3952 6144
211 574 514 585 m
520 575 1110 586 Ἥ
1120 575 3208 595 mm—

1172 816 2129 970 CLEMENTI
2186 818 2467 968 XII

973 1227 1849 1320 PONTIFICI
1958 1229 2656 1325 MAXIMO.

717 1985 1130 2047 Smcnssmn
1172 1989 1408 2058 Ρηειι,

282 2327 582 2390 Eximius
606 2325 712 2388 ille
759 2325 1150 2389 Christiana:
1175 2327 1507 2405 religionis
1535 2324 1825 2406 defensor
1849 2325 2173 2406 Origenes,
2207 2331 2384 2411 cujus
2413 2333 2667 2395 residua
2692 2348 2996 2419 quotquot
3018 2342 3293 2421 reperiri
3303 2361 3433 2424 po—

207 2436 470 2493 luerunt
495 2445 708 2507 opera,
743 2427 1098 2508 faventibus
1129 2429 1502 2490 Sanctitatis
1537 2432 1684 2492 Tute
1712 2429 2040 2508 auspiciis,
2076 2430 2144 2492 in
2175 2431 2372 2494 lucem
2398 2435 2744 2515 prodeunt,
2778 2442 2870 2502 sic
2900 2454 3235 2522 augustum
3275 2465 3432 2507 san-

203 2538 498 2606 ctumque
525 2530 790 2592 Romani
816 2530 1145 2609 Pontiﬁcis
1178 2548 1402 2590 nomen
1429 2531 1627 2593 coluit
1663 2551 1735 2593 ac
1789 2541 2118 2593 veneratus
2167 2545 2279 2606 est,
2319 2545 2392 2596 ut
2437 2542 2679 2604 caeteris
2725 2561 2852 2605 esse
2898 2554 3082 2623 queat
3122 2547 3417 2627 exemplo.

184 2632 476 2696 Noverat
503 2631 932 2710 apostolorum
966 2631 1044 2712 (a)
1076 2632 1432 2710 principem
1460 2640 1753 2694 teternam
1790 2633 1966 2696 illam
1996 2635 2347 2699 instituisse
2375 2640 2582 2702 Roma:
2609 2660 2680 2704 ac
2711 2646 3022 2723 sanguine
3060 2665 3171 2708 suo
3221 2667 3434 2709 conse-

184 2750 408 2794 crasse
439 2729 678 2805 Sedem,
709 2747 840 2808 qua:
868 2747 1111 2809 semper
1147 2731 1445 2790 haereseos
1475 2732 1686 2792 nescia
1718 2731 1828 2814 (b),
1876 2751 2117 2814 semper
2150 2737 2480 2817 religionis
2513 2752 2569 2802 et
2603 2742 2904 2806 Ecclesia:
2943 2757 3131 2826 caput
3168 2758 3278 2821 est,
3326 2769 3433 2811 ne-

182 2833 658 2910 cessariumque
709 2830 1046 2894 Catholica:
1091 2830 1360 2892 unitatis
1400 2840 1698 2892 centrum.
1750 2833 1916 2895 Hinc
1942 2833 2020 2917 (ο)
2100 2858 2133 2894 ct
2183 2840 2633 2917 antiquissima:
2673 2845 3092 2906 Romanorum
3135 2848 3432 2910 Ecclesia

184 2952 414 2997 coram
438 2931 720 2996 videndae
749 2941 924 2993 tanto
955 2930 1254 3012 ﬂagravit
1281 2929 1619 3006 desiderio,
1649 2953 1680 2988 ››
1717 2940 1790 2994 ut
1819 2932 2153 3012 quominus
2183 2935 2265 2996 ad
2293 2956 2421 2998 eam
2441 2983 2457 3010 ,
2493 2961 2524 2995 α
2557 2940 2942 3019 gubernante
2987 2947 3328 3025 Zephirino
3352 2993 3367 3024 ,
3401 2974 3427 3006 ιο

182 3035 553 3112 accederet,
583 3054 694 3097 nec
733 3034 1015 3097 locorum
1044 3031 1528 3112 intercapedine
1551 3076 1571 3109 ,
1608 3051 1721 3095 nec
1765 3035 2009 3097 recenti
2041 3037 2509 3117 quamplurium
2551 3051 2902 3122 martyrum
2948 3043 3106 3106 ccede
3147 3050 3429 3125 potuerit

179 3139 564 3202 absterreri.

265 3310 524 3387 Quanto
547 3317 753 3370 autem
786 3309 1178 3389 praeclarius,
1215 3308 1607 3370 sanctissime
1637 3307 1829 3370 Pater
1853 3355 1872 3386 ,
1907 3328 2048 3371 cum
2077 3309 2189 3373 illo
2230 3328 2398 3372 nunc
2427 3313 2681 3391 agitur,
2716 3311 2820 3373 cui
2847 3313 2914 3374 in
2947 3313 3060 3376 hac
3089 3332 3251 3376 nova
3275 3334 3425 3396 ope-

171 3431 338 3476 rum
367 3428 624 3472 suorum
663 3407 933 3470 editione
966 3409 1368 3472 reviviscenti
1422 3411 1651 3472 iterum
1688 3418 1782 3471 tot
1820 3409 2056 3490 elapsis
2090 3411 2338 3473 sceculis
2370 3410 2560 3472 datur
2590 3411 2856 3474 eamdem
2887 3414 3157 3478 omnium
3205 3417 3427 3477 Eccle-

170 3517 437 3577 siarum
476 3511 744 3573 Matrem
771 3509 1118 3570 Ecclesiam
1152 3510 1534 3589 conspicere,
1563 3527 1692 3570 non
1704 3509 1845 3590 jam
1870 3509 1986 3570 sub
2017 3510 2237 3572 acerbo
2265 3510 2628 3585 Caracallce,
2662 3513 2843 3592 impii
2881 3515 3178 3593 avarique
3231 3517 3425 3595 impe-

172 3616 466 3686 ratoris,
483 3613 644 3694 jugo
671 3621 1026 3691 gementem,
1060 3610 1170 3672 sed
1204 3612 1404 3673 laetam
1431 3631 1501 3674 ac
1549 3613 2058 3693 triumphantem,
2091 3631 2169 3674 ea:
2199 3630 2318 3692 quo
2353 3613 2707 3694 praesertim
2736 3632 2765 3674 e
2791 3616 3193 3694 perantiqua,
3240 3616 3426 3677 nobi-

171 3718 462 3790 lissima,
488 3714 898 3792 heroibusque
925 3712 1200 3794 fecunda
1238 3713 1650 3776 Corsinorum
1672 3715 1916 3793 familia
1941 3714 2172 3776 sortita
2198 3722 2289 3775 est
2301 3714 2642 3794 plaudente
2684 3715 2829 3775 orbe
2859 3715 3218 3777 Christiano
3245 3718 3428 3796 prin-

169 3823 421 3899 cipem,
461 3831 580 3894 quo
612 3814 818 3875 omnia
858 3812 1117 3893 fortiter
1144 3812 1538 3890 suaviterque
1581 3809 1954 3890 disponente
1994 3811 2158 3873 nihil
2199 3819 2290 3872 est
2328 3809 2494 3890 quod
2523 3810 2822 3892 felicitati
2855 3828 2984 3871 suae
3032 3811 3242 3874 deesse
3287 3835 3433 3876 con-

166 3929 526 4006 queratur.

260 4089 620 4171 Ecquando
657 4091 838 4165 enim,
871 4089 1220 4152 beatissime
1264 4089 1478 4164 Pater,
1511 4088 1803 4170 feliciora
1839 4105 1966 4148 esse
2006 4096 2229 4167 queant
2269 4089 2476 4149 Romae
2507 4097 2808 4166 tempora,
2843 4107 3025 4168 quam
3062 4109 3202 4151 cum
3243 4093 3431 4152 resti-

167 4194 416 4256 tuitur
446 4208 601 4250 cura
632 4200 741 4251 tua
765 4194 1051 4273 majestas
1085 4194 1309 4273 legum,
1349 4192 1757 4253 emendantur
1784 4209 2007 4267 mores,
2044 4209 2196 4251 suus
2230 4191 2458 4252 virtuti
2485 4191 2679 4252 honos
2708 4200 2974 4266 constat,
3008 4210 3268 4254 annona
3294 4194 3432 4272 ple-

161 4297 279 4360 bis
327 4292 577 4358 abunde
603 4293 984 4365 consulitur,
1017 4312 1222 4354 severe
1247 4295 1314 4354 in
1343 4295 1558 4355 aerarii
1588 4291 2058 4370 depeculatores
2086 4291 2641 4366 animadvertitur,
2670 4291 2956 4353 liberales
2978 4303 3432 4374 promoventur

64 4397 69 4403 ’
161 4407 391 4472 artes,
425 4404 483 4457 et
510 4394 774 4474 aediﬁcia
797 4395 1061 4475 publica
1089 4396 1180 4456 ita
1210 4393 1638 4472 muniﬁcentia
1669 4405 1777 4455 tua
1819 4413 1890 4455 ac
1935 4392 2318 4455 liberalitate
2355 4410 2496 4453 vere
2533 4393 2707 4470 regia
2736 4393 2832 4453 vel
2871 4394 3302 4472 perﬁciuntur
3334 4396 3432 4455 vel

158 4499 600 4580 reﬁciuntur,
633 4505 705 4556 ut
743 4497 812 4558 in
845 4494 1021 4558 nullo
1050 4499 1181 4576 fere
1211 4494 1686 4573 magnificentia:
1711 4513 1934 4574 genere
1961 4498 2156 4558 veteri
2185 4496 2391 4556 Roma
2424 4493 2725 4556 hodierna
2758 4494 2954 4554 Roma
2994 4496 3348 4556 concedat?

251 4659 486 4741 Neque
517 4678 688 4734 vero,
723 4679 860 4722 cum
888 4660 1358 4738 angustioribus
1395 4678 1582 4733 nunc,
1617 4663 1726 4741 qui
1758 4662 1906 4724 olim
1930 4661 2324 4741 amplissimi,
2373 4662 2666 4740 cingatur
2692 4659 2851 4723 ditio
2883 4660 3162 4722 Romana
3195 4663 3420 4724 limiti-

159 4768 325 4838 bus,
365 4765 451 4826 iis
485 4764 671 4824 etiam
716 4765 965 4824 animus
1015 4773 1160 4824 tuus
1216 4763 1435 4824 mundi
1477 4781 1682 4842 capax
1729 4765 2128 4838 continetur,
2167 4761 2273 4824 sed
2313 4779 2804 4842 quaquaversum
2847 4773 3106 4840 urgente
3155 4765 3426 4825 omnium

161 4868 633 4934 Ecclesiarum
662 4866 1089 4928 sollicitudine
1124 4867 1205 4927 ad
1232 4869 1514 4946 singulas
1547 4866 1896 4928 Christiani
1928 4866 2098 4928 orbis
2123 4875 2339 4946 partes
2371 4874 2478 4926 tua
2505 4883 2568 4924 se
2601 4861 2882 4925 extendit
2905 4863 3328 4943 providentia,
3369 4873 3426 4925 et

156 4973 293 5036 sub
333 4969 518 5030 alma:
553 4967 763 5042 Pacis,
790 4985 972 5047 quam
1001 4969 1168 5030 inter
1199 4968 1553 5030 Catholicos
1578 4967 1904 5046 principes
1935 4965 2188 5028 assidue
2211 4969 2404 5045 foves,
2429 4964 2790 5026 umbraculo
2827 4963 3178 5026 evelluntur
3201 4965 3426 5044 ubique

154 5075 504 5140 vitiorum
532 5071 791 5150 stirpes,
828 5079 1291 5149 componuntur
1321 5079 1547 5131 exorta
1579 5072 1648 5132 in
1674 5071 1979 5132 Ecclesiis
2025 5069 2312 5142 discidia,
2373 5067 2644 5129 debitum
2683 5069 3042 5146 apostolicae
3083 5065 3217 5128 sedi
3257 5084 3423 5146 prw—

152 5183 412 5241 statur
442 5171 819 5249 obsequium,
851 5190 966 5231 sua
1003 5173 1290 5250 gentibus
1313 5169 1418 5231 dat
1435 5171 1595 5251 jura
1622 5172 1877 5244 veritas,
1915 5171 2269 5250 Christique
2288 5171 2357 5231 in
2387 5170 2518 5231 dies
2553 5166 2890 5248 efflorescit
2918 5166 3268 5246 imperium.

257 5339 765 5418 Tottantisque,
795 5341 1184 5400 sanctissime
1215 5340 1433 5412 Pater,
1487 5340 1992 5402 Christianorum
2019 5338 2323 5417 Pontiﬁce
2344 5353 2484 5398 vere
2515 5333 2726 5415 dignis
2759 5333 3097 5415 impeditus
3127 5336 3324 5408 curis,
3356 5335 3429 5395 de

150 5437 646 5522 singulariillo
663 5455 779 5517 quo
803 5457 1068 5518 semper,
1100 5441 1236 5519 ipse
1265 5439 1686 5514 doctissimus,
1710 5441 2021 5502 litteratos
2040 5439 2212 5501 viros
2235 5444 2604 5518 persecutus
2623 5453 2685 5496 es
2713 5452 2919 5497 amore
2947 5433 3110 5498 nihil
3133 5435 3427 5496 remittis.

241 5665 335 5740 εδ)
369 5660 620 5740 ριιῖςθηη
647 5667 690 5714 ι.
719 5658 761 5713 ιι
803 5658 975 5740 .hujus
1005 5660 1312 5740 eqit.._pae-
1336 5663 1428 5740 9.4:

369 5695 1481 5808 £33221:_'§o}ici3§§"i.a°ﬁ12’iﬁffééﬁiis
1493 5731 1832 5802 generalibus
1851 5732 1981 5790 cleri
2006 5733 2290 5792 Gallicani.

245 5738 313 5808 ιι)
378 5737 629 5797 Bossuel,
660 5737 924 5785 concione
951 5737 1131 5787 habita
1167 5737 1219 5787 in
1248 5752 1258 5786 ε

245 5737 344 5880 (eg
384 5802 606 5867 Euseb.,
639 5801 734 5854 lib.
764 5798 1138 5874 v1Hist.,cap.
1171 5803 1258 5858 H.

481 5893 751 5955 Ριτιιοι..
771 5893 900 5954 ’Gn.
931 5891 1041 5955 XI.
2046 5893 2047 5896 “
2141 5979 2144 5983 ,
3119 5905 3152 5959 1

3875 3769 3952 4038 ’ἱῖ

3873 3937 3882 3988 ἓ
3919 3931 3932 3990 ἒ

3871 4059 3928 4138 πῖ

3871 4137 3938 4184 Ιξ·

3871 4185 3940 4248 5::
