  <div class='ocr_page' id='page_1' title='image "/cluster/home/n/w/nwhite01/storage/ocr_20150623/11/mdp.39015013266690/014.png"; bbox 0 0 3952 6144; ppageno 0'>
   <div class='ocr_carea' id='block_1_1' title="bbox 247 260 3465 321">
    <p class='ocr_par' dir='ltr' id='par_1_1' title="bbox 247 260 3465 321">
     <span class='ocr_line' id='line_1_1' title="bbox 247 260 3465 321; baseline -0.001 0"><span class='ocrx_word' id='word_1_1' title='bbox 247 264 314 321; x_wconf 73' lang='lat' dir='ltr'><strong>l5</strong></span> <span class='ocrx_word' id='word_1_2' title='bbox 1649 260 2033 318; x_wconf 69' lang='lat' dir='ltr'><strong>PRAEFATIO.</strong></span> <span class='ocrx_word' id='word_1_3' title='bbox 3401 263 3465 317; x_wconf 74' lang='grc' dir='ltr'><strong>ιι</strong></span> 
     </span>
    </p>
   </div>
   <div class='ocr_carea' id='block_1_2' title="bbox 276 420 632 434">
    <p class='ocr_par' dir='ltr' id='par_1_2' title="bbox 276 420 632 434">
     <span class='ocr_line' id='line_1_2' title="bbox 276 420 632 434; baseline -0.003 0"><span class='ocrx_word' id='word_1_4' title='bbox 276 420 632 434; x_wconf 58' lang='lat' dir='ltr'><strong>m—</strong></span> 
     </span>
    </p>
   </div>
   <div class='ocr_carea' id='block_1_3' title="bbox 2630 422 3464 439">
    <p class='ocr_par' dir='ltr' id='par_1_3' title="bbox 2630 422 3464 439">
     <span class='ocr_line' id='line_1_3' title="bbox 2630 422 3464 439; baseline 0.012 -15"><span class='ocrx_word' id='word_1_5' title='bbox 2630 422 2639 429; x_wconf 89' lang='lat'><em>_</em></span> <span class='ocrx_word' id='word_1_6' title='bbox 2760 423 2811 430; x_wconf 85' lang='lat'><strong>.__</strong></span> <span class='ocrx_word' id='word_1_7' title='bbox 2837 422 3374 436; x_wconf 47' lang='lat'><strong>_._4._.__._._-._.~.._.__</strong></span> <span class='ocrx_word' id='word_1_8' title='bbox 3416 432 3464 439; x_wconf 65' lang='grc'><strong>,-</strong></span> 
     </span>
    </p>
   </div>
   <div class='ocr_carea' id='block_1_4' title="bbox 1406 585 2285 712">
    <p class='ocr_par' dir='ltr' id='par_1_4' title="bbox 1406 585 2285 712">
     <span class='ocr_line' id='line_1_4' title="bbox 1406 585 2285 712; baseline -0.003 -2"><span class='ocrx_word' id='word_1_9' title='bbox 1406 585 2285 712; x_wconf 65' lang='grc' dir='ltr'><strong>ΡΒᾸΕΡΑΤΙΟ.</strong></span> 
     </span>
    </p>
   </div>
   <div class='ocr_carea' id='block_1_5' title="bbox 312 976 3472 1052">
    <p class='ocr_par' dir='ltr' id='par_1_5' title="bbox 312 976 3472 1052">
     <span class='ocr_line' id='line_1_5' title="bbox 312 976 3472 1052; baseline -0.003 -10"><span class='ocrx_word' id='word_1_10' title='bbox 312 985 455 1042; x_wconf 85' lang='lat' dir='ltr'><strong>Inter</strong></span> <span class='ocrx_word' id='word_1_11' title='bbox 495 995 707 1041; x_wconf 82' lang='lat' dir='ltr'><strong>veteres</strong></span> <span class='ocrx_word' id='word_1_12' title='bbox 737 984 990 1041; x_wconf 69' lang='lat' dir='ltr'><strong>Ecclesiae</strong></span> <span class='ocrx_word' id='word_1_13' title='bbox 1033 982 1235 1039; x_wconf 70' lang='lat' dir='ltr'><strong>Grmcte</strong></span> <span class='ocrx_word' id='word_1_14' title='bbox 1278 980 1572 1052; x_wconf 84' lang='lat' dir='ltr'><strong>scriptores</strong></span> <span class='ocrx_word' id='word_1_15' title='bbox 1620 978 1802 1034; x_wconf 89' lang='lat' dir='ltr'><strong>nullus</strong></span> <span class='ocrx_word' id='word_1_16' title='bbox 1832 983 1876 1038; x_wconf 81' lang='grc' dir='ltr'>Α</span> <span class='ocrx_word' id='word_1_17' title='bbox 1907 979 2129 1031; x_wconf 76' lang='lat' dir='ltr'><strong>relicum</strong></span> <span class='ocrx_word' id='word_1_18' title='bbox 2157 986 2205 1030; x_wconf 88' lang='lat' dir='ltr'><strong>et</strong></span> <span class='ocrx_word' id='word_1_19' title='bbox 2247 976 2638 1045; x_wconf 78' lang='lat' dir='ltr'><strong>corruptionem</strong></span> <span class='ocrx_word' id='word_1_20' title='bbox 2681 992 2742 1029; x_wconf 88' lang='lat' dir='ltr'><strong>ac</strong></span> <span class='ocrx_word' id='word_1_21' title='bbox 2782 978 3125 1045; x_wconf 75' lang='lat' dir='ltr'><strong>perditionem</strong></span> <span class='ocrx_word' id='word_1_22' title='bbox 3176 978 3472 1033; x_wconf 87' lang='lat' dir='ltr'><strong>animarum</strong></span> 
     </span>
    </p>
   </div>
   <div class='ocr_carea' id='block_1_6' title="bbox 244 1073 1807 1148">
    <p class='ocr_par' dir='ltr' id='par_1_6' title="bbox 244 1073 1807 1148">
     <span class='ocr_line' id='line_1_6' title="bbox 244 1073 1807 1148; baseline -0.005 -15"><span class='ocrx_word' id='word_1_23' title='bbox 244 1080 355 1135; x_wconf 79' lang='lat' dir='ltr'><strong>fere</strong></span> <span class='ocrx_word' id='word_1_24' title='bbox 389 1087 471 1134; x_wconf 85' lang='lat' dir='ltr'><strong>est</strong></span> <span class='ocrx_word' id='word_1_25' title='bbox 498 1078 593 1148; x_wconf 87' lang='lat' dir='ltr'><strong>qui</strong></span> <span class='ocrx_word' id='word_1_26' title='bbox 624 1080 691 1133; x_wconf 85' lang='lat' dir='ltr'><strong>de</strong></span> <span class='ocrx_word' id='word_1_27' title='bbox 716 1093 775 1133; x_wconf 90' lang='lat' dir='ltr'><strong>se</strong></span> <span class='ocrx_word' id='word_1_28' title='bbox 801 1087 1008 1131; x_wconf 87' lang='lat' dir='ltr'><strong>tantam</strong></span> <span class='ocrx_word' id='word_1_29' title='bbox 1042 1085 1301 1146; x_wconf 81' lang='lat' dir='ltr'><strong>quantam</strong></span> <span class='ocrx_word' id='word_1_30' title='bbox 1330 1074 1593 1144; x_wconf 80' lang='lat' dir='ltr'><strong>Origenes</strong></span> <span class='ocrx_word' id='word_1_31' title='bbox 1622 1073 1807 1126; x_wconf 87' lang='lat' dir='ltr'><strong>erudi-</strong></span> 
     </span>
    </p>
   </div>
   <div class='ocr_carea' id='block_1_7' title="bbox 245 1167 1806 1240">
    <p class='ocr_par' dir='ltr' id='par_1_7' title="bbox 245 1167 1806 1240">
     <span class='ocr_line' id='line_1_7' title="bbox 245 1167 1806 1240; baseline -0.002 -16"><span class='ocrx_word' id='word_1_32' title='bbox 245 1173 407 1226; x_wconf 87' lang='lat' dir='ltr'><strong>tionis</strong></span> <span class='ocrx_word' id='word_1_33' title='bbox 431 1171 630 1225; x_wconf 81' lang='lat' dir='ltr'><strong>fam-am</strong></span> <span class='ocrx_word' id='word_1_34' title='bbox 659 1171 941 1240; x_wconf 83' lang='lat' dir='ltr'><strong>reliquerit</strong></span> <span class='ocrx_word' id='word_1_35' title='bbox 967 1170 1105 1239; x_wconf 91' lang='lat' dir='ltr'><strong>apud</strong></span> <span class='ocrx_word' id='word_1_36' title='bbox 1134 1177 1398 1239; x_wconf 89' lang='lat' dir='ltr'><strong>posteros.</strong></span> <span class='ocrx_word' id='word_1_37' title='bbox 1424 1167 1505 1221; x_wconf 88' lang='lat' dir='ltr'><strong>Ad</strong></span> <span class='ocrx_word' id='word_1_38' title='bbox 1540 1169 1806 1221; x_wconf 88' lang='lat' dir='ltr'><strong>humanas</strong></span> 
     </span>
    </p>
   </div>
   <div class='ocr_carea' id='block_1_8' title="bbox 244 1257 1806 1331">
    <p class='ocr_par' dir='ltr' id='par_1_8' title="bbox 244 1257 1806 1331">
     <span class='ocr_line' id='line_1_8' title="bbox 244 1257 1806 1331; baseline -0.001 -18"><span class='ocrx_word' id='word_1_39' title='bbox 244 1258 558 1331; x_wconf 72' lang='lat' dir='ltr'><strong>disciplinas</strong></span> <span class='ocrx_word' id='word_1_40' title='bbox 592 1260 732 1329; x_wconf 89' lang='lat' dir='ltr'><strong>quod</strong></span> <span class='ocrx_word' id='word_1_41' title='bbox 778 1259 1000 1324; x_wconf 85' lang='lat' dir='ltr'><strong>attinet,</strong></span> <span class='ocrx_word' id='word_1_42' title='bbox 1049 1257 1400 1322; x_wconf 78' lang='lat' dir='ltr'><strong>dialecticam,</strong></span> <span class='ocrx_word' id='word_1_43' title='bbox 1448 1266 1586 1312; x_wconf 90' lang='lat' dir='ltr'><strong>teste</strong></span> <span class='ocrx_word' id='word_1_44' title='bbox 1617 1257 1806 1312; x_wconf 89' lang='lat' dir='ltr'><strong>lliero-</strong></span> 
     </span>
    </p>
   </div>
   <div class='ocr_carea' id='block_1_9' title="bbox 245 1347 1804 1421">
    <p class='ocr_par' dir='ltr' id='par_1_9' title="bbox 245 1347 1804 1421">
     <span class='ocr_line' id='line_1_9' title="bbox 245 1347 1804 1421; baseline -0.003 -18"><span class='ocrx_word' id='word_1_45' title='bbox 245 1366 409 1421; x_wconf 77' lang='lat' dir='ltr'><strong>nymo</strong></span> <span class='ocrx_word' id='word_1_46' title='bbox 465 1349 573 1421; x_wconf 87' lang='lat' dir='ltr'><strong>(a),</strong></span> <span class='ocrx_word' id='word_1_47' title='bbox 629 1349 999 1419; x_wconf 82' lang='lat' dir='ltr'><strong>geometriam,</strong></span> <span class='ocrx_word' id='word_1_48' title='bbox 1052 1347 1469 1413; x_wconf 81' lang='lat' dir='ltr'><strong>arithmeticam,</strong></span> <span class='ocrx_word' id='word_1_49' title='bbox 1518 1349 1804 1412; x_wconf 85' lang='lat' dir='ltr'><strong>musicam,</strong></span> 
     </span>
    </p>
   </div>
   <div class='ocr_carea' id='block_1_10' title="bbox 240 1439 1809 1510">
    <p class='ocr_par' dir='ltr' id='par_1_10' title="bbox 240 1439 1809 1510">
     <span class='ocr_line' id='line_1_10' title="bbox 240 1439 1809 1510; baseline -0.001 -18"><span class='ocrx_word' id='word_1_50' title='bbox 240 1442 674 1510; x_wconf 79' lang='lat' dir='ltr'><strong>grammaticam,</strong></span> <span class='ocrx_word' id='word_1_51' title='bbox 718 1439 1051 1503; x_wconf 80' lang='lat' dir='ltr'><strong>rhetoricam,</strong></span> <span class='ocrx_word' id='word_1_52' title='bbox 1105 1440 1440 1509; x_wconf 89' lang='lat' dir='ltr'><strong>omniumque</strong></span> <span class='ocrx_word' id='word_1_53' title='bbox 1481 1440 1809 1509; x_wconf 84' lang='lat' dir='ltr'><strong>philosopr-</strong></span> 
     </span>
    </p>
   </div>
   <div class='ocr_carea' id='block_1_11' title="bbox 246 1532 1806 1604">
    <p class='ocr_par' dir='ltr' id='par_1_11' title="bbox 246 1532 1806 1604">
     <span class='ocr_line' id='line_1_11' title="bbox 246 1532 1806 1604; baseline 0.004 -21"><span class='ocrx_word' id='word_1_54' title='bbox 246 1548 365 1585; x_wconf 89' lang='lat' dir='ltr'><strong>rum</strong></span> <span class='ocrx_word' id='word_1_55' title='bbox 399 1541 567 1586; x_wconf 90' lang='lat' dir='ltr'><strong>sectas</strong></span> <span class='ocrx_word' id='word_1_56' title='bbox 595 1534 669 1586; x_wconf 88' lang='lat' dir='ltr'><strong>ita</strong></span> <span class='ocrx_word' id='word_1_57' title='bbox 705 1532 913 1599; x_wconf 81' lang='lat' dir='ltr'><strong>didicit,</strong></span> <span class='ocrx_word' id='word_1_58' title='bbox 945 1544 1002 1585; x_wconf 90' lang='lat' dir='ltr'><strong>ut</strong></span> <span class='ocrx_word' id='word_1_59' title='bbox 1033 1534 1293 1587; x_wconf 77' lang='lat' dir='ltr'><strong>studiosos</strong></span> <span class='ocrx_word' id='word_1_60' title='bbox 1322 1550 1554 1604; x_wconf 85' lang='lat' dir='ltr'><strong>quosque</strong></span> <span class='ocrx_word' id='word_1_61' title='bbox 1582 1535 1806 1589; x_wconf 77' lang='lat' dir='ltr'><strong>swcula—</strong></span> 
     </span>
    </p>
   </div>
   <div class='ocr_carea' id='block_1_12' title="bbox 245 1621 1811 1696">
    <p class='ocr_par' dir='ltr' id='par_1_12' title="bbox 245 1621 1811 1696">
     <span class='ocr_line' id='line_1_12' title="bbox 245 1621 1811 1696; baseline 0.005 -24"><span class='ocrx_word' id='word_1_62' title='bbox 245 1622 384 1674; x_wconf 86' lang='lat' dir='ltr'><strong>rium</strong></span> <span class='ocrx_word' id='word_1_63' title='bbox 412 1622 705 1676; x_wconf 86' lang='lat' dir='ltr'><strong>litterarum</strong></span> <span class='ocrx_word' id='word_1_64' title='bbox 738 1631 1013 1677; x_wconf 73' lang='lat' dir='ltr'><strong>sectatores</strong></span> <span class='ocrx_word' id='word_1_65' title='bbox 1050 1621 1280 1678; x_wconf 85' lang='lat' dir='ltr'><strong>haberet.</strong></span> <span class='ocrx_word' id='word_1_66' title='bbox 1303 1622 1608 1689; x_wconf 75' lang='lat' dir='ltr'><strong>chularis,</strong></span> <span class='ocrx_word' id='word_1_67' title='bbox 1638 1626 1811 1696; x_wconf 87' lang='lat' dir='ltr'><strong>inquit</strong></span> 
     </span>
    </p>
   </div>
   <div class='ocr_carea' id='block_1_13' title="bbox 246 1712 1811 1789">
    <p class='ocr_par' dir='ltr' id='par_1_13' title="bbox 246 1712 1811 1789">
     <span class='ocr_line' id='line_1_13' title="bbox 246 1712 1811 1789; baseline 0.004 -24"><span class='ocrx_word' id='word_1_68' title='bbox 246 1712 511 1768; x_wconf 86' lang='lat' dir='ltr'><strong>Eusebius</strong></span> <span class='ocrx_word' id='word_1_69' title='bbox 553 1714 646 1784; x_wconf 87' lang='lat' dir='ltr'><strong>(b),</strong></span> <span class='ocrx_word' id='word_1_70' title='bbox 684 1714 996 1789; x_wconf 75' lang='lat' dir='ltr'><strong>litteratura:</strong></span> <span class='ocrx_word' id='word_1_71' title='bbox 1037 1722 1088 1767; x_wconf 90' lang='lat' dir='ltr'><strong>et</strong></span> <span class='ocrx_word' id='word_1_72' title='bbox 1118 1714 1458 1782; x_wconf 75' lang='lat' dir='ltr'><strong>philosophice</strong></span> <span class='ocrx_word' id='word_1_73' title='bbox 1490 1716 1671 1769; x_wconf 87' lang='lat' dir='ltr'><strong>studia</strong></span> <span class='ocrx_word' id='word_1_74' title='bbox 1711 1718 1811 1771; x_wconf 90' lang='lat' dir='ltr'><strong>sibi</strong></span> 
     </span>
    </p>
   </div>
   <div class='ocr_carea' id='block_1_14' title="bbox 247 1803 1809 1876">
    <p class='ocr_par' dir='ltr' id='par_1_14' title="bbox 247 1803 1809 1876">
     <span class='ocr_line' id='line_1_14' title="bbox 247 1803 1809 1876; baseline 0.004 -22"><span class='ocrx_word' id='word_1_75' title='bbox 247 1803 507 1871; x_wconf 84' lang='lat' dir='ltr'><strong>imprimis</strong></span> <span class='ocrx_word' id='word_1_76' title='bbox 537 1806 831 1858; x_wconf 87' lang='lat' dir='ltr'><strong>necessaria</strong></span> <span class='ocrx_word' id='word_1_77' title='bbox 861 1821 971 1859; x_wconf 88' lang='lat' dir='ltr'><strong>esse</strong></span> <span class='ocrx_word' id='word_1_78' title='bbox 999 1807 1330 1859; x_wconf 71' lang='lat' dir='ltr'><strong>existimavit.</strong></span> <span class='ocrx_word' id='word_1_79' title='bbox 1362 1805 1626 1871; x_wconf 82' lang='lat' dir='ltr'><strong>Quantum</strong></span> <span class='ocrx_word' id='word_1_80' title='bbox 1650 1824 1809 1876; x_wconf 88' lang='lat' dir='ltr'><strong>porro</strong></span> 
     </span>
    </p>
   </div>
   <div class='ocr_carea' id='block_1_15' title="bbox 244 1894 1807 1968">
    <p class='ocr_par' dir='ltr' id='par_1_15' title="bbox 244 1894 1807 1968">
     <span class='ocr_line' id='line_1_15' title="bbox 244 1894 1807 1968; baseline 0.004 -22"><span class='ocrx_word' id='word_1_81' title='bbox 244 1894 305 1946; x_wconf 89' lang='lat' dir='ltr'><strong>in</strong></span> <span class='ocrx_word' id='word_1_82' title='bbox 344 1895 411 1947; x_wconf 88' lang='lat' dir='ltr'><strong>iis</strong></span> <span class='ocrx_word' id='word_1_83' title='bbox 451 1896 636 1948; x_wconf 88' lang='lat' dir='ltr'><strong>studiis</strong></span> <span class='ocrx_word' id='word_1_84' title='bbox 666 1896 987 1962; x_wconf 71' lang='lat' dir='ltr'><strong>excelluerit,</strong></span> <span class='ocrx_word' id='word_1_85' title='bbox 1038 1909 1189 1953; x_wconf 82' lang='lat' dir='ltr'><strong>testes</strong></span> <span class='ocrx_word' id='word_1_86' title='bbox 1223 1908 1341 1952; x_wconf 86' lang='lat' dir='ltr'><strong>sunt</strong></span> <span class='ocrx_word' id='word_1_87' title='bbox 1385 1899 1483 1966; x_wconf 90' lang='lat' dir='ltr'><strong>ipsi</strong></span> <span class='ocrx_word' id='word_1_88' title='bbox 1537 1899 1807 1968; x_wconf 82' lang='lat' dir='ltr'><strong>gentilium</strong></span> 
     </span>
    </p>
   </div>
   <div class='ocr_carea' id='block_1_16' title="bbox 245 1972 1811 2060">
    <p class='ocr_par' dir='ltr' id='par_1_16' title="bbox 245 1972 1811 2060">
     <span class='ocr_line' id='line_1_16' title="bbox 245 1972 1811 2060; baseline 0.004 -23"><span class='ocrx_word' id='word_1_89' title='bbox 245 1984 562 2054; x_wconf 84' lang='lat' dir='ltr'><strong>philosophi,</strong></span> <span class='ocrx_word' id='word_1_90' title='bbox 594 1988 681 2057; x_wconf 86' lang='lat' dir='ltr'><strong>qui</strong></span> <span class='ocrx_word' id='word_1_91' title='bbox 712 1972 823 2055; x_wconf 80' lang='lat' dir='ltr'><strong>ejus</strong></span> <span class='ocrx_word' id='word_1_92' title='bbox 853 1999 1005 2043; x_wconf 62' lang='lat' dir='ltr'><strong>artata</strong></span> <span class='ocrx_word' id='word_1_93' title='bbox 1047 1991 1364 2059; x_wconf 72' lang='lat' dir='ltr'><strong>floruerunt,</strong></span> <span class='ocrx_word' id='word_1_94' title='bbox 1412 2006 1633 2060; x_wconf 84' lang='lat' dir='ltr'><strong>quarunt</strong></span> <span class='ocrx_word' id='word_1_95' title='bbox 1662 1990 1717 2043; x_wconf 73' lang='lat' dir='ltr'><strong>in</strong></span> <span class='ocrx_word' id='word_1_96' title='bbox 1746 1990 1811 2043; x_wconf 85' lang='lat' dir='ltr'><strong>li-</strong></span> 
     </span>
    </p>
   </div>
   <div class='ocr_carea' id='block_1_17' title="bbox 246 2077 1810 2150">
    <p class='ocr_par' dir='ltr' id='par_1_17' title="bbox 246 2077 1810 2150">
     <span class='ocr_line' id='line_1_17' title="bbox 246 2077 1810 2150; baseline 0.004 -21"><span class='ocrx_word' id='word_1_97' title='bbox 246 2078 356 2130; x_wconf 88' lang='lat' dir='ltr'><strong>bris</strong></span> <span class='ocrx_word' id='word_1_98' title='bbox 390 2077 622 2130; x_wconf 88' lang='lat' dir='ltr'><strong>crebram</strong></span> <span class='ocrx_word' id='word_1_99' title='bbox 651 2078 810 2147; x_wconf 86' lang='lat' dir='ltr'><strong>hujus</strong></span> <span class='ocrx_word' id='word_1_100' title='bbox 850 2081 944 2133; x_wconf 85' lang='lat' dir='ltr'><strong>viri</strong></span> <span class='ocrx_word' id='word_1_101' title='bbox 974 2080 1285 2134; x_wconf 79' lang='lat' dir='ltr'><strong>mentionem</strong></span> <span class='ocrx_word' id='word_1_102' title='bbox 1314 2082 1431 2150; x_wconf 81' lang='lat' dir='ltr'><strong>ﬁeri</strong></span> <span class='ocrx_word' id='word_1_103' title='bbox 1468 2083 1810 2147; x_wconf 84' lang='lat' dir='ltr'><strong>deprehendi-</strong></span> 
     </span>
    </p>
   </div>
   <div class='ocr_carea' id='block_1_18' title="bbox 245 2162 1811 2240">
    <p class='ocr_par' dir='ltr' id='par_1_18' title="bbox 245 2162 1811 2240">
     <span class='ocr_line' id='line_1_18' title="bbox 245 2162 1811 2240; baseline 0.005 -21"><span class='ocrx_word' id='word_1_104' title='bbox 245 2185 384 2233; x_wconf 86' lang='lat' dir='ltr'><strong>mus,</strong></span> <span class='ocrx_word' id='word_1_105' title='bbox 423 2168 546 2220; x_wconf 90' lang='lat' dir='ltr'><strong>dum</strong></span> <span class='ocrx_word' id='word_1_106' title='bbox 575 2168 653 2222; x_wconf 77' lang='lat' dir='ltr'><strong>vel</strong></span> <span class='ocrx_word' id='word_1_107' title='bbox 679 2162 918 2240; x_wconf 75' lang='lat' dir='ltr'><strong>proprios</strong></span> <span class='ocrx_word' id='word_1_108' title='bbox 946 2170 1108 2225; x_wconf 88' lang='lat' dir='ltr'><strong>libros</strong></span> <span class='ocrx_word' id='word_1_109' title='bbox 1147 2172 1196 2226; x_wconf 89' lang='lat' dir='ltr'><strong>ei</strong></span> <span class='ocrx_word' id='word_1_110' title='bbox 1227 2183 1551 2240; x_wconf 81' lang='lat' dir='ltr'><strong>nuncupant,</strong></span> <span class='ocrx_word' id='word_1_111' title='bbox 1584 2174 1664 2228; x_wconf 77' lang='lat' dir='ltr'><strong>uel</strong></span> <span class='ocrx_word' id='word_1_112' title='bbox 1695 2191 1811 2227; x_wconf 88' lang='lat' dir='ltr'><strong>eos-</strong></span> 
     </span>
    </p>
   </div>
   <div class='ocr_carea' id='block_1_19' title="bbox 243 2258 1813 2334">
    <p class='ocr_par' dir='ltr' id='par_1_19' title="bbox 243 2258 1813 2334">
     <span class='ocr_line' id='line_1_19' title="bbox 243 2258 1813 2334; baseline 0.004 -23"><span class='ocrx_word' id='word_1_113' title='bbox 243 2258 363 2311; x_wconf 88' lang='lat' dir='ltr'><strong>dem</strong></span> <span class='ocrx_word' id='word_1_114' title='bbox 408 2261 785 2314; x_wconf 71' lang='lat' dir='ltr'><strong>examinandos</strong></span> <span class='ocrx_word' id='word_1_115' title='bbox 822 2272 1069 2331; x_wconf 87' lang='lat' dir='ltr'><strong>tanquam</strong></span> <span class='ocrx_word' id='word_1_116' title='bbox 1101 2264 1169 2317; x_wconf 88' lang='lat' dir='ltr'><strong>ad</strong></span> <span class='ocrx_word' id='word_1_117' title='bbox 1200 2265 1510 2334; x_wconf 88' lang='lat' dir='ltr'><strong>magistrum</strong></span> <span class='ocrx_word' id='word_1_118' title='bbox 1545 2282 1695 2319; x_wconf 87' lang='lat' dir='ltr'><strong>suum</strong></span> <span class='ocrx_word' id='word_1_119' title='bbox 1730 2267 1813 2318; x_wconf 87' lang='lat' dir='ltr'><strong>di-</strong></span> 
     </span>
    </p>
   </div>
   <div class='ocr_carea' id='block_1_20' title="bbox 1912 1065 3528 1142">
    <p class='ocr_par' dir='ltr' id='par_1_20' title="bbox 1912 1065 3528 1142">
     <span class='ocr_line' id='line_1_20' title="bbox 1912 1065 3528 1142; baseline 0.003 -20"><span class='ocrx_word' id='word_1_120' title='bbox 1912 1068 2224 1130; x_wconf 86' lang='lat' dir='ltr'><strong>traducunt,</strong></span> <span class='ocrx_word' id='word_1_121' title='bbox 2270 1066 2359 1120; x_wconf 90' lang='lat' dir='ltr'><strong>alii</strong></span> <span class='ocrx_word' id='word_1_122' title='bbox 2393 1065 2719 1120; x_wconf 85' lang='lat' dir='ltr'><strong>doctissimis</strong></span> <span class='ocrx_word' id='word_1_123' title='bbox 2759 1066 3052 1121; x_wconf 81' lang='lat' dir='ltr'><strong>defendunt</strong></span> <span class='ocrx_word' id='word_1_124' title='bbox 3093 1069 3384 1142; x_wconf 74' lang='lat' dir='ltr'><strong>apologiis,</strong></span> <span class='ocrx_word' id='word_1_125' title='bbox 3416 1079 3473 1127; x_wconf 87' lang='lat' dir='ltr'><strong>et</strong></span> <span class='ocrx_word' id='word_1_126' title='bbox 3522 1100 3528 1110; x_wconf 92' lang='lat'><strong>-</strong></span> 
     </span>
    </p>
   </div>
   <div class='ocr_carea' id='block_1_21' title="bbox 1908 1156 3468 1231">
    <p class='ocr_par' dir='ltr' id='par_1_21' title="bbox 1908 1156 3468 1231">
     <span class='ocr_line' id='line_1_21' title="bbox 1908 1156 3468 1231; baseline 0.002 -18"><span class='ocrx_word' id='word_1_127' title='bbox 1908 1160 2195 1214; x_wconf 83' lang='lat' dir='ltr'><strong>secundum</strong></span> <span class='ocrx_word' id='word_1_128' title='bbox 2251 1169 2364 1227; x_wconf 89' lang='lat' dir='ltr'><strong>post</strong></span> <span class='ocrx_word' id='word_1_129' title='bbox 2426 1158 2687 1229; x_wconf 79' lang='lat' dir='ltr'><strong>apostolos</strong></span> <span class='ocrx_word' id='word_1_130' title='bbox 2740 1156 3101 1213; x_wconf 86' lang='lat' dir='ltr'><strong>Ecclesiarum</strong></span> <span class='ocrx_word' id='word_1_131' title='bbox 3163 1164 3468 1231; x_wconf 88' lang='lat' dir='ltr'><strong>magistrum</strong></span> 
     </span>
    </p>
   </div>
   <div class='ocr_carea' id='block_1_22' title="bbox 1910 1244 3478 1321">
    <p class='ocr_par' dir='ltr' id='par_1_22' title="bbox 1910 1244 3478 1321">
     <span class='ocr_line' id='line_1_22' title="bbox 1910 1244 3478 1321; baseline 0.001 -15"><span class='ocrx_word' id='word_1_132' title='bbox 1910 1259 2247 1318; x_wconf 85' lang='lat' dir='ltr'><strong>nuncupant.</strong></span> <span class='ocrx_word' id='word_1_133' title='bbox 2276 1248 2472 1304; x_wconf 86' lang='lat' dir='ltr'><strong>Libros</strong></span> <span class='ocrx_word' id='word_1_134' title='bbox 2497 1249 2612 1318; x_wconf 88' lang='lat' dir='ltr'><strong>ejus</strong></span> <span class='ocrx_word' id='word_1_135' title='bbox 2640 1248 2999 1319; x_wconf 87' lang='lat' dir='ltr'><strong>undequaque</strong></span> <span class='ocrx_word' id='word_1_136' title='bbox 3033 1254 3390 1321; x_wconf 87' lang='lat' dir='ltr'><strong>conquisitos.</strong></span> <span class='ocrx_word' id='word_1_137' title='bbox 3419 1244 3478 1309; x_wconf 65' lang='lat' dir='ltr'><strong>ei</strong></span> 
     </span>
    </p>
   </div>
   <div class='ocr_carea' id='block_1_23' title="bbox 1910 1340 3476 1411">
    <p class='ocr_par' dir='ltr' id='par_1_23' title="bbox 1910 1340 3476 1411">
     <span class='ocr_line' id='line_1_23' title="bbox 1910 1340 3476 1411; baseline 0.005 -18"><span class='ocrx_word' id='word_1_138' title='bbox 1910 1342 2201 1394; x_wconf 81' lang='lat' dir='ltr'><strong>maximam</strong></span> <span class='ocrx_word' id='word_1_139' title='bbox 2254 1348 2460 1407; x_wconf 87' lang='lat' dir='ltr'><strong>partem</strong></span> <span class='ocrx_word' id='word_1_140' title='bbox 2517 1354 2676 1392; x_wconf 87' lang='lat' dir='ltr'><strong>manu</strong></span> <span class='ocrx_word' id='word_1_141' title='bbox 2732 1355 2825 1395; x_wconf 90' lang='lat' dir='ltr'><strong>sua</strong></span> <span class='ocrx_word' id='word_1_142' title='bbox 2860 1340 3163 1411; x_wconf 85' lang='lat' dir='ltr'><strong>descriptos</strong></span> <span class='ocrx_word' id='word_1_143' title='bbox 3219 1344 3476 1401; x_wconf 68' lang='lat' dir='ltr'><strong>Ecclesiae</strong></span> 
     </span>
    </p>
   </div>
   <div class='ocr_carea' id='block_1_24' title="bbox 1910 1430 3477 1505">
    <p class='ocr_par' dir='ltr' id='par_1_24' title="bbox 1910 1430 3477 1505">
     <span class='ocr_line' id='line_1_24' title="bbox 1910 1430 3477 1505; baseline 0.003 -18"><span class='ocrx_word' id='word_1_144' title='bbox 1910 1430 2241 1487; x_wconf 70' lang='lat' dir='ltr'><strong>Cmsareensi</strong></span> <span class='ocrx_word' id='word_1_145' title='bbox 2287 1431 2506 1485; x_wconf 87' lang='lat' dir='ltr'><strong>dedicat</strong></span> <span class='ocrx_word' id='word_1_146' title='bbox 2561 1430 2876 1502; x_wconf 88' lang='lat' dir='ltr'><strong>Pamphilus</strong></span> <span class='ocrx_word' id='word_1_147' title='bbox 2929 1442 3139 1503; x_wconf 85' lang='lat' dir='ltr'><strong>martyr</strong></span> <span class='ocrx_word' id='word_1_148' title='bbox 3192 1436 3304 1505; x_wconf 87' lang='lat' dir='ltr'><strong>(g);</strong></span> <span class='ocrx_word' id='word_1_149' title='bbox 3349 1452 3477 1492; x_wconf 84' lang='lat' dir='ltr'><strong>ecce</strong></span> 
     </span>
    </p>
   </div>
   <div class='ocr_carea' id='block_1_25' title="bbox 1910 1523 3477 1597">
    <p class='ocr_par' dir='ltr' id='par_1_25' title="bbox 1910 1523 3477 1597">
     <span class='ocr_line' id='line_1_25' title="bbox 1910 1523 3477 1597; baseline 0.004 -19"><span class='ocrx_word' id='word_1_150' title='bbox 1910 1534 2090 1578; x_wconf 89' lang='lat' dir='ltr'><strong>autem</strong></span> <span class='ocrx_word' id='word_1_151' title='bbox 2131 1523 2434 1579; x_wconf 81' lang='lat' dir='ltr'><strong>Methodius</strong></span> <span class='ocrx_word' id='word_1_152' title='bbox 2483 1534 2537 1578; x_wconf 92' lang='lat' dir='ltr'><strong>et</strong></span> <span class='ocrx_word' id='word_1_153' title='bbox 2580 1523 2899 1580; x_wconf 86' lang='lat' dir='ltr'><strong>Eustathius</strong></span> <span class='ocrx_word' id='word_1_154' title='bbox 2960 1537 3228 1597; x_wconf 82' lang='lat' dir='ltr'><strong>martyres</strong></span> <span class='ocrx_word' id='word_1_155' title='bbox 3278 1528 3332 1581; x_wconf 92' lang='lat' dir='ltr'><strong>in</strong></span> <span class='ocrx_word' id='word_1_156' title='bbox 3382 1544 3477 1585; x_wconf 85' lang='lat' dir='ltr'><strong>eos</strong></span> 
     </span>
    </p>
   </div>
   <div class='ocr_carea' id='block_1_26' title="bbox 1912 1615 3473 1689">
    <p class='ocr_par' dir='ltr' id='par_1_26' title="bbox 1912 1615 3473 1689">
     <span class='ocr_line' id='line_1_26' title="bbox 1912 1615 3473 1689; baseline 0.006 -20"><span class='ocrx_word' id='word_1_157' title='bbox 1912 1616 2111 1670; x_wconf 88' lang='lat' dir='ltr'><strong>acriter</strong></span> <span class='ocrx_word' id='word_1_158' title='bbox 2158 1616 2485 1686; x_wconf 81' lang='lat' dir='ltr'><strong>insurgunt,</strong></span> <span class='ocrx_word' id='word_1_159' title='bbox 2531 1615 2966 1689; x_wconf 88' lang='lat' dir='ltr'><strong>Pachomiusque</strong></span> <span class='ocrx_word' id='word_1_160' title='bbox 3014 1623 3205 1689; x_wconf 84' lang='lat' dir='ltr'><strong>abbas,</strong></span> <span class='ocrx_word' id='word_1_161' title='bbox 3242 1635 3473 1680; x_wconf 87' lang='lat' dir='ltr'><strong>mortem</strong></span> 
     </span>
    </p>
   </div>
   <div class='ocr_carea' id='block_1_27' title="bbox 1908 1708 3477 1776">
    <p class='ocr_par' dir='ltr' id='par_1_27' title="bbox 1908 1708 3477 1776">
     <span class='ocr_line' id='line_1_27' title="bbox 1908 1708 3477 1776; baseline 0.009 -15"><span class='ocrx_word' id='word_1_162' title='bbox 1908 1708 2017 1775; x_wconf 90' lang='lat' dir='ltr'><strong>jam</strong></span> <span class='ocrx_word' id='word_1_163' title='bbox 2066 1708 2338 1776; x_wconf 85' lang='lat' dir='ltr'><strong>obiturus,</strong></span> <span class='ocrx_word' id='word_1_164' title='bbox 2380 1711 2677 1766; x_wconf 87' lang='lat' dir='ltr'><strong>monachos</strong></span> <span class='ocrx_word' id='word_1_165' title='bbox 2720 1726 2849 1770; x_wconf 89' lang='lat' dir='ltr'><strong>suos</strong></span> <span class='ocrx_word' id='word_1_166' title='bbox 2896 1716 2964 1769; x_wconf 90' lang='lat' dir='ltr'><strong>ab</strong></span> <span class='ocrx_word' id='word_1_167' title='bbox 3002 1731 3190 1772; x_wconf 85' lang='lat' dir='ltr'><strong>eorum</strong></span> <span class='ocrx_word' id='word_1_168' title='bbox 3243 1717 3477 1775; x_wconf 88' lang='lat' dir='ltr'><strong>lectione</strong></span> 
     </span>
    </p>
   </div>
   <div class='ocr_carea' id='block_1_28' title="bbox 1914 1801 3471 1874">
    <p class='ocr_par' dir='ltr' id='par_1_28' title="bbox 1914 1801 3471 1874">
     <span class='ocr_line' id='line_1_28' title="bbox 1914 1801 3471 1874; baseline 0.007 -20"><span class='ocrx_word' id='word_1_169' title='bbox 1914 1801 2253 1872; x_wconf 78' lang='lat' dir='ltr'><strong>gravissimis</strong></span> <span class='ocrx_word' id='word_1_170' title='bbox 2301 1801 2482 1858; x_wconf 82' lang='lat' dir='ltr'><strong>verbis</strong></span> <span class='ocrx_word' id='word_1_171' title='bbox 2535 1805 2809 1873; x_wconf 87' lang='lat' dir='ltr'><strong>prohibet.</strong></span> <span class='ocrx_word' id='word_1_172' title='bbox 2855 1807 2993 1874; x_wconf 85' lang='lat' dir='ltr'><strong>Quid</strong></span> <span class='ocrx_word' id='word_1_173' title='bbox 3040 1825 3147 1864; x_wconf 92' lang='lat' dir='ltr'><strong>non</strong></span> <span class='ocrx_word' id='word_1_174' title='bbox 3206 1810 3399 1867; x_wconf 88' lang='lat' dir='ltr'><strong>deinde</strong></span> <span class='ocrx_word' id='word_1_175' title='bbox 3443 1829 3471 1865; x_wconf 88' lang='lat' dir='ltr'><strong>a</strong></span> 
     </span>
    </p>
   </div>
   <div class='ocr_carea' id='block_1_29' title="bbox 1914 1895 3470 1970">
    <p class='ocr_par' dir='ltr' id='par_1_29' title="bbox 1914 1895 3470 1970">
     <span class='ocr_line' id='line_1_29' title="bbox 1914 1895 3470 1970; baseline 0.007 -21"><span class='ocrx_word' id='word_1_176' title='bbox 1914 1895 2239 1967; x_wconf 77' lang='lat' dir='ltr'><strong>Theophilo,</strong></span> <span class='ocrx_word' id='word_1_177' title='bbox 2265 1898 2584 1968; x_wconf 88' lang='lat' dir='ltr'><strong>Epiphanio,</strong></span> <span class='ocrx_word' id='word_1_178' title='bbox 2616 1898 2850 1955; x_wconf 84' lang='lat' dir='ltr'><strong>Honorio</strong></span> <span class='ocrx_word' id='word_1_179' title='bbox 2881 1912 2937 1956; x_wconf 87' lang='lat' dir='ltr'><strong>et</strong></span> <span class='ocrx_word' id='word_1_180' title='bbox 2966 1904 3220 1970; x_wconf 80' lang='lat' dir='ltr'><strong>Arcadio,</strong></span> <span class='ocrx_word' id='word_1_181' title='bbox 3260 1922 3470 1960; x_wconf 84' lang='lat' dir='ltr'><strong>necnon</strong></span> 
     </span>
    </p>
   </div>
   <div class='ocr_carea' id='block_1_30' title="bbox 1911 1986 3473 2052">
    <p class='ocr_par' dir='ltr' id='par_1_30' title="bbox 1911 1986 3473 2052">
     <span class='ocr_line' id='line_1_30' title="bbox 1911 1986 3473 2052; baseline 0.006 -11"><span class='ocrx_word' id='word_1_182' title='bbox 1911 1986 2219 2042; x_wconf 86' lang='lat' dir='ltr'><strong>Justiniano</strong></span> <span class='ocrx_word' id='word_1_183' title='bbox 2257 1997 2543 2052; x_wconf 86' lang='lat' dir='ltr'><strong>tentatum,</strong></span> <span class='ocrx_word' id='word_1_184' title='bbox 2592 1990 2833 2044; x_wconf 90' lang='lat' dir='ltr'><strong>omnium</strong></span> <span class='ocrx_word' id='word_1_185' title='bbox 2870 1991 2937 2045; x_wconf 91' lang='lat' dir='ltr'><strong>de</strong></span> <span class='ocrx_word' id='word_1_186' title='bbox 2980 1995 3229 2049; x_wconf 89' lang='lat' dir='ltr'><strong>manibus</strong></span> <span class='ocrx_word' id='word_1_187' title='bbox 3266 1997 3298 2049; x_wconf 92' lang='lat' dir='ltr'><strong>ii</strong></span> <span class='ocrx_word' id='word_1_188' title='bbox 3349 1997 3473 2051; x_wconf 88' lang='lat' dir='ltr'><strong>libri</strong></span> 
     </span>
    </p>
   </div>
   <div class='ocr_carea' id='block_1_31' title="bbox 1914 2068 3478 2159">
    <p class='ocr_par' dir='ltr' id='par_1_31' title="bbox 1914 2068 3478 2159">
     <span class='ocr_line' id='line_1_31' title="bbox 1914 2068 3478 2159; baseline 0.009 -30"><span class='ocrx_word' id='word_1_189' title='bbox 1914 2084 1974 2129; x_wconf 90' lang='lat' dir='ltr'><strong>ut</strong></span> <span class='ocrx_word' id='word_1_190' title='bbox 2002 2068 2405 2143; x_wconf 67' lang='lat' dir='ltr'><strong>eicuterentur,</strong></span> <span class='ocrx_word' id='word_1_191' title='bbox 2452 2076 2659 2159; x_wconf 80' lang='lat' dir='ltr'><strong>interea</strong></span> <span class='ocrx_word' id='word_1_192' title='bbox 2702 2080 2826 2134; x_wconf 90' lang='lat' dir='ltr'><strong>dum</strong></span> <span class='ocrx_word' id='word_1_193' title='bbox 2870 2082 3086 2137; x_wconf 82' lang='lat' dir='ltr'><strong>stabant</strong></span> <span class='ocrx_word' id='word_1_194' title='bbox 3123 2087 3189 2139; x_wconf 91' lang='lat' dir='ltr'><strong>ab</strong></span> <span class='ocrx_word' id='word_1_195' title='bbox 3227 2084 3478 2157; x_wconf 81' lang='lat' dir='ltr'><strong>Origenis</strong></span> 
     </span>
    </p>
   </div>
   <div class='ocr_carea' id='block_1_32' title="bbox 1914 2165 3477 2249">
    <p class='ocr_par' dir='ltr' id='par_1_32' title="bbox 1914 2165 3477 2249">
     <span class='ocr_line' id='line_1_32' title="bbox 1914 2165 3477 2249; baseline 0.008 -29"><span class='ocrx_word' id='word_1_196' title='bbox 1914 2181 2079 2221; x_wconf 88' lang='lat' dir='ltr'><strong>causa</strong></span> <span class='ocrx_word' id='word_1_197' title='bbox 2127 2165 2443 2223; x_wconf 88' lang='lat' dir='ltr'><strong>Theotimus</strong></span> <span class='ocrx_word' id='word_1_198' title='bbox 2485 2168 2828 2237; x_wconf 89' lang='lat' dir='ltr'><strong>Tomitanus,</strong></span> <span class='ocrx_word' id='word_1_199' title='bbox 2869 2170 3107 2229; x_wconf 88' lang='lat' dir='ltr'><strong>Joannes</strong></span> <span class='ocrx_word' id='word_1_200' title='bbox 3153 2174 3477 2249; x_wconf 87' lang='lat' dir='ltr'><strong>Chrysosto—</strong></span> 
     </span>
    </p>
   </div>
   <div class='ocr_carea' id='block_1_33' title="bbox 1917 2259 3472 2342">
    <p class='ocr_par' dir='ltr' id='par_1_33' title="bbox 1917 2259 3472 2342">
     <span class='ocr_line' id='line_1_33' title="bbox 1917 2259 3472 2342; baseline 0.01 -30"><span class='ocrx_word' id='word_1_201' title='bbox 1917 2274 2059 2324; x_wconf 86' lang='lat' dir='ltr'><strong>mus,</strong></span> <span class='ocrx_word' id='word_1_202' title='bbox 2104 2259 2305 2330; x_wconf 88' lang='lat' dir='ltr'><strong>aliique</strong></span> <span class='ocrx_word' id='word_1_203' title='bbox 2354 2262 2657 2331; x_wconf 89' lang='lat' dir='ltr'><strong>complures</strong></span> <span class='ocrx_word' id='word_1_204' title='bbox 2697 2265 2931 2336; x_wconf 88' lang='lat' dir='ltr'><strong>episcopi</strong></span> <span class='ocrx_word' id='word_1_205' title='bbox 2980 2278 3034 2321; x_wconf 88' lang='lat' dir='ltr'><strong>et</strong></span> <span class='ocrx_word' id='word_1_206' title='bbox 3064 2270 3344 2336; x_wconf 89' lang='lat' dir='ltr'><strong>monachi,</strong></span> <span class='ocrx_word' id='word_1_207' title='bbox 3382 2274 3472 2342; x_wconf 91' lang='lat' dir='ltr'><strong>qui</strong></span> 
     </span>
    </p>
   </div>
   <div class='ocr_carea' id='block_1_34' title="bbox 245 2346 3474 2430">
    <p class='ocr_par' dir='ltr' id='par_1_34' title="bbox 245 2346 3474 2430">
     <span class='ocr_line' id='line_1_34' title="bbox 245 2346 3474 2430; baseline 0.005 -27"><span class='ocrx_word' id='word_1_208' title='bbox 245 2354 446 2422; x_wconf 86' lang='lat' dir='ltr'><strong>rigunt.</strong></span> <span class='ocrx_word' id='word_1_209' title='bbox 485 2352 596 2407; x_wconf 88' lang='lat' dir='ltr'><strong>Nec</strong></span> <span class='ocrx_word' id='word_1_210' title='bbox 636 2354 830 2407; x_wconf 90' lang='lat' dir='ltr'><strong>mirum</strong></span> <span class='ocrx_word' id='word_1_211' title='bbox 860 2371 874 2407; x_wconf 88' lang='lat'><strong>:</strong></span> <span class='ocrx_word' id='word_1_212' title='bbox 920 2354 1243 2409; x_wconf 85' lang='lat' dir='ltr'><strong>Versabatur</strong></span> <span class='ocrx_word' id='word_1_213' title='bbox 1271 2358 1414 2411; x_wconf 90' lang='lat' dir='ltr'><strong>enim</strong></span> <span class='ocrx_word' id='word_1_214' title='bbox 1434 2397 1448 2421; x_wconf 92' lang='lat'><strong>,</strong></span> <span class='ocrx_word' id='word_1_215' title='bbox 1499 2366 1634 2412; x_wconf 86' lang='lat' dir='ltr'><strong>teste</strong></span> <span class='ocrx_word' id='word_1_216' title='bbox 1676 2356 1808 2412; x_wconf 89' lang='lat' dir='ltr'><strong>Por-</strong></span> <span class='ocrx_word' id='word_1_217' title='bbox 1841 2348 1884 2403; x_wconf 86' lang='grc' dir='ltr'>Β</span> <span class='ocrx_word' id='word_1_218' title='bbox 1912 2348 2028 2419; x_wconf 76' lang='lat' dir='ltr'><strong>eius</strong></span> <span class='ocrx_word' id='word_1_219' title='bbox 2057 2346 2484 2416; x_wconf 65' lang='lat' dir='ltr'><strong>dalllllalionem.</strong></span> <span class='ocrx_word' id='word_1_220' title='bbox 2514 2366 2581 2406; x_wconf 73' lang='lat' dir='ltr'><strong>Ile</strong></span> <span class='ocrx_word' id='word_1_221' title='bbox 2616 2354 2822 2423; x_wconf 71' lang='grc' dir='ltr'><strong>εονῐρῑο</strong></span> <span class='ocrx_word' id='word_1_222' title='bbox 2852 2358 2936 2411; x_wconf 71' lang='grc' dir='ltr'><strong>νει</strong></span> <span class='ocrx_word' id='word_1_223' title='bbox 2965 2372 3190 2413; x_wconf 73' lang='lat' dir='ltr'><strong>assensu</strong></span> <span class='ocrx_word' id='word_1_224' title='bbox 3221 2374 3474 2430; x_wconf 75' lang='lat' dir='ltr'><strong>compro-</strong></span> 
     </span>
    </p>
   </div>
   <div class='ocr_carea' id='block_1_35' title="bbox 245 2444 1856 2522">
    <p class='ocr_par' dir='ltr' id='par_1_35' title="bbox 245 2444 1856 2522">
     <span class='ocr_line' id='line_1_35' title="bbox 245 2444 1856 2522; baseline 0.006 -26"><span class='ocrx_word' id='word_1_225' title='bbox 245 2444 440 2514; x_wconf 85' lang='lat' dir='ltr'><strong>phyrio</strong></span> <span class='ocrx_word' id='word_1_226' title='bbox 480 2444 582 2515; x_wconf 91' lang='lat' dir='ltr'><strong>(c),</strong></span> <span class='ocrx_word' id='word_1_227' title='bbox 625 2447 835 2499; x_wconf 83' lang='lat' dir='ltr'><strong>assidue</strong></span> <span class='ocrx_word' id='word_1_228' title='bbox 871 2464 988 2500; x_wconf 87' lang='lat' dir='ltr'><strong>cum</strong></span> <span class='ocrx_word' id='word_1_229' title='bbox 1021 2446 1262 2503; x_wconf 86' lang='lat' dir='ltr'><strong>Platone.</strong></span> <span class='ocrx_word' id='word_1_230' title='bbox 1296 2447 1551 2505; x_wconf 84' lang='lat' dir='ltr'><strong>Numenii</strong></span> <span class='ocrx_word' id='word_1_231' title='bbox 1589 2469 1808 2522; x_wconf 81' lang='lat' dir='ltr'><strong>quoque,</strong></span> <span class='ocrx_word' id='word_1_232' title='bbox 1842 2450 1856 2461; x_wconf 74' lang='lat'><strong><em>&#39;</em></strong></span> 
     </span>
    </p>
   </div>
   <div class='ocr_carea' id='block_1_36' title="bbox 247 2533 1811 2608">
    <p class='ocr_par' dir='ltr' id='par_1_36' title="bbox 247 2533 1811 2608">
     <span class='ocr_line' id='line_1_36' title="bbox 247 2533 1811 2608; baseline 0.004 -20"><span class='ocrx_word' id='word_1_233' title='bbox 247 2533 462 2597; x_wconf 86' lang='lat' dir='ltr'><strong>Cranii,</strong></span> <span class='ocrx_word' id='word_1_234' title='bbox 506 2536 881 2605; x_wconf 83' lang='lat' dir='ltr'><strong>Apollophanis</strong></span> <span class='ocrx_word' id='word_1_235' title='bbox 914 2549 960 2590; x_wconf 89' lang='lat' dir='ltr'><strong>et</strong></span> <span class='ocrx_word' id='word_1_236' title='bbox 988 2536 1243 2608; x_wconf 80' lang='lat' dir='ltr'><strong>Longini,</strong></span> <span class='ocrx_word' id='word_1_237' title='bbox 1274 2539 1537 2594; x_wconf 79' lang='lat' dir='ltr'><strong>Moderati</strong></span> <span class='ocrx_word' id='word_1_238' title='bbox 1581 2544 1737 2595; x_wconf 87' lang='lat' dir='ltr'><strong>etiam</strong></span> <span class='ocrx_word' id='word_1_239' title='bbox 1764 2555 1811 2595; x_wconf 88' lang='lat' dir='ltr'><strong>et</strong></span> 
     </span>
    </p>
   </div>
   <div class='ocr_carea' id='block_1_37' title="bbox 247 2626 1812 2701">
    <p class='ocr_par' dir='ltr' id='par_1_37' title="bbox 247 2626 1812 2701">
     <span class='ocr_line' id='line_1_37' title="bbox 247 2626 1812 2701; baseline 0.004 -21"><span class='ocrx_word' id='word_1_240' title='bbox 247 2626 581 2693; x_wconf 86' lang='lat' dir='ltr'><strong>Nicomachi,</strong></span> <span class='ocrx_word' id='word_1_241' title='bbox 624 2643 668 2682; x_wconf 91' lang='lat' dir='ltr'><strong>et</strong></span> <span class='ocrx_word' id='word_1_242' title='bbox 716 2630 964 2695; x_wconf 90' lang='lat' dir='ltr'><strong>aliorum,</strong></span> <span class='ocrx_word' id='word_1_243' title='bbox 1006 2632 1097 2700; x_wconf 88' lang='lat' dir='ltr'><strong>qui</strong></span> <span class='ocrx_word' id='word_1_244' title='bbox 1142 2631 1277 2684; x_wconf 90' lang='lat' dir='ltr'><strong>inter</strong></span> <span class='ocrx_word' id='word_1_245' title='bbox 1332 2631 1630 2685; x_wconf 88' lang='lat' dir='ltr'><strong>Platonicos</strong></span> <span class='ocrx_word' id='word_1_246' title='bbox 1674 2650 1812 2701; x_wconf 69' lang='lat' dir='ltr'><strong>prat-</strong></span> 
     </span>
    </p>
   </div>
   <div class='ocr_carea' id='block_1_38' title="bbox 245 2718 1811 2791">
    <p class='ocr_par' dir='ltr' id='par_1_38' title="bbox 245 2718 1811 2791">
     <span class='ocr_line' id='line_1_38' title="bbox 245 2718 1811 2791; baseline 0.004 -21"><span class='ocrx_word' id='word_1_247' title='bbox 245 2718 389 2788; x_wconf 82' lang='lat' dir='ltr'><strong>cipui</strong></span> <span class='ocrx_word' id='word_1_248' title='bbox 422 2719 694 2782; x_wconf 84' lang='lat' dir='ltr'><strong>habentur,</strong></span> <span class='ocrx_word' id='word_1_249' title='bbox 726 2722 919 2786; x_wconf 86' lang='lat' dir='ltr'><strong>scripta</strong></span> <span class='ocrx_word' id='word_1_250' title='bbox 951 2721 1186 2791; x_wconf 82' lang='lat' dir='ltr'><strong>quotidie</strong></span> <span class='ocrx_word' id='word_1_251' title='bbox 1221 2722 1437 2775; x_wconf 90' lang='lat' dir='ltr'><strong>habebat</strong></span> <span class='ocrx_word' id='word_1_252' title='bbox 1465 2723 1517 2774; x_wconf 90' lang='lat' dir='ltr'><strong>in</strong></span> <span class='ocrx_word' id='word_1_253' title='bbox 1554 2725 1811 2777; x_wconf 78' lang='lat' dir='ltr'><strong>manibus.</strong></span> 
     </span>
    </p>
   </div>
   <div class='ocr_carea' id='block_1_39' title="bbox 244 2810 1816 2871">
    <p class='ocr_par' dir='ltr' id='par_1_39' title="bbox 244 2810 1816 2871">
     <span class='ocr_line' id='line_1_39' title="bbox 244 2810 1816 2871; baseline 0.004 -8"><span class='ocrx_word' id='word_1_254' title='bbox 244 2810 538 2863; x_wconf 77' lang='lat' dir='ltr'><strong>Adhibebat</strong></span> <span class='ocrx_word' id='word_1_255' title='bbox 578 2813 735 2864; x_wconf 89' lang='lat' dir='ltr'><strong>etiam</strong></span> <span class='ocrx_word' id='word_1_256' title='bbox 773 2810 1123 2866; x_wconf 70' lang='lat' dir='ltr'><strong>Cha&#39;remonis</strong></span> <span class='ocrx_word' id='word_1_257' title='bbox 1181 2813 1351 2867; x_wconf 82' lang='lat' dir='ltr'><strong>Stoici</strong></span> <span class='ocrx_word' id='word_1_258' title='bbox 1389 2823 1441 2869; x_wconf 83' lang='lat' dir='ltr'><strong>et</strong></span> <span class='ocrx_word' id='word_1_259' title='bbox 1484 2814 1701 2869; x_wconf 87' lang='lat' dir='ltr'><strong>Cornuti</strong></span> <span class='ocrx_word' id='word_1_260' title='bbox 1750 2818 1816 2871; x_wconf 87' lang='lat' dir='ltr'><strong>li-</strong></span> 
     </span>
    </p>
   </div>
   <div class='ocr_carea' id='block_1_40' title="bbox 246 2903 1814 2973">
    <p class='ocr_par' dir='ltr' id='par_1_40' title="bbox 246 2903 1814 2973">
     <span class='ocr_line' id='line_1_40' title="bbox 246 2903 1814 2973; baseline 0.004 -17"><span class='ocrx_word' id='word_1_261' title='bbox 246 2905 388 2957; x_wconf 85' lang='lat' dir='ltr'><strong>bros.</strong></span> <span class='ocrx_word' id='word_1_262' title='bbox 426 2903 491 2957; x_wconf 80' lang='lat' dir='ltr'><strong>Et</strong></span> <span class='ocrx_word' id='word_1_263' title='bbox 521 2919 650 2958; x_wconf 89' lang='lat' dir='ltr'><strong>sane</strong></span> <span class='ocrx_word' id='word_1_264' title='bbox 678 2906 925 2973; x_wconf 81' lang='lat' dir='ltr'><strong>quamvis</strong></span> <span class='ocrx_word' id='word_1_265' title='bbox 971 2903 1234 2973; x_wconf 85' lang='lat' dir='ltr'><strong>ejusmodi</strong></span> <span class='ocrx_word' id='word_1_266' title='bbox 1270 2907 1576 2960; x_wconf 87' lang='lat' dir='ltr'><strong>testimonia</strong></span> <span class='ocrx_word' id='word_1_267' title='bbox 1618 2909 1814 2964; x_wconf 86' lang='lat' dir='ltr'><strong>delice-</strong></span> 
     </span>
    </p>
   </div>
   <div class='ocr_carea' id='block_1_41' title="bbox 243 2992 1813 3072">
    <p class='ocr_par' dir='ltr' id='par_1_41' title="bbox 243 2992 1813 3072">
     <span class='ocr_line' id='line_1_41' title="bbox 243 2992 1813 3072; baseline 0.006 -24"><span class='ocrx_word' id='word_1_268' title='bbox 243 3003 371 3049; x_wconf 86' lang='lat' dir='ltr'><strong>rent</strong></span> <span class='ocrx_word' id='word_1_269' title='bbox 422 2992 706 3063; x_wconf 84' lang='lat' dir='ltr'><strong>Origenem</strong></span> <span class='ocrx_word' id='word_1_270' title='bbox 759 2995 812 3049; x_wconf 92' lang='lat' dir='ltr'><strong>in</strong></span> <span class='ocrx_word' id='word_1_271' title='bbox 866 2995 953 3049; x_wconf 92' lang='lat' dir='ltr'><strong>illa</strong></span> <span class='ocrx_word' id='word_1_272' title='bbox 1006 2997 1370 3052; x_wconf 88' lang='lat' dir='ltr'><strong>humanarum</strong></span> <span class='ocrx_word' id='word_1_273' title='bbox 1418 3014 1596 3054; x_wconf 74' lang='lat' dir='ltr'><strong>rerum</strong></span> <span class='ocrx_word' id='word_1_274' title='bbox 1650 3011 1813 3072; x_wconf 84' lang='lat' dir='ltr'><strong>atque</strong></span> 
     </span>
    </p>
   </div>
   <div class='ocr_carea' id='block_1_42' title="bbox 246 3088 1813 3161">
    <p class='ocr_par' dir='ltr' id='par_1_42' title="bbox 246 3088 1813 3161">
     <span class='ocr_line' id='line_1_42' title="bbox 246 3088 1813 3161; baseline 0.008 -23"><span class='ocrx_word' id='word_1_275' title='bbox 246 3088 448 3141; x_wconf 88' lang='lat' dir='ltr'><strong>artium</strong></span> <span class='ocrx_word' id='word_1_276' title='bbox 482 3088 730 3155; x_wconf 90' lang='lat' dir='ltr'><strong>scientia,</strong></span> <span class='ocrx_word' id='word_1_277' title='bbox 760 3089 1103 3144; x_wconf 81' lang='lat' dir='ltr'><strong>declararent</strong></span> <span class='ocrx_word' id='word_1_278' title='bbox 1147 3106 1264 3144; x_wconf 90' lang='lat' dir='ltr'><strong>eam</strong></span> <span class='ocrx_word' id='word_1_279' title='bbox 1317 3090 1474 3161; x_wconf 83' lang='lat' dir='ltr'><strong>plane</strong></span> <span class='ocrx_word' id='word_1_280' title='bbox 1517 3092 1637 3148; x_wconf 90' lang='lat' dir='ltr'><strong>libri</strong></span> <span class='ocrx_word' id='word_1_281' title='bbox 1689 3104 1813 3151; x_wconf 91' lang='lat' dir='ltr'><strong>octo</strong></span> 
     </span>
    </p>
   </div>
   <div class='ocr_carea' id='block_1_43' title="bbox 248 3180 1813 3255">
    <p class='ocr_par' dir='ltr' id='par_1_43' title="bbox 248 3180 1813 3255">
     <span class='ocr_line' id='line_1_43' title="bbox 248 3180 1813 3255; baseline 0.006 -25"><span class='ocrx_word' id='word_1_282' title='bbox 248 3189 435 3232; x_wconf 86' lang='lat' dir='ltr'><strong>contra</strong></span> <span class='ocrx_word' id='word_1_283' title='bbox 463 3180 703 3245; x_wconf 88' lang='lat' dir='ltr'><strong>Celsum;</strong></span> <span class='ocrx_word' id='word_1_284' title='bbox 729 3182 872 3249; x_wconf 86' lang='lat' dir='ltr'><strong>quod</strong></span> <span class='ocrx_word' id='word_1_285' title='bbox 902 3196 1037 3251; x_wconf 90' lang='lat' dir='ltr'><strong>opus</strong></span> <span class='ocrx_word' id='word_1_286' title='bbox 1066 3198 1230 3235; x_wconf 91' lang='lat' dir='ltr'><strong>unum</strong></span> <span class='ocrx_word' id='word_1_287' title='bbox 1259 3184 1344 3238; x_wconf 89' lang='lat' dir='ltr'><strong>vel</strong></span> <span class='ocrx_word' id='word_1_288' title='bbox 1379 3186 1667 3239; x_wconf 80' lang='lat' dir='ltr'><strong>maximam</strong></span> <span class='ocrx_word' id='word_1_289' title='bbox 1696 3202 1813 3255; x_wconf 82' lang='lat' dir='ltr'><strong>pro-</strong></span> 
     </span>
    </p>
   </div>
   <div class='ocr_carea' id='block_1_44' title="bbox 244 3262 1814 3343">
    <p class='ocr_par' dir='ltr' id='par_1_44' title="bbox 244 3262 1814 3343">
     <span class='ocr_line' id='line_1_44' title="bbox 244 3262 1814 3343; baseline 0.004 -19"><span class='ocrx_word' id='word_1_290' title='bbox 244 3271 495 3326; x_wconf 68' lang='lat' dir='ltr'><strong>lanarum</strong></span> <span class='ocrx_word' id='word_1_291' title='bbox 563 3273 963 3327; x_wconf 83' lang='lat' dir='ltr'><strong>institutionum</strong></span> <span class='ocrx_word' id='word_1_292' title='bbox 1027 3262 1337 3343; x_wconf 77' lang='lat' dir='ltr'><strong>sappéditat</strong></span> <span class='ocrx_word' id='word_1_293' title='bbox 1404 3275 1708 3332; x_wconf 86' lang='lat' dir='ltr'><strong>ubertatem</strong></span> <span class='ocrx_word' id='word_1_294' title='bbox 1759 3287 1814 3334; x_wconf 88' lang='lat' dir='ltr'><strong>et</strong></span> 
     </span>
    </p>
   </div>
   <div class='ocr_carea' id='block_1_45' title="bbox 244 3365 480 3435">
    <p class='ocr_par' dir='ltr' id='par_1_45' title="bbox 244 3365 480 3435">
     <span class='ocr_line' id='line_1_45' title="bbox 244 3365 480 3435; baseline -0.004 -18"><span class='ocrx_word' id='word_1_295' title='bbox 244 3365 480 3435; x_wconf 81' lang='lat' dir='ltr'><strong>cupiam.</strong></span> 
     </span>
    </p>
   </div>
   <div class='ocr_carea' id='block_1_46' title="bbox 316 3452 1812 3524">
    <p class='ocr_par' dir='ltr' id='par_1_46' title="bbox 316 3452 1812 3524">
     <span class='ocr_line' id='line_1_46' title="bbox 316 3452 1812 3524; baseline 0.003 -15"><span class='ocrx_word' id='word_1_296' title='bbox 316 3452 507 3522; x_wconf 84' lang='lat' dir='ltr'><strong>Qualis</strong></span> <span class='ocrx_word' id='word_1_297' title='bbox 555 3464 735 3508; x_wconf 91' lang='lat' dir='ltr'><strong>autem</strong></span> <span class='ocrx_word' id='word_1_298' title='bbox 779 3462 1118 3524; x_wconf 88' lang='lat' dir='ltr'><strong>quantusque</strong></span> <span class='ocrx_word' id='word_1_299' title='bbox 1166 3455 1217 3508; x_wconf 91' lang='lat' dir='ltr'><strong>in</strong></span> <span class='ocrx_word' id='word_1_300' title='bbox 1257 3456 1456 3510; x_wconf 87' lang='lat' dir='ltr'><strong>divinis</strong></span> <span class='ocrx_word' id='word_1_301' title='bbox 1493 3456 1688 3523; x_wconf 82' lang='lat' dir='ltr'><strong>fuerit,</strong></span> <span class='ocrx_word' id='word_1_302' title='bbox 1732 3458 1812 3513; x_wconf 83' lang='lat' dir='ltr'><strong>ia-</strong></span> 
     </span>
    </p>
   </div>
   <div class='ocr_carea' id='block_1_47' title="bbox 244 3544 1812 3616">
    <p class='ocr_par' dir='ltr' id='par_1_47' title="bbox 244 3544 1812 3616">
     <span class='ocr_line' id='line_1_47' title="bbox 244 3544 1812 3616; baseline 0.001 -17"><span class='ocrx_word' id='word_1_303' title='bbox 244 3546 352 3600; x_wconf 84' lang='lat' dir='ltr'><strong>cile</strong></span> <span class='ocrx_word' id='word_1_304' title='bbox 396 3544 802 3612; x_wconf 88' lang='lat' dir='ltr'><strong>dijudicaretnr,</strong></span> <span class='ocrx_word' id='word_1_305' title='bbox 843 3548 888 3600; x_wconf 93' lang='lat' dir='ltr'><strong>si</strong></span> <span class='ocrx_word' id='word_1_306' title='bbox 938 3546 1269 3601; x_wconf 84' lang='lat' dir='ltr'><strong>voluminum</strong></span> <span class='ocrx_word' id='word_1_307' title='bbox 1314 3548 1508 3616; x_wconf 82' lang='lat' dir='ltr'><strong>ingens</strong></span> <span class='ocrx_word' id='word_1_308' title='bbox 1554 3563 1812 3603; x_wconf 84' lang='lat' dir='ltr'><strong>numerus</strong></span> 
     </span>
    </p>
   </div>
   <div class='ocr_carea' id='block_1_48' title="bbox 241 3626 1810 3710">
    <p class='ocr_par' dir='ltr' id='par_1_48' title="bbox 241 3626 1810 3710">
     <span class='ocr_line' id='line_1_48' title="bbox 241 3626 1810 3710; baseline 0.001 -17"><span class='ocrx_word' id='word_1_309' title='bbox 241 3639 552 3694; x_wconf 86' lang='lat' dir='ltr'><strong>certissimo</strong></span> <span class='ocrx_word' id='word_1_310' title='bbox 595 3648 739 3694; x_wconf 85' lang='lat' dir='ltr'><strong>esset</strong></span> <span class='ocrx_word' id='word_1_311' title='bbox 783 3639 849 3693; x_wconf 92' lang='lat' dir='ltr'><strong>ad</strong></span> <span class='ocrx_word' id='word_1_312' title='bbox 900 3654 1165 3694; x_wconf 85' lang='lat' dir='ltr'><strong>summam</strong></span> <span class='ocrx_word' id='word_1_313' title='bbox 1217 3626 1576 3695; x_wconf 86' lang='lat' dir='ltr'><strong>eruditionem</strong></span> <span class='ocrx_word' id='word_1_314' title='bbox 1646 3657 1810 3710; x_wconf 80' lang='lat' dir='ltr'><strong>argu-</strong></span> 
     </span>
    </p>
   </div>
   <div class='ocr_carea' id='block_1_49' title="bbox 1912 2438 3476 2516">
    <p class='ocr_par' dir='ltr' id='par_1_49' title="bbox 1912 2438 3476 2516">
     <span class='ocr_line' id='line_1_49' title="bbox 1912 2438 3476 2516; baseline 0.008 -21"><span class='ocrx_word' id='word_1_315' title='bbox 1912 2438 2128 2505; x_wconf 90' lang='lat' dir='ltr'><strong>barent,</strong></span> <span class='ocrx_word' id='word_1_316' title='bbox 2156 2443 2572 2497; x_wconf 88' lang='lat' dir='ltr'><strong>recusaverunt?</strong></span> <span class='ocrx_word' id='word_1_317' title='bbox 2602 2442 2966 2516; x_wconf 83' lang='lat' dir='ltr'><strong>Hieronymus</strong></span> <span class='ocrx_word' id='word_1_318' title='bbox 2994 2448 3196 2504; x_wconf 87' lang='lat' dir='ltr'><strong>clamat</strong></span> <span class='ocrx_word' id='word_1_319' title='bbox 3222 2468 3237 2504; x_wconf 87' lang='lat'><strong>:</strong></span> <span class='ocrx_word' id='word_1_320' title='bbox 3268 2448 3476 2507; x_wconf 87' lang='lat' dir='ltr'><strong>Credite</strong></span> 
     </span>
    </p>
   </div>
   <div class='ocr_carea' id='block_1_50' title="bbox 1912 2529 3479 2606">
    <p class='ocr_par' dir='ltr' id='par_1_50' title="bbox 1912 2529 3479 2606">
     <span class='ocr_line' id='line_1_50' title="bbox 1912 2529 3479 2606; baseline 0.006 -23"><span class='ocrx_word' id='word_1_321' title='bbox 1912 2537 2142 2598; x_wconf 75' lang='lat' dir='ltr'><strong>experto,</strong></span> <span class='ocrx_word' id='word_1_322' title='bbox 2170 2531 2323 2599; x_wconf 82' lang='lat' dir='ltr'><strong>quasi</strong></span> <span class='ocrx_word' id='word_1_323' title='bbox 2350 2529 2683 2585; x_wconf 87' lang='lat' dir='ltr'><strong>Christianus</strong></span> <span class='ocrx_word' id='word_1_324' title='bbox 2716 2532 3031 2590; x_wconf 84' lang='lat' dir='ltr'><strong>Christianis</strong></span> <span class='ocrx_word' id='word_1_325' title='bbox 3061 2535 3246 2606; x_wconf 87' lang='lat' dir='ltr'><strong>loquor</strong></span> <span class='ocrx_word' id='word_1_326' title='bbox 3270 2555 3290 2593; x_wconf 83' lang='lat'><strong><em>:</em></strong></span> <span class='ocrx_word' id='word_1_327' title='bbox 3328 2556 3479 2593; x_wconf 79' lang='lat' dir='ltr'><strong>vene—</strong></span> 
     </span>
    </p>
   </div>
   <div class='ocr_carea' id='block_1_51' title="bbox 1913 2620 3474 2696">
    <p class='ocr_par' dir='ltr' id='par_1_51' title="bbox 1913 2620 3474 2696">
     <span class='ocr_line' id='line_1_51' title="bbox 1913 2620 3474 2696; baseline 0.008 -25"><span class='ocrx_word' id='word_1_328' title='bbox 1913 2629 2040 2673; x_wconf 88' lang='lat' dir='ltr'><strong>nata</strong></span> <span class='ocrx_word' id='word_1_329' title='bbox 2070 2629 2193 2673; x_wconf 90' lang='lat' dir='ltr'><strong>sunt</strong></span> <span class='ocrx_word' id='word_1_330' title='bbox 2216 2620 2360 2674; x_wconf 91' lang='lat' dir='ltr'><strong>illius</strong></span> <span class='ocrx_word' id='word_1_331' title='bbox 2385 2625 2656 2691; x_wconf 89' lang='lat' dir='ltr'><strong>dogmata,</strong></span> <span class='ocrx_word' id='word_1_332' title='bbox 2680 2623 2854 2678; x_wconf 88' lang='lat' dir='ltr'><strong>aliena</strong></span> <span class='ocrx_word' id='word_1_333' title='bbox 2877 2642 2908 2679; x_wconf 91' lang='lat' dir='ltr'><strong>a</strong></span> <span class='ocrx_word' id='word_1_334' title='bbox 2935 2623 3225 2696; x_wconf 88' lang='lat' dir='ltr'><strong>Scripturis</strong></span> <span class='ocrx_word' id='word_1_335' title='bbox 3254 2632 3474 2695; x_wconf 85' lang='lat' dir='ltr'><strong>sanctis,</strong></span> 
     </span>
    </p>
   </div>
   <div class='ocr_carea' id='block_1_52' title="bbox 1914 2709 3476 2789">
    <p class='ocr_par' dir='ltr' id='par_1_52' title="bbox 1914 2709 3476 2789">
     <span class='ocr_line' id='line_1_52' title="bbox 1914 2709 3476 2789; baseline 0.008 -26"><span class='ocrx_word' id='word_1_336' title='bbox 1914 2711 2017 2763; x_wconf 80' lang='lat' dir='ltr'><strong>vim</strong></span> <span class='ocrx_word' id='word_1_337' title='bbox 2057 2709 2345 2780; x_wconf 87' lang='lat' dir='ltr'><strong>Scripturis</strong></span> <span class='ocrx_word' id='word_1_338' title='bbox 2374 2712 2645 2780; x_wconf 78' lang='lat' dir='ltr'><strong>facientia.</strong></span> <span class='ocrx_word' id='word_1_339' title='bbox 2670 2715 2741 2768; x_wconf 84' lang='lat' dir='ltr'><strong>At</strong></span> <span class='ocrx_word' id='word_1_340' title='bbox 2768 2717 2881 2771; x_wconf 64' lang='lat' dir='ltr'><strong>haec</strong></span> <span class='ocrx_word' id='word_1_341' title='bbox 2912 2718 3026 2785; x_wconf 87' lang='lat' dir='ltr'><strong>ipsa</strong></span> <span class='ocrx_word' id='word_1_342' title='bbox 3071 2720 3187 2774; x_wconf 88' lang='lat' dir='ltr'><strong>loca</strong></span> <span class='ocrx_word' id='word_1_343' title='bbox 3223 2735 3344 2789; x_wconf 77' lang='lat' dir='ltr'><strong>quze</strong></span> <span class='ocrx_word' id='word_1_344' title='bbox 3391 2723 3476 2777; x_wconf 89' lang='lat' dir='ltr'><strong>in-</strong></span> 
     </span>
    </p>
   </div>
   <div class='ocr_carea' id='block_1_53' title="bbox 1916 2802 3480 2869">
    <p class='ocr_par' dir='ltr' id='par_1_53' title="bbox 1916 2802 3480 2869">
     <span class='ocr_line' id='line_1_53' title="bbox 1916 2802 3480 2869; baseline 0.009 -14"><span class='ocrx_word' id='word_1_345' title='bbox 1916 2802 2134 2857; x_wconf 88' lang='lat' dir='ltr'><strong>simulat</strong></span> <span class='ocrx_word' id='word_1_346' title='bbox 2162 2802 2462 2857; x_wconf 83' lang='lat' dir='ltr'><strong>manifestae</strong></span> <span class='ocrx_word' id='word_1_347' title='bbox 2492 2804 2544 2858; x_wconf 91' lang='lat' dir='ltr'><strong>in</strong></span> <span class='ocrx_word' id='word_1_348' title='bbox 2588 2804 2905 2861; x_wconf 89' lang='lat' dir='ltr'><strong>Trinitatem</strong></span> <span class='ocrx_word' id='word_1_349' title='bbox 2940 2809 3210 2866; x_wconf 71' lang='lat' dir='ltr'><strong>haereseos</strong></span> <span class='ocrx_word' id='word_1_350' title='bbox 3256 2821 3480 2869; x_wconf 86' lang='lat' dir='ltr'><strong>sanctus</strong></span> 
     </span>
    </p>
   </div>
   <div class='ocr_carea' id='block_1_54' title="bbox 1916 2892 3478 2967">
    <p class='ocr_par' dir='ltr' id='par_1_54' title="bbox 1916 2892 3478 2967">
     <span class='ocr_line' id='line_1_54' title="bbox 1916 2892 3478 2967; baseline 0.008 -21"><span class='ocrx_word' id='word_1_351' title='bbox 1916 2892 2138 2960; x_wconf 90' lang='lat' dir='ltr'><strong>Doctor,</strong></span> <span class='ocrx_word' id='word_1_352' title='bbox 2188 2895 2444 2950; x_wconf 87' lang='lat' dir='ltr'><strong>brevibus</strong></span> <span class='ocrx_word' id='word_1_353' title='bbox 2479 2912 2507 2949; x_wconf 92' lang='lat' dir='ltr'><strong>a</strong></span> <span class='ocrx_word' id='word_1_354' title='bbox 2552 2896 2782 2967; x_wconf 86' lang='lat' dir='ltr'><strong>Didymo</strong></span> <span class='ocrx_word' id='word_1_355' title='bbox 2829 2903 3239 2959; x_wconf 89' lang='lat' dir='ltr'><strong>commentariis</strong></span> <span class='ocrx_word' id='word_1_356' title='bbox 3285 2904 3351 2958; x_wconf 92' lang='lat' dir='ltr'><strong>ad</strong></span> <span class='ocrx_word' id='word_1_357' title='bbox 3385 2920 3478 2959; x_wconf 88' lang='lat' dir='ltr'><strong>ca-</strong></span> 
     </span>
    </p>
   </div>
   <div class='ocr_carea' id='block_1_55' title="bbox 1915 2986 3481 3065">
    <p class='ocr_par' dir='ltr' id='par_1_55' title="bbox 1915 2986 3481 3065">
     <span class='ocr_line' id='line_1_55' title="bbox 1915 2986 3481 3065; baseline 0.008 -27"><span class='ocrx_word' id='word_1_358' title='bbox 1915 2986 2183 3042; x_wconf 85' lang='lat' dir='ltr'><strong>tholicum</strong></span> <span class='ocrx_word' id='word_1_359' title='bbox 2216 3002 2437 3043; x_wconf 88' lang='lat' dir='ltr'><strong>sensum</strong></span> <span class='ocrx_word' id='word_1_360' title='bbox 2472 3000 2829 3058; x_wconf 85' lang='lat' dir='ltr'><strong>revocantur;</strong></span> <span class='ocrx_word' id='word_1_361' title='bbox 2863 3001 3056 3048; x_wconf 62' lang='lat' dir='ltr'><strong>caetera</strong></span> <span class='ocrx_word' id='word_1_362' title='bbox 3095 3010 3225 3065; x_wconf 75' lang='lat' dir='ltr'><strong>vero</strong></span> <span class='ocrx_word' id='word_1_363' title='bbox 3253 3007 3344 3051; x_wconf 88' lang='lat' dir='ltr'><strong>aut</strong></span> <span class='ocrx_word' id='word_1_364' title='bbox 3388 3010 3481 3051; x_wconf 87' lang='lat' dir='ltr'><strong>ca-</strong></span> 
     </span>
    </p>
   </div>
   <div class='ocr_carea' id='block_1_56' title="bbox 1914 3078 3481 3143">
    <p class='ocr_par' dir='ltr' id='par_1_56' title="bbox 1914 3078 3481 3143">
     <span class='ocr_line' id='line_1_56' title="bbox 1914 3078 3481 3143; baseline 0.006 -10"><span class='ocrx_word' id='word_1_365' title='bbox 1914 3078 2113 3134; x_wconf 78' lang='lat' dir='ltr'><strong>tholica</strong></span> <span class='ocrx_word' id='word_1_366' title='bbox 2152 3078 2294 3135; x_wconf 89' lang='lat' dir='ltr'><strong>dicta</strong></span> <span class='ocrx_word' id='word_1_367' title='bbox 2331 3078 2497 3135; x_wconf 81' lang='lat' dir='ltr'><strong>fuisse</strong></span> <span class='ocrx_word' id='word_1_368' title='bbox 2540 3089 2633 3135; x_wconf 82' lang='lat' dir='ltr'><strong>aut</strong></span> <span class='ocrx_word' id='word_1_369' title='bbox 2678 3084 2913 3138; x_wconf 92' lang='lat' dir='ltr'><strong>nondum</strong></span> <span class='ocrx_word' id='word_1_370' title='bbox 2945 3083 3204 3141; x_wconf 69' lang='lat' dir='ltr'><strong>Ecclesiae</strong></span> <span class='ocrx_word' id='word_1_371' title='bbox 3243 3088 3481 3143; x_wconf 78' lang='lat' dir='ltr'><strong>decretis</strong></span> 
     </span>
    </p>
   </div>
   <div class='ocr_carea' id='block_1_57' title="bbox 1915 3170 3480 3250">
    <p class='ocr_par' dir='ltr' id='par_1_57' title="bbox 1915 3170 3480 3250">
     <span class='ocr_line' id='line_1_57' title="bbox 1915 3170 3480 3250; baseline 0.008 -27"><span class='ocrx_word' id='word_1_372' title='bbox 1915 3170 2260 3237; x_wconf 80' lang='lat' dir='ltr'><strong>labefactata,</strong></span> <span class='ocrx_word' id='word_1_373' title='bbox 2290 3188 2409 3243; x_wconf 66' lang='lat' dir='ltr'><strong>quae</strong></span> <span class='ocrx_word' id='word_1_374' title='bbox 2437 3176 2643 3231; x_wconf 88' lang='lat' dir='ltr'><strong>scilicet</strong></span> <span class='ocrx_word' id='word_1_375' title='bbox 2676 3191 2779 3230; x_wconf 91' lang='lat' dir='ltr'><strong>non</strong></span> <span class='ocrx_word' id='word_1_376' title='bbox 2799 3187 3054 3246; x_wconf 86' lang='lat' dir='ltr'><strong>tanquam</strong></span> <span class='ocrx_word' id='word_1_377' title='bbox 3085 3179 3333 3249; x_wconf 83' lang='lat' dir='ltr'><strong>dogmata</strong></span> <span class='ocrx_word' id='word_1_378' title='bbox 3356 3197 3480 3250; x_wconf 58' lang='lat' dir='ltr'><strong>pro.</strong></span> 
     </span>
    </p>
   </div>
   <div class='ocr_carea' id='block_1_58' title="bbox 1914 3263 3476 3340">
    <p class='ocr_par' dir='ltr' id='par_1_58' title="bbox 1914 3263 3476 3340">
     <span class='ocr_line' id='line_1_58' title="bbox 1914 3263 3476 3340; baseline 0.006 -23"><span class='ocrx_word' id='word_1_379' title='bbox 1914 3265 2157 3334; x_wconf 77' lang='lat' dir='ltr'><strong>posuerit</strong></span> <span class='ocrx_word' id='word_1_380' title='bbox 2186 3263 2472 3334; x_wconf 82' lang='lat' dir='ltr'><strong>Origenes,</strong></span> <span class='ocrx_word' id='word_1_381' title='bbox 2502 3269 2595 3323; x_wconf 91' lang='lat' dir='ltr'><strong>sed</strong></span> <span class='ocrx_word' id='word_1_382' title='bbox 2641 3278 2701 3323; x_wconf 93' lang='lat' dir='ltr'><strong>ut</strong></span> <span class='ocrx_word' id='word_1_383' title='bbox 2735 3271 2955 3340; x_wconf 73' lang='lat' dir='ltr'><strong>quaesita</strong></span> <span class='ocrx_word' id='word_1_384' title='bbox 2993 3281 3199 3326; x_wconf 87' lang='lat' dir='ltr'><strong>tantum</strong></span> <span class='ocrx_word' id='word_1_385' title='bbox 3230 3274 3476 3328; x_wconf 83' lang='lat' dir='ltr'><strong>exercitii</strong></span> 
     </span>
    </p>
   </div>
   <div class='ocr_carea' id='block_1_59' title="bbox 1914 3358 3478 3432">
    <p class='ocr_par' dir='ltr' id='par_1_59' title="bbox 1914 3358 3478 3432">
     <span class='ocr_line' id='line_1_59' title="bbox 1914 3358 3478 3432; baseline 0.008 -22"><span class='ocrx_word' id='word_1_386' title='bbox 1914 3358 2340 3430; x_wconf 84' lang='lat' dir='ltr'><strong>uniuscujusque</strong></span> <span class='ocrx_word' id='word_1_387' title='bbox 2380 3360 2590 3428; x_wconf 89' lang='lat' dir='ltr'><strong>judicio</strong></span> <span class='ocrx_word' id='word_1_388' title='bbox 2623 3364 2961 3432; x_wconf 89' lang='lat' dir='ltr'><strong>permiserit,</strong></span> <span class='ocrx_word' id='word_1_389' title='bbox 3009 3366 3343 3421; x_wconf 82' lang='lat' dir='ltr'><strong>contendunt</strong></span> <span class='ocrx_word' id='word_1_390' title='bbox 3374 3367 3478 3421; x_wconf 86' lang='lat' dir='ltr'><strong>Eu-</strong></span> 
     </span>
    </p>
   </div>
   <div class='ocr_carea' id='block_1_60' title="bbox 1914 3449 2992 3521">
    <p class='ocr_par' dir='ltr' id='par_1_60' title="bbox 1914 3449 2992 3521">
     <span class='ocr_line' id='line_1_60' title="bbox 1914 3449 2992 3521; baseline 0.006 -18"><span class='ocrx_word' id='word_1_391' title='bbox 1914 3449 2118 3515; x_wconf 89' lang='lat' dir='ltr'><strong>sebius,</strong></span> <span class='ocrx_word' id='word_1_392' title='bbox 2155 3452 2431 3521; x_wconf 86' lang='lat' dir='ltr'><strong>Didymus,</strong></span> <span class='ocrx_word' id='word_1_393' title='bbox 2461 3451 2774 3521; x_wconf 89' lang='lat' dir='ltr'><strong>Pamphilus</strong></span> <span class='ocrx_word' id='word_1_394' title='bbox 2797 3464 2850 3508; x_wconf 88' lang='lat' dir='ltr'><strong>et</strong></span> <span class='ocrx_word' id='word_1_395' title='bbox 2879 3454 2992 3510; x_wconf 87' lang='lat' dir='ltr'><strong>alii.</strong></span> 
     </span>
    </p>
   </div>
   <div class='ocr_carea' id='block_1_61' title="bbox 1986 3542 3479 3606">
    <p class='ocr_par' dir='ltr' id='par_1_61' title="bbox 1986 3542 3479 3606">
     <span class='ocr_line' id='line_1_61' title="bbox 1986 3542 3479 3606; baseline 0.007 -10"><span class='ocrx_word' id='word_1_396' title='bbox 1986 3542 2042 3596; x_wconf 94' lang='lat' dir='ltr'><strong>ln</strong></span> <span class='ocrx_word' id='word_1_397' title='bbox 2073 3542 2176 3597; x_wconf 88' lang='lat' dir='ltr'><strong>hac</strong></span> <span class='ocrx_word' id='word_1_398' title='bbox 2209 3551 2357 3597; x_wconf 88' lang='lat' dir='ltr'><strong>tanta</strong></span> <span class='ocrx_word' id='word_1_399' title='bbox 2391 3553 2469 3598; x_wconf 93' lang='lat' dir='ltr'><strong>tot</strong></span> <span class='ocrx_word' id='word_1_400' title='bbox 2516 3545 2806 3600; x_wconf 90' lang='lat' dir='ltr'><strong>illustrium</strong></span> <span class='ocrx_word' id='word_1_401' title='bbox 2849 3556 3091 3603; x_wconf 90' lang='lat' dir='ltr'><strong>veterum</strong></span> <span class='ocrx_word' id='word_1_402' title='bbox 3145 3548 3479 3606; x_wconf 85' lang='lat' dir='ltr'><strong>dissensione</strong></span> 
     </span>
    </p>
   </div>
   <div class='ocr_carea' id='block_1_62' title="bbox 1918 3638 3475 3704">
    <p class='ocr_par' dir='ltr' id='par_1_62' title="bbox 1918 3638 3475 3704">
     <span class='ocr_line' id='line_1_62' title="bbox 1918 3638 3475 3704; baseline 0.007 -16"><span class='ocrx_word' id='word_1_403' title='bbox 1918 3649 2105 3704; x_wconf 66' lang='lat' dir='ltr'><strong>aequus</strong></span> <span class='ocrx_word' id='word_1_404' title='bbox 2153 3649 2216 3690; x_wconf 90' lang='lat' dir='ltr'><strong>ac</strong></span> <span class='ocrx_word' id='word_1_405' title='bbox 2264 3638 2504 3704; x_wconf 86' lang='lat' dir='ltr'><strong>prudens</strong></span> <span class='ocrx_word' id='word_1_406' title='bbox 2564 3651 2745 3692; x_wconf 88' lang='lat' dir='ltr'><strong>rerum</strong></span> <span class='ocrx_word' id='word_1_407' title='bbox 2775 3640 3071 3694; x_wconf 74' lang='lat' dir='ltr'><strong>:estimator</strong></span> <span class='ocrx_word' id='word_1_408' title='bbox 3111 3642 3475 3699; x_wconf 88' lang='lat' dir='ltr'><strong>observabit:</strong></span> 
     </span>
    </p>
   </div>
   <div class='ocr_carea' id='block_1_63' title="bbox 243 3699 3473 3805">
    <p class='ocr_par' dir='ltr' id='par_1_63' title="bbox 243 3699 3473 3805">
     <span class='ocr_line' id='line_1_63' title="bbox 243 3699 3473 3805; baseline 0.002 -19"><span class='ocrx_word' id='word_1_409' title='bbox 243 3741 457 3786; x_wconf 86' lang='lat' dir='ltr'><strong>mento.</strong></span> <span class='ocrx_word' id='word_1_410' title='bbox 493 3731 814 3786; x_wconf 83' lang='lat' dir='ltr'><strong>Vincentius</strong></span> <span class='ocrx_word' id='word_1_411' title='bbox 840 3732 1140 3788; x_wconf 88' lang='lat' dir='ltr'><strong>Lirinensis</strong></span> <span class='ocrx_word' id='word_1_412' title='bbox 1170 3732 1246 3805; x_wconf 79' lang='grc' dir='ltr'><strong>(ά)</strong></span> <span class='ocrx_word' id='word_1_413' title='bbox 1283 3732 1513 3787; x_wconf 87' lang='lat' dir='ltr'><strong>alIlrmat</strong></span> <span class='ocrx_word' id='word_1_414' title='bbox 1544 3734 1812 3789; x_wconf 89' lang='lat' dir='ltr'><strong>neminem</strong></span> <span class='ocrx_word' id='word_1_415' title='bbox 1843 3699 1888 3761; x_wconf 68' lang='grc' dir='ltr'>Ο</span> <span class='ocrx_word' id='word_1_416' title='bbox 1920 3728 1974 3781; x_wconf 83' lang='grc'><strong>1⁸</strong></span> <span class='ocrx_word' id='word_1_417' title='bbox 2000 3728 2105 3795; x_wconf 78' lang='lat' dir='ltr'><strong>Qui</strong></span> <span class='ocrx_word' id='word_1_418' title='bbox 2128 3728 2307 3782; x_wconf 73' lang='lat' dir='ltr'><strong>acrius</strong></span> <span class='ocrx_word' id='word_1_419' title='bbox 2336 3729 2387 3781; x_wconf 80' lang='lat' dir='ltr'><strong>in</strong></span> <span class='ocrx_word' id='word_1_420' title='bbox 2427 3730 2718 3799; x_wconf 72' lang='lat' dir='ltr'><strong>Origene“!</strong></span> <span class='ocrx_word' id='word_1_421' title='bbox 2748 3731 3187 3799; x_wconf 70' lang='lat' dir='ltr'><strong>insurrexerunt,</strong></span> <span class='ocrx_word' id='word_1_422' title='bbox 3215 3749 3311 3790; x_wconf 83' lang='lat' dir='ltr'><strong>eos</strong></span> <span class='ocrx_word' id='word_1_423' title='bbox 3346 3734 3473 3790; x_wconf 87' lang='lat' dir='ltr'><strong>dum</strong></span> 
     </span>
    </p>
   </div>
   <div class='ocr_carea' id='block_1_64' title="bbox 244 3822 1813 3895">
    <p class='ocr_par' dir='ltr' id='par_1_64' title="bbox 244 3822 1813 3895">
     <span class='ocr_line' id='line_1_64' title="bbox 244 3822 1813 3895; baseline 0.002 -20"><span class='ocrx_word' id='word_1_424' title='bbox 244 3822 559 3876; x_wconf 87' lang='lat' dir='ltr'><strong>mortalium</strong></span> <span class='ocrx_word' id='word_1_425' title='bbox 598 3823 753 3893; x_wconf 88' lang='lat' dir='ltr'><strong>plura</strong></span> <span class='ocrx_word' id='word_1_426' title='bbox 801 3825 1088 3895; x_wconf 84' lang='lat' dir='ltr'><strong>scripsisse</strong></span> <span class='ocrx_word' id='word_1_427' title='bbox 1138 3839 1297 3893; x_wconf 86' lang='lat' dir='ltr'><strong>quam</strong></span> <span class='ocrx_word' id='word_1_428' title='bbox 1337 3825 1647 3894; x_wconf 77' lang='lat' dir='ltr'><strong>Origenem.</strong></span> <span class='ocrx_word' id='word_1_429' title='bbox 1684 3823 1813 3891; x_wconf 82' lang='lat' dir='ltr'><strong>Quis</strong></span> 
     </span>
    </p>
   </div>
   <div class='ocr_carea' id='block_1_65' title="bbox 243 3914 1815 3988">
    <p class='ocr_par' dir='ltr' id='par_1_65' title="bbox 243 3914 1815 3988">
     <span class='ocr_line' id='line_1_65' title="bbox 243 3914 1815 3988; baseline 0.002 -21"><span class='ocrx_word' id='word_1_430' title='bbox 243 3926 513 3981; x_wconf 83' lang='lat' dir='ltr'><strong>nostrum,</strong></span> <span class='ocrx_word' id='word_1_431' title='bbox 550 3915 728 3984; x_wconf 88' lang='lat' dir='ltr'><strong>inquit</strong></span> <span class='ocrx_word' id='word_1_432' title='bbox 761 3916 1120 3988; x_wconf 84' lang='lat' dir='ltr'><strong>Hieronymus</strong></span> <span class='ocrx_word' id='word_1_433' title='bbox 1152 3914 1245 3988; x_wconf 79' lang='grc' dir='ltr'><strong>(ε),</strong></span> <span class='ocrx_word' id='word_1_434' title='bbox 1280 3924 1427 3970; x_wconf 87' lang='lat' dir='ltr'><strong>tanta</strong></span> <span class='ocrx_word' id='word_1_435' title='bbox 1460 3927 1621 3986; x_wconf 89' lang='lat' dir='ltr'><strong>potest</strong></span> <span class='ocrx_word' id='word_1_436' title='bbox 1650 3916 1815 3987; x_wconf 90' lang='lat' dir='ltr'><strong>legere</strong></span> 
     </span>
    </p>
   </div>
   <div class='ocr_carea' id='block_1_66' title="bbox 242 4006 1816 4076">
    <p class='ocr_par' dir='ltr' id='par_1_66' title="bbox 242 4006 1816 4076">
     <span class='ocr_line' id='line_1_66' title="bbox 242 4006 1816 4076; baseline 0.001 -17"><span class='ocrx_word' id='word_1_437' title='bbox 242 4014 451 4076; x_wconf 87' lang='lat' dir='ltr'><strong>quanta</strong></span> <span class='ocrx_word' id='word_1_438' title='bbox 485 4006 571 4060; x_wconf 88' lang='lat' dir='ltr'><strong>ille</strong></span> <span class='ocrx_word' id='word_1_439' title='bbox 610 4009 955 4076; x_wconf 83' lang='lat' dir='ltr'><strong>conscripsit?</strong></span> <span class='ocrx_word' id='word_1_440' title='bbox 994 4007 1143 4062; x_wconf 80' lang='lat' dir='ltr'><strong>Mille</strong></span> <span class='ocrx_word' id='word_1_441' title='bbox 1173 4019 1221 4062; x_wconf 88' lang='lat' dir='ltr'><strong>et</strong></span> <span class='ocrx_word' id='word_1_442' title='bbox 1263 4024 1319 4061; x_wconf 89' lang='lat' dir='ltr'><strong>eo</strong></span> <span class='ocrx_word' id='word_1_443' title='bbox 1348 4007 1572 4076; x_wconf 85' lang='lat' dir='ltr'><strong>amplius</strong></span> <span class='ocrx_word' id='word_1_444' title='bbox 1617 4018 1816 4061; x_wconf 88' lang='lat' dir='ltr'><strong>tracta-</strong></span> 
     </span>
    </p>
   </div>
   <div class='ocr_carea' id='block_1_67' title="bbox 245 4098 1812 4167">
    <p class='ocr_par' dir='ltr' id='par_1_67' title="bbox 245 4098 1812 4167">
     <span class='ocr_line' id='line_1_67' title="bbox 245 4098 1812 4167; baseline 0.002 -15"><span class='ocrx_word' id='word_1_445' title='bbox 245 4110 361 4164; x_wconf 81' lang='lat' dir='ltr'><strong>tus,</strong></span> <span class='ocrx_word' id='word_1_446' title='bbox 404 4113 533 4167; x_wconf 88' lang='lat' dir='ltr'><strong>quos</strong></span> <span class='ocrx_word' id='word_1_447' title='bbox 576 4098 634 4151; x_wconf 90' lang='lat' dir='ltr'><strong>in</strong></span> <span class='ocrx_word' id='word_1_448' title='bbox 689 4099 905 4152; x_wconf 88' lang='lat' dir='ltr'><strong>ecclesia</strong></span> <span class='ocrx_word' id='word_1_449' title='bbox 939 4099 1143 4154; x_wconf 88' lang='lat' dir='ltr'><strong>locutus</strong></span> <span class='ocrx_word' id='word_1_450' title='bbox 1181 4110 1288 4166; x_wconf 90' lang='lat' dir='ltr'><strong>est,</strong></span> <span class='ocrx_word' id='word_1_451' title='bbox 1323 4101 1523 4165; x_wconf 85' lang='lat' dir='ltr'><strong>edidit;</strong></span> <span class='ocrx_word' id='word_1_452' title='bbox 1575 4102 1812 4155; x_wconf 86' lang='lat' dir='ltr'><strong>innume-</strong></span> 
     </span>
    </p>
   </div>
   <div class='ocr_carea' id='block_1_68' title="bbox 245 4188 1812 4261">
    <p class='ocr_par' dir='ltr' id='par_1_68' title="bbox 245 4188 1812 4261">
     <span class='ocr_line' id='line_1_68' title="bbox 245 4188 1812 4261; baseline 0.003 -18"><span class='ocrx_word' id='word_1_453' title='bbox 245 4188 444 4244; x_wconf 85' lang='lat' dir='ltr'><strong>rabiles</strong></span> <span class='ocrx_word' id='word_1_454' title='bbox 487 4197 745 4259; x_wconf 73' lang='lat' dir='ltr'><strong>prwterea</strong></span> <span class='ocrx_word' id='word_1_455' title='bbox 795 4191 1217 4255; x_wconf 83' lang='lat' dir='ltr'><strong>commentarius,</strong></span> <span class='ocrx_word' id='word_1_456' title='bbox 1247 4207 1379 4261; x_wconf 85' lang='lat' dir='ltr'><strong>quos</strong></span> <span class='ocrx_word' id='word_1_457' title='bbox 1424 4191 1535 4258; x_wconf 89' lang='lat' dir='ltr'><strong>ipse</strong></span> <span class='ocrx_word' id='word_1_458' title='bbox 1583 4193 1812 4261; x_wconf 87' lang='lat' dir='ltr'><strong>appellat</strong></span> 
     </span>
    </p>
   </div>
   <div class='ocr_carea' id='block_1_69' title="bbox 244 4278 1815 4353">
    <p class='ocr_par' dir='ltr' id='par_1_69' title="bbox 244 4278 1815 4353">
     <span class='ocr_line' id='line_1_69' title="bbox 244 4278 1815 4353; baseline 0.001 -18"><span class='ocrx_word' id='word_1_459' title='bbox 244 4283 466 4353; x_wconf 80' lang='grc' dir='ltr'><strong>τόμους.</strong></span> <span class='ocrx_word' id='word_1_460' title='bbox 500 4280 568 4335; x_wconf 87' lang='grc' dir='ltr'><strong>Ει</strong></span> <span class='ocrx_word' id='word_1_461' title='bbox 594 4281 699 4335; x_wconf 89' lang='lat' dir='ltr'><strong>alio</strong></span> <span class='ocrx_word' id='word_1_462' title='bbox 734 4280 789 4335; x_wconf 91' lang='lat' dir='ltr'><strong>in</strong></span> <span class='ocrx_word' id='word_1_463' title='bbox 823 4280 962 4347; x_wconf 90' lang='lat' dir='ltr'><strong>loco,</strong></span> <span class='ocrx_word' id='word_1_464' title='bbox 1007 4280 1096 4334; x_wconf 87' lang='lat' dir='ltr'><strong>ubi</strong></span> <span class='ocrx_word' id='word_1_465' title='bbox 1129 4278 1388 4334; x_wconf 87' lang='lat' dir='ltr'><strong>Varronis</strong></span> <span class='ocrx_word' id='word_1_466' title='bbox 1420 4280 1560 4350; x_wconf 88' lang='lat' dir='ltr'><strong>apud</strong></span> <span class='ocrx_word' id='word_1_467' title='bbox 1589 4280 1815 4336; x_wconf 90' lang='lat' dir='ltr'><strong>Latinos</strong></span> 
     </span>
    </p>
   </div>
   <div class='ocr_carea' id='block_1_70' title="bbox 246 4368 1817 4442">
    <p class='ocr_par' dir='ltr' id='par_1_70' title="bbox 246 4368 1817 4442">
     <span class='ocr_line' id='line_1_70' title="bbox 246 4368 1817 4442; baseline -0.003 -14"><span class='ocrx_word' id='word_1_468' title='bbox 246 4373 453 4442; x_wconf 86' lang='lat' dir='ltr'><strong>scripta</strong></span> <span class='ocrx_word' id='word_1_469' title='bbox 502 4372 681 4425; x_wconf 89' lang='lat' dir='ltr'><strong>omnia</strong></span> <span class='ocrx_word' id='word_1_470' title='bbox 731 4369 949 4439; x_wconf 85' lang='lat' dir='ltr'><strong>scriptis</strong></span> <span class='ocrx_word' id='word_1_471' title='bbox 998 4368 1248 4440; x_wconf 78' lang='lat' dir='ltr'><strong>Origenis</strong></span> <span class='ocrx_word' id='word_1_472' title='bbox 1299 4369 1437 4437; x_wconf 89' lang='lat' dir='ltr'><strong>apud</strong></span> <span class='ocrx_word' id='word_1_473' title='bbox 1465 4368 1685 4424; x_wconf 66' lang='lat' dir='ltr'><strong>Graecos</strong></span> <span class='ocrx_word' id='word_1_474' title='bbox 1721 4386 1817 4436; x_wconf 88' lang='lat' dir='ltr'><strong>per</strong></span> 
     </span>
    </p>
   </div>
   <div class='ocr_carea' id='block_1_71' title="bbox 248 4460 1811 4536">
    <p class='ocr_par' dir='ltr' id='par_1_71' title="bbox 248 4460 1811 4536">
     <span class='ocr_line' id='line_1_71' title="bbox 248 4460 1811 4536; baseline -0.003 -15"><span class='ocrx_word' id='word_1_475' title='bbox 248 4464 587 4536; x_wconf 82' lang='lat' dir='ltr'><strong>singulorum</strong></span> <span class='ocrx_word' id='word_1_476' title='bbox 660 4464 1125 4519; x_wconf 87' lang='lat' dir='ltr'><strong>enumerationem</strong></span> <span class='ocrx_word' id='word_1_477' title='bbox 1182 4462 1408 4518; x_wconf 90' lang='lat' dir='ltr'><strong>contulit</strong></span> <span class='ocrx_word' id='word_1_478' title='bbox 1453 4481 1467 4516; x_wconf 88' lang='lat'><strong>:</strong></span> <span class='ocrx_word' id='word_1_479' title='bbox 1516 4460 1811 4529; x_wconf 83' lang='lat' dir='ltr'><strong>Videtisne,</strong></span> 
     </span>
    </p>
   </div>
   <div class='ocr_carea' id='block_1_72' title="bbox 251 4554 1817 4631">
    <p class='ocr_par' dir='ltr' id='par_1_72' title="bbox 251 4554 1817 4631">
     <span class='ocr_line' id='line_1_72' title="bbox 251 4554 1817 4631; baseline -0.002 -18"><span class='ocrx_word' id='word_1_480' title='bbox 251 4558 427 4629; x_wconf 87' lang='lat' dir='ltr'><strong>inquit</strong></span> <span class='ocrx_word' id='word_1_481' title='bbox 458 4558 551 4631; x_wconf 78' lang='grc' dir='ltr'><strong>(Ῑ),</strong></span> <span class='ocrx_word' id='word_1_482' title='bbox 581 4556 867 4612; x_wconf 71' lang='grc' dir='ltr'><strong>εεϐναεσοδ</strong></span> <span class='ocrx_word' id='word_1_483' title='bbox 895 4557 1098 4627; x_wconf 87' lang='lat' dir='ltr'><strong>pariter</strong></span> <span class='ocrx_word' id='word_1_484' title='bbox 1140 4566 1188 4611; x_wconf 85' lang='lat' dir='ltr'><strong>et</strong></span> <span class='ocrx_word' id='word_1_485' title='bbox 1227 4555 1445 4610; x_wconf 86' lang='lat' dir='ltr'><strong>Latinos</strong></span> <span class='ocrx_word' id='word_1_486' title='bbox 1484 4556 1640 4609; x_wconf 86' lang='lat' dir='ltr'><strong>unius</strong></span> <span class='ocrx_word' id='word_1_487' title='bbox 1673 4554 1817 4625; x_wconf 87' lang='lat' dir='ltr'><strong>(Ori-</strong></span> 
     </span>
    </p>
   </div>
   <div class='ocr_carea' id='block_1_73' title="bbox 251 4634 1814 4724">
    <p class='ocr_par' dir='ltr' id='par_1_73' title="bbox 251 4634 1814 4724">
     <span class='ocr_line' id='line_1_73' title="bbox 251 4634 1814 4724; baseline -0.002 -18"><span class='ocrx_word' id='word_1_488' title='bbox 251 4634 427 4724; x_wconf 66' lang='lat' dir='ltr'><strong>genis)</strong></span> <span class='ocrx_word' id='word_1_489' title='bbox 465 4653 645 4707; x_wconf 87' lang='lat' dir='ltr'><strong>labore</strong></span> <span class='ocrx_word' id='word_1_490' title='bbox 676 4651 991 4719; x_wconf 85' lang='lat' dir='ltr'><strong>superatas?</strong></span> <span class='ocrx_word' id='word_1_491' title='bbox 1019 4648 1149 4714; x_wconf 85' lang='lat' dir='ltr'><strong>Quis</strong></span> <span class='ocrx_word' id='word_1_492' title='bbox 1204 4651 1343 4704; x_wconf 89' lang='lat' dir='ltr'><strong>enim</strong></span> <span class='ocrx_word' id='word_1_493' title='bbox 1393 4664 1620 4717; x_wconf 83' lang='lat' dir='ltr'><strong>unquam</strong></span> <span class='ocrx_word' id='word_1_494' title='bbox 1669 4660 1814 4703; x_wconf 88' lang='lat' dir='ltr'><strong>tanta</strong></span> 
     </span>
    </p>
   </div>
   <div class='ocr_carea' id='block_1_74' title="bbox 252 4743 1815 4816">
    <p class='ocr_par' dir='ltr' id='par_1_74' title="bbox 252 4743 1815 4816">
     <span class='ocr_line' id='line_1_74' title="bbox 252 4743 1815 4816; baseline -0.001 -17"><span class='ocrx_word' id='word_1_495' title='bbox 252 4747 423 4816; x_wconf 85' lang='lat' dir='ltr'><strong>legere</strong></span> <span class='ocrx_word' id='word_1_496' title='bbox 447 4747 637 4816; x_wconf 88' lang='lat' dir='ltr'><strong>potuit,</strong></span> <span class='ocrx_word' id='word_1_497' title='bbox 666 4756 866 4816; x_wconf 84' lang='lat' dir='ltr'><strong>quanta</strong></span> <span class='ocrx_word' id='word_1_498' title='bbox 897 4747 1004 4814; x_wconf 87' lang='lat' dir='ltr'><strong>ipse</strong></span> <span class='ocrx_word' id='word_1_499' title='bbox 1051 4745 1355 4813; x_wconf 82' lang='lat' dir='ltr'><strong>conscripsit</strong></span> <span class='ocrx_word' id='word_1_500' title='bbox 1379 4745 1403 4798; x_wconf 84' lang='lat'><strong><em>?</em></strong></span> <span class='ocrx_word' id='word_1_501' title='bbox 1440 4743 1640 4798; x_wconf 78' lang='lat' dir='ltr'><strong>Verum</strong></span> <span class='ocrx_word' id='word_1_502' title='bbox 1668 4761 1815 4799; x_wconf 89' lang='lat' dir='ltr'><strong>com-</strong></span> 
     </span>
    </p>
   </div>
   <div class='ocr_carea' id='block_1_75' title="bbox 253 4836 1815 4908">
    <p class='ocr_par' dir='ltr' id='par_1_75' title="bbox 253 4836 1815 4908">
     <span class='ocr_line' id='line_1_75' title="bbox 253 4836 1815 4908; baseline -0.001 -17"><span class='ocrx_word' id='word_1_503' title='bbox 253 4850 464 4905; x_wconf 91' lang='lat' dir='ltr'><strong>pertum</strong></span> <span class='ocrx_word' id='word_1_504' title='bbox 507 4848 622 4904; x_wconf 91' lang='lat' dir='ltr'><strong>est,</strong></span> <span class='ocrx_word' id='word_1_505' title='bbox 670 4854 777 4907; x_wconf 86' lang='lat' dir='ltr'><strong>quo</strong></span> <span class='ocrx_word' id='word_1_506' title='bbox 822 4837 1057 4908; x_wconf 82' lang='lat' dir='ltr'><strong>quisque</strong></span> <span class='ocrx_word' id='word_1_507' title='bbox 1105 4836 1260 4907; x_wconf 85' lang='lat' dir='ltr'><strong>plura</strong></span> <span class='ocrx_word' id='word_1_508' title='bbox 1308 4836 1559 4903; x_wconf 85' lang='lat' dir='ltr'><strong>scripsit,</strong></span> <span class='ocrx_word' id='word_1_509' title='bbox 1596 4851 1701 4889; x_wconf 88' lang='lat' dir='ltr'><strong>non</strong></span> <span class='ocrx_word' id='word_1_510' title='bbox 1751 4850 1815 4889; x_wconf 90' lang='lat' dir='ltr'><strong>eo</strong></span> 
     </span>
    </p>
   </div>
   <div class='ocr_carea' id='block_1_76' title="bbox 254 4926 1815 4999">
    <p class='ocr_par' dir='ltr' id='par_1_76' title="bbox 254 4926 1815 4999">
     <span class='ocr_line' id='line_1_76' title="bbox 254 4926 1815 4999; baseline -0.001 -16"><span class='ocrx_word' id='word_1_511' title='bbox 254 4945 465 4999; x_wconf 84' lang='lat' dir='ltr'><strong>semper</strong></span> <span class='ocrx_word' id='word_1_512' title='bbox 494 4930 809 4994; x_wconf 88' lang='lat' dir='ltr'><strong>doctiorem,</strong></span> <span class='ocrx_word' id='word_1_513' title='bbox 835 4938 930 4983; x_wconf 91' lang='lat' dir='ltr'><strong>aut</strong></span> <span class='ocrx_word' id='word_1_514' title='bbox 962 4926 1152 4996; x_wconf 82' lang='lat' dir='ltr'><strong>majori</strong></span> <span class='ocrx_word' id='word_1_515' title='bbox 1185 4928 1403 4983; x_wconf 90' lang='lat' dir='ltr'><strong>nomine</strong></span> <span class='ocrx_word' id='word_1_516' title='bbox 1435 4928 1657 4997; x_wconf 81' lang='lat' dir='ltr'><strong>dignum</strong></span> <span class='ocrx_word' id='word_1_517' title='bbox 1689 4941 1815 4981; x_wconf 88' lang='lat' dir='ltr'><strong>eva-</strong></span> 
     </span>
    </p>
   </div>
   <div class='ocr_carea' id='block_1_77' title="bbox 1919 3819 3478 3895">
    <p class='ocr_par' dir='ltr' id='par_1_77' title="bbox 1919 3819 3478 3895">
     <span class='ocr_line' id='line_1_77' title="bbox 1919 3819 3478 3895; baseline 0.008 -22"><span class='ocrx_word' id='word_1_518' title='bbox 1919 3822 2077 3874; x_wconf 87' lang='lat' dir='ltr'><strong>noxia</strong></span> <span class='ocrx_word' id='word_1_519' title='bbox 2115 3819 2233 3891; x_wconf 85' lang='lat' dir='ltr'><strong>ejus</strong></span> <span class='ocrx_word' id='word_1_520' title='bbox 2278 3822 2458 3875; x_wconf 88' lang='lat' dir='ltr'><strong>onmia</strong></span> <span class='ocrx_word' id='word_1_521' title='bbox 2508 3824 2854 3892; x_wconf 88' lang='lat' dir='ltr'><strong>opinamenta</strong></span> <span class='ocrx_word' id='word_1_522' title='bbox 2885 3825 2952 3879; x_wconf 91' lang='lat' dir='ltr'><strong>ad</strong></span> <span class='ocrx_word' id='word_1_523' title='bbox 2999 3841 3252 3882; x_wconf 87' lang='lat' dir='ltr'><strong>nauseam</strong></span> <span class='ocrx_word' id='word_1_524' title='bbox 3303 3845 3478 3895; x_wconf 88' lang='lat' dir='ltr'><strong>usque</strong></span> 
     </span>
    </p>
   </div>
   <div class='ocr_carea' id='block_1_78' title="bbox 1918 3913 3480 3980">
    <p class='ocr_par' dir='ltr' id='par_1_78' title="bbox 1918 3913 3480 3980">
     <span class='ocr_line' id='line_1_78' title="bbox 1918 3913 3480 3980; baseline 0.006 -14"><span class='ocrx_word' id='word_1_525' title='bbox 1918 3913 2149 3968; x_wconf 87' lang='lat' dir='ltr'><strong>recitant</strong></span> <span class='ocrx_word' id='word_1_526' title='bbox 2192 3924 2246 3968; x_wconf 90' lang='lat' dir='ltr'><strong>et</strong></span> <span class='ocrx_word' id='word_1_527' title='bbox 2285 3914 2419 3969; x_wconf 90' lang='lat' dir='ltr'><strong>diris</strong></span> <span class='ocrx_word' id='word_1_528' title='bbox 2459 3915 2745 3980; x_wconf 85' lang='lat' dir='ltr'><strong>devovent,</strong></span> <span class='ocrx_word' id='word_1_529' title='bbox 2776 3916 2858 3971; x_wconf 86' lang='lat' dir='ltr'><strong>vel</strong></span> <span class='ocrx_word' id='word_1_530' title='bbox 2891 3917 3088 3972; x_wconf 89' lang='lat' dir='ltr'><strong>invitos</strong></span> <span class='ocrx_word' id='word_1_531' title='bbox 3121 3919 3254 3974; x_wconf 88' lang='lat' dir='ltr'><strong>satis</strong></span> <span class='ocrx_word' id='word_1_532' title='bbox 3300 3920 3480 3975; x_wconf 86' lang='lat' dir='ltr'><strong>decla-</strong></span> 
     </span>
    </p>
   </div>
   <div class='ocr_carea' id='block_1_79' title="bbox 1917 4005 3479 4077">
    <p class='ocr_par' dir='ltr' id='par_1_79' title="bbox 1917 4005 3479 4077">
     <span class='ocr_line' id='line_1_79' title="bbox 1917 4005 3479 4077; baseline 0.006 -18"><span class='ocrx_word' id='word_1_533' title='bbox 1917 4019 2039 4059; x_wconf 86' lang='lat' dir='ltr'><strong>rare</strong></span> <span class='ocrx_word' id='word_1_534' title='bbox 2070 4005 2286 4075; x_wconf 90' lang='lat' dir='ltr'><strong>probari</strong></span> <span class='ocrx_word' id='word_1_535' title='bbox 2332 4005 2433 4060; x_wconf 90' lang='lat' dir='ltr'><strong>sibi</strong></span> <span class='ocrx_word' id='word_1_536' title='bbox 2460 4020 2793 4075; x_wconf 68' lang='lat' dir='ltr'><strong>quaecunque</strong></span> <span class='ocrx_word' id='word_1_537' title='bbox 2821 4008 2873 4061; x_wconf 91' lang='lat' dir='ltr'><strong>in</strong></span> <span class='ocrx_word' id='word_1_538' title='bbox 2909 4009 3024 4077; x_wconf 86' lang='lat' dir='ltr'><strong>ejus</strong></span> <span class='ocrx_word' id='word_1_539' title='bbox 3067 4009 3222 4067; x_wconf 90' lang='lat' dir='ltr'><strong>libris</strong></span> <span class='ocrx_word' id='word_1_540' title='bbox 3253 4014 3479 4068; x_wconf 87' lang='lat' dir='ltr'><strong>mmime</strong></span> 
     </span>
    </p>
   </div>
   <div class='ocr_carea' id='block_1_80' title="bbox 1919 4097 3475 4172">
    <p class='ocr_par' dir='ltr' id='par_1_80' title="bbox 1919 4097 3475 4172">
     <span class='ocr_line' id='line_1_80' title="bbox 1919 4097 3475 4172; baseline 0.006 -23"><span class='ocrx_word' id='word_1_541' title='bbox 1919 4097 2363 4166; x_wconf 87' lang='lat' dir='ltr'><strong>reprehenderint</strong></span> <span class='ocrx_word' id='word_1_542' title='bbox 2389 4111 2403 4150; x_wconf 90' lang='lat'><strong>:</strong></span> <span class='ocrx_word' id='word_1_543' title='bbox 2432 4112 2552 4167; x_wconf 65' lang='lat' dir='ltr'><strong>quae</strong></span> <span class='ocrx_word' id='word_1_544' title='bbox 2579 4114 2701 4153; x_wconf 90' lang='lat' dir='ltr'><strong>cum</strong></span> <span class='ocrx_word' id='word_1_545' title='bbox 2731 4116 2956 4156; x_wconf 87' lang='lat' dir='ltr'><strong>numero</strong></span> <span class='ocrx_word' id='word_1_546' title='bbox 2983 4101 3143 4172; x_wconf 81' lang='lat' dir='ltr'><strong>longe</strong></span> <span class='ocrx_word' id='word_1_547' title='bbox 3169 4103 3319 4172; x_wconf 88' lang='lat' dir='ltr'><strong>plura</strong></span> <span class='ocrx_word' id='word_1_548' title='bbox 3348 4106 3475 4170; x_wconf 87' lang='lat' dir='ltr'><strong>sint,</strong></span> 
     </span>
    </p>
   </div>
   <div class='ocr_carea' id='block_1_81' title="bbox 1916 4198 3477 4259">
    <p class='ocr_par' dir='ltr' id='par_1_81' title="bbox 1916 4198 3477 4259">
     <span class='ocr_line' id='line_1_81' title="bbox 1916 4198 3477 4259; baseline 0.008 -19"><span class='ocrx_word' id='word_1_549' title='bbox 1916 4203 2078 4257; x_wconf 89' lang='lat' dir='ltr'><strong>quam</strong></span> <span class='ocrx_word' id='word_1_550' title='bbox 2128 4204 2251 4257; x_wconf 64' lang='lat' dir='ltr'><strong>qua:</strong></span> <span class='ocrx_word' id='word_1_551' title='bbox 2298 4204 2528 4245; x_wconf 75' lang='lat' dir='ltr'><strong>censura</strong></span> <span class='ocrx_word' id='word_1_552' title='bbox 2569 4207 2665 4246; x_wconf 87' lang='lat' dir='ltr'><strong>sua</strong></span> <span class='ocrx_word' id='word_1_553' title='bbox 2714 4202 3001 4259; x_wconf 87' lang='lat' dir='ltr'><strong>notarunt,</strong></span> <span class='ocrx_word' id='word_1_554' title='bbox 3045 4198 3351 4251; x_wconf 84' lang='lat' dir='ltr'><strong>necessario</strong></span> <span class='ocrx_word' id='word_1_555' title='bbox 3386 4214 3477 4252; x_wconf 70' lang='lat' dir='ltr'><strong>SC-</strong></span> 
     </span>
    </p>
   </div>
   <div class='ocr_carea' id='block_1_82' title="bbox 1917 4281 3481 4357">
    <p class='ocr_par' dir='ltr' id='par_1_82' title="bbox 1917 4281 3481 4357">
     <span class='ocr_line' id='line_1_82' title="bbox 1917 4281 3481 4357; baseline 0.006 -24"><span class='ocrx_word' id='word_1_556' title='bbox 1917 4284 2099 4349; x_wconf 89' lang='lat' dir='ltr'><strong>quitnr</strong></span> <span class='ocrx_word' id='word_1_557' title='bbox 2129 4281 2316 4350; x_wconf 89' lang='lat' dir='ltr'><strong>paucis</strong></span> <span class='ocrx_word' id='word_1_558' title='bbox 2362 4283 2623 4351; x_wconf 89' lang='lat' dir='ltr'><strong>permista</strong></span> <span class='ocrx_word' id='word_1_559' title='bbox 2674 4284 2831 4339; x_wconf 84' lang='lat' dir='ltr'><strong>malis</strong></span> <span class='ocrx_word' id='word_1_560' title='bbox 2875 4300 2996 4340; x_wconf 88' lang='lat' dir='ltr'><strong>esse</strong></span> <span class='ocrx_word' id='word_1_561' title='bbox 3026 4288 3165 4340; x_wconf 87' lang='lat' dir='ltr'><strong>bona</strong></span> <span class='ocrx_word' id='word_1_562' title='bbox 3197 4302 3481 4357; x_wconf 84' lang='lat' dir='ltr'><strong>propemo-</strong></span> 
     </span>
    </p>
   </div>
   <div class='ocr_carea' id='block_1_83' title="bbox 1917 4375 3480 4446">
    <p class='ocr_par' dir='ltr' id='par_1_83' title="bbox 1917 4375 3480 4446">
     <span class='ocr_line' id='line_1_83' title="bbox 1917 4375 3480 4446; baseline 0.006 -19"><span class='ocrx_word' id='word_1_563' title='bbox 1917 4375 2044 4428; x_wconf 90' lang='lat' dir='ltr'><strong>dum</strong></span> <span class='ocrx_word' id='word_1_564' title='bbox 2073 4375 2379 4431; x_wconf 91' lang='lat' dir='ltr'><strong>innumera.</strong></span> <span class='ocrx_word' id='word_1_565' title='bbox 2402 4377 2464 4430; x_wconf 68' lang='grc'><strong>2⁸</strong></span> <span class='ocrx_word' id='word_1_566' title='bbox 2494 4376 2571 4429; x_wconf 80' lang='lat' dir='ltr'><strong>Ex</strong></span> <span class='ocrx_word' id='word_1_567' title='bbox 2604 4376 2670 4429; x_wconf 90' lang='lat' dir='ltr'><strong>iis</strong></span> <span class='ocrx_word' id='word_1_568' title='bbox 2712 4377 2804 4446; x_wconf 82' lang='lat' dir='ltr'><strong>qui</strong></span> <span class='ocrx_word' id='word_1_569' title='bbox 2833 4378 3131 4433; x_wconf 89' lang='lat' dir='ltr'><strong>ardentiori</strong></span> <span class='ocrx_word' id='word_1_570' title='bbox 3162 4379 3277 4434; x_wconf 79' lang='lat' dir='ltr'><strong>zelo</strong></span> <span class='ocrx_word' id='word_1_571' title='bbox 3314 4380 3480 4436; x_wconf 84' lang='lat' dir='ltr'><strong>libros</strong></span> 
     </span>
    </p>
   </div>
   <div class='ocr_carea' id='block_1_84' title="bbox 1917 4460 3479 4536">
    <p class='ocr_par' dir='ltr' id='par_1_84' title="bbox 1917 4460 3479 4536">
     <span class='ocr_line' id='line_1_84' title="bbox 1917 4460 3479 4536; baseline 0.004 -18"><span class='ocrx_word' id='word_1_572' title='bbox 1917 4464 2038 4533; x_wconf 89' lang='lat' dir='ltr'><strong>ejus</strong></span> <span class='ocrx_word' id='word_1_573' title='bbox 2080 4481 2147 4519; x_wconf 80' lang='lat' dir='ltr'><strong>ex</strong></span> <span class='ocrx_word' id='word_1_574' title='bbox 2196 4465 2442 4519; x_wconf 88' lang='lat' dir='ltr'><strong>omnium</strong></span> <span class='ocrx_word' id='word_1_575' title='bbox 2492 4460 2745 4520; x_wconf 85' lang='lat' dir='ltr'><strong>manibus</strong></span> <span class='ocrx_word' id='word_1_576' title='bbox 2788 4467 3151 4536; x_wconf 84' lang='lat' dir='ltr'><strong>excutiebant,</strong></span> <span class='ocrx_word' id='word_1_577' title='bbox 3193 4471 3479 4525; x_wconf 80' lang='lat' dir='ltr'><strong>nonnullos</strong></span> 
     </span>
    </p>
   </div>
   <div class='ocr_carea' id='block_1_85' title="bbox 1918 4550 3478 4627">
    <p class='ocr_par' dir='ltr' id='par_1_85' title="bbox 1918 4550 3478 4627">
     <span class='ocr_line' id='line_1_85' title="bbox 1918 4550 3478 4627; baseline 0.004 -18"><span class='ocrx_word' id='word_1_578' title='bbox 1918 4550 2114 4625; x_wconf 71' lang='lat' dir='ltr'><strong>smpius</strong></span> <span class='ocrx_word' id='word_1_579' title='bbox 2150 4556 2203 4609; x_wconf 91' lang='lat' dir='ltr'><strong>in</strong></span> <span class='ocrx_word' id='word_1_580' title='bbox 2232 4570 2419 4611; x_wconf 90' lang='lat' dir='ltr'><strong>eorum</strong></span> <span class='ocrx_word' id='word_1_581' title='bbox 2469 4555 2699 4611; x_wconf 89' lang='lat' dir='ltr'><strong>lectione</strong></span> <span class='ocrx_word' id='word_1_582' title='bbox 2734 4556 3109 4627; x_wconf 85' lang='lat' dir='ltr'><strong>deprehensos</strong></span> <span class='ocrx_word' id='word_1_583' title='bbox 3144 4557 3333 4626; x_wconf 75' lang='lat' dir='ltr'><strong>fuisse,</strong></span> <span class='ocrx_word' id='word_1_584' title='bbox 3361 4564 3478 4619; x_wconf 75' lang='lat' dir='ltr'><strong>esi-</strong></span> 
     </span>
    </p>
   </div>
   <div class='ocr_carea' id='block_1_86' title="bbox 1918 4650 3478 4720">
    <p class='ocr_par' dir='ltr' id='par_1_86' title="bbox 1918 4650 3478 4720">
     <span class='ocr_line' id='line_1_86' title="bbox 1918 4650 3478 4720; baseline 0.003 -17"><span class='ocrx_word' id='word_1_585' title='bbox 1918 4650 2151 4703; x_wconf 90' lang='lat' dir='ltr'><strong>miarum</strong></span> <span class='ocrx_word' id='word_1_586' title='bbox 2200 4663 2382 4705; x_wconf 89' lang='lat' dir='ltr'><strong>rerum</strong></span> <span class='ocrx_word' id='word_1_587' title='bbox 2414 4664 2531 4719; x_wconf 71' lang='lat' dir='ltr'><strong>quae</strong></span> <span class='ocrx_word' id='word_1_588' title='bbox 2566 4652 2767 4719; x_wconf 90' lang='lat' dir='ltr'><strong>passim</strong></span> <span class='ocrx_word' id='word_1_589' title='bbox 2799 4650 2853 4705; x_wconf 92' lang='lat' dir='ltr'><strong>in</strong></span> <span class='ocrx_word' id='word_1_590' title='bbox 2884 4650 2994 4705; x_wconf 89' lang='lat' dir='ltr'><strong>illis</strong></span> <span class='ocrx_word' id='word_1_591' title='bbox 3020 4662 3337 4720; x_wconf 90' lang='lat' dir='ltr'><strong>occurrunt,</strong></span> <span class='ocrx_word' id='word_1_592' title='bbox 3382 4657 3478 4707; x_wconf 86' lang='lat' dir='ltr'><strong>ad-</strong></span> 
     </span>
    </p>
   </div>
   <div class='ocr_carea' id='block_1_87' title="bbox 1920 4740 3481 4814">
    <p class='ocr_par' dir='ltr' id='par_1_87' title="bbox 1920 4740 3481 4814">
     <span class='ocr_line' id='line_1_87' title="bbox 1920 4740 3481 4814; baseline 0 -15"><span class='ocrx_word' id='word_1_593' title='bbox 1920 4743 2206 4799; x_wconf 89' lang='lat' dir='ltr'><strong>miratione</strong></span> <span class='ocrx_word' id='word_1_594' title='bbox 2251 4742 2550 4813; x_wconf 90' lang='lat' dir='ltr'><strong>perculsos.</strong></span> <span class='ocrx_word' id='word_1_595' title='bbox 2586 4740 2678 4797; x_wconf 89' lang='lat' dir='ltr'><strong>Sic</strong></span> <span class='ocrx_word' id='word_1_596' title='bbox 2722 4742 3056 4812; x_wconf 88' lang='lat' dir='ltr'><strong>Theophilus</strong></span> <span class='ocrx_word' id='word_1_597' title='bbox 3094 4743 3183 4798; x_wconf 89' lang='lat' dir='ltr'><strong>ille</strong></span> <span class='ocrx_word' id='word_1_598' title='bbox 3230 4743 3481 4814; x_wconf 81' lang='lat' dir='ltr'><strong>Origenl-</strong></span> 
     </span>
    </p>
   </div>
   <div class='ocr_carea' id='block_1_88' title="bbox 1919 4834 3478 4916">
    <p class='ocr_par' dir='ltr' id='par_1_88' title="bbox 1919 4834 3478 4916">
     <span class='ocr_line' id='line_1_88' title="bbox 1919 4834 3478 4916; baseline 0.002 -27"><span class='ocrx_word' id='word_1_599' title='bbox 1919 4837 2135 4903; x_wconf 83' lang='lat' dir='ltr'><strong>mastix,</strong></span> <span class='ocrx_word' id='word_1_600' title='bbox 2170 4844 2291 4905; x_wconf 91' lang='lat' dir='ltr'><strong>post</strong></span> <span class='ocrx_word' id='word_1_601' title='bbox 2317 4844 2571 4889; x_wconf 84' lang='lat' dir='ltr'><strong>vexatum</strong></span> <span class='ocrx_word' id='word_1_602' title='bbox 2614 4834 2811 4890; x_wconf 86' lang='lat' dir='ltr'><strong>misere</strong></span> <span class='ocrx_word' id='word_1_603' title='bbox 2838 4834 3300 4907; x_wconf 87' lang='lat' dir='ltr'><strong>Chrysostomum,</strong></span> <span class='ocrx_word' id='word_1_604' title='bbox 3332 4834 3478 4916; x_wconf 62' lang='lat' dir='ltr'><strong>Con&quot;-</strong></span> 
     </span>
    </p>
   </div>
   <div class='ocr_carea' id='block_1_89' title="bbox 1919 4924 3481 5003">
    <p class='ocr_par' dir='ltr' id='par_1_89' title="bbox 1919 4924 3481 5003">
     <span class='ocr_line' id='line_1_89' title="bbox 1919 4924 3481 5003; baseline 0.003 -23"><span class='ocrx_word' id='word_1_605' title='bbox 1919 4925 2267 5003; x_wconf 86' lang='lat' dir='ltr'><strong>stantinopoli</strong></span> <span class='ocrx_word' id='word_1_606' title='bbox 2296 4924 2680 4979; x_wconf 80' lang='lat' dir='ltr'><strong>Alexandriam</strong></span> <span class='ocrx_word' id='word_1_607' title='bbox 2711 4926 2903 4991; x_wconf 81' lang='lat' dir='ltr'><strong>redux,</strong></span> <span class='ocrx_word' id='word_1_608' title='bbox 2931 4942 3054 4981; x_wconf 89' lang='lat' dir='ltr'><strong>cum</strong></span> <span class='ocrx_word' id='word_1_609' title='bbox 3087 4937 3228 4983; x_wconf 88' lang='lat' dir='ltr'><strong>esset</strong></span> <span class='ocrx_word' id='word_1_610' title='bbox 3263 4930 3324 4982; x_wconf 84' lang='lat' dir='ltr'><strong>in</strong></span> <span class='ocrx_word' id='word_1_611' title='bbox 3356 4929 3481 4984; x_wconf 88' lang='lat' dir='ltr'><strong>Ori-</strong></span> 
     </span>
    </p>
   </div>
   <div class='ocr_carea' id='block_1_90' title="bbox 252 5010 3478 5093">
    <p class='ocr_par' dir='ltr' id='par_1_90' title="bbox 252 5010 3478 5093">
     <span class='ocr_line' id='line_1_90' title="bbox 252 5010 3478 5093; baseline 0 -18"><span class='ocrx_word' id='word_1_612' title='bbox 252 5022 416 5075; x_wconf 81' lang='lat' dir='ltr'><strong>sisse.</strong></span> <span class='ocrx_word' id='word_1_613' title='bbox 457 5020 605 5088; x_wconf 83' lang='lat' dir='ltr'><strong>Quod</strong></span> <span class='ocrx_word' id='word_1_614' title='bbox 655 5022 699 5077; x_wconf 90' lang='lat' dir='ltr'><strong>si</strong></span> <span class='ocrx_word' id='word_1_615' title='bbox 742 5023 809 5076; x_wconf 90' lang='lat' dir='ltr'><strong>de</strong></span> <span class='ocrx_word' id='word_1_616' title='bbox 840 5022 1092 5090; x_wconf 78' lang='lat' dir='ltr'><strong>Origenis</strong></span> <span class='ocrx_word' id='word_1_617' title='bbox 1141 5020 1340 5091; x_wconf 87' lang='lat' dir='ltr'><strong>peritia</strong></span> <span class='ocrx_word' id='word_1_618' title='bbox 1390 5021 1444 5075; x_wconf 92' lang='lat' dir='ltr'><strong>in</strong></span> <span class='ocrx_word' id='word_1_619' title='bbox 1478 5022 1813 5090; x_wconf 79' lang='lat' dir='ltr'><strong>exponendis</strong></span> <span class='ocrx_word' id='word_1_620' title='bbox 1845 5039 1889 5093; x_wconf 74' lang='grc' dir='ltr'><strong>Β</strong></span> <span class='ocrx_word' id='word_1_621' title='bbox 1918 5019 2070 5089; x_wconf 84' lang='lat' dir='ltr'><strong>genis</strong></span> <span class='ocrx_word' id='word_1_622' title='bbox 2099 5017 2328 5073; x_wconf 90' lang='lat' dir='ltr'><strong>lectione</strong></span> <span class='ocrx_word' id='word_1_623' title='bbox 2356 5010 2749 5086; x_wconf 88' lang='lat' dir='ltr'><strong>deprehensus,</strong></span> <span class='ocrx_word' id='word_1_624' title='bbox 2785 5019 2923 5073; x_wconf 88' lang='lat' dir='ltr'><strong>scite</strong></span> <span class='ocrx_word' id='word_1_625' title='bbox 2949 5017 3120 5084; x_wconf 79' lang='lat' dir='ltr'><strong>dixit,</strong></span> <span class='ocrx_word' id='word_1_626' title='bbox 3164 5021 3323 5073; x_wconf 85' lang='lat' dir='ltr'><strong>libros</strong></span> <span class='ocrx_word' id='word_1_627' title='bbox 3362 5014 3478 5089; x_wconf 83' lang='lat' dir='ltr'><strong>ejus</strong></span> 
     </span>
    </p>
   </div>
   <div class='ocr_carea' id='block_1_91' title="bbox 253 5102 1810 5184">
    <p class='ocr_par' dir='ltr' id='par_1_91' title="bbox 253 5102 1810 5184">
     <span class='ocr_line' id='line_1_91' title="bbox 253 5102 1810 5184; baseline 0.001 -16"><span class='ocrx_word' id='word_1_628' title='bbox 253 5114 550 5184; x_wconf 78' lang='lat' dir='ltr'><strong>Scripturis</strong></span> <span class='ocrx_word' id='word_1_629' title='bbox 586 5102 912 5183; x_wconf 84' lang='lat' dir='ltr'><strong>appellamus</strong></span> <span class='ocrx_word' id='word_1_630' title='bbox 940 5124 1176 5179; x_wconf 86' lang='lat' dir='ltr'><strong>veteres,</strong></span> <span class='ocrx_word' id='word_1_631' title='bbox 1220 5114 1397 5170; x_wconf 90' lang='lat' dir='ltr'><strong>studia</strong></span> <span class='ocrx_word' id='word_1_632' title='bbox 1436 5114 1490 5169; x_wconf 90' lang='lat' dir='ltr'><strong>in</strong></span> <span class='ocrx_word' id='word_1_633' title='bbox 1536 5117 1810 5171; x_wconf 86' lang='lat' dir='ltr'><strong>contraria</strong></span> 
     </span>
    </p>
   </div>
   <div class='ocr_carea' id='block_1_92' title="bbox 250 5206 1812 5277">
    <p class='ocr_par' dir='ltr' id='par_1_92' title="bbox 250 5206 1812 5277">
     <span class='ocr_line' id='line_1_92' title="bbox 250 5206 1812 5277; baseline 0 -16"><span class='ocrx_word' id='word_1_634' title='bbox 250 5207 599 5272; x_wconf 83' lang='lat' dir='ltr'><strong>scinduntur,</strong></span> <span class='ocrx_word' id='word_1_635' title='bbox 628 5216 687 5260; x_wconf 88' lang='lat' dir='ltr'><strong>ut</strong></span> <span class='ocrx_word' id='word_1_636' title='bbox 712 5207 852 5261; x_wconf 89' lang='lat' dir='ltr'><strong>inter</strong></span> <span class='ocrx_word' id='word_1_637' title='bbox 879 5206 1185 5261; x_wconf 87' lang='lat' dir='ltr'><strong>Catholicos</strong></span> <span class='ocrx_word' id='word_1_638' title='bbox 1214 5206 1361 5277; x_wconf 88' lang='lat' dir='ltr'><strong>ipsos</strong></span> <span class='ocrx_word' id='word_1_639' title='bbox 1387 5208 1560 5262; x_wconf 89' lang='lat' dir='ltr'><strong>sancti</strong></span> <span class='ocrx_word' id='word_1_640' title='bbox 1587 5208 1812 5272; x_wconf 90' lang='lat' dir='ltr'><strong>sanctis,</strong></span> 
     </span>
    </p>
   </div>
   <div class='ocr_carea' id='block_1_93' title="bbox 253 5299 1813 5371">
    <p class='ocr_par' dir='ltr' id='par_1_93' title="bbox 253 5299 1813 5371">
     <span class='ocr_line' id='line_1_93' title="bbox 253 5299 1813 5371; baseline 0 -17"><span class='ocrx_word' id='word_1_641' title='bbox 253 5301 582 5371; x_wconf 81' lang='lat' dir='ltr'><strong>martyribus</strong></span> <span class='ocrx_word' id='word_1_642' title='bbox 613 5310 908 5369; x_wconf 80' lang='lat' dir='ltr'><strong>repugnent</strong></span> <span class='ocrx_word' id='word_1_643' title='bbox 938 5311 1224 5371; x_wconf 84' lang='lat' dir='ltr'><strong>martyres.</strong></span> <span class='ocrx_word' id='word_1_644' title='bbox 1250 5299 1402 5353; x_wconf 90' lang='lat' dir='ltr'><strong>Illum</strong></span> <span class='ocrx_word' id='word_1_645' title='bbox 1429 5300 1519 5354; x_wconf 87' lang='lat' dir='ltr'><strong>alii</strong></span> <span class='ocrx_word' id='word_1_646' title='bbox 1547 5300 1679 5355; x_wconf 74' lang='lat' dir='ltr'><strong>velut</strong></span> <span class='ocrx_word' id='word_1_647' title='bbox 1702 5301 1813 5354; x_wconf 80' lang='lat' dir='ltr'><strong>luv-</strong></span> 
     </span>
    </p>
   </div>
   <div class='ocr_carea' id='block_1_94' title="bbox 324 5500 901 5576">
    <p class='ocr_par' dir='ltr' id='par_1_94' title="bbox 324 5500 901 5576">
     <span class='ocr_line' id='line_1_94' title="bbox 324 5500 901 5576; baseline 0 -22"><span class='ocrx_word' id='word_1_648' title='bbox 324 5500 396 5576; x_wconf 63' lang='lat' dir='ltr'><strong>(a)</strong></span> <span class='ocrx_word' id='word_1_649' title='bbox 438 5502 558 5576; x_wconf 61' lang='lat' dir='ltr'><strong>Lib.</strong></span> <span class='ocrx_word' id='word_1_650' title='bbox 587 5501 786 5576; x_wconf 79' lang='lat' dir='ltr'><strong>De_t_-ir.</strong></span> <span class='ocrx_word' id='word_1_651' title='bbox 822 5500 901 5554; x_wconf 85' lang='lat' dir='ltr'><strong>ill.</strong></span> 
     </span>
    </p>
   </div>
   <div class='ocr_carea' id='block_1_95' title="bbox 325 5571 1442 5651">
    <p class='ocr_par' dir='ltr' id='par_1_95' title="bbox 325 5571 1442 5651">
     <span class='ocr_line' id='line_1_95' title="bbox 325 5571 1442 5651; baseline 0.004 -26"><span class='ocrx_word' id='word_1_652' title='bbox 325 5571 394 5646; x_wconf 74' lang='grc' dir='ltr'>(ὁ)</span> <span class='ocrx_word' id='word_1_653' title='bbox 435 5573 553 5651; x_wconf 78' lang='lat' dir='ltr'><strong>l_.tb.</strong></span> <span class='ocrx_word' id='word_1_654' title='bbox 575 5571 808 5651; x_wconf 41' lang='lat' dir='ltr'><strong>vl‘llist.</strong></span> <span class='ocrx_word' id='word_1_655' title='bbox 836 5571 984 5651; x_wconf 58' lang='lat' dir='ltr'><strong>each,</strong></span> <span class='ocrx_word' id='word_1_656' title='bbox 1018 5588 1140 5645; x_wconf 87' lang='lat' dir='ltr'><strong>cap.</strong></span> <span class='ocrx_word' id='word_1_657' title='bbox 1174 5575 1239 5631; x_wconf 73' lang='lat'><strong>18</strong></span> <span class='ocrx_word' id='word_1_658' title='bbox 1270 5584 1325 5631; x_wconf 91' lang='lat' dir='ltr'><strong>et</strong></span> <span class='ocrx_word' id='word_1_659' title='bbox 1358 5576 1442 5631; x_wconf 87' lang='lat' dir='ltr'><strong>l9.</strong></span> 
     </span>
    </p>
   </div>
   <div class='ocr_carea' id='block_1_96' title="bbox 327 5642 1060 5717">
    <p class='ocr_par' dir='ltr' id='par_1_96' title="bbox 327 5642 1060 5717">
     <span class='ocr_line' id='line_1_96' title="bbox 327 5642 1060 5717; baseline 0.005 -22"><span class='ocrx_word' id='word_1_660' title='bbox 327 5642 394 5717; x_wconf 75' lang='grc' dir='ltr'><strong>(ς)</strong></span> <span class='ocrx_word' id='word_1_661' title='bbox 437 5646 587 5717; x_wconf 62' lang='lat' dir='ltr'><strong>hpttd</strong></span> <span class='ocrx_word' id='word_1_662' title='bbox 617 5643 820 5717; x_wconf 80' lang='lat' dir='ltr'><strong>Euseb.</strong></span> <span class='ocrx_word' id='word_1_663' title='bbox 850 5642 1060 5717; x_wconf 76' lang='lat' dir='ltr'><strong>ibidem.</strong></span> 
     </span>
    </p>
   </div>
   <div class='ocr_carea' id='block_1_97' title="bbox 328 5713 956 5785">
    <p class='ocr_par' dir='ltr' id='par_1_97' title="bbox 328 5713 956 5785">
     <span class='ocr_line' id='line_1_97' title="bbox 328 5713 956 5785; baseline -0.002 -18"><span class='ocrx_word' id='word_1_664' title='bbox 328 5713 402 5785; x_wconf 80' lang='lat' dir='ltr'><strong>td)</strong></span> <span class='ocrx_word' id='word_1_665' title='bbox 440 5714 493 5769; x_wconf 87' lang='grc' dir='ltr'>ιιι</span> <span class='ocrx_word' id='word_1_666' title='bbox 523 5713 956 5769; x_wconf 85' lang='lat' dir='ltr'><strong>Commauitorio.</strong></span> 
     </span>
    </p>
   </div>
   <div class='ocr_carea' id='block_1_98' title="bbox 1916 5110 3479 5179">
    <p class='ocr_par' dir='ltr' id='par_1_98' title="bbox 1916 5110 3479 5179">
     <span class='ocr_line' id='line_1_98' title="bbox 1916 5110 3479 5179; baseline 0.001 -16"><span class='ocrx_word' id='word_1_667' title='bbox 1916 5111 2111 5165; x_wconf 84' lang='lat' dir='ltr'><strong>similes</strong></span> <span class='ocrx_word' id='word_1_668' title='bbox 2167 5125 2278 5162; x_wconf 86' lang='lat' dir='ltr'><strong>esse</strong></span> <span class='ocrx_word' id='word_1_669' title='bbox 2338 5117 2491 5178; x_wconf 83' lang='lat' dir='ltr'><strong>prato</strong></span> <span class='ocrx_word' id='word_1_670' title='bbox 2551 5111 2692 5163; x_wconf 90' lang='lat' dir='ltr'><strong>omni</strong></span> <span class='ocrx_word' id='word_1_671' title='bbox 2747 5110 2939 5177; x_wconf 83' lang='lat' dir='ltr'><strong>ﬂorum</strong></span> <span class='ocrx_word' id='word_1_672' title='bbox 3003 5126 3186 5179; x_wconf 89' lang='lat' dir='ltr'><strong>genere</strong></span> <span class='ocrx_word' id='word_1_673' title='bbox 3238 5113 3479 5175; x_wconf 87' lang='lat' dir='ltr'><strong>consito;</strong></span> 
     </span>
    </p>
   </div>
   <div class='ocr_carea' id='block_1_99' title="bbox 1915 5200 3482 5273">
    <p class='ocr_par' dir='ltr' id='par_1_99' title="bbox 1915 5200 3482 5273">
     <span class='ocr_line' id='line_1_99' title="bbox 1915 5200 3482 5273; baseline 0.001 -17"><span class='ocrx_word' id='word_1_674' title='bbox 1915 5205 1959 5257; x_wconf 89' lang='lat' dir='ltr'><strong>si</strong></span> <span class='ocrx_word' id='word_1_675' title='bbox 1989 5203 2113 5273; x_wconf 88' lang='lat' dir='ltr'><strong>quid</strong></span> <span class='ocrx_word' id='word_1_676' title='bbox 2144 5202 2199 5255; x_wconf 88' lang='lat' dir='ltr'><strong>in</strong></span> <span class='ocrx_word' id='word_1_677' title='bbox 2244 5200 2307 5254; x_wconf 86' lang='lat' dir='ltr'><strong>iis</strong></span> <span class='ocrx_word' id='word_1_678' title='bbox 2354 5201 2545 5255; x_wconf 88' lang='lat' dir='ltr'><strong>bonum</strong></span> <span class='ocrx_word' id='word_1_679' title='bbox 2594 5203 2874 5268; x_wconf 86' lang='lat' dir='ltr'><strong>inveniret,</strong></span> <span class='ocrx_word' id='word_1_680' title='bbox 2917 5201 2972 5255; x_wconf 86' lang='lat' dir='ltr'><strong>id</strong></span> <span class='ocrx_word' id='word_1_681' title='bbox 3003 5219 3058 5255; x_wconf 87' lang='lat' dir='ltr'><strong>se</strong></span> <span class='ocrx_word' id='word_1_682' title='bbox 3098 5204 3401 5272; x_wconf 85' lang='lat' dir='ltr'><strong>decerpere;</strong></span> <span class='ocrx_word' id='word_1_683' title='bbox 3436 5201 3482 5257; x_wconf 82' lang='lat' dir='ltr'><strong>si</strong></span> 
     </span>
    </p>
   </div>
   <div class='ocr_carea' id='block_1_100' title="bbox 1913 5294 3482 5365">
    <p class='ocr_par' dir='ltr' id='par_1_100' title="bbox 1913 5294 3482 5365">
     <span class='ocr_line' id='line_1_100' title="bbox 1913 5294 3482 5365; baseline 0 -18"><span class='ocrx_word' id='word_1_684' title='bbox 1913 5296 2038 5360; x_wconf 87' lang='lat' dir='ltr'><strong>quid</strong></span> <span class='ocrx_word' id='word_1_685' title='bbox 2089 5295 2359 5362; x_wconf 87' lang='lat' dir='ltr'><strong>spinosum</strong></span> <span class='ocrx_word' id='word_1_686' title='bbox 2414 5294 2696 5361; x_wconf 80' lang='lat' dir='ltr'><strong>videretur,</strong></span> <span class='ocrx_word' id='word_1_687' title='bbox 2738 5295 2794 5349; x_wconf 91' lang='lat' dir='ltr'><strong>id</strong></span> <span class='ocrx_word' id='word_1_688' title='bbox 2842 5312 2896 5350; x_wconf 90' lang='lat' dir='ltr'><strong>se</strong></span> <span class='ocrx_word' id='word_1_689' title='bbox 2949 5307 3197 5365; x_wconf 86' lang='lat' dir='ltr'><strong>tanquam</strong></span> <span class='ocrx_word' id='word_1_690' title='bbox 3243 5294 3482 5349; x_wconf 85' lang='lat' dir='ltr'><strong>aculeum</strong></span> 
     </span>
    </p>
   </div>
   <div class='ocr_carea' id='block_1_101' title="bbox 1993 5497 2675 5571">
    <p class='ocr_par' dir='ltr' id='par_1_101' title="bbox 1993 5497 2675 5571">
     <span class='ocr_line' id='line_1_101' title="bbox 1993 5497 2675 5571; baseline -0.004 -14"><span class='ocrx_word' id='word_1_691' title='bbox 1993 5504 2062 5571; x_wconf 88' lang='lat' dir='ltr'><strong>(e)</strong></span> <span class='ocrx_word' id='word_1_692' title='bbox 2105 5502 2276 5571; x_wconf 85' lang='lat' dir='ltr'><strong>Epist.</strong></span> <span class='ocrx_word' id='word_1_693' title='bbox 2302 5501 2391 5566; x_wconf 61' lang='lat' dir='ltr'><strong>ill,</strong></span> <span class='ocrx_word' id='word_1_694' title='bbox 2424 5500 2561 5571; x_wconf 82' lang='lat' dir='ltr'><strong>alias</strong></span> <span class='ocrx_word' id='word_1_695' title='bbox 2585 5497 2675 5554; x_wconf 81' lang='grc'><strong>65.</strong></span> 
     </span>
    </p>
   </div>
   <div class='ocr_carea' id='block_1_102' title="bbox 1986 5563 3228 5645">
    <p class='ocr_par' dir='ltr' id='par_1_102' title="bbox 1986 5563 3228 5645">
     <span class='ocr_line' id='line_1_102' title="bbox 1986 5563 3228 5645; baseline -0.012 -16"><span class='ocrx_word' id='word_1_696' title='bbox 2094 5563 2249 5645; x_wconf 62' lang='lat' dir='ltr'><strong>Apud</strong></span> <span class='ocrx_word' id='word_1_697' title='bbox 2277 5563 2468 5645; x_wconf 66' lang='lat' dir='ltr'><strong>italia.</strong></span> <span class='ocrx_word' id='word_1_698' title='bbox 2503 5570 2595 5645; x_wconf 69' lang='lat' dir='ltr'><strong>lib.</strong></span> <span class='ocrx_word' id='word_1_699' title='bbox 2618 5584 2659 5645; x_wconf 31' lang='grc' dir='ltr'><strong>,ιι</strong></span> <span class='ocrx_word' id='word_1_700' title='bbox 2695 5575 2878 5621; x_wconf 83' lang='lat' dir='ltr'><strong>contra</strong></span> <span class='ocrx_word' id='word_1_701' title='bbox 2919 5563 3228 5630; x_wconf 83' lang='lat' dir='ltr'><strong>Ilicronym.</strong></span> 
     </span>
    </p>
   </div>
   <div class='ocr_carea' id='block_1_103' title="bbox 1987 5638 2720 5719">
    <p class='ocr_par' dir='ltr' id='par_1_103' title="bbox 1987 5638 2720 5719">
     <span class='ocr_line' id='line_1_103' title="bbox 1987 5638 2720 5719; baseline -0.041 -3"><span class='ocrx_word' id='word_1_702' title='bbox 2102 5638 2372 5708; x_wconf 71' lang='lat' dir='ltr'><strong>Pamphi‘l.</strong></span> <span class='ocrx_word' id='word_1_703' title='bbox 2404 5642 2457 5695; x_wconf 89' lang='lat' dir='ltr'><strong>in</strong></span> <span class='ocrx_word' id='word_1_704' title='bbox 2493 5638 2720 5708; x_wconf 74' lang='lat' dir='ltr'><strong>Apolog.</strong></span> 
     </span>
    </p>
   </div>
  </div>
