3952 6144
438 254 514 313 ‘15
1853 237 2239 297 PRAEFATIO.
3621 232 3688 286 ib

440 370 737 424 transilire.
770 368 916 423 Alios
950 366 1180 434 denique
1210 362 1424 416 disertis
1477 360 1658 415 verbis
1702 360 1857 412 fateri
1897 358 2014 425 plu-
2047 364 2085 412 Α
2120 352 2235 406 Tibi
2258 369 2380 421 ergo
2410 353 2463 403 in
2496 366 2596 420 quo
2626 354 2830 403 somnio
2856 349 3203 403 Alexandrini
3228 347 3453 401 carceris
3486 350 3689 399 revela-

446 464 580 517 rima
612 477 679 516 ex
709 461 865 515 libris
892 461 1007 532 ejus
1038 454 1239 526 percipi
1271 467 1429 523 posse
1461 450 1847 506 emolumenta.
1879 449 2009 515 Quis

442 555 735 616 ardentem,
764 552 943 619 inquit.
975 549 1330 619 Hieronymus
1356 548 1455 617 (a),
1494 547 1548 597 in
1579 543 1867 608 Scripturis
1894 544 2012 595 ani-

435 663 587 701 mum
618 662 718 699 non
764 642 1022 697 miretur?
1052 639 1202 705 Quod
1243 639 1286 692 si
1320 639 1435 705 quis
1475 633 1648 687 Judas
1681 630 1882 687 Zelotes
1917 649 2009 698 ap-

445 739 672 808 posuerit
696 753 897 791 errores
915 736 1050 803 ejus,
1068 733 1253 785 audiat
1285 730 1484 783 libere:

724 831 995 884 Interdum
1034 838 1260 894 magnus
1292 822 1551 894 dormitat
1583 819 1870 873 Homerus.

518 901 713 957 Verum
742 915 901 969 opere
932 899 984 952 in
1021 893 1180 963 longe
1210 894 1293 947 fas
1320 902 1403 946 est
1443 893 1709 959 obrepere
1739 903 2007 945 somnum.

1198 982 1453 1051 (Housm,
1476 982 1665 1037 inArte
1694 978 1941 1051 poetica.)

450 1108 573 1163 Non
602 1105 867 1160 imitemur
906 1103 1019 1172 ejus
1060 1102 1203 1166 vitia,
1236 1099 1387 1168 cujus
1425 1098 1640 1152 virtutes
1684 1111 1790 1150 non
1823 1110 2013 1163 possu-

446 1218 582 1256 mus.
617 1199 682 1254 Et
727 1195 1054 1252 Vincentius
1106 1190 1404 1245 Lirinensis
1448 1186 1545 1258 (b),
1590 1186 1781 1253 Tanta,
1820 1185 2013 1252 inquit,

444 1294 500 1346 in
538 1308 598 1343 eo
629 1290 787 1341 totius
816 1283 1123 1340 eruditionis
1157 1279 1570 1347 magniﬁcentia,
1600 1285 1655 1329 ut
1684 1291 1861 1329 onmes
1889 1290 2018 1342 pene

448 1389 742 1450 superaret,
778 1394 838 1430 ac
869 1392 1036 1444 pauca
1083 1375 1252 1441 forent
1297 1372 1511 1437 divinae,
1556 1384 1682 1438 pene
1730 1366 1877 1420 nulla
1919 1368 2017 1418 hu-

447 1489 619 1527 mantu
667 1470 1005 1537 philosophice
1050 1485 1164 1538 qutc
1215 1485 1318 1521 non
1362 1466 1571 1537 penitus
1622 1464 2013 1533 adsequeretur.

449 1564 586 1633 Ipsis
618 1564 800 1629 igitur,
846 1561 988 1630 apud
1023 1575 1160 1629 quos
1192 1559 1407 1613 violata“:
1438 1557 1561 1612 ﬁdei
1610 1570 1736 1611 reus
1766 1553 2014 1617 habetur,

451 1656 596 1710 ultro
642 1653 961 1717 fatentibus,
1000 1652 1269 1705 maximus
1296 1649 1460 1704 etiam
1495 1648 1547 1702 in
1579 1647 1779 1702 divinis
1812 1644 2019 1700 exstitit

449 1747 738 1819 Origenes.

522 1838 704 1908 Neque
738 1848 822 1894 est
854 1838 993 1905 quod
1032 1837 1200 1897 dicas,
1243 1834 1327 1887 vix
1366 1833 1525 1887 hodie
1565 1832 1698 1887 certi
1746 1829 2018 1899 quidpiam

456 1946 519 1987 ex
546 1932 659 1998 ejus
699 1931 918 1999 scriptis
960 1930 1075 1986 erui
1112 1944 1311 1997 posse:
1349 1928 1542 1982 inﬁdas
1590 1924 1793 1993 quippe
1819 1922 1898 1976 eis
1928 1919 2024 1973 ad-

453 2023 685 2077 movisse
721 2016 909 2076 inanus
945 2022 1304 2076 maleferiatos
1332 2028 1385 2076 et
1428 2019 1714 2073 haereticos
1745 2014 2018 2077 homines,

453 2116 544 2185 qui
576 2115 756 2184 spuria
790 2129 1005 2184 quaque
1034 2124 1084 2168 et
1117 2115 1295 2169 aliena
1326 2126 1548 2183 prorsus
1576 2125 1741 2178 opera
1772 2108 1873 2163 sub
1903 2106 2024 2176 ejus

456 2207 679 2260 nomine
718 2206 1007 2270 ediderint,
1035 2207 1236 2275 quique
1268 2205 1319 2259 id
1348 2218 1517 2275 genus
1558 2202 1861 2256 facinorum
1902 2205 2025 2267 post

453 2299 571 2369 ejus
630 2307 855 2351 mortem
914 2298 1341 2367 perpetraverint
1392 2295 1584 2365 majori
1644 2292 2022 2355 confidentia;

456 2406 703 2460 magnam
758 2399 1015 2459 prseterea
1062 2388 1313 2457 Origenis
1359 2402 1585 2456 operum
1640 2394 1848 2455 partem
1900 2383 2022 2436 sine

457 2480 646 2537 Grzeco
679 2495 930 2539 sermone
958 2480 1114 2532 hodie
1143 2477 1483 2530 circumferri
1499 2490 1565 2532 ex
1598 2474 1713 2528 sola
1755 2473 2022 2539 interpre-

458 2496 646 2537 ωηιξοο
708 2496 930 2534 ermone
958 2496 1114 2532 liOtlte
1143 2496 1483 2530 Clrcumterrt
1499 2496 1565 2532 ex
1598 2496 1713 2528 sum
1756 2496 2022 2539 Illtcrprc-

458 2496 890 2635 tationeiluﬁni,
919 2572 1069 2639 cujus
1098 2573 1240 2625 fluxa
1276 2580 1359 2624 est
1388 2568 1678 2621 admodum
1722 2564 1886 2628 ﬁdes;
1921 2577 2025 2617 nec

458 2680 616 2737 posse
665 2663 974 2737 quempiam
1024 2662 1148 2716 inde
1192 2674 1374 2715 veram
1427 2654 1737 2713 Adamantii
1784 2664 2022 2709 mentem

456 2756 747 2827 expiscari.
777 2754 996 2809 Multum
1034 2754 1178 2808 enim
1221 2752 1373 2806 abest
1403 2760 1461 2804 ut
1492 2749 1564 2804 sit
1604 2749 1721 2809 haec
1763 2745 2020 2801 librorum

456 2852 574 2921 ejus
602 2860 711 2904 tam
749 2847 1025 2918 explorata
1055 2843 1403 2906 adulteratio,
1433 2856 1600 2911 quam
1633 2839 1852 2893 videtur
1885 2852 2022 2891 non-

459 2943 642 2999 nullis.
668 2940 891 2995 Constat
915 2938 1131 3007 quidem
1158 2933 1365 3003 aliquot
1392 2931 1678 2987 hazreticos
1706 2930 1825 2997 ipso
1850 2929 2025 2984 adhuc

2117 458 2227 500 tum
2262 456 2360 510 est,
2392 456 2444 498 ut
2479 462 2596 516 qua:
2624 444 2711 497 ille
2753 460 2871 497 vera
2900 442 3196 512 proﬁtetur,
3239 441 3437 510 falsata
3487 439 3692 506 con/in-

2113 556 2205 607 gas
2227 538 2253 591 ξ’
2279 538 2381 591 Sed
2412 538 2635 606 forsitan
2678 536 2787 599 hic,
2823 543 2880 588 ut
2909 536 3163 597 Arianus,
3200 534 3263 586 ab
3293 532 3551 585 hwreticis
3586 529 3687 584 ad-

2117 633 2228 685 dita
2263 633 2316 683 in
2350 631 2674 684 occasionem
2712 629 2794 682 sui
2830 628 2991 681 traxit
3027 627 3243 692 erroris,
3290 641 3350 677 ne
3383 625 3525 677 solus
3554 623 3689 676 male

2124 725 2349 778 sensisse
2417 734 2600 775 contra
2644 720 2937 775 Ecclesium
2981 730 3294 789 putaretur:
3319 721 3444 787 quid
3477 734 3690 785 respon-

2116 814 2259 866 debis
2291 829 2386 880 pro
2425 810 2670 881 Didyme,
2702 812 2790 880 qui
2836 821 2971 863 certe
3007 813 3059 862 in
3094 808 3353 862 Trinitate
3385 807 3688 861 Catholicus

2115 906 2228 957 est?
2260 903 2410 955 Certe
2444 902 2527 954 hic
2574 902 2629 954 in
2675 902 2755 954 his
2796 917 2913 970 quae
2948 904 3013 953 ab
3046 901 3306 953 haereticis
3342 900 3396 953 in
3449 900 3688 969 aperibus

2116 994 2304 1046 addita
2350 1006 2492 1057 sunt,
2524 995 2821 1046 consentire
2876 1009 2977 1045 non
3010 994 3201 1058 potuit,
3233 1003 3281 1044 et
3316 993 3367 1044 in
3402 993 3527 1060 ipsis
3556 992 3690 1062 Περὶ

2115 1086 2298 1159 ἀρχῶν
2322 1103 2450 1154 quos
2476 1096 2532 1139 tu
2564 1087 2936 1151 interpretatus
2967 1100 3045 1151 es,
3076 1083 3222 1137 libris
3252 1085 3422 1136 breves
3471 1086 3688 1137 dictarit

2116 1176 2572 1232 commentariolos
2594 1177 2778 1247 quibus
2798 1192 2899 1228 non
2924 1185 3134 1245 negaret
3159 1176 3222 1228 ab
3246 1174 3471 1244 Origene
3496 1178 3691 1244 scripta

2118 1286 2235 1339 qua:
2283 1268 2478 1338 scripta
2519 1279 2661 1332 sunt,
2718 1266 2809 1319 sed
2861 1283 2954 1319 nos
2996 1267 3260 1334 simplices
3311 1265 3543 1318 homines
3588 1282 3692 1318 non

2117 1377 2268 1429 posse
2293 1359 2583 1429 intelligere
2625 1375 2739 1429 qua:
2781 1358 3054 1421 dicuntur,
3095 1366 3146 1412 et
3190 1375 3291 1427 quo
3322 1374 3475 1411 sensu
3511 1358 3566 1411 in
3598 1359 3691 1410 bo-

2119 1467 2240 1503 nam
2271 1462 2474 1519 partem
2506 1452 2671 1518 accipi
2699 1450 2922 1502 debeant
2947 1449 3267 1518 persuadere
3286 1460 3534 1503 conatur.
3578 1447 3693 1501 [loc

2113 1542 2379 1596 duntaxat
2410 1543 2472 1595 de
2505 1540 2645 1593 Filio
2668 1550 2715 1593 et
2740 1538 2939 1608 Spiritu
2968 1550 3174 1599 sancto.
3200 1539 3455 1594 Craterum
3485 1541 3539 1595 in
3571 1540 3694 1593 aliis

2122 1635 2452 1704 dogmatibus
2476 1645 2523 1687 et
2555 1633 2814 1686 Eusebius
2850 1644 2895 1685 et
2934 1633 3190 1701 Didymus
3213 1644 3390 1701 aperte
3416 1635 3468 1687 in
3502 1631 3691 1703 Orige-

2051 1708 2093 1763 Β
2124 1727 2203 1779 nis
2236 1728 2369 1778 scita
2400 1725 2709 1787 concedunt,
2742 1732 2791 1776 et
2842 1724 2980 1792 quod
3023 1740 3202 1778 omnes
3232 1724 3485 1778 Ecclesia:
3518 1741 3694 1791 repro-

2123 1820 2269 1881 bant,
2290 1818 2543 1872 catholice
2568 1824 2618 1869 et
2643 1816 2726 1883 pie
2751 1815 2951 1868 dictum
2976 1831 3085 1868 esse
3107 1816 3411 1884 defendunt.
3428 1815 3693 1870 Praeterea

2122 1912 2362 1973 unicum,
2388 1910 2530 1978 quod
2576 1907 2737 1961 affert
2768 1906 3014 1969 Ruﬁnus,
3048 1916 3448 1975 argumentum,
3480 1912 3538 1960 ut
3565 1921 3693 1974 pro-

2123 2001 2211 2055 bet
2243 1999 2489 2071 Origenis
2521 2015 2685 2070 Opera
2737 1999 2906 2054 fuisse
2938 1999 3006 2053 ab
3053 1996 3324 2051 haereticis
3350 1996 3562 2061 vitiata,
3596 2010 3695 2064 pe.-

2126 2095 2257 2148 titur
2282 2111 2346 2149 ex
2378 2094 2510 2149 locis
2546 2095 2687 2148 inter
2719 2109 2779 2148 se
2810 2092 3197 2163 pugnantibus,
3226 2086 3527 2156 cuiusmodi
3558 2102 3697 2142 non-

2126 2188 2273 2241 nulla
2307 2189 2360 2243 in
2394 2189 2496 2241 hoc
2529 2188 2796 2257 scriptore
2841 2184 3245 2257 deprehendere
3280 2182 3384 2237 sibi
3414 2183 3565 2236 visus
3590 2191 3692 2235 est.

2133 2281 2348 2344 Verum,
2388 2280 2562 2349 inquit
2615 2278 3103 2351 llieronymus(e),
3159 2278 3201 2330 si
3250 2276 3577 2339 conceditur,
3635 2285 3693 2327 ut

2127 2373 2377 2445 quidquid
2406 2375 2459 2425 iu
2495 2373 2642 2424 libris
2688 2372 2921 2425 omnium
2960 2370 3214 2439 reperitur
3255 2370 3598 2433 contrarium,
3628 2368 3695 2419 ab

2128 2465 2253 2519 aliis
2281 2472 2581 2527 corruptum
2606 2463 2695 2527 sit,
2744 2463 2876 2515 nihil
2914 2478 3093 2516 eorum
3132 2462 3230 2515 erit
3273 2476 3492 2530 quorum
3524 2458 3699 2529 fertur

2127 2558 2447 2626 nominibus,
2475 2559 2565 2613 sed
2601 2558 2682 2612 his
2714 2558 3073 2625 deputabitur,
3098 2575 3129 2610 a
3151 2558 3337 2627 quibus
3363 2554 3563 2607 dicitur
3586 2568 3697 2606 esse

2126 2654 2747 2723 violatum:quanquam
2798 2663 2844 2705 et
2892 2652 3105 2705 illorum
3150 2667 3253 2704 non
3299 2651 3417 2712 erit,
3467 2665 3693 2716 quorum

2123 2748 2322 2801 incerta
2357 2757 2477 2801 sunt
2510 2747 2747 2801 nomina.
2782 2747 2944 2816 Atque
2968 2746 3039 2797 ita
3061 2747 3171 2814 ﬁet,
3199 2753 3257 2797 ut
3289 2744 3414 2795 dum
3460 2743 3694 2794 omnium

2124 2838 2303 2890 omnia
2342 2846 2484 2899 sunt,
2535 2836 2664 2889 nihil
2701 2834 2926 2903 alicujus
2956 2835 3045 2888 sit.
3086 2833 3197 2886 "ac
3229 2833 3548 2903 defensionis
3578 2848 3695 2898 per-

2128 2929 2425 2981 turbatione
2456 2943 2545 2979 nec
2576 2926 2843 2988 Marcion,
2882 2942 2971 2979 nec
3009 2925 3355 2988 Manichaeus,
3387 2942 3477 2979 nec
3513 2924 3692 2985 Arius,

464 3037 679 3089 vivente
728 3044 794 3085 eo
848 3028 1088 3082 audaciae
1134 3022 1445 3088 devenisse,
1489 3032 1547 3075 ut
1586 3034 1653 3074 ex
1702 3018 1855 3074 libris
1911 3017 2025 3085 ejus
2053 3045 2095 3101 ε
2130 3035 2221 3073 nec
2245 3016 2544 3071 Eunomius
2574 3018 2815 3070 accusari
2850 3027 3117 3084 poterunt,
3159 3018 3282 3086 quia
3322 3017 3571 3087 quidquid
3601 3029 3691 3066 nos

463 3125 726 3198 quosdam
783 3119 1165 3190 corruperint,
1218 3128 1272 3174 et
1333 3116 1439 3170 alia
1494 3114 1593 3167 sub
1642 3111 1758 3181 ejus
1810 3112 2027 3165 nomine

462 3214 837 3287 evulgavcrint
893 3211 1127 3281 scripta,
1171 3209 1260 3264 ubi
1318 3222 1381 3261 ea
1437 3205 1623 3260 dicere
1685 3203 2025 3271 ﬁngebatur,

463 3324 585 3380 quae
620 3318 897 3374 nunquam
929 3302 977 3356 ei
1012 3309 1272 3355 venerant
1316 3298 1368 3350 in
1409 3306 1647 3350 mentem
1698 3291 1789 3364 (ε).
1829 3291 2024 3347 Verum

464 3398 787 3456 brevissimo
841 3392 1095 3461 temporis
1146 3388 1430 3444 intervallo
1484 3388 1690 3442 detecta
1745 3384 1897 3440 fraus
1947 3396 2031 3440 est

465 3511 574 3552 non
612 3493 729 3548 sine
772 3487 978 3559 ingenti
1030 3483 1372 3539 falsariorum
1412 3482 1700 3547 dedecore,
1749 3491 2028 3552 postquam

465 3599 683 3642 suorum
718 3583 831 3652 ipse
883 3590 1108 3649 operum
1160 3573 1480 3629 authentica
1527 3572 1863 3642 exemplaria
1908 3585 2031 3641 pro-

467 3677 620 3741 tulit,
663 3673 765 3728 alia
820 3671 921 3726 sibi
974 3666 1110 3721 falso
1158 3664 1436 3734 supposita
1484 3663 1656 3718 fuisse
1720 3662 1895 3732 palam
1955 3672 2032 3717 te-

466 3778 659 3826 status.
723 3762 1081 3831 Quamobrem
1162 3760 1426 3815 librorum
1486 3755 1606 3824 ejus
1675 3754 2031 3820 adulteratio,

464 3862 679 3916 vivente
731 3858 849 3927 ipso
913 3854 983 3909 ab
1028 3852 1298 3909 haereticis
1362 3859 1606 3913 tentata,
1665 3848 1895 3918 posteris
1934 3863 2032 3901 no-

466 3967 592 4011 cere
634 3965 739 4006 non
789 3946 1002 4019 potuit:
1053 3959 1225 4014 neque
1267 3943 1414 3999 enim
1460 3940 1754 3997 verisimile
1796 3949 1882 3995 est
1928 3940 2031 3994 Ca-

469 4044 715 4111 tholicos,
746 4040 943 4097 auditis
968 4052 1030 4093 ea
1056 4037 1124 4091 de
1176 4051 1233 4091 re
1271 4034 1521 4100 Origenis
1558 4032 1816 4103 querelis,
1868 4030 2034 4086 libros

466 4155 607 4210 quos
652 4133 894 4192 haaretici
936 4129 1292 4186 subdiderant
1332 4125 1487 4181 ﬁctos
1535 4134 1591 4180 et
1634 4122 2034 4178 commentitios

466 4229 789 4303 posthabitis
836 4221 1191 4291 exseripsisse
1267 4218 1411 4273 veris
1486 4216 1824 4287 sincerisque
1882 4214 2034 4269 libris

466 4340 603 4397 quos
649 4319 960 4378 exhibebat.
1020 4314 1227 4370 Deinde
1277 4321 1404 4384 post
1452 4310 1569 4379 ejus
1625 4319 1883 4375 mortem,
1928 4324 2033 4379 qua

2131 3110 2195 3162 ab
2224 3110 2306 3163 his
2345 3110 2505 3177 impie
2536 3108 2732 3160 dictum
2783 3106 3148 3176 objecerimus,
3192 3106 3435 3175 discipuli
3480 3120 3692 3173 respon-

2130 3200 2322 3255 debunt
2354 3216 2458 3253 non
2495 3216 2527 3251 a
2563 3200 2825 3269 magistris
2850 3205 2956 3251 suis
2999 3199 3074 3250 ita
3107 3199 3326 3263 editum,
3374 3197 3465 3250 sed
3500 3197 3563 3250 ab
3592 3196 3695 3248 ini-

2131 3296 2277 3349 micis
2326 3309 2434 3347 esse
2486 3292 2763 3346 violatum.
2799 3291 2911 3345 [loc
2960 3308 3144 3361 genere
3189 3302 3233 3344 et
3278 3294 3374 3343 iste
3412 3291 3518 3355 ipse
3574 3298 3692 3341 tuus

2130 3389 2285 3453 liber,
2311 3398 2431 3442 tuus
2462 3402 2566 3440 non
2592 3386 2714 3452 erit,
2744 3387 2832 3439 sed
2860 3384 3084 3453 forsitan
3114 3399 3292 3444 meus;
3313 3392 3359 3435 et
3385 3397 3525 3434 meus
3541 3380 3691 3439 liber.

2130 3498 2230 3547 quo
2259 3481 2352 3534 tibi
2382 3487 2658 3532 accusatus
2690 3478 3000 3547 respondeo,
3030 3476 3075 3528 si
3102 3474 3156 3528 in
3177 3474 3265 3527 illo
3294 3472 3494 3543 aliquid
3521 3487 3693 3541 repre-

2133 3573 2394 3635 henderis,
2421 3587 2522 3624 non
2550 3570 2645 3623 erit
2682 3584 2847 3635 meus,
2878 3568 2967 3621 sed
3010 3576 3128 3619 tuus
3157 3582 3190 3618 a
3231 3581 3331 3636 quo
3364 3561 3693 3633 reprehendi-

2133 3675 2239 3718 tur.
2266 3660 2333 3716 Et
2362 3663 2487 3715 dum
2521 3661 2697 3714 omnia
2735 3660 2804 3712 ad
2835 3659 3107 3711 Inereticos
3138 3656 3324 3726 refers,
3350 3655 3477 3725 quid
3534 3651 3694 3705 eccle—

2132 3756 2356 3812 siasticis
2391 3754 2608 3818 tribues,
2651 3752 2838 3822 quibus
2889 3750 3155 3821 proprium
3213 3746 3346 3801 nihil
3404 3744 3695 3815 relinquis?

2133 3844 2204 3899 Et
2232 3846 2511 3919 quomodo,
2546 3844 2776 3913 inquies,
2830 3842 2885 3895 in
2926 3840 3075 3895 libris
3121 3857 3299 3896 eorum
3334 3840 3519 3892 vitiosa
3558 3853 3692 3890 non-

2136 3937 2286 3991 nulla
2332 3938 2490 3991 sunt?
2518 3934 2577 3989 Si
2624 3950 2702 3987 me
2745 3950 2930 3987 causas
2958 3934 3203 3987 vitiorum
3248 3931 3442 3983 nescire
3479 3945 3695 3997 respon-

2134 4033 2280 4096 dero,
2314 4045 2417 4083 non
2440 4026 2619 4080 statim
2645 4025 2765 4079 illos
2787 4025 3058 4079 hazreticos
3073 4022 3350 4094 judicnbo.
3383 4019 3528 4075 Fieri
3556 4020 3692 4074 enim

2134 4130 2323 4191 potest,
2372 4130 2426 4172 ut
2466 4119 2545 4173 vel
2592 4117 2897 4186 simpliciter
2934 4118 3241 4182 erraverint,
3276 4112 3352 4169 vel
3395 4113 3501 4165 alio
3537 4126 3693 4165 sensu

2135 4215 2452 4283 scripserint,
2489 4212 2565 4267 uel
2605 4222 2742 4264 certe
2777 4218 3056 4281 antequam
3091 4211 3142 4262 in
3183 4206 3505 4261 Alexandria
3543 4205 3694 4273 quasi

2135 4307 2451 4360 daemonium
2478 4304 2826 4358 meridianum
2852 4304 3004 4357 Arius
3044 4312 3368 4365 nasceretur,
3394 4300 3693 4354 innocenter

468 4394 647 4488 specie
691 4416 936 4471 veritatis
981 4418 1164 4465 movet
1204 4408 1321 4463 hinc
1365 4404 1726 4461 adulterabio?
1780 4403 2030 4467 Ruﬁnus,
2059 4402 2110 4460 D
2135 4397 2375 4465 quasdam
2404 4407 2452 4451 et
2482 4396 2652 4449 minus
2704 4407 2852 4449 caute
2896 4394 3054 4447 locuti
3080 4394 3181 4446 sint
3222 4403 3272 4445 et
3306 4408 3422 4461 qua:
3451 4407 3553 4445 non
3574 4406 3695 4458 pos-

470 4520 525 4566 et
572 4509 708 4563 alter
765 4504 1071 4576 apologista
1127 4501 1283 4571 cujus
1341 4498 1591 4555 meminit
1655 4497 1877 4553 Photius
1937 4511 2031 4550 co-

470 4602 591 4656 dice
629 4597 763 4663 M7,
813 4594 913 4650 soli
964 4602 1091 4647 sunt.
1143 4591 1236 4659 qui
1294 4591 1399 4643 hoc
1447 4587 1643 4658 eii‘ugio
1689 4598 1935 4651 utantur,
1977 4594 2035 4639 ut

471 4707 597 4749 eum
630 4690 698 4744 ab
729 4686 978 4756 impactis
1006 4682 1215 4738 violatae
1249 4681 1370 4735 ﬁdei
1421 4680 1737 4735 criminibus
1779 4679 2026 4733 liberant.

474 4785 621 4841 Scite
649 4780 903 4842 observat
933 4777 1297 4845 Hieronymus
1342 4772 1743 4843 depravationis
1768 4769 2033 4840 ejusmodi

472 4878 799 4935 mentionem
836 4872 1035 4927 factam
1068 4883 1174 4923 non
1206 4881 1326 4922 esse
1382 4864 1435 4918 in
1466 4863 1724 4934 Apologia
1766 4878 1860 4932 pro
1905 4858 2033 4914 Ori-

472 4986 618 5042 gene,
652 4980 817 5036 quam
848 4963 941 5018 uni
990 4959 1214 5031 martyri
1242 4957 1524 5028 Pamphilo
1565 4955 1753 5011 tribuit
1784 4952 2030 5011 Rufinus.

474 5061 719 5133 quamvis
761 5056 1104 5129 praestantior
1135 5068 1263 5124 pars
1309 5050 1541 5106 Eusebio
1586 5046 1857 5117 Pamphili
1891 5044 2033 5099 refe-

472 5155 640 5211 renda
687 5154 758 5208 sit
802 5159 1045 5221 accepta.
1102 5145 1195 5201 Vir
1237 5145 1575 5199 doctissimus
1632 5139 1911 5203 Eusebius,
1953 5136 2034 5189 in—

473 5246 593 5316 quit
616 5246 807 5313 (d),....
832 5258 922 5311 per
948 5256 1039 5295 sea:
1062 5238 1325 5293 volumina
1348 5233 1477 5289 nihil
1502 5232 1647 5286 aliud
1686 5231 1812 5301 egit,
1848 5230 1949 5282 nisi
1976 5239 2033 5281 ut

475 5336 751 5406 Origenem
778 5348 887 5386 sua:
917 5328 1158 5384 ostendat
1181 5327 1329 5395 ﬁdei,
1357 5325 1411 5378 id
1437 5337 1512 5378 est
1536 5323 1750 5377 Ariona:
1776 5320 2030 5391 perﬁdiie,

474 5439 517 5479 et
562 5425 732 5479 multa
771 5423 915 5493 ponit
959 5425 1211 5489 exempla,
1250 5429 1298 5472 et
1345 5421 1441 5472 hoc
1475 5424 1775 5471 constanter
1823 5414 2029 5485 probat.

548 5563 623 5630 (a)
664 5558 885 5630 Eprll,
912 5557 1047 5630 alias
1074 5556 1163 5630 65.

547 5628 622 5699 (b)
661 5628 723 5684 ln'
743 5628 1177 5699 Commonitorio.

549 5704 618 5772 (ε)
658 5700 789 5755 Vide
812 5699 967 5769 epist.
989 5698 1055 5751 ad
1086 5698 1289 5752 amicos
1316 5698 1469 5753 Alex.

2135 4490 2240 4542 sint
2298 4503 2653 4550 perversurum
2702 4487 2973 4540 hominum
3026 4484 3341 4537 calumniam
3404 4481 3690 4536 declinare.

2135 4579 2339 4636 Deinde
2372 4580 2511 4635 hanc
2556 4577 3003 4635 deformationem
3048 4576 3275 4630 Rufinus
3324 4575 3694 4629 tantummodo

2136 4672 2369 4743 ponebat
2400 4673 2455 4728 iu
2482 4672 2690 4742 aliquot
2715 4671 2980 4728 librorum
3011 4670 3153 4739 Περὶ
3193 4667 3392 4739 ἀρχῶν
3416 4669 3550 4724 locis
3578 4683 3695 4738 quae

2135 4767 2425 4823 Catholicae
2475 4766 2540 4821 de
2572 4765 2839 4820 'l‘rinitate
2870 4763 2997 4817 ﬁdei
3029 4763 3352 4819 videbamur
3382 4758 3695 4825 adversari;

2137 4860 2250 4926 sed,
2295 4870 2353 4914 ut
2393 4857 2505 4927 jam
2540 4859 2793 4922 diximus,
2831 4857 3017 4911 eadem
3067 4855 3181 4925 ipso
3213 4854 3329 4909 loca
3373 4868 3470 4923 pro
3502 4853 3695 4922 genui-

2136 4954 2219 5009 nis
2240 4968 2505 5024 aguovere
2539 4952 2802 5006 Eusebius
2830 4960 2883 5005 et
2909 4950 3185 5020 Didymus,
3220 4952 3320 5002 hoc
3354 4961 3461 5001 uno
3490 4945 3689 5000 discri-

2137 5047 2302 5108 mine.
2329 5047 2469 5115 quod
2500 5045 2614 5098 haec
2668 5044 2759 5098 ille
2805 5043 2871 5096 ad
2920 5042 3204 5103 Arianum,
3241 5039 3329 5093 hic
3360 5040 3426 5092 ad
3457 5036 3693 5093 Catholi-

2135 5154 2257 5192 cmn
2303 5152 2520 5193 sensum
2567 5137 2821 5192 brevibus
2871 5133 3093 5188 scholiis
3148 5133 3416 5187 trahebat.
3472 5126 3696 5195 Insuper

2135 5246 2468 5301 quaecunque
2500 5246 2530 5284 a
2565 5229 2840 5284 veteribus
2876 5227 2928 5280 in
2979 5225 3319 5295 Origenianis
3366 5223 3581 5289 scriptis
3614 5236 3698 5274 re-

2138 5323 2493 5391 prehensione
2544 5330 2600 5375 et
2643 5336 2871 5374 censura
2924 5318 3083 5387 digna
3116 5318 3230 5372 visa
3276 5324 3419 5378 sunt,
3472 5329 3533 5369 ea
3587 5328 3695 5367 non

2138 5429 2263 5482 uno,
2288 5414 2496 5468 duobus
2531 5413 2771 5468 tribusve
2807 5409 3103 5466 euuutiatis
3135 5410 3487 5465 continentur
3516 5420 3633 5477 quae
3664 5417 3699 5461 ο

2209 5551 2286 5617 (tl)
2315 5550 2431 5604 Lib.
2466 5564 2504 5603 tt
2533 5547 2734 5600 advers.
2756 5544 2954 5612 Ruﬁn.,
2990 5560 3042 5612 p.
3071 5544 3197 5597 407.

2210 5624 2276 5691 te)
2313 5621 2472 5685 lbid.,
2508 5635 2559 5688 p.
2587 5618 2711 5671 409.
