3952 6144
256 391 321 445 17
1664 392 2044 448 ΡΒίΕἘΛΤίΟ.
3419 393 3489 451 ίδ

254 504 382 559 solis
406 502 542 570 Περὶ
573 501 772 572 ἀρχῶν
802 502 955 558 libris
984 515 1240 573 excerpta
1275 506 1407 568 sint,
1447 515 1503 559 et
1535 506 1601 559 ab
1630 504 1820 575 Orige-
1848 511 1892 565 Α
1925 505 2175 574 Origenes
2215 507 2277 560 de
2312 504 2473 560 Patre
2498 516 2544 560 et
2578 504 2715 560 Filio
2747 518 2790 560 et
2827 504 3026 574 Spiritu
3052 515 3233 560 sancta
3253 508 3486 574 dixerat,

253 596 411 648 uiano
461 595 740 663 proposito
781 595 1223 664 disjunctissima.
1259 597 1467 665 Corpus
1518 598 1689 667 ipsum
1732 608 1815 652 est

252 686 589 754 Origeuianze
642 687 935 750 doctrinae,
997 700 1372 756 argumentum
1430 689 1614 757 operis
1674 690 1811 757 Περὶ

248 778 467 848 ἀρχῶν,
497 778 841 832 fundamenta
870 779 1067 849 quibus
1098 778 1363 849 integrum
1396 781 1591 835 nititur
1621 780 1810 849 Orige-

251 872 329 925 nis
357 881 618 942 systema,
654 872 940 933 columine,
989 887 1219 940 quarum
1265 888 1370 927 una
1402 888 1590 927 eversa
1645 883 1811 927 totum

250 978 403 1017 ruere
434 978 653 1018 necesse
672 972 753 1017 est
777 964 1084 1018 aediﬁcium.
1125 965 1365 1034 Denique
1392 980 1511 1033 quae
1540 966 1813 1019 veteribus

247 1054 375 1109 vitia
409 1055 521 1108 visa
553 1066 680 1108 sunt
715 1055 766 1108 in
792 1055 1107 1124 IibrisHepl
1144 1056 1365 1125 ἀρχῶν,
1394 1055 1591 1111 eadem
1628 1057 1812 1112 videas

247 1145 298 1199 in
330 1128 450 1200 aliis
472 1146 630 1213 hujus
653 1145 933 1214 scriptoris
959 1146 1215 1214 operibus
1241 1148 1523 1216 dispersa;
1563 1147 1811 1201 doctrina

248 1237 443 1315 ubique
476 1237 687 1299 eadem,
723 1238 916 1291 eadem
939 1226 1248 1309 'siugularia
1286 1239 1484 1303 ubique
1516 1247 1647 1293 sunt
1689 1240 1809 1308 opi~

246 1341 517 1383 namenta.
564 1330 696 1394 Quis
752 1343 911 1396 porro
965 1330 1290 1383 inanimum
1345 1330 1566 1384 inducat
1625 1344 1810 1395 suum,

243 1421 428 1474 omnia
477 1420 635 1474 simul
692 1419 945 1488 Origenis
990 1436 1155 1489 opera
1207 1436 1437 1488 quorum
1472 1420 1659 1489 ingens
1694 1431 1811 1475 erat

245 1529 527 1575 numerus,
562 1513 732 1568 fuisse
763 1514 829 1567 ab
862 1514 1136 1567 haereticis
1172 1513 1496 1575 deformata,
1553 1524 1807 1580 perversa

242 1612 298 1658 et
321 1606 670 1668 conturbata,
705 1606 776 1659 ita
824 1617 881 1660 ut
935 1620 1001 1659 ne
1035 1621 1202 1659 unum
1235 1608 1454 1674 quidem
1488 1607 1811 1661 remanserit

242 1698 384 1765 quod
414 1696 607 1750 inﬁdas
633 1712 820 1750 eorum
854 1710 1045 1750 manus
1071 1694 1341 1765 effugerit,
1377 1711 1444 1751 ne
1474 1696 1562 1750 illa
1591 1697 1807 1764 quidem

243 1789 433 1857 ingens
462 1787 801 1841 voluminum
847 1786 1083 1855 supellex
1120 1802 1241 1856 qua:
1284 1796 1478 1857 suapte
1522 1802 1680 1841 manu
1710 1788 1806 1841 de-

239 1881 439 1948 scripta
498 1879 757 1934 Ecclesia:
805 1879 1134 1934 Caesareensi
1179 1879 1449 1934 dedicavit
1495 1878 1809 1949 Pamphilus

242 1971 483 2042 martyr?
515 1970 709 2025 Credat
744 1970 965 2025 Judwus
996 1970 1197 2039 Apella,
1234 1987 1336 2024 non
1369 1987 1489 2040 ego.

311 2062 463 2128 Quod
500 2064 567 2115 ad
617 2076 779 2131 opera
831 2071 1042 2130 spectat
1089 2076 1323 2130 quorum
1360 2060 1585 2116 Graecus
1629 2074 1809 2114 sermo

240 2152 469 2219 interiit,
517 2163 573 2207 et
617 2152 730 2207 sola
761 2165 1009 2222 superest
1045 2153 1236 2207 Latina
1272 2153 1449 2208 Ruﬁni
1485 2154 1808 2223 interpreta-

238 2245 336 2308 tio,
376 2244 625 2300 bomilias
656 2244 709 2299 in
741 2242 923 2299 Jesum
979 2243 1147 2310 Nave,
1195 2246 1249 2300 in
1304 2246 1501 2301 librum
1533 2244 1806 2312 J‘udicum,

238 2336 291 2390 in
331 2337 564 2403 psalmos
607 2353 791 2399 mm,
841 2353 1026 2391 xxxv"
1064 2347 1119 2393 et
1157 2353 1385 2404 xxxviii,
1426 2338 1732 2407 simpliciter
1753 2354 1810 2392 se

238 2432 552 2499 urpressisse
599 2440 654 2483 ut
685 2432 952 2485 invenerat
986 2430 1041 2483 in
1070 2428 1278 2493 Graeco,
1314 2429 1542 2483 Ruﬁnus
1577 2436 1809 2484 testatur

246 2525 293 2576 in
332 2525 674 2590 peroratione
725 2521 1007 2590 subiuncta
1058 2522 1483 2576 Commentariis
1512 2522 1564 2575 in
1593 2521 1808 2590 Episto—

239 2614 346 2668 lam
374 2616 439 2669 ad
468 2616 769 2682 Romanos;
807 2615 858 2667 in
891 2615 1117 2684 reliquis
1156 2622 1361 2676 autem,
1394 2626 1588 2681 nempe
1622 2612 1674 2665 in
1702 2612 1809 2667 Ge-
1836 2652 1839 2653 ν

238 2707 440 2773 ttesim,
492 2707 542 2761 in
586 2706 906 2774 Leviticum,
963 2712 1015 2761 in
1063 2704 1281 2767 Isaiam,
1340 2704 1395 2756 in
1452 2703 1611 2756 tomis
1645 2719 1809 2772 super

237 2795 469 2852 Cantico
498 2799 862 2867 canticorum,
908 2800 964 2853 in
1013 2797 1406 2866 Explanatione
1447 2794 1704 2865 Epistolas
1741 2798 1808 2850 ad

239 2886 541 2953 Romanos,
578 2890 741 2943 nimia
773 2892 947 2959 ipsum
993 2904 1147 2944 usum
1181 2887 1348 2941 fuisse
1375 2885 1615 2951 licentia,
1647 2886 1807 2940 dissi-

241 2984 433 3038 mulari
466 2986 670 3053 nequit.
694 2985 913 3041 Fatetur
934 2985 988 3039 in
1018 2984 1106 3038 illa
1130 2997 1293 3051 quam
1325 2981 1436 3037 dixi
1460 2978 1807 3051 peroratione

239 3090 297 3127 se
332 3075 384 3128 in
411 3075 649 3130 homiliis
679 3076 731 3129 in
762 3076 1037 3139 Genesim,
1072 3072 1125 3127 in
1151 3072 1421 3139 Exodum,
1452 3081 1507 3126 et
1532 3070 1805 3141 praecipue

1917 606 1964 647 et
1990 612 2103 665 (μαῖ’
2132 595 2384 650 Romana:
2415 613 2577 650 aures
2624 596 2763 663 ferre
2794 612 2895 649 non
2926 606 3185 664 poterant,
3220 597 3274 649 in
3306 599 3481 651 melio-

1919 702 2026 738 rem
2066 695 2270 751 partem
2304 685 2368 738 ab
2397 686 2674 755 interprete
2705 694 3056 749 commutata;
3093 697 3282 746 cratera
3309 696 3484 740 autem

1918 777 2167 845 dogmata
2209 779 2271 830 de
2315 777 2619 846 angelorum
2648 780 2830 841 ruina,
2857 778 2923 831 de
2964 778 3262 830 animarum
3304 777 3487 846 lapsu,

1916 870 1980 921 de
2005 870 2404 922 resurrectionis
2434 870 2737 938 prwstigiis,
2761 871 2824 922 de
2851 869 3045 923 mundo
3086 870 3162 923 vel
3192 869 3482 923 intemtun—

1917 958 1999 1013 dis
2031 958 2251 1029 Epicuri
2262 1000 2275 1019 ,
2302 962 2365 1013 de
2392 959 2724 1014 restitutione
2747 961 2982 1013 omnium
3006 962 3060 1014 in
3093 952 3344 1030 wqualcn’z
3370 970 3481 1014 sta-

1916 1061 2049 1115 tum,
2093 1061 2140 1106 et
2185 1052 2351 1105 multo
2381 1053 2461 1105 Itis
2499 1052 2784 1114 deteriora,
2824 1068 2942 1121 quae
2984 1052 3194 1119 (angunt
3233 1062 3367 1108 esset
3400 1069 3482 1107 re-

1917 1152 2106 1209 texere,
2137 1145 2215 1199 vel
2245 1146 2323 1197 ita
2353 1146 2567 1199 vertisse
2595 1155 2650 1197 ut
2684 1146 2736 1198 in
2770 1142 2953 1197 Crtvco
2993 1144 3282 1211 invenerat,
3310 1146 3389 1199 vel
3416 1146 3482 1199 de

1914 1237 2358 1288 commentariolis
2414 1235 2632 1305 Didymi
2684 1236 2772 1299 qui
2838 1234 3082 1302 Origenis
3126 1243 3482 1304 propugnator

1912 1337 2011 1392 est,
2050 1337 2365 1397 exaggerata
2402 1336 2450 1381 et
2477 1327 2713 1395 firmiora
2742 1326 2994 1395 posuisse.
3025 1324 3183 1379 Fallit
3207 1338 3337 1396 ergo
3364 1326 3481 1381 Ru-

1917 1420 2074 1483 ﬁnus,
2112 1433 2235 1473 cum
2266 1420 2343 1473 ait
2376 1433 2433 1474 se
2461 1418 2741 1484 vertendo,
2774 1418 2906 1471 nihil
2937 1418 3142 1472 dixiss‘e
3175 1433 3352 1485 suum,
3381 1420 3480 1475 sed

1916 1511 2039 1565 licet
2073 1512 2125 1565 in
2157 1510 2276 1566 aliis
2322 1510 2455 1565 locis
2490 1510 2657 1574 dicta,
2691 1526 2787 1564 sua
2833 1522 3013 1565 tamen
3046 1512 3265 1581 Origeni
3294 1513 3479 1568 reddi-

1914 1603 2080 1667 disse,
2128 1602 2587 1673 quandoquidem,
2636 1610 2772 1658 teste
2822 1603 3173 1675 Hieronymo,
3217 1603 3476 1661 nonnulla

1911 1711 1974 1750 ex
2011 1697 2476 1752 commentariolis
2504 1698 2716 1769 Didymi
2751 1714 2861 1753 su:e
2909 1699 3347 1768 interpretationi
3388 1698 3477 1754 in-

1912 1787 2100 1841 seruit.

1838 1848 1879 1902 Β
1988 1878 2181 1932 Verum
2224 1889 2581 1950 praeterquam
2614 1882 2755 1950 quod
2803 1880 3105 1936 Ruﬁnianat
3150 1884 3479 1954 interpreta-

1916 1972 2090 2026 tiones
2124 1988 2191 2027 ne
2239 1973 2454 2027 tertiam
2505 1973 2722 2043 quidem
2765 1974 3219 2043 Origenianorum
3250 1988 3475 2045 operum

1913 2073 2120 2131 partem
2184 2064 2344 2117 hodie
2402 2065 2760 2128 constituunt,
2814 2065 3045 2134 paucula
3106 2065 3475 2121 additamenta

1910 2169 2028 2217 quae
2058 2153 2107 2206 in
2140 2153 2228 2207 illa
2259 2154 2324 2207 de
2356 2166 2453 2209 Suo
2476 2155 2707 2209 contulit
2736 2155 2987 2219 Ruﬁnus,
3018 2157 3202 2211 nullibi
3222 2158 3291 2229 (si
3318 2158 3475 2213 modo

1912 2244 2049 2299 forte
2103 2246 2309 2315 aliquot
2355 2248 2423 2303 de
2463 2246 2733 2302 Trinitate
2781 2250 2895 2304 loca
2938 2248 3244 2319 exceperis)
3286 2263 3473 2304 veram

1909 2336 2157 2406 Origenis
2190 2350 2425 2394 mentem
2446 2340 2775 2403 adulterant,
2797 2341 2891 2396 sed
2917 2356 2980 2395 eo
3012 2350 3215 2395 tantum
3246 2339 3474 2397 consilio

1911 2430 2112 2486 inserta
2162 2442 2309 2497 sunt,
2368 2443 2424 2487 ut
2469 2449 2530 2488 ea
2587 2435 2758 2504 magis
2806 2434 3207 2501 explanaretur.
3261 2433 3474 2501 Ubique

1910 2523 2170 2592 Origenes
2221 2525 2556 2591 agnoscitur,
2606 2534 2661 2578 et
2713 2526 2795 2577 vix
2857 2526 3150 2595 quidquam
3204 2526 3475 2595 reperitur

1913 2614 2053 2683 quod
2096 2628 2161 2667 ex
2185 2614 2413 2667 aliormu
2460 2630 2580 2685 quae
2631 2616 2685 2670 in
2730 2614 2934 2672 Graecis
2961 2617 3220 2687 operibus
3252 2625 3472 2673 exstant

1911 2703 2150 2758 locorum
2209 2706 2497 2762 collatione
2546 2717 2640 2761 aut
2689 2706 2942 2777 Origenis
3000 2723 3140 2772 esse,
3191 2716 3284 2761 aut
3316 2707 3472 2778 juxta

1911 2796 2163 2865 Origenis
2193 2807 2425 2851 mentem
2455 2798 2717 2868 scriptum
2747 2814 2867 2853 esse
2899 2814 3003 2853 non
3048 2800 3468 2854 demonstretur.

1910 2885 2025 2939 lluc
2058 2887 2195 2942 adde
2230 2888 2375 2957 quod
2421 2904 2486 2943 ex
2530 2889 2739 2945 duobus
2780 2889 3038 2944 librorum
3084 2890 3225 2959 Περὶ
3273 2888 3473 2961 ἀρχῶν

1908 2977 2175 3046 capitibus
2203 2993 2432 3047 quorum
2468 2979 2730 3036 habemus
2756 2982 2920 3036 etiam
2953 2998 3094 3036 nunc
3122 2982 3470 3053 archetypum

1910 3069 2180 3136 Greecum,
2215 3071 2387 3140 liquet
2431 3072 2608 3128 Ruﬁni
2647 3073 3173 3141 interpretationem,
3206 3073 3251 3128 si
3294 3075 3471 3130 minus

240 3166 291 3219 in
324 3166 625 3221 Leviticum
660 3168 825 3222 multa
872 3171 938 3223 de
970 3182 1068 3222 suo
1105 3164 1378 3220 addidisse
1407 3180 1421 3217 :
1453 3162 1621 3229 Quem
1649 3162 1800 3216 labo-
1830 3184 1874 3245 ο
1907 3159 2092 3214 haberi
2142 3171 2397 3215 accurata
2447 3164 2664 3227 debeat,
2706 3173 2761 3215 at
2790 3175 2940 3219 certe
2980 3163 3127 3231 rejici
3175 3180 3280 3219 non
3314 3180 3471 3235 posse

238 3273 365 3325 rem,
399 3258 595 3325 inquit,
625 3260 944 3327 adimplendi
989 3275 1107 3328 qua:
1132 3260 1369 3323 deerant,
1401 3256 1598 3309 idcirco
1628 3270 1805 3309 susce-

237 3348 431 3413 pimus,
472 3364 533 3401 ne
574 3348 797 3415 pulsatae
843 3351 1154 3419 quwsliones
1204 3357 1251 3401 et
1289 3346 1483 3401 relicta:
1514 3344 1702 3400 Latino
1728 3345 1804 3398 le-

238 3439 371 3491 ctori
402 3439 681 3506 fastidium
728 3449 1055 3510 generarent.
1100 3440 1297 3493 Eadem
1329 3438 1431 3492 sibi
1468 3436 1719 3507 permisit
1750 3434 1805 3486 in

241 3531 518 3584 vertendis
543 3530 959 3586 Commentariis
987 3531 1038 3584 in
1078 3529 1371 3600 Epistolam
1403 3530 1467 3582 ad
1497 3527 1807 3580 Rmnanos.

239 3621 371 3674 Nam
401 3638 528 3677 cum
572 3622 711 3690 apud
750 3625 982 3677 omnium
1020 3626 1128 3691 fere
1159 3621 1494 3675 bibliothecas
1530 3619 1803 3689 (incertum

236 3730 336 3783 quo
374 3715 527 3784 casu)
559 3716 831 3785 aliquanta
870 3731 935 3768 ex
966 3716 1078 3784 ipso
1107 3730 1322 3784 corpore
1351 3711 1620 3767 volumina
1646 3711 1804 3765 deos»

240 3816 383 3872 sent,
414 3808 709 3877 adimplere
743 3823 861 3878 qua:
891 3808 1128 3871 deerant,
1161 3818 1314 3877 atque
1349 3808 1404 3859 in
1438 3805 1626 3858 Latino
1652 3819 1805 3872 opere

238 3900 497 3968 integram
522 3902 940 3968 consequentiam
964 3901 1091 3953 dare
1121 3899 1372 3963 tentavit,
1404 3899 1508 3951 imo
1533 3912 1686 3950 omne
1706 3894 1805 3947 hoc

239 3989 418 4043 decent
469 3990 791 4045 voluminum
842 4008 1029 4060 corpus
1070 3991 1210 4061 quod
1237 3987 1457 4046 Graecus
1512 4005 1683 4043 sermo
1737 3988 1807 4040 ad

238 4075 597 4145 quadraginta
656 4077 760 4145 fere
810 4089 903 4132 aut
954 4095 1012 4132 eo
1068 4080 1297 4149 amplius
1349 4079 1522 4133 millia
1558 4093 1805 4132 versuum

239 4168 508 4233 perduxit,
543 4169 856 4223 abbreviavit
892 4178 943 4222 et
974 4170 1043 4221 ad
1073 4172 1243 4224 media
1276 4173 1451 4240 spatia
1500 4172 1803 4224 coarctavit.

200 4304 201 4307 η
240 4257 295 4312 lu
326 4261 646 4328 prasl'atione
674 4261 740 4315 ad
766 4261 932 4317 libros
960 4263 1100 4331 Περὶ
1132 4262 1331 4331 ἀρχῶν
1356 4264 1552 4316 asserit
1574 4264 1803 4330 primum

242 4368 299 4406 se
336 4354 427 4408 ubi
466 4355 519 4408 in
551 4354 699 4409 hisce
729 4355 881 4410 libris
910 4355 1113 4425 aliquid
1140 4365 1329 4411 contra
1360 4354 1409 4408 id
1431 4354 1636 4408 invenit
1663 4356 1803 4425 quod

240 4449 309 4501 ab
332 4447 569 4518 Origene
598 4453 812 4507 caeteris
856 4453 908 4506 in
950 4453 1081 4509 locis
1127 4455 1214 4524 pie
1241 4454 1305 4508 de
1331 4451 1598 4507 Trinitate
1628 4451 1807 4508 fuerat

1908 3258 2160 3319 tanquam
2188 3252 2255 3305 ab
2281 3249 2530 3321 Origenis
2559 3265 2737 3309 mente
2767 3256 3022 3310 alienam.

1975 3337 2108 3393 Cum
2149 3339 2315 3409 igitur
2344 3338 2591 3395 elleetutn
2626 3342 2698 3396 sit
2742 3346 2994 3398 eximiam
3028 3344 3192 3400 fuisse
3221 3346 3469 3417 Origenls

1906 3428 2292 3493 eruditionem,
2335 3446 2434 3485 nec
2478 3434 2693 3502 probari
2727 3446 2894 3504 queat
2925 3436 3157 3492 residuis
3181 3437 3296 3506 ejus
3327 3439 3467 3494 seri-

1907 3521 2181 3588 ptionibus
2212 3523 2405 3578 inﬁdas
2437 3542 2632 3581 manus
2668 3528 2973 3583 admovisse
3024 3529 3331 3595 htereticos,
3371 3547 3468 3587 ne-

1907 3626 2015 3675 mo,
2050 3613 2265 3681 opinor,
2300 3616 2511 3671 inﬁcias
2550 3618 2674 3672 ierit
2720 3618 2931 3685 utilem,
2970 3619 3079 3673 imo
3107 3630 3158 3675 et
3212 3635 3468 3675 necessa-

1908 3702 2040 3755 riam
2080 3717 2200 3758 esse
2239 3705 2557 3771 editionem,
2607 3707 2657 3760 in
2690 3723 2794 3776 qua
2828 3709 2934 3762 huc
2962 3718 3015 3764 et
3048 3710 3173 3765 illuc
3210 3711 3471 3782 dispersae

1909 3795 2041 3848 tanti
2094 3797 2371 3866 scriptoris
2427 3800 2674 3868 reliquias
2728 3801 2782 3855 in
2835 3817 3000 3856 unum
3055 3803 3217 3859 veluti
3273 3819 3470 3875 corpus

1908 3887 2254 3957 colligantur,
2302 3892 2549 3961 genuina:
2585 3908 2613 3945 a
2660 3894 2858 3963 spuriis
2908 3906 3284 3960 secernautur,
3315 3898 3471 3951 exhi-

1909 3982 2138 4036 beantur
2171 3983 2359 4039 Grmca
2391 3987 2602 4054 quoties
2636 3999 2977 4058 comparent,
3004 3990 3185 4045 omnia
3231 3990 3468 4060 denique

1908 4077 1974 4130 ad
2011 4085 2248 4131 veterum
2303 4080 2794 4148 manuscriptorum
2848 4080 3004 4135 ﬁdem
3066 4092 3466 4137 recenseantur.

1910 4168 2115 4239 Duplex
2146 4170 2394 4239 equidem
2439 4179 2643 4225 tentata
2674 4182 2757 4226 est
2800 4173 3034 4241 Operam
3064 4173 3180 4241 ejus
3212 4175 3264 4227 in
3303 4190 3466 4227 unum

1909 4272 2106 4326 corpus
2136 4259 2422 4313 collectio:
2453 4260 2626 4314 altera
2658 4261 2857 4324 minor,
2885 4276 3044 4330 quam
3072 4261 3305 4317 lacubus
3331 4263 3470 4317 Mer-

1909 4351 2051 4407 linus
2083 4353 2242 4421 regia:
2273 4351 2532 4406 Navarraz
2562 4355 2748 4409 doctor
2778 4354 3082 4419 adornavit,
3114 4365 3167 4410 et
3200 4357 3250 4409 in
3294 4356 3467 4411 lucem

1909 4445 2079 4499 edidit
2106 4461 2249 4500 anno
2279 4445 2443 4511 1512;
2495 4447 2661 4501 altera
2710 4446 2868 4516 longe
2909 4448 3158 4517 amplior,
3187 4465 3347 4519 quam
3376 4467 3470 4522 pu-

249 4541 545 4604 .lelinitum,
569 4544 619 4597 id
641 4544 789 4597 velut
810 4545 1169 4600 adulteratum
1190 4547 1255 4601 ab
1274 4543 1542 4600 haereticis
1565 4555 1652 4598 aut
1672 4559 1802 4614 prtc-
1837 4526 1881 4579 Ῑ)
1912 4533 2036 4586 Μίεί
2057 4533 2195 4600 iuris
2231 4535 2357 4589 ΐθείι
2382 4552 2526 4591 anno
2575 4538 2709 4592 1574
2737 4539 2876 4594 alter
2919 4540 3241 4596 PariSieﬂsis
3281 4542 3470 4599 doctor

246 4637 564 4702 termisisse,
581 4646 673 4689 aut
690 4637 755 4691 ad
777 4636 1114 4692 Catholicum
1138 4652 1353 4693 sensum
1378 4637 1701 4706 quibusdam
1721 4638 1807 4690 de-

242 4730 466 4792 tractis,
513 4729 836 4799 quihusdam
886 4730 1102 4785 aliunde
1145 4731 1429 4785 accersitis
1484 4743 1801 4793 revocasse;

240 4820 435 4876 deinde
459 4839 538 4889 se,
564 4824 653 4878 ubi
679 4824 940 4893 Origenes
961 4824 1331 4892 pronuntiavit
1352 4823 1593 4892 quaedam
1614 4823 1809 4877 obscu-

248 4914 381 4978 rius,
405 4930 467 4967 ea
500 4933 618 4984 qua}
637 4917 688 4969 in
732 4917 854 4969 aliis
880 4915 994 4982 ejus
1018 4914 1173 4969 libris
1198 4916 1439 4983 apertius
1462 4914 1688 4985 legerat,
1718 4917 1807 4967 ad—

238 5008 458 5076 jt-cisse,
500 5021 557 5063 ut
586 5009 849 5064 sententia
884 5008 1033 5063 ﬁeret
1067 5008 1405 5076 cxplicatior,
1449 5006 1587 5061 nihil
1623 5016 1802 5060 tamen

242 5117 400 5153 suum
434 5101 762 5164 dixissc,sed
798 5102 918 5154 licet
946 5100 998 5152 in
1025 5098 1146 5153 aliis
1167 5100 1299 5154 locis
1320 5100 1480 5164 dicta,
1505 5114 1601 5154 sua
1624 5109 1800 5152 tamen

242 5193 463 5262 Origeni
496 5195 813 5249 reddidisse.
843 5195 1085 5261 Addidit,
1131 5194 1305 5265 inquit
1328 5192 1687 5264 Hieronymus
1703 5190 1803 5262 (α),

241 5303 355 5353 quin
382 5302 485 5339 non
513 5296 681 5342 erant.
708 5302 941 5340 asserens
965 5289 1027 5339 ab
1046 5292 1226 5341 eodem
1253 5288 1309 5338 in
1338 5285 1457 5341 aliis
1480 5286 1606 5340 locis
1624 5286 1804 5354 dispu-

243 5388 350 5431 tata
377 5395 397 5433 :
424 5378 584 5448 quod,
613 5380 713 5432 nisi
749 5380 862 5449 ipsa
900 5381 1015 5433 loca
1050 5378 1443 5442 monstraverit,
1462 5380 1599 5431 unde
1629 5387 1804 5432 trans-

246 5470 424 5523 tulisse
469 5486 525 5523 se
550 5471 698 5533 dicit,
734 5470 952 5537 probare
985 5486 1089 5523 non
1127 5469 1335 5533 poterit.
1377 5467 1643 5523 Praeterea
1680 5485 1801 5523 cum

248 5560 296 5611 in
327 5560 668 5614 ltuliniauam
718 5561 1222 5629 interpretationem
1269 5561 1548 5616 incidisset
1582 5570 1804 5615 sanctus

254 5648 471 5714 Doctor,
498 5651 661 5716 illico,
695 5662 753 5705 ut
788 5660 971 5707 monet
998 5654 1219 5719 ibidem,
1258 5652 1659 5709 animadvertit.
1688 5667 1804 5711 oua:

317 5805 389 5875 (α)
415 5805 532 5861 Lib.
562 5821 578 5860 ι
612 5808 790 5863 advers
839 5806 1013 5864 Ruﬁn.

1910 4623 2192 4694 theologus
2224 4625 2501 4684 Gilbertus
2529 4629 2931 4686 Genebrardus.
2963 4631 3069 4688 Sed
3103 4634 3229 4702 quia
3266 4634 3466 4689 editio-

1910 4729 2005 4769 nes
2036 4714 2151 4769 ista:
2179 4715 2293 4771 suis
2324 4718 2567 4773 numeris
2598 4717 2857 4773 absolutae
2881 4734 2986 4772 non
3011 4731 3189 4783 erant,
3223 4728 3384 4788 atque
3412 4721 3466 4775 in

1906 4807 1987 4862 eis
2032 4808 2220 4864 Graeca
2260 4810 2732 4873 desiderabantur,
2779 4810 2984 4867 idcirco
3033 4813 3085 4866 in
3128 4813 3470 4882 generalibus

1907 4900 2036 4954 cleri
2078 4900 2343 4955 Gallicani
2390 4903 2652 4966 comitiis,
2699 4917 2818 4973 qua:
2866 4903 3089 4959 Parisiis
3129 4918 3271 4957 anno
3306 4904 3466 4969 1635,

1907 4991 2138 5046 subinde
2195 4992 2351 5061 1656,
2407 4993 2680 5049 celebrata
2735 5004 2882 5060 sunt,
2935 4995 3214 5049 decretum
3257 4993 3360 5050 fuit
3413 5006 3477 5050 ut

1909 5083 2159 5154 Origenis
2187 5086 2361 5155 Opera
2394 5088 2536 5156 typis
2565 5090 2741 5141 denuo
2766 5087 2954 5143 Graece
2991 5097 3046 5142 et
3078 5087 3270 5143 Latine
3305 5103 3464 5144 accu—

1910 5179 2080 5233 ratius
2109 5190 2163 5234 et
2191 5182 2405 5236 auctius
2436 5197 2596 5250 quam
2640 5190 2800 5235 antea
2836 5183 3147 5235 ederentur.
3176 5182 3466 5237 Decretum

1909 5270 2203 5337 Gallicanae
2224 5272 2481 5328 Ecclesia:
2510 5271 2794 5342 praesulum
2820 5282 2998 5328 exstat
3040 5273 3093 5327 in
3122 5276 3464 5331 comitiorum

1909 5362 2121 5418 illorum
2145 5364 2297 5420 Actis
2325 5366 2391 5418 ad
2416 5366 2556 5419 diem
2582 5363 2647 5418 21
2678 5362 2919 5419 Januarii
2948 5366 3074 5419 anui
3106 5366 3264 5423 1656.

1908 5455 1993 5510 Du
2018 5458 2167 5511 lundi
2183 5459 2546 5523 vingt-uniéme
2567 5457 2781 5513 Janvier
2802 5459 2964 5511 diluit
2981 5457 3164 5511 heures
3185 5459 3257 5511 du
3276 5458 3466 5519 matin,

2032 5552 2404 5620 Monseigneur
2432 5550 2796 5621 l’Archevéque
2818 5552 2913 5605 d’A
2925 5551 3023 5604 rles
3054 5552 3337 5618 president.

1977 5648 2351 5717 Monseigneur
2380 5645 2742 5708 l‘Arc/zereque
2774 5647 2837 5697 de
2877 5644 3105 5698 Tholoze
3142 5662 3171 5695 α
3203 5642 3467 5714 ταρροτιέ,
