3952 6144
472 386 541 442 19
1878 366 2267 427 PR/EFATIO.
3639 353 3711 409 9.0

469 513 522 560 et
552 502 650 565 dit,
680 516 777 566 que
805 498 903 560 lui,
930 505 976 550 et
1014 492 1374 561 monscigneur
1397 488 1460 540 de
1492 485 1617 541 Seez
1643 488 1865 549 aroient,
1896 486 2037 538 seton
2069 490 2114 544 Α
2144 482 2442 549 fragmenta
2464 516 2480 542 ,
2517 491 2634 544 quae
2669 472 2893 527 omnino
2935 470 3216 525 merebant
3271 480 3328 523 ut
3376 477 3711 538 occuparent

471 592 768 647 l'inteution
796 591 860 642 de
897 584 1249 648 l‘Assemblée,
1288 580 1499 647 conferé
1526 577 1817 636 ensemble,
1848 586 1894 628 et
1925 576 2035 645 pris

473 686 621 741 l’avis
650 686 714 738 de
735 682 979 753 quelques
1017 680 1293 736 docteurs,
1334 676 1406 726 du
1445 671 1599 724 choix
1636 669 1723 722 des
1755 669 1908 722 lieres
1946 667 2035 719 des

478 778 634 831 Per-es
663 774 839 837 Greca,
874 771 999 840 qu’il
1026 768 1184 823 seroit
1219 766 1336 833 plus
1374 765 1406 817 ὰ
1439 779 1626 831 propos
1667 762 1730 813 de
1774 760 1908 828 fuire
1938 759 2036 809 im-

473 874 687 938 printer.
718 866 884 933 Qu'ils
916 864 1113 918 avoieut
1132 862 1285 929 jugé,
1320 874 1419 928 que
1457 860 1531 910 les
1566 870 1759 908 tenores
1798 855 1860 905 tle
1894 853 2035 906 saiut

468 961 605 1015 Jean
632 961 971 1021 Dnmascene,
997 953 1282 1022 d‘0rigene
1309 991 1324 1017 ,
1372 951 1436 1003 de
1470 947 1732 1002 Maximus
1753 988 1769 1012 ,
1803 956 1849 999 et
1900 943 2034 997 d’E-

468 1057 644 1124 plirem
676 1050 865 1120 Syrus,
895 1049 1089 1101 étoieut
1111 1047 1183 1098 les
1203 1044 1320 1113 plus
1348 1042 1683 1102 necas-uires,
1719 1051 1859 1094 etme
1884 1040 2035 1093 colles

467 1146 531 1196 de
574 1152 691 1195 tous
739 1142 811 1193 les
857 1139 1071 1191 ancient
1096 1176 1111 1197 ,
1152 1150 1289 1203 ροντ’
1329 1134 1491 1188 servir
1524 1133 1555 1185 ὰ
1589 1130 1640 1184 la
1677 1129 1907 1183 décision
1943 1130 2033 1181 des

461 1244 819 1286 controversas
871 1228 934 1279 tle
979 1225 1032 1278 la
1088 1224 1352 1292 Religion,
1402 1222 1673 1292 [eaque/les
1729 1223 2033 1275 neanmoins

463 1321 722 1377 u’avoieut
757 1335 853 1388 pas
874 1320 956 1372 été
980 1318 1272 1384 imprimées
1291 1317 1509 1385 jusques
1533 1314 1603 1367 ici
1627 1331 1689 1368 en
1713 1314 1826 1369 leur
1847 1313 2036 1382 langue

466 1412 761 1480 origiuelle;
788 1413 927 1463 voire
943 1427 1036 1478 quc
1063 1408 1117 1462 la
1139 1409 1347 1477 pltipart
1369 1408 1432 1461 de
1449 1407 1586 1460 leurs
1611 1423 1861 1477 ourrages
1890 1405 2032 1458 n‘out

464 1507 613 1572 point
660 1505 739 1556 été
782 1504 1053 1568 imprimez
1096 1516 1231 1566 pour
1279 1508 1412 1566 tatu,
1462 1497 1692 1569 lesquels.
1724 1516 1777 1551 se
1815 1510 2032 1565 peuvent

469 1608 678 1648 trouver
703 1611 765 1647 en
793 1595 1015 1647 diuerses
1043 1591 1437 1661 bibliotheques;
1470 1600 1521 1645 et
1550 1608 1649 1661 que
1687 1607 1822 1660 pour
1854 1590 1963 1643 cela
1995 1591 2033 1643 il

469 1688 710 1755 faudroit
750 1687 946 1740 clioisir
984 1685 1201 1755 quelque
1238 1701 1491 1760 personae
1533 1684 1657 1738 bien.
1686 1684 1940 1737 enteudue
1970 1698 2042 1735 en

465 1775 518 1827 la
550 1775 738 1844 langue
764 1790 1005 1843 grecque,
1033 1775 1122 1843 qui
1152 1774 1260 1841 prit
1288 1790 1345 1827 ce
1372 1774 1525 1837 soin;
1575 1774 1608 1826 ὰ
1649 1774 1772 1843 quoi
1812 1773 2034 1826 πηοτιεεὶ-

2144 574 2336 627 ibidem
2370 570 2566 624 locum.
3582 612 3587 617 ,

2210 663 2343 719 Cum
2371 663 2440 716 ita
2464 677 2522 715 se
2563 674 2648 715 res
2682 660 2927 723 haberet,
2963 672 3141 727 Operm
3183 654 3415 724 pretium
3440 654 3708 708 facturum

2142 772 2228 809 me
2261 754 2588 814 existimavi,
2615 754 2658 807 si
2690 763 2979 821 postquam
3008 751 3079 807 Il.
3103 748 3166 804 P.
3202 749 3262 802 D.
3297 748 3608 800 Bernardus
3638 746 3709 799 de

2143 849 2557 905 Montelalconis
2581 846 2871 915 plaudente
2903 846 3033 900 orbe
3064 842 3327 898 litterario
3354 841 3709 910 Origeniano-

2144 954 2260 991 rum
2315 935 2675 1005 llexaplorum
2731 934 2986 1001 reliquias
3022 935 3229 987 duobus
3275 930 3490 985 in-l‘olio
3541 931 3706 984 tomis

2140 1030 2197 1083 in
2223 1028 2393 1082 lucem
2414 1027 2602 1091 edidit,
2624 1039 2814 1079 novam
2834 1026 3157 1095 aggrederer
3176 1023 3465 1078 editionem
3488 1020 3709 1075 Graaco-

2142 1121 2423 1186 Latinam,
2466 1135 2585 1189 quae
2635 1135 2735 1174 suo
2783 1133 3009 1188 quaeque
3064 1118 3256 1173 ordine
3311 1116 3514 1185 reliqua
3571 1115 3703 1167 tanti

2143 1200 2430 1283 scriptoris
2459 1228 2625 1282 opera
2657 1210 3111 1281 complecteretur
3133 1248 3150 1274 ,
3186 1224 3308 1264 eum
3352 1208 3439 1262 illa
3472 1221 3709 1276 quorum

2140 1304 2328 1360 Grreca
2364 1304 2623 1358 interiere
2659 1304 2886 1372 solaque
2916 1310 3163 1370 superest
3194 1299 3573 1369 interpretatio
3597 1296 3706 1350 La-

2143 1399 2277 1456 tina.
2303 1407 2414 1452 tum
2451 1397 2549 1452 illa.
2578 1413 2697 1466 qua:
2728 1397 2913 1453 Graece
2953 1396 3019 1449 ad
3060 1410 3157 1449 nos
3210 1391 3715 1463 pervenerunt..Ea

2142 1492 2225 1546 vel
2256 1491 2321 1544 ad
2358 1490 2620 1545 librorum
2662 1504 2944 1545 sacrorum
2991 1486 3495 1555 interpretationem
3533 1484 3706 1553 perti-

2144 1591 2292 1648 nent,
2320 1592 2376 1637 et
2410 1580 2713 1652 ὲξηγητικὰ
2742 1580 3081 1650 appellantur
3107 1580 3174 1632 ab
3202 1577 3418 1643 Huetio,
3457 1576 3541 1631 vel
3581 1584 3715 1628 sunt

2141 1676 2432 1745 peculiaris
2457 1675 2711 1740 instituti,
2746 1683 2800 1728 et
2824 1682 3177 1744 Syntagmata
3208 1672 3276 1725 ab
3306 1670 3498 1725 eodem
3528 1669 3707 1723 nomi-

2141 1778 2360 1822 nantur.
2389 1767 2573 1822 Primo
2612 1767 2838 1837 hujusce
2879 1766 3133 1821 editionis
3178 1774 3325 1821 tomo
3358 1762 3709 1817 continentur

466 1880 630 1937 gneur
656 1868 720 1920 de
744 1866 877 1922 See:
904 1884 935 1919 a
971 1865 1167 1935 njotité,
1192 1882 1290 1934 que
1317 1865 1427 1918 l’ou
1449 1866 1688 1932 pourroit
1718 1866 1858 1932 prier
1886 1880 2035 1918 mon-
2067 1855 2109 1909 Β
2140 1860 2516 1930 Syntagmata;
2544 1871 2776 1927 quatuor
2804 1858 3029 1927 reliquis
3053 1858 3353 1927 exegetica,
3383 1856 3705 1924 ad-quorum

465 1959 713 2027 uigueur
740 1960 803 2011 de
839 1956 1066 2011 Tholoze
1095 1957 1159 2008 de
1187 1956 1410 2021 pmudre
1436 1955 1482 2008 le
1508 1955 1654 2008 sieur
1679 1955 1873 2008 Aubert
1902 1955 2031 2006 doc-

467 2059 582 2103 teur
603 2051 667 2103 de
694 2049 986 2114 Sorbonne,
1016 2064 1152 2111 pour
1179 2048 1288 2101 l’tm
1322 2048 1413 2101 des
1439 2047 1598 2111 deum;
1623 2062 1720 2116 que
1746 2047 1795 2100 la
1821 2062 2032 2111 compa-

464 2144 582 2211 gnie
617 2143 688 2195 l’a
717 2142 976 2196 ci—deuant
1002 2143 1119 2211 prié
1143 2142 1205 2194 de
1237 2140 1433 2193 choisir
1474 2156 1609 2204 pour
1651 2138 1917 2192 travailler
1943 2155 2036 2191 sur

466 2237 512 2289 le
544 2234 681 2288 o’roit
713 2233 913 2295 Conon,
944 2244 990 2286 et
1023 2249 1117 2287 sur
1148 2231 1404 2285 l‘ltistoire
1430 2228 1862 2298 Ecclesiastique,
1887 2240 1933 2281 et
1960 2228 2035 2282 lui

467 2329 669 2379 ilouner
698 2326 744 2379 le
777 2326 894 2378 soiu
926 2328 990 2377 de
1022 2334 1152 2377 cette
1180 2323 1515 2392 impressiou,
1552 2338 1688 2389 μου
1720 2338 1782 2374 ne
1816 2322 2039 2390 cltarger

466 2436 558 2485 pus
587 2415 747 2470 l'Etat
770 2417 834 2470 de
867 2415 982 2484 plus
1014 2416 1214 2484 grande
1235 2416 1472 2480 dépense.

541 2551 691 2604 Ledit
721 2560 930 2620 rapport
954 2552 1193 2603 concerté
1206 2560 1253 2603 et
1275 2550 1433 2619 agité,
1451 2549 1663 2603 ntesdits
1686 2547 1951 2615 seigueurs
1973 2548 2036 2598 tle

472 2644 697 2697 Tholoze
727 2653 781 2696 et
800 2644 863 2695 de
890 2640 1022 2696 Seez
1045 2651 1131 2694 out
1162 2642 1243 2695 été
1271 2642 1415 2708 priez
1434 2641 1499 2694 de
1529 2640 1719 2693 traiter
1746 2655 1868 2692 avec
1890 2639 2035 2706 quel-

467 2752 591 2805 quas
617 2735 951 2802 imprimeurs
976 2736 1065 2805 qui
1094 2734 1266 2804 ferant
1290 2736 1342 2787 la
1363 2734 1631 2788 condition
1652 2732 1705 2787 la
1734 2735 1852 2802 plus
1876 2749 2036 2786 ovan-

466 2840 717 2893 tageuse;
744 2839 793 2881 et
824 2845 887 2883 en
924 2829 1043 2882 leur
1069 2831 1281 2893 prétant
1306 2829 1359 2882 la
1398 2845 1593 2883 somme
1634 2830 1696 2882 de
1737 2827 1849 2881 ltuit
1893 2829 2033 2881 mille

464 2921 662 2984 livres,
707 2921 795 2988 qui
836 2930 911 2973 est
968 2930 1113 2973 entre
1147 2920 1222 2975 l‘es
1274 2922 1443 2973 mains
1494 2921 1557 2972 de
1612 2920 1902 2979 Cramoisi,
1960 2919 2034 2970 les

468 3010 666 3078 obliger
698 3010 1094 3078 dliimpression
1120 3011 1316 3065 desdits
1356 3011 1581 3064 Auteurs
1617 3019 1664 3063 et
1709 3026 1816 3063 auat
1860 3022 2036 3066 autrea

467 3101 624 3172 qu‘ils
653 3101 901 3171 jugeront
944 3105 1306 3167 necessaires;
1343 3103 1537 3171 ouquel
1573 3101 1728 3156 traité
1757 3100 1821 3155 ils
1864 3101 2033 3170 [erant

469 3204 646 3246 entrer
673 3209 772 3259 par
801 3194 1100 3262 preference
1131 3196 1177 3249 le
1204 3196 1346 3248 sieur
1382 3193 1529 3249 Vitré
1556 3235 1571 3259 ,
1618 3195 1925 3263 imprimeur
1966 3194 2037 3246 du
2067 3208 2115 3265 α

472 3286 674 3355 Clergé.
700 3286 772 3341 Et
810 3303 873 3339 en
898 3296 1047 3340 outre
1071 3288 1122 3340 la
1149 3290 1455 3356 compaynie
1481 3306 1511 3340 a
1556 3287 1729 3341 desiré
1774 3304 1871 3357 que
1909 3287 2035 3342 ledit

471 3377 829 3432 sieur‘A‘ubert
859 3378 939 3445 [tit
960 3379 1179 3447 emploié
1198 3395 1266 3431 au
1290 3380 1404 3432 δοίη
1429 3380 1492 3432 de
1516 3378 1679 3432 ludite
1705 3379 2037 3448 impression;

472 3479 525 3521 et
550 3486 687 3537 pour
724 3486 779 3523 ee
809 3487 840 3522 a
871 3470 1106 3524 ordonné
1127 3511 1142 3533 ,
1172 3471 1301 3540 qu'il
1331 3487 1448 3524 sera
1498 3473 1694 3525 couclié
1732 3488 1826 3524 sur
1868 3471 2037 3524 l’estat

471 3563 561 3614 des
593 3562 1000 3631 gratiﬁcatious,
1035 3580 1154 3616 auec
1182 3560 1390 3628 l’autre,
1433 3579 1531 3632 que
1568 3566 1930 3634 monseigneur
1975 3565 2041 3617 de

474 3653 696 3709 Tltoloze
723 3673 990 3712 nommera
1013 3673 1146 3726 pour
1172 3656 1220 3710 le
1252 3658 1391 3711 droit
1421 3657 1626 3713 Conon.

546 3767 717 3824 Porro
743 3769 1088 3825 comitiorum
1120 3779 1241 3824 erat
1268 3784 1469 3838 praises
1505 3771 1910 3828 illustrissimus
1948 3787 2041 3826 ar-

479 3859 855 3929 chiepisc0pus
882 3860 1217 3917 Arelatensis
1258 3862 1496 3919 Joannes
1533 3861 1757 3919 Joubert
1793 3865 1858 3920 de
1905 3864 2042 3920 Bar-

482 3950 645 4015 rault;
674 3952 1111 4022 archiepiscopus
1136 3954 1437 4009 Tolosanus
1466 3957 1558 4026 qui
1594 3957 1646 4010 in
1677 3957 1897 4013 decreto
1947 3976 2041 4013 no-

479 4044 737 4107 minatur,
767 4044 992 4100 Carolus
1025 4048 1089 4101 de
1122 4048 1389 4112 Moncbal,
1431 4050 1512 4103 vir
1538 4050 1751 4105 eximia:
1782 4053 2040 4106 eruditio-

479 4135 565 4189 nis
595 4143 650 4189 et
682 4136 759 4191 rei
792 4137 1069 4194 litterariae
1092 4140 1549 4205 studiosissimus;
1578 4141 1859 4213 Sagiensis
1888 4146 2042 4199 deni-

474 4227 894 4299 que'episeOpus
933 4228 1170 4286 Iacobus
1199 4233 1251 4287 le
1272 4232 1471 4287 Camus
1494 4234 1561 4288 de
1594 4233 1914 4300 Pontcarré,
1958 4236 2040 4290 vir

474 4321 658 4375 itidem
701 4321 952 4391 politiore
1017 4324 1317 4381 litteratura
1365 4326 1788 4383 excultissimus.
1840 4327 2038 4383 Verum

471 4410 745 4465 Anbertus
772 4451 786 4473 ,
840 4412 966 4479 qui,
1018 4412 1353 4470 Damasceno
1395 4424 1449 4470 et
1492 4413 1730 4484 Origene
1776 4414 2036 4479 omissis,

471 4498 734 4567 Ephrem
755 4502 947 4571 Syrum
973 4505 1249 4570 publicare
1263 4508 1649 4569 destinaverat,
1670 4522 1768 4562 nec
1786 4506 2046 4576 (Ephrem

476 4592 672 4663 Syrum
698 4593 884 4657 edidit,
915 4611 1017 4649 nec
1040 4596 1350 4667 Origeuem,
1391 4614 1491 4653 nec
1517 4601 1930 4654 Damascenum.

546 4706 740 4762 Postea
772 4707 854 4760 vir
883 4708 1233 4765 doctissimus
1263 4710 1453 4766 Daniel
1485 4711 1710 4766 Huetius
1739 4712 1898 4767 aliam
1931 4715 2039 4769 sibi

475 4800 759 4869 proposuit
795 4802 1047 4871 Urigenis
1077 4804 1388 4870 editionem,
1419 4820 1538 4874 quae
1570 4820 1633 4861 ea
1666 4806 1841 4861 solum
1893 4821 2041 4860 com-

475 4890 809 4958 plecteretur
833 4906 994 4959 opera
1027 4908 1117 4946 seu
1148 4894 1449 4966 hagmenta
1481 4910 1601 4965 qua
1636 4897 1699 4950 ad
1732 4912 1831 4950 nos
1872 4910 2044 4965 usque

474 4982 666 5037 Graaca
716 4998 1051 5050 pervenere;
1102 4986 1193 5038 sed
1241 4994 1522 5053 postquam
1569 4986 1778 5041 duobus
1825 4984 2043 5041 in-lolio

478 5077 638 5130 tomis
659 5076 866 5144 aliquot
897 5079 947 5131 in
979 5088 1198 5131 sanctas
1237 5078 1448 5133 litteras
1481 5079 1677 5148 partim
1720 5078 1833 5146 jam
1872 5078 2038 5138 edita,

477 5165 671 5235 partim
708 5168 943 5221 nondum
993 5170 1137 5222 edita
1176 5168 1480 5239 ἐξηγητικὰ
1527 5168 1850 5239 Rotltomagi
1898 5184 2041 5221 anno

476 5258 614 5315 1668
644 5260 970 5329 publicavit,
1010 5270 1227 5330 repente
1261 5263 1329 5317 ab
1376 5263 1614 5331 inempto
1648 5262 1855 5316 destitit
1881 5300 1901 5323 ,
1944 5277 2042 5315 nec

475 5354 580 5405 alia
606 5352 859 5419 (trigonis
891 5352 1265 5423 Syntagmata,
1295 5369 1413 5423 quae
1443 5355 1624 5424 priore
1658 5356 1878 5424 hujusce
1909 5370 2042 5408 mete

474 5445 727 5498 editionis
750 5453 896 5499 torno
915 5445 1288 5518 continentur,
1311 5447 1452 5516 typis
1474 5446 1582 5515 (uti.
1599 5445 2040 5515 Origenianorum

476 5535 568 5591 lib.
600 5552 682 5601 In,
718 5547 854 5592 sect.
887 5537 942 5603 2,
989 5554 1137 5593 num.
1167 5539 1198 5591 7
1222 5579 1247 5604 ,.
1279 5539 1606 5608 promiserat
1641 5555 1700 5594 se
1748 5538 2039 5607 facturum)

478 5628 722 5681 mandari
753 5628 992 5682 curavit.
1022 5627 1139 5684 Huc
1170 5631 1309 5685 adde
1340 5633 1480 5699 quod
1510 5631 1561 5684 in
1584 5630 1796 5689 duobus
1813 5630 1929 5697 ejus
1965 5640 2043 5685 to-

476 5720 597 5784 mis,
631 5720 828 5787 quibus
860 5722 912 5777 in
940 5732 1158 5776 sanctos
1194 5722 1361 5779 libros
1409 5724 1708 5795 ὲξηγητικὰ
1756 5724 1945 5780 Graece
1987 5733 2042 5777 et

472 5807 665 5868 Latine
694 5815 1059 5881 continentur,
1085 5815 1309 5884 plurima
1338 5820 1537 5873 omissa
1572 5829 1695 5874 sunt
1721 5819 1822 5872 alia
1851 5818 2035 5874 Graeca

2135 1951 2367 2014 calcem,
2421 1965 2613 2019 nempe
2666 1950 2721 2004 in
2781 1950 2885 2003 line
2933 1949 3110 2003 ultimi
3160 1946 3288 2001 tomi
3343 1945 3706 2015 subjicientur

2136 2044 2422 2099 clarissimi
2448 2044 2548 2097 viri
2582 2042 2726 2097 Petri
2766 2042 3002 2096 Danielis
3033 2041 3210 2095 linetii
3239 2039 3581 2109 Origeniana,
3614 2038 3704 2090 ubi

2136 2137 2371 2202 primum
2403 2137 2713 2192 Adamantii
2761 2137 2930 2192 nostri
2969 2134 3259 2206 perscribit
3304 2133 3467 2186 vitam
3510 2152 3523 2187 :
3578 2132 3715 2185 hinc

2138 2230 2203 2285 de
2226 2228 2347 2297 ejus
2370 2228 2677 2284 eruditione
2697 2228 2916 2283 disserit
2938 2236 2991 2282 et
3016 2226 3303 2297 dogmatis,
3333 2239 3454 2294 qnze
3480 2238 3707 2293 magnas

2140 2323 2191 2376 in
2230 2322 2469 2378 Ecclesia
2501 2322 2626 2377 dum
2658 2322 2882 2385 viveret,
2926 2319 3157 2387 maiores
3193 2326 3312 2389 post
3355 2316 3470 2384 ejus
3497 2316 3717 2371 obitum

2140 2417 2329 2471 turbas
2355 2416 2728 2477 conciverunt;
2764 2414 2960 2482 scripta
2992 2413 3213 2466 demum
3236 2410 3376 2479 ejus,
3405 2423 3524 2477 qua:
3558 2405 3703 2460 mul-

2142 2518 2314 2562 torum
2338 2507 2534 2562 critica
2557 2505 2792 2570 vexavit,
2818 2505 3033 2576 attingit
3053 2514 3107 2558 et
3128 2504 3409 2558 discernit.
3434 2501 3704 2569 Magnam,

2140 2613 2239 2652 nec
2265 2598 2619 2664 immeritam,
2657 2596 2865 2652 auctori
2901 2612 3000 2651 suo
3029 2595 3170 2650 istud
3203 2608 3339 2664 opus
3363 2593 3502 2659 apud
3527 2590 3708 2644 erudi-

2141 2701 2221 2744 tos
2248 2692 2471 2759 gloriam
2507 2691 2732 2760 peperit.
2765 2689 3122 2757 Quamobrem
3156 2686 3481 2742 instituenda
3510 2687 3715 2743 iterum-

2139 2782 2386 2851 Origeuis
2435 2783 2585 2846 vita,
2628 2783 3099 2850 disceptandisque
3149 2778 3279 2847 eius.
3304 2781 3572 2850 dogmatis
3616 2796 3709 2835 su-

2139 2874 2535 2943 persedendum
2571 2873 2780 2943 putavi,
2818 2888 2903 2939 ne,
2951 2874 3093 2943 quod
3120 2873 3303 2935 aiunt,
3354 2883 3533 2927 actum
3577 2887 3707 2944 age-

2140 2977 2277 3031 rem,
2305 2965 2549 3034 satisque
2578 2964 2767 3019 lectori
2810 2979 2930 3020 meo
2962 2962 3080 3019 fore
3126 2964 3424 3018 arbitratus
3455 2979 3573 3018 sum
3597 3005 3612 3029 ,
3658 2965 3714 3019 si

2139 3057 2569 3127 quotiescunque
2625 3056 2798 3111 valida
2849 3072 2936 3111 me
2989 3057 3261 3113 rationum
3319 3066 3595 3112 momenta
3633 3059 3714 3111 ab

2142 3150 2513 3219 amplectenda
2536 3150 2822 3204 clarissimi
2844 3150 3085 3219 praesulis
3107 3152 3376 3206 sententia
3401 3152 3703 3215 abducunt,

2142 3256 2205 3296 ea
2254 3249 2501 3295 notarum
2551 3249 2605 3296 et
2660 3242 3102 3297 Observationum
3153 3244 3322 3297 instar
3350 3243 3412 3296 in
3455 3252 3717 3298 extrema.

2140 3346 2353 3401 quaque
2385 3332 2575 3401 pagina
2594 3332 2929 3386 exhiberem.
2955 3332 3029 3387 Ita
3057 3333 3200 3387 enim
3229 3334 3341 3398 liet,
3374 3340 3443 3385 ut:
3464 3347 3571 3386 uno
3600 3330 3708 3387 vel-

2145 3421 2221 3475 uti
2262 3421 2541 3476 oculorum
2570 3422 2820 3491 eonjectu
2848 3423 3007 3478 facile
3035 3424 3266 3494 perspici
3304 3433 3471 3492 queat
3497 3424 3624 3493 quid
3650 3425 3719 3476 in.

2142 3524 2427 3581 utramque
2474 3524 2684 3583 partem
2724 3516 2789 3569 ad
2830 3516 3192 3570 accusandum
3240 3513 3705 3570 delendendumve

2140 3606 2426 3676 Origenem
2468 3604 2747 3660 alferatur.
2777 3605 2898 3662 1am
2938 3607 2981 3660 si
3026 3606 3148 3676 quis
3186 3622 3250 3660 ex
3300 3621 3383 3661 me
3424 3601 3705 3674 quaesierit

2141 3714 2237 3753 cur
2266 3699 2443 3754 haacce
2475 3699 2797 3770 Origeuiana
2824 3701 2889 3752 ad
2913 3698 3114 3753 calcem
3147 3699 3318 3753 totius
3367 3699 3549 3767 operis
3580 3695 3713 3765 reji-

2141 3805 2286 3855 cere,
2315 3807 2473 3861 quam
2507 3793 2636 3846 tomi
2679 3792 2837 3859 primi
2870 3791 3036 3846 fronti
3084 3791 3360 3862 praeﬁgere
3393 3791 3704 3853 maluerim,

2140 3885 2355 3939 duabus
2384 3885 2451 3938 de
2474 3886 2655 3940 causis
2692 3886 2741 3939 id
2780 3886 2975 3940 factum
3017 3885 3174 3939 sciat.
3224 3887 3281 3939 1ο
3319 3884 3454 3951 Quia
3501 3883 3704 3937 volenti

2142 3975 2274 4029 mihi
2300 3976 2478 4030 omnia
2510 3974 2763 4045 Origenis
2795 3991 2955 4045 opera
2985 3991 3107 4045 quas
3134 3985 3259 4029 sunt
3306 3973 3593 4043 peculiaris
3625 3972 3704 4025 in-

2141 4068 2337 4133 stituti,
2370 4069 2421 4122 id
2449 4078 2531 4123 est
2561 4068 2935 4138 Syntagmata,
2982 4083 3088 4121 uno
3134 4066 3403 4121 volumine
3451 4080 3705 4134 compre~

2142 4161 2398 4226 hemlere,
2432 4161 2485 4215 in
2522 4162 2839 4232 ampliorem
2870 4162 3197 4230 omninoque
3227 4161 3541 4213 abnormem
3588 4173 3707 4210 mo-

2142 4253 2245 4309 lem
2290 4254 2623 4309 excrevisset
2676 4264 2851 4307 tomns
2899 4253 3139 4321 primus,
3192 4251 3247 4304 si
3277 4251 3497 4318 insuper
3539 4247 3706 4302 fronti

2141 4345 2358 4413 praefixa
2388 4344 2664 4399 habuisset
2691 4344 3033 4414 Origeniana.
3059 4343 3115 4396 2°
3141 4342 3273 4410 Quia
3300 4358 3421 4397 cum
3445 4356 3549 4394 non
3574 4356 3704 4404 uno,

2142 4438 2373 4500 duobus,
2410 4437 2650 4491 tribusve
2690 4438 2847 4491 annis
2888 4436 3126 4505 quinque
3169 4433 3383 4488 in-folio
3431 4432 3705 4487 volumina

2142 4544 2173 4585 e
2214 4530 2353 4600 typis
2392 4530 2551 4582 simul
2584 4530 2734 4584 exire
2762 4528 3003 4592 soleant,
3046 4526 3140 4581 sed
3186 4525 3431 4580 decennii
3473 4525 3703 4594 spatium

2144 4621 2210 4675 iis
2232 4621 2459 4675 edendis
2489 4619 2646 4689 vulgo
2677 4619 2987 4687 impendant
3013 4615 3342 4671 Parisienses
3360 4609 3705 4685 typograpbi,

2143 4729 2251 4768 non
2287 4714 2655 4781 imprudenter
2681 4712 2894 4781 speravi
2926 4711 3040 4765 fore
3070 4750 3085 4775 ,
3137 4717 3195 4763 ut
3243 4718 3392 4763 tanto
3445 4702 3707 4773 temporis

2144 4806 2425 4859 intervallo
2453 4821 2591 4859 nova
2629 4804 2758 4857 mihi
2792 4804 2845 4857 in
2875 4804 3001 4857 dies,
3027 4804 3091 4856 ad
3133 4800 3581 4870 Origenianorum
3615 4810 3706 4848 re-

2142 4897 2450 4951 censionem
2485 4897 2572 4950 lux
2608 4895 2913 4957 accederet,
2941 4908 3061 4959 nec,
3109 4892 3250 4960 quod
3288 4888 3409 4942 aliis
3442 4886 3706 4956 plurimo-

2145 5004 2264 5042 rum
2293 4988 2626 5042 voluminum
2655 4986 2958 5042 editoribus
2987 4986 3205 5038 evenire
3234 4981 3370 5035 solet
3389 5020 3405 5045 ,
3454 4992 3601 5031 meas
3637 4976 3706 5029 ad

2143 5075 2353 5144 priores
2401 5087 2573 5130 tomos
2605 5075 3050 5135 observationes,
3099 5073 3149 5124 in
3191 5071 3381 5123 ultimo
3430 5066 3706 5122 volumine

2144 5184 2371 5238 cogerer
2416 5169 2684 5235 castigare
2735 5176 2790 5221 et
2831 5165 3158 5236 palinodiam
3210 5178 3430 5218 canere.
3485 5160 3707 5226 Habes,

2146 5260 2403 5315 benevole
2420 5260 2609 5323 lector,
2630 5261 2797 5314 totius
2816 5258 3041 5326 hujusce
3057 5258 3309 5312 editionis
3325 5263 3709 5325 conspectum.

2144 5352 2281 5418 Quid
2314 5369 2342 5406 a
2375 5352 2530 5407 nobis
2554 5353 2607 5407 in
2637 5354 2738 5406 hoc
2761 5353 2934 5421 primo
2964 5360 3108 5404 torno
3134 5350 3469 5418 potissimum
3494 5347 3706 5418 paesti-

2147 5456 2254 5497 tum
2286 5445 2375 5511 sit,
2407 5461 2550 5500 nunc
2587 5445 2868 5514 speciatim
2901 5444 3209 5507 dicendum.

2146 5558 2220 5612 De
2245 5560 2476 5628 reliquiis
2500 5558 2841 5628 epistolarum
2866 5557 3128 5628 Origenis,
3148 5568 3199 5610 et
3226 5558 3451 5628 maxime
3473 5558 3536 5610 de
3554 5558 3704 5625 Afri-

2214 5626 2576 5696 cani'epistola
2606 5632 2674 5682 ad
2702 5626 2975 5697 Origenent
3019 5640 3063 5681 et
3101 5629 3343 5696 Origenis
3380 5627 3449 5682 ad
3491 5628 3704 5695 Africa-

2215 5716 2336 5752 num
2371 5716 2611 5766 responso
2640 5715 2795 5768 super
2824 5698 3088 5753 Suzannw
3111 5700 3351 5752 historia.

2217 5816 2369 5871 Unde
2422 5817 2719 5885 prodierint
2769 5818 3111 5889 epistolarum
3164 5816 3413 5885 Origo-nis
3464 5816 3704 5885 reliquis:
