3952 6144
362 309 435 369 ει
1776 303 2162 361 PRASFATIO.
2422 340 2427 345 ο
3527 312 3600 366 22

366 445 488 501 qua}
516 428 679 482 fronti
706 426 1119 498 Syntagmatum
1151 426 1572 495 praemittuntur,
1601 426 1798 493 praevia
1839 427 1932 480 do-
1960 434 2004 487 Α

361 530 449 577 cet
475 520 771 576 admonitio
800 519 1088 588 generalis,
1127 518 1178 571 in
1217 533 1323 587 qua
1363 533 1426 572 ea
1479 528 1687 571 tantum
1725 518 1923 573 omissa

361 624 488 668 sunt
512 627 631 680 qua:
661 611 727 665 ad
754 611 934 665 varias
965 619 1208 680 spectant
1248 610 1554 680 ἀμοιδαίων
1588 609 1826 665 Africani
1872 618 1926 664 et

358 702 612 772 Origenis
645 701 995 770 epistolarum
1045 701 1331 755 editiones.
1384 700 1681 769 Utramque
1718 703 1924 771 primus

362 795 556 849 Latine
587 804 798 849 tantum
830 795 997 849 edidit
1024 792 1132 848 Leo
1154 793 1418 856 Castrius,
1457 792 1749 863 Hispanus,
1784 810 1924 864 pra:-

362 886 590 954 Iixitque
641 885 756 941 suis
801 885 851 938 in
902 885 1095 940 Isaiam
1146 887 1462 954 prophetam
1517 885 1924 939 commentariis

359 976 710 1032 Salmanticaa
741 977 972 1047 vulgatis
997 992 1143 1031 anno
1174 977 1332 1032 1570.
1380 978 1679 1047 Utramque
1727 978 1922 1034 deinde

356 1069 642 1125 Gilhertus
685 1070 1063 1127 Genebrardus
1120 1086 1261 1125 anno
1313 1070 1449 1125 1574
1512 1072 1763 1128 editionis
1812 1088 1923 1128 suae

358 1172 509 1219 tomo
544 1164 783 1220 secundo
809 1165 1059 1228 inseruit,
1090 1165 1361 1220 Gentiano
1388 1165 1639 1233 IIerveto,
1672 1166 1919 1221 Aurelia-

358 1255 538 1323 nensi,
577 1266 632 1310 et
660 1257 922 1311 canonico
956 1256 1207 1311 Remensi
1234 1296 1249 1322 ,
1296 1257 1592 1327 interprete
1637 1272 1705 1312 ex
1738 1258 1923 1314 codice

357 1348 732 1417 manuscripto
781 1347 1055 1403 Guillehni
1112 1348 1292 1404 Sirleti
1345 1349 1660 1405 cardinalis.
1729 1349 1919 1405 Postea

355 1438 598 1493 Africani
641 1442 707 1495 ad
755 1440 1040 1510 Origenem
1090 1441 1313 1510 epistola
1345 1443 1550 1513 integra
1599 1458 1721 1498 cum
1767 1444 1921 1497 initio

356 1533 605 1600 responsi
654 1532 900 1603 Origenis
939 1535 1006 1589 ad
1047 1535 1362 1590 Africanum
1412 1535 1601 1592 Grrcce
1658 1536 1921 1591 duntaxat

353 1624 502 1678 edita
529 1633 612 1679 est
651 1626 904 1697 Augusta:
946 1626 1350 1683 Vindelicorum
1391 1644 1532 1683 anno
1564 1629 1699 1685 1602
1724 1670 1739 1695 ,
1789 1646 1917 1685 cura

353 1714 575 1770 Davidis
602 1716 892 1774 Hmschelii
918 1728 1036 1789 post
1068 1720 1292 1775 Adriani
1335 1720 1590 1793 Isagogen
1638 1737 1915 1778 sacrarum

355 1805 783 1876 Scripturarum,
808 1819 863 1864 et
888 1811 1135 1883 Hesychii
1161 1813 1456 1884 presbyteri
1478 1812 1913 1886 Jerosolymitani

355 1899 711 1968 Στιχηρὸνῖη
734 1901 923 1956 Isaiam
952 1914 1006 1958 et
1025 1904 1301 1959 duodecim
1322 1904 1627 1974 prophetas.
1655 1907 1914 1977 Responsi

356 1988 611 2060 Origenis
642 1994 707 2048 ad
738 1993 1052 2049 Africanum
1083 1996 1447 2066 fragmentum
1474 1997 1700 2052 alterum
1726 1998 1916 2055 Greece

358 2082 487 2137 item
518 2084 685 2139 edidit
724 2084 1216 2155 Patriciusluuius,
1261 2087 1519 2155 Londini,
1546 2104 1691 2144 anno
1734 2089 1871 2144 1657
1897 2132 1912 2157 ,

331 2184 482 2259 ‘post
510 2175 765 2231 Catenam
794 2178 1106 2235 Graecorum
1153 2181 1370 2235 Patrum
1415 2180 1467 2234 in
1506 2182 1629 2238 Job.
1678 2184 1915 2253 Denique

354 2276 641 2337 utramque
659 2270 938 2340 epistolam
971 2272 1130 2328 simul
1153 2272 1336 2329 Graece
1362 2284 1418 2330 et
1442 2274 1630 2330 Latine
1662 2292 1764 2329 una
1790 2291 1910 2330 cum

358 2358 578 2431 Dialogo
604 2371 790 2417 contra
824 2363 1190 2430 Marcionitas,
1238 2375 1294 2420 et
1342 2365 1597 2436 Origenis
1643 2367 1908 2422 Exhorta-

352 2450 501 2507 tione
524 2451 591 2505 ad
636 2452 944 2523 Martyrium
988 2456 1212 2511 Basilete
1260 2473 1401 2511 anno
1449 2457 1586 2511 1674
1635 2458 1688 2512 in
1738 2458 1910 2512 lucem

352 2540 524 2595 edidit
556 2541 792 2599 Joannes
834 2545 1145 2613 Rodolphus
1194 2547 1571 2603 Wetsthenius
1596 2589 1612 2613 ,
1658 2549 1913 2604 oratoriae

354 2630 492 2686 artis
521 2633 576 2687 in
604 2633 842 2700 ejusdem
872 2636 1021 2689 urbis
1045 2636 1330 2690 acadeutia
1364 2637 1659 2705 professor.
1713 2637 1911 2693 Verum

352 2723 473 2792 ejus
487 2722 649 2777 editio
669 2724 867 2793 triplici
885 2726 1220 2795 potissimum
1241 2726 1452 2781 videtur
1474 2726 1722 2783 laborare
1740 2729 1870 2784 vitio
1893 2747 1909 2784 :

354 2815 413 2869 1ο
464 2816 605 2884 quod
650 2818 965 2872 mendosum
1016 2819 1330 2890 plerumque
1373 2829 1629 2892 sequatur
1674 2822 1911 2878 codicem

350 2908 827 2979 manuscriptum;
857 2909 923 2963 2°
969 2912 1111 2981 quod
1155 2913 1460 2969 barbariem
1513 2924 1572 2970 ut
1623 2915 1910 2984 plurimum

349 2998 590 3052 redoleat
613 2998 985 3070 interpretatio
1024 3003 1214 3059 Latina
1246 3020 1277 3060 e
1321 3005 1540 3075 regione
1584 3007 1757 3063 Graeci
1791 3022 1913 3062 ser-

2214 426 2285 479 De
2317 427 2464 481 libris
2491 427 2629 495 Περὶ
2660 426 2863 496 ἀρχῶν
2889 443 2981 480 seu
3016 426 3089 480 De
3117 426 3407 496 principiis.

2098 518 2340 583 Quatuor
2373 518 2512 588 Περὶ
2546 518 2745 589 ἀρχῶν
2788 517 2954 574 libros
2995 518 3182 573 Latine
3227 526 3431 573 tantum
3491 519 3598 573 Ru-

2030 608 2137 661 ﬁno
2165 607 2459 677 interprete
2486 610 2818 679 (jamdudum
2850 607 2992 663 enim
3023 608 3257 662 maxima
3302 623 3430 678 pars
3473 623 3599 662 ora-

2026 699 2188 754 tionis
2217 699 2418 756 Graecae
2449 701 2761 774 interierat)-
2782 704 2987 771 primus
3008 703 3148 775 typis
3174 702 3416 757 mandari
3441 716 3599 757 cura-

2028 789 2105 843 vit
2128 789 2365 846 Jacobus
2391 790 2648 847 Merlinus
2698 794 2843 849 anno
2875 795 3046 862 1512,
3083 810 3191 849 una
3219 809 3342 849 cum
3383 794 3599 848 cwteris

2024 899 2159 951 quas
2185 882 2373 939 Latine
2432 894 2711 955 repererat
2758 886 3010 956 Origenis
3052 901 3276 957 operum
3326 885 3595 956 reliquiis.

2026 975 2224 1031 Verum
2260 977 2407 1031 bono
2434 976 2509 1032 illi
2546 978 2752 1033 doctori
2797 994 2989 1049 parum
3015 994 3161 1035 curae
3190 979 3360 1035 fuisse
3385 978 3599 1034 videtur

2029 1067 2207 1121 Rufini
2241 1066 2331 1121 illa
2365 1068 2673 1137 adprecatio
2696 1083 2799 1139 qua
2828 1068 2884 1123 in
2918 1069 3026 1124 fine
3060 1070 3264 1140 prologi
3289 1070 3372 1125 sui
3395 1086 3598 1125 omnem

2022 1160 2112 1227 qui
2137 1159 2230 1212 ltos
2259 1159 2420 1212 libros
2462 1158 2825 1227 descripturus
2869 1171 2946 1214 est
2981 1162 3064 1215 uel
3097 1161 3360 1227 lecturus,
3389 1163 3448 1215 in
3470 1178 3597 1216 con-

2025 1259 2204 1319 spectu
2257 1250 2356 1305 Dei
2403 1251 2584 1305 Patris
2611 1263 2657 1306 et
2688 1251 2821 1307 Filii
2855 1264 2902 1307 et
2937 1252 3171 1322 Spiritus
3214 1256 3385 1309 sancti
3420 1264 3598 1310 conte-

2022 1354 2215 1411 statur,
2259 1353 2416 1415 atque
2468 1347 2701 1400 convenit
2740 1364 2833 1415 per
2886 1349 3053 1417 futuri
3097 1350 3240 1419 regni
3278 1348 3470 1416 ﬁdem,
3507 1364 3597 1419 per

2023 1436 2417 1489 resurrectionis
2466 1452 2532 1489 ea:
2566 1438 2786 1490 mortuis
2835 1449 3261 1503 sacramentum,
3313 1454 3406 1506 per
3443 1437 3595 1492 illum

2019 1528 2108 1594 qui
2135 1537 2464 1595 prteparatus
2498 1539 2572 1581 est
2610 1528 2821 1582 diabolo
2850 1537 2900 1582 et
2927 1529 3127 1599 angelis
3181 1530 3297 1600 ejus
3343 1538 3591 1584 aeternum

2019 1618 2209 1687 ignem,
2255 1636 2319 1674 ne
2355 1620 2518 1675 addat
2569 1621 2770 1691 aliquid
2816 1622 3125 1690 scripturas,
3154 1638 3218 1677 ne
3242 1621 3488 1692 auferat,
3531 1637 3595 1675 ne

2019 1711 2236 1780 inferat,
2263 1729 2327 1767 ne
2354 1713 2614 1779 immutet,
2641 1715 2734 1768 sed
2770 1713 3010 1781 conferat
3049 1730 3169 1767 cum
3208 1712 3594 1783 exemplaribus

2022 1806 2157 1857 unde
2191 1806 2476 1874 scripserit,
2505 1816 2550 1861 et
2575 1805 2807 1861 emendet
2830 1806 2900 1859 ad
2921 1804 3175 1873 litteram,
3207 1815 3254 1860 et
3277 1805 3591 1875 distinguat,

2018 1905 2067 1951 et
2123 1895 2510 1950 inemendatum
2564 1898 2641 1950 vel
2690 1912 2793 1950 non
2841 1896 3151 1950 distinctum
3212 1897 3443 1951 codicem
3490 1912 3593 1950 non

2016 1991 2226 2054 habeat,
2270 2007 2331 2044 ne
2368 2006 2611 2043 sensuum
2654 1988 2971 2058 difficultas,
3022 1989 3067 2043 si
3112 1989 3390 2043 distinctus
3428 1991 3594 2043 codex

2017 2100 2119 2136 non
2169 2083 2277 2147 sit,
2329 2082 2558 2151 majores
2616 2082 2964 2135 obscuritates
3018 2081 3305 2151 legentibus
3365 2092 3589 2150 generet.

2013 2172 2218 2243 Nempe
2266 2174 2319 2227 in
2367 2181 2612 2227 veterum
2668 2174 3157 2243 manuscriptorum
3209 2171 3443 2226 lectione
3483 2184 3589 2226 non

2016 2263 2156 2317 belle
2198 2264 2531 2318 exercitatus
2554 2262 2831 2331 Merlinus,
2878 2263 3103 2328 incidit,
3135 2264 3211 2319 uti
3250 2262 3500 2333 conjicio,
3536 2263 3591 2317 in

2014 2357 2232 2411 iunicum
2267 2357 2513 2413 codicem
2553 2355 2939 2423 Sorbonicum,
2982 2365 3298 2411 accuratum
3342 2357 3586 2426 quidem,

2013 2450 2108 2505 sed
2135 2449 2512 2519 frequentibus
2540 2450 2938 2506 abbreviaturis
2971 2450 3043 2505 ita
3070 2450 3412 2521 implicitum,
3449 2460 3508 2505 ut
3534 2449 3588 2505 ei

2015 2554 2149 2609 pene
2173 2540 2238 2593 ad
2265 2540 2479 2610 singula
2514 2543 2680 2596 verba
2731 2541 2952 2597 haeserit
3004 2557 3163 2613 aqua,
3212 2542 3470 2598 divinarit
3496 2558 3591 2611 po-

2015 2632 2121 2686 tius
2144 2644 2308 2699 quam
2338 2633 2551 2702 legerit,
2578 2642 2631 2688 et
2666 2634 2957 2690 divinando
2993 2636 3258 2691 absurdus
3291 2634 3589 2704 saepissime

2012 2730 2066 2774 et
2094 2721 2347 2777 ridiculas
2394 2737 2496 2791 pro
2554 2725 2804 2793 genuinis
2852 2726 3108 2782 obtrudat
3159 2726 3440 2782 lectiones.
3498 2726 3590 2779 Sic

2014 2813 2310 2881 saepissime
2336 2814 2466 2885 legit
2492 2815 2651 2881 Deus,
2673 2817 2765 2871 ubi
2799 2820 3204 2889 manuscriptus
3227 2821 3393 2874 codex
3425 2819 3589 2873 habet

2012 2905 2244 2966 dicitur,
2272 2913 2326 2959 et
2363 2907 2653 2976 exscripsit
2691 2908 2932 2964 Hebraeis
2980 2910 3067 2965 ubi
3132 2910 3413 2982 legendum
3470 2921 3589 2967 erat

2013 2995 2261 3061 habebis;
2287 3005 2338 3050 et
2368 2998 2485 3052 vice
2515 3014 2671 3053 versa
2703 3001 2905 3055 dicitur
2933 3012 2989 3056 et
3015 3002 3246 3067 habebis,
3283 3003 3370 3058 ubi
3402 3003 3585 3074 legen-

347 3091 526 3146 monis
558 3094 822 3164 apposita;
845 3095 902 3149 5o
929 3095 1069 3165 quod
1102 3097 1281 3151 omnia
1311 3098 1423 3153 fere
1451 3098 1700 3169 Origenis
1750 3114 1909 3171 urg“-
1937 3124 1984 3181 ο
2012 3093 2138 3142 dum
2156 3096 2291 3181 erat
2316 3088 2458 3144 Deus
2485 3099 2539 3144 et
2567 3090 2825 3146 Hebrwis.
2857 3092 3092 3162 Longior
3119 3092 3313 3149 fuerim
3349 3094 3394 3150 si
3427 3103 3585 3149 caete-

346 3196 537 3239 menta.
558 3188 752 3255 quibus
776 3187 986 3255 objecta
1015 3190 1083 3242 ab
1114 3188 1371 3244 Africano
1399 3199 1585 3245 contra
1638 3190 1907 3247 Suzannaa

346 3277 633 3335 historiam
662 3278 984 3345 diluuntur,
1021 3280 1245 3349 prolixis
1281 3290 1335 3335 et
1382 3281 1559 3337 inutili
1604 3284 1907 3339 eruditione

344 3368 564 3423 refertis
596 3371 734 3424 notis
755 3370 970 3426 elevare
993 3381 1236 3426 conetur.
1264 3371 1456 3428 Nostra
1480 3374 1642 3430 editio
1663 3373 1904 3431 Graecam

341 3461 647 3516 orationem
666 3463 733 3516 ab
753 3462 1052 3517 innumeris
1078 3463 1283 3519 mendis
1299 3480 1400 3532 ope
1419 3466 1905 3536 manuscriptorum

342 3563 627 3623 purgatam
679 3553 899 3609 exhibet
975 3566 1030 3610 et
1064 3572 1095 3611 e
1136 3558 1357 3625 regione
1405 3557 1904 3626 interpretationem

345 3643 614 3710 Latinam,
640 3659 783 3714 qum,
814 3645 888 3699 uti
919 3661 1100 3716 spero,
1134 3649 1316 3703 minus
1350 3649 1585 3703 barbara
1618 3640 1905 3717 minusque

344 3735 556 3790 hirsuta
589 3735 876 3791 videbitur.
909 3737 1037 3805 Qua:
1060 3738 1379 3795 Wetsthenii
1405 3750 1545 3794 notae
1567 3755 1597 3793 a
1629 3740 1903 3796 Catholica

341 3824 448 3877 fide
471 3830 577 3879 non
611 3825 887 3893 recedunt,
921 3842 1015 3884 eas
1036 3842 1134 3883 suo
1162 3828 1281 3883 loco
1306 3829 1364 3883 in
1386 3832 1648 3885 extremis
1677 3830 1901 3899 quibus-

337 3933 449 3988 que
485 3918 694 3987 paginis
723 3921 1188 3988 repraasentandas
1224 3935 1342 3975 esse
1364 3920 1638 3988 duximus,
1666 3921 1902 3992 reliquas

340 4023 477 4062 vero
513 4017 571 4061 ut
612 4009 934 4077 prolixiores
974 4020 1030 4064 et
1070 4027 1098 4065 a
1136 4011 1410 4069 Catholica
1460 4014 1564 4070 tide
1613 4016 1903 4072 abnormes

340 4099 650 4154 confutatas
704 4101 941 4169 reperies
989 4103 1041 4156 in
1091 4103 1559 4159 observationibus
1604 4108 1802 4163 nostris
1834 4110 1901 4164 ad

340 4186 520 4241 IIuetii
558 4187 750 4243 librum
796 4190 1085 4245 secundum
1142 4190 1608 4260 Origenianorum.
1659 4196 1900 4266 Denique

339 4280 626 4348 utriusque
671 4280 912 4351 epistolae
954 4279 1120 4335 fronti
1168 4283 1444 4351 praefixum
1490 4293 1573 4339 est
1613 4288 1895 4352 monitum,

336 4390 447 4444 quo
479 4374 759 4445 utriusque
789 4374 1078 4430 sinceritas
1106 4377 1392 4431 astruitur.

338 4534 436 4610 De‘
479 4536 1085 4610 fragmentishlibrorum
1140 4540 1216 4593 De
1282 4545 1693 4610 resurrectione,
1738 4557 1788 4600 et
1838 4552 1901 4602 de

407 4606 717 4676 fragmentis
783 4608 1034 4663 librorum
1101 4610 1193 4680 qui
1241 4612 1604 4683 Στρωματεῖς
1660 4606 1901 4686 inscripti

404 4688 543 4730 sunt.

405 4831 695 4901 Epistolam
750 4831 997 4903 Origenis
1053 4837 1120 4890 ad
1165 4836 1482 4893 Africanum
1525 4841 1590 4897 de
1640 4842 1898 4898 Susanna-‘2

336 4920 554 4976 historia
600 4923 879 4991 excipiunt
923 4925 1242 4993 superstites
1301 4929 1573 4985 nonnulla:
1636 4931 1897 4987 librorum

338 5009 413 5064 De
442 5015 837 5078 resurrectione,
868 5024 923 5069 et
957 5015 1215 5071 librorum
1249 5017 1579 5075 Stromatum
1631 5024 1894 5094 reliquiae.
1923 5054 1929 5059 -

337 5097 440 5153 Eas
466 5100 602 5154 unde
629 5102 679 5155 in
726 5103 863 5157 hanc
888 5104 1177 5159 editionem
1233 5107 1639 5179 adduxerimus,
1693 5113 1899 5169 brevis-

334 5189 470 5243 sima
500 5191 652 5245 docet
691 5206 813 5247 nota
858 5210 978 5263 qua:
1028 5196 1319 5269 unicuique
1362 5200 1665 5269 fragmento
1709 5203 1897 5272 adjun-

334 5278 494 5345 gitur.
529 5279 585 5333 Id
613 5296 774 5334 unum
812 5283 899 5338 hic
940 5286 1266 5340 monendum
1313 5296 1578 5356 superest,
1608 5290 1739 5343 mihi
1788 5305 1892 5343 nou

333 5383 536 5427 certum
581 5374 747 5428 videri
775 5391 840 5431 ea
902 5380 1078 5433 omnia
1127 5395 1247 5450 quae
1273 5380 1325 5435 in
1353 5380 1655 5450 fragmento
1708 5386 1894 5455 quinto

333 5461 408 5516 De
437 5467 811 5519 resurrectione
838 5468 990 5535 quasi
1035 5468 1283 5540 Origenis
1324 5475 1485 5530 verba
1523 5478 1888 5545 proferuntur,

334 5564 519 5607 revera
567 5554 813 5625 Origenis
857 5572 997 5611 esse.
1044 5559 1204 5614 Forte
1242 5562 1386 5615 enim
1428 5563 1503 5617 sic
1543 5564 1690 5618 illum
1739 5564 1893 5618 ﬁnxit

335 5639 635 5712 loquentem
666 5647 1047 5718 Hieronymus,
1108 5652 1182 5705 uti
1225 5652 1445 5722 conjicit
1489 5656 1718 5713 lluetius
1767 5657 1890 5711 0ri~

336 5739 665 5799 αιηὶιιηοηιηι
692 5739 829 5797 libro
863 5744 1126 5809 secundo,
1156 5755 1343 5813 quasst.
1375 5747 1425 5815 9,
1457 5764 1600 5805 num.
1637 5751 1692 5803 7.

2017 3194 2102 3233 ras
2154 3179 2364 3235 Merlini
2413 3181 2868 3239 hallucinatioues
2906 3184 2995 3241 hic
3038 3200 3374 3242 enumerem.
3405 3187 3585 3243 Facile

2011 3288 2104 3328 eas
2147 3289 2335 3329 omnes
2383 3275 2748 3345 deprehendet
2794 3279 3041 3349 quisquis
3093 3291 3250 3336 notas
3282 3292 3496 3337 nostras
3524 3283 3578 3337 iu

2009 3375 2251 3423 extrema
2282 3381 2497 3437 quaque
2543 3369 2736 3439 pagina
2791 3370 3063 3439 appositas
3107 3355 3581 3443 leget.'Przeterea

2008 3460 2153 3526 quod
2183 3459 2454 3515 veteribus
2495 3461 2924 3518 amanuensibus
2960 3463 3177 3530 accidit,
3211 3474 3291 3531 ut,
3330 3466 3419 3520 ubi
3466 3481 3583 3519 ma-

2011 3548 2320 3617 nuscriptus
2343 3550 2510 3604 codex
2549 3566 2708 3620 quem
2740 3552 3140 3623 describebant,
3187 3557 3445 3614 continue
3477 3557 3579 3612 du-

2009 3630 2200 3704 plicem
2221 3640 2498 3709 periodum
2546 3642 2946 3711 ὁμοιοτέλευτον
2985 3644 3263 3711 oﬂ‘erebat,
3298 3648 3578 3703 oculorum

2006 3746 2195 3786 errore
2221 3733 2429 3802 decepti
2465 3748 2605 3804 saepe
2630 3750 2795 3790 unam
2831 3736 3168 3805 omitterent,
3197 3738 3249 3793 id
3289 3740 3454 3795 etiam
3487 3758 3580 3797 ac-

2007 3820 2140 3874 cidit
2164 3821 2214 3875 ei
2247 3821 2340 3890 qui
2369 3823 2608 3878 codicem
2645 3826 3003 3882 Sorbonicum
3034 3828 3274 3900 scripsit,
3310 3832 3408 3887 sed
3429 3842 3581 3901 post-

2001 3922 2066 3962 ea
2113 3908 2398 3966 conferens
2419 3913 2562 3981 quod
2583 3913 2941 3985 descripserat
2967 3932 3088 3973 cum
3114 3921 3408 3991 exemplari
3436 3925 3577 3979 unde

2004 4002 2329 4070 scripserat,
2371 4004 2583 4075 adjecit.
2608 4009 2673 4061 ad
2709 4022 2860 4063 oram
2890 4011 3071 4065 omnia
3122 4026 3247 4083 quae
3293 4016 3575 4081 omiserat,

2003 4093 2097 4147 sed
2143 4094 2214 4148 ita
2265 4096 2474 4152 minuto
2526 4099 2846 4157 charactere
2885 4111 2942 4156 ut
2972 4104 3053 4159 eis
3106 4104 3344 4175 legendis
3399 4108 3578 4176 impar

2000 4183 2165 4239 fuerit
2191 4185 2473 4245 Merlinus.
2501 4188 2860 4257 Quamobrem
2897 4194 3179 4251 innumera
3209 4208 3336 4253 sunt
3373 4199 3424 4252 in
3454 4200 3571 4269 ejus

2000 4274 2236 4330 editione
2276 4276 2413 4343 loca,
2458 4294 2688 4347 quorum
2734 4284 3040 4339 obscuritas
3082 4285 3171 4341 vel
3219 4288 3320 4355 ipsi
3363 4286 3572 4358 mdipo

2004 4369 2143 4423 foret
2168 4370 2567 4439 insuperabilis.
2594 4373 2779 4444 Neque
2808 4376 2890 4431 eis
2918 4392 3139 4431 manum
3167 4381 3431 4435 medicam
3476 4384 3569 4436 θα.

1937 4459 1977 4512 1)
2012 4460 2187 4514 hibuit
2225 4460 2627 4530 Geuebrardus,
2671 4466 2823 4535 cujus
2849 4467 3021 4522 editio
3044 4483 3186 4524 anno
3219 4470 3356 4525 1574
3397 4487 3464 4527 ne
3494 4473 3574 4527 la-

2007 4563 2117 4606 tum
2141 4553 2355 4622 quidem
2388 4570 2619 4625 unguem
2643 4572 2671 4611 a
2704 4556 3021 4615 Merliniana
3056 4561 3302 4627 discedit,
3332 4565 3376 4620 si
3409 4567 3571 4621 modo

2003 4658 2172 4700 novos
2220 4646 2631 4716 typographicos
2670 4662 2886 4704 errores
2923 4653 3234 4723 exceperis,
3275 4667 3330 4711 et
3372 4668 3564 4713 novam

2000 4752 2162 4805 quam
2190 4740 2342 4795 initio
2373 4740 2493 4795 libri
2521 4743 2745 4799 tertii-et
2775 4744 2931 4800 initio
2958 4746 3081 4801 libri
3126 4752 3304 4817 quarti
3336 4751 3569 4811 instituit

2005 4830 2248 4884 Latinam
2278 4834 2804 4902 interpretationem,
2838 4840 3080 4909 neglecta
3120 4840 3429 4897 Rufiniana.
3461 4844 3565 4901 De-

2002 4922 2162 4990 nique
2191 4922 2392 4979 Graecas
2417 4927 2725 4995 scriptionis
2768 4929 3010 5000 reliquis:
3038 4947 3175 5003 quas
3204 4935 3397 5003 partim
3439 4935 3564 4990 Phi-

2001 5014 2213 5080 localia,
2258 5017 2453 5084 partim
2501 5019 2724 5087 epistola
2764 5020 3049 5077 Justiniaui
3104 5025 3451 5095 imperatoris
3499 5030 3567 5085 ad

2000 5106 2229 5172 Menam,
2258 5110 2448 5175 partim
2466 5108 2745 5166 Marcellus
2760 5114 3081 5183 Ancyranus
3102 5119 3244 5186 apud
3275 5118 3565 5176 Eusebium

1997 5198 2275 5264 exhibent,
2303 5202 2352 5255 in
2380 5211 2609 5273 utraque
2632 5206 2868 5261 editione
2897 5209 3296 5279 desiderantur,
3324 5230 3424 5270 nec
3458 5231 3563 5269 non

1998 5305 2163 5359 pauca
2205 5291 2673 5362 interpretationis
2720 5296 3154 5370 Hieronymianaa
3200 5307 3524 5373 fragmenta.

2069 5382 2171 5435 Tot
2199 5384 2344 5439 vitiis
2376 5395 2441 5439 ut-
2462 5389 2825 5455 mederemur,
2864 5391 3206 5451 Rufiniauam
3239 5398 3565 5467 interpreta-

1998 5475 2195 5528 tionem
2232 5477 2310 5532 ad
2340 5478 2497 5532 fidem
2556 5495 2651 5536 sex
2702 5484 3205 5552 antiquissimorum
3259 5492 3565 5547 manuscri-

1995 5576 2208 5636 ptorutn
2261 5570 2543 5639 diligenter
2592 5576 3033 5644 emendavimus,
3072 5590 3127 5634 et
3178 5581 3391 5646 quoties
3441 5598 3561 5639 sese

1992 5660 2189 5715 obtulit
2240 5664 2508 5719 sermonis
2532 5665 2707 5721 Graeci
2741 5680 2833 5724 aut
2860 5670 3328 5740 interpretationis
3368 5676 3551 5736 Hiero-

1995 5754 2260 5825 nymiatne
2289 5756 2583 5825 particula,
2617 5774 2734 5815 eam
2768 5777 2797 5818 e
2829 5765 3046 5832 regione
3079 5768 3461 5840 opposuimus,
3498 5782 3557 5828 ut
