3952 6144
445 280 515 329 es
1856 280 2243 335 PRJEFATIO.
3620 277 3690 329 ει

445 403 553 441 uno
586 388 866 445 oculorum
897 392 1144 461 conjecta
1178 391 1387 447 facilius
1419 392 1586 446 lector
1609 392 1814 462 judicet
1844 392 2020 460 qualis
2050 398 2096 452 Α
2125 391 2256 446 Nam
2316 391 2654 447 clarissimus
2698 390 2949 446 dominus
2981 390 3220 445 Joannes
3255 387 3475 443 Waller
3505 431 3519 451 ,
3563 404 3690 457 pre-

445 480 518 533 sit
556 477 738 534 Ruﬁni
807 481 1120 551 interpretis
1173 484 1322 537 ﬁdes.
1376 482 1650 549 Ejusmodi
1714 484 2014 553 fragmenta

445 585 674 625 numero
717 580 843 627 sunt
872 574 1087 629 circiter
1115 573 1473 644 quadraginta
1511 575 1638 641 duo,
1666 583 1720 629 et
1749 575 2012 629 interdum

442 663 641 718 accidit
668 672 725 718 ut
750 668 936 719 eadem
965 665 1212 721 columna
1264 668 1427 720 modo
1457 667 1509 721 in
1551 667 1821 737 duplicem
1863 678 2009 722 secta

442 752 511 806 ab
541 763 644 807 una
674 762 824 823 parte
852 766 1201 823 repraesentet
1252 755 1441 812 Graeca
1467 799 1483 822 ,
1512 759 1579 813 ab
1611 761 1780 813 altera
1829 760 2011 815 Ruﬁni

443 845 982 915 interpretationem;
1012 848 1092 901 vel
1122 849 1249 904 hinc
1271 850 1473 917 Ruﬁni,
1499 851 1645 905 illine
1674 852 2009 925 Hieronymi;

440 935 523 992 vel
556 937 678 993 hinc
705 937 911 1004 Grzeca,
970 941 1122 995 illinc
1174 944 1588 997 conversionem
1642 961 1875 1007 novam,
1921 946 2009 1001 ubi

435 1029 587 1083 deest
611 1029 931 1099 Ruﬁniana;
965 1035 1123 1087 modo
1154 1034 1204 1087 in
1228 1034 1493 1101 triplicem
1526 1036 1721 1103 divisa,
1755 1038 1805 1091 in
1836 1039 2012 1092 medio

436 1120 673 1190 proferat
711 1122 922 1189 Gneca,
950 1141 977 1177 a
1010 1125 1249 1181 sinistris
1274 1126 1451 1180 Rntini
1483 1130 2011 1197 interpretationem,

432 1221 484 1267 et
499 1229 527 1265 a
546 1213 753 1269 dextris
770 1230 986 1282 nOvam,
1009 1217 1097 1273 ubi
1118 1217 1269 1273 deest
1292 1218 1734 1289 llieronymiana;
1764 1222 1844 1275 vel
1861 1222 2012 1275 exhi-

430 1303 557 1359 beat
608 1321 639 1359 a
692 1307 931 1361 sinistris
996 1323 1118 1377 quae
1173 1309 1530 1381 Hieronymus
1590 1314 1895 1376 convertit,
1955 1314 2007 1368 in

433 1396 610 1450 medio
640 1397 862 1459 Grzeca,
892 1410 947 1453 et
990 1415 1017 1451 a
1068 1402 1280 1456 dextris
1340 1406 1754 1459 conversionem
1817 1421 2009 1459 novam

432 1485 856 1557 llieronymiana
890 1492 1309 1546 accuratiorem.
1352 1492 1592 1562 Denique
1630 1494 1890 1549 collocata
1925 1506 2008 1550 est

431 1577 487 1629 ln
522 1575 698 1632 fronte
730 1578 896 1634 totius
932 1581 1112 1650 operis
1148 1584 1478 1650 admonitio,
1521 1600 1626 1652 qua
1670 1586 1902 1639 breviter
1928 1587 2009 1641 in-

430 1668 647 1723 dicatur
680 1691 692 1725 :
727 1671 785 1724 1-
826 1686 933 1741 quo
971 1683 1214 1743 tempore
1241 1676 1342 1729 hos
1374 1676 1546 1731 libros
1572 1678 1855 1744 scripserit
1884 1676 2006 1732 Ori-

2119 485 2303 555 sbyter
2326 484 2549 552 A’nglus,
2573 486 2654 537 vir
2680 484 2929 539 etGrtece
2960 482 3340 553 peritissimus,
3367 482 3489 535 etin
3506 479 3691 547 legen-

2117 576 2201 629 dis
2223 574 2307 629 vel
2336 574 2661 630 diliicillimis
2686 575 3067 643 manuscriptis
3098 574 3303 629 Graecis
3338 574 3687 629 exercitatis-

2115 667 2305 731 simus,
2339 667 2531 721 iterum
2559 682 2679 722 meo
2711 677 2894 736 rogatu
2925 666 3422 734 Cantabrigiensem
3442 666 3686 721 codicem

2115 771 2368 815 accurate
2419 760 2649 815 contulit
2694 776 2814 814 cum
2862 760 3099 815 editione
3151 758 3464 823 Oxoniensi,
3508 772 3536 810 a
3580 771 3685 824 qua

2115 862 2375 921 quantum
2424 852 2570 907 illum
2616 853 2929 922 discrepare
2966 852 3400 922 deprehenderit,
3460 854 3688 905 adnota-

2116 944 2288 996 vimus
2318 942 2371 996 in
2410 954 2651 998 extrema
2693 958 2905 1013 quaque
2951 946 3166 1015 pagina,
3214 944 3301 997 ubi
3348 950 3560 998 exstant
3604 942 3688 995 in-

2113 1050 2277 1103 super
2334 1035 2559 1089 alterius
2606 1037 2907 1091 doctissimi
2960 1036 3114 1106 Angli
3172 1036 3423 1090 Richardi
3478 1032 3684 1088 Bentlei

2112 1124 2461 1190 conjectum,
2519 1124 2715 1193 quibus
2770 1126 2949 1178 omnia
3002 1125 3113 1179 fere
3135 1125 3254 1179 loca
3301 1140 3421 1191 qua:
3477 1127 3683 1177 medica

2115 1231 2274 1268 manu
2308 1216 2645 1284 indigebant,
2699 1218 2917 1271 sanitati
2976 1216 3205 1271 feliciter
3246 1216 3498 1271 restituit.
3540 1215 3688 1268 Prm-

2116 1316 2264 1361 terea
2316 1320 2344 1359 a
2392 1321 2615 1360 numero
2664 1307 2725 1361 51
2786 1309 2851 1360 ad
2898 1307 3061 1362 ﬁnem
3104 1322 3272 1376 usque
3315 1308 3496 1377 operis
3541 1307 3683 1358 nacti

2113 1412 2298 1451 snnms
2345 1400 2775 1468 manuscriptum
2821 1400 3067 1453 codicem
3121 1399 3490 1454 Colhertinum
3520 1399 3683 1462 5607,

2113 1505 2253 1545 nunc
2285 1491 2515 1559 regimn,
2554 1492 2605 1545 in
2640 1508 2747 1560 quo
2773 1492 3165 1561 amplissimum
3199 1502 3287 1546 est
3319 1492 3478 1561 hujus
3518 1492 3683 1545 libelli

2110 1582 2612 1653 fragmentum,quo
2638 1584 2865 1653 plurima
2886 1586 3243 1640 emendantur
3265 1585 3518 1639 editionis
3540 1584 3683 1641 Oxo-

2112 1675 2316 1729 niensis
2341 1675 2477 1739 loca,
2511 1686 2566 1729 et
2602 1675 2928 1731 Bentleiana:
2956 1677 3012 1731 in
3048 1676 3137 1731 illa
3173 1677 3502 1747 conjecturze
3542 1692 3682 1732 con-

430 1776 619 1832 genes,
651 1772 706 1817 et
732 1765 1001 1832 quodnam
1028 1767 1094 1819 sit
1126 1766 1551 1838 uniuscujusque
1574 1769 1695 1825 libri
1721 1786 2007 1841 argumen—
2041 1749 2081 1802 Β
2112 1765 2416 1821 ﬁrmantur.

430 1866 583 1919 tum;
629 1855 685 1909 2°
730 1865 987 1925 quantam
1024 1858 1243 1926 Origeni
1296 1858 1551 1914 invidiam
1598 1862 1892 1917 concitarit
1926 1862 2007 1917 fa-

428 1947 795 2003 mosissimum
852 1946 993 2002 istud
1046 1963 1211 2019 opus;
1279 1949 1337 2003 5·
1389 1949 1544 2018 cujus
1602 1952 1849 2016 hortatu,
1899 1969 2010 2022 quo

428 2052 590 2103 armo,
622 2048 676 2092 et
702 2054 803 2108 qua
845 2040 947 2094 title
996 2039 1189 2094 L‘ttinc
1220 2042 1352 2096 illud
1387 2043 1615 2097 verterit
1643 2043 1909 2112 Ruﬁnus;
1947 2048 2007 2101 4⁸

426 2145 524 2182 cur
548 2129 772 2184 alteram
803 2132 993 2185 beatus
1022 2132 1382 2205 Hieronymus
1410 2151 1698 2205 aggressus
1733 2138 1804 2191 sit
1834 2138 2005 2194 inter-

426 2223 784 2291 pretationem
810 2224 1082 2297 Latinam.

640 2314 717 2369 De
735 2315 867 2369 libro
898 2297 1038 2385 Πὲρὶ
1064 2316 1278 2385 εὐχῆς,
1307 2336 1397 2372 seu
1432 2318 1504 2372 lle
1533 2323 1795 2376 oratione.

496 2401 847 2458 Clarissimus
876 2403 1105 2460 Huetius
1143 2405 1588 2475 Origenianorum
1637 2410 1778 2466 libro
1820 2413 2003 2476 tertio,

425 2493 456 2569 ι
482 2494 539 2554 2.
570 2512 715 2549 num.
742 2495 794 2559 7,
825 2511 974 2565 spem
1006 2496 1207 2552 fecerat
1230 2500 1442 2553 erudito
1466 2502 1585 2557 orbi
1609 2517 1666 2557 se
1690 2506 2002 2575 propediem

425 2588 478 2640 in
508 2588 672 2641 tertio
718 2587 1007 2652 volumine,
1033 2591 1175 2658 quod
1221 2578 1565 2662 Sjntagmata
1601 2594 1851 2664 Origenis
1878 2615 2005 2652 con-

390 2676 644 2746 tineret,
695 2682 931 2737 libellum
988 2683 1063 2736 De
1110 2687 1349 2739 oratione
1405 2688 1544 2758 typis
1584 2691 1999 2747 commissurum

421 2788 537 2829 esse
575 2787 641 2827 ex
697 2775 1067 2843 manuscripto
1129 2776 1317 2833 codice
1379 2778 1678 2835 Holmiensi
1732 2798 1761 2836 a
1813 2799 1871 2839 se
1910 2786 2003 2838 de-

420 2864 643 2934 scripto.
687 2864 792 2919 Sed
831 2865 1017 2934 elapso
1053 2866 1164 2921 fere
1194 2869 1391 2922 saeculo
1432 2885 1497 2922 ex
1527 2887 1632 2938 quo
1667 2872 1823 2926 ﬁdem
1849 2876 1999 2942 oppi—

420 2963 738 3018 gltet'averat
754 2967 925 3016 suam,
950 2956 1162 3007 tandem
1181 2972 1324 3009 anno
1352 2958 1487 3010 1685
1528 2958 1720 3014 Oxonii
1740 2962 1791 3015 in
1814 2964 2001 3032 Anglia

420 3057 451 3095 e
476 3042 688 3096 theatro
720 3040 1086 3096 Slteldoniano
1136 3043 1322 3099 (ἱππικοί)
1349 3058 1395 3099 et
1430 3046 1623 3101 Latine
1690 3066 1825 3118 opus
1860 3054 2000 3107 istud

422 3135 474 3188 in
508 3134 681 3189 lucem
727 3134 944 3203 prodiit.
1004 3134 1203 3190 Eodem
1259 3139 1437 3191 editor
1499 3155 1626 3193 usus
1678 3152 1760 3196 est
1811 3146 1999 3201 codice

420 3225 612 3281 Graeco
664 3241 773 3296 quo
823 3229 1070 3293 Huctius,
1124 3246 1315 3299 nempe
1364 3231 1686 3298 llolmiensi,
1738 3253 1894 3305 quem
1932 3238 2000 3293 ab

421 3320 611 3375 lsaaeo
669 3319 865 3376 Vossio
918 3322 1129 3392 accepit
1172 3322 1565 3390 Tliorndicius,
1606 3344 1634 3381 a
1671 3326 1999 3385 Thorndicio

412 3409 638 3476 Galeus,
670 3414 760 3481 qui
805 3414 952 3467 illum
1000 3415 1240 3484 reposuit
1287 3415 1339 3469 in
1380 3418 1617 3471 archivis
1660 3417 1999 3476 bibliothecae

420 3503 634 3573 collegii
668 3504 1039 3559 Sanctissimzu
1073 3506 1359 3562 Trinitatis
1382 3507 1876 3578 Cantabrigiensis,
1909 3512 1997 3565 ubi

419 3612 563 3651 nunc
597 3606 930 3652 asservatnr.
983 3598 1059 3652 Ex
1102 3599 1202 3653 hoc
1248 3614 1354 3654 uno
1393 3600 1579 3655 codice
1619 3600 1817 3670 (neque
1854 3604 1996 3657 enim

418 3690 647 3745 alterum
691 3690 903 3758 uspiam
941 3690 1211 3758 integrum
1258 3700 1475 3746 exstare
1514 3704 1847 3762 compertum
1891 3695 1997 3765 est)

419 3779 574 3833 ﬂuxit
626 3789 739 3834 tum
792 3781 981 3835 iSthxec
1043 3784 1211 3837 editio
1260 3782 1612 3849 Oxoniensis,
1657 3796 1768 3839 tum
1827 3785 1996 3842 altera

421 3868 769 3935 Basileensis,
799 3886 962 3939 quam
992 3888 1135 3926 anno
1168 3873 1323 3935 1695.
1347 3876 1513 3940 iri-4°,
1539 3877 1720 3930 emisit
1745 3878 1796 3931 in
1824 3878 1996 3933 lucem

420 3960 657 4017 Joannes
701 3961 1017 4030 Rodolphus
1077 3962 1431 4021 Wetstenius.
1506 3965 1783 4022 Posterior
1812 3971 1999 4028 istha‘c

417 4053 586 4108 editio
614 4054 715 4109 hoc
736 4065 938 4109 tantum
966 4071 992 4108 a
1022 4056 1188 4124 priori
1207 4055 1407 4120 dill‘ert,
1444 4061 1586 4126 quod
1608 4070 1801 4126 przetcr
1822 4061 1999 4116 diver-

420 4160 537 4199 sam
597 4145 890 4200 voluminis
915 4146 1171 4213 formam,
1201 4162 1232 4201 e
1258 4150 1478 4216 regione
1528 4149 1795 4204 sermonis
1822 4150 1995 4205 (ἶπεοὶ

417 4237 676 4292 collocata
708 4237 780 4292 sit
812 4236 1002 4292 Latina
1034 4239 1428 4307 interpretatio,
1464 4256 1627 4310 quam
1658 4241 1835 4295 editor
1863 4242 2001 4298 Oxo-

417 4330 619 4385 n.ensis
650 4330 911 4398 reiecerat
934 4333 997 4386 ad
1027 4332 1231 4386 calcem
1254 4334 1456 4403 operis,
1476 4334 1725 4403 quodque
1757 4332 1995 4388 Wetste-

2181 1859 2262 1914 Ad
2290 1874 2598 1915 sermonem
2638 1858 2889 1915 Griecnm
2927 1860 2976 1914 in
3010 1875 3118 1930 quo
3163 1860 3475 1915 doctissimi
3521 1860 3681 1915 amici

2111 1959 2219 2003 tam
2256 1949 2549 2019 diligentes
2577 1960 2633 2004 et
2670 1950 2844 2005 seduli
2878 1949 3126 2015 fuerunt,
3160 1950 3505 2018 adiunximus
3527 1951 3682 2005 Lati-

2108 2055 2232 2092 num
2279 2039 2783 2105 interpretationem
2815 2037 3110 2092 Oxoniensi
3164 2036 3320 2105 longe
3366 2038 3681 2092 accuratio-

2111 2145 2245 2193 rem,
2286 2145 2348 2184 ac
2370 2130 2704 2185 nitidiorem.
2737 2130 2809 2183 Ea
2852 2129 2979 2184 olim
3009 2145 3036 2183 a
3077 2128 3300 2183 Claudio
3322 2128 3683 2197 Flenrleis-

2109 2223 2259 2276 toriw
2300 2223 2665 2276 ecclesiasticae
2696 2224 2960 2291 scriptore
2990 2222 3365 2286 celeberrimo,
3396 2221 3673 2275 elaborata

2107 2314 2283 2368 fuerat
2308 2315 2359 2368 in
2396 2331 2552 2370 usum
2597 2315 2953 2369 illustrissimi
2986 2316 3199 2382 Huetii,
3251 2317 3302 2368 in
3335 2316 3492 2385 cujus
3526 2317 3680 2369 sche-

2107 2406 2188 2460 dis
2214 2422 2334 2460 cum
2370 2408 2735 2477 manuscripta
2768 2406 3067 2460 etianmum
3100 2417 3315 2473 exstet,
3370 2407 3512 2460 ultro
3559 2422 3677 2460 eam

2109 2514 2171 2551 ac
2204 2499 2616 2568 perhumaniter
2653 2513 2862 2552 mecum
2914 2498 3336 2552 communicavit
3369 2498 3433 2556 R.
3468 2497 3528 2552 P.
3564 2498 3675 2552 Lu-

2106 2589 2331 2643 dovicus
2374 2589 2441 2643 de
2466 2589 2854 2650 Tourneminc,
2880 2588 3173 2643 Societalis
3196 2588 3320 2643 Jesn
3346 2631 3361 2655 ,
3414 2598 3467 2642 et
3496 2589 3677 2656 reipu-

2105 2678 2258 2732 blicae
2288 2679 2565 2733 litterariae
2588 2687 2991 2733 ornamentum.
3025 2678 3263 2746 Denique
3297 2677 3461 2731 totius
3486 2677 3669 2745 operis

2105 2768 2269 2825 fronti
2299 2770 2461 2824 breve
2500 2772 2778 2838 praeﬁxum
2802 2779 2887 2823 est
2916 2770 3198 2834 monitum,
3220 2785 3327 2838 quo
3363 2769 3557 2822 validis
3581 2783 3673 2820 ar-

2104 2864 2375 2933 gumentis
2410 2864 2498 2917 hic
2528 2864 2736 2917 libellus
2766 2863 2983 2935 Origeni
3033 2864 3325 2927 asseritur;
3360 2862 3674 2931 explicatur

2104 2954 2325 3022 quinam
2356 2954 2558 3008 fuerint
2586 2954 2908 3008 Ambrosius
2932 2963 2987 3008 et
3016 2953 3265 3019 Tatiana,
3291 2968 3518 3021 quorum
3545 2953 3674 3007 hor-

2107 3054 2219 3099 tatu
2251 3046 2592 3114 conscriptus
2629 3055 2746 3112 est;
2778 3054 3025 3116 tempus,
3050 3060 3157 3117 quo
3185 3046 3423 3115 scriptus
3447 3052 3551 3109 est,
3587 3044 3672 3097 in-

2106 3137 2428 3207 vestigatur.

2173 3228 2439 3283 Cmterum
2474 3228 2691 3283 biennio
2721 3228 2833 3282 fere
2861 3238 3143 3299 postquam
3185 3243 3215 3282 e
3263 3227 3403 3298 typis
3441 3227 3675 3282 Vincen-

2099 3321 2260 3375 tianis
2284 3322 2493 3375 exierat
2525 3322 2612 3376 hic
2642 3321 2900 3377 libellusa
2931 3321 3089 3375 nobis
3111 3337 3209 3390 pro
3238 3320 3459 3374 modulo
3481 3330 3673 3374 nostro

2098 3412 2175 3466 sic
2212 3413 2518 3481 recognitus
2544 3427 2598 3467 et
2629 3414 2966 3478 emendatus,
2995 3413 3198 3483 prodiit
3246 3413 3476 3468 Londini
3527 3426 3671 3466 anno

2103 3503 2240 3557 1728
2269 3504 2435 3557 altera
2489 3506 2731 3575 ejusdem
2776 3507 2957 3573 operis
3003 3505 3171 3559 editio
3222 3504 3670 3570 Graeco-Latina,

2099 3593 2243 3646 curis
2280 3593 2549 3649 Guillclmi
2596 3596 2833 3665 Reading
2889 3598 2954 3649 A.
2986 3594 3085 3661 M.,
3118 3596 3248 3650 cleri
3303 3596 3667 3650 Londinensis

2101 3687 2153 3739 in
2176 3687 2406 3757 collegio
2442 3689 2691 3743 Sionensi
2727 3690 3127 3744 liililiotliecarii
3152 3730 3167 3755 ,
3203 3692 3293 3761 qui
3340 3692 3515 3745 eidem
3542 3691 3669 3745 sub-

2096 3782 2282 3850 jtmxit
2315 3784 2557 3850 eruditi,
2586 3786 2678 3838 sed
2709 3788 2962 3856 anonymi
2997 3787 3279 3856 cujusdam
3324 3789 3480 3857 Angli
3511 3800 3670 3845 notas

2102 3877 2300 3948 partim
2332 3878 2584 3943 criticas,
2618 3879 2814 3948 partim
2853 3880 3094 3934 locorum
3149 3880 3449 3937 diﬁicilium
3472 3898 3669 3952 exege-

2104 3970 2259 4026 ticas.

2420 4060 2496 4115 De
2520 4059 2898 4116 Exhortatione
2926 4063 2994 4115 ad
3017 4067 3348 4133 martyrium.

2174 4151 2561 4222 Fragmentum
2591 4171 2621 4209 e
2658 4153 2982 4224 Protreptico
3015 4155 3082 4206 ad
3112 4157 3426 4225 martyrium
3456 4154 3664 4209 Biblio-

2104 4245 2257 4299 theca
2295 4246 2459 4313 Regia
2507 4246 2837 4314 suppeditat,
2872 4255 3042 4300 totum
3073 4262 3202 4300 vero
3235 4263 3370 4317 opus
3402 4247 3661 4302 illustris-

2100 4339 2220 4392 simi
2250 4337 2451 4392 domini
2479 4336 2544 4389 de
2568 4337 2614 4389 la
2642 4338 2835 4399 Barde,
2862 4337 3313 4392 Christianissimi
3344 4340 3486 4409 regis
3518 4343 3661 4408 apud

416 4420 539 4473 nius
561 4422 610 4475 in
636 4422 739 4475 ﬁne
772 4421 1042 4478 addideth
1069 4425 1303 4478 nondum
1329 4425 1530 4479 editum
1555 4441 1860 4480 sermonem
1892 4425 1997 4480 Ma-
2026 4442 2071 4496 υ
2103 4428 2373 4483 Helvetios
2412 4427 2600 4497 legati,
2634 4442 2765 4480 cura
2795 4443 2823 4481 e
2860 4428 3157 4482 Basileensi
3202 4431 3527 4485 bibliotheca
3567 4432 3661 4485 de-

416 4512 485 4565 rii
505 4511 763 4565 Diadochi
783 4524 966 4567 contra
1003 4515 1253 4569 Arianos.
1272 4516 1345 4569 De
1372 4526 1565 4571 caetero
1578 4518 1765 4571 eadem
1785 4519 1991 4573 utrobi-

416 4618 523 4671 que
551 4605 603 4658 in
632 4602 821 4659 Grmco
855 4620 1109 4661 sermone
1150 4619 1450 4662 cernuntur
1471 4608 1813 4678 σφάλματα,
1844 4612 1994 4664 simi-

422 4696 487 4749 lis
523 4694 807 4763 ntrobiqne
836 4697 888 4749 in
924 4696 1118 4751 Latino
1153 4698 1435 4758 barbaries
1458 4710 1513 4753 et
1536 4700 1849 4768 interpretis
1877 4703 1994 4755 hal-

418 4790 703 4845 lucinatio.
750 4790 937 4859 Neque
968 4791 1019 4845 id
1051 4790 1247 4844 mirum
1298 4792 1465 4846 videri
1506 4793 1694 4857 debet,
1736 4809 1856 4847 cum
1906 4809 1994 4847 ne—

416 4896 570 4935 cesse
590 4882 755 4935 fuerit
775 4880 979 4937 Grazcm
1001 4882 1266 4936 orationis
1289 4883 1550 4938 editcrem
1569 4895 1619 4938 et
1641 4885 1988 4953 interpretem

417 4990 483 5028 ex
509 4974 669 5026 unius
703 4974 911 5028 codicis
965 4974 1342 5041 manuscripti,
1366 4983 1422 5028 et
1463 4974 1759 5044 apographi
1796 4975 1990 5028 exinde

418 5066 711 5121 infeliciter
743 5067 994 5134 descripti
1024 5066 1251 5120 arbitrio
1283 5073 1535 5136 pendere.
1562 5064 1783 5121 Scilicet
1814 5070 1987 5121 codex

420 5160 824 5227 manuscriptus
856 5159 1065 5214 lacunis
1090 5159 1201 5212 hiat
1237 5174 1338 5212 non
1374 5159 1592 5229 paucis,
1622 5167 1675 5212 et
1706 5160 1986 5228 perpetuis

413 5252 753 5321 compendiis
806 5267 999 5306 vocum
1060 5252 1354 5321 implicitus
1403 5252 1787 5321 nonnullisque
1835 5268 1986 5305 ama-

418 5347 638 5403 nuensis
668 5345 991 5415 corruptelis
1018 5345 1250 5399 ftedatus
1281 5355 1451 5401 vatem
1486 5348 1663 5416 potius
1687 5363 1848 5417 quam
1905 5348 1984 5400 le-

412 5450 615 5492 ctorem
642 5435 953 5491 desiderare
982 5435 1215 5499 videtur,
1246 5437 1310 5491 iis
1344 5438 1637 5505 prmsertitn
1672 5438 1762 5506 qui
1798 5452 1986 5490 manu-

413 5530 737 5596 scriptorum
779 5528 1089 5584 Graecorum
1132 5545 1230 5582 usu
1280 5544 1383 5583 nun
1434 5539 1562 5583 sunt
1604 5532 1839 5593 subacti,
1886 5545 1984 5584 nec

417 5619 551 5672 satis
578 5620 804 5674 solertes
826 5620 1314 5674 utamanuensium
1348 5621 1663 5675 oscitantias
1694 5620 1984 5690 ingeniosis

417 5723 666 5780 reparent
722 5711 1072 5781 conjecturis.
1109 5710 1233 5766 Mihi
1285 5713 1509 5781 contigit
1562 5729 1677 5769 esse
1724 5713 1975 5784 beatiori.

2098 4532 2404 4592 promptmn
2434 4538 2559 4576 cum
2588 4538 2753 4592 penes
2778 4536 2836 4576 se
2861 4523 3088 4577 haheret
3116 4522 3339 4579 lluetius
3360 4564 3375 4588 ,
3402 4526 3661 4591 promise-

2100 4625 2184 4669 rat
2217 4616 2311 4669 lib.
2338 4632 2398 4669 ιιι
2430 4615 2895 4685 Origenianorum,
2922 4616 2949 4687 §
2976 4616 3030 4677 2.
3059 4632 3206 4670 num.
3239 4616 3293 4678 4,
3317 4633 3374 4672 se
3402 4618 3529 4672 illud
3563 4634 3664 4673 suo

2099 4707 2241 4762 inter
2271 4707 2525 4776 Origenis
2558 4708 2914 4779 Syntagmata
2954 4709 3146 4761 ordine
3178 4710 3316 4778 typis
3337 4711 3661 4763 commissu-

2096 4815 2250 4866 rum;
2284 4802 2373 4855 sed
2407 4801 2534 4869 quia
2577 4817 2681 4855 non
2718 4803 2984 4856 liberabat
3040 4802 3223 4867 ﬁdem,
3252 4804 3465 4857 tandem
3500 4803 3658 4858 Basi-

2096 4893 2189 4945 leaa
2213 4909 2356 4947 anno
2390 4893 2527 4946 1674
2552 4893 2736 4948 Grmce
2759 4906 2811 4948 et
2842 4894 3031 4948 Latine
3055 4897 3258 4950 editum
3294 4904 3377 4949 est
3404 4912 3508 4949 una
3534 4911 3656 4951 cum

2094 4983 2315 5052 Dialogo
2355 4995 2538 5036 contra
2566 4983 2905 5037 Marcionita:
2939 4997 2993 5039 et
3025 5001 3287 5053 responso
3310 4984 3563 5055 Origenis
3589 4983 3658 5037 ad

2090 5074 2331 5128 Africani
2368 5076 2434 5129 de
2469 5074 2730 5130 Susannze
2784 5076 3007 5131 historia
3063 5080 3345 5146 epistolam
3368 5121 3384 5145 ,
3418 5094 3549 5133 cura
3601 5086 3658 5131 et

2090 5165 2269 5220 studio
2308 5165 2534 5221 Joannis
2570 5167 2834 5236 Rodolphi
2890 5168 3240 5237 Wetsthenii,
3275 5171 3367 5241 qui
3426 5172 3658 5227 eruditis

2088 5258 2235 5311 notis
2264 5258 2444 5311 omnia
2481 5258 2595 5312 haec
2633 5273 2796 5327 opera
2827 5259 3142 5314 illustravit.
3178 5260 3379 5315 Eodem
3410 5276 3542 5316 usus
3572 5270 3656 5315 est

2088 5349 2278 5404 codice
2316 5348 2690 5418 manuscripto
2737 5366 2846 5417 quo
2898 5349 3142 5406 lluetius.
3196 5352 3393 5407 Eodem
3445 5361 3499 5406 et
3550 5367 3653 5405 nos

2089 5441 2251 5496 unico
2280 5440 2363 5494 usi
2387 5455 2595 5505 sumus,
2636 5439 2831 5507 quibus
2861 5442 3015 5509 copia
3041 5442 3242 5497 nullius
3281 5449 3476 5513 praeter
3506 5442 3651 5497 hunc

2085 5530 2227 5597 fuit;
2266 5530 2361 5585 sed
2398 5530 2678 5599 repudiata
2712 5529 3037 5585 Wetstlienii
3069 5533 3522 5601 interpretatione
3552 5533 3652 5587 La-

2087 5624 2221 5688 tina,
2255 5624 2415 5677 aliam
2436 5639 2465 5678 e
2494 5624 2713 5693 regione
2739 5622 3050 5677 Graecorum
3076 5624 3462 5678 collocavimus
3488 5624 3651 5691 longe

2086 5715 2415 5779 nitidiorem,
2461 5732 2620 5785 quam
2668 5716 2720 5770 in
2749 5732 2904 5772 usum
2954 5715 3129 5771 Huetii
3164 5726 3451 5785 paraverat
3479 5716 3641 5771 (ilano
