3952 6144
358 306 423 360 25

1763 312 2154 369 ΡΒᾸΞΕΑΤΙΟ.

3519 317 3589 372 2ιῖ

352 418 471 471 dius
495 417 710 491 Fleury.
743 420 1163 476 Describendam
1208 424 1339 478 mihi
1378 426 1522 481 illam
1551 429 1724 483 amice
1755 430 1919 499 largi-
1947 436 1992 490 Α
2026 429 2137 486 Nec
2163 432 2272 502 ipse
2290 433 2500 503 quidem
2531 433 2735 503 inﬁcias
2763 449 2842 487 eo.
2863 432 3062 498 Quidni
3089 433 3115 487 ?
3139 434 3229 503 qui
3263 434 3586 502 experientia

353 518 435 563 tus
468 520 551 564 est
589 510 656 563 R.
700 510 760 566 Ρ.
809 509 1117 569 Ludovicus
1169 515 1246 570 De
1296 514 1689 584 Tourneminc,
1753 535 1916 589 penes

349 614 508 666 quem
533 610 730 657 exstat.

701 693 780 748 De
802 705 915 749 acto
937 697 1090 750 libris
1119 707 1303 752 contra
1331 698 1563 756 Celsum.

418 782 720 839 Aureorum
750 786 1009 842 horumce
1040 789 1300 845 librorum
1359 794 1533 860 prima
1583 794 1751 851 editio
1813 796 1918 849 La-

352 875 464 929 tine
512 885 720 931 tantum
762 879 815 932 in
858 879 1035 934 lucem
1084 884 1285 949 prodiit
1333 884 1521 939 Roma:
1574 901 1717 941 anno
1756 886 1914 950 1481,

351 965 509 1019 Sixto
564 965 654 1033 IV,
705 984 917 1023 summo
950 972 1233 1040 pontifici,
1286 974 1465 1029 dicata
1515 977 1583 1031 ab
1624 978 1921 1046 interprete

347 1057 748 1130 Christophoro
794 1061 1055 1129 Persona,
1098 1065 1368 1129 Romano,
1424 1066 1640 1123 Sanctae
1683 1071 1921 1126 Balbina:

350 1152 554 1221 priore,
592 1153 669 1207 uti
725 1163 874 1224 patet
906 1170 976 1211 ex
1011 1157 1094 1211 his
1126 1175 1246 1228 qua:
1295 1161 1362 1213 ad
1422 1161 1628 1216 calcem
1667 1163 1919 1218 editionis

350 1243 644 1311 leguntur,
692 1247 874 1301 verbis
911 1264 925 1300 :
966 1248 1209 1318 Origenis
1263 1261 1448 1306 contra
1493 1251 1702 1307 Celsum
1741 1254 1865 1322 ﬁnis
1900 1268 1918 1307 :

348 1354 501 1408 quem
525 1337 933 1408 Christaphorus
962 1340 1221 1408 Persona,
1261 1343 1532 1400 Romanus
1554 1386 1568 1411 ,
1596 1347 1747 1414 prior
1778 1346 1919 1402 San-

350 1441 451 1483 ctte
476 1428 716 1485 Balbintv
752 1432 814 1484 de
838 1430 998 1500 Urbe,
1025 1433 1212 1490 Latine
1237 1436 1519 1508 erceque
1547 1441 1917 1509 peritissimus,

351 1536 471 1573 cum
500 1521 604 1589 ﬁde
635 1540 661 1575 e
709 1522 889 1579 (Συ-ατο
928 1528 1163 1580 traduxit
1207 1538 1258 1580 et
1314 1531 1628 1585 emendavit.
1669 1531 1922 1601 Magister

351 1626 469 1665 vero
501 1611 753 1682 Georgius
786 1615 972 1670 Ileralt
1002 1627 1065 1671 de
1102 1618 1399 1690 Bamberga
1429 1620 1611 1676 Roma:
1631 1623 1917 1691 impressit.

352 1701 505 1756 Anno
536 1704 932 1760 lncarnationis
963 1708 1176 1762 Domini
1211 1709 1487 1764 millesimo
1509 1715 1920 1784 quadringente-

350 1795 485 1849 simo
515 1800 824 1867 octogesimo
845 1801 1030 1867 primo.
1060 1812 1308 1869 regnante
1347 1800 1495 1857 Sixto
1529 1816 1719 1873 quarta
1740 1810 1919 1875 panti-

350 1887 449 1954 ﬁce
492 1889 744 1951 maxime.
795 1907 933 1944 anno
979 1893 1093 1962 ejus
1133 1894 1357 1947 decimo.
1410 1894 1469 1949 In
1519 1895 1704 1953 fronte
1737 1907 1919 1955 autem

352 1979 555 2033 eximia
581 1990 761 2036 exstat
791 1980 1063 2037 Theodori
1095 1983 1289 2039 Gazini
1334 1985 1406 2057 (is
1442 1998 1527 2043 est
1558 1989 1717 2060 vulgo
1742 1992 1921 2049 dictus

353 2070 669 2127 Theodorus
695 2074 863 2145 Gaza)
894 2116 909 2142 ,
944 2076 1529 2149 Constantinopolitani
1558 2121 1574 2148 ,
1629 2084 1695 2137 ad
1724 2083 1918 2140 Perso-

351 2179 477 2217 nam
526 2164 771 2234 epistola,
818 2184 936 2236 quae
962 2185 1114 2237 cum,
1158 2181 1384 2242 propter
1426 2174 1723 2230 maximam
1756 2176 1921 2247 hujus

348 2256 603 2314 editionis
659 2260 1257 2334 raritatem,tanquam
1313 2280 1414 2336 pro
1467 2268 1674 2323 inedita
1732 2270 1920 2326 haberi

348 2359 532 2418 queat,
566 2367 673 2406 non
707 2351 1000 2422 injucunda
1046 2356 1180 2413 forte
1210 2356 1400 2413 lectori
1443 2361 1552 2414 erit
1574 2401 1589 2426 ,
1632 2364 1680 2417 si
1713 2364 1803 2419 hic
1832 2380 1909 2422 re-

348 2451 707 2511 praesentetur
743 2463 757 2499 :
799 2444 1102 2502 Theodorus
1135 2446 1403 2514 Casinus,
1431 2452 1919 2525 Constantinopoli-

349 2542 529 2598 Ianus,
566 2534 941 2605 Chrislophora
986 2537 1238 2595 Persona:
1282 2540 1341 2596 S.
1371 2542 1436 2597 P.
1469 2544 1535 2599 D.
1566 2544 1698 2600 Cum
1737 2548 1919 2603 diebus

347 2625 492 2679 hisce
541 2629 900 2694 superioribus
948 2633 1166 2695 animo,
1215 2641 1270 2684 ut
1322 2635 1461 2688 soleo
1497 2652 1667 2705 stupe,
1702 2637 1920 2695 Latinos

349 2717 490 2769 viros
518 2733 817 2781 versarent,
863 2722 953 2789 qui
998 2720 1181 2775 (ἔναιρε
1210 2724 1345 2777 scire
1372 2724 1572 2793 aliquid
1598 2728 1918 2795 viderentur,

349 2818 397 2861 et
443 2804 654 2862 Graecos
704 2811 921 2880 insuper
955 2823 1215 2878 auctores,
1258 2816 1351 2885 qui
1398 2818 1454 2870 in
1503 2817 1757 2872 Latinum
1793 2824 1922 2876 verti

355 2914 454 2951 non
482 2899 737 2952 mediocri
769 2916 886 2954 cum
904 2901 1064 2957 laude
1083 2916 1314 2971 possent,
1345 2908 1456 2976 ipse
1479 2908 1748 2975 in-primis
1774 2913 1920 2967 obla-

346 3002 431 3043 tus
460 3007 515 3045 es
540 3035 553 3059 ,
581 3008 731 3062 quem
758 3010 919 3047 unum
960 2997 1078 3049 novi
1112 2998 1176 3050 ab
1211 2999 1421 3053 ineunte
1466 3003 1817 3059 adolescentia
1840 3006 1917 3059 sic

349 3087 562 3142 Graecas
596 3089 800 3145 litteras
840 3091 1107 3146 imbibisse
1132 3133 1146 3156 ,
1183 3104 1231 3149 et
1252 3134 1270 3155 ,
1297 3096 1435 3166 quod
1453 3097 1916 3169 plurimum-juuit,

346 3181 400 3232 in
436 3178 643 3236 Crazcia
668 3183 804 3251 ipsa,
839 3193 887 3237 et
931 3182 1132 3240 ercis
1160 3204 1224 3242 ea:
1266 3191 1696 3259 praeceptoribus,
1734 3202 1788 3245 ut
1818 3195 1918 3248 nisi

348 3285 397 3325 te
427 3275 593 3327 civem
621 3273 917 3330 Romanum
946 3279 1136 3333 scirem
1163 3319 1181 3346 ,
1224 3290 1277 3335 et
1310 3282 1633 3353 prapinquos
1656 3296 1774 3341 tuos
1808 3288 1921 3356 pri-

350 3369 556 3419 marias
592 3364 745 3422 Urbis
773 3369 914 3423 viras
944 3381 1022 3424 sat
1053 3388 1257 3426 nossem
1278 3414 1293 3439 ,
1322 3374 1566 3428 dicturus
1599 3376 1763 3444 facile
1793 3381 1916 3443 sim,

337 3476 404 3514 ea:
430 3456 646 3515 Graecia
671 3472 719 3516 te
742 3464 1065 3531 oriundum;
1097 3484 1219 3520 nam
1242 3478 1292 3522 et
1318 3469 1434 3539 ipsa
1464 3480 1557 3523 tua
1582 3468 1770 3525 erca
1801 3489 1921 3537 pro-

339 3557 611 3611 nuntiatio
640 3554 882 3610 Graecum
932 3566 980 3613 te
1011 3560 1244 3629 pra'fert.
1277 3561 1544 3627 Quorsum
1589 3562 1742 3619 hate?
1788 3564 1920 3621 Vide

339 3646 710 3716 Chrysostemi
760 3665 1021 3704 sermones
1068 3668 1172 3705 ron
1198 3669 1416 3720 paucas,
1466 3672 1598 3726 quos
1639 3674 1668 3712 e
1717 3656 1919 3713 ercis

340 3736 569 3791 Latinos
591 3737 784 3807 fecisti,
818 3750 864 3792 et
900 3738 1106 3795 Livanii
1138 3743 1354 3799 meletas
1404 3748 1689 3802 nonnullas
1710 3790 1725 3813 ,
1753 3750 1917 3805 veluti

338 3830 638 3898 majoribus
690 3832 842 3886 rebus
892 3832 1076 3900 futura
1117 3834 1404 3903 prceludia.
1446 3836 1571 3892 Vidi
1617 3839 1776 3908 paulo
1803 3852 1917 3911 post

340 3921 490 3982 apud
518 3928 565 3973 te
594 3920 943 3977 Athanasium
975 3934 1121 3977 tuum
1146 3965 1161 3988 ,
1212 3926 1367 3997 cujus
1412 3931 1677 3984 traductio
1717 3932 1794 3985 ita
1838 3948 1919 3985 nte

342 4011 643 4074 oblectavit,
675 4023 732 4066 ut
760 4016 813 4067 in
850 4032 989 4077 spent
1024 4019 1213 4070 bonam
1247 4036 1306 4073 ea
1342 4036 1405 4073 ea;
1428 4032 1656 4090 tempore
1690 4026 1916 4078 venerim

342 4121 500 4173 posse
518 4114 568 4155 te
583 4114 630 4157 et
654 4101 929 4173 Origenem
951 4107 1197 4160 adversus
1220 4108 1428 4163 Celsum
1443 4112 1719 4166 traducere
1736 4128 1917 4183 :quem

345 4197 563 4258 librum,
591 4195 714 4260 quia
748 4196 1167 4265 elegantissimus
1205 4212 1302 4263 est,
1333 4211 1381 4255 et
1416 4203 1473 4255 in
1495 4204 1621 4272 ﬁdei
1651 4203 1919 4259 Christia-

347 4306 428 4343 na:
495 4288 853 4355 defensionem
885 4292 1231 4361 conscriptus,
1264 4292 1525 4348 Nicolaus
1560 4296 1834 4365 pontifex.
1869 4308 1917 4351 et

344 4383 388 4435 si
420 4382 485 4436 de
521 4398 576 4435 se
605 4393 716 4435 erat
748 4401 1000 4438 novorum
1027 4400 1240 4453 operum
1260 4426 1276 4451 ,
1304 4396 1352 4439 et
1388 4382 1695 4443 Crtecorum
1722 4388 1917 4457 praeci-

1950 1775 1993 1830 Β

1945 3138 1987 3198 C

2018 525 2206 579 doctus
2234 526 2289 579 id
2310 528 2485 581 ausim
2522 527 2855 596 conﬁrmare,
2891 543 2983 581 nec
3004 526 3265 595 principes
3293 526 3423 579 tales
3449 542 3587 579 nunc

2019 634 2153 681 esse,
2174 619 2353 689 quales
2380 620 2603 672 antehac
2632 620 2911 684 exstitere,
2938 636 3030 673 nec
3053 636 3114 673 ea
3147 618 3387 673 laborum
3413 620 3587 673 virtu-

2020 719 2231 777 tumque
2251 709 2493 777 prtcmia.
2515 707 2625 761 Sed
2659 709 2777 777 quis
2808 709 2940 762 adeo
2986 710 3091 762 sive
3134 708 3437 772 illiberalis,
3483 724 3588 761 sive

2020 799 2411 865 ingratissimus
2435 800 2698 870 princeps,
2727 801 2839 871 qui,
2872 801 2961 854 ubi
2987 800 3181 854 librum
3203 801 3341 854 hunc
3362 800 3443 853 illi
3474 810 3585 853 tra-

2020 890 2236 945 ductum
2277 892 2415 944 dono
2457 891 2733 957 detuleris,
2788 909 2891 946 non
2920 903 2968 945 te
3012 892 3313 946 muneribus
3353 892 3584 961 principe

2020 982 2216 1053 dignis,
2246 992 2293 1035 et
2322 984 2527 1053 magnis
2552 983 2838 1037 honoribus
2872 986 3269 1053 prosequatur?
3295 984 3587 1053 Aggredere

2020 1092 2141 1146 ergo
2170 1073 2226 1127 id
2253 1092 2404 1142 opus,
2448 1087 2494 1129 et
2522 1093 2616 1144 pro
2632 1076 2746 1145 ejus
2764 1087 2816 1129 ut
2839 1077 3095 1145 dignitate
3124 1075 3382 1141 absolvas,
3413 1074 3582 1129 conti-

2022 1179 2199 1220 nenter
2214 1167 2474 1220 incumbe.
2496 1168 2602 1236 Age
2620 1167 2909 1221 Romanum
2928 1169 3114 1229 virum,
3128 1178 3173 1220 et
3190 1168 3365 1221 animo
3388 1169 3586 1237 ingenti

2021 1256 2349 1337 difﬁcultates
2387 1273 2562 1309 omnes
2588 1257 2829 1324 pert'ade.
2866 1256 2957 1310 Est
2992 1256 3200 1325 quidem
3234 1257 3369 1323 hoc,
3392 1257 3584 1325 fateor,

2021 1346 2369 1415 interpretata
2403 1348 2630 1417 difﬁcile,
2667 1351 2755 1400 sed
2782 1364 2840 1400 eo
2869 1346 2988 1415 plus
3027 1347 3204 1400 laudis
3234 1350 3583 1417 consequeris.

2020 1453 2122 1505 quo
2144 1451 2252 1490 rem
2277 1453 2380 1490 non
2403 1437 2613 1506 facilem
2653 1453 2928 1507 aggressus
2974 1437 3231 1490 videbere.
3280 1435 3429 1491 Vale.
3492 1436 3587 1491 His

2023 1528 2206 1598 itaque
2248 1528 2611 1583 incitamentis
2679 1530 2948 1584 adductus
3009 1538 3093 1583 est
3158 1529 3587 1596 Christopltorus

2022 1615 2285 1681 Persona,
2319 1628 2376 1672 ut
2407 1618 2576 1672 libros
2618 1629 2741 1673 octo
2778 1620 3043 1675 adversus
3096 1620 3310 1675 Celsum
3365 1619 3588 1675 Latinos

2020 1706 2247 1773 laceret,
2279 1719 2333 1763 et
2359 1707 2520 1764 Sixto
2552 1721 2748 1779 quarto
2780 1726 2992 1767 summa
3032 1712 3277 1782 pontiﬁci
3310 1712 3591 1767 dedicaret

2022 1801 2284 1870 epistola,
2336 1817 2457 1871 qua:
2486 1803 2692 1871 utique,
2731 1804 2785 1858 ni
2817 1814 2969 1859 esset
3003 1804 3239 1874 longior,
3275 1803 3453 1858 locum
3501 1804 3588 1859 hic

2022 1902 2080 1947 ut
2110 1892 2335 1949 haberet
2356 1903 2679 1948 mereretur.
2706 1893 2817 1949 lloc
2842 1896 3003 1951 habet
3031 1896 3244 1951 initium
3279 1915 3293 1951 ε
3325 1896 3477 1952 Sixto
3501 1896 3587 1951 IV

2022 1983 2260 2054 pontiﬁci
2286 1984 2517 2038 maximo
2544 1983 2955 2055 Christopltorus
2990 1984 3248 2053 Persona,
3268 1989 3413 2058 prior
3442 1990 3587 2045 San-

2021 2083 2120 2128 cta:
2164 2074 2419 2129 Balbinte.
2465 2074 2831 2131 Animadverti
2863 2095 3031 2148 swpe,
3070 2080 3366 2135 beatissime
3400 2080 3579 2147 Pater,

2020 2165 2224 2234 priscos
2248 2165 2387 2233 illas,
2412 2176 2459 2220 et
2482 2168 2758 2237 prazstanti
2789 2167 2997 2238 ingenio
3028 2170 3188 2235 viros,
3224 2181 3331 2225 etc.
3358 2172 3427 2225 At
3460 2188 3587 2226 vero

2022 2272 2116 2311 seu
2146 2258 2292 2327 quod
2337 2260 2539 2330 aptatis
2597 2257 2716 2327 ejus
2770 2276 2874 2314 non
2917 2262 3287 2331 respondisset
3329 2260 3466 2316 Sixti
3517 2260 3586 2315 ιν

2021 2349 2395 2405 muniﬁcentia
2419 2393 2434 2419 ,
2479 2366 2572 2406 seu
2604 2351 2707 2405 alia
2743 2368 3080 2422 qnmcunque
3109 2356 3177 2409 de
3224 2371 3408 2421 causa,
3436 2356 3590 2409 vafro

2020 2450 2075 2497 et
2105 2443 2296 2498 callide
2323 2458 2353 2498 e
2384 2443 2696 2513 supradicta
2738 2445 2981 2500 editione
3012 2461 3112 2500 sua
3161 2448 3384 2503 sustulit
3442 2449 3586 2503 hanc

2022 2534 2328 2605 epistolam,
2364 2535 2525 2605 eique
2556 2535 2785 2589 alteram
2820 2534 3108 2590 substituit
3139 2535 3371 2594 Joannis
3402 2538 3588 2594 Mace-

2023 2628 2131 2682 nici
2169 2624 2520 2681 Venetiarum
2563 2627 2828 2696 principis
2861 2628 3083 2684 nomine
3117 2630 3434 2699 inscriptam
3467 2646 3588 2699 quae

2025 2718 2106 2772 sic
2131 2717 2321 2786 incipit
2356 2734 2369 2771 :
2403 2715 2605 2769 Jaanni
2652 2714 2919 2771 Macenico
2969 2717 3326 2771 illustrissimo
3370 2718 3588 2773 Veneta-

2022 2826 2139 2863 runt
2175 2808 2419 2879 principi,
2454 2808 2792 2877 universaque
2836 2811 3043 2862 senatui
3075 2810 3268 2879 inclyta
3302 2810 3587 2863 consultis-

2020 2902 2255 2972 simoque
2305 2899 2715 2969 Christopharus
2765 2898 3042 2967 Persona,

2018 2994 2251 3064 plerique
2279 3010 2456 3047 omnes
2483 2992 2744 3061 prtvclara
2764 2993 3007 3062 facinora
3038 2994 3256 3064 aggredi
3289 2995 3487 3048 idcirco
3515 2997 3591 3049 vi-

2022 3090 2225 3154 demur,
2251 3097 2356 3143 etc.
2393 3087 2458 3143 Ut
2487 3087 2553 3141 ad
2582 3088 2748 3155 ipsam
2781 3088 3286 3158 interpretationem
3320 3097 3585 3152 revertar,

2022 3197 2127 3237 non
2160 3181 2299 3236 male
2316 3180 2706 3235 existimationi
2737 3196 2847 3235 suae
2900 3181 2964 3235 ad
3008 3181 3346 3250 aliquantum
3384 3192 3589 3248 tempo-

2022 3275 2100 3330 ris
2130 3274 2475 3330 consuluisse
2518 3276 2732 3331 videtur
2760 3274 2998 3330 Persona
3023 3316 3037 3339 ,
3079 3291 3201 3329 cum
3244 3273 3434 3330 Grieca
3466 3273 3590 3329 Ori-

2021 3370 2172 3440 genis
2196 3369 2339 3440 typis
2357 3368 2697 3422 committere
2722 3383 2821 3437 pro
2847 3366 3063 3421 illorum
3091 3376 3394 3436 temporum
3430 3381 3585 3420 more

2020 3461 2282 3532 neglexit.
2324 3461 2620 3530 Postquam
2653 3460 2797 3515 enim
2829 3458 3032 3528 publici
3080 3458 3223 3527 juris
3259 3457 3408 3514 facta
3438 3469 3590 3523 sunt,

2020 3551 2344 3607 incredibile
2368 3552 2516 3606 dictu
2548 3561 2630 3606 est
2652 3558 2909 3619 quantam
2943 3548 3142 3602 eruditi
3193 3549 3247 3603 in
3278 3547 3385 3605 hoc
3416 3549 3587 3603 inter-

2019 3655 2169 3715 prete
2200 3661 2360 3715 quem
2386 3645 2522 3697 tanti
2568 3644 2807 3698 faciebat
2833 3642 3155 3697 Theodorus
3185 3641 3447 3707 Gazinus,
3481 3643 3587 3696 litt-

2020 3753 2135 3808 gure
2169 3736 2370 3792 Graecae
2395 3737 2824 3806 ignorationem,
2860 3749 3022 3803 quam
3055 3735 3309 3804 exiguam
3342 3734 3394 3787 in
3428 3734 3585 3787 inve-

2021 3829 2287 3901 SIigandis
2304 3828 2593 3884 sententiis
2613 3827 2948 3897 diligentiam
2962 3868 2975 3890 ,
2994 3840 3154 3896 quam
3186 3826 3435 3881 obtusum
3460 3840 3559 3879 acu
3575 3853 3590 3865 -

2019 3938 2165 3988 men,
2195 3936 2356 3989 quam
2384 3919 2556 3975 levem
2589 3928 2643 3974 et
2672 3917 2968 3974 sublestam
3016 3918 3173 3972 tidem
3206 3918 3585 3988 deprehende-

2022 4015 2149 4068 rint.
2180 4012 2560 4068 Verumtamen
2597 4013 2992 4083 qualiscunque
3016 4022 3134 4067 erat
3171 4012 3287 4066 haec.
3318 4012 3588 4081 interpre-

2018 4108 2173 4170 tatio,
2205 4122 2328 4161 eam
2356 4107 2513 4161 avide
2542 4108 2772 4175 arripuit
2802 4106 3065 4162 Merlinus
3103 4115 3156 4159 et
3201 4104 3425 4159 editioni
3477 4119 3591 4158 sua}

2016 4213 2241 4268 operum
2287 4196 2538 4267 Origenis
2592 4214 2720 4251 ann.
2775 4198 2915 4251 1512
2948 4198 3214 4266 integrant
3253 4196 3588 4251 inserendam

2017 4306 2140 4347 esse
2172 4291 2345 4346 duxit.
2380 4291 2618 4345 Tandem
2653 4306 2796 4345 anno
2823 4290 2960 4345 1605
2982 4329 2996 4354 ,
3039 4291 3299 4358 Augusta:
3335 4286 3585 4340 Vindeli-

2019 4396 2248 4447 corum,
2285 4394 2316 4433 e
2366 4379 2710 4433 bibliothecis
2752 4377 3004 4431 electuris
3035 4375 3301 4440 Palatini,
3337 4373 3499 4427 Boica
3530 4383 3584 4427 et

345 4492 445 4543 ριιε
500 4478 935 4543 cupientissima;
964 4518 979 4541 ,
1043 4493 1157 4531 meo
1203 4476 1415 4532 Ιιονιαικ
1478 4475 1917 4551 Constantinam)-
1942 4485 1994 4545 D
2019 4473 2333 4541 Augustana
2361 4510 2374 4535 ,
2402 4470 2526 4524 libri
2561 4479 2685 4524 octo
2718 4480 2900 4523 contra
2929 4469 3135 4524 Celsum
3162 4468 3350 4524 Graece
3378 4485 3443 4524 ac
3478 4467 3588 4527 La-

347 4569 438 4620 lim
472 4569 642 4635 misit,
668 4571 757 4638 qui
788 4569 859 4621 ad
888 4586 941 4622 se
971 4576 1264 4638 coemptum
1284 4569 1509 4637 deferret
1539 4586 1559 4624 :
1582 4570 1915 4643 delatumque

346 4676 467 4713 mox
492 4662 623 4714 mihi
656 4662 821 4724 dedit,
850 4662 1081 4725 dixitque
1128 4660 1252 4716 velle
1281 4679 1335 4715 se
1371 4663 1421 4717 ei
1467 4664 1671 4734 quidvis
1712 4668 1914 4734 prwmii

345 4754 606 4819 polliceri,
633 4758 724 4823 qui
760 4752 1006 4807 Latinum
1038 4755 1176 4806 hunc
1207 4755 1423 4815 faceret.
1465 4753 1532 4808 Et
1565 4774 1691 4811 sane
1715 4759 1824 4827 ipse
1857 4759 1913 4811 id

349 4862 475 4911 apus
500 4862 777 4915 aggressus
815 4862 979 4900 essem
1008 4862 1069 4898 ac
1105 4845 1309 4911 lubens,
1365 4846 1467 4900 nisi
1518 4864 1601 4902 me
1647 4857 1770 4901 tunc
1804 4850 1916 4903 alia

347 4940 516 5006 gravis
542 4940 800 4993 traductio
817 4950 1253 5008 prwoccupasset.
1283 4938 1465 4993 Restat
1491 4941 1656 5010 igitur
1678 4942 1808 4995 liber
1828 4943 1917 4997 ille

346 5030 402 5078 in
437 5028 698 5095 pontiﬁcis
729 5028 1037 5080 bibliotheca
1066 5031 1316 5091 intactus,
1343 5038 1415 5093 et,
1447 5039 1501 5082 ut
1542 5031 1797 5099 arbitror,
1823 5034 1915 5086 tibi

348 5129 606 5182 servatus,
630 5130 683 5171 ut
709 5136 768 5172 ea
800 5136 915 5173 cum
939 5119 1224 5189 dignitate,
1247 5136 1408 5190 quam
1432 5118 1613 5173 Gra'ce
1634 5132 1808 5186 sonat,
1836 5124 1916 5176 vel

347 5210 532 5263 saltem
560 5213 820 5280 proxima,
841 5212 1086 5265 Latinunt
1112 5211 1300 5279 facias,
1327 5222 1372 5265 et
1399 5228 1549 5280 spero
1575 5213 1686 5281 fore
1712 5231 1805 5282 pro
1825 5226 1917 5269 tua

349 5304 621 5373 utriusque
645 5304 841 5372 lingua:
865 5304 1122 5374 singulari
1146 5304 1358 5372 peritia,
1390 5314 1444 5357 ut
1477 5322 1577 5359 non
1600 5307 1775 5361 minus
1803 5306 1917 5361 lau-

349 5396 429 5448 dis
457 5395 506 5448 iu
534 5396 630 5449 hoc
652 5397 994 5449 convertenda
1026 5398 1567 5466 promerearis,quam
1591 5408 1778 5451 auctor
1808 5399 1917 5469 ipse

350 5486 401 5539 in
425 5486 621 5540 edendo
652 5487 968 5554 promeritus
992 5488 1083 5540 sit.
1108 5487 1172 5538 At
1201 5487 1364 5553 dices,
1397 5503 1498 5539 non
1522 5503 1631 5541 esse
1658 5487 1752 5541 illa
1777 5505 1917 5542 nunc

316 5604 319 5609 -
350 5578 587 5643 exposita
628 5578 850 5646 pra'mia
878 5617 892 5639 ,
926 5592 1041 5645 qua:
1073 5574 1358 5628 Nicolaum
1385 5575 1690 5646 pontiﬁcem
1726 5594 1917 5632 narras

352 5670 701 5735 proposuisse,
735 5684 825 5721 nec
856 5667 986 5719 tales
1018 5681 1153 5717 nunc
1184 5665 1464 5734 principes,
1495 5669 1587 5737 qui
1617 5668 1732 5736 ejus
1757 5670 1915 5722 vesti-

355 5760 435 5824 qia
454 5772 827 5815 consectentur.
856 5758 964 5814 Cur
990 5774 1107 5829 ergo
1142 5764 1341 5811 tantum
1381 5759 1573 5816 laboris
1603 5762 1916 5816 iusumam?

2017 4562 2127 4617 tine
2145 4562 2462 4632 prodierunt
2486 4561 2786 4631 interprete
2810 4561 3442 4632 SigismundoGeslenio,
3463 4580 3585 4617 cum

2022 4655 2166 4709 notis
2200 4654 2422 4710 Davidis
2456 4653 2767 4710 lltnschelii.
2809 4655 3033 4709 Eosdem
3062 4656 3241 4709 denuo
3275 4655 3461 4711 Grarce
3490 4657 3589 4708 ad-

2010 4747 2196 4816 juncta
2228 4748 2467 4818 ejusdem
2489 4747 2728 4804 Geslenii
2756 4749 3208 4819 interpretatione
3232 4747 3425 4802 Latina
3455 4748 3589 4802 Catt-

2019 4840 2265 4909 tabrigiaa
2311 4856 2452 4895 anno
2504 4840 2643 4896 1658
2698 4844 2749 4895 in
2817 4842 2990 4898 lucem
3041 4842 3211 4898 edidit
3260 4841 3589 4898 Guillelmus

2019 4934 2347 5005 Spencerus,
2382 4935 2592 5006 collegii
2613 4936 2982 4991 Sanctissimae
2997 4935 3277 4990 Trinitatis
3300 4937 3587 4991 Cantabri~

2017 5028 2222 5099 giensis
2252 5027 2456 5093 socius,
2500 5030 2592 5097 qui
2619 5030 2784 5083 etiam
2818 5029 2883 5082 ad
2927 5028 3134 5083 calcem
3173 5028 3354 5097 operis
3387 5029 3584 5099 adjecit

2017 5116 2395 5173 aduotationes
2423 5119 2787 5173 doctissimas.
2840 5117 2967 5173 llaec
3006 5119 3174 5174 editio
3221 5119 3363 5190 typis
3392 5133 3585 5173 recusa

2017 5220 2102 5264 est
2128 5208 2492 5280 Cantabrigise
2524 5226 2667 5265 anno
2702 5211 2864 5266 1677.
2902 5210 3209 5280 Optandum
3247 5227 3374 5266 vero
3422 5212 3587 5273 foret,

2017 5311 2077 5356 ut
2103 5311 2366 5371 quantum
2399 5318 2543 5357 cura:
2576 5302 2679 5357 luit
2742 5303 3015 5373 Spenccro
3058 5304 3389 5359 doctissimis
3442 5305 3595 5357 notis

2016 5395 2291 5451 illustrare
2314 5396 2429 5452 loca
2456 5398 2839 5467 propemodum
2870 5400 3156 5456 innumera
3181 5440 3195 5466 ,
3245 5415 3364 5470 qua:
3402 5398 3485 5451 vel
3517 5398 3586 5451 ad

2017 5488 2328 5553 historiam,
2353 5487 2437 5541 vel
2461 5492 2528 5543 ad
2568 5489 2865 5557 peculiaria
2903 5489 3159 5561 Origenis
3192 5491 3466 5558 dogmata,
3505 5488 3585 5542 vel

2018 5580 2084 5635 ad
2110 5580 2351 5650 priorum
2382 5579 2701 5635 saeculorum
2725 5582 3093 5653 disciplinam,
3122 5591 3217 5635 aut
3248 5581 3312 5633 ad
3346 5588 3583 5635 veterem

2017 5670 2417 5741 phiIOSOphiam
2465 5672 2782 5742 pertinent,
2837 5683 3042 5727 tantum
3069 5670 3365 5741 diligentiae
3422 5672 3583 5725 adhi-

2020 5764 2252 5828 buisset.
2284 5779 2405 5819 cum
2448 5766 2513 5841 ad_
2559 5765 2827 5839 orationis
2880 5766 3080 5821 Grrecas
3124 5764 3579 5826 emendationem,

3119 2899 3414 2957 Romanus.
3469 2902 3589 2955 Etsi
3670 2904 3676 2911 ’
