3952 6144
413 369 478 423 ιε)
1814 348 2206 405 ΡιιΑεῑιπΑτιο.
3573 333 3642 389 30

411 483 626 553 Drigeni
651 496 735 535 res
762 490 877 546 est;
904 493 1025 548 quos
1049 487 1290 547 tempore
1321 476 1748 532 adversusillum
1782 473 1969 542 scripti
2000 475 2047 529 Δ
2074 471 2135 527 in
2162 488 2219 527 re
2242 471 2466 527 multum
2500 472 2557 527 ei
2582 470 2786 543 profuit
2812 465 3039 522 Joannis
3077 464 3190 519 Pici
3235 458 3636 553 interpretatio,

410 581 515 632 sint
559 585 683 629 octo
727 572 976 643 Origenis
1018 570 1185 635 libri;
1222 572 1441 640 quantis
1483 570 1731 623 laudibus
1775 569 1971 622 eximia

408 672 493 725 illa
530 668 852 725 Christiana:
874 664 1148 733 religionis
1176 663 1432 734 Apologia
1464 670 1518 716 et
1553 678 1581 715 a
1618 662 1894 717 veteribus
1920 670 1974 716 et

411 778 441 817 a
478 758 871 817 recentioribus
895 764 1209 810 exornetur.

410 919 484 973 De
506 916 786 983 suppositis
811 888 1029 982 drigeni
1050 910 1313 983 operibus.
1343 927 1404 963 ac
1434 911 1664 983 primum
1690 910 1753 963 de
1787 909 1974 983 Dialo-

477 1006 540 1057 go
565 980 746 1041 contra
767 980 1138 1046 Marc'ionitas,
1156 997 1249 1033 seu
1263 980 1339 1034 De
1363 991 1501 1034 recta
1519 983 1573 1034 in
1596 981 1759 1035 Deum
1779 982 1902 1049 fide.

476 1119 753 1175 Genuinas
780 1115 1028 1187 Origcnis
1063 1116 1387 1184 scriptiones
1427 1124 1729 1185 sequuntur
1772 1114 1977 1183 aliquot

406 1213 623 1282 spurizc,
656 1209 897 1277 dialogus
952 1207 1206 1261 nimirum
1241 1207 1315 1261 b'e
1364 1218 1506 1261 recta
1554 1208 1607 1260 in
1643 1207 1805 1261 Deum
1846 1207 1974 1273 ﬁde,

405 1302 508 1366 vel,
541 1311 600 1355 ut
646 1300 700 1353 in
745 1298 867 1352 aliis
910 1296 1315 1364 exemplaribus
1359 1296 1580 1367 legitur,
1611 1306 1796 1351 contra
1829 1296 1978 1351 Mar-

408 1396 662 1456 cionitas;
697 1400 755 1447 et
789 1390 1306 1458 Φιλοσοφούμενα,
1336 1404 1430 1443 seu
1482 1388 1621 1441 liber
1669 1388 1741 1441 De
1770 1387 1975 1457 placitis

405 1484 855 1554 philosOphorum.
907 1479 1185 1547 Dialogum
1237 1480 1448 1548 primus
1495 1477 1737 1532 omnium
1791 1478 1978 1533 Graece

388 1576 648 1629 simulet
688 1573 877 1627 Latine
908 1572 960 1626 in
988 1571 1165 1627 lucem
1205 1570 1375 1625 edidit
1404 1570 1629 1625 Basilem
1661 1586 1804 1625 anno
1842 1571 1976 1626 1674

403 1668 640 1724 Joannes
666 1666 975 1735 Rodolphus
1023 1662 1386 1727 Wctstenius,
1433 1664 1524 1733 qui
1567 1665 1619 1717 in
1656 1663 1974 1732 przefationc

405 1761 473 1814 ad
499 1760 762 1814 lectorem
795 1757 976 1811 omnia
1007 1765 1184 1811 movet
1212 1768 1529 1827 argumenta
1556 1766 1618 1811 ut
1646 1758 1823 1826 ipsum
1854 1753 1976 1809 Ori-

2080 563 2249 617 multo
2279 563 2555 619 astrictior
2579 561 2756 616 verbis
2784 556 2989 612 Graecis
3009 565 3062 609 et
3094 553 3276 607 multis
3302 552 3355 604 in
3385 549 3521 605 Iocl-s
3552 548 3640 600 lu-

2074 657 2359 710 culentior.
2382 655 2490 710 Nos
2519 654 2703 707 mttltis
2743 653 2795 705 in
2825 650 2961 705 locis
3003 647 3331 715 castigatam
3358 642 3531 696 secuti
3552 656 3643 693 su-

2075 766 2194 803 mus
2217 749 2615 809 Perionianam,
2650 746 2847 813 quippe
2872 758 2992 812 quae
3025 740 3236 795 ereteris
3261 738 3476 792 duabus
3525 736 3636 789 visa

2073 843 2145 895 sit
2168 842 2367 896 clarior
2394 851 2448 895 et
2470 838 2787 907 elegantior.
2832 832 3115 888 Wetsteuii
3178 841 3332 885 notas
3366 831 3433 884 ad
3460 841 3640 884 extre—

2076 950 2191 989 mas
2218 934 2438 1004 paginas
2467 931 2844 1001 apposuimus,
2874 926 3102 995 demptis
3127 924 3289 979 modo
3309 923 3374 975 iis
3399 936 3519 990 qua:
3550 929 3640 972 aut

2076 1027 2213 1082 nihil
2238 1026 2520 1081 continent
2554 1038 2713 1093 quam
2741 1020 2882 1091 quod
2924 1018 3030 1083 iam
3066 1032 3095 1070 a
3134 1014 3408 1086 Spencero
3452 1013 3518 1066 ad
3570 1011 3639 1063 li-

2074 1119 2206 1174 bros
2249 1129 2432 1174 contra
2459 1114 2672 1170 Celsum
2706 1114 2882 1168 fuerat
2910 1111 3283 1169 observatum,
3327 1116 3421 1159 aut
3453 1106 3644 1160 cathov

2075 1211 2194 1265 lica:
2226 1210 2346 1264 ﬁdei
2397 1208 2637 1277 apertius
2681 1205 3057 1266 adversantur,
3102 1210 3154 1255 et
3195 1201 3250 1254 in
3301 1197 3640 1267 Origenianis

2077 1302 2255 1358 lluetii
2281 1302 2572 1357 confutata:
2607 1306 2755 1353 sunt.

2576 1392 2648 1445 De
2672 1388 3049 1455 PhilosOphicis
3075 1386 3175 1459 (τι).

2148 1482 2639 1552 Φιλοσοφοὺμενα
2677 1496 2769 1534 seu
2828 1479 3022 1532 librum
3077 1476 3149 1530 De
3182 1474 3389 1544 placitis
3420 1474 3643 1543 philoso-

2079 1578 2300 1645 phorum
2356 1574 2567 1643 primus
2595 1572 2783 1627 Graece
2814 1586 2877 1626 ac
2923 1570 3116 1624 Latine
3144 1583 3176 1623 e
3204 1568 3395 1622 codice
3446 1566 3642 1621 biblio-

2080 1669 2251 1721 thecae
2282 1666 2536 1719 Medicea:
2596 1665 2648 1717 in
2683 1664 2859 1717 lucem
2915 1661 3086 1716 edidit
3136 1660 3385 1729 notisque
3436 1658 3644 1728 aliquot

2082 1758 2369 1813 illustravit
2416 1759 2500 1811 vir
2556 1756 2893 1810 clarissimus
2938 1753 3177 1809 Jacobus
3223 1751 3531 1807 Gronovius
3586 1750 3640 1804 in

405 1852 527 1921 geni
562 1858 790 1911 asserat,
822 1848 919 1903 sed
942 1848 1097 1903 irrito
1127 1863 1354 1917 prorsus
1390 1858 1615 1912 conatu,
1652 1858 1711 1901 ut
1737 1856 1973 1917 patetex
2006 1833 2047 1887 Β
2081 1850 2340 1906 Tlmaur.
2373 1847 2621 1917 antiquit.
2665 1858 2793 1901 tom.
2825 1846 2894 1910 Χ,
2927 1847 3016 1899 ubi
3070 1846 3211 1900 hunc
3261 1844 3500 1900 libellum
3546 1859 3640 1913 ge-

406 1944 615 1996 monito
643 1943 783 2009 quod
816 1942 875 1995 in
924 1941 1082 2009 hujus
1114 1940 1356 2008 opusculi
1399 1940 1575 1995 fronte
1617 1940 1968 2009 praefuimus,

408 2035 497 2089 ubi
523 2036 574 2089 id
604 2050 771 2088 unum
794 2034 1099 2098 omisimus,
1136 2048 1330 2101 nempe
1354 2032 1554 2104 stylmn
1584 2042 1695 2087 toto
1741 2033 1880 2088 caelo
1903 2032 1971 2086 ab

405 2124 734 2195 Origeniano
782 2124 1020 2189 dill'erre,
1069 2133 1121 2178 et
1159 2124 1465 2179 innumeris
1504 2132 1719 2179 scatere
1748 2124 1972 2179 vocibus

401 2215 630 2279 Graecis,
660 2230 796 2284 quas
829 2215 1029 2269 frustra
1050 2214 1101 2268 in
1126 2215 1243 2269 aliis
1264 2213 1513 2283 Origenis
1540 2215 1795 2282 operibus
1822 2212 1971 2269 Grre-

402 2309 481 2362 eis
507 2308 807 2376 quaesieris,
852 2323 1080 2377 quicque
1119 2307 1366 2364 Graecum
1419 2307 1691 2361 hominem
1738 2306 1970 2376 Origene

402 2396 569 2467 longe
593 2399 949 2453 recentiorem
992 2378 1227 2467 sapiunt.
1260 2398 1338 2451 Ex
1376 2399 1534 2453 unico
1559 2399 1748 2453 codice
1777 2412 1968 2451 manu-

405 2488 607 2555 scripto
639 2488 783 2541 hunc
826 2487 1069 2541 libellum
1122 2487 1311 2542 Grtecc
1365 2488 1535 2541 edidit
1602 2483 1966 2553 Wetstenins,

403 2593 501 2633 nos
527 2579 593 2631 ad
625 2588 858 2648 quatuor
900 2579 1130 2634 aliorum
1171 2580 1330 2633 ﬁdem
1378 2577 1768 2641 recensuimus,
1795 2578 1971 2629 varia-

402 2681 509 2736 que
527 2669 888 2736 expunximus
920 2668 1136 2733 menda,
1172 2669 1367 2737 quibus
1420 2662 1824 2721 Wetstenianus
1872 2680 1969 2721 co-

404 2758 507 2809 dex
531 2765 649 2810 erat
669 2755 921 2810 foedatus.
943 2757 1086 2810 Ante
1119 2753 1409 2811 Wctstenii
1449 2756 1737 2811 editionem
1759 2756 1974 2812 Graeco-

403 2848 672 2913 Latinam,
702 2859 810 2904 tres
839 2850 957 2905 alia:
996 2852 1050 2904 in
1077 2850 1249 2905 lucem
1278 2850 1620 2919 prodierant.
1648 2850 1739 2904 sed
1772 2850 1974 2905 Latiare

403 2951 632 2996 tantum.
664 2940 843 2995 Prima
871 2941 973 2995 fuit
1014 2941 1149 3005 Pici,
1186 2943 1456 2996 senatoris
1488 2941 1813 2995 Parisiensis
1861 2943 1962 2996 do-

398 3032 648 3099 ctissimi,
681 3048 846 3103 quam
882 3032 1116 3087 Henrico
1145 3031 1207 3099 ll,
1242 3032 1536 3088 Galliarum
1579 3032 1715 3102 regi,
1770 3034 1968 3089 obtulit

400 3141 542 3180 anno
589 3126 749 3190 1555,
808 3127 1057 3197 quamvis
1086 3128 1341 3184 editionis
1395 3125 1584 3182 titul-us
1628 3143 1827 3181 annum
1879 3141 1969 3182 se-

398 3228 653 3285 quentem
695 3216 835 3272 1556
880 3232 989 3284 prie
1026 3232 1085 3272 se
1113 3217 1274 3274 ferat.
1316 3218 1516 3273 Eodem
1550 3229 1793 3289 tempore
1816 3217 1971 3274 Basi-

400 3306 498 3360 lete
532 3305 856 3361 Laurentius
880 3306 1279 3378 llumphredus,
1303 3308 1527 3379 Anglus,
1551 3309 1779 3364 alteram
1813 3311 1974 3365 ador-

402 3398 565 3453 nabat
588 3399 733 3468 apud-
756 3398 1145 3471 Hieronymum
1187 3400 1515 3456 Frobenium
1534 3443 1550 3468 ,
1579 3412 1635 3456 ut
1664 3403 1776 3457 haec
1802 3402 1971 3473 ipsius

399 3489 562 3544 verba
577 3489 806 3546 docent:
829 3489 1027 3544 Contra
1050 3490 1422 3546 Marcionistas
1441 3492 1684 3564 Dialogos
1706 3495 1836 3549 duos
1853 3506 1972 3550 ante

398 3583 770 3651 sesquiannum
804 3600 869 3638 ea:
918 3582 1250 3637 Frobeniana
1303 3585 1480 3638 codice
1530 3588 1891 3655 manuscripto
1943 3604 1971 3642 e

397 3670 580 3728 Crteco
608 3677 843 3740 traduxi,
873 3693 1104 3740 sensum,
1133 3693 1236 3729 non
1260 3677 1415 3729 verba
1433 3676 1679 3741 reddens,
1707 3686 1755 3730 et
1780 3694 1971 3746 appen-

396 3764 524 3819 dens
550 3768 723 3835 potius
774 3784 929 3838 quam
958 3784 1240 3822 numerans
1264 3785 1284 3823 :
1307 3768 1496 3838 ubique
1523 3784 1729 3833 cavens,
1756 3786 1818 3822 ne
1840 3771 1969 3840 quid

396 3855 576 3911 erce
629 3860 856 3928 positum
886 3860 1130 3914 vertendo
1168 3870 1489 3915 everteretur
1531 3870 1581 3915 et
1614 3863 1966 3915 intercideret.

396 3950 522 4005 Haec
550 3952 640 4005 ille
666 3968 811 4006 anno
851 3952 1011 4017 l557,
1036 3952 1268 4023 Augusti
1297 3954 1383 4008 die
1411 3961 1588 4009 sexta.
1624 3954 1753 4024 Ejus
1786 3967 1967 4009 autem

395 4042 773 4110 interpretatio
795 4044 1051 4112 operibus
1080 4043 1333 4114 Origenis
1380 4059 1526 4099 anno
1568 4045 1700 4100 1571
1743 4046 1968 4101 Basileae

394 4134 558 4190 editis
574 4134 778 4203 adjecta
796 4143 900 4189 est.
915 4134 1160 4190 Tertiam
1180 4133 1413 4190 confecit
1430 4134 1745 4191 Joachimus
1780 4138 1934 4191 Perio
1948 4168 1964 4178 -

394 4226 543 4290 nius,
565 4226 945 4281 Bcnedictinus
964 4225 1434 4289 Cormeriaeenns,
1454 4242 1612 4295 quam
1658 4244 1802 4281 anno
1830 4229 1969 4283 1574

393 4316 731 4370 Gilbcrtinus
756 4314 1140 4371 Gencbrardus
1175 4315 1349 4384 primo
1388 4315 1645 4369 editionis
1668 4331 1779 4370 smn
1821 4326 1963 4372 tonio

393 4408 642 4462 inseruit.
680 4407 814 4463 Tres
844 4408 930 4463 isti
964 4408 1292 4476 interpretes
1318 4408 1399 4461 usi
1428 4416 1557 4466 sunt
1577 4406 1784 4464 Graecis
1813 4409 1963 4464 codi-

2080 1943 2299 1995 nuinum
2319 1939 2579 2011 Origenis
2602 1952 2727 1993 esse
2750 1938 2911 1991 fetum
2942 1945 3271 2005 propugnat,
3294 1936 3386 1990 sed
3412 1935 3642 1990 inﬁrmis

2078 2035 2218 2087 adeo
2266 2032 2648 2104 argumentis,
2703 2041 2758 2085 ut
2791 2040 2942 2085 tanto
2980 2031 3097 2083 viro
3149 2030 3365 2098 indigna
3421 2044 3642 2096 prorsus

2079 2127 2320 2181 Joannes
2364 2125 2795 2194 Cbristopborns
2829 2123 3059 2177 Wolﬁus
3083 2122 3207 2191 jure
3234 2124 3428 2176 merito
3455 2122 3642 2176 existi-

2079 2217 2327 2271 maverit.
2362 2215 2607 2269 Primum
2647 2215 2771 2270 inde
2805 2215 2939 2284 petit
2991 2214 3133 2285 quod
3164 2213 3412 2283 Origeuis
3444 2229 3638 2267 nomen

2080 2324 2191 2376 prin,
2228 2322 2287 2362 se
2320 2307 2427 2361 fert
2464 2307 2871 2376 manuscriptus
2901 2306 3071 2360 codex
3102 2304 3394 2368 Mediceus,
3424 2320 3454 2358 a
3488 2303 3642 2371 cujus

2077 2402 2445 2463 auctoritate,
2477 2398 2686 2468 inquit,
2722 2416 2827 2454 non
2884 2410 3088 2454 temere
3126 2407 3210 2453 est
3256 2398 3637 2453 recedendum.

2076 2493 2183 2547 Sed
2215 2493 2337 2563 quis
2360 2496 2560 2559 nescit,
2590 2494 2804 2565 reponit
2826 2493 3080 2558 Wolﬁus,
3118 2492 3250 2547 illud
3276 2492 3478 2547 fraudis
3509 2491 3642 2547 fuci-

2076 2600 2181 2654 que
2207 2600 2376 2655 genus
2401 2586 2532 2641 olim
2565 2586 3052 2640 familiarissimum
3096 2584 3263 2639 fuisse
3294 2583 3554 2647 librariis,
3581 2593 3642 2637 ιιι

2078 2676 2278 2730 librum
2306 2676 2599 2744 quemdam
2652 2676 2741 2729 illo
2776 2676 3140 2730 inscriberent
3177 2675 3396 2728 nomine
3422 2716 3437 2740 ,
3485 2675 3639 2741 cujus

2080 2768 2371 2834 Splendore
2389 2768 2487 2838 ipsi
2521 2768 2671 2835 operi
2698 2767 2875 2820 decus
2898 2776 2951 2820 et
2980 2766 3214 2834 pretium
3234 2766 3642 2820 conciliaretur?

2079 2852 2373 2923 Speciatim
2405 2863 2642 2918 constat,
2679 2853 2780 2909 sub
2807 2854 3058 2922 Origenis
3090 2855 3307 2907 nomine
3340 2863 3413 2908 tot
3444 2869 3641 2922 suppo-

2076 2946 2178 2998 sita
2212 2945 2416 3012 scripta
2453 2943 2821 3009 circumferri,
2858 2952 2916 2997 ut
2942 2943 3166 2997 Huctins
3197 2942 3634 3012 Origenianorum

2075 3036 2215 3092 libro
2235 3036 2416 3103 tertio,
2445 3036 2709 3107 peculiari
2742 3039 3005 3102 sectione,
3034 3052 3139 3091 non
3169 3037 3433 3091 modicam
3451 3052 3637 3092 eorum

2074 3128 2286 3199 copiam
2338 3127 2391 3182 in
2430 3129 2667 3183 medium
2721 3128 2922 3184 afferre
2970 3128 3228 3201 potuerit.
3266 3128 3444 3197 Atque
3480 3128 3639 3196 hujus

2073 3221 2294 3289 quidem
2331 3220 2405 3276 rei
2432 3221 2568 3274 ratio
2596 3221 2647 3274 in
2674 3228 2921 3289 promptu
2953 3229 3056 3275 est.
3092 3220 3165 3275 Ea
3193 3222 3335 3274 enim
3365 3220 3466 3275 fuit
3489 3231 3638 3275 vete-

2077 3328 2195 3366 rum
2229 3314 2296 3367 de
2334 3313 2641 3368 eruditione
2669 3312 2923 3382 Origenis
2955 3314 3259 3382 persuasio,
3314 3324 3372 3368 ut
3402 3313 3638 3369 librariis

2075 3404 2222 3457 nulla
2254 3403 2533 3459 dubitandi
2558 3420 2720 3460 causa
2752 3405 2916 3469 foret,
2953 3406 3084 3474 quin
3125 3405 3250 3460 libri
3271 3405 3392 3475 ejus
3420 3407 3638 3460 nomine

2076 3496 2321 3565 inscripti
2373 3495 2560 3551 faciles
2597 3507 2871 3565 emptores
2920 3496 3249 3553 invenirent.
3282 3496 3358 3551 Ex
3390 3512 3498 3567 quo
3523 3498 3632 3552 επι-

2074 3586 2217 3639 citur
2254 3586 2353 3640 hoc
2403 3586 2620 3655 quidem
2665 3584 2925 3640 Gronovii
2972 3602 3072 3655 pro
3104 3585 3266 3642 libelli
3311 3588 3636 3641 auctoritate

2074 3686 2456 3745 argumentum
2488 3678 2663 3747 parvi,
2697 3688 2792 3731 aut
2834 3677 3031 3732 nullius
3056 3692 3181 3733 esse
3220 3678 3508 3743 momenti,
3534 3678 3635 3731 nisi

2073 3770 2192 3823 alia:
2225 3769 2445 3839 majoris
2497 3771 2752 3838 ponderis
2787 3770 3029 3824 rationes
3082 3770 3436 3826 accesserint.
3485 3769 3635 3825 Alte-

2074 3876 2191 3913 rum
2224 3858 2477 3915 Gronovii
2505 3870 2878 3931 argumentum
2911 3875 3064 3928 atque
3094 3860 3361 3914 inﬁrmum
3394 3860 3630 3923 videtur,

2071 3954 2266 4024 quippe
2289 3952 2628 4022 desumptum
2647 3968 2675 4006 a
2704 3953 3057 4022 manuscripti
3079 3953 3283 4008 codicis
3301 3952 3632 4007 conditione.

2069 4046 2170 4101 Ille
2197 4048 2355 4109 enim,
2391 4045 2591 4116 inquit,
2622 4045 2746 4101 licet
2794 4046 2866 4100 sit
2895 4045 3225 4113 cltartaceus,
3279 4044 3433 4115 plane
3459 4055 3637 4097 tamen

2069 4159 2199 4196 auro
2232 4143 2571 4213 undequaque
2607 4143 2911 4210 pretiosior,
2943 4142 3139 4210 quippe.
3187 4140 3407 4203 unicus,
3445 4139 3498 4191 in
3531 4154 3632 4203 quo

2066 4231 2542 4285 emendatissimum
2588 4242 2664 4285 est
2695 4230 2917 4285 Arriani
2939 4229 3283 4292 Ἀναᾶάσεως
3342 4228 3633 4281 Alexandri

2069 4324 2251 4393 Magni
2278 4324 2547 4391 exemplar
2575 4324 2755 4377 eadem
2788 4338 2959 4375 manu
2977 4324 3248 4389 scriptum,
3280 4332 3327 4374 et
3367 4319 3505 4373 unde
3539 4335 3630 4371 nos

2065 4417 2187 4469 olim
2213 4416 2416 4484 egregia
2462 4414 2557 4467 illa
2600 4414 2713 4483 ejus
2756 4412 3026 4480 scriptoris
3076 4411 3437 4478 supplementa
3466 4411 3629 4464 edidi-

392 4500 544 4556 Cibus
572 4499 726 4554 valde
781 4500 1043 4567 diVCI‘SiS;
1100 4499 1507 4566 Humphl‘edum
1567 4510 1753 4555 aulem
1801 4518 1957 4555 "sum
1992 4533 2037 4587 Ι)
2067 4526 2202 4567 mus.
2227 4507 2311 4560 cui
2339 4506 2507 4560 simile
2539 4515 2588 4559 et
2617 4523 2715 4575 par
2735 4515 3002 4574 propterea
3026 4514 3192 4557 exstat
3226 4502 3448 4558 nullum.
3479 4499 3627 4556 Prte-

392 4607 512 4648 esse
540 4593 837 4648 sinceriore
869 4602 1030 4662 atque
1060 4592 1312 4648 uberiore
1344 4593 1642 4663 exemplari
1671 4609 1831 4659 quam
1865 4602 1962 4647 aut

390 4685 573 4739 Picum
605 4694 699 4739 aut
734 4685 1070 4748 Perioninm,
1110 4684 1284 4740 cuivis
1319 4701 1384 4738 ex
1417 4686 1829 4753 comparatione
1859 4701 1956 4755 pa-

391 4786 486 4841 tet,
530 4778 690 4847 idque
736 4778 846 4847 jam
882 4778 1226 4833 observatum
1273 4787 1357 4832 est
1392 4777 1459 4833 ab
1496 4777 1710 4831 Andrea
1762 4776 1959 4832 Riveto

389 4867 567 4923 Critic.
592 4887 729 4927 sacr.
768 4869 860 4923 lib.
897 4886 957 4935 ll,
990 4885 1107 4939 cap.
1136 4871 1222 4933 15,
1255 4877 1310 4923 et
1329 4869 1574 4938 Philippo
1610 4869 1828 4923 Labbco
1876 4868 1955 4923 De

390 4962 566 5026 script.
597 4963 721 5017 eccl.
758 4972 887 5018 tom.
914 4963 978 5028 ll,
1015 4978 1138 5033 pag.
1171 4962 1294 5016 145.
1342 4960 1724 5017 Verumtamen
1751 4960 1951 5015 Joanni

392 5053 669 5123 Rodolpho
697 5055 1000 5113 Wetstenio
1081 5055 1364 5109 videbatur
1398 5052 1779 5120 llumphredus
1811 5070 1953 5124 saepe

390 5146 777 5215 paraphrasten
812 5148 988 5213 potius
1017 5162 1179 5218 agere
1217 5162 1377 5216 quam
1410 5146 1786 5214 interpretem,
1856 5164 1953 5202 nec

385 5253 514 5292 raro
559 5238 855 5294 inseruisse
897 5242 1169 5308 quardam,
1201 5250 1261 5294 ut
1298 5239 1621 5295 sententiam
1651 5241 1950 5309 quorundu-

382 5345 600 5398 cunquc
635 5344 1031 5400 assequeretur.
1062 5331 1423 5399 Quamobrem
1460 5347 1583 5384 cum
1628 5330 1800 5385 fusior
1840 5329 1951 5397 ple-

385 5439 614 5492 rumque
645 5423 715 5477 sit
735 5423 853 5492 ejus
880 5425 1256 5494 interpretatio
1282 5440 1443 5494 quam
1472 5434 1530 5477 ut
1553 5423 1744 5478 Grteco
1767 5438 1951 5478 exem-

386 5515 518 5583 plari
559 5518 941 5586 arquiparetur,
993 5529 1217 5572 coaetus
1257 5531 1342 5574 est
1388 5517 1727 5574 Wetstenius
1802 5517 1947 5570 illam

387 5609 783 5679 constringere,
816 5626 880 5663 ac
915 5611 1044 5665 locis
1073 5612 1321 5681 plurimis
1347 5616 1508 5668 aliam
1547 5628 1811 5684 pangere;
1848 5628 1951 5681 qua

2068 4608 2208 4651 terea
2244 4597 2287 4649 is
2319 4596 2428 4664 ipse
2473 4595 2637 4648 codex
2666 4602 2763 4657 est,
2792 4593 2845 4645 iu
2875 4610 2976 4662 quo
3028 4588 3293 4645 Hieroclis
3347 4590 3414 4642 ad
3464 4604 3626 4641 aurea

2068 4674 2382 4760 Pythagora:
2412 4688 2646 4741 carmina
2675 4685 3060 4739 eruditissimus
3090 4681 3502 4736 commentarius
3522 4690 3631 4733 tam

2062 4782 2260 4849 integer
2291 4790 2336 4833 et
2366 4778 2649 4833 inviolatus
2680 4779 2973 4842 exhibetur,
3000 4787 3055 4830 ut
3087 4791 3191 4829 non
3238 4774 3457 4828 aliunde
3484 4788 3635 4842 irque

2063 4889 2122 4925 ac
2138 4889 2202 4925 es
2231 4872 2339 4939 ipso
2370 4872 2623 4925 columine
2646 4870 2823 4938 colligi
2851 4868 3042 4936 possit,
3072 4882 3232 4936 quam
3260 4865 3522 4919 maculosi
3538 4881 3629 4917 co-

2062 4964 2203 5017 dices
2229 4963 2294 5014 ab
2324 4960 2675 5030 typograpltis
2702 4958 2898 5013 nostris
2948 4959 3017 5011 ad
3077 4954 3488 5024 multiplicando
3517 4955 3629 5019 ejus

2060 5054 2379 5120 exemplaria
2416 5053 2654 5120 usurpati
2685 5050 2906 5118 fuerint,
2936 5058 2993 5103 ut
3041 5050 3266 5116 scriptor
3318 5048 3432 5118 ejus
3468 5046 3632 5115 fuerit

2058 5150 2270 5203 omnino
2303 5149 2382 5202 vir
2413 5155 2461 5199 et
2507 5146 2619 5213 ipse
2657 5144 2992 5196 doctissimus
3020 5150 3070 5196 et
3102 5142 3193 5209 qui
3223 5140 3529 5210 ﬁdelissima
3557 5140 3625 5190 ad

2056 5241 2421 5295 bibliothecam
2446 5256 2597 5292 suam
2646 5237 2970 5305 exemplaria
3000 5234 3406 5301 conquisiverit:
3437 5232 3627 5301 quibus

2051 5344 2373 5402 postremum
2400 5329 2592 5400 adjecit
2646 5330 2744 5381 hoc
2772 5327 3014 5392 Origenis
3069 5327 3420 5394 fragmentum
3444 5360 3460 5385 ,
3486 5322 3625 5386 quod

2052 5424 2259 5477 nomine
2287 5422 2410 5490 falsi
2444 5430 2491 5475 et
2523 5420 2690 5488 spurii
2722 5418 2950 5487 deferre,
2978 5427 3025 5471 et
3056 5417 3179 5471 hinc
3205 5419 3337 5470 adeo
3366 5413 3627 5466 eruditam

2058 5533 2273 5573 manum
2302 5531 2395 5583 pro
2426 5514 2524 5568 levi
2551 5513 2825 5566 traducere
2852 5528 2956 5565 non
2981 5520 3054 5563 est
3101 5510 3322 5563 alterius
3374 5505 3623 5569 hominis,

2058 5624 2214 5677 quam
2245 5606 2336 5669 qui
2373 5605 2568 5673 optima
2622 5604 2828 5672 egregia
2874 5613 3121 5670 tanquam
3164 5613 3330 5667 nugas
3410 5596 3617 5664 aspicit.

451 5708 520 5769 la)
549 5717 863 5769 ωοσρφουμνων
890 5704 1049 5769 libros
1063 5719 1125 5754 ex
1150 5708 1315 5757 codice
1356 5711 1405 5757 ln
1445 5710 1742 5760 monasterio
1768 5707 1943 5757 Montis
1991 5706 2141 5756 Athos
2161 5706 2434 5769 asservatos
2455 5701 2650 5769 integre
2696 5698 2881 5769 primus
2906 5697 3080 5769 edidit.
3114 5696 3173 5749 ῐ).
3218 5693 3400 5769 hilliler,
3446 5691 3630 5769 Gitoni}

555 5758 701 5835 ιιι-δοῖ
728 5758 862 5827 Opus
888 5768 995 5835 hoc,
1024 5768 1224 5835 Origeni
1249 5773 1451 5831 primum
1474 5780 1527 5820 et
1552 5758 1821 5834 Hippolyto
1847 5778 2015 5835 postea
2054 5768 2379 5828 suppositum,
2413 5758 2614 5810 edemus
2638 5762 2687 5807 in
2712 5760 2997 5820 Appt'ndice
3024 5760 3082 5806 ad
3103 5758 3337 5807 smculum
3380 5770 3468 5813 ut,
3494 5758 3628 5806 inter

395 5826 694 5878 Collectanea
718 5835 924 5879 retet'um
946 5826 1293 5881 ltatrcticorum.
1330 5835 1457 5883 lion.
1488 5826 1635 5884 ΡΑτηῖ
