3952 6144
432 281 498 338 ὅί
1847 312 2234 378 ΡΒᾹΞΡΑΤΙΟ.

433 401 643 476 Nempe
673 412 851 465 omnis
910 414 1099 470 isthzec
1131 416 1387 477 Gronovii
1445 436 1844 497 argumentatio
1898 439 2002 495 huc

3602 353 3683 409 39.

438 499 579 551 redit
614 511 671 552 ut
699 516 763 555 cx
797 505 1046 561 codicum
1082 510 1308 566 aliorum
1343 516 1469 571 huic
1504 519 1762 578 similium
1796 527 1999 599 inopia,

431 604 499 643 ex
532 592 821 661 singulari,
848 613 952 666 qua
980 600 1275 659 Mediceum
1307 614 1587 682 exemplar
1608 631 1891 676 exaratum
1918 635 2003 681 est

432 680 712 751 diligentia
745 696 799 741 et
829 693 1132 749 eruditione
1191 698 1399 755 librarii
1437 706 1673 775 evincat,
1731 712 1832 769 hoc
1865 732 2000 786 opus

431 788 769 843 praepostere
825 783 1031 848 νοθείας
1054 793 1326 849 accusari.
1358 794 1556 852 Verum
1605 817 1710 857 non
1744 813 1890 860 tanta
1915 818 2001 863 est

430 868 676 922 codicum
706 872 830 927 huic
862 877 1121 934 similium
1155 884 1391 952 raritas,
1445 901 1701 957 quantam
1750 912 1869 954 esse
1894 903 1997 957 sibi

431 956 605 1021 tinxit.
639 976 760 1017 cum
814 974 926 1021 tres
964 970 1053 1024 alii
1113 973 1279 1042 hujus
1330 981 1511 1046 operis
1540 995 1754 1041 exstent
1783 991 1998 1047 codices

427 1055 805 1123 manuscripti,
839 1059 947 1113 duo
980 1061 1166 1118 Roma:
1191 1107 1207 1132 ,
1248 1080 1301 1122 et
1344 1070 1478 1126 alter
1512 1073 1758 1134 Taurini.
1794 1082 1997 1141 Deinde

423 1145 689 1210 quodnam
722 1148 826 1203 hoc
857 1159 941 1205 est
975 1163 1384 1226 argumentandi
1420 1180 1593 1232 genus
1643 1188 1655 1224 :
1693 1170 1890 1240 Rarus,
1941 1187 1997 1232 et

422 1233 538 1289 fere
566 1238 758 1294 unicus
790 1252 874 1296 est
907 1247 1076 1301 codex
1128 1252 1218 1319 qui
1251 1251 1505 1325 Origenis
1538 1276 1735 1317 nomen
1778 1282 1893 1337 prm
1937 1285 1995 1325 se

419 1327 553 1387 fert;
582 1344 710 1400 ergo
733 1332 953 1404 Origeni
987 1344 1364 1419 supposititius
1402 1366 1505 1405 non
1537 1353 1668 1407 est?
1696 1327 1879 1412 Risum
1914 1372 1993 1414 te-

417 1420 617 1480 neatis.
652 1425 831 1479 antici.
872 1426 1015 1483 Idem
1072 1434 1380 1504 dicendum,
1415 1441 1587 1511 inquit
1615 1445 1866 1515 Wolfius,
1927 1456 1994 1511 (ie

416 1509 683 1578 singulari
735 1531 895 1583 quam
947 1524 1232 1590 praedicat,
1270 1509 1625 1603 descriptoris
1664 1541 1990 1600 eruditione.

414 1598 557 1665 Quid
590 1604 732 1658 enim
760 1606 875 1663 hare
904 1614 966 1664 ad
1001 1630 1115 1668 rem
1151 1616 1321 1673 facit?
1344 1622 1671 1693 Largiamur
1693 1646 1991 1690 amanuen-

414 1707 530 1746 sem
575 1695 721 1752 illum
755 1697 926 1757 fuisse
951 1709 1385 1768 eruditissimum
1416 1726 1467 1771 et
1502 1720 1582 1775 vel
1605 1737 1729 1777 cum
1755 1726 1990 1784 Aristar—

412 1785 521 1837 cho
547 1788 967 1861 conferendum;
1004 1798 1125 1867 quis
1149 1805 1450 1872 praestabit,
1474 1812 1724 1867 eumdem
1760 1830 1985 1874 examen
2019 1786 2063 1845 Β

415 1876 537 1931 libri
575 1880 898 1949 instituisse,
936 1902 1036 1944 nec
1066 1894 1249 1961 potius
1279 1898 1400 1951 data
1433 1914 1596 1969 opera
1646 1908 1983 1979 neglexisse,

414 1969 497 2020 vel
530 1971 572 2023 si
613 1971 853 2030 fraudem
881 1980 1327 2039 animadverterit
1363 2028 1378 2054 ,
1407 1990 1531 2047 aliis
1562 1995 1838 2065 imponere
1884 2016 1982 2057 no-

409 2060 599 2124 luisse,
625 2082 730 2135 quo
753 2071 935 2127 carius
959 2089 1089 2131 suas
1114 2092 1328 2136 merces
1353 2084 1747 2153 venderet,aut
1769 2107 1891 2147 cum
1916 2096 1985 2150 de

409 2152 554 2210 illius
585 2162 833 2226 opusculi
886 2170 1229 2233 possessione
1280 2173 1379 2229 sibi
1413 2180 1801 2251 gratularetur,
1839 2200 1982 2255 pra:-

405 2258 687 2318 conceptae
725 2258 790 2307 de
842 2253 1079 2327 Origene
1109 2274 1335 2320 auctore
1388 2284 1495 2322 non
1524 2271 1747 2326 nimium
1802 2253 1980 2329 indul-

408 2338 549 2394 sisse
597 2344 875 2412 opinioni?
901 2352 982 2405 Ad
1014 2352 1119 2407 hoc
1168 2356 1401 2413 imbellis
1434 2361 1534 2415 ista
1568 2365 1705 2418 ratio
1744 2376 1846 2431 est,
1872 2382 1979 2437 qua

407 2430 646 2488 libellum
687 2438 832 2494 hunc
865 2442 985 2497 ideo
1031 2443 1285 2516 Origenis
1329 2465 1447 2506 esse
1484 2463 1675 2522 putare
1723 2456 1937 2512 videtur
1964 2499 1979 2523 ,

407 2528 550 2591 quod
580 2528 631 2581 in
659 2531 850 2585 eodem
883 2536 1074 2592 codice
1098 2540 1422 2607 conjunctus
1458 2546 1532 2601 sit
1559 2562 1680 2601 cum
1707 2549 1829 2604 aliis
1851 2566 1980 2620 ope-

409 2618 561 2673 ribus
593 2636 712 2689 quae
746 2624 864 2680 sine
913 2634 1290 2688 controversia
1318 2646 1446 2692 sunt
1494 2636 1707 2695 illorum
1741 2641 1976 2711 scripto-

411 2729 531 2768 rum
582 2733 813 2786 quorum
867 2725 1086 2780 nomina
1132 2744 1241 2797 prae
1292 2746 1352 2787 se
1380 2732 1584 2791 ferunt.
1636 2736 1801 2803 Quasi
1846 2754 1976 2796 vero

406 2808 564 2879 hujus
626 2820 1031 2876 consecutionis
1094 2839 1320 2881 nervum
1389 2846 1496 2886 non
1574 2833 1817 2890 incidant
1895 2845 1976 2891 tot

401 2902 522 2957 alia;
592 2912 1089 2980 manuscriptorum
1158 2921 1513 2979 eollectiones
1580 2943 1700 2995 qua:
1774 2930 1973 3000 γνήσια

400 3001 457 3046 et
506 2994 793 3054 νοθεύονται
845 3003 1009 3057 simul
1068 3010 1397 3078 scriptorum
1461 3028 1812 3071 monumenta
1870 3025 1973 3074 mi-

402 3096 580 3140 scent.
620 3089 865 3148 Tertium
907 3095 1168 3154 Gronovii
1223 3117 1600 3175 argumentum
1657 3125 1687 3164 e
1719 3111 1862 3181 stylo
1892 3113 1972 3166 di-

405 3177 675 3247 cendique
722 3184 933 3239 ratione
963 3188 1016 3243 in
1042 3195 1303 3260 npusculo
1341 3197 1498 3251 obvia
1533 3200 1770 3257 ducitur.
1825 3202 1971 3259 Belle

402 3270 651 3337 quidem,
685 3273 731 3327 si
767 3276 966 3348 singuli
1020 3282 1149 3350 loci,
1187 3300 1322 3354 quos
1350 3288 1492 3344 hanc
1533 3291 1584 3344 in
1626 3308 1736 3347 rem
1764 3296 1970 3362 attulit,

403 3376 512 3415 non
544 3363 617 3417 ita
647 3376 775 3421 sunt
805 3375 1132 3443 comparati,
1161 3386 1221 3432 ut
1247 3394 1352 3432 non
1387 3382 1565 3436 minus
1594 3384 1661 3438 ab
1683 3384 1791 3439 alio
1832 3401 1968 3455 quo—

401 3468 616 3524 cunque
642 3474 801 3526 quam
827 3465 896 3517 ab
915 3465 1149 3536 Origene
1170 3471 1440 3539 proficisci
1463 3478 1760 3543 potuerint.
1781 3478 1968 3549 Neque

397 3546 541 3601 enim
572 3551 697 3620 styli
728 3558 1101 3613 convenientia
1136 3564 1452 3618 aestimanda
1496 3576 1581 3622 est
1624 3584 1688 3623 ex
1740 3571 1968 3629 vocibus

396 3641 754 3707 phrasibusve
771 3651 1002 3718 receptis
1017 3661 1072 3705 et
1090 3656 1364 3709 communi
1384 3659 1624 3714 omnium
1640 3662 1965 3731 scriptorum

400 3746 497 3784 usu
531 3734 700 3798 tritis,
728 3738 819 3790 sed
850 3738 934 3792 vel
963 3756 1027 3794 ex
1058 3743 1390 3814 integrarum
1426 3750 1771 3817 periodorum
1795 3754 1965 3819 serie,

397 3823 479 3876 vel
516 3825 706 3879 saltem
738 3845 806 3882 ex
830 3830 1054 3886 vocibus
1080 3852 1215 3903 quae
1236 3838 1380 3893 illius
1410 3844 1649 3897 auctoris
1674 3845 1965 3900 videantur

398 3913 556 3981 plane
595 3921 828 3988 propriae
856 3962 869 3985 ,
921 3935 977 3978 et
1030 3928 1233 3981 nemini
1265 3945 1417 3998 :eque
1456 3931 1770 3989 familiares.
1824 3937 1965 3992 Hinc

396 4021 583 4073 parum
615 4009 886 4068 Gronovio
925 4018 1142 4085 prolicit
1176 4022 1314 4086 quod
1338 4023 1596 4078 observat
1628 4041 1815 4082 verum
1841 4030 1961 4085 Ori-

393 4113 583 4167 genem
626 4103 711 4158 bis
742 4107 817 4159 uti
849 4110 1098 4177 vocibus,
1129 4112 1453 4177 ἀσυστάτοις
1480 4115 1712 4187 δόγμασι
1746 4131 1797 4174 et
1829 4122 1965 4175 ἀσύ-

394 4210 586 4250 στατον
614 4199 880 4270 πρᾶγμα;
915 4214 1192 4257 auctorem
1218 4215 1397 4259 autem
1425 4210 1965 4281 Φιλοσοφουμένων

392 4286 556 4342 istis:
612 4291 954 4347 ἀσεϐέστατα
1011 4295 1120 4349 τῶν
1172 4296 1490 4368 δογμάτων,
1553 4313 1608 4356 et
1662 4303 1963 4360 ἀσύστατον

389 4382 636 4452 πρᾶγμα.
658 4383 897 4439 Primum
936 4388 1078 4441 enim
1128 4390 1465 4445 ἀσεϐέστατα
1505 4394 1612 4447 τῶν
1670 4397 1960 4467 δογμάτων

2030 446 2077 503 Α
2103 445 2295 501 eadem
2321 449 2721 520 significatione
2752 470 3065 530 usurpatur.
3102 465 3265 522 Iidem
3302 469 3677 545 lexicographi

2104 540 2391 597 ostendent
2418 544 2478 597 τὸ
2508 552 2785 605 κοινωνεῖν
2823 569 2926 608 τινι
2973 558 3108 613 adeo
3151 576 3255 615 non
3306 578 3428 619 esse
3478 564 3679 638 Orige-

2104 628 2345 697 nianum,
2405 643 2462 686 ut
2495 638 2712 706 optimis
2769 657 2989 713 quoque
3040 646 3264 705 Gracia:
3306 655 3672 726 scriptoribus

2104 734 2206 773 non
2243 722 2311 775 sit
2349 725 2609 794 solemne,
2642 746 2874 799 quorum
2923 735 3057 793 locis
3102 740 3433 803 aduotandis
3466 760 3672 819 pncter

2104 814 2369 869 rationem
2405 818 2843 878 immoraremur.
2881 828 3119 891 Quartus
3152 840 3388 893 auctoris
3418 842 3673 896 Φιλοσο-

2101 904 2412 973 φουμένων
2434 908 2584 966 locus
2612 924 2794 969 exstat
2817 918 2906 972 ubi
2934 920 2999 975 de
3032 921 3254 979 Platone
3276 929 3474 997 agitur,
3503 947 3532 986 a
3556 949 3668 1002 quo

2101 997 2379 1052 materiam
2441 1001 2572 1057 dicit
2625 1007 2943 1074 appellatam
2978 1028 3097 1067 esse
3130 1017 3535 1089 ἀσχημάτιστον
3566 997 3667 1081 ita}.

2099 1082 2306 1140 ἄποιον.
2343 1089 2423 1143 Ad
2467 1091 2612 1148 hunc
2660 1094 2837 1151 locum
2880 1101 3014 1156 duos
3045 1104 3203 1160 atl‘ert
3234 1109 3541 1168 Gronovius
3590 1131 3661 1171 cx

2098 1176 2256 1231 libris
2296 1180 2349 1233 in
2378 1180 2609 1250 Celsum,
2638 1187 2689 1241 in
2718 1204 2944 1258 quorum
2978 1197 3144 1264 priori
3170 1198 3379 1267 ἄποιος,
3410 1204 3461 1257 in
3490 1206 3665 1263 altero

2100 1278 2228 1321 vero
2261 1268 2451 1336 ἄποιος
2497 1277 2591 1329 καὶ
2618 1277 3022 1351 ἀσχημάτιστος
3055 1288 3252 1344 dicitur
3306 1298 3557 1351 materia.
3592 1301 3665 1354 At

2099 1371 2212 1411 rem
2248 1364 2494 1418 eamdem
2530 1371 2718 1423 eadem
2755 1374 2967 1430 ratione
2995 1385 3184 1436 omnes
3216 1384 3458 1442 historia:
3481 1389 3659 1457 philo-

2094 1450 2331 1517 sophica:
2358 1465 2613 1513 auctores
2632 1462 2961 1523 edisserunt.
2991 1470 3093 1527 Sed
3123 1483 3175 1527 et
3204 1478 3382 1532 verbis
3408 1480 3529 1536 aliis
3558 1498 3662 1539 nec

2094 1540 2377 1611 Origenes,
2414 1563 2515 1602 nec
2542 1553 3079 1628 Φιλοσοφουμένων
3112 1577 3303 1620 auctor
3339 1570 3413 1623 uti
3450 1574 3651 1640 potuit.

2094 1633 2137 1687 si
2166 1638 2406 1706 pr0priis
2438 1641 2843 1702 Platonicorum
2878 1655 3083 1719 verbis,
3119 1660 3263 1726 quod
3312 1660 3432 1717 fieri
3471 1666 3656 1734 debet,

2092 1730 2413 1784 sententiam
2444 1733 2684 1791 Platonis
2706 1743 3014 1805 exprimere
3042 1758 3268 1818 uterque
3297 1753 3486 1811 voluit.
3521 1758 3655 1813 Nam

2091 1816 2168 1872 illi
2210 1823 2431 1891 proprie
2461 1836 2515 1879 et
2548 1841 2808 1888 consuete
2839 1834 2969 1909 ὓλην
2995 1816 3251 1899 dicebant
3272 1846 3481 1915 ἄποιον,
3516 1853 3657 1909 unde

2090 1910 2206 1977 ipse
2244 1913 2505 1987 Origenes
2544 1933 2730 1978 monet
2775 1926 2889 2000 ἰδίῳ
2938 1930 3079 2005 λόγῳ
3127 1938 3196 1991 ita
3232 1942 3437 1996 vocari.
3468 1910 3575 1999 'Sic
3598 1954 3656 1999 et

2085 2000 2335 2061 Laertius
2369 2023 2435 2063 ex
2460 2011 2704 2071 Platonis
2735 2000 3171 2093 mente,ut,'69,
3206 2034 3487 2088 materiam
3517 2036 3656 2090 dicit

2086 2091 2495 2165 ἀσχημάτιστον
2548 2106 2641 2158 καὶ
2672 2108 2883 2176 ἄποιον,
2924 2114 2967 2167 si
3004 2114 3313 2189 Menagiana
3344 2130 3653 2185 emendatio

2084 2183 2260 2241 locum
2293 2190 2513 2248 habeat.
2556 2195 2673 2251 Non
2724 2202 2896 2271 major
2965 2183 3214 2266 habenda
3267 2224 3351 2269 est
3381 2219 3516 2273 ratio
3547 2220 3651 2278 loci

2084 2276 2281 2334 ibidem
2321 2288 2606 2353 cxstantis,
2645 2293 2735 2346 ubi
2785 2311 2885 2351 vox
2917 2306 3402 2375 μετενσωμάτωσις
3438 2316 3649 2381 reperi-

2085 2377 2193 2436 tur,
2237 2387 2400 2441 quam
2435 2382 2575 2447 apud
2609 2380 2895 2453 Origenem
2936 2392 3029 2447 lib.
3083 2410 3134 2448 tv
3202 2412 3384 2454 contra
3436 2377 3645 2461 celsum

2080 2459 2263 2515 itidem
2297 2479 2779 2530 occurreremonet
2809 2476 3135 2538 Gronovius.
3170 2484 3302 2539 Nam
3339 2498 3392 2543 et
3425 2491 3514 2545 illa
3540 2509 3645 2550 vox

2082 2551 2328 2623 Origenis
2363 2574 2470 2614 non
2496 2571 2580 2616 est
2612 2568 2850 2635 propria,
2901 2585 3024 2627 eum
3054 2585 3109 2628 et
3148 2576 3261 2645 ipse
3291 2577 3446 2635 Plato
3476 2583 3570 2637 lib.
3608 2601 3643 2639 x

2082 2642 2159 2697 De
2193 2645 2391 2716 legibus
2436 2655 2619 2708 eadem
2675 2666 2880 2727 utatur,
2928 2668 3025 2718 sed
3071 2642 3404 2738 Epiphanius
3429 2689 3643 2746 quoque

2074 2738 2322 2794 eamdem
2356 2756 2581 2814 usurpet
2613 2747 2709 2803 lib.
2741 2766 2756 2804 ι
2784 2749 2938 2821 Pam,
2954 2753 3043 2810 Pr.
3068 2759 3122 2823 5,
3157 2770 3213 2813 ut
3246 2738 3474 2820 similem
3501 2768 3643 2824 Stoi-

2075 2843 2264 2885 eorum
2318 2835 2629 2903 opinionem
2684 2846 2981 2911 exprimat.
3032 2851 3142 2906 lmo
3188 2857 3300 2909 haec
3354 2873 3457 2912 vox
3509 2863 3640 2918 adeo

2075 2930 2201 2988 apta
2227 2932 2282 2977 et
2314 2924 2445 2979 huic
2491 2942 2816 2997 argumento
2862 2940 3194 2996 conveniens
3237 2945 3346 2999 visa
3392 2949 3639 3006 estllcr-

2074 3013 2239 3081 mima,
2296 3028 2354 3072 ut
2382 3035 2523 3076 novo
2558 3026 2809 3094 exemplo
2866 3030 3084 3085 verbum
3125 3035 3458 3108 ὲνσωματεῖν
3515 3045 3637 3099 inde

1999 3144 2044 3204 Ε
2076 3101 2315 3160 for-mare
2347 3124 2453 3163 nou
2488 3111 2653 3167 fuerit
2687 3118 2891 3193 veritus
2918 3121 3224 3197 διασυρμῷ,
3260 3101 3365 3199 ξι,
3407 3133 3494 3187 ubi
3525 3136 3633 3190 ait:

2075 3194 2137 3246 Ol
2169 3193 2227 3249 δὲ
2259 3198 2379 3269 τρὶς
2412 3201 2815 3272 ὲνσωματοῦσιν
2844 3193 3202 3294 (scilicet-rip
3226 3193 3433 3294 ψιιχῆν)
3454 3241 3469 3256 ο
3503 3228 3553 3281 οι
3580 3228 3636 3280 δὲ

2070 3284 2382 3354 τρισχιλίων
2409 3289 2543 3344 ἐτῶν
2569 3294 2848 3365 περιόδους
2878 3300 3014 3372 αὐτῇ
3059 3284 3366 3375 ὁρίζουσιν,¹
3386 3284 3491 3369 etc.
3522 3316 3637 3371 Prte

2074 3378 2288 3432 caneris
2342 3381 2441 3434 niti
2501 3384 2711 3440 videtur
2766 3389 3077 3449 Gronovms
3108 3396 3225 3453 loco
3261 3401 3310 3454 in
3344 3404 3634 3463 Aristotele

2073 3476 2341 3538 exstante,
2387 3474 2475 3529 ubi
2530 3480 2750 3534 verbum
2795 3485 3162 3559 ἐπιδιαμένειν
3194 3498 3453 3563 occurrit,
3488 3501 3631 3567 quod

2073 3570 2296 3624 prorsus
2329 3562 2578 3634 Origenis
2634 3584 2756 3625 esse
2807 3577 3043 3644 probare
3092 3594 3321 3638 conatur
3360 3589 3535 3643 tribus
3564 3605 3629 3643 ex

2073 3647 2230 3705 libris
2261 3654 2376 3723 ejus
2408 3670 2599 3714 contra
2635 3662 2854 3719 Celsum
2886 3668 3038 3737 locis,
3073 3674 3271 3742 quibus
3303 3677 3504 3734 addere
3536 3697 3631 3750 po-

2074 3736 2265 3793 tuisset
2295 3741 2462 3799 alium
2496 3748 2641 3802 hunc
2670 3768 2736 3805 ex
2778 3736 3104 3820 ejusdemin
3138 3765 3447 3822 Matthaeum
3470 3736 3628 3823 Cdm-

2070 3830 2339 3884 mentario
2368 3850 2381 3887 :
2417 3837 2478 3889 Οί
2504 3839 2841 3898 Σαδδουκαῖοι
2869 3848 3049 3917 μέντοι
3082 3852 3329 3922 λέγοντες
3383 3859 3455 3928 μὴ
3491 3855 3626 3912 εἶναι

2067 3917 2360 3976 ἀνάστασιν
2390 3928 2590 3998 σαρκὸς
2618 3932 2860 4002 ἠθέτουν,
2889 3939 3021 3995 ἀλλὰ
3048 3917 3478 4012 καὶνπολυτείιῶς
3503 3952 3627 4022 ἀνῄ-

2066 4026 2193 4079 ρουν
2229 4013 2325 4084 τὴν
2351 4017 2449 4088 τῆς
2492 4019 2667 4093 ψυχῆς
2704 4028 2762 4078 οὐ
2817 4031 2976 4097 μόνον
3019 4035 3338 4104 ἀθανασίαν,
3365 4040 3501 4094 ἀλλὰ
3535 4013 3629 4097 κᾶι

2065 4102 2419 4180 ὲπιδιαμονὴν
2450 4151 2465 4177 ,
2520 4115 2750 4185 οἰόμενοι
2793 4123 3056 4194 μηδαμῶς
3098 4130 3154 4182 ὲν
3195 4102 3628 4199 τοῖς-Μωῦσέως

2064 4197 2353 4269 γράμμασι
2410 4210 2770 4277 σημαίνεσθαι
2818 4216 2915 4287 τὴν
2942 4221 3038 4290 τῆς
3066 4222 3241 4293 ψυχῆς
3278 4227 3414 4295 μετὰ
3454 4197 3625 4282 ταῦτα

2065 4287 2231 4361 ζωήν.
2264 4295 2330 4349 At
2358 4298 2473 4353 btec
2510 4316 2611 4353 non
2643 4305 2861 4360 obstant
2900 4287 3188 4379 quominus
3218 4316 3363 4372 idem
3397 4320 3622 4374 verbum

2062 4382 2130 4434 ab
2179 4384 2299 4439 aliis
2350 4404 2673 4458 usurpatum
2727 4398 2895 4454 fuisse
2949 4412 3034 4456 aut
3083 4410 3335 4476 usurpari
3385 4412 3628 4476 potuisse

391 4486 494 4524 non
522 4477 810 4543 respondet
839 4479 1166 4545 ἀσυστάτοις
1202 4482 1454 4554 δόγμασι.
1493 4486 1691 4543 Deinde
1719 4489 1959 4544 ἀσύστα-

2075 4484 2389 4536 statuamus.
2419 4483 2560 4548 Quid
2592 4488 2736 4540 enim
2769 4489 2861 4544 ﬁet
2916 4495 2980 4548 de
3025 4495 3240 4553 Laertio
3267 4542 3282 4567 ,
3315 4516 3389 4555 vn
3415 4545 3430 4569 ,
3480 4502 3582 4556 157
3606 4545 3622 4568 ,

386 4577 476 4615 τον
506 4566 739 4636 πρᾶγμα
771 4569 902 4623 dixit
951 4574 1169 4640 quidem
1200 4591 1360 4629 verus
1390 4578 1674 4647 Origenes,
1707 4594 1782 4657 _at
1813 4584 1953 4637 idem

388 4652 542 4707 alteri
570 4657 752 4710 dicere
784 4659 952 4714 licuit.
982 4664 1082 4717 Ubi
1108 4666 1250 4718 enim
1280 4667 1345 4719 de
1370 4669 1651 4735 gentilium
1685 4671 1955 4742 dogmatis

388 4745 592 4813 agitur,
622 4762 683 4801 ea
721 4763 823 4803 vox
865 4761 951 4805 est
985 4753 1058 4804 ita
1112 4753 1271 4824 hujus
1300 4759 1605 4826 argumenti
1634 4763 1872 4831 prepria,
1903 4775 1955 4817 et

387 4836 754 4903 scriptoribus
790 4842 1182 4899 ecclesiasticis
1229 4846 1363 4900 adeo
1396 4847 1683 4905 familiaris
1706 4894 1721 4917 ,
1757 4863 1813 4907 ut
1856 4871 1954 4910 nec

384 4926 698 4983 Lactantius
723 4931 815 4986 lib.
850 4934 1100 4991 IttDt‘vin.
1149 4939 1377 4992 institut.
1409 4956 1526 4993 eam
1559 4941 1751 4997 Latine
1776 4948 1953 5015 expri-

309 5018 317 5029 '
387 5034 537 5071 mere
567 5022 772 5077 veritus
802 5026 894 5090 sit,
923 5027 1048 5080 dum
1088 5039 1378 5097 asystatum
1404 5032 1541 5085 dixit
1565 5048 1949 5103 argumentum.

386 5107 531 5163 Idem
567 5111 1132 5187 ferendumjudicium
1165 5120 1231 5175 de
1253 5123 1420 5176 verbo
1448 5123 1777 5191 ἐκτίθεσθαι,
1811 5130 1952 5195 (ιιιοὰ

386 5218 450 5254 ex
486 5201 593 5256 alio
630 5203 880 5272 Origenis
910 5206 1027 5261 loco
1055 5208 1213 5263 aﬂ'ert
1267 5209 1593 5266 Gronovius.
1642 5214 1771 5267 Illud
1803 5216 1947 5268 enim

385 5292 637 5361 Origenis
675 5294 812 5348 adeo
842 5312 945 5350 non
990 5310 1071 5354 est
1095 5302 1399 5372 proprium,
1431 5312 1488 5354 ιιι
1513 5303 1580 5357 de
1609 5305 1951 5373 expositione

385 5388 697 5457 degtuatum
729 5390 1049 5462 plerumque
1074 5411 1179 5447 non
1219 5407 1530 5463 usurpetur.
1561 5399 1806 5455 Laertius
1836 5418 1942 5456 non

386 5477 558 5532 solum
584 5481 637 5533 in
668 5480 1006 5549 Parmeuide,
1038 5487 1130 5539 sed
1159 5497 1212 5541 et
1237 5488 1359 5541 aliis
1389 5488 1439 5541 in
1468 5490 1599 5546 locis
1628 5494 1821 5561 sacpius
1851 5494 1950 5550 hac

390 5565 563 5621 utitur
585 5585 739 5635 voce,
774 5582 834 5624 ut
861 5573 1260 5645 aliostaccam,
1283 5595 1514 5646 quorum
1546 5583 1646 5638 loci
1681 5600 1710 5637 a
1744 5585 1950 5641 lexico-

386 5658 601 5724 graphis
625 5662 835 5718 collecti
863 5678 1007 5732 sunt,
1036 5669 1176 5724 inter
1199 5685 1332 5739 quos
1355 5671 1579 5729 Budaeus
1605 5675 1702 5729 tria
1725 5678 1948 5764 omnino

392 5745 648 5807 eiustino
675 5763 909 5826 martyre
937 5754 1186 5831 exempla
1226 5762 1402 5828 aﬂ'ert,
1440 5766 1529 5821 ubi
1585 5770 1805 5826 verbum
1845 5758 1948 5825 hoc

2064 4563 2156 4628 qui
2188 4564 2371 4621 itidem
2407 4570 2507 4626 hac
2540 4588 2671 4629 voce
2704 4592 2832 4633 usus
2858 4592 2965 4649 est,
3001 4602 3124 4639 cum
3157 4595 3401 4647 eamdem
3434 4591 3627 4647 Clean-

2063 4654 2171 4708 tbis
2200 4665 2524 4717 sententiam
2556 4681 2677 4721 esse
2705 4684 2946 4728 moneret
2979 4678 3063 4731 bis
3094 4682 3277 4736 verbis
3302 4701 3313 4735 :
3342 4684 3622 4754 Κλεάνθης

2063 4744 2163 4814 μὲν
2196 4746 2287 4803 οὖν
2320 4754 2500 4819 πάσας
2531 4758 2892 4832 ἐπιδιαμένειν
2928 4767 3085 4845 μέχρι
3112 4771 3209 4839 τῆς
3237 4744 3619 4846 ἐκπυρώσεως.

2062 4838 2201 4905 Quid
2255 4846 2321 4899 de
2365 4848 2435 4903 Μ.
2469 4852 2777 4922 Antonino,
2822 4862 2909 4925 qui
2954 4838 3223 4918 inflibris
3270 4838 3623 4932 εὶς-’ἐαυτόα

2058 4930 2153 4985 lib.
2187 4950 2258 5002 tv,
2298 4938 2324 5009 ᾗ
2360 4941 2448 5004 21,
2481 4959 2585 4998 ιιοιι
2619 4948 2791 5001 solum
2823 4952 2989 5006 verbo
3020 4953 3262 5023 διαμένει
3304 4930 3370 5013 de
3399 4962 3617 5027 animis,

2056 5026 2151 5080 sed
2197 5031 2358 5084 etiam
2396 5050 2528 5089 voce
2579 5039 2903 5112 ἐπιδιαμονή
2937 5046 3153 5098 utitur?
3205 5048 3314 5101 lmo
3352 5050 3618 5107 innumeri

2056 5119 2148 5171 alii
2182 5122 2246 5175 de
2273 5128 2461 5179 eodem
2495 5143 2814 5199 argumento
2838 5138 2920 5189 vel
2948 5154 3069 5189 cum
3096 5137 3363 5197 Numenio
3392 5145 3619 5200 verbum

2056 5211 2426 5284 ἐπιδιαμένειν
2445 5258 2459 5282 ,
2488 5221 2571 5274 vel
2604 5237 2723 5275 cum
2757 5225 2953 5282 Tzetze
2988 5229 3322 5299 παραμένειν
3342 5273 3356 5297 ,
3382 5235 3463 5288 vel
3494 5251 3619 5290 cum

2057 5302 2312 5374 Dionysio
2326 5308 2732 5367 Halicarnasseo
2752 5315 2967 5384 lib.vm,
2985 5320 3315 5390 ὲνδιαμένειν
3333 5326 3617 5386 adhibent.

2052 5393 2239 5463 Neque
2265 5400 2415 5453 aliter
2441 5403 2660 5457 omnino
2690 5418 2938 5472 possunt,
2971 5426 3092 5464 cum
3122 5422 3233 5467 tres
3261 5419 3529 5484 prazcipue
3550 5418 3620 5473 de

2055 5488 2251 5542 anima:
2285 5501 2425 5546 statu
2458 5503 2582 5562 post
2616 5508 2841 5551 mortem
2878 5500 3082 5556 fuerint
3118 5517 3361 5560 veterum
3403 5510 3615 5579 Opinio-

2054 5595 2178 5645 nes,
2211 5597 2434 5651 quorum
2468 5587 2558 5640 alii
2598 5602 2717 5641 eam
2767 5588 3132 5649 immortalem
3183 5612 3484 5667 negarunt,
3526 5603 3617 5659 alii

2056 5674 2421 5745 alIirmarunt,
2455 5681 2544 5733 alii
2581 5681 2751 5735 media
2801 5682 3114 5740 incedentes
3143 5688 3227 5740 via
3255 5701 3463 5746 certum
3498 5705 3615 5748 tan-

2055 5775 2171 5821 tum
2205 5769 2252 5823 ei
2282 5758 2607 5827 definierunt.
2642 5785 2870 5847 tempus,
2926 5792 3031 5846 quo
3083 5781 3294 5845 corpori
3340 5794 3482 5840 esset
3527 5801 3615 5841 su-
