3952 6144
357 244 426 298 55
1759 244 2137 300 ΡΒᾹΞῈΑΤΙΟ.
3512 243 3578 295 ὖιδ

360 367 586 427 perstcs.
626 356 903 414 Postrema
935 360 1202 415 sententia
1233 358 1433 415 Stoicis
1469 361 1520 415 in
1553 361 1744 430 primis
1791 361 1911 430 pla-
1944 367 1991 422 Α
2021 361 2144 415 nius
2173 371 2227 414 et
2260 359 2455 414 librum
2488 356 2769 426 scripserit
2821 358 2887 415 de
2919 359 3217 415 haeresibus
3246 401 3261 425 ,
3300 362 3422 416 inde
3457 378 3564 419 non

358 451 488 513 cuit,
521 450 587 505 de
616 450 815 519 quibus
847 451 1096 506 videatur
1118 451 1418 507 Gatakerus
1464 454 1529 506 ad
1580 454 1914 509 Antoninum

356 544 478 598 loco
508 557 670 609 supra
692 543 878 605 citato,
907 554 962 598 et
989 541 1268 613 Menagius
1295 543 1416 599 loco
1447 544 1575 597 item
1609 560 1770 612 supra
1801 543 1919 597 lau-

354 634 507 689 dato.
538 632 677 688 llinc
710 633 869 688 modo
900 634 1100 688 laudati
1133 647 1340 689 veteres
1366 636 1686 703 scriptores.
1715 645 1772 689 et
1805 636 1919 703 ipse

354 738 572 793 quoque
599 722 886 792 Origenes,
913 724 1141 779 sollicite
1168 725 1467 780 ἀθανασίαν
1499 727 1566 780 ab
1598 726 1915 797 ὲπιδιαμονῇ

352 813 536 885 ψυχῆς
559 815 919 885 distinguunt.
950 816 1120 883 Quam
1162 818 1360 872 ibidem
1391 817 1696 873 Gronovius
1721 821 1776 871 in
1826 833 1915 872 se-

354 904 650 975 quentibus
678 907 858 960 verbis
889 921 1011 960 cum
1053 907 1160 961 alio
1189 906 1437 979 Origenis
1465 908 1585 964 loco
1608 906 1817 966 collatis
1845 908 1918 961 si-

364 997 722 1053 militudinem
746 1012 1022 1069 agnoscat,
1039 1003 1380 1072 perspicuum
1401 1018 1504 1057 non
1526 1014 1632 1069 est,
1655 1003 1755 1057 nisi
1781 1002 1917 1057 forte

358 1104 481 1144 eam
512 1099 685 1159 putet,
718 1106 837 1160 quae
864 1107 931 1146 ex
966 1092 1246 1148 relationis
1279 1095 1652 1150 convenientia
1682 1102 1913 1150 constat.

358 1177 493 1233 Eam
533 1194 661 1234 vero
689 1192 744 1234 et
772 1180 827 1234 in
860 1181 983 1237 aliis
1015 1183 1376 1252 scriptoribus
1405 1199 1669 1254 agnoscas
1696 1194 1749 1239 et
1776 1182 1917 1237 forte

355 1269 782 1339 majorem,cum
813 1272 863 1325 in
891 1273 955 1327 iis
986 1272 1148 1327 verba
1171 1275 1547 1340 observentur,
1578 1290 1698 1344 qua:
1730 1276 1797 1329 ad
1821 1278 1917 1329 Φι-

355 1360 833 1428 λοσοφουμένων
881 1364 1117 1417 auctoris
1156 1379 1460 1419 sermonem
1494 1367 1715 1436 propius
1759 1381 1917 1421 acce-

361 1447 519 1502 dunt.
574 1449 709 1505 Vide
760 1450 941 1505 Laert.
976 1468 1029 1516 v,
1076 1454 1167 1520 55,
1206 1465 1260 1509 et
1305 1456 1648 1510 Ammonium
1684 1456 1739 1511 in
1796 1456 1917 1512 Vita

355 1538 683 1595 Aristotelis.
741 1542 854 1599 Nec
899 1548 1069 1616 magis
1113 1564 1143 1601 a
1178 1547 1449 1603 Gronovio
1479 1548 1610 1603 facit
1653 1548 1801 1603 locus
1850 1550 1915 1604 de

356 1628 581 1695 Stoicis,
611 1633 701 1702 qui
733 1635 827 1706 eos
853 1634 1017 1689 Deum
1046 1652 1243 1705 corpus
1273 1638 1473 1690 dixisse
1498 1647 1756 1690 testatur:
1790 1652 1912 1691 nam

2019 450 2234 504 inanem
2261 448 2590 504 existimavit
2610 446 2835 501 Huetius
2860 449 2996 503 sumi
3022 464 3177 517 posse
3201 451 3570 520 conjecturam

2018 540 2122 596 hoc
2145 556 2280 610 opus
2311 542 2375 595 ad
2410 542 2582 609 ipsum
2605 557 2724 597 esse
2755 540 3112 595 referendum.
3148 540 3255 595 Sed
3294 557 3563 610 quaenam,

2019 616 2195 703 inquit
2218 633 2463 696 Wolﬁus,
2493 635 2608 690 ha-c
2649 633 3047 690 consecutionis
3095 633 3232 686 ratio
3276 644 3397 687 est:
3437 632 3571 703 Epi-

2016 724 2249 793 phanius
2306 724 2406 778 l'uit
2458 726 2779 794 episcOpus.
2820 733 2874 779 et
2923 722 3120 777 librum
3178 723 3247 776 de
3279 722 3573 777 haeresibus

2017 813 2284 882 scripsit:
2320 829 2450 884 ergo
2514 814 2673 881 hujus
2726 814 2889 868 libelli
2935 823 3129 867 auctor
3179 813 3438 867 dicendus
3463 814 3566 867 est!

2018 901 2182 968 Quasi
2220 919 2348 959 vero
2379 906 2539 959 etiam
2570 907 2636 960 de
2668 905 2788 958 aliis
2825 914 3113 973 utrumque
3164 904 3267 959 dici
3316 915 3569 973 nequeat,

2017 994 2270 1049 etfuisse
2317 998 2640 1064 episcopos,
2696 1004 2750 1048 et
2797 996 2863 1049 de
2910 995 3213 1049 lneresibus
3265 994 3569 1063 scripsisse.

2023 1086 2201 1151 ulmo,
2242 1086 2418 1155 pergit
2458 1084 2709 1149 Wolﬁus,
2761 1084 2931 1153 ipsum
2985 1085 3115 1137 illud
3161 1087 3226 1137 de
3270 1085 3572 1139 haeresibus

2017 1190 2171 1246 opus,
2208 1177 2350 1246 quod
2386 1175 2680 1230 Panarium
2735 1175 3010 1243 inscripsit
3066 1173 3428 1244 Epiphanius,
3467 1192 3571 1229 non

2017 1268 2409 1322 contemnenda
2447 1268 2797 1338 suppeditare
2834 1267 3044 1319 videtur
3075 1275 3410 1334 argumenta,
3454 1282 3572 1334 qua:

2016 1360 2335 1416 lluetianam
2374 1368 2621 1414 evertant
2650 1358 2997 1414 sententiam.
3028 1357 3161 1412 Nam
3192 1358 3244 1410 in
3280 1357 3369 1411 illo
3391 1371 3570 1426 Opere,

2021 1462 2154 1507 tom.
2185 1452 2226 1517 l,
2257 1468 2310 1522 p.
2341 1450 2477 1505 1086
2506 1460 2559 1504 et
2588 1450 2910 1520 seq.,brevis
2956 1449 3190 1504 habetur
3213 1462 3267 1502 et
3289 1448 3571 1518 synoptica

2019 1558 2190 1610 usque
2221 1544 2286 1596 ad
2318 1558 2442 1613 pag.
2504 1541 2636 1596 1091
2678 1555 2944 1596 seetarum
2981 1543 3179 1596 veteris
3224 1542 3573 1612 philosophia:

2016 1634 2279 1694 recensio,
2317 1648 2436 1701 qua:
2463 1626 2643 1686 tamen
2677 1648 2704 1685 τι
2742 1640 3010 1702 praesente
3061 1642 3170 1685 toto
3203 1634 3342 1686 cualo
3369 1632 3569 1699 diﬂ‘ert,

354 1722 489 1777 licet
526 1722 795 1794 Origenes
821 1726 874 1779 in
902 1727 1023 1781 aliis
1068 1729 1274 1783 duobus
1302 1728 1433 1783 locis
1461 1745 1489 1781 a
1522 1728 1795 1784 Gronovio
1832 1729 1916 1782 al-
1948 1724 1988 1778 Β
2018 1738 2138 1776 cum
2169 1732 2222 1776 et
2254 1722 2465 1791 plenior
2497 1737 2557 1775 ea
2588 1723 2679 1788 sit,
2726 1723 2769 1775 si
2809 1737 3087 1775 numerum
3142 1723 3290 1777 ineas
3332 1722 3573 1792 philoso-

353 1814 487 1868 latis
514 1815 684 1869 Deum
720 1817 1021 1872 Stoicorum
1048 1819 1205 1890 σῶμα
1238 1836 1356 1875 esse
1377 1822 1539 1885 dicat,
1563 1823 1915 1891 eamdemque

358 1904 672 1962 Stoicorum
707 1911 1029 1964 sententiam
1062 1912 1219 1965 tertio
1253 1911 1368 1965 loco
1403 1912 1632 1979 innuat,
1688 1927 1797 1966 non
1832 1920 1914 1965 ta-

357 2012 482 2052 men
510 1999 615 2053 hoc
645 1999 794 2055 solus
822 1998 1002 2055 facere
1031 2002 1204 2071 potuit
1244 2002 1526 2071 Origenes,
1551 2019 1671 2057 cum
1702 2002 1914 2057 Stoico-

357 2105 480 2143 rum
519 2090 751 2160 placita,
798 2093 890 2161 qui
945 2093 1087 2148 hanc
1145 2110 1324 2148 rerum
1376 2095 1780 2150 universitatem
1817 2093 1912 2150 Dei

352 2182 577 2233 nomine
611 2180 944 2245 indicabant,
979 2198 1166 2237 omnes
1196 2184 1269 2237 ita
1324 2185 1470 2254 loqui
1497 2185 1767 2256 juberent.
1804 2184 1913 2241 Nec

352 2269 530 2338 reipsa
563 2270 712 2325 solus
738 2269 1000 2341 Origenes
1052 2273 1133 2325 ita.
1157 2272 1367 2328 locutus
1390 2283 1508 2337 est;
1560 2290 1684 2327 nam
1710 2284 1763 2327 et
1793 2272 1913 2328 Cle-

352 2371 512 2413 mens
537 2358 929 2413 Alexandrinus
952 2360 1046 2415 lib.
1074 2376 1089 2414 t
1117 2359 1335 2430 Strom.,
1368 2378 1419 2432 p.
1444 2362 1547 2416 295
1566 2364 1696 2417 edit.
1721 2362 1909 2417 Colon.

351 2446 429 2500 ait
455 2464 469 2501 :
492 2446 657 2517 Σῶμα
675 2448 801 2502 ὄντα
816 2450 903 2504 τὸν
929 2449 1060 2503 Θεὸν
1079 2450 1167 2504 διὰ
1189 2453 1285 2524 τῆς
1310 2454 1636 2524 ἁτιμοτάτης
1658 2453 1789 2525 ὕλης
1819 2472 1915 2508 πε-

349 2543 665 2615 φοιτηκέναι
696 2544 937 2613 λέγουσιν
966 2547 1024 2598 οὐ
1060 2546 1259 2610 καλῶς.
1286 2547 1351 2601 Et
1374 2548 1468 2601 lib.
1496 2565 1526 2602 ν
1552 2567 1565 2603 z
1597 2548 1732 2603 Φασὶ
1757 2547 1915 2618 σῶμα

350 2624 500 2685 εἶναι
528 2632 618 2685 τὸν
658 2630 791 2685 Θεὸν
820 2635 867 2685 οἱ
898 2633 1127 2688 Στωϊκοὶ
1153 2636 1246 2687 καὶ
1294 2635 1508 2706 πνεῦμα
1554 2636 1671 2689 κατ’
1696 2636 1878 2690 οὐσίαν
1897 2677 1912 2701 ,

321 2721 333 2735 ⁸
352 2717 545 2792 ὥσπερ
575 2718 766 2791 ἀμέλει
795 2723 887 2774 καὶ
914 2721 1012 2792 τὴν
1041 2721 1218 2791 ψυχήν
1240 2763 1254 2788 ,
1288 2732 1347 2777 ιιι
1376 2725 1620 2777 omittam
1648 2724 1781 2781 alios
1807 2741 1917 2778 ma-

357 2825 468 2881 gno
492 2825 714 2865 numero
744 2812 810 2865 ab
837 2812 903 2866 iis
938 2812 1187 2880 laudatis,
1216 2814 1305 2883 qui
1332 2814 1639 2869 Stoicorum
1665 2816 1916 2886 dogmata

352 2900 534 2955 fusius
564 2910 950 2971 exposuerunt.
986 2904 1042 2957 In
1070 2904 1256 2959 ultimo
1285 2904 1516 2976 denique
1539 2906 1656 2963 loco
1695 2908 1759 2963 de
1789 2906 1915 2978 Epi-

358 2992 481 3045 curi
511 2990 615 3046 diis
652 3007 719 3046 ex
749 2993 943 3049 atomis
986 2995 1123 3049 ortis
1150 3036 1165 3061 ,
1208 2997 1294 3051 cui
1345 2998 1577 3053 similem
1614 3014 1679 3053 ex
1731 3000 1910 3065 libro!

349 3091 540 3137 contra
592 3084 797 3138 Celsum
835 3084 1032 3142 allerre
1084 3102 1143 3143 se
1192 3098 1343 3157 putat
1392 3090 1726 3159 Gronovius,
1776 3061 1980 3147 nihilC

348 3175 532 3230 simile
562 3178 857 3247 reperitur,
910 3181 1011 3235 nisi
1043 3182 1185 3250 quod
1220 3183 1360 3238 idem
1397 3184 1462 3239 de
1489 3168 1756 3254 ejusmodi
1784 3187 1913 3242 deo-

350 3279 481 3318 rum
515 3267 729 3335 origine
764 3283 831 3321 ex
867 3268 1085 3339 Epicuri
1135 3281 1314 3326 mente
1344 3272 1605 3329 refertur.
1639 3276 1742 3331 Sed
1776 3292 1913 3348 quo-

352 3356 676 3426 tusquisque
702 3367 805 3425 est,
835 3360 924 3427 qui
953 3374 1056 3413 non
1087 3360 1229 3414 idem
1252 3361 1318 3416 de
1341 3362 1442 3417 diis
1468 3364 1684 3434 Epicuri
1710 3367 1910 3421 dixerit

347 3446 691 3503 senserilve?
727 3450 904 3519 Atque
935 3449 1048 3505 haec
1078 3460 1205 3505 sunt
1232 3463 1548 3523 argumenta
1580 3456 1778 3526 quibus
1816 3457 1903 3511 vir

349 3536 693 3595 clarissimus
722 3539 960 3598 Joannes
982 3543 1402 3614 ChristOphorus
1429 3546 1657 3602 Wolﬁus
1694 3550 1905 3604 erudite

346 3628 603 3685 exsulﬁat
635 3647 823 3689 omnes
858 3635 1190 3711 ratiunculas
1225 3653 1342 3707 qua:
1370 3653 1436 3693 eo
1468 3638 1799 3695 Gronoviutn
1827 3643 1908 3696 vi-

344 3737 471 3776 rum
505 3721 703 3793 alioqui
752 3726 1121 3783 doctissimum
1171 3729 1516 3800 impulerunt,
1565 3742 1623 3786 ut
1655 3734 1911 3786 Φιλοσο-

345 3813 620 3882 ςοούμενα
650 3814 866 3887 Origeni
898 3821 1168 3877 mordicus
1198 3822 1513 3879 ascriberet.

419 3902 553 3959 Post
584 3904 980 3963 Gronovianam
1015 3912 1332 3979 editionem,
1365 3912 1567 3983 prodiit
1614 3911 1907 3983 Hamburgi

349 4009 500 4050 anno
529 3998 667 4053 1706
698 4001 864 4055 altera
893 4002 1308 4062 Graeco-Latina
1330 4022 1459 4061 cura
1484 4002 1538 4062 et
1566 4008 1741 4063 studio
1774 4007 1913 4078 ejus-

352 4084 482 4141 dem
531 4088 695 4143 modo
722 4094 1005 4148 memorati
1039 4093 1245 4161 \Voltii,
1282 4097 1372 4165 qui
1406 4097 1739 4152 doctissimis
1762 4098 1905 4153 notis

351 4184 527 4233 totum
574 4192 707 4249 opus
756 4180 1071 4250 illustravit,
1100 4186 1377 4255 prmmissa
1412 4188 1752 4256 praefatione,
1803 4204 1906 4258 qua

350 4270 591 4326 ostendit
638 4272 763 4327 libri
812 4274 1138 4344 scriptorem
1176 4277 1441 4332 incertum
1495 4294 1636 4344 esse,
1671 4282 1908 4349 adeoque

2014 1815 2245 1884 phorum
2279 1828 2504 1883 quorum
2537 1814 2787 1884 dogmata
2834 1824 3245 1879 commemorat,
3285 1822 3337 1869 et
3371 1815 3569 1883 imper-

2014 1904 2230 1970 fectior,
2273 1906 2317 1960 si
2358 1905 2668 1975 dogmatum
2699 1907 2933 1975 ipsorum
2969 1906 3167 1959 habeas
3199 1905 3479 1958 rationem.
3512 1902 3569 1957 lu

2015 1999 2068 2051 id
2107 1998 2250 2051 enim
2285 2012 2502 2066 operam
2543 1997 2756 2051 dedisse
2810 1999 3078 2066 prmcipue
3113 1997 3325 2049 videtur
3379 2006 3567 2049 auctor

2015 2086 2567 2156 d'txoaoyovyérwr,
2598 2095 2654 2141 ut
2678 2087 2949 2143 variorum
2975 2092 3041 2139 de
3074 2085 3353 2155 principiis
3385 2100 3564 2138 rerum

2015 2178 2315 2234 sententias
2350 2188 2712 2245 enumeraret,
2751 2192 2872 2232 cum
2914 2176 3112 2230 nullius
3161 2175 3214 2229 in
3255 2175 3574 2230 collectione

2013 2265 2388 2337 Epiphaniana
2441 2266 2644 2320 mentio
2676 2268 2790 2331 liat,
2825 2265 2977 2333 cujus
3013 2280 3117 2318 non
3151 2264 3269 2318 aliae
3312 2276 3570 2333 prwterea

2014 2358 2299 2427 opiniones
2326 2365 2730 2417 recenseautur.
2770 2355 2974 2411 Deinde
3028 2373 3134 2410 non
3170 2357 3384 2411 videtur
3432 2357 3569 2411 idem

2014 2451 2245 2505 diversis
2297 2450 2428 2504 locis
2461 2449 2647 2503 eodem
2707 2449 2954 2502 instituto
2998 2450 3173 2516 egisse
3218 2448 3568 2519 Epiphanius,

2014 2557 2135 2597 cum
2158 2542 2276 2596 loco
2319 2541 2535 2595 laudato
2584 2557 2688 2596 non
2718 2540 2889 2595 solum
2916 2540 3122 2609 plenam
3155 2540 3362 2594 dederit
3391 2550 3571 2595 secta-

2016 2647 2134 2685 rum
2170 2630 2593 2698 designationem
2621 2669 2637 2696 ,
2688 2631 2779 2685 sed
2838 2630 3030 2684 deinde
3064 2631 3390 2684 accuratiori
3432 2631 3569 2702 stylo

2017 2722 2353 2793 singulorum
2406 2722 2784 2775 haereticorum
2833 2722 3117 2790 opiniones
3147 2721 3464 2792 plerumque
3503 2740 3569 2778 ex

2017 2814 2461 2888 philosophorum
2486 2812 2694 2868 lacunis
2722 2815 2981 2869 derivarit
3002 2832 3017 2871 :
3042 2816 3184 2885 quod
3214 2817 3453 2871 auctoris
3483 2820 3573 2869 Φι-

2011 2903 2485 2975 λοσοφουμένων
2503 2903 2812 2959 institutum
2835 2908 2994 2961 etiam
3020 2907 3188 2962 fuisse
3207 2923 3270 2963 ex
3297 2909 3411 2977 ejus
3437 2924 3572 2975 prae—

2017 2997 2218 3052 fatione
2244 2997 2307 3055 lit
2332 2995 2701 3051 manifestum.
2737 2996 2847 3051 Nec
2881 2999 3061 3052 obstat
3089 3000 3229 3067 quod
3261 3011 3450 3054 auctor
3481 3003 3572 3054 Φι-

2013 3089 2484 3158 λοσοφουμένων
2525 3088 2840 3159 profiteatur
2893 3105 2951 3143 se
3006 3090 3145 3143 idem
3185 3102 3563 3160 argumentum

2013 3180 2141 3235 alibi
2181 3181 2353 3235 fusius
2387 3190 2731 3251 persecutum
2798 3196 2919 3235 esse
2954 3197 2967 3233 :
3027 3197 3150 3235 nam
3189 3185 3239 3237 vi
3278 3184 3564 3239 verborum

2014 3270 2119 3326 hoc
2178 3269 2585 3339 intelligendum
2642 3281 2725 3325 est
2757 3270 2825 3326 de
2856 3272 3142 3326 haaresium
3173 3274 3565 3340 confutatione,

2012 3379 2043 3418 a
2080 3380 2186 3434 qua
2226 3379 2466 3432 praesens
2500 3364 2754 3418 tractatio
2791 3363 2979 3419 saltem
3016 3366 3068 3419 in
3115 3381 3181 3420 eo
3211 3376 3293 3420 est
3326 3368 3564 3433 diversa,

2015 3459 2158 3527 quod
2191 3458 2303 3513 haec
2355 3455 2518 3511 simul
2550 3458 2845 3512 sententias
2884 3458 3325 3529 philosophorum
3380 3472 3435 3514 ct
3461 3462 3568 3515 ha:-

2013 3548 2301 3601 reticorum
2331 3544 2596 3599 conferat.
2631 3545 2899 3601 Prreterea
2927 3548 3173 3617 pluribus
3204 3551 3255 3603 in
3315 3549 3449 3603 locis
3498 3554 3567 3605 ab

2010 3639 2307 3710 Epiphanio
2344 3640 2597 3693 dissentit
2644 3650 2833 3694 auctor
2865 3640 3414 3709 Φιλοσοφουμένωιν.
3476 3641 3567 3696 Sic

2009 3746 2128 3801 cap.
2170 3732 2237 3787 19
2264 3731 2546 3786 Platonem
2575 3730 2651 3784 ait
2682 3734 2938 3785 mundum
2980 3733 3236 3802 ἀγένητον
3270 3733 3562 3797 statuisse;

2010 3835 2064 3877 at
2091 3823 2422 3893 Epiphanius
2453 3834 2585 3877 tom.
2614 3824 2657 3890 l,
2683 3839 2804 3893 pag.
2836 3824 2993 3890 1088,
3024 3840 3089 3878 ex
3120 3824 3356 3878 Platonis
3386 3834 3565 3878 mente

2010 3913 2183 3983 inquit
2224 3913 2312 3967 τὸν
2368 3914 2573 3986 κόσμον
2604 3919 2829 3986 γενητὸν
2873 3916 2967 3969 καὶ
2996 3914 3231 3989 φθαρτὸν
3279 3916 3561 3987 ὑπάρχειν.

2008 4006 2160 4060 Adde
2194 4005 2286 4060 lib.
2326 4022 2363 4073 ι,
2411 4005 2604 4062 ὴωτρε.
2657 4009 2713 4064 6.
2745 4006 3072 4077 Epiphanius
3104 4008 3284 4078 itaque
3313 4012 3563 4063 Φιλοσο-

2006 4098 2320 4169 φουμένων
2355 4108 2540 4155 auctor
2569 4099 2755 4154 haberi
2799 4101 3006 4168 nequit,
3039 4100 3138 4155 nisi
3195 4103 3426 4169 turpiter
3460 4101 3563 4156 sibi

2007 4189 2112 4259 ipsi
2166 4191 2560 4246 contradixisse
2626 4191 2865 4246 dicatur.
2921 4210 2939 4243 ι
2994 4191 3267 4247 Hactenus
3322 4193 3565 4247 eruditus

2004 4280 2254 4347 Wolﬁus,
2287 4281 2439 4352 cujus
2493 4297 2555 4337 ea
2604 4283 2672 4337 de
2705 4296 2762 4336 re
2809 4283 3132 4336 sententiam
3162 4282 3561 4351 amplectimur,

350 4378 453 4420 nec
476 4362 680 4433 Huetii,
706 4382 805 4421 nec
831 4366 1004 4434 Galei,
1032 4383 1129 4423 nec
1154 4368 1410 4425 Gronovii
1440 4370 1506 4425 de
1526 4386 1590 4425 eo
1612 4372 1906 4426 sententias
1938 4406 1982 4461 ι)
2010 4382 2064 4425 et
2096 4388 2254 4442 quam
2292 4373 2585 4441 publicavit
2634 4374 2791 4441 hujus
2840 4371 3001 4425 libelli
3027 4372 3320 4426 editionem
3358 4371 3470 4428 fere
3511 4374 3562 4427 io

353 4465 451 4510 aut
475 4457 811 4527 conjecturas
842 4460 1013 4515 lirmis
1034 4475 1213 4515 rerum
1236 4464 1565 4531 argumentis
1586 4464 1707 4518 niti.
1743 4463 1907 4519 Suam

354 4558 481 4616 post
511 4564 682 4605 annos
724 4550 934 4620 aliquot
967 4554 1262 4610 editionem
1290 4569 1353 4608 ex
1403 4557 1522 4625 ipso
1545 4558 1908 4627 manuscripto

356 4637 595 4697 Mediceo
612 4643 788 4697 denuo
809 4645 1011 4705 collato,
1028 4653 1081 4700 et
1100 4645 1204 4700 alio
1221 4644 1535 4701 Taurinensi
1557 4650 1781 4717 repetita
1796 4650 1911 4704 vice

354 4734 734 4799 etnendavit,et
748 4735 899 4788 novis
916 4737 1055 4788 notis
1076 4735 1383 4800 illustravit,
1406 4736 1789 4807 subjunxitque
1803 4740 1910 4793 dis-

357 4823 739 4892 ceptationem,
776 4840 880 4894 qua
908 4834 1106 4887 contra
1134 4825 1582 4896 Christophorum
1611 4829 1907 4899 Augustum

357 4910 727 4970 Heumannunt
764 4916 922 4969 docet
967 4914 1250 4985 Didymutn
1284 4915 1706 4971 Alexandrinum
1752 4917 1909 4987 hujus

360 5007 544 5077 scripti
574 5021 848 5065 auctorem
880 5024 987 5063 non
1018 5023 1159 5063 esse.
1184 5007 1433 5064 Palmare
1460 5020 1623 5078 atque
1650 5010 1911 5066 inelucta-

363 5095 467 5151 bile
513 5113 932 5169 argumentum,
986 5117 1094 5171 quo
1125 5116 1224 5155 nec
1265 5100 1549 5171 Origenem
1579 5142 1595 5166 ,
1655 5118 1754 5158 nec
1800 5104 1908 5158 Ae-

361 5189 535 5257 tium,
578 5208 677 5246 nec
731 5193 1015 5263 Didymum
1072 5192 1498 5248 Alexandrinum
1532 5193 1688 5263 hujus
1742 5194 1906 5249 libelli

358 5292 633 5348 parentem
668 5299 784 5340 esse
821 5287 1180 5349 demonstrat,
1216 5286 1341 5339 inde
1380 5285 1557 5355 petit,
1608 5287 1749 5356 quod
1809 5303 1907 5341 au-

360 5381 474 5428 ctor
531 5376 1083 5447 Φιλοσοφουμένων,
1117 5377 1368 5432 editionis
1415 5387 1614 5432 nostra:
1646 5392 1701 5448 p.
1757 5376 1858 5433 876
1889 5419 1904 5446 ,

360 5475 541 5532 aperte
570 5481 628 5520 se
669 5468 979 5538 episc0putn
1012 5484 1136 5524 esse
1162 5468 1406 5523 declarat
1437 5490 1448 5524 :
1499 5483 1601 5538 qua
1646 5468 1907 5537 dignitate

363 5570 456 5612 nec
486 5557 793 5629 Origenem,
830 5575 929 5615 nec
954 5560 1186 5627 Aetium,
1219 5577 1317 5617 nec
1366 5562 1645 5633 Didymum
1677 5562 1904 5631 potitum

361 5663 477 5705 esse
504 5664 732 5709 constat.
771 5653 1067 5726 Episcopus
1098 5663 1276 5708 autem
1317 5671 1438 5711 cum
1477 5653 1641 5711 fuerit
1669 5653 1905 5724 Epipha-

2010 4466 2258 4520 omnibus
2291 4465 2460 4518 secuti
2488 4480 2694 4518 sumus.

2081 4557 2238 4611 Modo
2272 4565 2517 4624 superest
2550 4565 2608 4609 ut
2635 4563 2832 4626 praeter
2892 4555 3135 4612 eruditos
3185 4557 3331 4612 viros
3357 4597 3373 4623 ,
3423 4574 3561 4626 quos

2002 4648 2114 4719 jam
2172 4649 2226 4703 in
2272 4648 2430 4717 hujus
2480 4646 2812 4717 prmfationis
2868 4650 3096 4704 decursu
3143 4651 3562 4704 commemoravi

2010 4752 2269 4815 tanquam
2304 4742 2603 4812 prmcipuos
2630 4742 2931 4796 studiormn
2964 4757 3204 4797 meormn
3237 4742 3477 4799 fautores
3506 4754 3561 4799 et

2009 4834 2308 4904 adjutores,
2343 4832 2479 4887 alios
2535 4834 2754 4903 insuper
2812 4834 2901 4888 hic
2946 4833 3243 4895 honoriﬁce
3277 4835 3564 4904 appellem,

2008 4926 2103 4996 qui
2134 4926 2385 4980 codicum
2417 4927 2909 4995 manuscriptorum
2939 4928 3069 4981 mihi
3118 4942 3215 4997 per
3239 4942 3298 4983 se
3350 4928 3432 4983 vel
3465 4946 3561 4999 per

2011 5017 2148 5070 alios
2173 5017 2384 5085 copiam
2415 5016 2681 5072 fecerunt.
2730 5016 2787 5071 ln
2814 5018 3003 5087 primis
3029 5018 3392 5074 nominandus
3428 5021 3561 5074 mihi

2010 5107 2142 5161 esto
2182 5106 2487 5178 μακαρίτης
2510 5107 2997 5163 excellentissimus
3036 5108 3291 5164 Ecclesia:
3319 5121 3374 5165 et
3420 5112 3562 5166 sacri

2007 5198 2228 5269 Imperii
2290 5202 2540 5269 princeps
2587 5201 2837 5256 dominus
2892 5200 3161 5256 Henricus
3212 5202 3443 5259 Carolus
3491 5206 3563 5259 du

2009 5290 2292 5358 Cambout,
2329 5291 2433 5345 dux
2468 5291 2535 5346 de
2561 5290 2783 5358 Coislin,
2808 5306 2904 5361 par
2929 5290 3169 5348 Francia:
3202 5304 3258 5348 et
3281 5296 3565 5364 episc0pus

2008 5380 2291 5449 Mctcnsis,
2324 5383 2414 5449 qui
2452 5381 2647 5450 insigni
2676 5384 2853 5437 omnis
2893 5386 3109 5453 generis
3163 5386 3565 5452 manuscripto-

2010 5491 2131 5529 rutn
2183 5472 2426 5529 codicum
2513 5472 2882 5543 supellectile,
2937 5490 3097 5543 quam
3149 5475 3262 5545 jam
3308 5490 3337 5527 a
3386 5474 3564 5528 nudtis

2011 5566 2169 5621 annis
2195 5565 2251 5619 in
2299 5572 2484 5619 nostro
2510 5566 2844 5619 monasterio
2869 5565 3209 5632 deposuerat,
3244 5574 3564 5620 testamento

2009 5672 2108 5714 suo
2136 5655 2293 5711 nobis
2316 5654 2513 5724 legata,
2548 5663 2805 5719 mtcrnum
2843 5654 3079 5709 moriens
3128 5670 3237 5710 sua:
3279 5668 3403 5726 erga
3437 5670 3567 5711 con-
