3952 6144
415 200 484 255 35
1202 209 1269 263 ΙΝ
1309 206 1631 264 ORIGENIS
1663 205 2043 261 EPISTOLAS
2081 202 2460 259 ADMONITIO
2502 200 2905 258 GENERALIS.

3599 202 3681 257 50

409 331 783 400 gregationem
830 339 1075 384 nostram
1104 328 1492 384 benevolentiae
1524 329 1717 399 pignus
1747 326 1984 396 reliquit.
2016 333 2061 387 Α
2095 325 2408 395 impendere
2453 333 2665 394 pergat,
2721 322 2854 378 nihil
2905 324 3012 377 mei
3051 324 3353 388 immemor,
3407 322 3679 392 quidquid

411 423 670 479 Laudabo
706 432 763 478 et
819 423 1246 479 illustrissimum
1297 421 1860 489 eruditissimumque,
1916 436 1981 475 ac

411 514 720 569 liberalium
773 517 1015 568 omnium
1068 515 1263 567 artium
1319 522 1610 582 patronum
1662 520 1978 581 perpetuum

413 605 697 660 dominum
772 604 1022 660 abbatem
1088 603 1351 658 Joannem
1426 602 1652 658 Paulum
1727 602 1977 668 Bignou,

411 702 671 753 comitem
720 698 1167 752 consistorianum
1204 736 1221 761 ,
1272 705 1330 749 et
1364 696 1575 766 regium
1623 694 1982 749 bibliotheca-

413 794 552 846 rium
580 832 595 855 ,
648 805 775 860 quo,
809 804 906 859 pro
942 788 1229 858 congenita
1266 787 1368 841 sibi
1420 787 1778 850 humanitate,
1823 786 1980 842 beni-

411 900 515 954 gne
570 884 779 937 favente
805 891 858 936 et
883 890 1161 935 annuente
1205 880 1375 934 libros
1406 880 1624 947 quosvis
1656 879 1837 950 regios
1883 893 1979 935 seu

414 990 571 1028 manu
604 983 859 1028 exaratos
903 988 999 1027 seu
1052 986 1281 1027 excusos
1326 971 1639 1026 consulendi
1677 980 1733 1026 ct
1772 971 1981 1026 exscri-

409 1065 565 1121 bendi
596 1065 932 1134 peramplam
962 1065 1096 1119 tnihi
1144 1078 1362 1133 semper
1405 1062 1853 1133 liberrimamque
1902 1062 1983 1115 fa-

405 1157 665 1212 cultatem
718 1157 972 1212 fecerunt
1022 1155 1263 1224 ejusdem
1318 1155 1661 1210 bibliothecas
1726 1153 1982 1209 custodes

402 1252 503 1305 viri
552 1252 840 1306 clarissimi
873 1259 928 1306 et
973 1250 1271 1305 notissimae
1313 1248 1431 1304 orbi
1483 1248 1746 1303 litterario
1797 1248 1982 1301 crudi-

403 1345 570 1401 tionis
622 1354 784 1414 atque
851 1344 1205 1399 humanitatis
1254 1343 1507 1397 dominus
1569 1342 1636 1396 de
1678 1339 1977 1411 Targnies,

406 1437 668 1494 Sorbona:
712 1439 899 1493 doctor
943 1437 1346 1502 celeberrimus,
1396 1444 1453 1490 et
1479 1433 1731 1489 dominus
1759 1433 1979 1499 Sallier,

402 1531 683 1600 professor
714 1530 911 1599 regius,
941 1538 996 1584 et
1024 1529 1310 1598 utriusque
1360 1527 1668 1582 Academiae
1704 1524 1982 1580 Francicm

405 1630 461 1675 et
510 1620 929 1689 Inscriptionum
978 1619 1160 1673 socius
1212 1616 1621 1672 meritissimus.
1656 1614 1983 1672 Colbertinte

407 1710 773 1777 bibliothecae,
810 1721 1106 1779 antequam
1163 1706 1545 1763 diveuderetur
1596 1715 1651 1762 et
1714 1706 1982 1761 luculenta

406 1803 901 1873 manuscriptorum
952 1803 1068 1872 ejus
1096 1800 1406 1857 accessione
1465 1799 1630 1871 Regia
1683 1800 1980 1864 ditaretur,

2089 421 2215 476 hinc
2242 421 2367 475 inde
2396 419 2462 473 ad
2481 418 2730 489 Origenis
2757 416 3047 471 editionem
3072 425 3256 484 aptum
3306 424 3363 470 et
3411 416 3676 470 idoneum

2089 512 2312 583 reperit,
2369 514 2474 567 hoc
2522 526 2734 567 mecum
2781 512 2867 565 vir
2916 511 3157 580 optimus
3212 508 3673 563 communicavit.

2087 601 2357 667 Quantum
2384 602 2512 656 item
2548 603 2662 665 τοῖς
2693 601 3024 672 μακαρίταις
3058 600 3265 654 Domno
3284 596 3479 652 Carolo
3497 597 3675 667 Petey

2084 695 2162 749 De
2192 693 2576 761 Lhos-tallerie,
2630 692 3069 763 congregationis
3144 700 3345 745 nostra:
3394 690 3672 760 superiori

2085 787 2351 857 generali,
2375 795 2430 841 et
2446 786 2690 855 ejusdem
2711 785 2913 840 seniori
2960 785 3234 840 assistenti
3250 784 3456 838 Domno
3476 780 3673 836 Mauro

2081 881 2298 935 Audren
2348 879 2596 944 debeam,
2632 879 2792 948 digne
2838 878 2972 933 satis
3000 892 3031 931 a
3074 892 3161 931 me
3214 875 3511 946 signiﬁcari
3547 890 3666 929 non

2082 982 2285 1042 potest.
2310 972 2407 1027 Iiie
2430 972 2573 1026 enim
2592 972 2966 1027 studiosorum
2989 971 3232 1025 omnium
3264 969 3671 1024 monachorum

2085 1066 2523 1129 amantissimus,
2553 1074 2609 1119 et
2659 1065 2774 1132 ipse
2818 1064 3060 1118 historia:
3099 1063 3397 1118 Gallicanae
3435 1062 3670 1118 consul-

2085 1158 2355 1224 tissimus,
2377 1164 2648 1226 quotquot
2664 1157 2779 1211 fere
2798 1155 2851 1209 in
2870 1156 3032 1210 variis
3052 1155 3452 1225 provinciarum
3470 1153 3669 1210 Gallia:

2085 1252 2424 1309 bibliothecis
2471 1251 2666 1306 Latine
2710 1260 2928 1305 exstant
2960 1264 3121 1304 manu
3163 1248 3375 1303 exarati
3439 1247 3669 1303 codices

2085 1344 2358 1415 Origenis,
2403 1358 2498 1399 eos
2556 1343 2855 1397 amicorum
2908 1356 3130 1397 suorum
3188 1353 3289 1410 ope
3334 1355 3455 1394 eum
3500 1340 3669 1395 editis

2084 1427 2318 1496 conferri
2342 1437 2597 1504 curavit;
2640 1436 2731 1492 ille
2758 1450 2887 1490 vero
2936 1451 3035 1505 pro
3076 1434 3268 1490 innato
3293 1435 3396 1490 sibi
3423 1434 3664 1505 quodam

2086 1532 2388 1587 incredibili
2444 1529 2936 1600 promovendarum
3006 1529 3148 1597 apud
3193 1542 3293 1582 nos
3351 1528 3661 1582 litterarum

2084 1623 2468 1695 studio(qnod
2519 1623 2572 1677 in
2628 1622 2788 1677 tertio
2834 1621 2953 1691 ejus
3001 1633 3319 1675 successore
3362 1619 3664 1675 reverendo

2084 1716 2369 1771 admodum
2415 1714 2575 1769 Patre
2616 1713 2822 1767 Domno
2875 1710 3082 1767 Joanne
3126 1710 3364 1781 Baptista
3407 1709 3661 1780 Alaydon

2083 1805 2419 1879 renascitur)
2459 1807 2586 1861 dum
2603 1806 2793 1876 ingens
2815 1804 3300 1875 Sangermanensis
3314 1803 3664 1859 bibliotheca:

409 1896 690 1951 thesauros
722 1894 881 1949 nobis
932 1896 1097 1950 etiam
1151 1893 1562 1963 perhumaniter
1594 1892 1803 1961 aperuit
1844 1906 1979 1960 pra:-

2084 1901 2397 1967 asdiﬁcium,
2427 1908 2758 1969 cooperante
2794 1900 2913 1953 viro
2944 1899 3148 1968 optimo
3182 1897 3390 1952 Domno
3420 1896 3658 1949 Bartlto-

404 1990 771 2046 Stantissitnus
822 2003 1008 2043 comes
1088 1985 1155 2041 de
1186 1985 1510 2058 Seignelay,
1564 1982 1789 2054 ejusque
1825 1982 1980 2052 jussu

402 2084 621 2139 codices
648 2098 744 2152 pro
774 2093 903 2135 veto
935 2079 1303 2136 commodavit
1350 2078 1604 2134 dominus
1644 2076 1835 2131 Millet.
1882 2075 1979 2130 Ilic

402 2186 619 2246 quoque
660 2173 953 2229 honoriﬁca
988 2176 1191 2227 mentio
1217 2173 1322 2227 erit
1366 2170 1664 2226 doctissimi
1717 2169 1983 2224 Sorbonte

405 2267 641 2320 doctoris
669 2276 723 2319 et
762 2263 1161 2319 bibliotlteearii
1193 2264 1394 2317 domini
1447 2260 1694 2329 Salmon,
1748 2259 1839 2331 qui
1898 2259 1980 2314 in-

406 2358 617 2427 signem
641 2356 887 2427 Origenis
908 2356 1046 2430 Περὶ
1060 2355 1245 2428 ἀρχῶν
1266 2354 1505 2410 codicem
1524 2356 1978 2423 ntanuscriptutn,

404 2466 514 2522 quo
547 2467 677 2506 usus
705 2460 831 2505 erat
863 2450 1142 2519 Merlinus,
1197 2450 1374 2503 denuo
1405 2447 1796 2503 conferendum
1845 2444 1978 2501 mihi

404 2546 648 2602 ofﬁciose
687 2544 979 2600 admodum
1038 2543 1257 2599 obtulit.
1308 2541 1477 2598 Grato
1542 2542 1748 2611 pariter
1800 2540 1983 2596 animo

406 2639 745 2695 testiﬁcabor
791 2637 1088 2709 singularia
1144 2652 1270 2706 erga
1320 2651 1407 2692 me
1469 2634 1649 2690 ofﬁcia
1700 2635 1984 2691 ornatissi-

403 2748 613 2787 morum
644 2733 845 2787 civium
869 2731 1259 2788 Basileensium
1293 2731 1637 2786 dominorum
1672 2728 1900 2796 Battier,
1925 2741 1981 2785 et

404 2825 702 2889 Wetstein,
789 2841 1018 2897 quorum
1081 2827 1229 2895 prior
1290 2825 1656 2882 Basileensem
1731 2825 1974 2881 codicem

401 2916 685 2983 Grzecum,
735 2933 843 2987 quo
898 2931 1023 2973 octo
1069 2918 1318 2987 Origenis
1356 2930 1543 2972 contra
1593 2918 1804 2971 Celsum
1857 2917 1981 2972 libri

403 3009 773 3074 continentur,
827 3011 1240 3065 accuratissime
1292 3025 1412 3065 meo
1455 3020 1620 3080 atque
1677 2996 1981 3066 doctissimi

404 3098 549 3156 Iselii
580 3112 791 3173 -rogatu
824 3118 948 3157 cum
982 3102 1145 3158 editis
1186 3102 1440 3171 contulit,
1495 3112 1552 3157 et
1587 3102 1863 3158 variantes
1903 3104 1983 3160 le-

403 3193 615 3248 ctiones
644 3195 709 3247 ad
732 3210 816 3249 me
845 3195 1175 3261 transmisit;
1197 3194 1335 3249 alter
1364 3210 1521 3257 vero,
1555 3194 1680 3249 dum
1712 3196 1763 3248 in
1792 3196 1981 3267 Anglia

406 3286 875 3354 peregrinabatur,
910 3287 1238 3359 Anglicanos
1267 3303 1456 3341 omnes
1478 3287 1796 3341 eorumdem
1818 3288 1985 3343 libro-

2078 1998 2272 2051 lomteo
2326 1992 2663 2061 Delaprade,
2722 1991 2931 2061 magnis
2961 1990 3265 2061 sumptibus
3316 1988 3658 2053 exstruebat,

2085 2088 2249 2143 nullis
2293 2086 2512 2141 interim
2565 2088 2826 2153 parcebat
2866 2085 3154 2153 expensis,
3205 2092 3267 2137 ut
3323 2080 3584 2152 quidquid
3626 2096 3662 2135 ο

2082 2179 2251 2234 variis
2279 2177 2510 2247 Europae
2535 2175 2880 2231 bibliothecis
2905 2175 3314 2245 expetebamus,
3343 2175 3395 2228 id
3425 2182 3661 2243 quanto-

2082 2274 2201 2327 cius
2236 2271 2662 2333 cxscriberetur,
2697 2279 2752 2323 et
2786 2271 2852 2324 ad
2894 2284 2993 2323 nos
3020 2269 3323 2323 deferretur
3361 2279 3372 2315 :
3401 2266 3660 2321 mandato

2082 2367 2199 2436 ejus
2247 2365 2387 2421 haud
2412 2374 2631 2434 gravate
2667 2364 2852 2418 nonne
2914 2360 3411 2431 obtemperantibus
3449 2360 3660 2415 Damno

2083 2459 2332 2529 Philippo
2378 2456 2606 2522 llaftier,
2663 2454 3097 2525 congregationis
3156 2462 3357 2507 nostrae
3411 2451 3463 2506 in
3500 2452 3657 2506 curia

2083 2553 2333 2608 Romana
2381 2562 2508 2605 tunc
2544 2558 2900 2622 procuratore
2943 2545 3207 2617 generali,
3244 2544 3452 2600 Domno
3480 2544 3657 2599 Fran-

2081 2648 2226 2703 cisco
2255 2643 2328 2699 Le
2351 2642 2465 2711 Bel,
2494 2643 2610 2712 ejus
2644 2642 2814 2706 socio,
2844 2641 2961 2694 viro
3010 2640 3206 2703 docto;
3242 2653 3340 2691 nec
3370 2652 3475 2691 non
3533 2644 3658 2706 post

2081 2737 2221 2803 illos,
2259 2736 2468 2793 Domno
2497 2735 2694 2791 Carolo
2724 2733 2994 2788 Ludovico
3025 2730 3269 2785 Conrade
3296 2748 3310 2797 ;
3342 2730 3435 2800 qui
3462 2728 3655 2785 eodem

2080 2832 2351 2903 generalis
2387 2832 2441 2884 in
2508 2830 2663 2883 curia
2725 2828 2968 2881 Romana
3012 2824 3381 2894 procuratoris
3438 2822 3687 2881 functus.

2081 2923 2286 2989 ofﬁcio,
2320 2936 2513 2993 magna
2550 2936 2734 2976 rerum
2767 2918 3124 2989 gerendarum
3151 2915 3480 2971 dexteritate
3533 2918 3655 2971 eni-

2086 3017 2208 3070 tuit.
2240 3014 2497 3082 Ingratus
2553 3016 2711 3085 plane
2749 3013 2941 3068 fuerim
2981 3013 3025 3067 si
3065 3011 3246 3066 debita
3291 3024 3505 3080 quoque
3544 3008 3656 3064 sibi

2082 3108 2239 3162 laude
2296 3106 2619 3162 fraudavero
2698 3105 3077 3161 charissimum
3144 3103 3275 3157 mihi
3331 3101 3657 3173 συμμύστην

2083 3201 2346 3254 Domuum
2375 3197 2638 3253 Joannem
2690 3197 2989 3266 Baptistam
3057 3195 3282 3259 Itobart,
3313 3194 3489 3249 virum
3519 3209 3657 3249 can-

2083 3293 2214 3348 dore
2268 3308 2502 3353 morum,
2558 3293 2769 3347 sincera
2834 3293 2886 3345 in
2944 3291 3111 3345 Deum
3157 3291 3393 3359 pietate,
3457 3286 3657 3357 lingua:

406 3394 525 3431 runt
565 3396 793 3434 necnon
850 3379 1074 3434 aliorum
1106 3380 1362 3449 Origenis
1402 3388 1734 3434 tractatuum
1769 3380 1982 3436 codices
2007 3364 2050 3423 (ἶ
2083 3384 2286 3441 Graacze
2315 3385 2457 3439 haud
2484 3385 2688 3455 vulgari
2722 3385 2934 3455 peritia,
2967 3399 3067 3437 nec
3120 3398 3222 3435 ttott
3283 3380 3548 3435 indefesso
3585 3381 3655 3434 ad

407 3473 807 3542 manuscriptos
838 3490 959 3529 cum
983 3474 1201 3529 excusis
1228 3489 1419 3542 magna
1452 3488 1583 3528 cura
1612 3483 1667 3528 et
1695 3473 1797 3527 lide
1825 3490 1974 3529 com-

401 3565 634 3634 paravit,
662 3575 716 3619 et
775 3565 1149 3635 discrepantes
1180 3566 1250 3619 ab
1286 3565 1516 3618 invicem
1561 3565 1824 3619 lectiones
1874 3566 1976 3620 tnei

396 3656 534 3725 juris
550 3656 698 3712 fecit.
720 3658 860 3724 Quid
886 3658 955 3712 de
989 3668 1255 3713 aeternum
1289 3657 1516 3712 colendo
1546 3657 1674 3711 mihi
1720 3657 1978 3726 magistro

400 3749 620 3806 domino
650 3750 925 3804 Bernardo
977 3749 1043 3804 de
1070 3750 1414 3804 Montfaucon
1444 3750 1620 3805 dicam
1640 3789 1655 3813 ,
1687 3750 1829 3818 quod
1857 3748 1975 3817 ejus

402 3855 530 3910 erga
578 3855 663 3895 me
690 3842 902 3896 meritis
935 3842 1091 3911 longe
1117 3856 1221 3896 non
1266 3842 1335 3897 sit
1386 3842 1651 3897 inferius?
1688 3841 1810 3911 Ipse
1866 3858 1973 3895 non

403 3931 575 3985 solum
604 3933 671 3987 ad
705 3934 929 4001 hujusce
973 3934 1232 3989 editionis
1285 3933 1525 3988 laborem
1574 3933 1974 4002 suscipiendum

402 4026 662 4090 incendit,
700 4028 794 4081 sed
820 4036 1020 4081 etcum
1064 4027 1141 4081 rei
1187 4025 1582 4080 ecclesiastica:
1613 4033 1667 4079 et
1696 4023 1976 4078 litterariae

400 4117 679 4186 praeclaris
730 4118 987 4188 operibus
1037 4127 1092 4171 et
1150 4118 1449 4189 priscorum
1506 4122 1974 4170 monumentorum

399 4211 740 4282 evulgalione
767 4211 1167 4281 locupletando:
1199 4227 1259 4267 se
1296 4220 1466 4265 totum
1515 4208 1831 4278 longissimo
1856 4208 1978 4261 vitae

400 4311 573 4379 spatio
608 4306 953 4378 impenderit,
981 4317 1031 4359 et
1065 4303 1083 4375 (
1119 4304 1323 4357 utinam
1373 4302 1439 4355 ad
1487 4301 1686 4356 multos
1720 4299 1919 4353 annos!
1955 4299 1975 4369 )

1598 4408 1767 4416 *-

1164 4411 1357 4419 ————

403 4419 471 4426 ..—.
481 4414 1159 4426 —_—r—————--—-————————————-

481 4418 798 4426 —_—r—_———<

480 4432 727 4441 .____'—-

2082 3479 2294 3534 civilem
2324 3477 2875 3545 Ecclesiasticamqne
2909 3475 3204 3531 Orientalis
3236 3473 3445 3542 imperii
3470 3472 3652 3526 histo-

2082 3571 2224 3627 riam
2251 3571 2663 3642 perdiscendam
2696 3581 2751 3624 et
2790 3569 3163 3624 illustrandam
3218 3566 3396 3620 studio
3425 3577 3655 3635 prorsus

2083 3663 2430 3718 laudabilem.
2480 3661 2597 3731 Ipse
2633 3674 2845 3716 mecum
2886 3675 3101 3714 omnem
3154 3659 3207 3713 in
3258 3660 3361 3712 hac
3417 3655 3655 3710 editione

2083 3756 2394 3809 adornanda
2456 3753 2717 3818 laborem,
2771 3762 3033 3821 quantum
3100 3752 3252 3805 inse
3303 3748 3426 3813 fuit,
3480 3747 3650 3802 alacri

2083 3860 2296 3913 semper
2322 3858 2386 3898 ac
2420 3854 2670 3913 prompto
2694 3842 2877 3896 animo
2930 3842 3160 3911 partitus
3200 3849 3304 3904 est,
3346 3837 3652 3908 prmsert’m

2080 3937 2171 3991 ubi
2221 3935 2518 4004 locupletes
2568 3935 2807 3988 locorum
2861 3934 3157 4002 Scriptura:
3208 3946 3379 3985 sacrae
3444 3930 3651 3985 indices

2078 4026 2439 4092 conﬁciendi,
2513 4025 2890 4095 interpretatio
2958 4023 3149 4078 Latina
3201 4030 3456 4077 accurate
3525 4035 3650 4076 cum

2078 4120 2278 4175 Graecis
2308 4117 2654 4181 conferenda,
2709 4124 2802 4174 ant
2833 4117 3015 4186 operis
3057 4112 3429 4186 typographici
3471 4112 3651 4183 speci-

2079 4214 2225 4266 mina
2250 4211 2565 4282 castiganda
2598 4208 2821 4263 fuerunt
2849 4218 2905 4263 et
2928 4208 3267 4276 corrigenda.

2385 4405 2539 4412 ..μ-

732 4414 1767 4424 _.-_____..___,________7,,,

798 4525 898 4619 ΙΝ
972 4518 1429 4620 ORIGENIS
1478 4514 1991 4617 EPISTOLAS
2054 4510 2590 4611 ADMONITIO
2659 4510 3228 4616 GENERALIS.

471 4783 606 4852 1-2
653 4779 905 4852 Eusebius
938 4777 1030 4852 lib.
1058 4794 1112 4852 vt
1144 4776 1281 4831 Hist.
1306 4774 1529 4852 eccles.,
1555 4772 1756 4852 φιλ-2,
1787 4776 1952 4852 ait};
1979 4772 2237 4845 quidquid
2266 4769 2334 4823 ad
2373 4766 2612 4852 0rigenis
2642 4766 2800 4820 vitam
2835 4765 3087 4852 pertinet,‘
3107 4762 3396 4852 maximam
3417 4768 3639 4852 partem

396 4834 619 4922 ex-ejuls
659 4849 849 4922 litteris
889 4848 1184 4922 collegisse;
1215 4857 1261 4902 et
1300 4834 1546 4922 ejugsdent‘
1575 4834 1699 4897 libri
1729 4834 1845 4922 cap.
1873 4846 1942 4899 ’56
1990 4834 2181 4922 narrat
2207 4858 2260 4894 se
2307 4834 2633 4922 quotcunque
2676 4836 3087 4922 spat'sintmpud
3123 4834 3308 4922 uarios.
3348 4843 3639 4885 asseraatas

399 4902 627 4991 repeiire
655 4902 857 4991 potuit,
880 4902 1098 4991 sgeors‘im
1132 4902 1187 4991 in
1216 4902 1457 4991 proprios
1486 4916 1673 4991 libros,
1703 4932 1767 4968 ne
1794 4902 1997 4991 iterum
2023 4902 2804 4991 4dissipat-entur,‘egessisse;
2853 4904 3012 4985 fuisse
3046 4913 3220 4991 autem
3248 4902 3405 4991 ξιιωῇ
3420 4915 3634 4980 numero

396 4971 797 5060 adhibitam;
826 4971 1043 5042 Librum
1066 4971 1385 5042 collectionis
1404 4986 1562 5055 hujus
1591 4971 1990 5060 quartumcitat
2011 4971 2238 5051 [iu/inus
2266 4983 2322 5035 in
2349 4971 2520 5060 libello
2542 4971 2622 5030 De
2649 4971 3048 5060 .adulteratione
3070 4974 3332 5060 librorum
3350 4971 3637 5060 grige‘tti‘s‘.

398 5043 446 5116 Ε
463 5043 616 5115 lauto
649 5071 819 5113 autem
852 5061 1194 5127 epistolarum
1218 5043 1643 5127 numeropauca:
1672 5043 2348 5127 admodum‘sunt'quarum
2380 5050 2559 5127 aliqua
2589 5049 2658 5100 ad
2696 5061 2787 5098 nos
2827 5046 3070 5127 specialis
3108 5043 3298 5123 notitia
3329 5043 3637 5127 pervenerit.

471 5108 1624 5197 't'L'ﬁeEéiis'éiui’illidat;latissimae
1674 5108 1817 5197 Hist.
1861 5125 1997 5181 eccl.
2026 5108 2360 5197 lib.'vt,cap.
2387 5108 2543 5197 2,'ad
2588 5127 2788 5197 patrem
2834 5108 3131 5197 Leonidam
3168 5114 3225 5197 in
3257 5108 3464 5197 carcere
3509 5108 3636 5197 ﬁdei

401 5184 856 5259 citusa'delentunt
890 5184 1053 5265 mist't',
1083 5184 1285 5265 quaque
1311 5197 1463 5251 illum
1488 5198 1555 5249 ad
1588 5196 1905 5265 martyrium
1936 5184 2379 5265 vehementissime
2405 5184 2798 5250 cohortabatur,
2826 5188 2907 5239 his
2936 5189 3074 5265 inter
3100 5195 3290 5237 cwtera
3322 5184 3639 5265 vet'bis‘estm

397 5249 1108 5351 mansa;massas
1123 5249 1213 5350 et:
1228 5249 1403 5341 ἧμᾶέ
1421 5271 1550 5325 ἄλλο
1567 5290 1619 5327 τι
1657 5249 1826 5338 φρόνή
1836 5282 1931 5339 an;
1954 5282 1968 5296 -

2083 5264 2199 5319 Iave
2231 5279 2294 5316 ne
2343 5271 2525 5314 nostra
2569 5273 2731 5311 causa
2760 5249 3072 5310 sententiam
3126 5264 3359 5306 mutes.»
3414 5249 3637 5317 Reliqua

396 5344 554 5413 hujus
585 5357 763 5395 aurea:
797 5340 1030 5408 epistola:
1051 5340 1278 5413 periere.

466 5393 1004 5468 Iﬂscrovmntembratur
1042 5393 1137 5462 illa
1179 5393 1278 5480 qua
1318 5408 1582 5480 Ambrosii
1624 5408 1867 5480 ardorem
1904 5422 2033 5480 erga
2077 5419 2262 5480 sacras
2306 5402 2512 5480 litteras
2567 5398 2832 5460 describit,
2885 5405 2933 5449 et
2978 5395 3130 5466 cujus
3182 5393 3533 5464 fragmentum
3569 5401 3637 5440 ea:

398 5485 631 5545 (ἔθανεηο
660 5498 782 5551 pag.
805 5480 933 5544 255,
963 5492 1011 5534 et
1042 5472 1210 5534 Suidu
1242 5481 1295 5532 iit
1323 5494 1443 5551 voce
1484 5476 1805 5551 Ὠριγὲνης,
1831 5472 1984 5551 infra
2008 5476 2181 5551 primo
2218 5476 2331 5528 loco
2348 5472 2692 5551 _eahibetttr._
2786 5539 2796 5550 _
3071 5537 3124 5551 ,Δ
3239 5533 3252 5551 ν
3320 5550 3325 5551 γ
3431 5545 3478 5551 Η
3525 5528 3542 5551 ἔ

463 5533 816 5623 effigiata}
843 5533 1006 5604 ea'in
1058 5533 1162 5622 qua
1198 5559 1353 5623 Ateste
1395 5533 1625 5623 Eusebio
1674 5533 1855 5623 tibi,“
1892 5533 2305 5623 'Hisl._eccl.,_c.
2342 5544 2441 5623 19,.
2474 5554 2521 5623 et
2560 5540 2729 5623 §uida
2779 5539 2835 5592 in
2897 5553 3029 5623 noce.
3061 5533 3637 5623 fﬂptréxt‘j-QLSG-“iﬂff

400 5599 867 5690 purgtt—l'tlzitversus
907 5599 1006 5675 eos
1030 5599 1528 5691 q'iti".a.i{{a§n2jiis
1545 5599 1791 5672 studium
1844 5599 2353 5688 erqa‘Grazcanicas
2388 5599 2697 5682 disciplinas
2740 5599 3207 5681 reprehendebant:
3247 5604 3424 5671 Hujus
3453 5599 3635 5666 aliqua

400 5692 660 5756 particula
692 5694 834 5762 infra
869 5694 1096 5749 secundo
1129 5692 1243 5747 loco
1273 5698 1695 5761 repra'ssntatur.
