3952 6144
442 217 509 271 5|
1443 213 1765 269 ORIGENIS
1802 212 2142 268 EPISTOLA
2179 211 2271 264 AD
2307 209 2715 266 AFRICANUM
3726 210 3794 259 Βῆ

443 334 524 386 sic
552 332 791 388 habebat
821 352 833 387 :
869 354 887 386 ι
933 334 1200 391 Precatus
1225 333 1567 389 estAnanias
1600 345 1655 388 et
1684 335 1914 389 Azarias
1970 341 2021 387 et

2133 332 2415 401 ἡμετέροις
2447 329 2802 401 ἀντιγράφοις
2831 327 3223 398 περισσεύοντα
3246 327 3397 398 παρὰ
3422 324 3492 379 τὰ
3523 327 3611 377 ὲν
3650 326 3793 377 tot.

447 422 662 489 Nisaei,
694 436 748 480 et
772 426 1130 481 laudavernnt
1158 428 1464 495 Dominum,
1499 448 1517 481 ι
1555 442 1728 498 usque
1756 428 1823 482 ad
1849 427 2016 481 illud:

450 532 471 566 ι
507 514 824 572 Benedicitc
855 533 1047 574 omnes
1074 518 1313 574 colentes
1345 519 1635 574 Dominum
1674 520 1839 575 Deum
1880 518 2017 573 deum

447 622 591 660 rum.
626 608 866 665 Laudate
895 620 949 664 et
976 610 1305 666 conﬁtemini
1327 652 1341 675 ,
1369 612 1627 680 quoniam
1673 612 1725 664 in
1757 610 2019 667 saeculum

445 698 825 754 misericordia
859 701 994 768 ejus,
1022 709 1075 753 et
1105 700 1156 754 in
1187 702 1448 756 saiculum
1475 702 1819 759 smculorum.
1842 703 1910 757 Et
1936 703 2018 757 ia-

447 798 594 842 ctum
631 801 713 843 est
738 808 860 845 cum
895 795 1113 852 audiret
1142 813 1239 852 rex
1265 799 1389 853 illos
1423 797 1708 851 laudantes
1730 837 1745 862 ,
1782 804 1839 850 et
1871 797 2020 851 vide-

446 890 527 935 ret
549 894 645 938 eos
672 886 928 940 viventes.
962 904 981 939 ι
1024 889 1097 943 At
1141 891 1441 945 secundum
1484 889 1586 945 alia
1631 890 1968 959 exemplaria
2003 906 2016 942 :

449 992 469 1024 ι
508 973 573 1028 Ει
595 975 944 1032 ambulabant
968 980 1020 1032 in
1046 981 1223 1035 medio
1249 980 1500 1046 ﬂammae,
1518 982 1801 1037 laudantes
1826 982 2018 1043 Deum,

441 1074 498 1120 et
536 1067 923 1124 benedicentes
949 1071 1262 1136 Dominum,
1303 1092 1321 1124 ι
1360 1089 1535 1143 usque
1565 1073 1632 1127 ad
1659 1073 1788 1128 illud
1818 1095 1828 1129 :
1866 1091 1885 1124 ι
1920 1074 2020 1128 Be-

442 1157 674 1214 nedicite
692 1174 886 1217 omnes
912 1162 1163 1218 colentes
1195 1162 1482 1219 Dominum
1533 1166 1701 1219 Deum
1750 1166 1971 1219 deorum
1997 1204 2013 1229 ,

437 1248 657 1304 laudate
685 1259 741 1304 et
768 1252 1107 1307 conﬁtemini
1136 1295 1151 1318 ,
1204 1256 1459 1325 quoniam
1504 1259 1556 1309 in
1595 1258 1780 1310 omnia
1818 1255 2017 1310 saecula

436 1338 821 1395 misericordia
851 1342 990 1410 ejus.
1026 1362 1042 1395 ι
1073 1343 1129 1398 1η
1168 1345 1393 1402 Hebraeo
1433 1358 1612 1403 autem
1646 1350 1729 1403 his
1780 1347 1959 1403 verbis
2001 1365 2014 1399 :

442 1448 463 1481 ι
501 1430 569 1485 Ει
601 1440 713 1487 tres
769 1434 843 1488 illi
881 1436 980 1490 viri
1013 1436 1276 1504 Sedrach,
1300 1439 1531 1505 Misach,
1568 1440 1888 1508 Ahdenego,
1924 1454 2019 1493 cc-

438 1521 694 1578 ciderunt
728 1524 780 1578 in
816 1526 1050 1581 medium
1089 1529 1227 1598 ignis
1254 1532 1459 1598 vincti;
1497 1550 1515 1583 ι
1556 1533 2019 1587 connectebantur

438 1613 541 1666 ista
572 1632 587 1668 :
624 1634 644 1668 ι
678 1615 794 1671 Rex
821 1618 1322 1678 Nabuchodonosor
1351 1624 1584 1679 miratus
1613 1635 1719 1692 est,
1750 1635 1803 1679 et
1831 1640 2018 1680 surre-

437 1704 521 1757 xit
544 1704 891 1775 festinanter,
923 1720 978 1765 et
1014 1716 1333 1789 respondit,
1366 1718 1614 1785 dixitque
1660 1717 2015 1785 optimatibus

439 1798 580 1855 suis.
620 1817 640 1851 ι
678 1800 771 1855 Sic
801 1804 946 1857 enim
978 1804 1174 1873 Aquila
1210 1808 1494 1862 liehraicae
1524 1810 1742 1864 lectioni
1770 1811 2017 1865 serviens

440 1890 642 1957 edidit;
668 1907 829 1961 quem
852 1893 1020 1952 Judaei
1052 1895 1392 1967 Scripturam
1423 1901 1720 1955 studiosius
1747 1900 2013 1969 interpre-

440 1986 609 2035 tatum
638 1998 758 2040 esse
796 1987 1050 2054 credunt,
1080 2000 1137 2044 et
1165 2005 1274 2059 quo
1315 1992 1552 2046 maxime
1594 1993 1671 2046 uti
1706 1991 2005 2046 solentﬂe-

437 2070 640 2131 braicte
667 2076 863 2147 lingua:
887 2079 1153 2149 imperiti,
1177 2091 1367 2151 utpote
1388 2084 1601 2139 caeteris
1633 2084 1885 2139 onmibus
1912 2084 2019 2157 14

439 2165 636 2223 melius
668 2182 892 2224 sensum
925 2181 1205 2228 assecuto.
1256 2172 1576 2229 Nostrorum
1616 2185 1798 2228 autem
1832 2191 2020 2230 exem-

438 2256 696 2328 plarium,
720 2274 951 2330 quorum
984 2265 1149 2319 etiam
1179 2281 1338 2321 voces
1361 2267 1588 2336 exposui
1612 2308 1625 2329 ,
1653 2267 1800 2321 aliud
1825 2283 2022 2321 secun-

439 2352 568 2405 dum
602 2350 745 2407 LXX
770 2353 1101 2425 lnterprctes
1126 2370 1245 2412 erat
1270 2400 1285 2423 ,
1312 2359 1459 2412 aliud
1492 2360 1795 2413 secundum
1845 2359 2022 2413 Theo-

440 2443 760 2510 dotionem;
789 2456 846 2500 et
880 2446 1023 2501 sicut
1058 2448 1199 2515 apud
1251 2457 1542 2516 utrumque
1591 2450 1826 2518 positum
1866 2463 2019 2519 repe-

441 2533 689 2589 riebatur
732 2535 864 2591 illud
894 2535 1161 2592 Susanna:
1196 2539 1339 2608 quod
1378 2540 1516 2593 dicis
1557 2539 1873 2609 ﬁgmentum
1913 2555 2020 2593 una

441 2642 566 2682 cum
601 2627 805 2685 ultimis
840 2645 961 2699 qum
986 2630 1194 2685 Danieli
1223 2632 1427 2696 insunt,
1464 2632 1748 2699 partibus;
1778 2632 1849 2684 ita
1884 2645 2019 2700 quo-

441 2730 547 2784 que
574 2717 701 2783 ista,
725 2720 996 2788 versibus,
1024 2730 1080 2774 ut
1105 2721 1421 2790 conjectura
1455 2721 1561 2774 dici
1589 2728 1786 2787 potest,
1817 2720 2017 2774 ducen-

440 2809 509 2864 tis
536 2817 590 2865 et
620 2810 871 2880 amplius.

2144 422 2450 493 Ἑϐραϊκοῖς
2478 421 2580 491 ἔπη
2614 422 2713 474 οὐκ
2746 420 2899 489 ὀλίγα
2923 459 2936 483 ,
2968 416 3041 474 ὢν
3077 419 3219 490 ἀρχὴ
3263 417 3405 471 κατὰ
3454 417 3563 487 μέν
3638 434 3793 468 τινε

2128 518 2235 571 τῶν
2265 518 2576 591 φερομένων
2608 520 2664 570 ὲν
2696 520 2817 580 ταῖς
2842 517 3158 589 ἐκκλησίαις
3173 513 3240 587 ἦν
3270 516 3462 579 οὕτως*
3498 535 3516 568 t
3540 517 3794 587 Προσ‹

2133 612 2366 682 ηύξαντο
2411 611 2693 673 Ἀνανίας,
2733 610 2827 663 καὶ
2865 609 3148 681 Ἀζαρίας,
3194 610 3287 661 καὶ
3316 608 3537 678 Μισαὴλ
3560 648 3587 669 ,
3674 608 3794 661 κειἻ

2130 702 2378 773 ὕμνησαν
2409 702 2498 755 τὸν
2525 702 2749 772 Κύριονο
2782 718 2800 751 ι
2839 700 2942 763 ἓως
2969 698 3082 752 τοῦ·
3128 720 3145 749 ι
3185 699 3470 767 Εὐλογεῖτε
3516 698 3796 759 πάντες

2126 796 2175 846 οἱ
2226 793 2505 863 σεϐόμενοι
2540 792 2746 863 Κύριον
2774 791 2864 843 τὸν
2893 790 3025 842 Θεὸν
3085 790 3191 841 τῶν
3246 788 3404 845 Θεῶν.
3464 788 3796 857 ’Υμνείτε

2126 886 2222 938 καὶ
2256 882 2664 954 ἐξομολογεῖσθε
2685 924 2700 948 ,
2735 884 2813 936 ὅτι
2842 884 2923 945 είς
2951 883 3041 935 τὸν
3074 880 3244 934 αἰῶνα
3273 880 3332 932 τὸ
3360 879 3506 941 ἕλεος
3524 876 3792 941 αὐτοῦ,

2128 978 2222 1031 καὶ
2244 978 2323 1040 εἰς
2355 976 2445 1029 τὸν
2480 975 2653 1029 αἰῶνα
2687 974 2794 1029 τῶν
2840 973 3069 1028 αἰώνων.
3106 972 3217 1025 Καὶ
3264 971 3481 1039 ἐγένετο
3520 972 3597 1022 ἐν
3689 972 3796 1039 τῷ

2127 1067 2357 1123 ἀκοῦσαι
2386 1068 2477 1120 τὸν
2504 1066 2727 1135 βασιλέα
2781 1064 3092 1134 ὑμνούντων
3124 1061 3302 1116 αὐτῶν
3325 1102 3337 1124 ,
3366 1062 3457 1114 καὶ
3493 1059 3789 1131 ἐθεώρει

2128 1160 2323 1221 αὐτοὺς
2356 1158 2586 1222 ζῶντας.
2633 1176 2649 1208 ι
2691 1156 2853 1210 Κατὰ
2872 1156 2927 1208 δὲ
2953 1157 3133 1226 ἔτερα·
3166 1173 3184 1205 t
3214 1156 3321 1207 Καὶ
3352 1152 3790 1223 περιεπάτουν

2128 1251 2185 1301 ὲν
2219 1249 2371 1319 μέσῳ
2403 1249 2504 1317 τῆς
2539 1247 2734 1317 φλογὸς
2762 1245 3057 1317 ὑμνοῦντες
3099 1244 3188 1297 τὸν
3222 1244 3352 1296 Θεὸν
3378 1283 3391 1307 ,
3424 1244 3520 1297 καὶ
3566 1243 3783 1295 εὐλο-

2126 1342 2349 1409 γοῦντες
2397 1342 2489 1394 τὸν
2537 1341 2759 1413 Κύριοψ
2798 1358 2816 1391 ι
2852 1340 2955 1403 ἕως
2981 1337 3091 1392 τοῦ·
3132 1356 3150 1389 ι
3184 1337 3467 1403 Εὑλογεῖτε
3516 1336 3785 1397 πάντες

2125 1440 2173 1491 οἱ
2206 1438 2485 1508 σεϐόμενοι
2514 1436 2604 1489 τὸν
2626 1434 2830 1507 Κύριον
2854 1434 2943 1486 τὸν
2969 1432 3099 1485 Θεὸν
3126 1431 3233 1484 τῶν
3261 1430 3419 1483 θεῶν.
3462 1429 3778 1497 Ὑμνεῖτε

2124 1530 2221 1582 καὶ
2270 1528 2699 1598 ἐξομολογεῖσθε,
2746 1528 2827 1579 ὅτι
2856 1526 2935 1587 εἰς
2983 1524 3188 1586 πάντας
3236 1523 3360 1586 τοὺς
3402 1520 3628 1583 αἰῶνας
3691 1523 3778 1575 ’τὸ

2126 1618 2272 1681 ἔλεος
2289 1618 2509 1672 αὑτοῦ.»
2540 1615 2855 1686 Συνῆπτοδὲ
2887 1617 2944 1667 ὲν
2967 1617 3077 1676 τοῖς
3104 1613 3410 1683 Ἑϐραϊκοῖς
3438 1612 3519 1664 τό·
3562 1628 3584 1660 ι
3624 1611 3773 1662 Καὶ

2125 1712 2175 1762 οἱ
2205 1710 2399 1781 ἄνδρες
2428 1712 2625 1763 ἐκεῖνοι
2656 1710 2705 1761 οι
2732 1708 2880 1779 τρεῖς
2900 1705 3126 1775 Σεδρὰχ,
3153 1703 3356 1774 Μισὰχ,
3394 1701 3771 1770 Ἀϐδενεγὼ,

2125 1801 2319 1854 ἔπεσον
2363 1803 2444 1863 εἰς
2492 1800 2656 1869 μέσον
2701 1799 2794 1851 τοῦ
2838 1799 3008 1868 πυρὸς
3049 1796 3435 1866 πεπεδημένοι·
3483 1815 3502 1847 ο
3542 1794 3611 1847 τό
3658 1811 3767 1847 τε·

2131 1911 2149 1943 ι
2173 1894 2230 1945 '0
2262 1891 2515 1961 βασιλεὺς
2536 1888 3046 1959 όΝαϐουχοδονόσορ
3072 1887 3371 1956 ἐθαύμασε,
3402 1884 3495 1938 καὶ
3515 1885 3766 1955 ἀνέστη

2125 1987 2183 2040 ὲν
2210 1984 2435 2053 σπουδῇ,
2458 1983 2553 2034 καὶ
2575 1980 2867 2053 ἀπεκρίθη,
2892 1980 2987 2033 καὶ
3006 1977 3127 2032 εἷπε
3149 1982 3261 2042 τοῖς
3282 1981 3614 2049 μεγιστᾶσιν
3638 1981 3768 2033 αύ-

2124 2072 2241 2127 τοῦ.
2267 2092 2287 2124 ι
2321 2071 2479 2125 Οὕτω
2506 2070 2616 2141 γὰρ
2652 2070 2883 2132 Ἀκύλας
2914 2069 3025 2138 (24)
3056 2068 3321 2121 δουλεύων
3344 2070 3408 2137 τῇ
3448 2067 3762 2138 Ἐϐραῖκῇ

2126 2166 2268 2231 λέξει
2295 2165 2591 2218 ἐκδέδωκεν
2622 2162 2811 2215 εἰπών’
2846 2162 3255 2233 φιλοτιμότερον
3280 2162 3759 2231 πεπιστευμένος

2130 2257 2280 2329 παρὰ
2335 2256 2609 2319 Ἰουδαίοις
2651 2255 2761 2325 (25)
2810 2254 3216 2325 ὴρμηνευκέναι
3268 2253 3367 2324 τὴν
3396 2253 3663 2324 Γραφὴν·
3703 2248 3757 2321 ᾧ

2132 2349 2364 2418 μάλιστα
2386 2346 2605 2400 εἰώθασι
2648 2348 2696 2399 οἱ
2710 2346 3032 2413 ἀγνοοῦντες
3046 2346 3143 2414 τὴν
3159 2345 3423 2415 Ἐϐραίων
3439 2344 3752 2397 διάλεκτον

2129 2441 2400 2513 χρῆσθαι,
2434 2440 2509 2502 ὼς
2539 2440 2755 2492 πάντων
2780 2437 2981 2509 μᾶλλον
3031 2439 3489 2508 ἐπιτετευγμένῳ.
3541 2438 3633 2491 Τὰ
3683 2438 3750 2489 δὲ

2130 2538 2259 2605 παρ’
2278 2536 2412 2605 ἡμῖν
2451 2532 2780 2603 ἀντίγραφα,
2810 2525 2885 2584 ὧν
2914 2531 3006 2584 καὶ
3035 2531 3134 2593 τὰς
3158 2529 3643 2599 λέξειςὲξεθέμην,
3675 2530 3748 2581 τὸ

2132 2627 2228 2696 μὲν
2256 2621 2323 2695 ἦν
2356 2622 2495 2677 κατὰ
2524 2624 2648 2685 τοὺς
2672 2627 2752 2675 0"
2785 2622 2847 2674 τὸ
2874 2622 2930 2673 δὲ
2973 2622 3160 2693 ἓτερον
3190 2621 3329 2673 κατὰ
3361 2620 3743 2673 Θεοδοτίωνα.’

2127 2719 2222 2774 καὶ
2255 2718 2445 2788 ὥσπερ
2481 2717 2608 2787 παρ’
2640 2716 2969 2787 ἀμφοτέροις
3007 2716 3183 2768 ἔκειτο
3213 2714 3323 2785 (ἓϐι
3355 2716 3415 2767 τὸ
3447 2716 3577 2786 περὶ
3621 2717 3742 2785 τὴν

2130 2810 2437 2871 Σωσᾶνναν,
2470 2807 2546 2869 ὠς
2580 2808 2643 2860 σὺ
2679 2806 2802 2877 φὴς,
2838 2806 3085 2877 πλάσμα,
3118 2807 3211 2859 καὶ
3234 2808 3287 2859 αἱ
3316 2806 3629 2859 τελευταῖαι
3670 2809 3740 2859 ἐν

440 2900 515 2971 τῷ
541 2903 740 2974 Δανιὴλ
761 2907 1056 2975 περικοπαί
1084 2907 1218 2977 (27)·
1247 2908 1387 2962 οὕτω
1408 2911 1501 2962 καὶ
1527 2908 1697 2962 ταῦτα
1729 2910 1785 2962 ὲν
1805 2908 2094 2973 ἐπεσιν,ὼς
2128 2904 2418 2976 στοχασμῷ
2466 2904 2640 2954 εἰπεῖν
2660 2943 2672 2965 ,
2727 2904 3062 2972 τυγχάνοντα
3093 2904 3385 2966 διακοσίοις
3432 2904 3525 2955 καὶ
3555 2902 3738 2973 πρός.

510 2998 567 3052 3.
596 2994 654 3050 In
684 2998 869 3054 multis
898 3015 1117 3070 quoque
1152 3002 1276 3058 aliis
1303 3005 1688 3059 sanctislibris
1714 3007 2022 3060 invenimus
2050 3009 2092 3065 C

441 3087 643 3143 alicubi
673 3088 890 3159 quidem
917 3091 1071 3160 plura
1097 3107 1217 3147 esse
1246 3097 1387 3162 apud
1422 3110 1521 3150 nos
1546 3111 1710 3164 quam
1740 3098 1879 3166 apud
1909 3096 2018 3152 lie-

444 3179 647 3245 brteos,
682 3179 888 3235 alicubi
926 3197 1055 3236 vero
1079 3185 1364 3252 pauciora.
1397 3186 1648 3257 Exempli
1674 3203 1864 3255 causa,
1888 3204 2023 3258 quo-

437 3268 591 3324 niam
616 3284 721 3324 non
757 3273 939 3325 omnia
968 3274 1131 3328 simul
1176 3286 1406 3343 possunt
1454 3280 1881 3346 comprehendi,
1933 3280 2025 3332 ali-

470 3492 481 3505 .
514 3422 628 3505 (ει)
662 3425 825 3505 ρῦτω
852 3427 961 3505 πὰρ
1014 3429 1281 3505 ᾉκύλας.
1317 3432 1551 3505 Consule
1582 3434 1826 3503 ejusdem
1874 3434 2022 3488 Prae-

445 3493 719 3572 liminaria
754 3496 806 3550 in
842 3493 1091 3572 lle'xapltt
1127 3493 1380 3572 tirigettis
1421 3493 1627 3569 capile'
1649 3506 1876 3572 quinto,
1928 3505 2019 3558 tibi

446 3564 513 3643 de
546 3565 828 3643 Aquilae}
864 3564 1346 3643 ejus'editiunihns
1386 3564 1543 3625 docte
1593 3564 1692 3641 pro
1738 3564 1889 3629 more
1922 3590 2021 3629 suo

446 3634 848 3713 tlisserit.__V_ide
882 3634 1081 3694 ibidem
1121 3634 1618 3713 caputseptimnn't
1666 3647 1732 3698 de
1760 3644 2012 3698 Theodo-

446 3704 613 3758 tionis
639 3704 879 3779 editione
906 3724 1070 3779 quam
1112 3704 1273 3779 paulo
1305 3704 1444 3766 infra
1471 3710 1737 3773 Origenes
1774 3730 2017 3768 comme-

445 3782 645 3854 morat.
674 3802 743 3854 τ-
769 3775 923 3841 Quod
954 3778 1094 3832 inira
1112 3775 1386 3848 sequitur,
1420 3783 1809 3854 πεπεδημένον
1838 3785 1897 3837 τό
1926 3802 1985 3837 τε
2006 3801 2020 3814 ο

443 3841 621 3924 6.82.
640 3851 771 3924 εισι,
839 3858 1169 3924 corruptum
1198 3841 1283 3924 est
1309 3869 1323 3917 ;
1354 3841 1585 3924 emendo
1619 3841 2024 3924 ’πεπεδημένον

442 3911 529 3966 τό·
549 3912 684 3967 Τότε
713 3912 922 4000 (pana)
956 3917 985 3969 ὁ
1010 3908 1444 3985 ’Βασιλεύς,’θιο.
1470 3920 1686 3978 Nom.
1835 3908 1867 3925 "

520 4003 633 4084 (25)
654 4003 821 4084 Παρᾴ
849 4004 1182 4084 Ἰουδαίοις..
1213 4008 1380 4064 Recte
1439 4013 1618 4084 codex_
1645 4014 1846 4084 Regius
1880 4012 2030 4084 [cum

447 4072 670 4146 Cant-1;
705 4075 841 4129 male
872 4086 1051 4130 autem
1106 4072 1461 4149 Wetstenius,
1484 4082 1635 4153 παρὰ
1685 4072 1990 4147 ἰὅυδαίόυς.

518 4164 632 4241 (26)
658 4166 805 4241 ῌαιί
827 4167 1201 4241 ἀμφοτέροις-ί
1232 4168 1442 4224 ἔκειτο.
1478 4171 1840 4241 llicronymus
1885 4189 2024 4241 prae-

448 4236 653 4314 fatione
686 4236 1093 4314 itt'BatiiCIetn’:
1131 4240 1483 4314 t_Danielent,
1514 4236 1731 4314 inquit,
1784 4236 2019 4313 prophe-

451 4308 738 4380 tam_justa
769 4310 1124 4378 Septuaginta
1151 4311 1480 4380 lnterpretes
1510 4308 1722 4367 Domini
1768 4308 2017 4369 Salvato-

446 4377 526 4432 ris
554 4377 811 4433 Ecclesia:
842 4377 946 4435 non
975 4377 1181 4448 legunt,
1232 4377 1443 4438 utentes
1474 4384 1866 4438 'l‘heodotionis
1905 4385 2020 4438 edi-

448 4448 601 4501 tione
629 4461 644 4499 :
671 4460 736 4522 et
765 4450 993 4522 hoccur
1015 4451 1297 4514 acciderit,
1329 4455 1531 4509 nescio.
1566 4456 1692 4509 Sive
1719 4456 1865 4509 enim
1892 4455 2018 4522 quia

450 4531 636 4572 sermo
663 4517 1119 4593 Chaldaicuscst,
1162 4532 1217 4575 et
1238 4523 1558 4588 quibusdam
1594 4517 2021 4593 proprietati—bus

452 4602 484 4662 a
515 4596 698 4640 nostro
724 4588 1242 4662 eloquiodiscrcpat
1265 4630 1278 4653 ,
1331 4588 1625 4662 noluerunt
1664 4588 2020 4662 Septuaginta

450 4656 792 4725 lnterpretes
836 4656 1052 4712 easdem
1105 4656 1301 4728 linguae
1340 4661 1515 4714 lineas
1560 4664 1612 4715 in
1668 4656 2023 4716 translatione

454 4741 677 4783 servare
712 4745 725 4800 ς
755 4728 869 4800 sive
902 4730 1001 4800 sub
1032 4729 1249 4800 nomine
1276 4744 1463 4783 eorum
1496 4733 1563 4785 ab
1582 4732 1687 4786 alio
1712 4734 1894 4787 nescio
1915 4748 2023 4800 quo

450 4812 568 4853 non
622 4798 756 4868 satis
789 4797 1103 4852 Clzaldscatn
1154 4798 1391 4866 linguam
1422 4805 1653 4868 sciente,
1679 4803 1858 4856 editus
1886 4797 2024 4856 liber

456 4876 575 4930 est;
608 4867 897 4943 sive‘alittd
933 4869 1061 4936 quid
1091 4882 1270 4923 causae
1295 4872 1590 4939 exstiterit,
1619 4867 1894 4943 ignorans,
1924 4876 2025 4926 hoc

457 4952 623 5009 unum
659 4936 938 5009 afﬁrmare
988 4954 1239 5007 possunt,
1284 4944 1428 5009 quod
1475 4936 1700 4997 multum
1731 4958 1760 4995 a
1794 4944 2025 4996 veritate

460 5007 751 5069 discordet,
776 5016 829 5060 et
864 5019 1013 5063 recto
1042 5009 1248 5075 judicio
1284 5007 1599 5078 repudiatus
1637 5014 1728 5068 sit.
1775 5032 1793 5065 ι
1831 5012 2023 5077 Porro,

458 5087 597 5130 teste
616 5078 823 5151 eodem
851 5078 1182 5151 llieronymo
1222 5082 1540 5149 praefatione
1577 5084 1644 5137 ad
1685 5083 2027 5151 explanatio-

456 5160 581 5224 nem
615 5148 667 5199 in
694 5145 969 5224 Danielent
996 5190 1009 5214 ,
1057 5145 1247 5224 iuliae
1277 5152 1470 5206 vitiosa
1513 5145 1898 5224 Septuaginta,
1930 5169 2025 5209 seu

457 5218 594 5270 alius
638 5218 826 5272 nescio
860 5219 1011 5285 cujus
1043 5220 1134 5287 qui
1166 5236 1361 5275 nomen
1399 5218 1601 5277 eortnn'
1634 5218 2021 5288 mentiebatur,

465 5308 723 5373 editione,
756 5309 1035 5373 Susannre,
1065 5311 1204 5366 Belis
1236 5322 1291 5367 et
1320 5313 1568 5367 draconis
1596 5313 1835 5369 historiae
1865 5326 2037 5371 exsta-

463 5376 621 5441 bant,
657 5396 759 5434 nec
809 5397 871 5435 ex
905 5382 1296 5436 Theodotionis
1340 5383 1573 5437 editione
1624 5385 1749 5438 illuc
1792 5386 2036 5442 adductae

462 5450 717 5514 putanda:
760 5460 918 5515 sunt,
967 5452 1259 5521 siquidem,
1308 5461 1367 5506 ut
1406 5452 1603 5507 ibidem
1637 5456 2035 5511 ntonetlliero-

462 5530 695 5592 nymus,_
728 5539 749 5571 ‹
794 5521 1058 5592 Eusebius
1104 5530 1159 5574 ct.
1205 5520 1567 5592 Apollinarius
1608 5525 1719 5592 pari
1767 5527 2034 5583 sententia

465 5590 864 5661 responderunt
895 5591 1175 5661 Susanntc,
1209 5590 1452 5661 Belisque
1488 5609 1548 5645 ac
1591 5590 1837 5649 draconis
1877 5596 2033 5650 fabu-

466 5652 544 5710 las
566 5652 684 5714 non
711 5661 973 5718 contineri
1010 5662 1064 5716 in
1090 5652 1381 5733 llebt'aico,‘
1408 5664 1499 5719 sed
1529 5673 1734 5735 partem
1762 5680 1878 5722 esse
1904 5683 2032 5738 pro-

2198 3020 2251 3070 γ.
2272 3002 2380 3055 Καὶ
2396 3001 2453 3051 ὲν
2478 2998 2657 3062 ἄλλοις
2690 3000 2746 3052 δὲ
2780 3000 2993 3062 πολλοῖς
3033 3001 3206 3067 ἁγίοις
3223 3000 3443 3070 βιϐλίοις
3460 3000 3735 3071 εὕρομεν,

2131 3095 2206 3165 πὴ
2244 3094 2342 3164 μὲν
2370 3092 2588 3145 πλείονα
2606 3092 2733 3163 παρ’
2763 3094 2896 3163 ἡμῖν
2926 3091 3150 3162 κείμενα
3174 3094 3206 3163 ἢ
3234 3094 3366 3163 παρ’
3417 3091 3730 3161 Ἑϐραίοις,

2133 3187 2208 3257 τιὴ
2262 3187 2317 3239 δὲ
2346 3185 2619 3240 λείποντα.
2648 3186 3097 3256 Παραδείγματος
3135 3186 3190 3238 δὲ
3230 3185 3415 3238 ἕνεκεν
3436 3223 3451 3247 ,
3480 3186 3604 3237 ἐπεὶ
3641 3184 3732 3255 μὴ

2134 3279 2309 3331 πάντα
2357 3273 2467 3330 οἶόν
2508 3277 2567 3330 τέ
2612 3278 2726 3329 ἐστι
2759 3276 3074 3348 περιλαϐεῖν
3104 3277 3252 3346 (ὶὸ),
3284 3276 3438 3346 ὀλίγα
3488 3276 3732 3345 ἐκθησό-

2124 3433 2321 3501 phetiae
2348 3433 2607 3487 llabacuc
2642 3432 2734 3486 lilii
2770 3430 2898 3486 Jesn
2939 3433 3003 3485 de
3041 3432 3179 3484 tribu
3205 3431 3333 3484 Levi
3361 3450 3374 3494 ;
3398 3430 3723 3496 sicutjtuta

2130 3504 2482 3573 Septuaginta
2516 3503 2845 3573 Interpretes
2890 3503 2939 3555 in
2976 3503 3132 3555 titulo
3171 3501 3416 3569 ejusdem
3457 3501 3597 3555 Belis
3631 3502 3723 3554 fa-

2130 3574 2269 3627 bula:
2304 3572 2523 3641 punitur
2562 3590 2575 3625 :
2621 3589 2639 3622 ι
2674 3572 2847 3625 llomo
2880 3575 3103 3639 quidam
3137 3582 3257 3624 erat
3297 3573 3579 3641 sacerdos.
3613 3586 3723 3641 no—

2133 3644 2277 3697 tnine
2308 3640 2532 3709 Daniel,
2588 3642 2729 3696 ﬁlius
2780 3644 2967 3705 Abda,
3002 3643 3226 3695 conviva
3290 3644 3432 3709 regis
3483 3640 3721 3709 Babylo-

2136 3714 2217 3764 nis
2255 3730 2269 3766 :
2316 3729 2438 3766 cum
2477 3711 2751 3766 Danielem
2788 3721 2842 3765 et
2876 3723 2985 3765 tres
3035 3726 3229 3780 pueros
3273 3711 3341 3764 de
3391 3713 3530 3763 tribu
3569 3709 3713 3763 Jnda

2134 3781 2321 3847 fuisse,
2351 3790 2538 3837 sancta
2574 3782 2855 3848 Scriptura
2886 3791 3131 3835 tesletur.
3167 3800 3186 3833 ι
3222 3781 3327 3837 Sed
3364 3781 3500 3833 nihil
3533 3780 3714 3834 simile

2137 3852 2187 3904 in
2250 3852 2645 3906 Theodotionis
2695 3851 2935 3905 editione
2990 3863 3153 3904 erat:
3205 3852 3456 3905 exstabat
3492 3864 3619 3919 ergo
3654 3852 3710 3901 in

2136 3920 2278 3974 LXX
2310 3922 2571 3975 editione.
2601 3920 2713 3973 lluc
2737 3922 2874 3976 adde
2909 3923 3052 3987 quod
3086 3921 3267 3989 inepte
3295 3920 3586 3989 admodum
3619 3935 3711 3974 re-

2138 3991 2433 4058 sponderet
2459 3989 2723 4057 Origenes
2755 3992 2894 4059 apud
2928 3990 3071 4043 LXX
3101 4000 3156 4044 et
3184 3988 3341 4057 apud
3375 3988 3706 4043 Theodotiu-

2136 4076 2257 4112 nem
2289 4073 2348 4112 se
2389 4065 2661 4128 reperisse
2695 4060 2979 4123 Susanna},
3010 4060 3151 4113 Belis
3174 4075 3239 4114 ac
3264 4062 3517 4113 draconis
3539 4059 3679 4112 ltiSlo

2138 4134 2268 4193 rias,
2300 4131 2343 4183 si
2382 4127 2646 4199 ejusmodi
2698 4131 2943 4183 historia:
2996 4146 3026 4185 c
3061 4129 3433 4184 'I‘heodotione
3467 4130 3518 4183 iu
3562 4127 3707 4183 LXX

2133 4201 2423 4253 editionem
2477 4200 2843 4269 transierant,
2887 4210 2942 4251 et
3000 4201 3139 4253 idem
3190 4200 3480 4269 utrobique
3532 4210 3706 4253 textus

2128 4282 2268 4333 erat,
2305 4281 2360 4322 ut
2391 4270 2528 4324 falso
2556 4271 2758 4323 asserit
2787 4268 3179 4323 Wetsthenius.
3207 4272 3342 4336 Quis
3386 4268 3563 4323 autem
3595 4270 3699 4323 sibi

2129 4338 2182 4393 in
2244 4340 2486 4392 animum
2524 4340 2747 4393 inducat
2798 4340 2847 4391 id
2894 4340 3183 4408 Origcnent
3218 4342 3465 4409 potuisse
3503 4339 3704 4393 latere?

2128 4409 2401 4462 Praeterea
2432 4420 2622 4462 auctor
2658 4410 2995 4477 interpolata:
3030 4412 3218 4477 lgnatii
3243 4411 3309 4463 ad
3332 4410 3701 4479 Magnesianos

2127 4480 2373 4545 epistola:
2406 4480 2775 4533 dodeccnnem
2812 4479 2979 4532 refert
3019 4482 3190 4534 fuisse
3232 4480 3505 4533 Danieletn
3532 4522 3546 4545 ,
3578 4495 3696 4533 cum

2131 4552 2412 4620 Susannte
2451 4549 2679 4620 historia
2722 4550 2968 4620 contigit
2998 4568 3009 4602 :
3045 4549 3244 4620 Δανιὴλ
3272 4552 3300 4602 ὁ
3340 4549 3501 4617 σοφὸς
3540 4550 3693 4603 δωδε-

2128 4618 2328 4689 καετὴς
2354 4618 2553 4689 γέγονε,
2575 4619 2801 4689 κάτοχος
2840 4619 2916 4687 τῷ
2946 4619 3078 4672 Θεοῦ
3116 4618 3386 4689 πνεύματι
3408 4620 3547 4681 ,’καὶ
3577 4621 3692 4683 τοὺς

2131 4688 2307 4761 μάτην
2340 4690 2440 4761 τὴν
2474 4688 2675 4761 πολιὰν
2704 4688 2976 4761 ,φέροντας
3018 4688 3345 4761 πρεσϐύτας
3371 4690 3693 4761 συκοφάντας

2130 4758 2233 4832 καὶλ
2256 4758 2595 4832 ἐπιθυμητὰς
2632 4758 2907 4829 ἀλλοτρίου
2955 4758 3181 4824 κάλλους
3220 4760 3512 4832 ἀπήλεγξε.
3546 4760 3689 4832 (Dal-

2133 4830 2237 4881 niel
2264 4830 2350 4883 ille
2374 4829 2612 4895 sapiens,
2636 4845 2757 4884 cum
2784 4832 3067 4884 duodecim
3088 4842 3233 4886 esset
3264 4829 3527 4884 annorum
3561 4831 3685 4898 Spi-

2133 4899 2235 4951 ritu
2272 4898 2359 4953 Dei
2384 4898 2598 4953 alllatus
2621 4910 2757 4963 erat,
2776 4909 3004 4955 etsenes
3032 4902 3229 4955 frustra
3258 4916 3423 4954 canos
3449 4899 3688 4967 ferentes,

2132 4969 2559 5040 calumniatores
2588 4980 2642 5023 et
2686 4971 2875 5023 aliena:
2917 4972 3105 5025 for-nuc
3152 4980 3471 5040 appetentes
3508 4970 3682 5023 redar-

2132 5039 2265 5107 guit.
2296 5057 2313 5088 t
2342 5038 2488 5093 Idem
2516 5039 2676 5094 habet
2698 5041 2959 5108 Sulpitius
2980 5038 3481 5095 Severusiﬂistoria
3527 5056 3683 5103 sacra,

2135 5123 2197 5171 ll,
2227 5118 2281 5162 et
2305 5109 2485 5178 versio
2510 5110 2733 5178 Syriaca
2766 5112 2937 5163 altera
2982 5127 3145 5178 quam
3181 5110 3402 5166 exhibet
3440 5109 3681 5164 Valtonus

2137 5186 2267 5249 tom.
2300 5177 2369 5232 ιν
2398 5177 2661 5247 Polyglot.
2701 5182 2861 5249 Atqui
2884 5177 3276 5234 'l‘heodotionis
3308 5182 3478 5235 editio
3514 5182 3685 5235 nullibi

2136 5248 2337 5302 indicat
2389 5250 2659 5304 llauiclcnt
2709 5248 2836 5303 tunc
2876 5251 3161 5305 duodecim
3196 5252 3363 5304 fuisse
3393 5266 3681 5305 annorum:

2136 5318 2250 5389 huic
2279 5334 2410 5389 ergo
2442 5321 2777 5375 dodecennis
2806 5331 2938 5374 tetas
2970 5336 3001 5375 e
3040 5324 3209 5375 veteri
3247 5320 3392 5375 LXX
3436 5335 3529 5375 aut
3556 5322 3683 5375 alius

2134 5388 2440 5458 cujuspiant
2472 5392 2561 5457 qui
2593 5405 2787 5444 nomen
2810 5407 2995 5445 eorum
3026 5393 3406 5457 mentiebatur,
3465 5393 3680 5445 editione

2132 5460 2201 5512 ab
2237 5460 2500 5531 idtzclesiis
2536 5470 2722 5528 postea
2747 5463 3029 5527 repudiata
3070 5464 3348 5531 desumpta
3384 5475 3485 5515 est.

2206 5530 2539 5605 podex
2586 5532 2876 5605 welstenii
2921 5535 3196 5605 mendose,
3234 5530 3612 5605 περικόπομεν.

2197 5601 2310 5669 (28)
2339 5600 2613 5674 Patricius
2646 5601 2839 5674 Junius
2861 5642 2876 5665 ,
2937 5600 3321 5674 παραλαϐεῖν,ξ
3362 5600 3515 5655 ΙιιΙίτί
3544 5602 3676 5655 Wet-

2137 5674 2293 5730 stcnii
2350 5673 2554 5736 codex,
2601 5672 3255 5743 οἱκοόομῆσαιδυνάμενα.
3290 5676 3672 5729 I’auluuustl'a-
