3952 6144
409 249 480 307 59
1411 246 1736 304 OHIGENIS
1790 247 2129 304 EPISTOLA
2170 249 2260 302 AD
2298 247 2706 306 AFRICANUM
3641 253 3722 306 ω

403 352 895 424 ChristiEcciesiis
915 351 1360 429 at’diiicatioriem,
1396 379 1542 418 cura:
1596 381 1701 418 non
1757 365 1979 419 fuerunt

2098 367 2326 438 Γραφαῖς
2355 366 2618 421 δεδωκυῖα
2651 367 2854 432 πάσαις
2883 369 3003 433 ταῖς
3039 367 3148 440 (ﬂ)
3181 370 3416 442 Χριστοῦ
3438 366 3719 442 Ἐκκλη-

415 476 440 512 ι
463 459 630 527 empti
659 457 954 526 pretio-pro
984 454 1178 524 quibus
1205 453 1455 510 Christus
1488 465 1736 510 mortuus
1753 466 1834 511 est
1865 457 1928 520 ιθς
1960 476 1978 508 ι

2098 456 2235 520 σίαις
2275 454 2583 527 οἰκοδομὴν,
2613 457 2715 510 οὐκ
2741 457 3027 527 ἐφρόντισε
3070 477 3090 509 ι
3135 459 3245 514 τῶν
3278 459 3445 530 τιμῆς
3474 463 3722 532 ἀγορα-

411 550 497 605 cui
536 549 662 605 licet
693 547 833 604 Filio
880 565 900 600 ι
929 563 1032 601 non
1057 547 1296 616 pepercit
1327 546 1488 609 Deus,
1521 565 1540 598 ι
1576 549 1690 616 ipsa
1722 548 1982 611 Charitas,

2098 545 2340 610 σθέντων,
2367 547 2506 617 ὑπὲρ
2539 539 2614 600 ὧν
2638 547 2871 618 Χριστὸς
2893 548 3182 601 ἀπέθανεν·
3225 568 3244 600 ι
3267 544 3327 603 οὗ
3360 550 3492 602 Υἱοῦ
3526 551 3720 614 ὄντος

415 659 437 694 α
476 641 572 696 sed
600 656 696 710 pro
726 641 880 694 nobis
908 639 1157 692 omnibus
1184 636 1404 692 tradidit
1437 637 1611 704 illum,
1637 647 1698 694 ιιι
1725 653 1847 694 cum
1870 641 1986 710 ipso

2098 655 2111 686 ι
2144 637 2243 690 οὐκ
2268 637 2523 706 ἐφείσατο
2563 639 2592 691 ὁ
2617 638 2769 701 Θεὸς,
2795 657 2814 689 ι
2843 639 2876 710 ἡ
2911 638 3121 712 ἀγάπη,
3161 659 3180 691 ι
3204 640 3318 693 ἀλλ’
3347 641 3488 710 ὑπὲρ
3508 641 3713 712 ἡμῶν

412 731 598 786 omnia
631 732 784 786 nobis
813 730 1035 785 donaret
1067 729 1154 784 “‘2
1193 750 1212 780 1

2098 729 2308 782 πάντων
2344 729 2661 800 παρέδωκεν
2704 729 2888 795 αὐτὸν,
2917 731 3006 785 ἵνα
3059 733 3156 785 σὺν
3200 730 3350 802 αὐτῷ
3381 732 3452 784 τὰ
3501 734 3718 787 πάντα.

2091 821 2225 892 ἡμῖν
2252 821 2548 892 χαρίσηται
2567 837 2582 886 ;
2625 840 2645 872 ι

2160 913 2305 984 Πρὸς
2346 912 2520 966 ταῦτα
2564 912 2622 966 δέ
2672 913 2883 978 σκόπει,
2929 914 2977 966 εἰ
3029 915 3103 986 μὴ
3148 914 3310 969 καλὸν
3367 915 3712 985 μεμνῆσθαι

2088 1004 2202 1058 τοῦ·
2233 1022 2252 1056 ι
2285 1004 2358 1056 Οὐ
2390 1003 2715 1076 μεταθήσεις
2738 1005 2862 1075 ὅρια
2902 1003 3116 1069 αἰώνια,
3151 1005 3187 1059 ἃ
3213 1005 3518 1083 ἔστησανρί
3546 1006 3713 1078 πρό-

2087 1096 2234 1168 τεροί
2269 1113 2397 1161 σου;
2433 1115 2450 1148 ι
2481 1097 2590 1150 Καὶ
2620 1096 2793 1151 ταῦτα
2823 1097 2890 1163 δὲ,
2915 1097 3059 1168 φημὶ
3094 1098 3215 1168 οὐχὶ
3242 1099 3386 1169 ὄκνῳ
3407 1098 3503 1151 τοῦ
3525 1100 3711 1170 ἐρευ-

2088 1187 2186 1254 νᾷν
2217 1186 2308 1238 καὶ¹
2326 1185 2427 1249 τὰς
2455 1185 2593 1238 κατὰ
2627 1185 2911 1252 Ἰουδαίους
2946 1187 3054 1257 (42)
3076 1188 3318 1257 Γραφὰς,
3373 1189 3468 1240 καὶ
3503 1191 3710 1253 πάσας

478 905 533 958 5.
553 903 631 957 Ad
657 903 769 958 haec
787 903 1076 959 considera
1102 918 1171 957 an
1207 919 1310 957 non
1347 905 1548 959 bonum
1579 903 1649 958 sit
1672 903 1983 958 meminisse

408 991 554 1046 illius
596 990 768 1045 dicti:
832 1008 852 1042 ι
914 991 1031 1044 Non
1091 1001 1414 1060 transpones
1461 996 1724 1049 terminos
1754 1005 1986 1048 aeternos

407 1096 547 1150 quos
590 1091 893 1151 posuerunt
936 1092 1314 1137 antecessores
1361 1084 1435 1137 tui
1471 1086 1534 1138 ".
1573 1104 1592 1138 ι
1624 1085 1689 1138 Ει
1722 1086 1836 1139 haec
1869 1085 1989 1154 qui-

404 1175 526 1227 dem
575 1174 719 1236 dico,
756 1188 865 1228 non
897 1173 1042 1242 quod
1079 1189 1193 1242 prae
1235 1175 1445 1230 desidia
1483 1190 1725 1230 recusem
1756 1176 1986 1230 scrutari

404 1266 722 1338 Scripturas
747 1284 871 1339 quae
900 1269 1039 1336 apud
1057 1269 1273 1326 Judmos
1299 1278 1447 1335 sunt,
1473 1271 1702 1339 illasque
1739 1270 1842 1338 17
1864 1284 1986 1323 cum

403 1362 661 1416 Omnibus
701 1363 908 1416 nostris
951 1375 1289 1432 comparare,
1339 1377 1402 1417 ac
1450 1363 1640 1416 videre
1677 1362 1806 1430 quid
1850 1361 1990 1414 inter

403 1469 498 1509 eas
526 1454 598 1508 sit
616 1453 970 1508 discriminis.
997 1454 1108 1508 lloc
1135 1454 1276 1509 enim
1305 1456 1574 1525 gnaviter,
1600 1455 1702 1508 nisi
1729 1467 1989 1522 arrogans

405 1546 555 1600 dictu
595 1553 700 1609 est,
733 1559 832 1614 pro
862 1545 1010 1600 virili
1045 1545 1312 1610 fecimus,
1345 1546 1562 1602 collatis
1615 1562 1808 1616 magna
1854 1560 1988 1602 cura

407 1636 558 1690 inter
584 1650 642 1690 se
664 1637 1000 1691 editionibus
1028 1646 1083 1691 et
1107 1637 1413 1691 observatis
1435 1653 1622 1692 earum
1647 1636 1988 1700 differentiis,

2089 1273 2188 1338 τὰς
2214 1276 2488 1346 ἡμετέρας
2524 1278 2644 1340 ταῖς
2679 1277 2902 1330 ἐκείνων
2938 1280 3269 1349 συγκρίνειν,
3300 1280 3394 1331 καὶ
3419 1281 3552 1350 ὁρᾷν
3579 1280 3704 1344 τὰς

2091 1368 2149 1418 ἐν
2182 1368 2374 1430 αὑταῖς
2402 1367 2682 1438 διαφοράς.
2710 1368 2772 1421 Ei
2801 1367 2875 1440 μὴ
2912 1370 3168 1440 φορτικὸν
3191 1369 3322 1437 γοῦν
3351 1373 3545 1433 εἰπεῖν,
3591 1371 3705 1423 ἐπὶ

2092 1455 2226 1509 πολὺ
2250 1457 2426 1521 τοῦτο,
2459 1458 2557 1528 ὅση
2591 1456 2838 1526 δύναμις,
2871 1460 3276 1530 πεποιήκαμεν,
3310 1458 3698 1531 γυμνάζοντες

2091 1543 2270 1598 αὐτῶν
2301 1545 2392 1599 τὸν
2416 1545 2541 1598 νοῦν
2567 1547 2626 1598 ἐν
2655 1546 2853 1608 πάσαις
2870 1549 2992 1610 ταῖς
3019 1547 3264 1601 ἐκδόσεσι
3295 1551 3388 1602 καὶ
3417 1554 3538 1615 ταῖς
3568 1552 3701 1605 δισ-

2093 1637 2286 1704 φοραῖς
2333 1634 2511 1688 αὐτῶν
2553 1634 2686 1705 (45),
2738 1635 2876 1710 μετὰ
2899 1635 2993 1689 τοῦ
3029 1637 3210 1701 ποσῶς
3259 1640 3456 1710 μᾶλλον
3494 1642 3697 1695 ἀσκεῖν

406 1727 484 1781 ita
519 1736 700 1782 tamen
733 1737 791 1780 ut
839 1728 1118 1797 aliquanto
1162 1729 1283 1798 plus
1309 1729 1514 1783 laboris
1566 1727 1991 1797 inipeuderimus

2098 1725 2190 1796 τὴν
2228 1727 2524 1797 ἑρμηνείαν
2555 1725 2663 1779 τῶν
2692 1707 2748 1779 0'
2774 1743 2788 1754 ·
2818 1726 2903 1779 ἵνα
2951 1729 3024 1799 μή
3055 1747 3106 1780 τι
3125 1707 3566 1802 παραχαράττειν
3601 1735 3697 1788 δο-

405 1817 554 1872 LXX
590 1819 1054 1888 interpretationi,
1084 1834 1150 1875 ne
1179 1821 1306 1888 quid
1332 1820 1694 1875 adulterinum
1732 1821 1992 1876 inducere

405 1912 722 1967 videremur
749 1913 800 1965 in
845 1912 1123 1968 Ecclesias
1140 1929 1262 1982 qua!
1289 1914 1389 1967 sub
1420 1913 1559 1968 ctelo
1590 1923 1738 1975 sunt,
1769 1921 1820 1965 et
1852 1925 1996 1980 prte-

407 2013 613 2056 textum
649 2003 904 2058 daremus
940 2005 1046 2059 illis
1089 2007 1178 2073 qui
1223 2005 1547 2059 occasiones
1594 2013 1856 2072 captant,
1900 2017 1998 2056 vo-

405 2095 633 2166 luntque
666 2110 777 2151 tum
802 2113 894 2153 eos
921 2100 1014 2169 qui
1041 2109 1166 2153 sunt
1207 2100 1257 2152 in
1286 2099 1465 2154 medio
1516 2097 1860 2162 calumniari,
1886 2105 1998 2150 tum

405 2200 500 2240 eos
543 2186 636 2254 qui
686 2186 736 2240 iu
782 2187 1057 2240 communi
1110 2185 1403 2255 praelucent
1468 2184 1767 2239 criminari.
1819 2183 2002 2238 Cena-

407 2291 531 2330 mur
553 2291 656 2330 non
678 2279 926 2346 ignorare
943 2292 1074 2346 quas
1098 2277 1297 2332 habent
1312 2275 1644 2344 Scripturas,
1665 2283 1724 2327 ut
1747 2289 1872 2327 cum
1899 2271 1926 2326 ⁴1
1935 2289 1997 2326 ιι-

2095 1814 2323 1885 κοίημεν
2349 1814 2457 1885 (Μ)
2482 1818 2602 1878 ταῖς
2628 1817 2732 1869 ὑπὸ
2767 1817 2858 1870 τὸν
2891 1819 3118 1889 οὐρανὸν
3167 1820 3532 1892 Ἑκκλησίαις,
3594 1827 3693 1877 καὶ

2094 1909 2398 1978 προφάσεις
2423 1908 2651 1979 διδῶμεν
2672 1912 2784 1972 τοῖς
2821 1909 3075 1980 ζητοῦσιν
3118 1913 3392 1984 ἀφορμὰς,
3439 1915 3690 1970 ἐθέλουσι

2093 2000 2220 2062 τοὺς
2245 2002 2303 2053 ἐν
2345 1999 2495 2070 μέσῳ
2533 2003 2911 2069 συκοφαντεῖν,
2961 2003 3056 2054 καὶ
3103 2003 3210 2058 τῶν
3254 2003 3689 2077 διαφαινομένων

2095 2091 2154 2143 ἐν
2195 2089 2272 2160 τῷ
2327 2089 2492 2160 κοινῷ
2523 2094 2866 2163 κατηγορεῖν.
2929 2092 3230 2164 ’Ᾱσκοῦμεν
3254 2095 3309 2147 δὲ
3344 2096 3418 2166 μὴ
3467 2099 3688 2164 ἀγνοεῖν

2096 2179 2191 2232 καὶ
2225 2177 2322 2242 τὰς
2358 2181 2488 2251 παρ’
2528 2181 2776 2247 ἐκείνοις,
2811 2180 2915 2246 ἵνα,
2947 2181 3083 2252 πρὸς
3121 2183 3403 2248 Ἰουδαίους
3438 2186 3688 2250 διαλεγό-

2101 2290 2250 2344 μενοι
2283 2273 2418 2344 (45),
2451 2273 2524 2345 μὴ
2556 2272 2915 2345 προφέρωμεν
2950 2275 3133 2339 αὐτοῖς
3163 2276 3229 2330 τὰ
3264 2277 3338 2348 μὴ
3371 2279 3596 2349 κείμενα
3628 2282 3689 2334 ἐν

481 2419 526 2450 ¹⁰
552 2417 568 2472 1
593 2419 718 2473 Cor.
757 2433 832 2477 vt,
859 2415 960 2482 20;
991 2415 1151 2468 Rom.
1211 2427 1322 2476 nv,
1356 2412 1445 2466 15.
1525 2411 1568 2443 ¹¹
1602 2409 1765 2464 Rom.
1788 2424 1910 2471 vni,
1943 2405 1993 2461 ΒΞ

2098 2409 2110 2438 ¹
2135 2406 2294 2460 Prov.
2332 2421 2470 2470 xm,
2497 2407 2588 2463 28.

407 2544 596 2588 contra
649 2531 1059 2600 Hieronymum.
1093 2527 1295 2600 Neque
1340 2526 1755 2600 enim___sanctus
1795 2526 1985 2600 dodtor

406 2603 650 2672 Africani
692 2595 947 2667 exemplo
977 2595 1238 2672 quidquid
1264 2599 1401 2672 apud
1430 2595 1570 2649 LXX
1598 2606 1718 2650 erat
1753 2597 1895 2672 quod
1927 2596 1980 2648 in

405 2668 635 2728 Hebraeo
672 2688 780 2727 non
827 2678 1089 2732 exstaret,
1145 2669 1292 2722 illico
1334 2669 1384 2722 id
1431 2668 1886 2722 contemnendum
1929 2674 1985 2719 et

404 2743 769 2813 abjiciendnm
795 2741 1038 2813 putabat,
1061 2740 1159 2813 sed
1191 2756 1209 2789 ι
1238 2738 1597 2813 sciendttin,_p
1624 2737 1979 2813 inquitepist.

405 2806 489 2868 ad'
526 2814 747 2867 Suniam
791 2806 846 2864 et
898 2809 1188 2874 Fretelaut,
1237 2827 1256 2859 ι
1293 2808 1422 2877 quid
1469 2806 1738 2877 llebraica
1775 2807 1978 2860 veritas

403 2883 622 2937 habeat.
681 2882 794 2936 lloc
838 2881 982 2935 enim
1039 2879 1186 2948 quod
1243 2876 1604 2948 Septuaginta
1655 2876 1980 2948 Interpretes

409 2952 838 3010 transtulerunt,
894 2947 1113 3017 propter
1183 2956 1510 3017 vetustatem
1578 2947 1981 3017 decantaudum

407 3031 600 3098 esu-et
646 3021 778 3073 illud
805 3017 872 3070 ab
896 3015 1125 3098 eruditis
1157 3016 1440 3098 sciendum
1485 3026 1705 3098 propter
1734 3015 1985 3098 notitiam
2015 3039 2058 3098 ο

409 3091 844 3146 Scrinturaruni.
892 3106 910 3137 ι
946 3085 1449 3139 —Emendaudum
1503 3087 1712 3147 statim,
1760 3085 1805 3138 si
1857 3085 1988 3151 quid

408 3151 596 3224 video,
612 3157 711 3223 τὰς
734 3157 864 3236 παρ’
887 3157 1069 3218 αὐτοῖς
1089 3153 1404 3225 E1t(adhuc)
1429 3154 1734 3236 φερομένας
1759 3154 1913 3225 ἱερὰς
1937 3153 1990 3223 β.

1593 3239 1750 3278 οιτε.

442 3308 594 3394 ’(41)
630 3321 862 3394 Πάᾳαις
887 3320 1036 3394 ταῖς,
1082 3327 1188 3374 ειε.
1234 3315 1314 3368 Ita
1378 3314 1546 3394 cedes
1597 3315 1794 3394 Regius
1848 3313 1994 3386 {cum

409 3383 622 3464 Cana];
663 3383 1072 3464 Wetsteniatius
1118 3397 1320 3464 autem.
1343 3385 1499 3464 ξτᾷσα
1530 3386 1587 3438 ἐν
1620 3388 1758 3464 ταῖς,
1783 3383 1888 3441 elé.

483 3454 993 3533 (42)'Wetstcnius,
1049 3457 1198 3533 acted:
1235 3454 1523 3522 Ἰουδαίων,
1552 3466 1604 3510 et
1637 3458 1800 3525 paulo
1849 3466 1992 3528 post,

409 3532 509 3595 τὰς
537 3528 594 3584 ἐν
626 3534 810 3591 αὐτοῖς
836 3528 1118 3602 διαφοράς.

480 3603 597 3674 (45)
632 3602 802 3667 Idem,
834 3602 1023 3673 αὐτῆς.

481 3695 592 3765 (4i)
625 3697 750 3750 Ἵνα
771 3695 858 3764 μή
892 3711 946 3747 τι
983 3695 1460 3765 παραχαράττειν
1504 3697 1851 3765 δοκοίημεῖ,
1883 3698 2022 3765 etc”

410 3760 892 3835 Augustinum—lib.
923 3760 1396 3835 XVII‘IVDé'civilalc
1449 3768 1563 3832 Dei,
1595 3760 1719 3834 cap.
1747 3760 1991 3835 [ἐᾷ-μὴτ

417 3855 438 3906 ι
477 3830 728 3906 Nonnulli
756 3833 980 3906 codices
1007 3833 1226 3906 Graicos
1261 3830 1726 3906 interpretationis
1753 3830 1892 3886 LXX
1928 3844 1994 3883 ex

411 3903 659 3961 Hebraeis
699 3903 978 3957 codicibus
1025 3903 1708 3974 emendandos'putaruut,
1763 3917 1862 3974 nec
1907 3911 1999 3974 ta-

415 3991 539 4028 men
576 3973 692 4028 ausi
726 3982 857 4026 sunt
897 3974 1208 4038 detrahere,
1241 3975 1381 4041 quod
1427 3971 1642 4030 Hebraei
1687 3986 1795 4026 non
1832 3971 2001 4041 habe-

411 4047 568 4110 bant,
596 4054 650 4097 et
680 4041 823 4097 LXX
858 4054 1178 4113 posuerunt,
1211 4040 1307 4097 sed
1351 4040 1998 4113 tantuminod9__a_t_idide-

412 4109 562 4180 runt,
626 4129 746 4184 quae
792 4109 873 4184 iu'
897 4111 1139 4184 Hebraeis
1195 4112 1436 4180 inventa,
1499 4114 1637 4181 apud
1687 4109 1830 4164 LXX
1893 4124 1997 4184 non

411 4178 594 4250 erant,
621 4178 792 4254 eaque
820 4183 989 4250 signis
1014 4183 1334 4252 quibusdam
1372 4178 1430 4237 in
1459 4178 1739 4238 stellarum
1781 4178 1998 4233 modum

412 4255 599 4320 factis,
630 4256 696 4309 ad
742 4255 918 4323 capita
976 4255 1292 4308 eorumdem
1337 4269 1598 4309 versuum
1650 4257 1998 4323 notaverunt,

410 4341 530 4394 quae
551 4319 704 4394 signa
733 4319 1030 4380 asteriscos
1062 4335 1276 4380 vocant.
1315 4324 1408 4379 llla
1446 4338 1576 4378 vero
1596 4336 1718 4392 quin
1757 4319 2001 4394 nouita-

409 4383 543 4450 lient
577 4383 808 4460 iiebrazi,
848 4397 1049 4449 habent
1087 4405 1269 4449 autem
1322 4383 1699 4464 Septuaginta,
1739 4390 1997 4464 similiter
2028 4383 2075 4440 D

413 4468 480 4518 ad
509 4467 684 4534 capita
710 4459 962 4519 versuum
987 4465 1299 4536 iacentibus
1327 4459 1556 4536 virgulis
1580 4466 1722 4520 sicut
1743 4459 1994 4536 scribun-

414 4545 504 4588 tur
530 4531 726 4596 uncite,
761 4531 1129 4603 signaverunt.
1157 4553 1174 4586 ι
1206 4531 1505 4590 Ρτιιιιειιῐειο
1539 4550 1672 4589 sane
1699 4531 1993 4603 admodum

413 4603 700 4674 Origenes,
760 4599 836 4658 et'
859 4604 948 4656 alii
1003 4612 1126 4670 post
1180 4618 1393 4674 cunne
1425 4599 1864 4674 versioneLXX
1895 4604 1994 4653 de-

414 4671 636 4728 trahere
666 4687 771 4726 non
801 4675 918 4727 ausi
957 4683 1085 4727 sunt
1115 4675 1258 4740 quod
1301 4673 1512 4728 Hebraei
1550 4685 1656 4724 non
1692 4671 1990 4740 habebant.

414 4741 587 4797 Tanta
625 4744 768 4797 enim
802 4743 972 4812 plebis
999 4739 1322 4796 Christianae
1358 4744 1408 4795 in
1435 4740 1578 4794 LXX
1614 4739 1907 4793 editiOnem
1943 4749 1998 4792 et

415 4823 660 4868 veterem
691 4813 961 4882 vulgatam
1000 4812 1250 4865 Latinam
1283 4815 1565 4867 veneratio
1592 4821 1731 4882 erat,
1755 4820 1834 4874 ut,
1866 4816 1998 4882 teste

414 4884 722 4954 Augustino
748 4878 912 4951 epist.
957 4886 1022 4937 ad
1070 4883 1487 4954 Hieronymum,
1537 4880 1859 4954 seditionem
1900 4878 1998 4954 ali:

414 4947 541 5008 cub'i
581 4947 854 5019 excitarit,
911 4969 1032 5008 cum
1093 4955 1145 5007 in
1193 4947 1504 5022 ilieronytui
1555 4950 1804 5022 versione
1852 4947 1999 5022 apud

414 5022 608 5078 Jonam
641 5041 660 5074 ι
693 5023 950 5078 hederam
984 5041 1003 5073 ι
1043 5038 1140 5092 pro
1169 5041 1188 5074 ι
1220 5020 1502 5076 cucurbita
1543 5041 1563 5074 ι
1606 5020 1993 5092 poniaudivis-

413 5102 519 5148 set.
580 5092 717 5148 Hinc
774 5090 1134 5162 Hieronymus
1187 5093 1504 5163 prati-alioue
1535 5090 1896 5163 iirDanielem
1929 5091 2000 5143 de

414 5164 793 5219 additiouihus
848 5161 1152 5229 Sus-annua,
1190 5161 1361 5218 'Belis
1411 5172 1466 5216 et
1521 5161 1799 5226 draconis,
1849 5162 1924 5215 ait
1981 5174 1999 5214 :

418 5253 439 5286 ι
481 5234 631 5301 Quas
660 5250 761 5289 nos
793 5237 919 5303 quia
961 5235 1013 5287 in
1050 5245 1161 5288 toto
1200 5235 1331 5288 orbe
1357 5231 1618 5303 dispersae
1665 5240 1830 5303 sunt,
1862 5245 1999 5303 veru

413 5306 724 5374 anteposito
751 5301 953 5374 easque
975 5304 1259 5373 jugulante
1298 5302 1650 5368 subiecimus,
1689 5317 1759 5374 ne
1787 5301 2001 5374 videre-

413 5366 707 5446 tnur'apud
739 5366 1018 5446 imperitos
1039 5366 1298 5445 inagitata
1325 5366 1534 5442 partem
1564 5366 1850 5428 vozut'ninis
1907 5372 2003 5426 de-

417 5457 725 5504 ιτυιιοειεειε.
762 5463 782 5496 ι

378 5532 386 5544 ’
417 5608 456 5611 Α
484 5539 597 5611 (45)
636 5540 794 5611 Ἵνα
820 5536 1346 5611 πρὸς-Ἰουδαίους
1401 5535 1834 5611 διωζεγόμενξοι,
1891 5541 2000 5611 etc.

416 5607 752 5676 Epiphanius
784 5610 924 5666 libro
971 5609 1043 5662 De
1079 5609 1409 5662 Ponderibus
1441 5618 1489 5660 et
1518 5607 1781 5660 Meusuris
1803 5647 1818 5670 ,
1856 5622 1909 5661 ιι.
1941 5609 1997 5676 2;

431 5674 708 5750 Ὤρὶγένης
743 5681 800 5734 δὲ
845 5680 979 5751 μετὰ
1030 5678 1200 5734 ταῦτα
1255 5677 1423 5733 ἐλθὼν
1479 5677 1889 5748 ἀποκατέστησε
1929 5674 2005 5747 τῷ

2088 2523 2302 2599 ἐκάστῳ
2328 2523 2474 2593 τόπῳ
2501 2523 3132 2599 τὸν-ἐλλείπονταλόγον.
3150 2525 3434 2599 ῌΗαρέθετο
3458 2526 3516 2599 δὲ
3539 2527 3690 2599 αὐτῷ

2087 2594 2408 2669 ἀστερίσκον
2428 2611 2440 2623 ’
2469 2595 2564 2663 οὐχ
2585 2594 2661 2657 ὡς
2683 2597 2868 2669 χρείας
2895 2594 3060 2669 οὔσης
3083 2595 3176 2647 τοῦ
3204 2594 3424 2669 πάντως
3451 2594 3690 2669 ζητηθῇ

2084 2681 2173 2737 ναι
2211 2664 2301 2737 τὸν
2337 2665 2525 2737 λόγον)
2556 2664 2813 2737 περιττὸς
2849 2664 2954 2736 γάρ
2984 2664 3128 2719 ἐστιν
3150 2681 3163 2695 ο
3191 2665 3320 2737 ἀλλῖ
3344 2667 3430 2719 ἵνα
3464 2667 3536 2737 μὴ
3576 2664 3689 2722 πα-

2088 2735 2315 2807 ραλείψῃ
2350 2733 2781 2807 ηΊουδαίοιςήκαι
2825 2733 3688 2807 Σαμαρείταιςγέπιλαμὸάνεσθαι

2086 2804 2192 2878 τῶν
2207 2805 2398 2878 ἐνμταῖς
2427 2804 2608 2878 ἁγίαις
2640 2804 3154 2878 Ἐκκλησίαιςθείων
3181 2804 3427 2878 Γραφῶν,
3459 2807 3689 2878 μηδενὸς

2088 2874 2417 2947 ἐπιληψίμου
2450 2873 2771 2947 πράγματος
2796 2873 3139 2947 ὑπάρχοντος
3154 2873 3294 2928 κατὰ
3323 2877 3421 2946 τῆς
3452 2873 3689 2947 πίστεως

2089 2944 2149 2997 ἐν
2174 2944 2285 3006 τοῖς
2311 2945 2773 3014 ἀπεστερημένοις
2815 2944 3014 3014 λόγοις.
3053 2965 3069 2996 ι
3108 2944 3386 2999 Successit
3419 2947 3502 3000 his
3558 2946 3687 3000 Ori—

2091 3029 2280 3084 genas,
2314 3015 2408 3082 qui
2445 3015 2738 3082 unicuique
2777 3015 2894 3069 loco
2919 3016 3062 3084 quod
3087 3020 3271 3068 deerat
3301 3015 3572 3084 adiunxit,
3604 3019 3687 3069 ei-

2092 3099 2198 3152 que
2227 3084 2474 3137 asterisci
2529 3092 2710 3136 notam
2732 3086 2977 3153 appinxit
3002 3102 3017 3138 :
3045 3100 3149 3138 non
3176 3087 3323 3153 quod
3365 3085 3545 3138 addita
3594 3086 3686 3139 illa

2093 3153 2381 3224 vocabula
2414 3154 2700 3206 admodum
2766 3157 3077 3224 necessaria
3130 3155 3276 3219 sint,
3318 3171 3438 3224 cum
3494 3171 3690 3224 snper-

2094 3238 2260 3276 vacua
2299 3222 2620 3282 videantur:
2685 3223 2778 3277 sed
2824 3241 2888 3277 ne
2935 3223 3135 3279 Jndacis
3196 3240 3261 3279 ac
3320 3222 3687 3279 Samaritanis

2094 3293 2259 3346 ullam
2278 3293 2642 3347 caltunuiandi
2663 3309 2846 3348 sacras
2864 3295 3114 3358 Litteras,
3133 3294 3329 3362 quibus
3351 3295 3400 3346 in
3425 3295 3686 3350 Ecclesiis

2095 3363 2319 3428 utimur,
2353 3363 2694 3417 occasionem
2732 3363 3095 3433 relinqueret;
3129 3380 3251 3417 cum
3301 3365 3434 3418 nihil
3469 3367 3521 3416 in
3555 3366 3687 3419 sub-

2096 3433 2287 3487 tractis
2342 3434 2447 3486 illis
2507 3434 2733 3488 vocibus
2794 3446 2981 3486 contra
3015 3433 3172 3486 [idem
3204 3445 3386 3495 esset,
3433 3436 3574 3502 quod
3610 3449 3690 3487 re-

2093 3503 2353 3572 prehendi
2373 3502 2568 3556 merito
2591 3512 2793 3572 posset.
2820 3521 2837 3555 ι
2859 3502 3083 3556 llnlinus
3106 3504 3198 3556 lib.
3231 3519 3265 3556 ιι
3285 3503 3480 3558 luverl.
3505 3505 3692 3557 adver-

2095 3569 2186 3627 sus
2206 3569 2602 3641 Hieronymum
2625 3594 2636 3628 :
2662 3591 2680 3622 ι
2711 3574 2987 3640 Apostatae
3017 3574 3307 3641 quidemet
3323 3572 3494 3626 Judzei
3514 3574 3688 3628 inter-

2094 3643 2295 3710 pretati
2347 3640 2477 3695 sunt
2516 3656 2600 3708 ea,
2644 3657 2878 3710 quorum
2934 3640 3164 3696 lectione
3217 3640 3384 3695 Judtei
3449 3646 3686 3696 maxime

2096 3719 2344 3764 utuntur.
2372 3711 2438 3763 Et
2459 3712 2587 3780 quia
2618 3711 2956 3780 frequenter,
2989 3713 3034 3766 si
3059 3713 3352 3780 disputatio
3378 3712 3684 3777 incidisset,

2097 3780 2183 3833 vel
2214 3782 2497 3834 immutata
2525 3795 2647 3835 esse
2679 3784 2954 3850 aliquanta
2979 3821 2994 3844 ,
3032 3782 3116 3836 vel
3149 3782 3360 3844 deesse.
3405 3783 3487 3834 vel
3517 3787 3690 3835 aliun-

2097 3851 2228 3904 dare
2253 3850 2303 3903 in
2335 3851 2535 3921 nostris
2559 3850 2855 3918 Scrip_turis
2874 3853 3295 3921 mentiebantur,
3317 3852 3482 3904 voluit
3500 3852 3690 3921 Orige-

2099 3935 2197 3975 nes
2226 3920 2425 3974 nostris
2456 3922 2765 3987 ostendere,
2789 3921 2970 3990 qualis
2982 3921 3120 3990 apud
3139 3919 3353 3974 Judmos
3377 3919 3690 3988 Scriptura-

2098 4005 2218 4060 rum
2248 3990 2412 4044 lectio
2440 3998 2735 4055 teneretur,
2756 4000 2811 4044 et
2841 3993 2893 4044 in
2927 3991 3160 4060 propriis
3189 3991 3399 4058 paginis
3424 3991 3507 4041 vel
3545 3992 3688 4044 colu-

2099 4059 2274 4114 mellis
2306 4060 2573 4114 editiones
2599 4076 2783 4115 earum
2810 4061 3051 4130 singulas
3082 4075 3326 4128 quasque
3357 4060 3642 4127 descripsit
3669 4077 3683 4125 ;

2099 4137 2156 4183 et
2176 4145 2236 4183 ea
2262 4144 2383 4196 qua:
2416 4130 2560 4198 apud
2586 4130 2704 4185 illos
2732 4140 2857 4184 sunt
2876 4131 3058 4184 addita
3086 4131 3169 4183 vel
3195 4131 3447 4199 decerpta
3473 4169 3488 4194 ,
3521 4133 3684 4184 certis

2141 4199 2405 4269 uibusque
2458 4200 2628 4269 signis
2678 4201 2895 4264 additis,
2947 4200 3015 4253 ad
3063 4200 3456 4254 versiculorum
3509 4202 3683 4269 capita

2138 4269 2428 4338 esiguavit,
2457 4281 2511 4324 et
2536 4272 2587 4324 in
2617 4269 2817 4336 alieno,
2850 4285 2955 4324 non
2979 4284 3274 4338 suoopere,
3300 4285 3428 4324 suas
3457 4278 3686 4322 tantum-

2102 4343 2450 4409 modopotas
2482 4340 2622 4403 (lxit,
2657 4352 2715 4393 ut
2751 4342 3020 4396 sciremus
3074 4355 3181 4394 non
3226 4340 3356 4409 quid
3407 4341 3565 4393 nobis
3591 4339 3684 4392 sed

2101 4409 2228 4477 quid
2255 4407 2458 4464 Iudaeis
2494 4410 2787 4464 adversum
2833 4425 2930 4465 nos
2979 4407 3338 4473 certantibus,
3374 4418 3469 4462 aut
3497 4410 3686 4462 deesse

2099 4489 2195 4549 aut
2223 4480 2498 4534 abundare
2520 4480 2752 4538 videtur.
2787 4499 2806 4532 ι
2839 4480 2981 4535 Idem
3029 4479 3342 4549 Hieronymi
3395 4481 3682 4533 consilium

2099 4547 2201 4618 fuit
2227 4564 2350 4603 cum
2378 4563 2444 4602 ex
2469 4549 2697 4604 Hebraeo
2724 4564 2907 4604 sacras
2942 4547 3255 4618 Scripturas
3282 4548 3472 4602 Latine
3500 4549 3682 4618 vertit.

2100 4616 2234 4672 Nam
2282 4618 2597 4686 praefatione
2631 4619 2682 4672 in
2718 4619 2916 4675 librum
2960 4616 3299 4675 Psalmorum
3341 4620 3464 4672 ait:
3503 4637 3522 4670 ι
3575 4617 3682 4671 Nec

2101 4689 2204 4743 hoc
2229 4689 2373 4751 dico,
2406 4703 2516 4757 quo
2566 4690 2992 4757 praedecessores
3047 4704 3192 4743 meos
3245 4690 3548 4752 mordeam,
3595 4697 3683 4741 aut

2100 4758 2395 4828 quidquam
2449 4761 2515 4814 de
2567 4759 2652 4814 bis
2697 4761 2936 4814 arbitrer
2981 4760 3398 4822 detrahendum,
3456 4773 3682 4828 quorum

2104 4829 2516 4883 translationem
2545 4829 2962 4899 diligentissime
2990 4831 3357 4892 emendatam,
3393 4829 3519 4883 olim
3555 4842 3684 4899 ineat

2103 4899 2297 4969 lingua:
2339 4898 2666 4953 hominibus
2715 4901 2990 4966 dederim;
3028 4901 3120 4954 sed
3165 4903 3310 4968 quod
3344 4901 3491 4953 aliud
3529 4898 3600 4952 sit
3633 4899 3680 4949 in

2103 4968 2363 5024 Ecclesiis
2394 4969 2614 5025 Cbrisw
2637 4970 2974 5024 credentium
3007 4969 3248 5023 Psalinos
3299 4969 3502 5038 legere,
3539 4969 3684 5020 aliud

2101 5039 2302 5094 Judwis
2329 5040 2542 5109 singula
2575 5042 2748 5095 verba
2788 5040 3247 5109 calumniantibus
3281 5040 3630 5108 respondere.
3659 5055 3678 5088 ι

2103 5111 2246 5164 Idem
2272 5111 2366 5165 lib.
2399 5108 2440 5164 ιι
2464 5111 2732 5181 Apologia:
2763 5112 3025 5165 adversus
3059 5108 3310 5162 Ruﬁnum
3338 5123 3378 5181 τη
3411 5128 3429 5159 ι
3465 5109 3679 5181 Egone,

2104 5181 2303 5250 inquit,
2332 5178 2522 5236 contra
2557 5178 2910 5251 Septuaginta
2944 5183 3293 5251 Interpretes
3317 5178 3517 5251 aliquid
3565 5192 3680 5251 sum

2103 5247 2342 5317 locutus,
2391 5266 2530 5320 quos
2561 5247 2690 5322 ante
2739 5247 2912 5304 annos
2957 5247 3223 5322 plurimos
3267 5247 3683 5322 diligentissime

2103 5319 2442 5388 emendatos,
2476 5336 2606 5377 mea:
2637 5321 2832 5390 lingua:
2877 5319 3138 5375 studiosis
3183 5319 3326 5384 dedi,
3365 5333 3503 5390 quos
3548 5332 3685 5390 quo-

2105 5394 2235 5448 tidie
2262 5394 2314 5447 iu
2340 5386 2608 5448 conventu
2643 5386 2867 5444 [rairum
2895 5393 3159 5452 edissere,
3182 5386 3410 5457 quorum
3439 5386 3682 5442 Psalmos

2099 5463 2212 5532 jugt
2246 5464 2595 5518 meditatione
2616 5461 2883 5516 decanto?
2905 5462 3035 5514 Tam
3052 5461 3262 5532 stultus
3278 5473 3444 5532 eram
3457 5460 3682 5532 utquod

2107 5527 2420 5603 ἰιι”νιιει’ἰιὶει
2459 5533 2649 5596 didici,
2679 5545 2849 5588 senex
2880 5531 3131 5603 oblivisci
3165 5528 3396 5603 vellem?
3429 5527 3682 5583 Universi

2109 5601 2376 5659 tractatus
2409 5605 2510 5658 mei
2549 5603 2740 5656 horum
2797 5601 3123 5656 testimoniis
3158 5601 3292 5654 texti
3343 5609 3509 5662 sunt,
3535 5610 3683 5649 com-

2111 5675 2360 5731 mentarii
2404 5675 2457 5730 in
2495 5674 2774 5728 duodecim
2827 5673 3117 5742 prophetas
3160 5681 3213 5726 et
3251 5685 3424 5726 meam
3462 5679 3515 5722 et
3549 5665 3682 5734 Sep-
