  <div class='ocr_page' id='page_1' title='image "/cluster/home/n/w/nwhite01/storage/ocr_20150623/11/mdp.39015013266690/038.png"; bbox 0 0 3952 6144; ppageno 0'>
   <div class='ocr_carea' id='block_1_1' title="bbox 155 254 3476 339">
    <p class='ocr_par' dir='ltr' id='par_1_1' title="bbox 155 254 3476 339">
     <span class='ocr_line' id='line_1_1' title="bbox 155 254 3476 339; baseline 0.002 -33"><span class='ocrx_word' id='word_1_1' title='bbox 155 284 229 339; x_wconf 62' lang='grc' dir='ltr'><strong>δι</strong></span> <span class='ocrx_word' id='word_1_2' title='bbox 1402 255 1492 310; x_wconf 85' lang='lat' dir='ltr'><strong>DE</strong></span> <span class='ocrx_word' id='word_1_3' title='bbox 1533 255 1861 312; x_wconf 76' lang='lat' dir='ltr'><strong>HISTORIA</strong></span> <span class='ocrx_word' id='word_1_4' title='bbox 1901 254 2269 311; x_wconf 70' lang='lat' dir='ltr'><strong>SUSANNA&#39;S.</strong></span> <span class='ocrx_word' id='word_1_5' title='bbox 3407 260 3476 313; x_wconf 67' lang='lat'><strong>63</strong></span> 
     </span>
    </p>
   </div>
   <div class='ocr_carea' id='block_1_2' title="bbox 156 374 1758 457">
    <p class='ocr_par' dir='ltr' id='par_1_2' title="bbox 156 377 1758 457">
     <span class='ocr_line' id='line_1_2' title="bbox 156 377 1758 457; baseline -0.007 -21"><span class='ocrx_word' id='word_1_6' title='bbox 156 385 289 442; x_wconf 76' lang='grc' dir='ltr'>τοῖς</span> <span class='ocrx_word' id='word_1_7' title='bbox 330 381 691 453; x_wconf 74' lang='grc' dir='ltr'><strong>ἀντιγράφοις</strong></span> <span class='ocrx_word' id='word_1_8' title='bbox 722 377 921 443; x_wconf 82' lang='grc' dir='ltr'>αὐτῶν,</span> <span class='ocrx_word' id='word_1_9' title='bbox 956 378 1048 431; x_wconf 72' lang='grc' dir='ltr'>καὶ</span> <span class='ocrx_word' id='word_1_10' title='bbox 1081 377 1168 432; x_wconf 77' lang='grc' dir='ltr'><strong>ἵνα</strong></span> <span class='ocrx_word' id='word_1_11' title='bbox 1198 377 1637 457; x_wconf 77' lang='grc' dir='ltr'>συγχρησώμεθα</span> <span class='ocrx_word' id='word_1_12' title='bbox 1669 380 1758 431; x_wconf 64' lang='lat' dir='ltr'><strong>tot.</strong></span> 
     </span>
    </p>
   </div>
   <div class='ocr_carea' id='block_1_3' title="bbox 1889 374 3470 457">
    <p class='ocr_par' dir='ltr' id='par_1_3' title="bbox 1889 374 3470 445">
     <span class='ocr_line' id='line_1_3' title="bbox 1889 374 3470 445; baseline 0.001 -13"><span class='ocrx_word' id='word_1_13' title='bbox 1889 378 2017 434; x_wconf 69' lang='lat' dir='ltr'><strong>dzeis</strong></span> <span class='ocrx_word' id='word_1_14' title='bbox 2054 381 2401 443; x_wconf 85' lang='lat' dir='ltr'><strong>disserentes,</strong></span> <span class='ocrx_word' id='word_1_15' title='bbox 2444 391 2547 429; x_wconf 90' lang='lat' dir='ltr'><strong>non</strong></span> <span class='ocrx_word' id='word_1_16' title='bbox 2579 374 2916 443; x_wconf 77' lang='lat' dir='ltr'><strong>proferamus</strong></span> <span class='ocrx_word' id='word_1_17' title='bbox 2941 394 3004 434; x_wconf 87' lang='lat' dir='ltr'><strong>ea</strong></span> <span class='ocrx_word' id='word_1_18' title='bbox 3030 388 3146 445; x_wconf 70' lang='lat' dir='ltr'><strong>Qum</strong></span> <span class='ocrx_word' id='word_1_19' title='bbox 3193 392 3246 429; x_wconf 88' lang='lat' dir='ltr'><strong>In</strong></span> <span class='ocrx_word' id='word_1_20' title='bbox 3286 391 3470 432; x_wconf 87' lang='lat' dir='ltr'><strong>eorum</strong></span> 
     </span>
    </p>
   </div>
   <div class='ocr_carea' id='block_1_4' title="bbox 161 456 1758 543">
    <p class='ocr_par' dir='ltr' id='par_1_4' title="bbox 161 456 1758 543">
     <span class='ocr_line' id='line_1_4' title="bbox 161 456 1758 543; baseline -0.003 -18"><span class='ocrx_word' id='word_1_21' title='bbox 161 471 517 543; x_wconf 69' lang='grc' dir='ltr'><strong>φερομένοις</strong></span> <span class='ocrx_word' id='word_1_22' title='bbox 561 471 691 543; x_wconf 86' lang='grc' dir='ltr'>παρ’</span> <span class='ocrx_word' id='word_1_23' title='bbox 732 471 993 534; x_wconf 75' lang='grc' dir='ltr'>ἐκείνοις·</span> <span class='ocrx_word' id='word_1_24' title='bbox 1045 473 1092 523; x_wconf 87' lang='grc' dir='ltr'><strong>εί</strong></span> <span class='ocrx_word' id='word_1_25' title='bbox 1130 470 1221 525; x_wconf 76' lang='grc' dir='ltr'><strong>καὶ</strong></span> <span class='ocrx_word' id='word_1_26' title='bbox 1256 472 1312 525; x_wconf 83' lang='grc' dir='ltr'>ἐν</span> <span class='ocrx_word' id='word_1_27' title='bbox 1341 473 1449 534; x_wconf 83' lang='grc' dir='ltr'>τοῖς</span> <span class='ocrx_word' id='word_1_28' title='bbox 1497 456 1758 541; x_wconf 65' lang='grc' dir='ltr'>ἡμετέροις</span> 
     </span>
    </p>
   </div>
   <div class='ocr_carea' id='block_1_5' title="bbox 1889 456 3477 543">
    <p class='ocr_par' dir='ltr' id='par_1_5' title="bbox 1889 469 3477 540">
     <span class='ocr_line' id='line_1_5' title="bbox 1889 469 3477 540; baseline -0.001 -15"><span class='ocrx_word' id='word_1_29' title='bbox 1889 471 2287 540; x_wconf 81' lang='lat' dir='ltr'><strong>exemplaribus</strong></span> <span class='ocrx_word' id='word_1_30' title='bbox 2311 471 2523 535; x_wconf 89' lang='lat' dir='ltr'><strong>desunt,</strong></span> <span class='ocrx_word' id='word_1_31' title='bbox 2543 470 2636 523; x_wconf 87' lang='lat' dir='ltr'><strong>sed</strong></span> <span class='ocrx_word' id='word_1_32' title='bbox 2650 469 2807 523; x_wconf 87' lang='lat' dir='ltr'><strong>simul</strong></span> <span class='ocrx_word' id='word_1_33' title='bbox 2827 470 3124 524; x_wconf 88' lang='lat' dir='ltr'><strong>utamuriis</strong></span> <span class='ocrx_word' id='word_1_34' title='bbox 3156 484 3277 537; x_wconf 62' lang='lat' dir='ltr'><strong>quae</strong></span> <span class='ocrx_word' id='word_1_35' title='bbox 3307 486 3477 539; x_wconf 77' lang='lat' dir='ltr'><strong>penes</strong></span> 
     </span>
    </p>
   </div>
   <div class='ocr_carea' id='block_1_6' title="bbox 160 560 1758 633">
    <p class='ocr_par' dir='ltr' id='par_1_6' title="bbox 160 560 1753 633">
     <span class='ocr_line' id='line_1_6' title="bbox 160 560 1753 633; baseline -0.003 -16"><span class='ocrx_word' id='word_1_36' title='bbox 160 564 225 618; x_wconf 78' lang='grc' dir='ltr'><strong>οὐ</strong></span> <span class='ocrx_word' id='word_1_37' title='bbox 289 567 484 617; x_wconf 79' lang='grc' dir='ltr'>κεῖται</span> <span class='ocrx_word' id='word_1_38' title='bbox 538 563 793 633; x_wconf 84' lang='grc' dir='ltr'>βιϐλίοις·</span> <span class='ocrx_word' id='word_1_39' title='bbox 834 560 1090 631; x_wconf 77' lang='grc' dir='ltr'><strong>τοιαύτης</strong></span> <span class='ocrx_word' id='word_1_40' title='bbox 1134 562 1239 633; x_wconf 84' lang='grc' dir='ltr'><strong>γάρ</strong></span> <span class='ocrx_word' id='word_1_41' title='bbox 1278 560 1444 633; x_wconf 74' lang='grc' dir='ltr'>οὔσης</span> <span class='ocrx_word' id='word_1_42' title='bbox 1487 561 1642 632; x_wconf 79' lang='grc' dir='ltr'>ἡμῶν</span> <span class='ocrx_word' id='word_1_43' title='bbox 1684 561 1753 631; x_wconf 84' lang='grc' dir='ltr'><strong>τῆ</strong></span> 
     </span>
    </p>
   </div>
   <div class='ocr_carea' id='block_1_7' title="bbox 1889 560 3472 633">
    <p class='ocr_par' dir='ltr' id='par_1_7' title="bbox 1889 561 3472 627">
     <span class='ocr_line' id='line_1_7' title="bbox 1889 561 3472 627; baseline -0.003 -8"><span class='ocrx_word' id='word_1_44' title='bbox 1889 580 1945 619; x_wconf 88' lang='lat' dir='ltr'><strong>se</strong></span> <span class='ocrx_word' id='word_1_45' title='bbox 1972 565 2205 627; x_wconf 90' lang='lat' dir='ltr'><strong>habent,</strong></span> <span class='ocrx_word' id='word_1_46' title='bbox 2228 564 2418 618; x_wconf 88' lang='lat' dir='ltr'><strong>licetiu</strong></span> <span class='ocrx_word' id='word_1_47' title='bbox 2439 562 2643 618; x_wconf 80' lang='lat' dir='ltr'><strong>nostris</strong></span> <span class='ocrx_word' id='word_1_48' title='bbox 2664 562 2817 617; x_wconf 88' lang='lat' dir='ltr'><strong>libris</strong></span> <span class='ocrx_word' id='word_1_49' title='bbox 2839 562 3232 617; x_wconf 77' lang='lat' dir='ltr'><strong>desiderentur.</strong></span> <span class='ocrx_word' id='word_1_50' title='bbox 3251 561 3308 617; x_wconf 93' lang='lat' dir='ltr'><strong>Si</strong></span> <span class='ocrx_word' id='word_1_51' title='bbox 3327 563 3472 618; x_wconf 89' lang='lat' dir='ltr'><strong>enim</strong></span> 
     </span>
    </p>
   </div>
   <div class='ocr_carea' id='block_1_8' title="bbox 157 650 1758 729">
    <p class='ocr_par' dir='ltr' id='par_1_8' title="bbox 157 650 1758 724">
     <span class='ocr_line' id='line_1_8' title="bbox 157 650 1758 724; baseline -0.001 -18"><span class='ocrx_word' id='word_1_52' title='bbox 157 652 315 724; x_wconf 77' lang='grc' dir='ltr'>πρὸς</span> <span class='ocrx_word' id='word_1_53' title='bbox 342 655 552 716; x_wconf 80' lang='grc' dir='ltr'>αὐτοὺς</span> <span class='ocrx_word' id='word_1_54' title='bbox 579 657 635 707; x_wconf 81' lang='grc' dir='ltr'>ὲν</span> <span class='ocrx_word' id='word_1_55' title='bbox 664 656 781 715; x_wconf 87' lang='grc' dir='ltr'>ταῖς</span> <span class='ocrx_word' id='word_1_56' title='bbox 828 650 1085 722; x_wconf 76' lang='grc' dir='ltr'><strong>ζητήσεσι</strong></span> <span class='ocrx_word' id='word_1_57' title='bbox 1115 654 1489 724; x_wconf 75' lang='grc' dir='ltr'>παρασκευῆς,</span> <span class='ocrx_word' id='word_1_58' title='bbox 1520 654 1579 705; x_wconf 82' lang='grc' dir='ltr'><strong>οὐ</strong></span> <span class='ocrx_word' id='word_1_59' title='bbox 1613 670 1758 706; x_wconf 85' lang='grc' dir='ltr'>κατα</span> 
     </span>
    </p>
   </div>
   <div class='ocr_carea' id='block_1_9' title="bbox 1889 650 3477 729">
    <p class='ocr_par' dir='ltr' id='par_1_9' title="bbox 1889 654 3477 729">
     <span class='ocr_line' id='line_1_9' title="bbox 1889 654 3477 729; baseline -0.003 -15"><span class='ocrx_word' id='word_1_60' title='bbox 1889 660 2150 729; x_wconf 85' lang='lat' dir='ltr'><strong>ejusmodi</strong></span> <span class='ocrx_word' id='word_1_61' title='bbox 2181 658 2345 713; x_wconf 81' lang='lat' dir='ltr'><strong>fuerit</strong></span> <span class='ocrx_word' id='word_1_62' title='bbox 2379 665 2564 711; x_wconf 88' lang='lat' dir='ltr'><strong>noster</strong></span> <span class='ocrx_word' id='word_1_63' title='bbox 2592 657 2658 710; x_wconf 90' lang='lat' dir='ltr'><strong>ad</strong></span> <span class='ocrx_word' id='word_1_64' title='bbox 2693 671 2754 712; x_wconf 91' lang='lat' dir='ltr'><strong>ea</strong></span> <span class='ocrx_word' id='word_1_65' title='bbox 2784 658 2851 711; x_wconf 88' lang='lat' dir='ltr'><strong>de</strong></span> <span class='ocrx_word' id='word_1_66' title='bbox 2885 654 3082 724; x_wconf 84' lang='lat' dir='ltr'><strong>quibus</strong></span> <span class='ocrx_word' id='word_1_67' title='bbox 3116 670 3214 710; x_wconf 82' lang='lat' dir='ltr'><strong>nos</strong></span> <span class='ocrx_word' id='word_1_68' title='bbox 3254 656 3399 709; x_wconf 87' lang='lat' dir='ltr'><strong>inter</strong></span> <span class='ocrx_word' id='word_1_69' title='bbox 3419 662 3477 709; x_wconf 88' lang='lat' dir='ltr'><strong>et</strong></span> 
     </span>
    </p>
   </div>
   <div class='ocr_carea' id='block_1_10' title="bbox 157 745 1758 819">
    <p class='ocr_par' dir='ltr' id='par_1_10' title="bbox 157 745 1751 819">
     <span class='ocr_line' id='line_1_10' title="bbox 157 745 1751 819; baseline -0.003 -18"><span class='ocrx_word' id='word_1_70' title='bbox 157 747 575 819; x_wconf 69' lang='grc' dir='ltr'>φρονήσουσιν,</span> <span class='ocrx_word' id='word_1_71' title='bbox 591 747 700 801; x_wconf 81' lang='grc' dir='ltr'>οὐδ’</span> <span class='ocrx_word' id='word_1_72' title='bbox 725 747 800 810; x_wconf 84' lang='grc' dir='ltr'>ὡς</span> <span class='ocrx_word' id='word_1_73' title='bbox 815 746 936 811; x_wconf 78' lang='grc' dir='ltr'>ἔθος</span> <span class='ocrx_word' id='word_1_74' title='bbox 961 749 1163 812; x_wconf 82' lang='grc' dir='ltr'>αὐτοῖς,</span> <span class='ocrx_word' id='word_1_75' title='bbox 1190 746 1509 817; x_wconf 82' lang='grc' dir='ltr'>γελάσονται</span> <span class='ocrx_word' id='word_1_76' title='bbox 1534 745 1751 815; x_wconf 69' lang='grc' dir='ltr'><strong>(46)τοἰ)</strong></span> 
     </span>
    </p>
   </div>
   <div class='ocr_carea' id='block_1_11' title="bbox 1889 745 3472 819">
    <p class='ocr_par' dir='ltr' id='par_1_11' title="bbox 1889 750 3472 819">
     <span class='ocr_line' id='line_1_11' title="bbox 1889 750 3472 819; baseline -0.003 -14"><span class='ocrx_word' id='word_1_77' title='bbox 1889 751 2035 819; x_wconf 87' lang='lat' dir='ltr'><strong>ipsos</strong></span> <span class='ocrx_word' id='word_1_78' title='bbox 2078 750 2448 805; x_wconf 74' lang='lat' dir='ltr'><strong>controversia</strong></span> <span class='ocrx_word' id='word_1_79' title='bbox 2479 757 2594 813; x_wconf 83' lang='lat' dir='ltr'><strong>est,</strong></span> <span class='ocrx_word' id='word_1_80' title='bbox 2623 759 2933 818; x_wconf 77' lang='lat' dir='ltr'><strong>apparatus,</strong></span> <span class='ocrx_word' id='word_1_81' title='bbox 2968 763 3072 801; x_wconf 91' lang='lat' dir='ltr'><strong>non</strong></span> <span class='ocrx_word' id='word_1_82' title='bbox 3101 754 3472 812; x_wconf 88' lang='lat' dir='ltr'><strong>contemnen&#39;t,</strong></span> 
     </span>
    </p>
   </div>
   <div class='ocr_carea' id='block_1_12' title="bbox 155 838 1758 911">
    <p class='ocr_par' dir='ltr' id='par_1_12' title="bbox 155 838 1758 910">
     <span class='ocr_line' id='line_1_12' title="bbox 155 838 1758 910; baseline -0.004 -13"><span class='ocrx_word' id='word_1_83' title='bbox 155 838 278 897; x_wconf 82' lang='grc' dir='ltr'><strong>ἀπὸ</strong></span> <span class='ocrx_word' id='word_1_84' title='bbox 321 838 444 892; x_wconf 82' lang='grc' dir='ltr'><strong>τῶν</strong></span> <span class='ocrx_word' id='word_1_85' title='bbox 476 838 646 895; x_wconf 84' lang='grc' dir='ltr'>ἐθνῶν</span> <span class='ocrx_word' id='word_1_86' title='bbox 687 841 1074 905; x_wconf 82' lang='grc' dir='ltr'>πιστεύοντας,</span> <span class='ocrx_word' id='word_1_87' title='bbox 1117 841 1193 903; x_wconf 86' lang='grc' dir='ltr'>ὡς</span> <span class='ocrx_word' id='word_1_88' title='bbox 1228 842 1276 893; x_wconf 79' lang='grc' dir='ltr'>τ’</span> <span class='ocrx_word' id='word_1_89' title='bbox 1313 839 1488 910; x_wconf 87' lang='grc' dir='ltr'>ἀληθῆ</span> <span class='ocrx_word' id='word_1_90' title='bbox 1522 839 1615 891; x_wconf 80' lang='grc' dir='ltr'>καὶ</span> <span class='ocrx_word' id='word_1_91' title='bbox 1656 856 1758 910; x_wconf 83' lang='grc' dir='ltr'><strong>παρ</strong></span> 
     </span>
    </p>
   </div>
   <div class='ocr_carea' id='block_1_13' title="bbox 1889 838 3473 911">
    <p class='ocr_par' dir='ltr' id='par_1_13' title="bbox 1889 839 3473 911">
     <span class='ocr_line' id='line_1_13' title="bbox 1889 839 3473 911; baseline -0.003 -15"><span class='ocrx_word' id='word_1_92' title='bbox 1889 858 2084 910; x_wconf 82' lang='lat' dir='ltr'><strong>neque,</strong></span> <span class='ocrx_word' id='word_1_93' title='bbox 2112 852 2275 911; x_wconf 88' lang='lat' dir='ltr'><strong>prout</strong></span> <span class='ocrx_word' id='word_1_94' title='bbox 2301 842 2501 905; x_wconf 88' lang='lat' dir='ltr'><strong>solent,</strong></span> <span class='ocrx_word' id='word_1_95' title='bbox 2547 841 2850 895; x_wconf 89' lang='lat' dir='ltr'><strong>irridebunt</strong></span> <span class='ocrx_word' id='word_1_96' title='bbox 2884 855 2979 894; x_wconf 92' lang='lat' dir='ltr'><strong>eos</strong></span> <span class='ocrx_word' id='word_1_97' title='bbox 3014 840 3104 910; x_wconf 89' lang='lat' dir='ltr'><strong>qui</strong></span> <span class='ocrx_word' id='word_1_98' title='bbox 3138 839 3369 893; x_wconf 90' lang='lat' dir='ltr'><strong>credunt</strong></span> <span class='ocrx_word' id='word_1_99' title='bbox 3406 853 3473 892; x_wconf 80' lang='lat' dir='ltr'><strong>ex</strong></span> 
     </span>
    </p>
   </div>
   <div class='ocr_carea' id='block_1_14' title="bbox 156 926 1758 1006">
    <p class='ocr_par' dir='ltr' id='par_1_14' title="bbox 156 926 1758 1003">
     <span class='ocr_line' id='line_1_14' title="bbox 156 926 1758 1003; baseline 0 -18"><span class='ocrx_word' id='word_1_100' title='bbox 156 931 368 994; x_wconf 75' lang='grc' dir='ltr'>αὐτοῖς</span> <span class='ocrx_word' id='word_1_101' title='bbox 417 932 889 1003; x_wconf 77' lang='grc' dir='ltr'>ἀναγεγραμμένα</span> <span class='ocrx_word' id='word_1_102' title='bbox 946 930 1293 1000; x_wconf 78' lang='grc' dir='ltr'>ἀγνοοῦντας.</span> <span class='ocrx_word' id='word_1_103' title='bbox 1329 930 1514 983; x_wconf 81' lang='grc' dir='ltr'>Ταῦτα</span> <span class='ocrx_word' id='word_1_104' title='bbox 1546 932 1642 1001; x_wconf 85' lang='grc' dir='ltr'>μὲν</span> <span class='ocrx_word' id='word_1_105' title='bbox 1691 926 1758 985; x_wconf 76' lang='grc' dir='ltr'><strong>οὗ¹</strong></span> 
     </span>
    </p>
   </div>
   <div class='ocr_carea' id='block_1_15' title="bbox 1889 926 3477 1006">
    <p class='ocr_par' dir='ltr' id='par_1_15' title="bbox 1889 931 3477 1006">
     <span class='ocr_line' id='line_1_15' title="bbox 1889 931 3477 1006; baseline -0.003 -18"><span class='ocrx_word' id='word_1_106' title='bbox 1889 936 2170 1006; x_wconf 79' lang='lat' dir='ltr'><strong>gentibus,</strong></span> <span class='ocrx_word' id='word_1_107' title='bbox 2218 934 2361 1003; x_wconf 91' lang='lat' dir='ltr'><strong>quod</strong></span> <span class='ocrx_word' id='word_1_108' title='bbox 2400 948 2527 987; x_wconf 89' lang='lat' dir='ltr'><strong>vera</strong></span> <span class='ocrx_word' id='word_1_109' title='bbox 2561 941 2614 987; x_wconf 90' lang='lat' dir='ltr'><strong>et</strong></span> <span class='ocrx_word' id='word_1_110' title='bbox 2640 948 2760 1001; x_wconf 68' lang='lat' dir='ltr'><strong>qua:</strong></span> <span class='ocrx_word' id='word_1_111' title='bbox 2794 934 2934 1001; x_wconf 88' lang='lat' dir='ltr'><strong>apud</strong></span> <span class='ocrx_word' id='word_1_112' title='bbox 2984 932 3105 986; x_wconf 91' lang='lat' dir='ltr'><strong>illos</strong></span> <span class='ocrx_word' id='word_1_113' title='bbox 3137 931 3337 999; x_wconf 91' lang='lat' dir='ltr'><strong>scripta</strong></span> <span class='ocrx_word' id='word_1_114' title='bbox 3385 946 3477 985; x_wconf 76' lang='lat' dir='ltr'><strong>ex-</strong></span> 
     </span>
    </p>
   </div>
   <div class='ocr_carea' id='block_1_16' title="bbox 156 1022 1758 1097">
    <p class='ocr_par' dir='ltr' id='par_1_16' title="bbox 156 1022 1758 1097">
     <span class='ocr_line' id='line_1_16' title="bbox 156 1022 1758 1097; baseline 0.004 -25"><span class='ocrx_word' id='word_1_115' title='bbox 156 1022 425 1093; x_wconf 82' lang='grc' dir='ltr'>εἰρήσθω</span> <span class='ocrx_word' id='word_1_116' title='bbox 482 1024 619 1096; x_wconf 84' lang='grc' dir='ltr'>πρὸς</span> <span class='ocrx_word' id='word_1_117' title='bbox 671 1025 733 1078; x_wconf 86' lang='grc' dir='ltr'>τὸ</span> <span class='ocrx_word' id='word_1_118' title='bbox 780 1025 853 1097; x_wconf 83' lang='grc' dir='ltr'>μὴ</span> <span class='ocrx_word' id='word_1_119' title='bbox 900 1024 1161 1097; x_wconf 81' lang='grc' dir='ltr'>φέρεσθαι</span> <span class='ocrx_word' id='word_1_120' title='bbox 1216 1025 1346 1095; x_wconf 85' lang='grc' dir='ltr'>παρ’</span> <span class='ocrx_word' id='word_1_121' title='bbox 1386 1022 1655 1095; x_wconf 86' lang='grc' dir='ltr'>Ἑϐραίοις</span> <span class='ocrx_word' id='word_1_122' title='bbox 1715 1041 1758 1078; x_wconf 76' lang='grc' dir='ltr'><strong>τι</strong></span> 
     </span>
    </p>
   </div>
   <div class='ocr_carea' id='block_1_17' title="bbox 1889 1022 3475 1097">
    <p class='ocr_par' dir='ltr' id='par_1_17' title="bbox 1889 1022 3475 1095">
     <span class='ocr_line' id='line_1_17' title="bbox 1889 1022 3475 1095; baseline -0.004 -13"><span class='ocrx_word' id='word_1_123' title='bbox 1889 1035 2052 1093; x_wconf 85' lang='lat' dir='ltr'><strong>stant,</strong></span> <span class='ocrx_word' id='word_1_124' title='bbox 2075 1025 2342 1095; x_wconf 71' lang='lat' dir='ltr'><strong>ignorent.</strong></span> <span class='ocrx_word' id='word_1_125' title='bbox 2371 1022 2546 1093; x_wconf 79' lang='lat' dir='ltr'><strong>Atque</strong></span> <span class='ocrx_word' id='word_1_126' title='bbox 2563 1023 2677 1077; x_wconf 77' lang='lat' dir='ltr'><strong>luce</strong></span> <span class='ocrx_word' id='word_1_127' title='bbox 2702 1023 2841 1077; x_wconf 88' lang='lat' dir='ltr'><strong>dicta</strong></span> <span class='ocrx_word' id='word_1_128' title='bbox 2859 1023 3048 1078; x_wconf 90' lang='lat' dir='ltr'><strong>sintad</strong></span> <span class='ocrx_word' id='word_1_129' title='bbox 3064 1024 3192 1076; x_wconf 91' lang='lat' dir='ltr'><strong>illud</strong></span> <span class='ocrx_word' id='word_1_130' title='bbox 3211 1022 3354 1092; x_wconf 89' lang='lat' dir='ltr'><strong>quod</strong></span> <span class='ocrx_word' id='word_1_131' title='bbox 3377 1023 3475 1075; x_wconf 91' lang='lat' dir='ltr'><strong>ob-</strong></span> 
     </span>
    </p>
   </div>
   <div class='ocr_carea' id='block_1_18' title="bbox 158 1113 1758 1187">
    <p class='ocr_par' dir='ltr' id='par_1_18' title="bbox 158 1114 669 1184">
     <span class='ocr_line' id='line_1_18' title="bbox 158 1114 669 1184; baseline 0.002 -20"><span class='ocrx_word' id='word_1_132' title='bbox 158 1114 301 1183; x_wconf 75' lang='grc' dir='ltr'>περὶ</span> <span class='ocrx_word' id='word_1_133' title='bbox 341 1114 669 1184; x_wconf 86' lang='grc' dir='ltr'>Σωσάννης.</span> 
     </span>
    </p>
   </div>
   <div class='ocr_carea' id='block_1_19' title="bbox 1889 1113 3469 1187">
    <p class='ocr_par' dir='ltr' id='par_1_19' title="bbox 1889 1113 3469 1186">
     <span class='ocr_line' id='line_1_19' title="bbox 1889 1113 3469 1186; baseline -0.003 -11"><span class='ocrx_word' id='word_1_134' title='bbox 1889 1117 2083 1186; x_wconf 82' lang='lat' dir='ltr'><strong>iecisti,</strong></span> <span class='ocrx_word' id='word_1_135' title='bbox 2104 1116 2241 1185; x_wconf 90' lang='lat' dir='ltr'><strong>apud</strong></span> <span class='ocrx_word' id='word_1_136' title='bbox 2258 1116 2511 1170; x_wconf 79' lang='lat' dir='ltr'><strong>llcbraeos</strong></span> <span class='ocrx_word' id='word_1_137' title='bbox 2525 1129 2629 1168; x_wconf 91' lang='lat' dir='ltr'><strong>non</strong></span> <span class='ocrx_word' id='word_1_138' title='bbox 2648 1124 2865 1169; x_wconf 83' lang='lat' dir='ltr'><strong>exstare</strong></span> <span class='ocrx_word' id='word_1_139' title='bbox 2884 1113 3144 1169; x_wconf 69' lang='lat' dir='ltr'><strong>Susanna:</strong></span> <span class='ocrx_word' id='word_1_140' title='bbox 3166 1115 3469 1171; x_wconf 83' lang='lat' dir='ltr'><strong>historiam.</strong></span> 
     </span>
    </p>
   </div>
   <div class='ocr_carea' id='block_1_20' title="bbox 237 1201 1758 1280">
    <p class='ocr_par' dir='ltr' id='par_1_20' title="bbox 237 1203 1758 1280">
     <span class='ocr_line' id='line_1_20' title="bbox 237 1203 1758 1280; baseline 0.004 -25"><span class='ocrx_word' id='word_1_141' title='bbox 237 1203 493 1273; x_wconf 81' lang='grc' dir='ltr'>Ἰδωμεν</span> <span class='ocrx_word' id='word_1_142' title='bbox 524 1204 580 1257; x_wconf 86' lang='grc' dir='ltr'>δὲ</span> <span class='ocrx_word' id='word_1_143' title='bbox 610 1206 703 1257; x_wconf 78' lang='grc' dir='ltr'><strong>καὶ</strong></span> <span class='ocrx_word' id='word_1_144' title='bbox 736 1204 771 1258; x_wconf 81' lang='grc' dir='ltr'>ἃ</span> <span class='ocrx_word' id='word_1_145' title='bbox 798 1206 1126 1279; x_wconf 78' lang='grc' dir='ltr'>προσφέρεις</span> <span class='ocrx_word' id='word_1_146' title='bbox 1160 1209 1237 1279; x_wconf 84' lang='grc' dir='ltr'><strong>τῷ</strong></span> <span class='ocrx_word' id='word_1_147' title='bbox 1264 1208 1409 1280; x_wconf 83' lang='grc' dir='ltr'>λόγῳ</span> <span class='ocrx_word' id='word_1_148' title='bbox 1441 1209 1758 1279; x_wconf 78' lang='grc' dir='ltr'>ἐγκλήματα</span> 
     </span>
    </p>
   </div>
   <div class='ocr_carea' id='block_1_21' title="bbox 1889 1201 3474 1280">
    <p class='ocr_par' dir='ltr' id='par_1_21' title="bbox 1957 1201 3474 1270">
     <span class='ocr_line' id='line_1_21' title="bbox 1957 1201 3474 1270; baseline -0.005 -8"><span class='ocrx_word' id='word_1_149' title='bbox 1957 1207 2008 1262; x_wconf 89' lang='grc'><strong>6.</strong></span> <span class='ocrx_word' id='word_1_150' title='bbox 2044 1205 2337 1261; x_wconf 76' lang='lat' dir='ltr'><strong>Videamus</strong></span> <span class='ocrx_word' id='word_1_151' title='bbox 2372 1204 2538 1257; x_wconf 88' lang='lat' dir='ltr'><strong>etiam</strong></span> <span class='ocrx_word' id='word_1_152' title='bbox 2585 1218 2708 1270; x_wconf 59' lang='lat' dir='ltr'><strong>que</strong></span> <span class='ocrx_word' id='word_1_153' title='bbox 2749 1203 2800 1255; x_wconf 93' lang='lat' dir='ltr'><strong>in</strong></span> <span class='ocrx_word' id='word_1_154' title='bbox 2833 1202 3085 1255; x_wconf 86' lang='lat' dir='ltr'><strong>oratione</strong></span> <span class='ocrx_word' id='word_1_155' title='bbox 3120 1201 3233 1270; x_wconf 91' lang='lat' dir='ltr'><strong>ipsa</strong></span> <span class='ocrx_word' id='word_1_156' title='bbox 3285 1201 3474 1254; x_wconf 90' lang='lat' dir='ltr'><strong>crimi-</strong></span> 
     </span>
    </p>
   </div>
   <div class='ocr_carea' id='block_1_22' title="bbox 155 1294 1758 1369">
    <p class='ocr_par' dir='ltr' id='par_1_22' title="bbox 155 1294 1758 1369">
     <span class='ocr_line' id='line_1_22' title="bbox 155 1294 1758 1369; baseline 0.004 -23"><span class='ocrx_word' id='word_1_157' title='bbox 155 1295 277 1347; x_wconf 72' lang='grc' dir='ltr'>Καὶ</span> <span class='ocrx_word' id='word_1_158' title='bbox 337 1294 564 1366; x_wconf 80' lang='grc' dir='ltr'>πρῶτόν</span> <span class='ocrx_word' id='word_1_159' title='bbox 599 1313 665 1364; x_wconf 84' lang='grc' dir='ltr'>γε</span> <span class='ocrx_word' id='word_1_160' title='bbox 706 1295 1001 1367; x_wconf 82' lang='grc' dir='ltr'>ἀρξώμεθα</span> <span class='ocrx_word' id='word_1_161' title='bbox 1047 1300 1155 1351; x_wconf 84' lang='grc' dir='ltr'><strong>ἀπὸ</strong></span> <span class='ocrx_word' id='word_1_162' title='bbox 1207 1299 1302 1352; x_wconf 75' lang='grc' dir='ltr'>τοῦ</span> <span class='ocrx_word' id='word_1_163' title='bbox 1358 1300 1677 1369; x_wconf 78' lang='grc' dir='ltr'>δυνηθέντος</span> <span class='ocrx_word' id='word_1_164' title='bbox 1718 1299 1758 1352; x_wconf 54' lang='grc' dir='ltr'><strong>ἂί</strong></span> 
     </span>
    </p>
   </div>
   <div class='ocr_carea' id='block_1_23' title="bbox 1889 1294 3470 1369">
    <p class='ocr_par' dir='ltr' id='par_1_23' title="bbox 1889 1294 3470 1367">
     <span class='ocr_line' id='line_1_23' title="bbox 1889 1294 3470 1367; baseline -0.004 -13"><span class='ocrx_word' id='word_1_165' title='bbox 1889 1300 2057 1354; x_wconf 88' lang='lat' dir='ltr'><strong>naris.</strong></span> <span class='ocrx_word' id='word_1_166' title='bbox 2092 1299 2159 1353; x_wconf 88' lang='lat' dir='ltr'><strong>Et</strong></span> <span class='ocrx_word' id='word_1_167' title='bbox 2189 1300 2421 1367; x_wconf 90' lang='lat' dir='ltr'><strong>primum</strong></span> <span class='ocrx_word' id='word_1_168' title='bbox 2450 1294 2775 1364; x_wconf 88' lang='lat' dir='ltr'><strong>incipiamus</strong></span> <span class='ocrx_word' id='word_1_169' title='bbox 2806 1295 2873 1348; x_wconf 91' lang='lat' dir='ltr'><strong>ab</strong></span> <span class='ocrx_word' id='word_1_170' title='bbox 2903 1308 2968 1347; x_wconf 91' lang='lat' dir='ltr'><strong>eo</strong></span> <span class='ocrx_word' id='word_1_171' title='bbox 3005 1294 3152 1362; x_wconf 90' lang='lat' dir='ltr'><strong>quod</strong></span> <span class='ocrx_word' id='word_1_172' title='bbox 3185 1295 3470 1348; x_wconf 82' lang='lat' dir='ltr'><strong>deterrere</strong></span> 
     </span>
    </p>
   </div>
   <div class='ocr_carea' id='block_1_24' title="bbox 152 1385 1758 1461">
    <p class='ocr_par' dir='ltr' id='par_1_24' title="bbox 152 1386 1758 1461">
     <span class='ocr_line' id='line_1_24' title="bbox 152 1386 1758 1461; baseline 0.004 -24"><span class='ocrx_word' id='word_1_173' title='bbox 152 1386 508 1455; x_wconf 74' lang='grc' dir='ltr'>δυσωπῆσαι</span> <span class='ocrx_word' id='word_1_174' title='bbox 562 1386 698 1457; x_wconf 75' lang='grc' dir='ltr'>πρὸς</span> <span class='ocrx_word' id='word_1_175' title='bbox 744 1388 804 1440; x_wconf 88' lang='grc' dir='ltr'>τὸ</span> <span class='ocrx_word' id='word_1_176' title='bbox 864 1388 937 1459; x_wconf 79' lang='grc' dir='ltr'><strong>μὴ</strong></span> <span class='ocrx_word' id='word_1_177' title='bbox 1000 1389 1405 1460; x_wconf 74' lang='grc' dir='ltr'>παραδέξασθαι</span> <span class='ocrx_word' id='word_1_178' title='bbox 1466 1392 1567 1461; x_wconf 81' lang='grc' dir='ltr'>τὴν</span> <span class='ocrx_word' id='word_1_179' title='bbox 1638 1394 1758 1444; x_wconf 64' lang='grc' dir='ltr'>ίστοι</span> 
     </span>
    </p>
   </div>
   <div class='ocr_carea' id='block_1_25' title="bbox 1889 1385 3472 1461">
    <p class='ocr_par' dir='ltr' id='par_1_25' title="bbox 1889 1385 3472 1461">
     <span class='ocr_line' id='line_1_25' title="bbox 1889 1385 3472 1461; baseline -0.003 -18"><span class='ocrx_word' id='word_1_180' title='bbox 1889 1403 2054 1461; x_wconf 87' lang='lat' dir='ltr'><strong>queat</strong></span> <span class='ocrx_word' id='word_1_181' title='bbox 2082 1406 2151 1445; x_wconf 85' lang='lat' dir='ltr'><strong>ne</strong></span> <span class='ocrx_word' id='word_1_182' title='bbox 2180 1390 2498 1444; x_wconf 86' lang='lat' dir='ltr'><strong>admittatur</strong></span> <span class='ocrx_word' id='word_1_183' title='bbox 2528 1386 2761 1442; x_wconf 86' lang='lat' dir='ltr'><strong>historia</strong></span> <span class='ocrx_word' id='word_1_184' title='bbox 2781 1428 2796 1452; x_wconf 87' lang='lat'><strong>,</strong></span> <span class='ocrx_word' id='word_1_185' title='bbox 2846 1399 3042 1453; x_wconf 89' lang='lat' dir='ltr'><strong>nempe</strong></span> <span class='ocrx_word' id='word_1_186' title='bbox 3071 1399 3133 1438; x_wconf 90' lang='lat' dir='ltr'><strong>ea</strong></span> <span class='ocrx_word' id='word_1_187' title='bbox 3163 1400 3325 1453; x_wconf 88' lang='lat' dir='ltr'><strong>quam</strong></span> <span class='ocrx_word' id='word_1_188' title='bbox 3362 1385 3472 1439; x_wconf 79' lang='grc' dir='ltr'><strong>ἀπὸ</strong></span> 
     </span>
    </p>
   </div>
   <div class='ocr_carea' id='block_1_26' title="bbox 158 1476 3473 1556">
    <p class='ocr_par' dir='ltr' id='par_1_26' title="bbox 158 1476 3473 1556">
     <span class='ocr_line' id='line_1_26' title="bbox 158 1476 3473 1556; baseline 0.001 -29"><span class='ocrx_word' id='word_1_189' title='bbox 158 1477 294 1546; x_wconf 88' lang='grc' dir='ltr'>ρίαν</span> <span class='ocrx_word' id='word_1_190' title='bbox 332 1476 486 1546; x_wconf 71' lang='grc'>(47)·</span> <span class='ocrx_word' id='word_1_191' title='bbox 526 1480 662 1548; x_wconf 81' lang='grc' dir='ltr'>ὅπερ</span> <span class='ocrx_word' id='word_1_192' title='bbox 696 1477 813 1530; x_wconf 77' lang='grc' dir='ltr'>ἐστὶ</span> <span class='ocrx_word' id='word_1_193' title='bbox 842 1478 900 1530; x_wconf 85' lang='grc' dir='ltr'><strong>τὸ</strong></span> <span class='ocrx_word' id='word_1_194' title='bbox 929 1480 1054 1550; x_wconf 78' lang='grc' dir='ltr'>περὶ</span> <span class='ocrx_word' id='word_1_195' title='bbox 1085 1482 1182 1552; x_wconf 83' lang='grc' dir='ltr'>τὴν</span> <span class='ocrx_word' id='word_1_196' title='bbox 1210 1483 1565 1553; x_wconf 84' lang='grc' dir='ltr'>παρωνυμίαν</span> <span class='ocrx_word' id='word_1_197' title='bbox 1592 1483 1783 1553; x_wconf 84' lang='grc' dir='ltr'>πρίνου</span> <span class='ocrx_word' id='word_1_198' title='bbox 1887 1483 1979 1538; x_wconf 78' lang='grc' dir='ltr'>τοῦ</span> <span class='ocrx_word' id='word_1_199' title='bbox 2015 1484 2204 1556; x_wconf 82' lang='grc' dir='ltr'>πρίνου</span> <span class='ocrx_word' id='word_1_200' title='bbox 2244 1482 2448 1553; x_wconf 88' lang='grc' dir='ltr'>πρίσις,</span> <span class='ocrx_word' id='word_1_201' title='bbox 2484 1489 2538 1534; x_wconf 89' lang='lat' dir='ltr'><strong>el</strong></span> <span class='ocrx_word' id='word_1_202' title='bbox 2569 1480 2676 1533; x_wconf 85' lang='grc' dir='ltr'><strong>ἀπὸ</strong></span> <span class='ocrx_word' id='word_1_203' title='bbox 2725 1478 2817 1531; x_wconf 79' lang='grc' dir='ltr'>τοῦ</span> <span class='ocrx_word' id='word_1_204' title='bbox 2853 1478 3030 1547; x_wconf 79' lang='grc' dir='ltr'>σχίνου</span> <span class='ocrx_word' id='word_1_205' title='bbox 3071 1477 3243 1547; x_wconf 88' lang='grc' dir='ltr'>σχίσις</span> <span class='ocrx_word' id='word_1_206' title='bbox 3286 1478 3473 1542; x_wconf 81' lang='lat' dir='ltr'><strong>habet,</strong></span> 
     </span>
    </p>
   </div>
   <div class='ocr_carea' id='block_1_27' title="bbox 158 1568 1758 1645">
    <p class='ocr_par' dir='ltr' id='par_1_27' title="bbox 158 1568 1758 1645">
     <span class='ocr_line' id='line_1_27' title="bbox 158 1568 1758 1645; baseline 0.003 -25"><span class='ocrx_word' id='word_1_207' title='bbox 158 1568 268 1638; x_wconf 82' lang='grc' dir='ltr'><strong>μὲν</strong></span> <span class='ocrx_word' id='word_1_208' title='bbox 306 1569 474 1640; x_wconf 59' lang='grc' dir='ltr'><strong>’πρὸς⁸</strong></span> <span class='ocrx_word' id='word_1_209' title='bbox 495 1570 711 1643; x_wconf 90' lang='grc' dir='ltr'>πρίσιν,</span> <span class='ocrx_word' id='word_1_210' title='bbox 749 1573 928 1643; x_wconf 82' lang='grc' dir='ltr'>σχίνου</span> <span class='ocrx_word' id='word_1_211' title='bbox 956 1573 1012 1624; x_wconf 78' lang='grc' dir='ltr'>δὲ</span> <span class='ocrx_word' id='word_1_212' title='bbox 1047 1573 1181 1645; x_wconf 78' lang='grc' dir='ltr'>πρὸς</span> <span class='ocrx_word' id='word_1_213' title='bbox 1214 1574 1419 1643; x_wconf 81' lang='grc' dir='ltr'>σχίσιν·</span> <span class='ocrx_word' id='word_1_214' title='bbox 1468 1575 1594 1645; x_wconf 80' lang='grc' dir='ltr'>περὶ</span> <span class='ocrx_word' id='word_1_215' title='bbox 1620 1568 1680 1627; x_wconf 75' lang='grc' dir='ltr'>οὗ</span> <span class='ocrx_word' id='word_1_216' title='bbox 1718 1575 1758 1627; x_wconf 75' lang='grc' dir='ltr'><strong>σί</strong></span> 
     </span>
    </p>
   </div>
   <div class='ocr_carea' id='block_1_28' title="bbox 1889 1568 3468 1645">
    <p class='ocr_par' dir='ltr' id='par_1_28' title="bbox 1889 1569 3468 1639">
     <span class='ocr_line' id='line_1_28' title="bbox 1889 1569 3468 1639; baseline -0.004 -10"><span class='ocrx_word' id='word_1_217' title='bbox 1889 1575 2244 1636; x_wconf 84' lang='lat' dir='ltr'><strong>derivatione,</strong></span> <span class='ocrx_word' id='word_1_218' title='bbox 2272 1574 2337 1627; x_wconf 88' lang='lat' dir='ltr'><strong>de</strong></span> <span class='ocrx_word' id='word_1_219' title='bbox 2362 1586 2466 1639; x_wconf 84' lang='lat' dir='ltr'><strong>qua</strong></span> <span class='ocrx_word' id='word_1_220' title='bbox 2500 1580 2550 1623; x_wconf 93' lang='lat' dir='ltr'><strong>tn</strong></span> <span class='ocrx_word' id='word_1_221' title='bbox 2582 1570 2967 1638; x_wconf 79' lang='lat' dir='ltr'><strong>pronuntiasti,</strong></span> <span class='ocrx_word' id='word_1_222' title='bbox 2990 1569 3112 1623; x_wconf 80' lang='lat' dir='ltr'><strong>acsi</strong></span> <span class='ocrx_word' id='word_1_223' title='bbox 3132 1576 3468 1636; x_wconf 87' lang='lat' dir='ltr'><strong>compertum</strong></span> 
     </span>
    </p>
   </div>
   <div class='ocr_carea' id='block_1_29' title="bbox 159 1660 1758 1737">
    <p class='ocr_par' dir='ltr' id='par_1_29' title="bbox 159 1660 1758 1737">
     <span class='ocr_line' id='line_1_29' title="bbox 159 1660 1758 1737; baseline 0.003 -23"><span class='ocrx_word' id='word_1_224' title='bbox 159 1660 269 1730; x_wconf 86' lang='grc' dir='ltr'><strong>μὲν</strong></span> <span class='ocrx_word' id='word_1_225' title='bbox 304 1661 607 1732; x_wconf 83' lang='grc' dir='ltr'>ἀπεφήνω,</span> <span class='ocrx_word' id='word_1_226' title='bbox 641 1665 717 1727; x_wconf 85' lang='grc' dir='ltr'><strong>ὡς</strong></span> <span class='ocrx_word' id='word_1_227' title='bbox 745 1663 1067 1719; x_wconf 83' lang='grc' dir='ltr'>καταλαϐὼν</span> <span class='ocrx_word' id='word_1_228' title='bbox 1092 1666 1213 1718; x_wconf 87' lang='grc' dir='ltr'>τίνα</span> <span class='ocrx_word' id='word_1_229' title='bbox 1248 1666 1445 1736; x_wconf 82' lang='grc' dir='ltr'>τρόπον</span> <span class='ocrx_word' id='word_1_230' title='bbox 1471 1668 1529 1720; x_wconf 83' lang='grc' dir='ltr'><strong>ἐν</strong></span> <span class='ocrx_word' id='word_1_231' title='bbox 1564 1667 1661 1737; x_wconf 81' lang='grc' dir='ltr'><strong>μὲν</strong></span> <span class='ocrx_word' id='word_1_232' title='bbox 1692 1667 1758 1719; x_wconf 64' lang='lat' dir='ltr'><strong>ex.</strong></span> 
     </span>
    </p>
   </div>
   <div class='ocr_carea' id='block_1_30' title="bbox 1889 1660 3471 1737">
    <p class='ocr_par' dir='ltr' id='par_1_30' title="bbox 1889 1660 3471 1734">
     <span class='ocr_line' id='line_1_30' title="bbox 1889 1660 3471 1734; baseline -0.003 -15"><span class='ocrx_word' id='word_1_233' title='bbox 1889 1667 2114 1721; x_wconf 90' lang='lat' dir='ltr'><strong>haberes</strong></span> <span class='ocrx_word' id='word_1_234' title='bbox 2152 1680 2259 1734; x_wconf 91' lang='lat' dir='ltr'><strong>quo</strong></span> <span class='ocrx_word' id='word_1_235' title='bbox 2302 1664 2460 1719; x_wconf 85' lang='lat' dir='ltr'><strong>modo</strong></span> <span class='ocrx_word' id='word_1_236' title='bbox 2498 1663 2684 1717; x_wconf 75' lang='lat' dir='ltr'><strong>Gnece</strong></span> <span class='ocrx_word' id='word_1_237' title='bbox 2732 1662 2948 1729; x_wconf 82' lang='lat' dir='ltr'><strong>quidem</strong></span> <span class='ocrx_word' id='word_1_238' title='bbox 2998 1660 3114 1714; x_wconf 83' lang='lat' dir='ltr'><strong>haec</strong></span> <span class='ocrx_word' id='word_1_239' title='bbox 3163 1676 3471 1715; x_wconf 87' lang='lat' dir='ltr'><strong>consonare</strong></span> 
     </span>
    </p>
   </div>
   <div class='ocr_carea' id='block_1_31' title="bbox 153 1729 1758 1829">
    <p class='ocr_par' dir='ltr' id='par_1_31' title="bbox 153 1729 1758 1825">
     <span class='ocr_line' id='line_1_31' title="bbox 153 1729 1758 1825; baseline 0.002 -22"><span class='ocrx_word' id='word_1_240' title='bbox 153 1729 671 1823; x_wconf 12' lang='lat' dir='ltr'><strong>lﬁVtxa‘t&#39;ciqp-wvai;</strong></span> <span class='ocrx_word' id='word_1_241' title='bbox 698 1753 920 1805; x_wconf 79' lang='grc' dir='ltr'>τοιαῦτα</span> <span class='ocrx_word' id='word_1_242' title='bbox 948 1755 1250 1823; x_wconf 78' lang='grc' dir='ltr'>όμοφωνεῖν</span> <span class='ocrx_word' id='word_1_243' title='bbox 1284 1729 1600 1825; x_wconf 72' lang='grc' dir='ltr'>συμϐαίνει,</span> <span class='ocrx_word' id='word_1_244' title='bbox 1631 1759 1689 1809; x_wconf 78' lang='grc' dir='ltr'><strong>ἐν</strong></span> <span class='ocrx_word' id='word_1_245' title='bbox 1722 1756 1758 1808; x_wconf 65' lang='grc' dir='ltr'>δὲ</span> 
     </span>
    </p>
   </div>
   <div class='ocr_carea' id='block_1_32' title="bbox 1889 1729 3468 1829">
    <p class='ocr_par' dir='ltr' id='par_1_32' title="bbox 1889 1729 3468 1829">
     <span class='ocr_line' id='line_1_32' title="bbox 1889 1729 3468 1829; baseline -0.005 -15"><span class='ocrx_word' id='word_1_246' title='bbox 1889 1729 2187 1829; x_wconf 69' lang='lat' dir='ltr'><strong>contingat,</strong></span> <span class='ocrx_word' id='word_1_247' title='bbox 2248 1757 2512 1811; x_wconf 82' lang='lat' dir='ltr'><strong>Hebraice</strong></span> <span class='ocrx_word' id='word_1_248' title='bbox 2560 1765 2740 1809; x_wconf 86' lang='lat' dir='ltr'><strong>autem</strong></span> <span class='ocrx_word' id='word_1_249' title='bbox 2793 1755 2998 1807; x_wconf 89' lang='lat' dir='ltr'><strong>distent</strong></span> <span class='ocrx_word' id='word_1_250' title='bbox 3052 1754 3294 1822; x_wconf 86' lang='lat' dir='ltr'><strong>penitus.</strong></span> <span class='ocrx_word' id='word_1_251' title='bbox 3356 1753 3468 1823; x_wconf 73' lang='lat' dir='ltr'><strong>Ego</strong></span> 
     </span>
    </p>
   </div>
   <div class='ocr_carea' id='block_1_33' title="bbox 154 1839 1758 1917">
    <p class='ocr_par' dir='ltr' id='par_1_33' title="bbox 154 1839 1758 1917">
     <span class='ocr_line' id='line_1_33' title="bbox 154 1839 1758 1917; baseline 0.005 -24"><span class='ocrx_word' id='word_1_252' title='bbox 154 1844 228 1913; x_wconf 78' lang='grc' dir='ltr'>τῇ</span> <span class='ocrx_word' id='word_1_253' title='bbox 278 1839 538 1914; x_wconf 72' lang='grc' dir='ltr'>Ἐϐραΐδι</span> <span class='ocrx_word' id='word_1_254' title='bbox 590 1843 668 1915; x_wconf 85' lang='grc' dir='ltr'>τῷ</span> <span class='ocrx_word' id='word_1_255' title='bbox 723 1845 887 1898; x_wconf 77' lang='grc' dir='ltr'>παντὶ</span> <span class='ocrx_word' id='word_1_256' title='bbox 920 1845 1031 1915; x_wconf 66' lang='grc'>(48)</span> <span class='ocrx_word' id='word_1_257' title='bbox 1080 1845 1400 1916; x_wconf 83' lang='grc' dir='ltr'>διέστηκεν⁶</span> <span class='ocrx_word' id='word_1_258' title='bbox 1472 1848 1583 1917; x_wconf 77' lang='grc' dir='ltr'><strong>ἐγὼ</strong></span> <span class='ocrx_word' id='word_1_259' title='bbox 1612 1848 1668 1901; x_wconf 82' lang='grc' dir='ltr'>δὲ</span> <span class='ocrx_word' id='word_1_260' title='bbox 1701 1848 1758 1902; x_wconf 79' lang='grc' dir='ltr'><strong>έτ</strong></span> 
     </span>
    </p>
   </div>
   <div class='ocr_carea' id='block_1_34' title="bbox 1889 1839 3467 1917">
    <p class='ocr_par' dir='ltr' id='par_1_34' title="bbox 1889 1846 3467 1915">
     <span class='ocr_line' id='line_1_34' title="bbox 1889 1846 3467 1915; baseline -0.002 -13"><span class='ocrx_word' id='word_1_261' title='bbox 1889 1868 2012 1907; x_wconf 72' lang='lat' dir='ltr'><strong>vero</strong></span> <span class='ocrx_word' id='word_1_262' title='bbox 2042 1853 2340 1906; x_wconf 88' lang='lat' dir='ltr'><strong>etiamnum</strong></span> <span class='ocrx_word' id='word_1_263' title='bbox 2372 1851 2580 1903; x_wconf 91' lang='lat' dir='ltr'><strong>dubito.</strong></span> <span class='ocrx_word' id='word_1_264' title='bbox 2615 1847 2746 1901; x_wconf 87' lang='lat' dir='ltr'><strong>Nam</strong></span> <span class='ocrx_word' id='word_1_265' title='bbox 2772 1856 2823 1902; x_wconf 89' lang='lat' dir='ltr'><strong>et</strong></span> <span class='ocrx_word' id='word_1_266' title='bbox 2844 1861 2945 1915; x_wconf 80' lang='lat' dir='ltr'><strong>ego</strong></span> <span class='ocrx_word' id='word_1_267' title='bbox 2969 1846 3037 1899; x_wconf 92' lang='lat' dir='ltr'><strong>de</strong></span> <span class='ocrx_word' id='word_1_268' title='bbox 3066 1847 3166 1900; x_wconf 92' lang='lat' dir='ltr'><strong>hoc</strong></span> <span class='ocrx_word' id='word_1_269' title='bbox 3209 1846 3325 1899; x_wconf 90' lang='lat' dir='ltr'><strong>loco</strong></span> <span class='ocrx_word' id='word_1_270' title='bbox 3354 1846 3467 1900; x_wconf 64' lang='lat' dir='ltr'><strong>sola-</strong></span> 
     </span>
    </p>
   </div>
   <div class='ocr_carea' id='block_1_35' title="bbox 153 1934 1758 2009">
    <p class='ocr_par' dir='ltr' id='par_1_35' title="bbox 153 1934 1758 2008">
     <span class='ocr_line' id='line_1_35' title="bbox 153 1934 1758 2008; baseline 0.006 -22"><span class='ocrx_word' id='word_1_271' title='bbox 153 1934 516 2003; x_wconf 82' lang='grc' dir='ltr'>ἀμφιϐάλλω</span> <span class='ocrx_word' id='word_1_272' title='bbox 535 1954 548 1966; x_wconf 87' lang='grc'><strong>·</strong></span> <span class='ocrx_word' id='word_1_273' title='bbox 583 1938 809 2008; x_wconf 73' lang='grc' dir='ltr'>ἐπείπερ</span> <span class='ocrx_word' id='word_1_274' title='bbox 836 1938 1125 2008; x_wconf 83' lang='grc' dir='ltr'>φροντίσας</span> <span class='ocrx_word' id='word_1_275' title='bbox 1152 1939 1260 1993; x_wconf 86' lang='grc' dir='ltr'><strong>τῶν</strong></span> <span class='ocrx_word' id='word_1_276' title='bbox 1299 1940 1441 1993; x_wconf 84' lang='grc' dir='ltr'><strong>κατὰ</strong></span> <span class='ocrx_word' id='word_1_277' title='bbox 1479 1940 1570 1995; x_wconf 82' lang='grc' dir='ltr'><strong>τὸν</strong></span> <span class='ocrx_word' id='word_1_278' title='bbox 1596 1941 1758 1995; x_wconf 86' lang='grc' dir='ltr'>τόπον</span> 
     </span>
    </p>
   </div>
   <div class='ocr_carea' id='block_1_36' title="bbox 1889 1934 3467 2009">
    <p class='ocr_par' dir='ltr' id='par_1_36' title="bbox 1889 1938 3467 2009">
     <span class='ocr_line' id='line_1_36' title="bbox 1889 1938 3467 2009; baseline -0.003 -12"><span class='ocrx_word' id='word_1_279' title='bbox 1889 1943 2087 2008; x_wconf 88' lang='lat' dir='ltr'><strong>licitus,</strong></span> <span class='ocrx_word' id='word_1_280' title='bbox 2107 1957 2231 1995; x_wconf 93' lang='lat' dir='ltr'><strong>cum</strong></span> <span class='ocrx_word' id='word_1_281' title='bbox 2256 1951 2308 1992; x_wconf 90' lang='lat' dir='ltr'><strong>et</strong></span> <span class='ocrx_word' id='word_1_282' title='bbox 2328 1940 2442 2009; x_wconf 84' lang='lat' dir='ltr'><strong>ipse</strong></span> <span class='ocrx_word' id='word_1_283' title='bbox 2468 1940 2573 2009; x_wconf 80' lang='lat'><strong>18</strong></span> <span class='ocrx_word' id='word_1_284' title='bbox 2593 1939 2791 1993; x_wconf 89' lang='lat' dir='ltr'><strong>dubius</strong></span> <span class='ocrx_word' id='word_1_285' title='bbox 2822 1938 3106 2002; x_wconf 54' lang='lat' dir='ltr'><strong>haererem,</strong></span> <span class='ocrx_word' id='word_1_286' title='bbox 3128 1952 3232 1991; x_wconf 93' lang='lat' dir='ltr'><strong>non</strong></span> <span class='ocrx_word' id='word_1_287' title='bbox 3266 1952 3467 2005; x_wconf 85' lang='lat' dir='ltr'><strong>paucos</strong></span> 
     </span>
    </p>
   </div>
   <div class='ocr_carea' id='block_1_37' title="bbox 154 2026 1758 2100">
    <p class='ocr_par' dir='ltr' id='par_1_37' title="bbox 154 2026 1758 2100">
     <span class='ocr_line' id='line_1_37' title="bbox 154 2026 1758 2100; baseline -0.001 -20"><span class='ocrx_word' id='word_1_288' title='bbox 154 2026 242 2099; x_wconf 78' lang='grc' dir='ltr'>τῷ</span> <span class='ocrx_word' id='word_1_289' title='bbox 297 2029 400 2081; x_wconf 73' lang='grc' dir='ltr'><strong>καὶ</strong></span> <span class='ocrx_word' id='word_1_290' title='bbox 460 2028 620 2091; x_wconf 74' lang='grc' dir='ltr'>αὐτὸς</span> <span class='ocrx_word' id='word_1_291' title='bbox 663 2029 997 2100; x_wconf 82' lang='grc' dir='ltr'>ὴπορηκέναι</span> <span class='ocrx_word' id='word_1_292' title='bbox 1051 2031 1108 2083; x_wconf 82' lang='grc' dir='ltr'><strong>ἐν</strong></span> <span class='ocrx_word' id='word_1_293' title='bbox 1159 2031 1366 2095; x_wconf 79' lang='grc' dir='ltr'>αὐτοῖς,</span> <span class='ocrx_word' id='word_1_294' title='bbox 1428 2032 1527 2084; x_wconf 76' lang='grc' dir='ltr'><strong>οὐκ</strong></span> <span class='ocrx_word' id='word_1_295' title='bbox 1580 2031 1758 2100; x_wconf 65' lang='grc' dir='ltr'>ὀλίγοις</span> 
     </span>
    </p>
   </div>
   <div class='ocr_carea' id='block_1_38' title="bbox 1889 2026 3466 2100">
    <p class='ocr_par' dir='ltr' id='par_1_38' title="bbox 1889 2027 3466 2097">
     <span class='ocr_line' id='line_1_38' title="bbox 1889 2027 3466 2097; baseline -0.006 -7"><span class='ocrx_word' id='word_1_296' title='bbox 1889 2035 2145 2090; x_wconf 70' lang='lat' dir='ltr'><strong>Hebrazos</strong></span> <span class='ocrx_word' id='word_1_297' title='bbox 2177 2031 2446 2093; x_wconf 88' lang='lat' dir='ltr'><strong>consului,</strong></span> <span class='ocrx_word' id='word_1_298' title='bbox 2478 2028 2770 2083; x_wconf 87' lang='lat' dir='ltr'><strong>sciscitans</strong></span> <span class='ocrx_word' id='word_1_299' title='bbox 2824 2027 3095 2097; x_wconf 89' lang='lat' dir='ltr'><strong>quomodo</strong></span> <span class='ocrx_word' id='word_1_300' title='bbox 3133 2028 3272 2094; x_wconf 90' lang='lat' dir='ltr'><strong>apud</strong></span> <span class='ocrx_word' id='word_1_301' title='bbox 3319 2029 3466 2095; x_wconf 89' lang='lat' dir='ltr'><strong>ipsos</strong></span> 
     </span>
    </p>
   </div>
   <div class='ocr_carea' id='block_1_39' title="bbox 168 2117 1758 2194">
    <p class='ocr_par' dir='ltr' id='par_1_39' title="bbox 168 2119 1758 2193">
     <span class='ocr_line' id='line_1_39' title="bbox 168 2119 1758 2193; baseline 0 -20"><span class='ocrx_word' id='word_1_302' title='bbox 168 2119 469 2192; x_wconf 85' lang='grc' dir='ltr'>Ἑϐραίοις</span> <span class='ocrx_word' id='word_1_303' title='bbox 493 2120 764 2190; x_wconf 83' lang='grc' dir='ltr'>ἀνεθέμην</span> <span class='ocrx_word' id='word_1_304' title='bbox 808 2122 1238 2192; x_wconf 85' lang='grc' dir='ltr'>πυνθανόμενος,</span> <span class='ocrx_word' id='word_1_305' title='bbox 1281 2123 1410 2185; x_wconf 79' lang='grc' dir='ltr'>πῶς’</span> <span class='ocrx_word' id='word_1_306' title='bbox 1429 2124 1570 2193; x_wconf 90' lang='grc' dir='ltr'>παρ’</span> <span class='ocrx_word' id='word_1_307' title='bbox 1599 2124 1758 2175; x_wconf 60' lang='grc' dir='ltr'>αὑτοῦ</span> 
     </span>
    </p>
   </div>
   <div class='ocr_carea' id='block_1_40' title="bbox 1889 2117 3465 2194">
    <p class='ocr_par' dir='ltr' id='par_1_40' title="bbox 1889 2117 3465 2194">
     <span class='ocr_line' id='line_1_40' title="bbox 1889 2117 3465 2194; baseline -0.008 -12"><span class='ocrx_word' id='word_1_308' title='bbox 1889 2126 2194 2182; x_wconf 82' lang='lat' dir='ltr'><strong>nominetur</strong></span> <span class='ocrx_word' id='word_1_309' title='bbox 2220 2124 2434 2194; x_wconf 81' lang='grc' dir='ltr'>πρῖνος,</span> <span class='ocrx_word' id='word_1_310' title='bbox 2459 2130 2515 2174; x_wconf 91' lang='lat' dir='ltr'><strong>et</strong></span> <span class='ocrx_word' id='word_1_311' title='bbox 2547 2119 2822 2188; x_wconf 87' lang='lat' dir='ltr'><strong>quomodo</strong></span> <span class='ocrx_word' id='word_1_312' title='bbox 2855 2118 3041 2171; x_wconf 84' lang='lat' dir='ltr'><strong>dicant</strong></span> <span class='ocrx_word' id='word_1_313' title='bbox 3072 2117 3309 2186; x_wconf 80' lang='grc' dir='ltr'>πρίζιεν,</span> <span class='ocrx_word' id='word_1_314' title='bbox 3336 2117 3465 2170; x_wconf 83' lang='lat' dir='ltr'><strong>item</strong></span> 
     </span>
    </p>
   </div>
   <div class='ocr_carea' id='block_1_41' title="bbox 155 2208 1758 2287">
    <p class='ocr_par' dir='ltr' id='par_1_41' title="bbox 155 2214 1758 2287">
     <span class='ocr_line' id='line_1_41' title="bbox 155 2214 1758 2287; baseline 0.002 -22"><span class='ocrx_word' id='word_1_315' title='bbox 155 2214 508 2284; x_wconf 78' lang='grc' dir='ltr'>ὀνομάζεται</span> <span class='ocrx_word' id='word_1_316' title='bbox 560 2214 779 2284; x_wconf 85' lang='grc' dir='ltr'>πρῖνος,</span> <span class='ocrx_word' id='word_1_317' title='bbox 812 2215 908 2266; x_wconf 80' lang='grc' dir='ltr'><strong>καὶ</strong></span> <span class='ocrx_word' id='word_1_318' title='bbox 932 2215 1048 2278; x_wconf 83' lang='grc' dir='ltr'>πῶς</span> <span class='ocrx_word' id='word_1_319' title='bbox 1088 2214 1305 2284; x_wconf 82' lang='grc' dir='ltr'>λέγουσι</span> <span class='ocrx_word' id='word_1_320' title='bbox 1333 2216 1393 2268; x_wconf 84' lang='grc' dir='ltr'><strong>τὸ</strong></span> <span class='ocrx_word' id='word_1_321' title='bbox 1422 2215 1632 2287; x_wconf 75' lang='grc' dir='ltr'>πρίζειν</span> <span class='ocrx_word' id='word_1_322' title='bbox 1657 2233 1668 2246; x_wconf 92' lang='grc'>·</span> <span class='ocrx_word' id='word_1_323' title='bbox 1703 2215 1758 2268; x_wconf 84' lang='grc' dir='ltr'><strong>έτ</strong></span> 
     </span>
    </p>
   </div>
   <div class='ocr_carea' id='block_1_42' title="bbox 1889 2208 3461 2287">
    <p class='ocr_par' dir='ltr' id='par_1_42' title="bbox 1889 2208 3461 2286">
     <span class='ocr_line' id='line_1_42' title="bbox 1889 2208 3461 2286; baseline -0.007 -16"><span class='ocrx_word' id='word_1_324' title='bbox 1889 2232 1993 2286; x_wconf 83' lang='lat' dir='ltr'><strong>qua</strong></span> <span class='ocrx_word' id='word_1_325' title='bbox 2030 2230 2161 2269; x_wconf 82' lang='lat' dir='ltr'><strong>voce</strong></span> <span class='ocrx_word' id='word_1_326' title='bbox 2208 2214 2440 2267; x_wconf 86' lang='lat' dir='ltr'><strong>reddant</strong></span> <span class='ocrx_word' id='word_1_327' title='bbox 2487 2210 2666 2280; x_wconf 84' lang='grc' dir='ltr'>σχίνον</span> <span class='ocrx_word' id='word_1_328' title='bbox 2705 2209 2976 2272; x_wconf 87' lang='lat' dir='ltr'><strong>arborem,</strong></span> <span class='ocrx_word' id='word_1_329' title='bbox 3009 2219 3063 2263; x_wconf 89' lang='lat' dir='ltr'><strong>et</strong></span> <span class='ocrx_word' id='word_1_330' title='bbox 3092 2208 3363 2276; x_wconf 89' lang='lat' dir='ltr'><strong>quomodo</strong></span> <span class='ocrx_word' id='word_1_331' title='bbox 3394 2208 3461 2260; x_wconf 86' lang='lat' dir='ltr'><strong>di-</strong></span> 
     </span>
    </p>
   </div>
   <div class='ocr_carea' id='block_1_43' title="bbox 156 2303 1758 2381">
    <p class='ocr_par' dir='ltr' id='par_1_43' title="bbox 156 2307 1758 2381">
     <span class='ocr_line' id='line_1_43' title="bbox 156 2307 1758 2381; baseline 0.001 -21"><span class='ocrx_word' id='word_1_332' title='bbox 156 2307 218 2360; x_wconf 80' lang='grc' dir='ltr'><strong>δὲ</strong></span> <span class='ocrx_word' id='word_1_333' title='bbox 276 2309 365 2371; x_wconf 79' lang='grc' dir='ltr'>εἰς</span> <span class='ocrx_word' id='word_1_334' title='bbox 392 2308 450 2360; x_wconf 92' lang='grc' dir='ltr'><strong>τί</strong></span> <span class='ocrx_word' id='word_1_335' title='bbox 489 2308 960 2379; x_wconf 86' lang='grc' dir='ltr'>μεταλαμϐάνουσι</span> <span class='ocrx_word' id='word_1_336' title='bbox 995 2310 1106 2378; x_wconf 70' lang='grc'>(49)</span> <span class='ocrx_word' id='word_1_337' title='bbox 1146 2308 1242 2381; x_wconf 83' lang='grc' dir='ltr'>τὴν</span> <span class='ocrx_word' id='word_1_338' title='bbox 1274 2312 1450 2377; x_wconf 89' lang='grc' dir='ltr'>σχῖνον</span> <span class='ocrx_word' id='word_1_339' title='bbox 1490 2311 1550 2361; x_wconf 85' lang='grc' dir='ltr'>τὸ</span> <span class='ocrx_word' id='word_1_340' title='bbox 1596 2309 1758 2378; x_wconf 83' lang='grc' dir='ltr'>φυτὸν</span> 
     </span>
    </p>
   </div>
   <div class='ocr_carea' id='block_1_44' title="bbox 1889 2303 3469 2381">
    <p class='ocr_par' dir='ltr' id='par_1_44' title="bbox 1889 2303 3469 2377">
     <span class='ocr_line' id='line_1_44' title="bbox 1889 2303 3469 2377; baseline -0.01 -9"><span class='ocrx_word' id='word_1_341' title='bbox 1889 2318 2039 2368; x_wconf 84' lang='lat' dir='ltr'><strong>eatur</strong></span> <span class='ocrx_word' id='word_1_342' title='bbox 2064 2310 2143 2363; x_wconf 89' lang='lat' dir='ltr'><strong>eis</strong></span> <span class='ocrx_word' id='word_1_343' title='bbox 2175 2305 2398 2377; x_wconf 79' lang='grc' dir='ltr'>σχίζειν.</span> <span class='ocrx_word' id='word_1_344' title='bbox 2450 2304 2527 2357; x_wconf 89' lang='lat' dir='ltr'><strong>Illi</strong></span> <span class='ocrx_word' id='word_1_345' title='bbox 2559 2312 2741 2357; x_wconf 90' lang='lat' dir='ltr'><strong>autem</strong></span> <span class='ocrx_word' id='word_1_346' title='bbox 2796 2303 3049 2357; x_wconf 86' lang='lat' dir='ltr'><strong>dicebant</strong></span> <span class='ocrx_word' id='word_1_347' title='bbox 3102 2304 3361 2371; x_wconf 82' lang='lat' dir='ltr'><strong>ignorare</strong></span> <span class='ocrx_word' id='word_1_348' title='bbox 3410 2315 3469 2353; x_wconf 90' lang='lat' dir='ltr'><strong>se</strong></span> 
     </span>
    </p>
   </div>
   <div class='ocr_carea' id='block_1_45' title="bbox 158 2390 1758 2473">
    <p class='ocr_par' dir='ltr' id='par_1_45' title="bbox 158 2398 1758 2473">
     <span class='ocr_line' id='line_1_45' title="bbox 158 2398 1758 2473; baseline 0.002 -21"><span class='ocrx_word' id='word_1_349' title='bbox 158 2400 259 2452; x_wconf 77' lang='grc' dir='ltr'>καὶ</span> <span class='ocrx_word' id='word_1_350' title='bbox 290 2400 419 2463; x_wconf 83' lang='grc' dir='ltr'><strong>πῶς</strong></span> <span class='ocrx_word' id='word_1_351' title='bbox 451 2402 509 2453; x_wconf 84' lang='grc' dir='ltr'><strong>τὸ</strong></span> <span class='ocrx_word' id='word_1_352' title='bbox 538 2398 740 2470; x_wconf 78' lang='grc' dir='ltr'>σχίζειν</span> <span class='ocrx_word' id='word_1_353' title='bbox 780 2401 1156 2472; x_wconf 79' lang='grc' dir='ltr'>ὀνομάζουσιν.</span> <span class='ocrx_word' id='word_1_354' title='bbox 1200 2404 1265 2455; x_wconf 82' lang='grc' dir='ltr'><strong>Οἱ</strong></span> <span class='ocrx_word' id='word_1_355' title='bbox 1294 2403 1351 2454; x_wconf 82' lang='grc' dir='ltr'>δὲ</span> <span class='ocrx_word' id='word_1_356' title='bbox 1378 2402 1476 2473; x_wconf 81' lang='grc' dir='ltr'>τὴν</span> <span class='ocrx_word' id='word_1_357' title='bbox 1537 2402 1758 2473; x_wconf 80' lang='grc' dir='ltr'>Ἐλληνι-</span> 
     </span>
    </p>
   </div>
   <div class='ocr_carea' id='block_1_46' title="bbox 1889 2390 3467 2473">
    <p class='ocr_par' dir='ltr' id='par_1_46' title="bbox 1889 2390 3467 2463">
     <span class='ocr_line' id='line_1_46' title="bbox 1889 2390 3467 2463; baseline -0.006 -12"><span class='ocrx_word' id='word_1_358' title='bbox 1889 2396 2102 2451; x_wconf 71' lang='lat' dir='ltr'><strong>lirsecas</strong></span> <span class='ocrx_word' id='word_1_359' title='bbox 2134 2409 2292 2448; x_wconf 88' lang='lat' dir='ltr'><strong>voces</strong></span> <span class='ocrx_word' id='word_1_360' title='bbox 2321 2391 2512 2463; x_wconf 83' lang='grc' dir='ltr'>πρίνου</span> <span class='ocrx_word' id='word_1_361' title='bbox 2540 2400 2595 2444; x_wconf 90' lang='lat' dir='ltr'><strong>et</strong></span> <span class='ocrx_word' id='word_1_362' title='bbox 2623 2391 2833 2460; x_wconf 86' lang='grc' dir='ltr'>σχίνου,</span> <span class='ocrx_word' id='word_1_363' title='bbox 2865 2400 2921 2445; x_wconf 92' lang='lat' dir='ltr'><strong>et</strong></span> <span class='ocrx_word' id='word_1_364' title='bbox 2956 2392 3102 2461; x_wconf 88' lang='lat' dir='ltr'><strong>ipsas</strong></span> <span class='ocrx_word' id='word_1_365' title='bbox 3134 2390 3236 2444; x_wconf 89' lang='lat' dir='ltr'><strong>sibi</strong></span> <span class='ocrx_word' id='word_1_366' title='bbox 3280 2404 3467 2459; x_wconf 88' lang='lat' dir='ltr'><strong>posce—</strong></span> 
     </span>
    </p>
   </div>
   <div class='ocr_carea' id='block_1_47' title="bbox 158 2485 1758 2562">
    <p class='ocr_par' dir='ltr' id='par_1_47' title="bbox 158 2489 1758 2562">
     <span class='ocr_line' id='line_1_47' title="bbox 158 2489 1758 2562; baseline 0.003 -21"><span class='ocrx_word' id='word_1_367' title='bbox 158 2490 268 2560; x_wconf 80' lang='grc' dir='ltr'><strong>κὴν</strong></span> <span class='ocrx_word' id='word_1_368' title='bbox 324 2489 571 2557; x_wconf 77' lang='grc' dir='ltr'>ἔφασκον</span> <span class='ocrx_word' id='word_1_369' title='bbox 624 2491 838 2559; x_wconf 82' lang='grc' dir='ltr'>ἀγνοεῖν</span> <span class='ocrx_word' id='word_1_370' title='bbox 885 2490 1067 2561; x_wconf 77' lang='grc' dir='ltr'>φωνὴν</span> <span class='ocrx_word' id='word_1_371' title='bbox 1134 2492 1235 2561; x_wconf 79' lang='grc' dir='ltr'>τὴν</span> <span class='ocrx_word' id='word_1_372' title='bbox 1292 2492 1482 2561; x_wconf 82' lang='grc' dir='ltr'>πρίνου</span> <span class='ocrx_word' id='word_1_373' title='bbox 1542 2494 1637 2547; x_wconf 76' lang='grc' dir='ltr'><strong>καὶ</strong></span> <span class='ocrx_word' id='word_1_374' title='bbox 1681 2494 1758 2562; x_wconf 76' lang='grc' dir='ltr'>τὴι</span> 
     </span>
    </p>
   </div>
   <div class='ocr_carea' id='block_1_48' title="bbox 1889 2485 3467 2562">
    <p class='ocr_par' dir='ltr' id='par_1_48' title="bbox 1889 2485 3467 2555">
     <span class='ocr_line' id='line_1_48' title="bbox 1889 2485 3467 2555; baseline -0.005 -8"><span class='ocrx_word' id='word_1_375' title='bbox 1889 2494 2014 2547; x_wconf 88' lang='lat' dir='ltr'><strong>bant</strong></span> <span class='ocrx_word' id='word_1_376' title='bbox 2041 2489 2252 2546; x_wconf 91' lang='lat' dir='ltr'><strong>ostendi</strong></span> <span class='ocrx_word' id='word_1_377' title='bbox 2287 2488 2533 2552; x_wconf 82' lang='lat' dir='ltr'><strong>arbores,</strong></span> <span class='ocrx_word' id='word_1_378' title='bbox 2585 2496 2645 2540; x_wconf 91' lang='lat' dir='ltr'><strong>ut</strong></span> <span class='ocrx_word' id='word_1_379' title='bbox 2685 2488 2892 2542; x_wconf 90' lang='lat' dir='ltr'><strong>scirent</strong></span> <span class='ocrx_word' id='word_1_380' title='bbox 2947 2502 3212 2555; x_wconf 86' lang='lat' dir='ltr'><strong>quasnam</strong></span> <span class='ocrx_word' id='word_1_381' title='bbox 3255 2486 3336 2539; x_wconf 88' lang='lat' dir='ltr'><strong>eis</strong></span> <span class='ocrx_word' id='word_1_382' title='bbox 3370 2485 3467 2539; x_wconf 88' lang='lat' dir='ltr'><strong>tri-</strong></span> 
     </span>
    </p>
   </div>
   <div class='ocr_carea' id='block_1_49' title="bbox 163 2578 1758 2654">
    <p class='ocr_par' dir='ltr' id='par_1_49' title="bbox 163 2580 1758 2654">
     <span class='ocr_line' id='line_1_49' title="bbox 163 2580 1758 2654; baseline 0.003 -23"><span class='ocrx_word' id='word_1_383' title='bbox 163 2580 357 2649; x_wconf 86' lang='grc' dir='ltr'>σχίνου</span> <span class='ocrx_word' id='word_1_384' title='bbox 381 2597 397 2611; x_wconf 89' lang='grc'><strong>·</strong></span> <span class='ocrx_word' id='word_1_385' title='bbox 437 2581 677 2652; x_wconf 82' lang='grc' dir='ltr'>ἀπῄτουν</span> <span class='ocrx_word' id='word_1_386' title='bbox 709 2581 767 2632; x_wconf 83' lang='grc' dir='ltr'>δὲ</span> <span class='ocrx_word' id='word_1_387' title='bbox 794 2582 976 2643; x_wconf 79' lang='grc' dir='ltr'>αὐτοῖς</span> <span class='ocrx_word' id='word_1_388' title='bbox 1013 2581 1291 2652; x_wconf 77' lang='grc' dir='ltr'>δειχθῆναι</span> <span class='ocrx_word' id='word_1_389' title='bbox 1329 2583 1397 2633; x_wconf 81' lang='grc' dir='ltr'>τὰ</span> <span class='ocrx_word' id='word_1_390' title='bbox 1440 2582 1666 2654; x_wconf 88' lang='grc' dir='ltr'>δένδρα,</span> <span class='ocrx_word' id='word_1_391' title='bbox 1715 2584 1758 2636; x_wconf 80' lang='grc' dir='ltr'><strong>ἵν</strong></span> 
     </span>
    </p>
   </div>
   <div class='ocr_carea' id='block_1_50' title="bbox 1889 2578 3464 2654">
    <p class='ocr_par' dir='ltr' id='par_1_50' title="bbox 1889 2578 3464 2651">
     <span class='ocr_line' id='line_1_50' title="bbox 1889 2578 3464 2651; baseline -0.006 -11"><span class='ocrx_word' id='word_1_392' title='bbox 1889 2587 2051 2641; x_wconf 91' lang='lat' dir='ltr'><strong>buant</strong></span> <span class='ocrx_word' id='word_1_393' title='bbox 2082 2598 2261 2637; x_wconf 89' lang='lat' dir='ltr'><strong>voces.</strong></span> <span class='ocrx_word' id='word_1_394' title='bbox 2311 2582 2425 2651; x_wconf 83' lang='lat' dir='ltr'><strong>Ego</strong></span> <span class='ocrx_word' id='word_1_395' title='bbox 2461 2596 2591 2635; x_wconf 88' lang='lat' dir='ltr'><strong>vero</strong></span> <span class='ocrx_word' id='word_1_396' title='bbox 2635 2596 2741 2633; x_wconf 89' lang='lat' dir='ltr'><strong>non</strong></span> <span class='ocrx_word' id='word_1_397' title='bbox 2778 2580 3022 2633; x_wconf 79' lang='lat' dir='ltr'><strong>dubitavi</strong></span> <span class='ocrx_word' id='word_1_398' title='bbox 3070 2578 3266 2645; x_wconf 87' lang='lat' dir='ltr'><strong>(amica</strong></span> <span class='ocrx_word' id='word_1_399' title='bbox 3322 2578 3464 2630; x_wconf 82' lang='lat' dir='ltr'><strong>enim</strong></span> 
     </span>
    </p>
   </div>
   <div class='ocr_carea' id='block_1_51' title="bbox 161 2668 1758 2743">
    <p class='ocr_par' dir='ltr' id='par_1_51' title="bbox 161 2668 1758 2738">
     <span class='ocr_line' id='line_1_51' title="bbox 161 2668 1758 2738; baseline 0.001 -18"><span class='ocrx_word' id='word_1_400' title='bbox 161 2669 368 2722; x_wconf 78' lang='grc' dir='ltr'>εῖδειεν</span> <span class='ocrx_word' id='word_1_401' title='bbox 414 2670 575 2732; x_wconf 79' lang='grc' dir='ltr'>ποίας</span> <span class='ocrx_word' id='word_1_402' title='bbox 612 2669 705 2721; x_wconf 72' lang='grc' dir='ltr'><strong>ἐπὶ</strong></span> <span class='ocrx_word' id='word_1_403' title='bbox 738 2668 939 2721; x_wconf 78' lang='grc' dir='ltr'>τούτων</span> <span class='ocrx_word' id='word_1_404' title='bbox 964 2670 1118 2721; x_wconf 82' lang='grc' dir='ltr'><strong>αὐτοὶ</strong></span> <span class='ocrx_word' id='word_1_405' title='bbox 1144 2669 1254 2737; x_wconf 75' lang='lat'><strong>(50)</strong></span> <span class='ocrx_word' id='word_1_406' title='bbox 1290 2669 1546 2721; x_wconf 85' lang='grc' dir='ltr'>τάσσουσι</span> <span class='ocrx_word' id='word_1_407' title='bbox 1580 2670 1758 2738; x_wconf 78' lang='grc' dir='ltr'>φωνάς</span> 
     </span>
    </p>
   </div>
   <div class='ocr_carea' id='block_1_52' title="bbox 1889 2668 3464 2743">
    <p class='ocr_par' dir='ltr' id='par_1_52' title="bbox 1889 2668 3464 2743">
     <span class='ocr_line' id='line_1_52' title="bbox 1889 2668 3464 2743; baseline -0.005 -14"><span class='ocrx_word' id='word_1_408' title='bbox 1889 2675 2110 2743; x_wconf 84' lang='lat' dir='ltr'><strong>veritas)</strong></span> <span class='ocrx_word' id='word_1_409' title='bbox 2137 2675 2253 2742; x_wconf 83' lang='lat' dir='ltr'><strong>ipsa</strong></span> <span class='ocrx_word' id='word_1_410' title='bbox 2278 2674 2423 2743; x_wconf 88' lang='lat' dir='ltr'><strong>ligna</strong></span> <span class='ocrx_word' id='word_1_411' title='bbox 2464 2674 2517 2726; x_wconf 92' lang='lat' dir='ltr'><strong>in</strong></span> <span class='ocrx_word' id='word_1_412' title='bbox 2552 2686 2741 2727; x_wconf 85' lang='lat' dir='ltr'><strong>eorum</strong></span> <span class='ocrx_word' id='word_1_413' title='bbox 2778 2680 3126 2737; x_wconf 85' lang='lat' dir='ltr'><strong>conspectum</strong></span> <span class='ocrx_word' id='word_1_414' title='bbox 3171 2668 3464 2722; x_wconf 85' lang='lat' dir='ltr'><strong>adducere.</strong></span> 
     </span>
    </p>
   </div>
   <div class='ocr_carea' id='block_1_53' title="bbox 160 2759 1758 2832">
    <p class='ocr_par' dir='ltr' id='par_1_53' title="bbox 160 2759 1758 2832">
     <span class='ocr_line' id='line_1_53' title="bbox 160 2759 1758 2832; baseline 0.001 -18"><span class='ocrx_word' id='word_1_415' title='bbox 160 2762 283 2816; x_wconf 81' lang='grc' dir='ltr'>Καὶ</span> <span class='ocrx_word' id='word_1_416' title='bbox 314 2760 473 2831; x_wconf 82' lang='grc' dir='ltr'>(φίλη</span> <span class='ocrx_word' id='word_1_417' title='bbox 506 2760 669 2831; x_wconf 82' lang='grc' dir='ltr'><strong>γὰρὴ</strong></span> <span class='ocrx_word' id='word_1_418' title='bbox 703 2759 972 2830; x_wconf 80' lang='grc' dir='ltr'>ἀλήθεια),</span> <span class='ocrx_word' id='word_1_419' title='bbox 1019 2760 1117 2813; x_wconf 83' lang='grc' dir='ltr'><strong>οὐκ</strong></span> <span class='ocrx_word' id='word_1_420' title='bbox 1152 2760 1407 2829; x_wconf 76' lang='grc' dir='ltr'>ἠπόρησα</span> <span class='ocrx_word' id='word_1_421' title='bbox 1449 2762 1631 2824; x_wconf 78' lang='grc' dir='ltr'>αὐτοῖς</span> <span class='ocrx_word' id='word_1_422' title='bbox 1666 2762 1758 2832; x_wconf 75' lang='grc' dir='ltr'><strong>ὀψε</strong></span> 
     </span>
    </p>
   </div>
   <div class='ocr_carea' id='block_1_54' title="bbox 1889 2759 3470 2832">
    <p class='ocr_par' dir='ltr' id='par_1_54' title="bbox 1889 2761 3470 2829">
     <span class='ocr_line' id='line_1_54' title="bbox 1889 2761 3470 2829; baseline -0.008 -7"><span class='ocrx_word' id='word_1_423' title='bbox 1889 2767 2038 2823; x_wconf 79' lang='lat' dir='ltr'><strong>Alius</strong></span> <span class='ocrx_word' id='word_1_424' title='bbox 2073 2774 2250 2819; x_wconf 89' lang='lat' dir='ltr'><strong>autem</strong></span> <span class='ocrx_word' id='word_1_425' title='bbox 2291 2762 2511 2817; x_wconf 87' lang='lat' dir='ltr'><strong>dicebat</strong></span> <span class='ocrx_word' id='word_1_426' title='bbox 2549 2776 2669 2829; x_wconf 70' lang='lat' dir='ltr'><strong>qua:</strong></span> <span class='ocrx_word' id='word_1_427' title='bbox 2713 2774 2976 2827; x_wconf 87' lang='lat' dir='ltr'><strong>nusquam</strong></span> <span class='ocrx_word' id='word_1_428' title='bbox 3016 2761 3298 2813; x_wconf 75' lang='lat' dir='ltr'><strong>nominata</strong></span> <span class='ocrx_word' id='word_1_429' title='bbox 3340 2769 3470 2812; x_wconf 88' lang='lat' dir='ltr'><strong>sunt</strong></span> 
     </span>
    </p>
   </div>
   <div class='ocr_carea' id='block_1_55' title="bbox 162 2848 1758 2925">
    <p class='ocr_par' dir='ltr' id='par_1_55' title="bbox 162 2848 1757 2923">
     <span class='ocr_line' id='line_1_55' title="bbox 162 2848 1757 2923; baseline 0.001 -19"><span class='ocrx_word' id='word_1_430' title='bbox 162 2851 534 2923; x_wconf 81' lang='grc' dir='ltr'>παραστῆσαι</span> <span class='ocrx_word' id='word_1_431' title='bbox 564 2850 634 2902; x_wconf 80' lang='grc' dir='ltr'><strong>τὰ</strong></span> <span class='ocrx_word' id='word_1_432' title='bbox 672 2848 823 2913; x_wconf 78' lang='grc' dir='ltr'>ξύλα.</span> <span class='ocrx_word' id='word_1_433' title='bbox 864 2848 1062 2913; x_wconf 75' lang='grc' dir='ltr'>’Ἄλλος</span> <span class='ocrx_word' id='word_1_434' title='bbox 1104 2850 1161 2902; x_wconf 82' lang='grc' dir='ltr'>δὲ</span> <span class='ocrx_word' id='word_1_435' title='bbox 1198 2849 1405 2918; x_wconf 83' lang='grc' dir='ltr'>ἔφασκε</span> <span class='ocrx_word' id='word_1_436' title='bbox 1452 2852 1519 2903; x_wconf 82' lang='grc' dir='ltr'><strong>τά</strong></span> <span class='ocrx_word' id='word_1_437' title='bbox 1556 2851 1630 2922; x_wconf 82' lang='grc' dir='ltr'>μὴ</span> <span class='ocrx_word' id='word_1_438' title='bbox 1668 2852 1757 2907; x_wconf 84' lang='grc' dir='ltr'>ὀνο</span> 
     </span>
    </p>
   </div>
   <div class='ocr_carea' id='block_1_56' title="bbox 1889 2848 3467 2925">
    <p class='ocr_par' dir='ltr' id='par_1_56' title="bbox 1889 2849 3467 2925">
     <span class='ocr_line' id='line_1_56' title="bbox 1889 2849 3467 2925; baseline -0.008 -10"><span class='ocrx_word' id='word_1_439' title='bbox 1889 2860 1941 2915; x_wconf 91' lang='lat' dir='ltr'><strong>in</strong></span> <span class='ocrx_word' id='word_1_440' title='bbox 1981 2857 2301 2925; x_wconf 87' lang='lat' dir='ltr'><strong>Scripturis,</strong></span> <span class='ocrx_word' id='word_1_441' title='bbox 2326 2870 2385 2910; x_wconf 93' lang='lat' dir='ltr'><strong>se</strong></span> <span class='ocrx_word' id='word_1_442' title='bbox 2406 2870 2509 2908; x_wconf 91' lang='lat' dir='ltr'><strong>non</strong></span> <span class='ocrx_word' id='word_1_443' title='bbox 2533 2867 2695 2924; x_wconf 89' lang='lat' dir='ltr'><strong>posse</strong></span> <span class='ocrx_word' id='word_1_444' title='bbox 2717 2849 2989 2923; x_wconf 78' lang='lat' dir='ltr'><strong>aﬂirmare</strong></span> <span class='ocrx_word' id='word_1_445' title='bbox 3010 2852 3467 2919; x_wconf 79' lang='lat' dir='ltr'><strong>quemadmodum</strong></span> 
     </span>
    </p>
   </div>
   <div class='ocr_carea' id='block_1_57' title="bbox 168 2938 1758 3014">
    <p class='ocr_par' dir='ltr' id='par_1_57' title="bbox 168 2938 1758 3012">
     <span class='ocr_line' id='line_1_57' title="bbox 168 2938 1758 3012; baseline 0.001 -17"><span class='ocrx_word' id='word_1_446' title='bbox 168 2941 460 3012; x_wconf 87' lang='grc' dir='ltr'>μασθέντα</span> <span class='ocrx_word' id='word_1_447' title='bbox 490 2940 597 2993; x_wconf 85' lang='grc' dir='ltr'><strong>τῶν</strong></span> <span class='ocrx_word' id='word_1_448' title='bbox 630 2938 863 3011; x_wconf 82' lang='grc' dir='ltr'>Γραφῶν</span> <span class='ocrx_word' id='word_1_449' title='bbox 902 2942 1004 2994; x_wconf 83' lang='grc' dir='ltr'><strong>ποὺ</strong></span> <span class='ocrx_word' id='word_1_450' title='bbox 1043 2941 1142 2993; x_wconf 85' lang='grc' dir='ltr'><strong>οὐκ</strong></span> <span class='ocrx_word' id='word_1_451' title='bbox 1202 2941 1345 3010; x_wconf 81' lang='grc' dir='ltr'>ἔχειν</span> <span class='ocrx_word' id='word_1_452' title='bbox 1386 2942 1758 2997; x_wconf 61' lang='grc' dir='ltr'>διαϐεϐαιώσαη</span> 
     </span>
    </p>
   </div>
   <div class='ocr_carea' id='block_1_58' title="bbox 1889 2938 3471 3014">
    <p class='ocr_par' dir='ltr' id='par_1_58' title="bbox 1889 2944 3471 3014">
     <span class='ocr_line' id='line_1_58' title="bbox 1889 2944 3471 3014; baseline -0.008 -7"><span class='ocrx_word' id='word_1_453' title='bbox 1889 2953 2139 3007; x_wconf 88' lang='lat' dir='ltr'><strong>dicantur</strong></span> <span class='ocrx_word' id='word_1_454' title='bbox 2170 2948 2465 3011; x_wconf 82' lang='lat' dir='ltr'><strong>Hebraice;</strong></span> <span class='ocrx_word' id='word_1_455' title='bbox 2508 2946 2562 2999; x_wconf 90' lang='lat' dir='ltr'><strong>in</strong></span> <span class='ocrx_word' id='word_1_456' title='bbox 2601 2954 2857 3014; x_wconf 89' lang='lat' dir='ltr'><strong>promptu</strong></span> <span class='ocrx_word' id='word_1_457' title='bbox 2899 2950 3079 2996; x_wconf 89' lang='lat' dir='ltr'><strong>autem</strong></span> <span class='ocrx_word' id='word_1_458' title='bbox 3125 2957 3246 2996; x_wconf 87' lang='lat' dir='ltr'><strong>esse</strong></span> <span class='ocrx_word' id='word_1_459' title='bbox 3291 2944 3471 3012; x_wconf 85' lang='lat' dir='ltr'><strong>utqui</strong></span> 
     </span>
    </p>
   </div>
   <div class='ocr_carea' id='block_1_59' title="bbox 167 3030 1758 3130">
    <p class='ocr_par' dir='ltr' id='par_1_59' title="bbox 167 3030 1758 3104">
     <span class='ocr_line' id='line_1_59' title="bbox 167 3030 1758 3104; baseline 0.003 -19"><span class='ocrx_word' id='word_1_460' title='bbox 167 3033 321 3098; x_wconf 90' lang='grc' dir='ltr'>σθαι,</span> <span class='ocrx_word' id='word_1_461' title='bbox 357 3033 512 3095; x_wconf 82' lang='grc' dir='ltr'>ὅπως</span> <span class='ocrx_word' id='word_1_462' title='bbox 548 3031 825 3104; x_wconf 75' lang='grc' dir='ltr'>Ἐϐραϊστὶ</span> <span class='ocrx_word' id='word_1_463' title='bbox 864 3031 1100 3101; x_wconf 88' lang='grc' dir='ltr'>λέγεται·</span> <span class='ocrx_word' id='word_1_464' title='bbox 1126 3034 1393 3104; x_wconf 85' lang='grc' dir='ltr'>προπετὲς</span> <span class='ocrx_word' id='word_1_465' title='bbox 1423 3034 1478 3086; x_wconf 81' lang='grc' dir='ltr'><strong>δὲ</strong></span> <span class='ocrx_word' id='word_1_466' title='bbox 1510 3030 1666 3101; x_wconf 77' lang='grc' dir='ltr'>εἶναι,</span> <span class='ocrx_word' id='word_1_467' title='bbox 1691 3036 1758 3089; x_wconf 57' lang='lat' dir='ltr'><strong>ea</strong></span> 
     </span>
    </p>
   </div>
   <div class='ocr_carea' id='block_1_60' title="bbox 1889 3030 3465 3130">
    <p class='ocr_par' dir='ltr' id='par_1_60' title="bbox 1889 3032 3465 3113">
     <span class='ocr_line' id='line_1_60' title="bbox 1889 3032 3465 3113; baseline -0.01 -11"><span class='ocrx_word' id='word_1_468' title='bbox 1889 3047 2119 3110; x_wconf 88' lang='lat' dir='ltr'><strong>dubitat,</strong></span> <span class='ocrx_word' id='word_1_469' title='bbox 2168 3042 2397 3113; x_wconf 81' lang='lat' dir='ltr'><strong>Syriaca</strong></span> <span class='ocrx_word' id='word_1_470' title='bbox 2426 3047 2611 3093; x_wconf 90' lang='lat' dir='ltr'><strong>utatur</strong></span> <span class='ocrx_word' id='word_1_471' title='bbox 2647 3053 2801 3103; x_wconf 87' lang='lat' dir='ltr'><strong>voce,</strong></span> <span class='ocrx_word' id='word_1_472' title='bbox 2835 3035 2952 3089; x_wconf 91' lang='lat' dir='ltr'><strong>loco</strong></span> <span class='ocrx_word' id='word_1_473' title='bbox 2988 3033 3291 3089; x_wconf 70' lang='lat' dir='ltr'><strong>Hebraicaz.</strong></span> <span class='ocrx_word' id='word_1_474' title='bbox 3332 3032 3465 3087; x_wconf 85' lang='lat' dir='ltr'><strong>ltent</strong></span> 
     </span>
    </p>
   </div>
   <div class='ocr_carea' id='block_1_61' title="bbox 164 3123 1758 3201">
    <p class='ocr_par' dir='ltr' id='par_1_61' title="bbox 164 3123 1758 3198">
     <span class='ocr_line' id='line_1_61' title="bbox 164 3123 1758 3198; baseline 0.001 -21"><span class='ocrx_word' id='word_1_475' title='bbox 164 3126 534 3195; x_wconf 79' lang='grc' dir='ltr'>ἀπορήσαντα</span> <span class='ocrx_word' id='word_1_476' title='bbox 574 3125 725 3194; x_wconf 76' lang='grc' dir='ltr'>φωνῇ</span> <span class='ocrx_word' id='word_1_477' title='bbox 768 3125 833 3194; x_wconf 82' lang='grc' dir='ltr'>τῇ</span> <span class='ocrx_word' id='word_1_478' title='bbox 878 3125 1117 3194; x_wconf 85' lang='grc' dir='ltr'>Συριακῇ</span> <span class='ocrx_word' id='word_1_479' title='bbox 1169 3123 1471 3195; x_wconf 82' lang='grc' dir='ltr'>χρήσασθαι</span> <span class='ocrx_word' id='word_1_480' title='bbox 1510 3125 1632 3179; x_wconf 82' lang='grc' dir='ltr'>ἀντὶ</span> <span class='ocrx_word' id='word_1_481' title='bbox 1680 3126 1758 3198; x_wconf 59' lang='grc' dir='ltr'>τῆς</span> 
     </span>
    </p>
   </div>
   <div class='ocr_carea' id='block_1_62' title="bbox 1889 3123 3471 3201">
    <p class='ocr_par' dir='ltr' id='par_1_62' title="bbox 1889 3127 3471 3201">
     <span class='ocr_line' id='line_1_62' title="bbox 1889 3127 3471 3201; baseline -0.012 -2"><span class='ocrx_word' id='word_1_482' title='bbox 1889 3141 2097 3200; x_wconf 86' lang='lat' dir='ltr'><strong>dicebat</strong></span> <span class='ocrx_word' id='word_1_483' title='bbox 2125 3137 2290 3191; x_wconf 89' lang='lat' dir='ltr'><strong>etiam</strong></span> <span class='ocrx_word' id='word_1_484' title='bbox 2329 3148 2359 3187; x_wconf 89' lang='lat' dir='ltr'><strong>a</strong></span> <span class='ocrx_word' id='word_1_485' title='bbox 2403 3129 2827 3201; x_wconf 88' lang='lat' dir='ltr'><strong>sapientissimis</strong></span> <span class='ocrx_word' id='word_1_486' title='bbox 2875 3129 3141 3183; x_wconf 87' lang='lat' dir='ltr'><strong>dictiones</strong></span> <span class='ocrx_word' id='word_1_487' title='bbox 3179 3127 3471 3181; x_wconf 83' lang='lat' dir='ltr'><strong>nonnullas</strong></span> 
     </span>
    </p>
   </div>
   <div class='ocr_carea' id='block_1_63' title="bbox 176 3214 1758 3303">
    <p class='ocr_par' dir='ltr' id='par_1_63' title="bbox 176 3214 1758 3301">
     <span class='ocr_line' id='line_1_63' title="bbox 176 3214 1758 3301; baseline 0.003 -33"><span class='ocrx_word' id='word_1_488' title='bbox 176 3215 471 3287; x_wconf 80' lang='grc' dir='ltr'>Ἐϐραΐδος</span> <span class='ocrx_word' id='word_1_489' title='bbox 494 3214 615 3301; x_wconf 75' lang='grc'>(51)</span> <span class='ocrx_word' id='word_1_490' title='bbox 636 3232 649 3245; x_wconf 70' lang='grc' dir='ltr'><strong>ο</strong></span> <span class='ocrx_word' id='word_1_491' title='bbox 678 3217 773 3269; x_wconf 75' lang='grc' dir='ltr'><strong>καὶ</strong></span> <span class='ocrx_word' id='word_1_492' title='bbox 798 3215 973 3285; x_wconf 77' lang='grc' dir='ltr'>ἔλεγε,</span> <span class='ocrx_word' id='word_1_493' title='bbox 1003 3217 1092 3269; x_wconf 76' lang='grc' dir='ltr'><strong>καὶ</strong></span> <span class='ocrx_word' id='word_1_494' title='bbox 1118 3215 1266 3287; x_wconf 78' lang='grc' dir='ltr'>παρὰ</span> <span class='ocrx_word' id='word_1_495' title='bbox 1291 3219 1405 3280; x_wconf 84' lang='grc' dir='ltr'>τοῖς</span> <span class='ocrx_word' id='word_1_496' title='bbox 1428 3218 1569 3271; x_wconf 85' lang='grc' dir='ltr'>πάνυ</span> <span class='ocrx_word' id='word_1_497' title='bbox 1595 3220 1758 3288; x_wconf 65' lang='grc' dir='ltr'>σοφοῖς</span> 
     </span>
    </p>
   </div>
   <div class='ocr_carea' id='block_1_64' title="bbox 1889 3214 3472 3303">
    <p class='ocr_par' dir='ltr' id='par_1_64' title="bbox 1889 3220 3472 3303">
     <span class='ocr_line' id='line_1_64' title="bbox 1889 3220 3472 3303; baseline -0.009 -16"><span class='ocrx_word' id='word_1_498' title='bbox 1889 3230 2171 3303; x_wconf 82' lang='lat' dir='ltr'><strong>aliquando</strong></span> <span class='ocrx_word' id='word_1_499' title='bbox 2219 3225 2411 3297; x_wconf 74' lang='lat' dir='ltr'><strong>quteri.</strong></span> <span class='ocrx_word' id='word_1_500' title='bbox 2459 3222 2515 3278; x_wconf 91' lang='lat' dir='ltr'><strong>Si</strong></span> <span class='ocrx_word' id='word_1_501' title='bbox 2562 3238 2714 3293; x_wconf 78' lang='lat' dir='ltr'><strong>ergo,</strong></span> <span class='ocrx_word' id='word_1_502' title='bbox 2755 3220 3052 3290; x_wconf 89' lang='lat' dir='ltr'><strong>inquiebat,</strong></span> <span class='ocrx_word' id='word_1_503' title='bbox 3090 3220 3289 3274; x_wconf 90' lang='lat' dir='ltr'><strong>alicubi</strong></span> <span class='ocrx_word' id='word_1_504' title='bbox 3317 3229 3472 3289; x_wconf 84' lang='lat' dir='ltr'><strong>potes</strong></span> 
     </span>
    </p>
   </div>
   <div class='ocr_carea' id='block_1_65' title="bbox 166 3306 1758 3383">
    <p class='ocr_par' dir='ltr' id='par_1_65' title="bbox 166 3306 1750 3382">
     <span class='ocr_line' id='line_1_65' title="bbox 166 3306 1750 3382; baseline 0.004 -24"><span class='ocrx_word' id='word_1_505' title='bbox 166 3308 342 3362; x_wconf 82' lang='grc' dir='ltr'>ὲνίοτε</span> <span class='ocrx_word' id='word_1_506' title='bbox 400 3307 580 3372; x_wconf 83' lang='grc' dir='ltr'>λέξεις</span> <span class='ocrx_word' id='word_1_507' title='bbox 626 3308 781 3371; x_wconf 82' lang='grc' dir='ltr'>τινὰς</span> <span class='ocrx_word' id='word_1_508' title='bbox 831 3308 1134 3379; x_wconf 76' lang='grc' dir='ltr'>ζητεῖσθαι.</span> <span class='ocrx_word' id='word_1_509' title='bbox 1186 3309 1247 3361; x_wconf 88' lang='grc' dir='ltr'>Εἰ</span> <span class='ocrx_word' id='word_1_510' title='bbox 1302 3309 1400 3378; x_wconf 81' lang='grc' dir='ltr'><strong>μὲν</strong></span> <span class='ocrx_word' id='word_1_511' title='bbox 1462 3306 1574 3373; x_wconf 79' lang='grc' dir='ltr'>οὖν,</span> <span class='ocrx_word' id='word_1_512' title='bbox 1617 3313 1750 3382; x_wconf 78' lang='grc' dir='ltr'>φησὶ</span> 
     </span>
    </p>
   </div>
   <div class='ocr_carea' id='block_1_66' title="bbox 1889 3306 3463 3383">
    <p class='ocr_par' dir='ltr' id='par_1_66' title="bbox 1889 3310 3463 3383">
     <span class='ocr_line' id='line_1_66' title="bbox 1889 3310 3463 3383; baseline -0.011 -2"><span class='ocrx_word' id='word_1_513' title='bbox 1889 3323 2172 3381; x_wconf 86' lang='lat' dir='ltr'><strong>ostendere</strong></span> <span class='ocrx_word' id='word_1_514' title='bbox 2197 3318 2532 3373; x_wconf 85' lang='lat' dir='ltr'><strong>nominatam</strong></span> <span class='ocrx_word' id='word_1_515' title='bbox 2557 3315 2608 3369; x_wconf 90' lang='lat' dir='ltr'><strong>in</strong></span> <span class='ocrx_word' id='word_1_516' title='bbox 2639 3315 2819 3383; x_wconf 90' lang='lat' dir='ltr'><strong>aliqua</strong></span> <span class='ocrx_word' id='word_1_517' title='bbox 2850 3310 3125 3382; x_wconf 85' lang='lat' dir='ltr'><strong>Scriptura</strong></span> <span class='ocrx_word' id='word_1_518' title='bbox 3146 3332 3163 3363; x_wconf 75' lang='grc' dir='ltr'><strong>ι</strong></span> <span class='ocrx_word' id='word_1_519' title='bbox 3198 3314 3413 3381; x_wconf 88' lang='lat' dir='ltr'><strong>prinutn</strong></span> <span class='ocrx_word' id='word_1_520' title='bbox 3444 3331 3463 3364; x_wconf 74' lang='grc' dir='ltr'><strong>ο</strong></span> 
     </span>
    </p>
   </div>
   <div class='ocr_carea' id='block_1_67' title="bbox 164 3396 1758 3478">
    <p class='ocr_par' dir='ltr' id='par_1_67' title="bbox 164 3396 1758 3472">
     <span class='ocr_line' id='line_1_67' title="bbox 164 3396 1758 3472; baseline 0.004 -23"><span class='ocrx_word' id='word_1_521' title='bbox 164 3396 309 3467; x_wconf 77' lang='grc' dir='ltr'>ἔχεις</span> <span class='ocrx_word' id='word_1_522' title='bbox 340 3417 394 3452; x_wconf 88' lang='grc' dir='ltr'><strong>τι</strong></span> <span class='ocrx_word' id='word_1_523' title='bbox 424 3399 771 3470; x_wconf 76' lang='grc' dir='ltr'>παραστῆσαι</span> <span class='ocrx_word' id='word_1_524' title='bbox 804 3398 900 3469; x_wconf 72' lang='grc' dir='ltr'>τὴν</span> <span class='ocrx_word' id='word_1_525' title='bbox 930 3402 1104 3468; x_wconf 89' lang='grc' dir='ltr'>σχῖνον</span> <span class='ocrx_word' id='word_1_526' title='bbox 1126 3400 1273 3464; x_wconf 78' lang='grc' dir='ltr'>ὅπως</span> <span class='ocrx_word' id='word_1_527' title='bbox 1300 3402 1429 3453; x_wconf 81' lang='grc' dir='ltr'>ποτὲ</span> <span class='ocrx_word' id='word_1_528' title='bbox 1458 3400 1758 3472; x_wconf 83' lang='grc' dir='ltr'>ὀνομασθεῖ-</span> 
     </span>
    </p>
   </div>
   <div class='ocr_carea' id='block_1_68' title="bbox 1889 3396 3471 3478">
    <p class='ocr_par' dir='ltr' id='par_1_68' title="bbox 1889 3406 3471 3478">
     <span class='ocr_line' id='line_1_68' title="bbox 1889 3406 3471 3478; baseline -0.01 -4"><span class='ocrx_word' id='word_1_529' title='bbox 1889 3420 1969 3476; x_wconf 90' lang='lat' dir='ltr'><strong>vel</strong></span> <span class='ocrx_word' id='word_1_530' title='bbox 2003 3435 2021 3469; x_wconf 83' lang='grc' dir='ltr'><strong>ι</strong></span> <span class='ocrx_word' id='word_1_531' title='bbox 2057 3416 2335 3478; x_wconf 79' lang='lat' dir='ltr'><strong>schinum,</strong></span> <span class='ocrx_word' id='word_1_532' title='bbox 2374 3430 2393 3464; x_wconf 74' lang='grc' dir='ltr'><strong>ι</strong></span> <span class='ocrx_word' id='word_1_533' title='bbox 2431 3410 2500 3465; x_wconf 91' lang='lat' dir='ltr'><strong>ihi</strong></span> <span class='ocrx_word' id='word_1_534' title='bbox 2536 3418 2686 3463; x_wconf 89' lang='lat' dir='ltr'><strong>certe</strong></span> <span class='ocrx_word' id='word_1_535' title='bbox 2733 3406 3040 3462; x_wconf 89' lang='lat' dir='ltr'><strong>invenietur</strong></span> <span class='ocrx_word' id='word_1_536' title='bbox 3086 3407 3228 3475; x_wconf 92' lang='lat' dir='ltr'><strong>quod</strong></span> <span class='ocrx_word' id='word_1_537' title='bbox 3274 3406 3471 3474; x_wconf 75' lang='lat' dir='ltr'><strong>quarri-</strong></span> 
     </span>
    </p>
   </div>
   <div class='ocr_carea' id='block_1_69' title="bbox 166 3490 1758 3574">
    <p class='ocr_par' dir='ltr' id='par_1_69' title="bbox 166 3490 1758 3567">
     <span class='ocr_line' id='line_1_69' title="bbox 166 3490 1758 3567; baseline 0.004 -26"><span class='ocrx_word' id='word_1_538' title='bbox 166 3507 266 3543; x_wconf 86' lang='grc' dir='ltr'><strong>σαν</strong></span> <span class='ocrx_word' id='word_1_539' title='bbox 290 3490 350 3545; x_wconf 78' lang='grc' dir='ltr'>ἔν</span> <span class='ocrx_word' id='word_1_540' title='bbox 380 3509 495 3545; x_wconf 88' lang='grc' dir='ltr'>τινι</span> <span class='ocrx_word' id='word_1_541' title='bbox 526 3492 736 3564; x_wconf 70' lang='grc' dir='ltr'>Γραφῇ,</span> <span class='ocrx_word' id='word_1_542' title='bbox 762 3491 794 3562; x_wconf 87' lang='grc' dir='ltr'>ἢ</span> <span class='ocrx_word' id='word_1_543' title='bbox 818 3492 916 3563; x_wconf 84' lang='grc' dir='ltr'>τὴν</span> <span class='ocrx_word' id='word_1_544' title='bbox 947 3494 1154 3563; x_wconf 88' lang='grc' dir='ltr'>πρῖνον,</span> <span class='ocrx_word' id='word_1_545' title='bbox 1180 3493 1389 3546; x_wconf 78' lang='grc' dir='ltr'>ἐκεῖθεν</span> <span class='ocrx_word' id='word_1_546' title='bbox 1419 3495 1484 3548; x_wconf 86' lang='grc' dir='ltr'>ἂν</span> <span class='ocrx_word' id='word_1_547' title='bbox 1522 3494 1758 3567; x_wconf 65' lang='grc' dir='ltr'>εὖροιμεπ</span> 
     </span>
    </p>
   </div>
   <div class='ocr_carea' id='block_1_70' title="bbox 1889 3490 3467 3574">
    <p class='ocr_par' dir='ltr' id='par_1_70' title="bbox 1889 3496 3467 3574">
     <span class='ocr_line' id='line_1_70' title="bbox 1889 3496 3467 3574; baseline -0.008 -9"><span class='ocrx_word' id='word_1_548' title='bbox 1889 3525 2030 3573; x_wconf 88' lang='lat' dir='ltr'><strong>mus,</strong></span> <span class='ocrx_word' id='word_1_549' title='bbox 2065 3517 2118 3562; x_wconf 90' lang='lat' dir='ltr'><strong>et</strong></span> <span class='ocrx_word' id='word_1_550' title='bbox 2148 3521 2210 3560; x_wconf 88' lang='lat' dir='ltr'><strong>ea</strong></span> <span class='ocrx_word' id='word_1_551' title='bbox 2235 3520 2357 3574; x_wconf 66' lang='lat' dir='ltr'><strong>quae</strong></span> <span class='ocrx_word' id='word_1_552' title='bbox 2383 3504 2510 3557; x_wconf 89' lang='lat' dir='ltr'><strong>inde</strong></span> <span class='ocrx_word' id='word_1_553' title='bbox 2536 3504 2735 3565; x_wconf 89' lang='lat' dir='ltr'><strong>oritur,</strong></span> <span class='ocrx_word' id='word_1_554' title='bbox 2763 3501 3043 3555; x_wconf 89' lang='lat' dir='ltr'><strong>nominum</strong></span> <span class='ocrx_word' id='word_1_555' title='bbox 3082 3499 3371 3552; x_wconf 80' lang='lat' dir='ltr'><strong>derivatio.</strong></span> <span class='ocrx_word' id='word_1_556' title='bbox 3410 3496 3467 3552; x_wconf 88' lang='lat' dir='ltr'><strong>Si</strong></span> 
     </span>
    </p>
   </div>
   <div class='ocr_carea' id='block_1_71' title="bbox 161 3580 1758 3662">
    <p class='ocr_par' dir='ltr' id='par_1_71' title="bbox 161 3580 1754 3655">
     <span class='ocr_line' id='line_1_71' title="bbox 161 3580 1754 3655; baseline 0.004 -24"><span class='ocrx_word' id='word_1_557' title='bbox 161 3580 224 3632; x_wconf 82' lang='grc' dir='ltr'><strong>τὸ</strong></span> <span class='ocrx_word' id='word_1_558' title='bbox 252 3580 595 3653; x_wconf 80' lang='grc' dir='ltr'>ζητούμενον</span> <span class='ocrx_word' id='word_1_559' title='bbox 619 3621 633 3645; x_wconf 90' lang='grc'><strong>,</strong></span> <span class='ocrx_word' id='word_1_560' title='bbox 667 3581 761 3634; x_wconf 82' lang='grc' dir='ltr'>καὶ</span> <span class='ocrx_word' id='word_1_561' title='bbox 805 3580 900 3651; x_wconf 84' lang='grc' dir='ltr'><strong>τὴν</strong></span> <span class='ocrx_word' id='word_1_562' title='bbox 934 3583 1062 3653; x_wconf 87' lang='grc' dir='ltr'>παρ’</span> <span class='ocrx_word' id='word_1_563' title='bbox 1122 3582 1260 3635; x_wconf 76' lang='grc' dir='ltr'>αὐτὰ</span> <span class='ocrx_word' id='word_1_564' title='bbox 1304 3585 1661 3655; x_wconf 89' lang='grc' dir='ltr'>παρωνυμίαν</span> <span class='ocrx_word' id='word_1_565' title='bbox 1683 3602 1695 3616; x_wconf 77' lang='grc'><strong><em>⁸</em></strong></span> <span class='ocrx_word' id='word_1_566' title='bbox 1728 3604 1754 3638; x_wconf 91' lang='grc' dir='ltr'><strong>ε</strong></span> 
     </span>
    </p>
   </div>
   <div class='ocr_carea' id='block_1_72' title="bbox 1889 3580 3467 3662">
    <p class='ocr_par' dir='ltr' id='par_1_72' title="bbox 1889 3590 3467 3662">
     <span class='ocr_line' id='line_1_72' title="bbox 1889 3590 3467 3662; baseline -0.008 -6"><span class='ocrx_word' id='word_1_567' title='bbox 1889 3617 2014 3657; x_wconf 88' lang='lat' dir='ltr'><strong>vero</strong></span> <span class='ocrx_word' id='word_1_568' title='bbox 2038 3598 2226 3653; x_wconf 90' lang='lat' dir='ltr'><strong>nullihi</strong></span> <span class='ocrx_word' id='word_1_569' title='bbox 2287 3596 2580 3650; x_wconf 86' lang='lat' dir='ltr'><strong>nominatae</strong></span> <span class='ocrx_word' id='word_1_570' title='bbox 2642 3604 2790 3660; x_wconf 92' lang='lat' dir='ltr'><strong>sunt,</strong></span> <span class='ocrx_word' id='word_1_571' title='bbox 2824 3595 2874 3647; x_wconf 89' lang='lat' dir='ltr'><strong>id</strong></span> <span class='ocrx_word' id='word_1_572' title='bbox 2908 3608 3128 3662; x_wconf 89' lang='lat' dir='ltr'><strong>quoque</strong></span> <span class='ocrx_word' id='word_1_573' title='bbox 3180 3606 3279 3645; x_wconf 88' lang='lat' dir='ltr'><strong>nos</strong></span> <span class='ocrx_word' id='word_1_574' title='bbox 3316 3590 3467 3644; x_wconf 87' lang='lat' dir='ltr'><strong>latet.</strong></span> 
     </span>
    </p>
   </div>
   <div class='ocr_carea' id='block_1_73' title="bbox 164 3670 1758 3761">
    <p class='ocr_par' dir='ltr' id='par_1_73' title="bbox 164 3670 1758 3744">
     <span class='ocr_line' id='line_1_73' title="bbox 164 3670 1758 3744; baseline 0.004 -22"><span class='ocrx_word' id='word_1_575' title='bbox 164 3670 221 3723; x_wconf 87' lang='grc' dir='ltr'>δὲ</span> <span class='ocrx_word' id='word_1_576' title='bbox 265 3673 529 3744; x_wconf 81' lang='grc' dir='ltr'>μηδαμοῦ</span> <span class='ocrx_word' id='word_1_577' title='bbox 588 3672 920 3744; x_wconf 85' lang='grc' dir='ltr'>ὠνομάσθη,</span> <span class='ocrx_word' id='word_1_578' title='bbox 976 3674 1069 3726; x_wconf 71' lang='grc' dir='ltr'><strong>καὶ</strong></span> <span class='ocrx_word' id='word_1_579' title='bbox 1121 3676 1270 3744; x_wconf 84' lang='grc' dir='ltr'>ἡμᾶς</span> <span class='ocrx_word' id='word_1_580' title='bbox 1321 3675 1665 3730; x_wconf 87' lang='grc' dir='ltr'>διαλανθάνει</span> <span class='ocrx_word' id='word_1_581' title='bbox 1716 3677 1758 3730; x_wconf 76' lang='grc' dir='ltr'>τε</span> 
     </span>
    </p>
   </div>
   <div class='ocr_carea' id='block_1_74' title="bbox 1889 3670 3469 3761">
    <p class='ocr_par' dir='ltr' id='par_1_74' title="bbox 1889 3684 3469 3761">
     <span class='ocr_line' id='line_1_74' title="bbox 1889 3684 3469 3761; baseline -0.007 -14"><span class='ocrx_word' id='word_1_582' title='bbox 1889 3692 2009 3747; x_wconf 74' lang='lat' dir='ltr'><strong>Hzec</strong></span> <span class='ocrx_word' id='word_1_583' title='bbox 2039 3693 2204 3761; x_wconf 83' lang='lat' dir='ltr'><strong>igitur</strong></span> <span class='ocrx_word' id='word_1_584' title='bbox 2240 3705 2362 3744; x_wconf 89' lang='lat' dir='ltr'><strong>cum</strong></span> <span class='ocrx_word' id='word_1_585' title='bbox 2390 3687 2457 3741; x_wconf 89' lang='lat' dir='ltr'><strong>ab</strong></span> <span class='ocrx_word' id='word_1_586' title='bbox 2488 3686 2730 3740; x_wconf 72' lang='lat' dir='ltr'><strong>llebrteis</strong></span> <span class='ocrx_word' id='word_1_587' title='bbox 2755 3686 3079 3754; x_wconf 89' lang='lat' dir='ltr'><strong>quibuscum</strong></span> <span class='ocrx_word' id='word_1_588' title='bbox 3111 3684 3469 3737; x_wconf 90' lang='lat' dir='ltr'><strong>consuetudi-</strong></span> 
     </span>
    </p>
   </div>
   <div class='ocr_carea' id='block_1_75' title="bbox 162 3760 1758 3846">
    <p class='ocr_par' dir='ltr' id='par_1_75' title="bbox 162 3760 1758 3839">
     <span class='ocr_line' id='line_1_75' title="bbox 162 3760 1758 3839; baseline 0.003 -25"><span class='ocrx_word' id='word_1_589' title='bbox 162 3764 426 3819; x_wconf 75' lang='grc' dir='ltr'>τοιοῦτον.</span> <span class='ocrx_word' id='word_1_590' title='bbox 501 3764 717 3819; x_wconf 80' lang='grc' dir='ltr'>Τούτων</span> <span class='ocrx_word' id='word_1_591' title='bbox 776 3760 868 3819; x_wconf 76' lang='grc' dir='ltr'><strong>οὖν</strong></span> <span class='ocrx_word' id='word_1_592' title='bbox 920 3766 1041 3819; x_wconf 83' lang='grc' dir='ltr'>ὅσον</span> <span class='ocrx_word' id='word_1_593' title='bbox 1112 3766 1205 3819; x_wconf 76' lang='grc' dir='ltr'>ἐπὶ</span> <span class='ocrx_word' id='word_1_594' title='bbox 1279 3767 1354 3838; x_wconf 81' lang='grc' dir='ltr'>μὴ</span> <span class='ocrx_word' id='word_1_595' title='bbox 1412 3769 1621 3839; x_wconf 79' lang='grc' dir='ltr'>ἱστορίᾳ</span> <span class='ocrx_word' id='word_1_596' title='bbox 1676 3770 1758 3822; x_wconf 78' lang='grc' dir='ltr'><strong>ὑπὲ</strong></span> 
     </span>
    </p>
   </div>
   <div class='ocr_carea' id='block_1_76' title="bbox 1889 3760 3469 3846">
    <p class='ocr_par' dir='ltr' id='par_1_76' title="bbox 1889 3774 3469 3846">
     <span class='ocr_line' id='line_1_76' title="bbox 1889 3774 3469 3846; baseline -0.006 -8"><span class='ocrx_word' id='word_1_597' title='bbox 1889 3796 2010 3838; x_wconf 85' lang='lat' dir='ltr'><strong>nem</strong></span> <span class='ocrx_word' id='word_1_598' title='bbox 2047 3782 2234 3844; x_wconf 86' lang='lat' dir='ltr'><strong>habui,</strong></span> <span class='ocrx_word' id='word_1_599' title='bbox 2271 3780 2554 3834; x_wconf 85' lang='lat' dir='ltr'><strong>historiam</strong></span> <span class='ocrx_word' id='word_1_600' title='bbox 2582 3792 2688 3831; x_wconf 90' lang='lat' dir='ltr'><strong>non</strong></span> <span class='ocrx_word' id='word_1_601' title='bbox 2717 3776 3141 3846; x_wconf 74' lang='lat' dir='ltr'><strong>agnoscentibus</strong></span> <span class='ocrx_word' id='word_1_602' title='bbox 3169 3774 3313 3829; x_wconf 84' lang='lat' dir='ltr'><strong>dicta</strong></span> <span class='ocrx_word' id='word_1_603' title='bbox 3338 3775 3469 3837; x_wconf 87' lang='lat' dir='ltr'><strong>sint,</strong></span> 
     </span>
    </p>
   </div>
   <div class='ocr_carea' id='block_1_77' title="bbox 175 3853 1758 3945">
    <p class='ocr_par' dir='ltr' id='par_1_77' title="bbox 175 3853 1758 3931">
     <span class='ocr_line' id='line_1_77' title="bbox 175 3853 1758 3931; baseline 0.004 -23"><span class='ocrx_word' id='word_1_604' title='bbox 175 3853 474 3928; x_wconf 85' lang='grc' dir='ltr'>Ἐϐραίων,</span> <span class='ocrx_word' id='word_1_605' title='bbox 507 3853 589 3921; x_wconf 69' lang='grc' dir='ltr'>οἷς</span> <span class='ocrx_word' id='word_1_606' title='bbox 620 3857 897 3928; x_wconf 82' lang='grc' dir='ltr'>συνέμιξα,</span> <span class='ocrx_word' id='word_1_607' title='bbox 929 3858 1255 3929; x_wconf 74' lang='grc' dir='ltr'>εἰρημένων,</span> <span class='ocrx_word' id='word_1_608' title='bbox 1287 3860 1397 3930; x_wconf 77' lang='grc' dir='ltr'><strong>ἐγὼ</strong></span> <span class='ocrx_word' id='word_1_609' title='bbox 1425 3862 1521 3931; x_wconf 83' lang='grc' dir='ltr'>μὲν</span> <span class='ocrx_word' id='word_1_610' title='bbox 1538 3861 1758 3920; x_wconf 68' lang='grc' dir='ltr'>εὐλαϐῶς</span> 
     </span>
    </p>
   </div>
   <div class='ocr_carea' id='block_1_78' title="bbox 1889 3853 3467 3945">
    <p class='ocr_par' dir='ltr' id='par_1_78' title="bbox 1889 3868 3467 3945">
     <span class='ocr_line' id='line_1_78' title="bbox 1889 3868 3467 3945; baseline -0.004 -16"><span class='ocrx_word' id='word_1_611' title='bbox 1889 3875 2069 3945; x_wconf 82' lang='lat' dir='ltr'><strong>religio</strong></span> <span class='ocrx_word' id='word_1_612' title='bbox 2105 3873 2239 3928; x_wconf 91' lang='lat' dir='ltr'><strong>mihi</strong></span> <span class='ocrx_word' id='word_1_613' title='bbox 2279 3881 2368 3927; x_wconf 89' lang='lat' dir='ltr'><strong>est</strong></span> <span class='ocrx_word' id='word_1_614' title='bbox 2410 3870 2771 3940; x_wconf 84' lang='lat' dir='ltr'><strong>pronuntiare</strong></span> <span class='ocrx_word' id='word_1_615' title='bbox 2815 3877 2994 3922; x_wconf 91' lang='lat' dir='ltr'><strong>utrum</strong></span> <span class='ocrx_word' id='word_1_616' title='bbox 3030 3868 3175 3936; x_wconf 89' lang='lat' dir='ltr'><strong>apud</strong></span> <span class='ocrx_word' id='word_1_617' title='bbox 3212 3868 3467 3923; x_wconf 64' lang='lat' dir='ltr'><strong>Hebraeos</strong></span> 
     </span>
    </p>
   </div>
   <div class='ocr_carea' id='block_1_79' title="bbox 163 3947 1758 4025">
    <p class='ocr_par' dir='ltr' id='par_1_79' title="bbox 163 3947 1758 4023">
     <span class='ocr_line' id='line_1_79' title="bbox 163 3947 1758 4023; baseline 0.005 -24"><span class='ocrx_word' id='word_1_618' title='bbox 163 3947 271 4018; x_wconf 76' lang='grc' dir='ltr'>ἔχω</span> <span class='ocrx_word' id='word_1_619' title='bbox 298 3949 708 4021; x_wconf 85' lang='grc' dir='ltr'>ἀποφήνασθαι,</span> <span class='ocrx_word' id='word_1_620' title='bbox 740 3949 967 4022; x_wconf 89' lang='grc' dir='ltr'>πότερον</span> <span class='ocrx_word' id='word_1_621' title='bbox 1002 3951 1096 4003; x_wconf 78' lang='grc' dir='ltr'><strong>καὶ</strong></span> <span class='ocrx_word' id='word_1_622' title='bbox 1118 3951 1245 4023; x_wconf 89' lang='grc' dir='ltr'>παρ’</span> <span class='ocrx_word' id='word_1_623' title='bbox 1292 3952 1562 4023; x_wconf 85' lang='grc' dir='ltr'>Ἑϐραίοις</span> <span class='ocrx_word' id='word_1_624' title='bbox 1605 3954 1633 4022; x_wconf 78' lang='grc' dir='ltr'>ἡ</span> <span class='ocrx_word' id='word_1_625' title='bbox 1664 3955 1758 4007; x_wconf 80' lang='grc' dir='ltr'>ίσο‹</span> 
     </span>
    </p>
   </div>
   <div class='ocr_carea' id='block_1_80' title="bbox 1889 3947 3467 4025">
    <p class='ocr_par' dir='ltr' id='par_1_80' title="bbox 1889 3962 3467 4025">
     <span class='ocr_line' id='line_1_80' title="bbox 1889 3962 3467 4025; baseline -0.005 -3"><span class='ocrx_word' id='word_1_626' title='bbox 1889 3967 2071 4022; x_wconf 71' lang='lat' dir='ltr'><strong>similis</strong></span> <span class='ocrx_word' id='word_1_627' title='bbox 2097 3963 2381 4020; x_wconf 91' lang='lat' dir='ltr'><strong>nominum</strong></span> <span class='ocrx_word' id='word_1_628' title='bbox 2419 3963 2687 4025; x_wconf 89' lang='lat' dir='ltr'><strong>derivatio</strong></span> <span class='ocrx_word' id='word_1_629' title='bbox 2714 3974 2963 4020; x_wconf 85' lang='lat' dir='ltr'><strong>servetur</strong></span> <span class='ocrx_word' id='word_1_630' title='bbox 2992 3977 3186 4019; x_wconf 90' lang='lat' dir='ltr'><strong>necne.</strong></span> <span class='ocrx_word' id='word_1_631' title='bbox 3214 3962 3295 4016; x_wconf 90' lang='lat' dir='ltr'><strong>Tu</strong></span> <span class='ocrx_word' id='word_1_632' title='bbox 3335 3975 3467 4016; x_wconf 86' lang='lat' dir='ltr'><strong>vero</strong></span> 
     </span>
    </p>
   </div>
   <div class='ocr_carea' id='block_1_81' title="bbox 166 4040 1758 4119">
    <p class='ocr_par' dir='ltr' id='par_1_81' title="bbox 166 4040 1758 4117">
     <span class='ocr_line' id='line_1_81' title="bbox 166 4040 1758 4117; baseline 0.005 -25"><span class='ocrx_word' id='word_1_633' title='bbox 166 4040 401 4112; x_wconf 85' lang='grc' dir='ltr'>δυναμία</span> <span class='ocrx_word' id='word_1_634' title='bbox 431 4042 547 4095; x_wconf 83' lang='grc' dir='ltr'><strong>τῶν</strong></span> <span class='ocrx_word' id='word_1_635' title='bbox 572 4041 712 4095; x_wconf 80' lang='grc' dir='ltr'>κατὰ</span> <span class='ocrx_word' id='word_1_636' title='bbox 745 4040 918 4095; x_wconf 74' lang='grc' dir='ltr'>ταῦτα</span> <span class='ocrx_word' id='word_1_637' title='bbox 948 4041 1319 4114; x_wconf 80' lang='grc' dir='ltr'>παρωνυμιῶν</span> <span class='ocrx_word' id='word_1_638' title='bbox 1354 4042 1607 4111; x_wconf 79' lang='grc' dir='ltr'>σώζεται,</span> <span class='ocrx_word' id='word_1_639' title='bbox 1632 4047 1664 4117; x_wconf 84' lang='grc' dir='ltr'><strong>ἢ</strong></span> <span class='ocrx_word' id='word_1_640' title='bbox 1686 4047 1758 4100; x_wconf 42' lang='grc' dir='ltr'><strong>οῦκ</strong></span> 
     </span>
    </p>
   </div>
   <div class='ocr_carea' id='block_1_82' title="bbox 1889 4040 3078 4119">
    <p class='ocr_par' dir='ltr' id='par_1_82' title="bbox 1889 4052 3078 4119">
     <span class='ocr_line' id='line_1_82' title="bbox 1889 4052 3078 4119; baseline -0.006 -7"><span class='ocrx_word' id='word_1_641' title='bbox 1889 4073 1974 4112; x_wconf 76' lang='lat' dir='ltr'><strong>:ur</strong></span> <span class='ocrx_word' id='word_1_642' title='bbox 2003 4072 2108 4111; x_wconf 92' lang='lat' dir='ltr'><strong>non</strong></span> <span class='ocrx_word' id='word_1_643' title='bbox 2143 4070 2266 4111; x_wconf 74' lang='lat' dir='ltr'><strong>esse.</strong></span> <span class='ocrx_word' id='word_1_644' title='bbox 2292 4052 2612 4119; x_wconf 78' lang='lat' dir='ltr'><strong>altirmaris,</strong></span> <span class='ocrx_word' id='word_1_645' title='bbox 2648 4053 2882 4108; x_wconf 80' lang='lat' dir='ltr'><strong>fortasse</strong></span> <span class='ocrx_word' id='word_1_646' title='bbox 2910 4053 3078 4107; x_wconf 89' lang='lat' dir='ltr'><strong>nosti.</strong></span> 
     </span>
    </p>
   </div>
   <div class='ocr_carea' id='block_1_83' title="bbox 169 4127 1463 4200">
    <p class='ocr_par' dir='ltr' id='par_1_83' title="bbox 169 4127 1463 4200">
     <span class='ocr_line' id='line_1_83' title="bbox 169 4127 1463 4200; baseline 0 -11"><span class='ocrx_word' id='word_1_647' title='bbox 169 4135 233 4189; x_wconf 80' lang='grc' dir='ltr'>σὺ</span> <span class='ocrx_word' id='word_1_648' title='bbox 265 4136 321 4188; x_wconf 81' lang='grc' dir='ltr'>δὲ</span> <span class='ocrx_word' id='word_1_649' title='bbox 342 4138 501 4199; x_wconf 83' lang='grc' dir='ltr'>ὅπως</span> <span class='ocrx_word' id='word_1_650' title='bbox 530 4135 920 4199; x_wconf 83' lang='grc' dir='ltr'>διεϐεϐαιώσω,</span> <span class='ocrx_word' id='word_1_651' title='bbox 948 4136 1109 4199; x_wconf 79' lang='grc' dir='ltr'>αὐτὸς</span> <span class='ocrx_word' id='word_1_652' title='bbox 1132 4127 1279 4200; x_wconf 83' lang='grc' dir='ltr'>οἶδας</span> <span class='ocrx_word' id='word_1_653' title='bbox 1314 4136 1463 4199; x_wconf 82' lang='grc' dir='ltr'>ἴσως.</span> 
     </span>
    </p>
   </div>
   <div class='ocr_carea' id='block_1_84' title="bbox 236 4225 1758 4299">
    <p class='ocr_par' dir='ltr' id='par_1_84' title="bbox 236 4225 1758 4299">
     <span class='ocr_line' id='line_1_84' title="bbox 236 4225 1758 4299; baseline -0.001 -20"><span class='ocrx_word' id='word_1_654' title='bbox 236 4226 546 4298; x_wconf 77' lang='grc' dir='ltr'>Μέμνημαι</span> <span class='ocrx_word' id='word_1_655' title='bbox 578 4226 677 4296; x_wconf 90' lang='grc' dir='ltr'><strong>μέν</strong></span> <span class='ocrx_word' id='word_1_656' title='bbox 698 4226 781 4279; x_wconf 90' lang='grc' dir='ltr'><strong>τοί</strong></span> <span class='ocrx_word' id='word_1_657' title='bbox 800 4242 863 4294; x_wconf 85' lang='grc' dir='ltr'>γε</span> <span class='ocrx_word' id='word_1_658' title='bbox 893 4225 1184 4295; x_wconf 86' lang='grc' dir='ltr'>φιλομαθεῐ</span> <span class='ocrx_word' id='word_1_659' title='bbox 1222 4226 1487 4296; x_wconf 84' lang='grc' dir='ltr'>Ἑϐραίῳ,</span> <span class='ocrx_word' id='word_1_660' title='bbox 1525 4228 1620 4280; x_wconf 78' lang='grc' dir='ltr'>καὶ</span> <span class='ocrx_word' id='word_1_661' title='bbox 1641 4245 1758 4299; x_wconf 85' lang='grc' dir='ltr'>χρη-</span> 
     </span>
    </p>
   </div>
   <div class='ocr_carea' id='block_1_85' title="bbox 1889 4225 3469 4299">
    <p class='ocr_par' dir='ltr' id='par_1_85' title="bbox 1955 4226 3469 4285">
     <span class='ocr_line' id='line_1_85' title="bbox 1955 4226 3469 4285; baseline 0 -5"><span class='ocrx_word' id='word_1_662' title='bbox 1955 4229 2006 4285; x_wconf 85' lang='grc'>7.</span> <span class='ocrx_word' id='word_1_663' title='bbox 2045 4227 2260 4283; x_wconf 78' lang='lat' dir='ltr'><strong>Memini</strong></span> <span class='ocrx_word' id='word_1_664' title='bbox 2287 4237 2436 4283; x_wconf 86' lang='lat' dir='ltr'><strong>certe</strong></span> <span class='ocrx_word' id='word_1_665' title='bbox 2465 4244 2551 4283; x_wconf 90' lang='lat' dir='ltr'><strong>me</strong></span> <span class='ocrx_word' id='word_1_666' title='bbox 2579 4243 2702 4283; x_wconf 91' lang='lat' dir='ltr'><strong>eum</strong></span> <span class='ocrx_word' id='word_1_667' title='bbox 2752 4228 2998 4282; x_wconf 84' lang='lat' dir='ltr'><strong>studioso</strong></span> <span class='ocrx_word' id='word_1_668' title='bbox 3030 4226 3256 4281; x_wconf 71' lang='lat' dir='ltr'><strong>llcbrreo</strong></span> <span class='ocrx_word' id='word_1_669' title='bbox 3301 4241 3469 4280; x_wconf 86' lang='lat' dir='ltr'><strong>voca-</strong></span> 
     </span>
    </p>
   </div>
   <div class='ocr_carea' id='block_1_86' title="bbox 174 4314 1776 4388">
    <p class='ocr_par' dir='ltr' id='par_1_86' title="bbox 174 4314 1776 4388">
     <span class='ocr_line' id='line_1_86' title="bbox 174 4314 1776 4388; baseline -0.001 -18"><span class='ocrx_word' id='word_1_670' title='bbox 174 4316 449 4385; x_wconf 79' lang='grc' dir='ltr'>ματίζοντι</span> <span class='ocrx_word' id='word_1_671' title='bbox 488 4317 601 4388; x_wconf 76' lang='grc'>(52)</span> <span class='ocrx_word' id='word_1_672' title='bbox 633 4318 765 4388; x_wconf 83' lang='grc' dir='ltr'>παρ’</span> <span class='ocrx_word' id='word_1_673' title='bbox 806 4316 994 4379; x_wconf 72' lang='grc' dir='ltr'>αὐτοῖς</span> <span class='ocrx_word' id='word_1_674' title='bbox 1032 4314 1195 4383; x_wconf 76' lang='grc' dir='ltr'>σοφοῦ</span> <span class='ocrx_word' id='word_1_675' title='bbox 1245 4314 1375 4385; x_wconf 78' lang='grc' dir='ltr'>υἱῷ,</span> <span class='ocrx_word' id='word_1_676' title='bbox 1407 4317 1776 4388; x_wconf 67' lang='grc' dir='ltr'>ἀνατραφέντι</span> 
     </span>
    </p>
   </div>
   <div class='ocr_carea' id='block_1_87' title="bbox 1886 4318 3471 4391">
    <p class='ocr_par' dir='ltr' id='par_1_87' title="bbox 1886 4318 3471 4391">
     <span class='ocr_line' id='line_1_87' title="bbox 1886 4318 3471 4391; baseline -0.001 -18"><span class='ocrx_word' id='word_1_677' title='bbox 1886 4320 2037 4390; x_wconf 86' lang='lat' dir='ltr'><strong>tique</strong></span> <span class='ocrx_word' id='word_1_678' title='bbox 2067 4320 2207 4390; x_wconf 88' lang='lat' dir='ltr'><strong>apud</strong></span> <span class='ocrx_word' id='word_1_679' title='bbox 2229 4320 2348 4376; x_wconf 90' lang='lat' dir='ltr'><strong>illos</strong></span> <span class='ocrx_word' id='word_1_680' title='bbox 2374 4321 2475 4375; x_wconf 90' lang='lat' dir='ltr'><strong>viri</strong></span> <span class='ocrx_word' id='word_1_681' title='bbox 2518 4319 2783 4391; x_wconf 84' lang='lat' dir='ltr'><strong>sapientis</strong></span> <span class='ocrx_word' id='word_1_682' title='bbox 2810 4319 2945 4384; x_wconf 78' lang='lat' dir='ltr'><strong>tilio,</strong></span> <span class='ocrx_word' id='word_1_683' title='bbox 2984 4327 3038 4373; x_wconf 88' lang='lat' dir='ltr'><strong>et</strong></span> <span class='ocrx_word' id='word_1_684' title='bbox 3068 4319 3134 4371; x_wconf 83' lang='lat' dir='ltr'><strong>ad</strong></span> <span class='ocrx_word' id='word_1_685' title='bbox 3165 4318 3217 4371; x_wconf 90' lang='lat' dir='ltr'><strong>id</strong></span> <span class='ocrx_word' id='word_1_686' title='bbox 3240 4318 3471 4372; x_wconf 87' lang='lat' dir='ltr'><strong>educato</strong></span> 
     </span>
    </p>
   </div>
   <div class='ocr_carea' id='block_1_88' title="bbox 175 4517 3470 4590">
    <p class='ocr_par' dir='ltr' id='par_1_88' title="bbox 175 4517 3470 4590">
     <span class='ocr_line' id='line_1_88' title="bbox 175 4517 3470 4590; baseline 0.002 -22"><span class='ocrx_word' id='word_1_687' title='bbox 175 4517 417 4590; x_wconf 78' lang='lat' dir='ltr'><strong>tuagiuta</strong></span> <span class='ocrx_word' id='word_1_688' title='bbox 460 4520 758 4573; x_wconf 87' lang='lat' dir='ltr'><strong>editionem</strong></span> <span class='ocrx_word' id='word_1_689' title='bbox 817 4519 1151 4579; x_wconf 74' lang='lat' dir='ltr'><strong>edi:serunt.</strong></span> <span class='ocrx_word' id='word_1_690' title='bbox 1201 4536 1219 4570; x_wconf 73' lang='grc' dir='ltr'><strong>ι</strong></span> <span class='ocrx_word' id='word_1_691' title='bbox 1254 4518 1317 4572; x_wconf 83' lang='lat' dir='ltr'><strong>Et</strong></span> <span class='ocrx_word' id='word_1_692' title='bbox 1349 4517 1487 4590; x_wconf 61' lang='lat' dir='ltr'><strong>lilrro</strong></span> <span class='ocrx_word' id='word_1_693' title='bbox 1523 4534 1585 4590; x_wconf 86' lang='lat' dir='ltr'><strong>tu</strong></span> <span class='ocrx_word' id='word_1_694' title='bbox 1624 4519 1760 4587; x_wconf 83' lang='grc' dir='ltr'>Αρο-</span> <span class='ocrx_word' id='word_1_695' title='bbox 1793 4524 1837 4579; x_wconf 90' lang='lat' dir='ltr'><strong>D</strong></span> <span class='ocrx_word' id='word_1_696' title='bbox 1872 4521 1974 4575; x_wconf 90' lang='lat' dir='ltr'><strong>hoc</strong></span> <span class='ocrx_word' id='word_1_697' title='bbox 2004 4522 2057 4574; x_wconf 91' lang='lat' dir='ltr'><strong>in</strong></span> <span class='ocrx_word' id='word_1_698' title='bbox 2092 4520 2392 4590; x_wconf 73' lang='lat' dir='ltr'><strong>peregrinae</strong></span> <span class='ocrx_word' id='word_1_699' title='bbox 2426 4520 2624 4587; x_wconf 77' lang='lat' dir='ltr'><strong>lingute</strong></span> <span class='ocrx_word' id='word_1_700' title='bbox 2657 4519 2968 4590; x_wconf 83' lang='lat' dir='ltr'><strong>eruditione</strong></span> <span class='ocrx_word' id='word_1_701' title='bbox 3003 4520 3231 4573; x_wconf 80' lang='lat' dir='ltr'><strong>sudasse</strong></span> <span class='ocrx_word' id='word_1_702' title='bbox 3272 4536 3340 4575; x_wconf 91' lang='lat' dir='ltr'><strong>ne</strong></span> <span class='ocrx_word' id='word_1_703' title='bbox 3369 4518 3470 4573; x_wconf 81' lang='lat' dir='ltr'><strong>Ju-</strong></span> 
     </span>
    </p>
   </div>
   <div class='ocr_carea' id='block_1_89' title="bbox 174 4586 1758 4653">
    <p class='ocr_par' dir='ltr' id='par_1_89' title="bbox 174 4586 1758 4653">
     <span class='ocr_line' id='line_1_89' title="bbox 174 4586 1758 4653; baseline 0.003 -16"><span class='ocrx_word' id='word_1_704' title='bbox 174 4586 324 4653; x_wconf 77' lang='lat' dir='ltr'><strong>logite</strong></span> <span class='ocrx_word' id='word_1_705' title='bbox 378 4592 640 4644; x_wconf 80' lang='lat' dir='ltr'><strong>adversus</strong></span> <span class='ocrx_word' id='word_1_706' title='bbox 690 4590 940 4643; x_wconf 84' lang='lat' dir='ltr'><strong>eumdem</strong></span> <span class='ocrx_word' id='word_1_707' title='bbox 1002 4590 1253 4643; x_wconf 77' lang='lat' dir='ltr'><strong>Ruﬁnum</strong></span> <span class='ocrx_word' id='word_1_708' title='bbox 1289 4608 1302 4642; x_wconf 90' lang='lat'><strong>:</strong></span> <span class='ocrx_word' id='word_1_709' title='bbox 1337 4609 1355 4640; x_wconf 80' lang='grc' dir='ltr'><strong>ι</strong></span> <span class='ocrx_word' id='word_1_710' title='bbox 1394 4589 1473 4643; x_wconf 88' lang='grc' dir='ltr'><strong>Τιι</strong></span> <span class='ocrx_word' id='word_1_711' title='bbox 1515 4586 1758 4649; x_wconf 85' lang='lat' dir='ltr'><strong>Latinas,</strong></span> 
     </span>
    </p>
   </div>
   <div class='ocr_carea' id='block_1_90' title="bbox 175 4655 1760 4729">
    <p class='ocr_par' dir='ltr' id='par_1_90' title="bbox 175 4655 1760 4729">
     <span class='ocr_line' id='line_1_90' title="bbox 175 4655 1760 4729; baseline 0.004 -22"><span class='ocrx_word' id='word_1_712' title='bbox 175 4655 373 4729; x_wconf 69' lang='lat' dir='ltr'><strong>inquit,</strong></span> <span class='ocrx_word' id='word_1_713' title='bbox 407 4659 726 4729; x_wconf 73' lang='lat' dir='ltr'><strong>Seripturas</strong></span> <span class='ocrx_word' id='word_1_714' title='bbox 760 4661 826 4713; x_wconf 77' lang='lat' dir='ltr'><strong>de</strong></span> <span class='ocrx_word' id='word_1_715' title='bbox 859 4659 1050 4714; x_wconf 53' lang='grc' dir='ltr'><strong>ϐαίη-ο</strong></span> <span class='ocrx_word' id='word_1_716' title='bbox 1104 4659 1445 4722; x_wconf 84' lang='lat' dir='ltr'><strong>emendabis,</strong></span> <span class='ocrx_word' id='word_1_717' title='bbox 1498 4669 1553 4712; x_wconf 88' lang='lat' dir='ltr'><strong>et</strong></span> <span class='ocrx_word' id='word_1_718' title='bbox 1609 4660 1760 4714; x_wconf 86' lang='lat' dir='ltr'><strong>aliud</strong></span> 
     </span>
    </p>
   </div>
   <div class='ocr_carea' id='block_1_91' title="bbox 175 4721 1762 4797">
    <p class='ocr_par' dir='ltr' id='par_1_91' title="bbox 175 4721 1762 4797">
     <span class='ocr_line' id='line_1_91' title="bbox 175 4721 1762 4797; baseline 0.004 -21"><span class='ocrx_word' id='word_1_719' title='bbox 175 4721 432 4784; x_wconf 82' lang='lat' dir='ltr'><strong>Ecclesiis</strong></span> <span class='ocrx_word' id='word_1_720' title='bbox 481 4721 662 4783; x_wconf 77' lang='lat' dir='ltr'><strong>trades</strong></span> <span class='ocrx_word' id='word_1_721' title='bbox 702 4730 1021 4797; x_wconf 81' lang='lat' dir='ltr'><strong>legendum,</strong></span> <span class='ocrx_word' id='word_1_722' title='bbox 1069 4746 1232 4797; x_wconf 87' lang='lat' dir='ltr'><strong>quam</strong></span> <span class='ocrx_word' id='word_1_723' title='bbox 1286 4721 1439 4795; x_wconf 87' lang='lat' dir='ltr'><strong>quod</strong></span> <span class='ocrx_word' id='word_1_724' title='bbox 1485 4730 1650 4783; x_wconf 87' lang='lat' dir='ltr'><strong>semel</strong></span> <span class='ocrx_word' id='word_1_725' title='bbox 1693 4731 1762 4783; x_wconf 91' lang='lat' dir='ltr'><strong>ab</strong></span> 
     </span>
    </p>
   </div>
   <div class='ocr_carea' id='block_1_92' title="bbox 176 4799 1763 4868">
    <p class='ocr_par' dir='ltr' id='par_1_92' title="bbox 176 4799 1763 4868">
     <span class='ocr_line' id='line_1_92' title="bbox 176 4799 1763 4868; baseline 0.002 -21"><span class='ocrx_word' id='word_1_726' title='bbox 176 4799 436 4868; x_wconf 84' lang='lat' dir='ltr'><strong>apostolis</strong></span> <span class='ocrx_word' id='word_1_727' title='bbox 458 4811 850 4868; x_wconf 88' lang='lat' dir='ltr'><strong>susceperunt;</strong></span> <span class='ocrx_word' id='word_1_728' title='bbox 885 4800 1011 4852; x_wconf 87' lang='lat' dir='ltr'><strong>mihi</strong></span> <span class='ocrx_word' id='word_1_729' title='bbox 1048 4816 1150 4853; x_wconf 86' lang='lat' dir='ltr'><strong>non</strong></span> <span class='ocrx_word' id='word_1_730' title='bbox 1178 4801 1363 4853; x_wconf 87' lang='lat' dir='ltr'><strong>licebit</strong></span> <span class='ocrx_word' id='word_1_731' title='bbox 1386 4809 1507 4865; x_wconf 81' lang='lat' dir='ltr'><strong>post</strong></span> <span class='ocrx_word' id='word_1_732' title='bbox 1534 4800 1763 4867; x_wconf 79' lang='lat' dir='ltr'><strong>Septua-</strong></span> 
     </span>
    </p>
   </div>
   <div class='ocr_carea' id='block_1_93' title="bbox 180 4864 1761 4939">
    <p class='ocr_par' dir='ltr' id='par_1_93' title="bbox 180 4864 1761 4939">
     <span class='ocr_line' id='line_1_93' title="bbox 180 4864 1761 4939; baseline 0.004 -25"><span class='ocrx_word' id='word_1_733' title='bbox 180 4864 322 4932; x_wconf 80' lang='lat' dir='ltr'><strong>ginla</strong></span> <span class='ocrx_word' id='word_1_734' title='bbox 359 4864 685 4939; x_wconf 74' lang='lat' dir='ltr'><strong>editionem,</strong></span> <span class='ocrx_word' id='word_1_735' title='bbox 736 4886 898 4931; x_wconf 84' lang='lat' dir='ltr'><strong>quam</strong></span> <span class='ocrx_word' id='word_1_736' title='bbox 955 4864 1761 4939; x_wconf 12' lang='lat' dir='ltr'><strong>diligentissimeretinendatatn</strong></span> 
     </span>
    </p>
   </div>
   <div class='ocr_carea' id='block_1_94' title="bbox 179 4937 1757 5009">
    <p class='ocr_par' dir='ltr' id='par_1_94' title="bbox 179 4937 1757 5009">
     <span class='ocr_line' id='line_1_94' title="bbox 179 4937 1757 5009; baseline 0.004 -24"><span class='ocrx_word' id='word_1_737' title='bbox 179 4948 310 5009; x_wconf 70' lang='lat' dir='ltr'><strong>mete</strong></span> <span class='ocrx_word' id='word_1_738' title='bbox 358 4937 553 5009; x_wconf 71' lang='lat' dir='ltr'><strong>lingua:</strong></span> <span class='ocrx_word' id='word_1_739' title='bbox 608 4940 919 4993; x_wconf 81' lang='lat' dir='ltr'><strong>Imtninihns</strong></span> <span class='ocrx_word' id='word_1_740' title='bbox 971 4937 1110 4999; x_wconf 85' lang='lat' dir='ltr'><strong>dedi,</strong></span> <span class='ocrx_word' id='word_1_741' title='bbox 1138 4941 1206 4993; x_wconf 85' lang='lat' dir='ltr'><strong>ad</strong></span> <span class='ocrx_word' id='word_1_742' title='bbox 1238 4939 1597 4994; x_wconf 84' lang='lat' dir='ltr'><strong>confutandos</strong></span> <span class='ocrx_word' id='word_1_743' title='bbox 1656 4937 1757 4992; x_wconf 83' lang='lat' dir='ltr'><strong>Ju-</strong></span> 
     </span>
    </p>
   </div>
   <div class='ocr_carea' id='block_1_95' title="bbox 178 5002 1761 5083">
    <p class='ocr_par' dir='ltr' id='par_1_95' title="bbox 178 5002 1761 5083">
     <span class='ocr_line' id='line_1_95' title="bbox 178 5002 1761 5083; baseline 0.005 -28"><span class='ocrx_word' id='word_1_744' title='bbox 178 5002 345 5083; x_wconf 52' lang='lat' dir='ltr'><strong>dteos,</strong></span> <span class='ocrx_word' id='word_1_745' title='bbox 371 5002 530 5083; x_wconf 69' lang='lat' dir='ltr'><strong>etiam</strong></span> <span class='ocrx_word' id='word_1_746' title='bbox 559 5010 670 5079; x_wconf 88' lang='lat' dir='ltr'><strong>ipsa</strong></span> <span class='ocrx_word' id='word_1_747' title='bbox 695 5010 1025 5083; x_wconf 79' lang='lat' dir='ltr'><strong>exemplaria</strong></span> <span class='ocrx_word' id='word_1_748' title='bbox 1052 5020 1289 5083; x_wconf 78' lang='lat' dir='ltr'><strong>vertere,</strong></span> <span class='ocrx_word' id='word_1_749' title='bbox 1314 5026 1433 5078; x_wconf 83' lang='lat' dir='ltr'><strong>qua:</strong></span> <span class='ocrx_word' id='word_1_750' title='bbox 1460 5010 1558 5078; x_wconf 85' lang='lat' dir='ltr'><strong>ipsi</strong></span> <span class='ocrx_word' id='word_1_751' title='bbox 1583 5010 1761 5083; x_wconf 72' lang='lat' dir='ltr'><strong>veris-</strong></span> 
     </span>
    </p>
   </div>
   <div class='ocr_carea' id='block_1_96' title="bbox 179 5080 1762 5153">
    <p class='ocr_par' dir='ltr' id='par_1_96' title="bbox 179 5080 1762 5153">
     <span class='ocr_line' id='line_1_96' title="bbox 179 5080 1762 5153; baseline 0.002 -25"><span class='ocrx_word' id='word_1_752' title='bbox 179 5080 334 5153; x_wconf 59' lang='lat' dir='ltr'><strong>signa</strong></span> <span class='ocrx_word' id='word_1_753' title='bbox 366 5081 733 5153; x_wconf 79' lang='lat' dir='ltr'><strong>conﬁtentur;</strong></span> <span class='ocrx_word' id='word_1_754' title='bbox 769 5091 827 5133; x_wconf 91' lang='lat' dir='ltr'><strong>nt</strong></span> <span class='ocrx_word' id='word_1_755' title='bbox 854 5081 897 5132; x_wconf 91' lang='lat' dir='ltr'><strong>si</strong></span> <span class='ocrx_word' id='word_1_756' title='bbox 925 5082 1146 5153; x_wconf 86' lang='lat' dir='ltr'><strong>quando</strong></span> <span class='ocrx_word' id='word_1_757' title='bbox 1169 5081 1459 5153; x_wconf 86' lang='lat' dir='ltr'><strong>adversum</strong></span> <span class='ocrx_word' id='word_1_758' title='bbox 1483 5095 1577 5153; x_wconf 74' lang='lat' dir='ltr'><strong>eos</strong></span> <span class='ocrx_word' id='word_1_759' title='bbox 1601 5080 1762 5153; x_wconf 36' lang='lat' dir='ltr'><strong>(duri:</strong></span> 
     </span>
    </p>
   </div>
   <div class='ocr_carea' id='block_1_97' title="bbox 182 5146 1757 5220">
    <p class='ocr_par' dir='ltr' id='par_1_97' title="bbox 182 5146 1757 5220">
     <span class='ocr_line' id='line_1_97' title="bbox 182 5146 1757 5220; baseline 0.006 -26"><span class='ocrx_word' id='word_1_760' title='bbox 182 5146 370 5220; x_wconf 79' lang='lat' dir='ltr'><strong>s_t_ianis_</strong></span> <span class='ocrx_word' id='word_1_761' title='bbox 404 5148 697 5220; x_wconf 84' lang='lat' dir='ltr'><strong>disputatio</strong></span> <span class='ocrx_word' id='word_1_762' title='bbox 746 5161 846 5212; x_wconf 85' lang='lat' dir='ltr'><strong>est,</strong></span> <span class='ocrx_word' id='word_1_763' title='bbox 894 5166 1001 5203; x_wconf 88' lang='lat' dir='ltr'><strong>non</strong></span> <span class='ocrx_word' id='word_1_764' title='bbox 1052 5152 1292 5204; x_wconf 87' lang='lat' dir='ltr'><strong>habeant</strong></span> <span class='ocrx_word' id='word_1_765' title='bbox 1323 5149 1757 5220; x_wconf 80' lang='lat' dir='ltr'><strong>subterfugiendi</strong></span> 
     </span>
    </p>
   </div>
   <div class='ocr_carea' id='block_1_98' title="bbox 182 5211 1757 5289">
    <p class='ocr_par' dir='ltr' id='par_1_98' title="bbox 182 5211 1757 5289">
     <span class='ocr_line' id='line_1_98' title="bbox 182 5211 1757 5289; baseline 0.006 -25"><span class='ocrx_word' id='word_1_766' title='bbox 182 5211 518 5289; x_wconf 70' lang='lat' dir='ltr'><strong>diverticula,</strong></span> <span class='ocrx_word' id='word_1_767' title='bbox 564 5220 657 5273; x_wconf 89' lang='lat' dir='ltr'><strong>sed</strong></span> <span class='ocrx_word' id='word_1_768' title='bbox 704 5231 917 5275; x_wconf 89' lang='lat' dir='ltr'><strong>suomet</strong></span> <span class='ocrx_word' id='word_1_769' title='bbox 956 5222 1298 5289; x_wconf 87' lang='lat' dir='ltr'><strong>potissimmn</strong></span> <span class='ocrx_word' id='word_1_770' title='bbox 1361 5211 1621 5274; x_wconf 48' lang='lat' dir='ltr'><strong>mucron&#39;e</strong></span> <span class='ocrx_word' id='word_1_771' title='bbox 1672 5219 1757 5273; x_wconf 76' lang='lat' dir='ltr'><strong>fe-</strong></span> 
     </span>
    </p>
   </div>
   <div class='ocr_carea' id='block_1_99' title="bbox 183 5282 1759 5362">
    <p class='ocr_par' dir='ltr' id='par_1_99' title="bbox 183 5282 1759 5362">
     <span class='ocr_line' id='line_1_99' title="bbox 183 5282 1759 5362; baseline 0.01 -28"><span class='ocrx_word' id='word_1_772' title='bbox 183 5282 428 5362; x_wconf 67' lang='lat' dir='ltr'><strong>riantur?</strong></span> <span class='ocrx_word' id='word_1_773' title='bbox 460 5307 587 5362; x_wconf 58' lang='lat' dir='ltr'><strong>g_-</strong></span> <span class='ocrx_word' id='word_1_774' title='bbox 612 5289 731 5344; x_wconf 79' lang='lat' dir='ltr'><strong>Mox</strong></span> <span class='ocrx_word' id='word_1_775' title='bbox 792 5282 1004 5345; x_wconf 80' lang='lat' dir='ltr'><strong>mecum</strong></span> <span class='ocrx_word' id='word_1_776' title='bbox 1053 5290 1372 5346; x_wconf 86' lang='lat' dir='ltr'><strong>emendabis</strong></span> <span class='ocrx_word' id='word_1_777' title='bbox 1407 5289 1477 5344; x_wconf 83' lang='grc' dir='ltr'>τὰ</span> <span class='ocrx_word' id='word_1_778' title='bbox 1508 5290 1585 5362; x_wconf 84' lang='grc' dir='ltr'><strong>μὴ</strong></span> <span class='ocrx_word' id='word_1_779' title='bbox 1628 5306 1759 5361; x_wconf 76' lang='grc' dir='ltr'><strong>προ⁴</strong></span> 
     </span>
    </p>
   </div>
   <div class='ocr_carea' id='block_1_100' title="bbox 186 5353 666 5423">
    <p class='ocr_par' dir='ltr' id='par_1_100' title="bbox 186 5353 666 5423">
     <span class='ocr_line' id='line_1_100' title="bbox 186 5353 666 5423; baseline 0.008 -14"><span class='ocrx_word' id='word_1_780' title='bbox 186 5353 422 5423; x_wconf 75' lang='grc' dir='ltr'>κείμενα.</span> <span class='ocrx_word' id='word_1_781' title='bbox 460 5358 666 5415; x_wconf 71' lang='lat' dir='ltr'><strong>None.</strong></span> 
     </span>
    </p>
   </div>
   <div class='ocr_carea' id='block_1_101' title="bbox 207 5426 1749 5501">
    <p class='ocr_par' dir='ltr' id='par_1_101' title="bbox 207 5426 1749 5501">
     <span class='ocr_line' id='line_1_101' title="bbox 207 5426 1749 5501; baseline 0 -20"><span class='ocrx_word' id='word_1_782' title='bbox 207 5490 219 5500; x_wconf 43' lang='lat'><em>.</em></span> <span class='ocrx_word' id='word_1_783' title='bbox 249 5426 356 5493; x_wconf 71' lang='grc'>(46)</span> <span class='ocrx_word' id='word_1_784' title='bbox 377 5431 767 5501; x_wconf 77' lang='grc' dir='ltr'>Γελάσονται,</span> <span class='ocrx_word' id='word_1_785' title='bbox 790 5440 896 5483; x_wconf 88' lang='lat' dir='ltr'><strong>etc.</strong></span> <span class='ocrx_word' id='word_1_786' title='bbox 932 5429 1289 5501; x_wconf 86' lang='lat' dir='ltr'><strong>Hieronymus</strong></span> <span class='ocrx_word' id='word_1_787' title='bbox 1315 5446 1532 5501; x_wconf 73' lang='lat' dir='ltr'><strong>quoque</strong></span> <span class='ocrx_word' id='word_1_788' title='bbox 1555 5429 1749 5500; x_wconf 72' lang='lat' dir='ltr'><strong>prrcl&#39;a-</strong></span> 
     </span>
    </p>
   </div>
   <div class='ocr_carea' id='block_1_102' title="bbox 187 5500 1750 5567">
    <p class='ocr_par' dir='ltr' id='par_1_102' title="bbox 187 5500 1750 5567">
     <span class='ocr_line' id='line_1_102' title="bbox 187 5500 1750 5567; baseline 0.008 -26"><span class='ocrx_word' id='word_1_789' title='bbox 187 5503 321 5567; x_wconf 77' lang='lat' dir='ltr'><strong>uone</strong></span> <span class='ocrx_word' id='word_1_790' title='bbox 350 5500 398 5550; x_wconf 91' lang='lat' dir='ltr'><strong>in</strong></span> <span class='ocrx_word' id='word_1_791' title='bbox 434 5500 629 5554; x_wconf 89' lang='lat' dir='ltr'><strong>librum</strong></span> <span class='ocrx_word' id='word_1_792' title='bbox 660 5501 826 5555; x_wconf 79' lang='lat' dir='ltr'><strong>Josue</strong></span> <span class='ocrx_word' id='word_1_793' title='bbox 857 5509 1083 5554; x_wconf 83' lang='lat' dir='ltr'><strong>testatur</strong></span> <span class='ocrx_word' id='word_1_794' title='bbox 1120 5500 1143 5552; x_wconf 28' lang='grc' dir='ltr'>εί</span> <span class='ocrx_word' id='word_1_795' title='bbox 1169 5504 1349 5554; x_wconf 82' lang='lat' dir='ltr'><strong>dolere</strong></span> <span class='ocrx_word' id='word_1_796' title='bbox 1370 5500 1583 5554; x_wconf 73' lang='lat' dir='ltr'><strong>Judteos</strong></span> <span class='ocrx_word' id='word_1_797' title='bbox 1608 5501 1750 5567; x_wconf 83' lang='lat' dir='ltr'><strong>quod</strong></span> 
     </span>
    </p>
   </div>
   <div class='ocr_carea' id='block_1_103' title="bbox 186 5562 1752 5625">
    <p class='ocr_par' dir='ltr' id='par_1_103' title="bbox 186 5562 1752 5625">
     <span class='ocr_line' id='line_1_103' title="bbox 186 5562 1752 5625; baseline 0.01 -16"><span class='ocrx_word' id='word_1_798' title='bbox 186 5562 534 5622; x_wconf 82' lang='lat' dir='ltr'><strong>calumniandi</strong></span> <span class='ocrx_word' id='word_1_799' title='bbox 567 5574 647 5625; x_wconf 87' lang='lat' dir='ltr'><strong>eis</strong></span> <span class='ocrx_word' id='word_1_800' title='bbox 680 5583 735 5624; x_wconf 85' lang='lat' dir='ltr'><strong>et</strong></span> <span class='ocrx_word' id='word_1_801' title='bbox 766 5569 1026 5622; x_wconf 80' lang='lat' dir='ltr'><strong>irridendi</strong></span> <span class='ocrx_word' id='word_1_802' title='bbox 1068 5571 1410 5624; x_wconf 83' lang='lat' dir='ltr'><strong>Christianos</strong></span> <span class='ocrx_word' id='word_1_803' title='bbox 1459 5573 1528 5624; x_wconf 87' lang='lat' dir='ltr'><strong>sit</strong></span> <span class='ocrx_word' id='word_1_804' title='bbox 1569 5562 1752 5624; x_wconf 81' lang='lat' dir='ltr'><strong>ablata</strong></span> 
     </span>
    </p>
   </div>
   <div class='ocr_carea' id='block_1_104' title="bbox 187 5637 1758 5711">
    <p class='ocr_par' dir='ltr' id='par_1_104' title="bbox 187 5637 1758 5711">
     <span class='ocr_line' id='line_1_104' title="bbox 187 5637 1758 5711; baseline 0.004 -25"><span class='ocrx_word' id='word_1_805' title='bbox 187 5637 409 5711; x_wconf 52' lang='lat' dir='ltr'><strong>occasio.</strong></span> <span class='ocrx_word' id='word_1_806' title='bbox 443 5659 460 5689; x_wconf 68' lang='grc' dir='ltr'><strong>ι</strong></span> <span class='ocrx_word' id='word_1_807' title='bbox 498 5640 561 5693; x_wconf 85' lang='lat' dir='ltr'><strong>Et</strong></span> <span class='ocrx_word' id='word_1_808' title='bbox 610 5639 937 5711; x_wconf 65' lang='lat' dir='ltr'><strong>praefatione</strong></span> <span class='ocrx_word' id='word_1_809' title='bbox 980 5640 1036 5711; x_wconf 82' lang='lat' dir='ltr'><strong>in</strong></span> <span class='ocrx_word' id='word_1_810' title='bbox 1065 5706 1071 5711; x_wconf 23' lang='grc' dir='ltr'><em>Α</em></span> <span class='ocrx_word' id='word_1_811' title='bbox 1096 5642 1291 5694; x_wconf 87' lang='lat' dir='ltr'><strong>librum</strong></span> <span class='ocrx_word' id='word_1_812' title='bbox 1351 5642 1501 5695; x_wconf 70' lang='lat' dir='ltr'><strong>lsaiae</strong></span> <span class='ocrx_word' id='word_1_813' title='bbox 1534 5659 1545 5692; x_wconf 92' lang='lat'><strong>:</strong></span> <span class='ocrx_word' id='word_1_814' title='bbox 1579 5659 1597 5690; x_wconf 81' lang='grc' dir='ltr'><strong>ι</strong></span> <span class='ocrx_word' id='word_1_815' title='bbox 1641 5642 1758 5708; x_wconf 84' lang='lat' dir='ltr'><strong>Ipse</strong></span> 
     </span>
    </p>
   </div>
   <div class='ocr_carea' id='block_1_105' title="bbox 191 5701 1757 5783">
    <p class='ocr_par' dir='ltr' id='par_1_105' title="bbox 191 5701 1757 5783">
     <span class='ocr_line' id='line_1_105' title="bbox 191 5701 1757 5783; baseline 0.009 -32"><span class='ocrx_word' id='word_1_816' title='bbox 191 5701 311 5755; x_wconf 82' lang='lat' dir='ltr'><strong>mihi</strong></span> <span class='ocrx_word' id='word_1_817' title='bbox 356 5701 655 5766; x_wconf 80' lang='lat' dir='ltr'><strong>mercedem</strong></span> <span class='ocrx_word' id='word_1_818' title='bbox 692 5709 949 5765; x_wconf 84' lang='lat' dir='ltr'><strong>restituat</strong></span> <span class='ocrx_word' id='word_1_819' title='bbox 976 5710 1028 5762; x_wconf 84' lang='lat' dir='ltr'><strong>in</strong></span> <span class='ocrx_word' id='word_1_820' title='bbox 1057 5706 1272 5777; x_wconf 78' lang='lat' dir='ltr'><strong>futuro,</strong></span> <span class='ocrx_word' id='word_1_821' title='bbox 1305 5715 1394 5783; x_wconf 89' lang='lat' dir='ltr'><strong>qui</strong></span> <span class='ocrx_word' id='word_1_822' title='bbox 1434 5713 1538 5769; x_wconf 86' lang='lat' dir='ltr'><strong>scit</strong></span> <span class='ocrx_word' id='word_1_823' title='bbox 1571 5701 1757 5768; x_wconf 49' lang='lat' dir='ltr'><strong>me&#39;ob</strong></span> 
     </span>
    </p>
   </div>
   <div class='ocr_carea' id='block_1_106' title="bbox 1872 4589 3470 4658">
    <p class='ocr_par' dir='ltr' id='par_1_106' title="bbox 1872 4589 3470 4658">
     <span class='ocr_line' id='line_1_106' title="bbox 1872 4589 3470 4658; baseline -0.001 -15"><span class='ocrx_word' id='word_1_824' title='bbox 1872 4592 1971 4643; x_wconf 68' lang='lat' dir='ltr'><strong>dmi</strong></span> <span class='ocrx_word' id='word_1_825' title='bbox 2009 4589 2345 4645; x_wconf 68' lang='lat' dir='ltr'><strong>delalsilate</strong></span> <span class='ocrx_word' id='word_1_826' title='bbox 2370 4592 2777 4658; x_wconf 77' lang='lat' dir='ltr'><strong>Scripturarum</strong></span> <span class='ocrx_word' id='word_1_827' title='bbox 2834 4589 3089 4643; x_wconf 59' lang='lat' dir='ltr'><strong>Ect&#39;lcsiis</strong></span> <span class='ocrx_word' id='word_1_828' title='bbox 3115 4592 3233 4656; x_wconf 79' lang='lat' dir='ltr'><strong>ejus</strong></span> <span class='ocrx_word' id='word_1_829' title='bbox 3266 4593 3470 4643; x_wconf 77' lang='lat' dir='ltr'><strong>diutius</strong></span> 
     </span>
    </p>
   </div>
   <div class='ocr_carea' id='block_1_107' title="bbox 1872 4659 3469 4729">
    <p class='ocr_par' dir='ltr' id='par_1_107' title="bbox 1872 4659 3469 4729">
     <span class='ocr_line' id='line_1_107' title="bbox 1872 4659 3469 4729; baseline 0 -15"><span class='ocrx_word' id='word_1_830' title='bbox 1872 4661 2222 4715; x_wconf 82' lang='lat' dir='ltr'><strong>insultarent.</strong></span> <span class='ocrx_word' id='word_1_831' title='bbox 2263 4679 2284 4712; x_wconf 74' lang='grc' dir='ltr'><strong>ι</strong></span> <span class='ocrx_word' id='word_1_832' title='bbox 2326 4661 2437 4715; x_wconf 90' lang='lat' dir='ltr'><strong>lluc</strong></span> <span class='ocrx_word' id='word_1_833' title='bbox 2466 4664 2612 4716; x_wconf 73' lang='lat' dir='ltr'><strong>refer</strong></span> <span class='ocrx_word' id='word_1_834' title='bbox 2637 4678 2757 4729; x_wconf 76' lang='lat' dir='ltr'><strong>qua:</strong></span> <span class='ocrx_word' id='word_1_835' title='bbox 2781 4661 2844 4713; x_wconf 89' lang='lat' dir='ltr'><strong>de</strong></span> <span class='ocrx_word' id='word_1_836' title='bbox 2866 4659 3066 4714; x_wconf 65' lang='lat' dir='ltr'><strong>Juduris</strong></span> <span class='ocrx_word' id='word_1_837' title='bbox 3114 4662 3469 4714; x_wconf 86' lang='lat' dir='ltr'><strong>illudentibns</strong></span> 
     </span>
    </p>
   </div>
   <div class='ocr_carea' id='block_1_108' title="bbox 1870 4731 3471 4801">
    <p class='ocr_par' dir='ltr' id='par_1_108' title="bbox 1870 4731 3471 4801">
     <span class='ocr_line' id='line_1_108' title="bbox 1870 4731 3471 4801; baseline -0.002 -16"><span class='ocrx_word' id='word_1_838' title='bbox 1870 4741 1925 4785; x_wconf 84' lang='lat' dir='ltr'><strong>et</strong></span> <span class='ocrx_word' id='word_1_839' title='bbox 1955 4733 2418 4799; x_wconf 84' lang='lat' dir='ltr'><strong>calumniantibus</strong></span> <span class='ocrx_word' id='word_1_840' title='bbox 2450 4732 2766 4801; x_wconf 83' lang='lat' dir='ltr'><strong>Scriptnras</strong></span> <span class='ocrx_word' id='word_1_841' title='bbox 2798 4731 3226 4784; x_wconf 79' lang='lat' dir='ltr'><strong>Christianorum</strong></span> <span class='ocrx_word' id='word_1_842' title='bbox 3283 4733 3471 4783; x_wconf 82' lang='lat' dir='ltr'><strong>dicun-</strong></span> 
     </span>
    </p>
   </div>
   <div class='ocr_carea' id='block_1_109' title="bbox 1875 4800 3468 4873">
    <p class='ocr_par' dir='ltr' id='par_1_109' title="bbox 1875 4800 3468 4873">
     <span class='ocr_line' id='line_1_109' title="bbox 1875 4800 3468 4873; baseline 0 -19"><span class='ocrx_word' id='word_1_843' title='bbox 1875 4812 1963 4854; x_wconf 90' lang='lat' dir='ltr'><strong>tur</strong></span> <span class='ocrx_word' id='word_1_844' title='bbox 1993 4805 2275 4857; x_wconf 85' lang='lat' dir='ltr'><strong>abeodcm</strong></span> <span class='ocrx_word' id='word_1_845' title='bbox 2313 4800 2639 4873; x_wconf 85' lang='lat' dir='ltr'><strong>Hieronymo</strong></span> <span class='ocrx_word' id='word_1_846' title='bbox 2671 4802 3159 4873; x_wconf 65' lang='lat' dir='ltr'><strong>prasl&#39;atinuihusin</strong></span> <span class='ocrx_word' id='word_1_847' title='bbox 3186 4800 3468 4867; x_wconf 79' lang='lat' dir='ltr'><strong>Paralipo—</strong></span> 
     </span>
    </p>
   </div>
   <div class='ocr_carea' id='block_1_110' title="bbox 1874 4870 3465 4928">
    <p class='ocr_par' dir='ltr' id='par_1_110' title="bbox 1874 4870 3465 4928">
     <span class='ocr_line' id='line_1_110' title="bbox 1874 4870 3465 4928; baseline 0 -5"><span class='ocrx_word' id='word_1_848' title='bbox 1874 4888 2033 4925; x_wconf 86' lang='lat' dir='ltr'><strong>tnena</strong></span> <span class='ocrx_word' id='word_1_849' title='bbox 2061 4886 2114 4927; x_wconf 90' lang='lat' dir='ltr'><strong>ct</strong></span> <span class='ocrx_word' id='word_1_850' title='bbox 2146 4874 2198 4925; x_wconf 91' lang='lat' dir='ltr'><strong>in</strong></span> <span class='ocrx_word' id='word_1_851' title='bbox 2234 4870 2559 4928; x_wconf 80' lang='lat' dir='ltr'><strong>Psalterium</strong></span> <span class='ocrx_word' id='word_1_852' title='bbox 2594 4890 2658 4927; x_wconf 75' lang='lat' dir='ltr'><strong>ex</strong></span> <span class='ocrx_word' id='word_1_853' title='bbox 2690 4870 2919 4927; x_wconf 69' lang='lat' dir='ltr'><strong>Hebrum</strong></span> <span class='ocrx_word' id='word_1_854' title='bbox 2966 4870 3159 4925; x_wconf 85' lang='lat' dir='ltr'><strong>Latine</strong></span> <span class='ocrx_word' id='word_1_855' title='bbox 3192 4874 3465 4925; x_wconf 84' lang='lat' dir='ltr'><strong>redditum</strong></span> 
     </span>
    </p>
   </div>
   <div class='ocr_carea' id='block_1_111' title="bbox 1872 4943 2419 5010">
    <p class='ocr_par' dir='ltr' id='par_1_111' title="bbox 1872 4943 2419 5010">
     <span class='ocr_line' id='line_1_111' title="bbox 1872 4943 2419 5010; baseline 0 -15"><span class='ocrx_word' id='word_1_856' title='bbox 1872 4952 2063 5010; x_wconf 78' lang='lat' dir='ltr'><strong>rogatu</strong></span> <span class='ocrx_word' id='word_1_857' title='bbox 2099 4943 2419 5010; x_wconf 85' lang='lat' dir='ltr'><strong>Sophronii.</strong></span> 
     </span>
    </p>
   </div>
   <div class='ocr_carea' id='block_1_112' title="bbox 1939 5010 3470 5085">
    <p class='ocr_par' dir='ltr' id='par_1_112' title="bbox 1939 5010 3470 5085">
     <span class='ocr_line' id='line_1_112' title="bbox 1939 5010 3470 5085; baseline -0.001 -20"><span class='ocrx_word' id='word_1_858' title='bbox 1939 5012 2053 5085; x_wconf 73' lang='grc'>(47)</span> <span class='ocrx_word' id='word_1_859' title='bbox 2097 5012 2455 5076; x_wconf 55' lang='grc' dir='ltr'>κνριηιοιιίυς,</span> <span class='ocrx_word' id='word_1_860' title='bbox 2533 5011 2900 5085; x_wconf 82' lang='grc' dir='ltr'>δυσωπεῖσθαι</span> <span class='ocrx_word' id='word_1_861' title='bbox 2931 5011 3065 5083; x_wconf 81' lang='grc' dir='ltr'>πρὸς</span> <span class='ocrx_word' id='word_1_862' title='bbox 3097 5012 3156 5064; x_wconf 87' lang='grc' dir='ltr'><strong>τὸ</strong></span> <span class='ocrx_word' id='word_1_863' title='bbox 3193 5010 3267 5083; x_wconf 84' lang='grc' dir='ltr'>μὴ</span> <span class='ocrx_word' id='word_1_864' title='bbox 3289 5029 3470 5085; x_wconf 84' lang='grc' dir='ltr'>παρα-</span> 
     </span>
    </p>
   </div>
   <div class='ocr_carea' id='block_1_113' title="bbox 1865 5080 2649 5155">
    <p class='ocr_par' dir='ltr' id='par_1_113' title="bbox 1865 5080 2649 5155">
     <span class='ocr_line' id='line_1_113' title="bbox 1865 5080 2649 5155; baseline 0.005 -21"><span class='ocrx_word' id='word_1_865' title='bbox 1865 5080 2119 5155; x_wconf 73' lang='grc' dir='ltr'>δέξασθαι</span> <span class='ocrx_word' id='word_1_866' title='bbox 2153 5084 2251 5155; x_wconf 82' lang='grc' dir='ltr'>τὴν</span> <span class='ocrx_word' id='word_1_867' title='bbox 2292 5084 2649 5155; x_wconf 74' lang='grc' dir='ltr'>προφητείαν.</span> 
     </span>
    </p>
   </div>
   <div class='ocr_carea' id='block_1_114' title="bbox 1936 5154 2581 5223">
    <p class='ocr_par' dir='ltr' id='par_1_114' title="bbox 1936 5154 2581 5223">
     <span class='ocr_line' id='line_1_114' title="bbox 1936 5154 2581 5223; baseline -0.002 -17"><span class='ocrx_word' id='word_1_868' title='bbox 1936 5154 2051 5222; x_wconf 71' lang='grc'>(48)</span> <span class='ocrx_word' id='word_1_869' title='bbox 2082 5154 2253 5218; x_wconf 70' lang='lat' dir='ltr'><strong>Idem,</strong></span> <span class='ocrx_word' id='word_1_870' title='bbox 2290 5154 2350 5205; x_wconf 85' lang='grc' dir='ltr'><strong>τὸ</strong></span> <span class='ocrx_word' id='word_1_871' title='bbox 2382 5155 2581 5223; x_wconf 80' lang='grc' dir='ltr'>πάντη.</span> 
     </span>
    </p>
   </div>
   <div class='ocr_carea' id='block_1_115' title="bbox 1936 5222 2802 5295">
    <p class='ocr_par' dir='ltr' id='par_1_115' title="bbox 1936 5222 2802 5295">
     <span class='ocr_line' id='line_1_115' title="bbox 1936 5222 2802 5295; baseline 0.003 -20"><span class='ocrx_word' id='word_1_872' title='bbox 1936 5225 2051 5295; x_wconf 53' lang='lat' dir='ltr'><strong>(Mi)</strong></span> <span class='ocrx_word' id='word_1_873' title='bbox 2084 5225 2255 5295; x_wconf 74' lang='lat' dir='ltr'><strong>idem,</strong></span> <span class='ocrx_word' id='word_1_874' title='bbox 2286 5222 2802 5295; x_wconf 80' lang='grc' dir='ltr'>παραλαμϐάνουσι.</span> 
     </span>
    </p>
   </div>
   <div class='ocr_carea' id='block_1_116' title="bbox 1935 5294 2687 5362">
    <p class='ocr_par' dir='ltr' id='par_1_116' title="bbox 1935 5294 2687 5362">
     <span class='ocr_line' id='line_1_116' title="bbox 1935 5294 2687 5362; baseline 0 -15"><span class='ocrx_word' id='word_1_875' title='bbox 1935 5294 2047 5362; x_wconf 86' lang='grc'>(50)</span> <span class='ocrx_word' id='word_1_876' title='bbox 2082 5294 2248 5358; x_wconf 77' lang='lat' dir='ltr'><strong>Ideni,</strong></span> <span class='ocrx_word' id='word_1_877' title='bbox 2281 5296 2488 5358; x_wconf 81' lang='grc' dir='ltr'>αὐτοῖς,</span> <span class='ocrx_word' id='word_1_878' title='bbox 2518 5294 2687 5347; x_wconf 85' lang='lat' dir='ltr'><strong>male.</strong></span> 
     </span>
    </p>
   </div>
   <div class='ocr_carea' id='block_1_117' title="bbox 1930 5361 3465 5439">
    <p class='ocr_par' dir='ltr' id='par_1_117' title="bbox 1930 5361 3465 5439">
     <span class='ocr_line' id='line_1_117' title="bbox 1930 5361 3465 5439; baseline 0.003 -24"><span class='ocrx_word' id='word_1_879' title='bbox 1930 5366 2042 5439; x_wconf 57' lang='lat' dir='ltr'><strong>(iii)</strong></span> <span class='ocrx_word' id='word_1_880' title='bbox 2073 5364 2254 5439; x_wconf 62' lang='lat' dir='ltr'><strong>godex</strong></span> <span class='ocrx_word' id='word_1_881' title='bbox 2289 5366 2614 5439; x_wconf 48' lang='lat' dir='ltr'><strong>liasileensis</strong></span> <span class='ocrx_word' id='word_1_882' title='bbox 2646 5364 2789 5437; x_wconf 62' lang='lat' dir='ltr'><strong>{cum</strong></span> <span class='ocrx_word' id='word_1_883' title='bbox 2808 5366 2991 5439; x_wconf 87' lang='lat' dir='ltr'><strong>Cant.]</strong></span> <span class='ocrx_word' id='word_1_884' title='bbox 3027 5368 3121 5438; x_wconf 81' lang='grc' dir='ltr'><strong>τῆς</strong></span> <span class='ocrx_word' id='word_1_885' title='bbox 3148 5361 3465 5439; x_wconf 54' lang='grc' dir='ltr'>Ἐϐραῖξιῆς.</span> 
     </span>
    </p>
   </div>
   <div class='ocr_carea' id='block_1_118' title="bbox 1934 5433 3464 5508">
    <p class='ocr_par' dir='ltr' id='par_1_118' title="bbox 1934 5433 3464 5508">
     <span class='ocr_line' id='line_1_118' title="bbox 1934 5433 3464 5508; baseline 0.001 -21"><span class='ocrx_word' id='word_1_886' title='bbox 1934 5434 2049 5508; x_wconf 58' lang='grc' dir='ltr'>(εἱᾍ)</span> <span class='ocrx_word' id='word_1_887' title='bbox 2082 5433 2522 5508; x_wconf 63' lang='grc' dir='ltr'>Χρηματίζυντι.</span> <span class='ocrx_word' id='word_1_888' title='bbox 2576 5433 2887 5505; x_wconf 50' lang='grc' dir='ltr'>Ιδοξειιιιιιιιι</span> <span class='ocrx_word' id='word_1_889' title='bbox 2929 5433 3056 5505; x_wconf 78' lang='lat' dir='ltr'><strong>puto</strong></span> <span class='ocrx_word' id='word_1_890' title='bbox 3081 5433 3464 5508; x_wconf 73' lang='grc' dir='ltr'>’χρηματίζον-</span> 
     </span>
    </p>
   </div>
   <div class='ocr_carea' id='block_1_119' title="bbox 1863 5505 3461 5573">
    <p class='ocr_par' dir='ltr' id='par_1_119' title="bbox 1863 5505 3461 5573">
     <span class='ocr_line' id='line_1_119' title="bbox 1863 5505 3461 5573; baseline 0 -16"><span class='ocrx_word' id='word_1_891' title='bbox 1863 5521 1971 5567; x_wconf 84' lang='grc' dir='ltr'>τος.</span> <span class='ocrx_word' id='word_1_892' title='bbox 2004 5505 2191 5571; x_wconf 81' lang='lat' dir='ltr'><strong>Neque</strong></span> <span class='ocrx_word' id='word_1_893' title='bbox 2216 5506 2360 5557; x_wconf 86' lang='lat' dir='ltr'><strong>enim</strong></span> <span class='ocrx_word' id='word_1_894' title='bbox 2396 5506 2538 5558; x_wconf 83' lang='lat' dir='ltr'><strong>lilins</strong></span> <span class='ocrx_word' id='word_1_895' title='bbox 2566 5508 2860 5559; x_wconf 84' lang='lat' dir='ltr'><strong>vocabatur</strong></span> <span class='ocrx_word' id='word_1_896' title='bbox 2915 5505 3153 5573; x_wconf 71' lang='lat' dir='ltr'><strong>sapiens,</strong></span> <span class='ocrx_word' id='word_1_897' title='bbox 3192 5505 3284 5557; x_wconf 74' lang='lat' dir='ltr'><strong>sed</strong></span> <span class='ocrx_word' id='word_1_898' title='bbox 3322 5507 3461 5559; x_wconf 74' lang='lat' dir='ltr'><strong>[ilius</strong></span> 
     </span>
    </p>
   </div>
   <div class='ocr_carea' id='block_1_120' title="bbox 1864 5576 3455 5647">
    <p class='ocr_par' dir='ltr' id='par_1_120' title="bbox 1864 5576 3455 5647">
     <span class='ocr_line' id='line_1_120' title="bbox 1864 5576 3455 5647; baseline 0.004 -22"><span class='ocrx_word' id='word_1_899' title='bbox 1864 5586 1983 5629; x_wconf 78' lang='lat' dir='ltr'><strong>erat</strong></span> <span class='ocrx_word' id='word_1_900' title='bbox 2011 5576 2387 5647; x_wconf 66' lang='lat' dir='ltr'><strong>patrisvoeati</strong></span> <span class='ocrx_word' id='word_1_901' title='bbox 2416 5576 2886 5647; x_wconf 57' lang='lat' dir='ltr'><strong>sapietttisJ‘aulo</strong></span> <span class='ocrx_word' id='word_1_902' title='bbox 2906 5588 3024 5645; x_wconf 74' lang='lat' dir='ltr'><strong>post</strong></span> <span class='ocrx_word' id='word_1_903' title='bbox 3082 5576 3455 5642; x_wconf 80' lang='lat' dir='ltr'><strong>Wetstenius,</strong></span> 
     </span>
    </p>
   </div>
   <div class='ocr_carea' id='block_1_121' title="bbox 1865 5643 2466 5716">
    <p class='ocr_par' dir='ltr' id='par_1_121' title="bbox 1865 5643 2466 5716">
     <span class='ocr_line' id='line_1_121' title="bbox 1865 5643 2466 5716; baseline 0.002 -19"><span class='ocrx_word' id='word_1_904' title='bbox 1865 5646 1959 5698; x_wconf 75' lang='grc' dir='ltr'><strong>ἐπὶ</strong></span> <span class='ocrx_word' id='word_1_905' title='bbox 1982 5643 2066 5716; x_wconf 79' lang='grc' dir='ltr'>.τῴ</span> <span class='ocrx_word' id='word_1_906' title='bbox 2098 5643 2466 5711; x_wconf 79' lang='grc' dir='ltr'>διαδέξασθαι.</span> 
     </span>
    </p>
   </div>
  </div>
