3952 6144
405 239 466 293 71
1419 240 1741 297 ORIGENIS
1774 240 2114 298 EPISTOLA
2149 239 2242 293 AD
2275 235 2681 294 AFRICANUM
2799 226 2810 239 ’
3599 245 3656 299 12

410 362 684 432 quomodo
713 371 896 418 autem
931 372 1116 431 patres
1145 376 1329 416 eorum
1360 362 1451 430 qui
1490 362 1540 416 in
1572 362 1848 417 Christum
1872 380 1979 418 non

2098 362 2177 414 imi.
2205 360 2420 421 πολλοῖς
2448 358 2578 430 (67),
2619 358 2711 411 καὶ
2742 357 2914 411 ταῦτα
2953 359 3118 428 λέγει·
3152 378 3171 412 ι
3213 359 3346 413 Τίνα
3388 359 3499 414 τῶν
3529 377 3660 432 προ-

410 454 790 519 crediderunt,
829 455 1024 508 merito
1059 454 1378 506 criminetur
1409 461 1464 504 ut
1508 462 1888 521 persecutores
1923 463 1980 509 et

415 544 716 600 homicidas
745 548 1155 613 prephetarum,
1196 545 1248 597 id
1291 543 1656 597 demonstrari
1689 545 1877 611 nequit
1911 559 1978 597 ex

412 631 629 688 Veteris
667 633 998 688 Tcstamenti
1037 632 1214 684 libris.
1256 629 1348 685 Sic
1386 638 1439 683 et
1479 629 1684 685 Paulus
1716 631 1771 685 in
1807 631 1976 701 priori

413 725 482 778 ad
515 724 1027 778 Thessalonicenses
1056 724 1296 793 Epistola
1335 724 1448 777 haec
1492 723 1557 775 de
1580 723 1780 778 Judznis
1817 733 1982 778 testa-

415 825 504 868 tur
537 830 550 869 :
582 836 599 866 α
640 816 744 870 Vos
779 817 1085 869 imitatores
1134 814 1260 868 lacti
1298 817 1429 868 estis
1473 800 1840 869 Beclesiarum
1883 815 1983 868 Dei‘

415 921 535 974 qua:
576 916 702 959 sunt
741 905 793 957 in
832 904 1018 959 Judma
1063 905 1114 957 in
1153 903 1369 957 Christo
1413 903 1576 968 Jesu;
1622 906 1750 972 quia
1791 906 1981 959 eadem

412 999 554 1066 passi
585 999 715 1052 estis
750 1007 804 1050 et
846 1012 942 1050 vos
972 1011 1000 1048 a
1046 994 1448 1048 contribulibus
1486 995 1705 1059 vestris,
1753 996 1895 1049 sicut
1927 1004 1982 1050 et

412 1089 512 1155 ipsi
542 1104 570 1141 a
599 1088 826 1151 Judaris,
869 1089 962 1156 qui
998 1095 1053 1140 et
1085 1087 1371 1140 Dominum
1407 1086 1732 1140 occiderunt
1772 1086 1978 1153 Jesum,

411 1190 466 1233 et
497 1181 791 1249 prophetas
822 1188 877 1231 et
908 1194 1006 1231 nos
1034 1179 1303 1246 persecuti
1336 1185 1495 1242 sunt;
1527 1189 1582 1232 et
1607 1178 1717 1232 Deo
1748 1193 1853 1232 non
1877 1178 1986 1247 pla-

411 1281 558 1334 cent,
612 1279 665 1323 et
713 1269 969 1324 omnibus
1002 1266 1317 1322 hominibus
1368 1268 1748 1330 adversantur,
1802 1268 1987 1337 prohi-

413 1363 604 1416 bentes
646 1376 746 1415 nos
777 1361 1030 1430 gentibus
1065 1359 1236 1430 loqui,
1268 1367 1325 1411 ut
1369 1359 1533 1414 salvae
1573 1360 1703 1412 ﬁant
1728 1359 1807 1412 '7’.
1833 1371 1854 1403 ι
1889 1359 1984 1412 llis

413 1453 680 1522 exemplis
735 1453 976 1506 arbitror
1016 1468 1102 1507 me
1152 1452 1454 1506 ostendisse
1505 1452 1637 1505 nihil
1679 1465 1985 1520 repugnare

416 1547 708 1612 quomimts
734 1545 847 1598 haec
873 1544 1099 1598 historia
1131 1545 1447 1615 contigerit,
1476 1552 1531 1597 et
1554 1558 1673 1608 quae
1699 1544 1985 1597 libidinose

415 1636 576 1690 simul
611 1645 665 1690 et
706 1637 1001 1690 crudeliter
1039 1639 1300 1690 adversus
1354 1637 1660 1690 Susannam
1694 1645 1980 1703 perpetra—

2089 448 2272 518 φητῶν
2299 449 2400 500 οὐκ
2427 447 2648 510 ἐδίωξαν
2677 449 2722 499 οἱ
2743 447 2975 516 πατέρες
3009 448 3182 519 ὑμῶν,
3215 450 3308 501 καὶ
3334 449 3659 504 ἀπέκτειναν

2085 541 2210 603 τοὺς
2251 539 2822 610 προκαταγγείλαντας
2856 538 2984 608 περὶ
3018 539 3116 608 τῆς
3147 539 3410 602 ἐλεύσεως
3447 540 3542 592 τοῦ
3567 543 3659 592 Δι-

2087 631 2263 693 καίου,
2297 625 2356 684 οῦ
2392 629 2486 682 νῦν
2508 630 2663 699 ὑμεῖς
2694 629 2946 699 προδόται
2973 630 3066 681 καὶ
3100 633 3276 698 φονεῖς
3303 631 3553 698 ἐγένεσθε
3579 648 3594 696 ;
3637 651 3654 682 ι

2101 719 2410 790 Ἀληθεύειν
2442 719 2538 788 μὲν
2567 720 2673 787 γὰρ
2704 718 2792 771 τὸν
2821 719 3090 786 Στέφανον
3137 720 3243 780 πᾶς
3282 719 3530 771 ὁστισοῦν
3555 720 3662 774 τῶν

2089 812 2460 884 προσιεμένων
2476 809 2574 873 τὰς
2598 808 2831 880 Πράξεις
2854 810 2960 862 τῶν
2981 810 3293 861 ἀποστόλων
3316 809 3656 880 ὁμολογήσει·

2088 904 2366 969 ἀποδεῖξαι
2409 902 2465 954 δὲ
2512 902 2605 953 καὶ
2642 901 2750 953 ἀπὸ
2794 900 2896 970 τῆς
2941 900 3175 962 παλαιᾶς
3213 900 3505 970 Διαθήκης,
3548 901 3666 964 πῶς

2089 995 2323 1063 εὐλόγως
2360 995 2630 1063 μέμφεται
2659 995 2771 1054 τοῖς
2804 991 3044 1061 πατράσι
3079 990 3188 1044 τῶν
3220 993 3298 1054 εἰς
3327 993 3416 1044 τὸν
3456 992 3664 1061 Ἰησοῦν

2091 1062 2478 1148 ἀπιστούντων,
2523 1085 2598 1147 ὡς
2633 1081 2851 1146 διώξασι
2890 1085 3016 1146 τοὺς
3054 1084 3341 1153 προφήτας
3378 1083 3472 1135 καὶ
3527 1083 3667 1135 ἀπο-

2091 1177 2379 1236 κτείνασιν,
2407 1177 2466 1228 οὐ
2492 1175 2709 1227 δυνατὸν
2735 1174 2841 1226 ἀπὸ
2865 1173 2973 1225 τῶν
2996 1173 3307 1243 φερομένων
3330 1171 3546 1240 βιϐλίων
3569 1172 3668 1241 τῆς

2091 1270 2296 1338 Καινῆς
2330 1269 2435 1339 (68)
2462 1268 2760 1338 Διαθήκης·
2791 1268 2881 1320 καὶ
2913 1268 2940 1318 ὁ
2978 1266 3188 1328 Παῦλος
3227 1268 3284 1318 ἐν
3325 1269 3391 1337 τῇ
3426 1267 3667 1336 προτέρα

2089 1360 2186 1429 τῆς
2223 1359 2357 1430 πρὸς
2403 1359 2811 1419 Θεσσαλονικεῖς
2855 1357 3139 1426 ἐπιστολῆς
3169 1356 3339 1408 ταῦτα
3373 1357 3501 1426 περὶ
3545 1357 3668 1408 Ἰου-

2089 1450 2250 1502 δαίων
2274 1449 2563 1520 μαρτυρῶν
2599 1448 2779 1518 φησίν·
2813 1466 2830 1499 ι
2854 1447 3038 1516 Ὑμεῖς
3069 1451 3178 1518 γὰρ
3214 1447 3444 1517 μιμηταὶ
3473 1446 3632 1515 ἐγενή
3655 1474 3666 1484 -

2092 1542 2220 1613 θητε
2247 1543 2354 1595 τῶν
2393 1540 2727 1611 Ἐκκλησιῶν
2749 1540 2842 1592 τοῦ
2869 1539 3022 1600 Θεοῦ,
3039 1539 3145 1590 τῶν
3173 1539 3346 1591 οὐσῶν
3360 1540 3416 1590 ὲν
3444 1541 3508 1608 τῇ
3545 1539 3669 1590 Ἰου-

2091 1629 2214 1701 δαία
2247 1633 2303 1682 ὲν
2337 1629 2554 1698 Χριστῷ
2597 1628 2791 1701 Ἰησοῦ·
2825 1630 2906 1680 ὅτι
2940 1627 3033 1680 καὶ
3074 1629 3230 1696 ὑμεῖς
3258 1631 3323 1682 τὰ
3359 1627 3499 1680 αύτά
3523 1627 3662 1680 ὲπά-

417 1726 807 1779 runtseniores
838 1725 925 1793 qui
959 1737 1084 1779 tunc
1125 1735 1304 1786 erant,
1338 1739 1401 1777 ea
1428 1724 1647 1792 quidem
1673 1725 1989 1791 providente

2098 1723 2212 1774 θετε
2245 1723 2348 1774 ὑπὸ
2379 1722 2487 1775 τῶν
2525 1722 2667 1776 ίδίων
2703 1722 2812 1792 (69)
2843 1721 3215 1791 συμφυλετῶν,
3242 1720 3424 1784 καθὼς
3453 1720 3547 1772 καὶ
3571 1720 3666 1773 αὐ·

419 1818 625 1886 Spiritu
656 1818 858 1886 scripta
893 1817 1030 1880 sint,
1065 1819 1158 1872 sed
1196 1817 1538 1885 postmodum
1585 1830 1612 1868 a
1643 1814 1984 1884 principibus

417 1909 797 1973 Sodomorum,
827 1909 1255 1963 utdixeritidem
1283 1909 1520 1978 Spiritus
1544 1907 1611 1971 ’⁸,
1683 1906 1820 1960 clam
1854 1907 1984 1960 sub-

415 2000 543 2054 lata.

2087 1814 2172 1866 τοὶ
2205 1813 2307 1867 ὑπὸ
2341 1812 2447 1865 τῶν
2488 1812 2777 1877 Ἰουδαίων,
2811 1812 2917 1864 τῶν
2944 1812 3037 1864 καὶ
3069 1813 3159 1865 τὸν
3183 1813 3385 1884 Κύριον
3411 1815 3666 1865 ἀποκτει-

2090 1906 2314 1968 νάντων,
2370 1905 2465 1956 καὶ
2506 1906 2632 1967 τοὺς
2683 1907 2986 1976 προφήτας,
3033 1905 3127 1957 καὶ
3173 1905 3318 1974 ἡμᾶς
3371 1901 3664 1967 ἐκδιωξάν-

2088 2015 2195 2050 των
2219 1996 2350 2066 (70),
2388 1996 2480 2047 καὶ
2509 1995 2626 2066 Θεῷ
2653 1996 2724 2065 μὴ
2753 1997 3116 2066 ἀρεσκόντων,
3151 1996 3244 2047 καὶ
3273 1995 3434 2046 πᾶσιν
3453 1992 3663 2063 ἀνθρώ-

414 2108 534 2154 ποις
567 2089 842 2143 ὲναντίων·
883 2089 1195 2143 κωλυόντων
1227 2091 1375 2160 ἡμᾶς
1397 2091 1508 2153 τοῖς
1558 2089 1733 2142 ἔθνεσι
1779 2089 2027 2158 λαλῆσαι,
2093 2089 2179 2140 ἵνα
2223 2086 2453 2139 σωθῶσι.
2506 2105 2524 2136 ι
2569 2086 2678 2138 Καὶ
2721 2082 2871 2155 οἶμαι
2916 2086 2970 2137 δὲ
3022 2085 3418 2154 ἀποδεδειχέναι
3464 2086 3520 2137 ἐν
3551 2086 3668 2148 τοῖς

416 2183 812 2253 προκειμένοις,
852 2183 933 2234 ὅτι
964 2180 1112 2234 οὐδὲν
1155 2179 1352 2234 ἄτοπόν
1387 2180 1496 2250 (71)
1529 2185 1664 2243 ἐστι,
1719 2179 1997 2247 γεγονέναι
2044 2178 2142 2248 μὲν
2183 2179 2285 2248 τὴν
2344 2177 2604 2246 ἱστορίαν,
2676 2177 2768 2229 καὶ
2813 2177 2910 2246 τὴν
2959 2176 3093 2246 μετὰ
3129 2176 3325 2246 πολλῆς
3375 2176 3668 2240 ἀκολασίας
3748 2183 3757 2191 ’

416 2276 672 2346 ὠμότητα
698 2273 1056 2344 τετολμῆσθαι
1095 2276 1210 2336 τοῖς
1244 2273 1364 2325 τότε
1414 2273 1801 2343 πρεσϐυτέροις
1837 2274 1976 2326 κατά
2001 2274 2097 2342 τῆς
2127 2273 2429 2340 Σωσάννης,
2461 2270 2552 2323 καὶ
2574 2269 2878 2339 γεγράφθαι
2938 2271 3033 2340 μὲν
3086 2271 3309 2340 προνοίᾳ
3364 2270 3458 2322 τοῦ
3507 2269 3677 2335 Πνεύ·

421 2383 606 2437 ματος,
641 2364 1047 2437 ὑπεξαιρεῖσθαι
1069 2364 1144 2425 δὲ,
1167 2364 1240 2426 ὡς
1271 2362 1335 2416 ἂν
1363 2365 1504 2417 εἴποι
1536 2363 1596 2416 τὸ
1618 2363 1860 2434 Πνεῦμα,
1890 2364 1994 2416 ὑπὸ
2020 2363 2128 2416 τῶν
2157 2363 2429 2435 ἀρχόντων
2453 2362 2722 2431 Σοδόμων.

490 2458 577 2510 10.
617 2456 884 2510 Praeterea
925 2455 1111 2508 aiebas
1151 2455 1430 2508 Danielem
1459 2456 1509 2508 in
1539 2456 1642 2509 hac
1706 2455 1986 2524 Scriptura

420 2549 526 2603 dici
563 2551 771 2619 Spiritu
825 2557 1137 2616 corrcptmn
1204 2548 1544 2602 exclamasse
1587 2546 1826 2614 iniquam
1869 2561 1989 2601 esse

419 2642 774 2706 sententiam,
818 2641 871 2694 in
921 2640 1008 2692 illa
1071 2653 1198 2694 vero
1237 2639 1304 2692 de
1355 2655 1460 2707 qua
1542 2639 1718 2692 nullus
1763 2638 1989 2706 ambigit

418 2735 547 2805 quin
575 2734 718 2787 illius
745 2733 840 2797 sit,
871 2731 1122 2786 exhiberi
1154 2731 1260 2784 alio
1285 2732 1445 2785 modo
1473 2730 1987 2800 prophetantem,_id

417 2823 1083 2893 e51,postvisa,somnia,
1135 2833 1299 2891 atque
1345 2823 1516 2890 angeli
1571 2824 1988 2892 apparitionem,

422 2916 608 2970 nullibi
662 2922 842 2966 autem
893 2927 958 2966 ex
1011 2913 1370 2980 inspiratione
1413 2913 1753 2980 prophetica.
1807 2913 1878 2964 At
1931 2922 1985 2965 tu

421 3005 554 3058 mihi
595 3003 796 3058 videris
842 3017 949 3054 non
993 3004 1286 3056 admodum
1329 3001 1649 3055 observasse
1685 3019 1702 3051 ‹
1753 2999 1991 3052 multifa-

424 3095 560 3148 riam
646 3092 938 3160 multisque
1003 3093 1174 3145 modis
1247 3091 1375 3144 olim
1490 3085 1661 3140 Deum
1734 3083 1985 3152 patribus

422 3185 659 3239 locutum
701 3197 823 3236 esse
877 3182 927 3234 in
997 3181 1273 3250 prophetis
1297 3183 1361 3244 '9,
1398 3199 1416 3232 ι
1453 3195 1559 3232 non
1589 3180 1763 3232 solum
1815 3179 1993 3233 omui-
2022 3210 2064 3265 Ο

423 3275 544 3338 bus,
593 3273 682 3327 sed
738 3282 792 3327 et
844 3274 1090 3341 singulis.
1145 3273 1201 3326 Si
1244 3281 1422 3325 autem
1467 3270 1865 3333 observaveris,
1906 3271 1992 3322 in-v

422 3367 608 3421 venies
641 3367 831 3419 iisdem
870 3366 1072 3419 sanctis
1113 3376 1168 3419 et
1213 3365 1395 3418 divina
1438 3363 1697 3432 obtigisse
1757 3363 1993 3425 somnia,

422 3467 478 3512 et
531 3457 898 3526 apparitiones
946 3455 1221 3524 angelicas
1273 3467 1329 3509 et
1383 3453 1788 3523 inspiratioues.
1849 3451 1994 3506 Satis

422 3558 506 3603 est
533 3559 711 3603 autem
761 3548 813 3601 in
850 3548 1099 3616 prmsenti
1133 3547 1388 3602 adhibere
1436 3561 1533 3614 pro
1589 3545 1898 3599 testimonio
1931 3560 1993 3598 ea

423 3657 542 3708 qtue
573 3643 776 3710 scripta
810 3649 936 3695 sunt
963 3640 1030 3694 de
1070 3638 1261 3706 Jacob,
1285 3641 1374 3708 qui
1418 3639 1485 3693 de
1533 3637 1730 3693 divinis
1769 3638 1995 3692 somniis

427 3734 542 3785 haec
591 3740 776 3784 narrat
813 3745 828 3783 :
884 3749 903 3782 ι
957 3731 1023 3784 Ει
1069 3730 1269 3785 factum
1297 3739 1402 3796 est,
1455 3746 1576 3784 cum
1621 3744 1749 3783 oves
1791 3729 1994 3784 coitum

424 3832 759 3892 appeterent,
818 3832 873 3876 et
929 3823 1033 3875 vidi
1094 3823 1265 3876 oculis
1328 3822 1464 3876 meis
1517 3837 1608 3876 eas
1648 3821 1700 3875 in
1759 3835 1992 3875 somno:

425 3927 480 3968 et
528 3930 656 3969 ecce
707 3914 842 3968 hirci
884 3924 938 3967 et
988 3915 1183 3969 arietes
1236 3915 1604 3970 ascendebant
1656 3929 1820 3981 super
1866 3926 1997 3967 oves

425 4007 531 4077 23
561 4018 614 4061 et
643 4022 854 4076 capras,
888 4007 1015 4062 albi.
1050 4017 1098 4059 et
1137 4007 1293 4068 varii,
1345 4006 1505 4071 fusci,
1537 4015 1591 4058 et
1624 4005 1900 4058 maculosi.
1935 4005 1998 4058 Et

426 4099 564 4150 dixit
620 4097 748 4151 mihi
801 4099 1021 4167 angelus
1075 4098 1168 4150 Dei
1217 4098 1268 4150 in
1329 4112 1520 4150 somno
1571 4110 1586 4147 ε
1633 4094 1824 4149 Iacob.
1884 4094 1998 4163 Ego

425 4201 606 4244 autem
640 4191 747 4244 dixi
783 4205 798 4244 :
833 4191 970 4256 Quid
993 4191 1112 4243 est?
1145 4190 1210 4243 Et
1237 4189 1372 4242 dixit
1403 4207 1415 4242 :
1450 4190 1644 4257 Aspice
1669 4187 1842 4242 oculis
1870 4188 1995 4253 tuis,

424 4293 478 4338 ct
507 4285 631 4339 vide
663 4283 846 4337 hircos
879 4292 934 4337 et
964 4282 1164 4337 arietes
1189 4282 1544 4336 ascendentes
1577 4296 1743 4350 super
1786 4296 1912 4336 oves
1944 4290 2000 4336 et

424 4389 634 4443 capras,
687 4373 862 4436 albos,
899 4375 1112 4437 varios,
1166 4373 1347 4426 fuscus
1400 4381 1454 4426 et
1500 4371 1822 4426 maculosos.
1881 4368 1996 4423 Vidi

425 4466 568 4518 enim
603 4480 934 4533 quaecunque
973 4466 1069 4519 tibi
1117 4465 1246 4518 facit
1281 4463 1489 4518 Lahan.
1526 4465 1638 4534 Ego
1679 4479 1794 4517 sum
1832 4463 1994 4524 Deus,

2165 2454 2308 2524 Πρδς
2362 2452 2570 2515 τούτοις
2637 2451 2994 2521 ἕφασκες,ὃτι
3031 2452 3058 2504 6
3089 2449 3284 2521 Δανιὴλ
3322 2451 3424 2503 ὑπὸ
3445 2451 3541 2520 μὲν
3570 2452 3670 2521 τῆς

2091 2545 2310 2616 Γραιρῆς
2338 2544 2537 2614 ταύτης
2553 2543 3061 2613 λέγεταιΠνεύματι
3092 2543 3316 2612 ληφθεὶς
3349 2542 3671 2612 ἐκϐεϐοηκέ-

2091 2654 2197 2698 ναι,
2232 2637 2306 2696 ὡς
2329 2635 2527 2697 ἀδίκως
2560 2637 2590 2704 ἡ
2619 2634 2893 2702 ἀπόφτσις
2931 2633 3041 2702 ἔχοι
3071 2633 3205 2702 (72),
3243 2635 3274 2702 ἡ
3315 2633 3370 2684 δὲ
3397 2631 3668 2701 φερομένη

2089 2726 2532 2796 ὁμολογουμένως
2564 2726 2654 2776 ὑπ’
2687 2723 2853 2777 αὑτοῦ
2904 2722 3093 2793 Γραφὴ
3151 2723 3293 2792 ἄλλῳ
3334 2724 3520 2793 τρόπῳ
3572 2739 3670 2774 πε-

2095 2817 2261 2887 ριέχει
2303 2815 2462 2869 αὐτὸν
2504 2814 2937 2884 προφητεύοντα,
2973 2815 3248 2866 τουτέστιν
3271 2815 3530 2884 όράμασι,
3566 2814 3661 2866 καὶ

2093 2909 2340 2979 ὀνείροις,
2371 2908 2463 2958 καὶ
2494 2906 2725 2973 ἀγγέλου
2778 2906 3092 2975 ἐπιφανείᾳ·
3147 2905 3380 2974 οὐδαμοῦ
3440 2907 3497 2957 δὲ
3553 2908 3672 2959 ὲπι-

2096 2999 2256 3069 πνοίᾳ.
2287 3001 2615 3069 προφητικῇ.
2653 2997 2724 3050 Σὺ
2762 2998 2819 3050 δέ
2843 3015 2932 3068 μοι
2957 2998 3135 3059 ἔοικας
3173 2995 3245 3066 μὴ
3271 2997 3408 3050 πάνυ
3443 3015 3673 3070 τετηρη-

2097 3092 2249 3145 κέναι
2278 3091 2361 3156 τὸ,
2403 3109 2422 3140 ε
2447 3089 2779 3160 Πολυμερῶς
2813 3089 2907 3142 καὶ
2941 3088 3295 3158 πολυτρόπως
3365 3090 3533 3144 πάλαι
3580 3094 3671 3145 τὸν

2097 3182 2227 3234 Θεὸν
2261 3181 2608 3252 λελαληκέναι
2651 3183 2766 3243 τοῖς
2807 3182 3071 3252 πατράσιν
3089 3182 3146 3234 ὲν
3168 3184 3279 3244 τοῖς
3311 3189 3666 3254 προφήταις,ι

2097 3273 2156 3324 οὐ
2209 3271 2365 3342 μόνον
2399 3273 2455 3324 ἐν
2487 3273 2599 3335 τοῖς
2632 3273 2817 3335 πᾶσιν,
2859 3272 2991 3324 ἀλλά
3022 3272 3114 3324 καὶ
3165 3273 3221 3324 ὲν
3270 3276 3382 3336 τοῖς
3410 3274 3530 3326 καθ’
3553 3275 3667 3328 ἕνα.

2097 3363 2499 3434 Παρατηρήσας
2527 3362 2583 3414 δὲ
2617 3363 2869 3432 εὑρήσεις
2896 3364 3008 3424 τοῖς
3039 3363 3221 3423 αὐτοῖς
3237 3362 3408 3429 ἁγίοις
3433 3365 3525 3415 καὶ
3552 3363 3672 3417 ἐνύ-

2099 3466 2228 3502 πνια
2255 3450 2522 3520 γενόμενα
2554 3449 2673 3502 θεῖα
2708 3451 2800 3501 καὶ
2854 3449 3173 3517 ἐπιφανείας
3212 3451 3540 3518 ἀγγελικάς,
3577 3453 3672 3505 καὶ

2098 3541 2399 3604 ἐπιπνοίας.
2464 3542 2648 3612 Ἀρκεῖ
2690 3541 2746 3593 δὲ
2786 3541 2877 3593 ἐπὶ
2909 3540 3001 3592 τοῦ
3051 3541 3310 3609 παρόντος
3348 3543 3671 3613 μαρτυρίαις

2097 3631 2400 3702 χρήσασθαι
2444 3635 2558 3693 τοῖς
2605 3633 2734 3701 περὶ
2787 3630 2882 3683 τοῦ
2942 3631 3131 3684 Ἰακὼϐ
3187 3632 3294 3703 (75)
3348 3632 3670 3702 γεγραμμέ-

2097 3739 2236 3785 νοις·
2267 3721 2324 3784 δς
2356 3723 2483 3792 περὶ
2516 3722 2613 3792 μὲν
2638 3721 2796 3774 θείων
2823 3721 3088 3776 ἐνυπνίων
3121 3721 3343 3774 τοιαῦτα
3378 3723 3667 3791 διηγεῖται·

2105 3833 2124 3865 ι
2163 3816 2272 3867 Καὶ
2299 3815 2544 3883 ἐγένετο,
2576 3816 2737 3885 ἡνίκα
2770 3816 3062 3867 ὲνεκίσσων
3104 3815 3172 3868 τὰ
3223 3816 3470 3886 πρόϐατα
3518 3816 3668 3887 (74),

2099 3907 2192 3959 καὶ
2220 3903 2354 3958 εἶδον
2385 3907 2442 3957 έν
2475 3909 2585 3968 τοῖς
2617 3903 2914 3975 ὀφθαλμοῖς
2957 3922 3056 3974 μου
3093 3903 3230 3957 αὑτά
3265 3906 3320 3957 ὲν
3354 3903 3525 3976 ὕπνῳ,
3575 3905 3672 3958 καὶ

2104 3997 2210 4049 ἰδοὺ
2245 3999 2292 4049 οἰ
2318 3997 2509 4068 τράγοι
2543 3997 2636 4048 καὶ
2659 3998 2705 4048 οἱ
2736 3997 2879 4066 κριοὶ
2903 3996 3280 4058 ἀναϐαίνοντες
3310 3991 3448 4064 ἦσαν
3479 3997 3569 4048 ἐπὶ
3602 3997 3671 4049 τὰ

2100 4091 2343 4162 πρόϐατα
2376 4089 2469 4142 καὶ
2496 4088 2592 4151 τὰς
2617 4084 2796 4156 αῖγας,
2835 4088 3104 4141 διάλευκοι
3125 4127 3138 4151 ,
3190 4089 3281 4141 καὶ
3299 4089 3548 4156 ποικίλοι,
3577 4092 3672 4143 καὶ

2102 4184 2422 4246 σποδοειδεῖς
2452 4182 2650 4254 ραντοί.
2693 4181 2801 4234 Καὶ
2830 4176 2953 4233 εἶπέ
2979 4197 3067 4250 μοι
3091 4182 3118 4232 6
3141 4180 3368 4248 ἄγγελος
3409 4181 3500 4233 τοῦ
3534 4182 3669 4235 Θεοῦ

2099 4276 2219 4330 καθ’
2247 4275 2429 4328 ὕπνον·
2472 4272 2682 4326 Ἰακὼϐ.
2728 4271 2868 4338 Ἐγὼ
2892 4271 2950 4323 δὲ
2976 4265 3126 4322 εἷπον
3147 4287 3158 4298 ·
3191 4271 3254 4322 Τί
3297 4271 3432 4336 ἐστι;
3472 4271 3566 4323 καὶ
3595 4268 3673 4324 εἷ-

2101 4382 2219 4418 πεν·
2253 4363 2571 4432 Ἀνάϐλεψον
2596 4366 2706 4424 τοῖς
2731 4361 3028 4430 ὀφθαλμοῖς
3049 4377 3161 4424 σου,
3182 4360 3276 4412 καὶ
3298 4361 3373 4413 ἴδε
3394 4362 3519 4424 τοὺς
3541 4362 3673 4430 τρά-

2100 4474 2227 4526 γους
2275 4458 2369 4510 καὶ
2399 4457 2525 4518 τοὺς
2555 4455 2740 4524 κριοὺς
2781 4452 3164 4515 ἀναϐαίνοντας
3193 4452 3284 4504 ἐπὶ
3316 4453 3384 4506 τὰ
3423 4453 3673 4524 πρόϐατα

424 4557 515 4624 qui
557 4557 776 4624 apparui
818 4557 909 4609 tibi
929 4557 980 4608 in
1010 4557 1131 4610 loco
1156 4555 1270 4618 Dei,
1293 4556 1381 4609 ubi
1404 4557 1600 4609 unxisti
1634 4555 1764 4608 mihi
1790 4554 1989 4608 colum-

2101 4551 2194 4602 καὶ
2221 4547 2318 4610 τάς
2341 4543 2519 4614 αἶγας,
2546 4544 2879 4607 διαλεύκους,
2913 4545 3008 4598 καὶ
3059 4544 3363 4608 ποικίλους,
3404 4546 3498 4598 καὶ
3541 4563 3673 4599 σπο-

429 4660 586 4708 nam,
615 4655 670 4698 et
703 4654 885 4698 votum
917 4643 1047 4698 mihi
1096 4644 1317 4696 vovisti.
1360 4643 1516 4697 Nunc
1545 4657 1673 4710 ergo
1711 4656 1908 4708 surge,
1941 4650 1998 4694 et

426 4737 685 4804 egredere
710 4738 942 4804 dezterra
967 4739 1090 4798 hac,
1117 4747 1170 4790 et
1202 4736 1286 4788 abi
1317 4734 1368 4788 in
1399 4745 1598 4788 terram
1629 4733 1998 4803 generationis

433 4838 536 4900 tua:
568 4829 634 4882 '°.
672 4849 691 4882 ι
727 4829 877 4894 Quod
905 4829 1102 4881 attinet.
1140 4838 1319 4882 autem
1353 4828 1417 4881 ad
1447 4826 1842 4897 apparitionem
1871 4838 1994 4892 quae

500 4923 620 4955 ⁹¹·³⁶
653 4924 773 4976 Act.
808 4939 903 4986 vn,
929 4922 1017 4976 52.

469 5035 473 5044 '
501 5017 625 5090 (677)!
651 5018 1039 5090 Wetstenius"
1080 5019 1370 5090 μαρτυρῶν
1392 5017 1565 5072 ταῦτα
1593 5019 1738 5086 λέγει
1757 5019 1850 5071 ἐπὶ
1868 5017 1995 5090 πολτ

426 5088 556 5151 λοῖς.
583 5087 683 5158 [Ila
713 5099 766 5141 et
787 5089 972 5151 Cant.,
1004 5087 1091 5158 qui
1119 5087 1296 5142 tamen
1331 5089 1423 5141 καί
1447 5100 1571 5142 ante
1598 5090 1768 5143 ταῦτα
1797 5088 1992 5158 additu‘

428 5160 534 5212 Sed
554 5159 718 5211 codex
753 5158 957 5226 Regius
989 5169 1046 5211 ut
1079 5159 1128 5210 in
1166 5170 1350 5212 nostro
1380 5169 1549 5212 textu.

499 5227 612 5299 (68)
655 5227 897 5294 Καινῆς.
947 5230 1179 5282 Omnino
1210 5228 1494 5296 legendum
1537 5228 1784 5299 έκείνῃςί
1807 5227 1995 5294 Neque

427 5297 908 5352 enitn‘veri‘simile
945 5307 1028 5351 est
1061 5299 1370 5366 Origeuem,
1407 5299 1496 5366 qui
1529 5297 1788 5366 Stephani
1829 5299 1990 5350 verba

428 5367 690 5438 l_audavit,
709 5369 894 5420 eodem
921 5368 1178 5438 temporis
1204 5380 1401 5436 puncto
1427 5383 1621 5438 negare
1646 5370 1757 5420 Ιιεοο
1778 5369 1826 5419 in
1846 5367 1994 5438 Novo

427 5435 777 5489 Testamento
804 5437 1051 5504 reperiri.
1081 5435 1354 5505 Nun'ergo
1386 5452 1447 5490 ex
1485 5435 1655 5500 Novo,
1689 5438 1779 5490 sed
1806 5453 1868 5488 cx
1902 5437 1992 5488 illo

430 5506 494 5558 de
521 5521 628 5574 quo
655 5521 839 5576 supra,
868 5521 1060 5576 nempe
1109 5504 1309 5560 Veteri
1330 5508 1676 5560 Testamento
1712 5516 1868 5573 negat
1900 5507 1991 5576 de-

431 5573 737 5646 monstrari
762 5591 920 5646 posse
946 5573 1280 5646 quacunque
1315 5589 1522 5646 martyr
1563 5578 1867 5644 Stephanus
1898 5573 1992 5646 Ju-

357 5664 364 5671 ·
432 5644 563 5699 meis
591 5643 905 5715 exprobrat.
937 5643 1106 5702 Paulo
1134 5643 1254 5717 post
1282 5643 1695 5716 codex'ltegius,
1730 5647 1826 5715 τῆς
1858 5643 1993 5718 πρὸς

1090 4922 1171 4975 "l
1203 4923 1396 4976 Thess.
1429 4937 1492 4985 ll,
1526 4921 1612 4974 M.
1675 4921 1718 4951 "'
1749 4921 1853 4974 lsa.
1887 4935 1925 4979 ι,
1957 4917 2042 4970 10.
2113 4917 2156 4947 ²⁹
2183 4915 2317 4968 lleb.
2357 4929 2394 4978 ι,
2428 4913 2480 4967 1.

2100 4639 2318 4701 δοειδείς
2357 4636 2611 4709 ραντούς·
2645 4635 2866 4706 ἑώρακα
2887 4635 2994 4707 γὰρ
3031 4636 3131 4687 ὅσα
3162 4652 3241 4688 σοι
3290 4635 3472 4690 Λάϐαν
3505 4640 3668 4692 ποιεῖ.

2113 4729 2254 4799 Ἐγώ
2277 4733 2390 4799 εἰμι
2413 4731 2440 4781 ὁ
2467 4728 2598 4792 Θεὸς
2630 4730 2657 4780 6
2685 4726 2868 4796 ὀφθείς
2897 4743 2975 4778 σοι
3003 4728 3059 4778 ὲν
3083 4727 3232 4796 τόπῳ
3264 4726 3414 4784 Θεοῦ,
3442 4720 3502 4779 οῦ
3527 4728 3672 4800 ἠλει-

2099 4820 2207 4890 ψάς
2232 4837 2320 4889 μοι
2341 4820 2458 4871 ἐκεῖ
2511 4817 2731 4887 στήλην,
2761 4817 2852 4868 καὶ
2875 4813 3024 4886 ηὔξω
3059 4833 3148 4886 μοι
3175 4817 3292 4868 ἐκεῖ
3329 4816 3514 4887 εὐχήν.
3553 4818 3674 4875 Νῦν
3703 4874 3708 4878 ,

2555 4913 2598 4943 ³ο
2617 4912 2745 4966 Gen.
2782 4927 2933 4977 xxxi,
2961 4910 3027 4963 10
3054 4924 3182 4976 seqq

2098 5013 2509 5080 Θεσσαλονικεῖς
2553 5011 2893 5080 Ἐπιστολῆς.
2927 5009 3081 5079 Apud
3122 5009 3480 5064 Wetstemum
3516 5009 3665 5062 deest

2107 5077 2438 5152 Ἐπιστολῆς.

2170 5151 2278 5219 (69)
2323 5147 2670 5213 Wetstenius,
2707 5149 2812 5201 ἀπὸ
2846 5147 2950 5200 τῶν
2989 5149 3132 5201 ἰδίων

2170 5223 2278 5288 (70)
2319 5220 2482 5282 Idem,
2517 5220 2840 5284 διωξάντων.

2174 5283 2282 5358 (71)
2325 5290 2506 5354 Idem,
2546 5283 3163 5358 σήστοπονηοοιτυριο,
3200 5283 3461 5358 οιηρουιο-
3502 5294 3659 5358 post,

2095 5356 2428 5428 τετολμῆται
2449 5362 2560 5420 τοῖς
2592 5356 2735 5408 τότε.
2759 5386 2829 5395 -
2856 5357 3121 5412 Wetsteu.
3166 5356 3402 5410 scribere
3433 5356 3664 5410 debebat

2099 5426 2382 5479 σύστοπον.
2420 5427 2621 5481 None.

2171 5496 2280 5563 (72)
2298 5496 2501 5551 'Codex
2528 5495 2865 5566 Dasilcensis,
2894 5495 3011 5566 ἔχῃ.

2195 5562 2279 5634 75)
2319 5567 2499 5620 Codex
2527 5562 3235 5633 Wetstenianus,"leiatxéu,
3260 5563 3418 5618 male.

2195 5568 2279 5634 75)
2319 5567 2499 5620 Codex
2528 5567 2944 5627 Wetstenianus,
2986 5567 3171 5616 Ἰωακέ

2169 5567 2280 5708 ξπ)
2323 5635 2488 5700 Idem,
2525 5636 2841 5705 πράγματα,
2876 5649 3176 5704 perperam.
