3952 6144
118 255 122 260 -
201 231 260 286 τε
314 208 316 210 ’
1366 238 1452 292 DE
1492 237 1759 294 lllSTORl

1864 236 2205 294 SUSANNE.
3354 239 3422 293 71

197 345 276 402 οὖν
312 347 556 420 ἀνάστηθι
605 353 698 405 καὶ
741 352 922 418 ἐξελθε
967 355 1031 408 ἐκ
1065 356 1163 425 τῆς
1213 357 1314 425 γῆς
1362 359 1596 431 ταύτης,
1653 361 1746 414 καὶ

1864 354 2056 407 visione
2102 353 2443 423 praestantior
2491 360 2605 418 est,
2655 352 2771 407 haec
2807 353 2873 408 de
2921 352 3010 407 illo
3060 353 3203 408 dicta
3245 363 3416 407 sunt:

200 439 368 495 ἄπελθε
392 443 466 504 εἰς
488 443 585 512 τὴν
606 444 708 514 γῆν
732 446 828 514 τῆς
857 445 1163 517 γεννήσεώς
1188 465 1301 500 σου.
1336 468 1353 498 ι
1382 449 1518 521 Περὶ
1545 449 1601 502 δέ
1629 451 1743 502 ἐπι·

200 531 388 601 φανείας
423 531 569 604 ῦπαρ
601 534 928 604 κρείττονος,
957 537 1127 590 ταῦτα
1159 539 1287 608 περὶ
1308 538 1470 591 αὐτοῦ
1497 539 1742 611 εἴρηται·

205 643 221 675 ι
261 622 567 695 ’Υπελείφθη
604 623 661 676 δὲ
701 626 897 679 Ἰακὼϐ
928 628 1106 697 μόνος·
1137 628 1232 680 καὶ
1263 628 1521 681 ἐπάλαιεν
1547 629 1747 701 ἅνθρω-

198 733 282 778 πος
310 715 413 786 μετ’
448 717 612 770 αὐτοῦ
651 717 756 781 ἕως
795 719 960 788 πρωῒ.
1009 715 1132 771 Εἷδε
1169 718 1256 780 δὲ,
1308 720 1388 771 ὅτι
1426 721 1486 773 οὐ
1526 718 1746 775 δύναται

199 807 311 878 πρὸς
336 808 510 872 αὐτὸν,
541 810 633 862 καὶ
662 810 837 879 ἥψατο
862 810 955 863 τοῦ
985 813 1218 877 πλάτους
1233 814 1326 868 τοῦ
1357 815 1531 888 μηροῦ
1560 816 1744 879 αὐτοῦ,

195 900 275 951 καὶ
312 899 573 969 ὲνάρκησε
619 902 680 954 τὸ
712 901 910 966 πλάτος
950 903 1042 956 τοῦ
1093 907 1267 977 μηροῦ
1321 907 1534 971 Ἰακὼϐ,
1580 911 1637 964 ἐν
1670 910 1748 980 τῷ

195 989 413 1043 παλαίειν
441 991 606 1044 αὐτὸν
650 993 765 1056 μετ’
795 993 958 1046 αὐτοῦ
988 1035 1002 1058 ,
1035 998 1128 1049 καὶ
1164 995 1315 1052 εἶπεν
1365 999 1531 1071 αὐτῷ·
1587 1002 1748 1054 Ἀπό-

195 1079 376 1132 στειλόν
410 1097 498 1150 με·
534 1081 699 1153 ἀνέϐη
725 1082 834 1154 γὰρ
877 1085 900 1136 5
933 1073 1146 1155 ὄρθρος.
1189 1089 1246 1140 '0
1278 1088 1334 1142 δὲ
1364 1087 1536 1144 εἶπεν·
1574 1093 1647 1144 Οὐ
1675 1095 1746 1163 μή

195 1185 244 1220 σε
273 1171 587 1235 ἀποστείλω,
619 1173 712 1226 ἐὰν
740 1175 813 1244 μή
854 1191 920 1244 με
947 1176 1268 1251 εὐλογὴσῃς.
1304 1177 1441 1234 Εἶπε
1484 1183 1539 1235 δὲ
1579 1184 1745 1254 αὐτῷ·

195 1261 251 1313 Τί
278 1261 331 1312 τὸ
360 1261 530 1332 ὄνομά
555 1281 670 1330 σου;
705 1267 760 1318 Ὀ
790 1267 846 1320 δὲ
879 1264 1048 1321 εἶπεν·
1083 1271 1295 1324 Ἰακώϐ·
1332 1267 1455 1326 εἶπε
1493 1275 1549 1328 δὲ
1582 1276 1744 1345 αὐτῷ·

190 1352 254 1404 Οὐ
277 1352 596 1424 κληθήσεται
623 1357 782 1410 ἔτιτὸ
804 1359 976 1430 ὄνομά
1001 1378 1095 1415 σου
1135 1363 1347 1430 Ἰακὼϐ,
1384 1367 1497 1419 ἀλλ’
1539 1368 1752 1439 Ἰσραὴλ

189 1441 324 1496 ἔσται
353 1447 407 1498 τὸ
432 1445 608 1517 ϐνομὰ
639 1465 730 1500 σου
753 1489 768 1513 ,
812 1450 893 1502 ὅτι
929 1451 1218 1522 ἐνίσχυσας
1260 1456 1399 1525 μετά
1441 1456 1574 1510 Θεοῦ
1595 1498 1608 1522 ,
1659 1457 1752 1510 καὶ

191 1534 315 1604 μετά
351 1537 651 1609 ἀνθρώπων
683 1539 907 1604 δυνατός
975 1543 1251 1615 Ἡρώτησε
1282 1544 1339 1598 δέ
1389 1546 1614 1612 Ἰακὼϐ,
1659 1550 1752 1602 καὶ

187 1621 340 1678 εἶπεν·
385 1630 729 1698 Ἀνάγγειλόν
764 1650 853 1702 μοι
881 1634 941 1686 τὸ
981 1633 1152 1706 ὄνομά
1179 1654 1294 1689 σου·
1314 1641 1407 1691 καὶ
1437 1636 1588 1694 εἶπεν
1613 1643 1752 1697 ’Ἵνα

185 1718 232 1769 τί
261 1719 406 1772 τοῦτο
426 1722 640 1792 ἐρωτᾷς
668 1723 726 1776 τὸ
752 1700 925 1796 ϐνομά
951 1700 1087 1797 μουξ
1106 1728 1216 1780 Καὶ
1263 1729 1555 1802 εὐλόγησεν
1588 1733 1750 1787 αὐτὸν
1784 1700 1823 1754 Β

186 1808 304 1862 ἐκεῖ.
339 1811 444 1864 Καὶ
477 1813 732 1867 ἐκάλεσεν
772 1815 965 1869 Ἰακὼϐ
1011 1817 1070 1870 τὸ
1097 1818 1266 1889 ὄνομα
1293 1821 1388 1874 τοῦ
1416 1823 1580 1876 τόπου
1609 1824 1751 1877 ἐκεί-

185 1919 266 1954 νου
293 1900 437 1968 Εἶδος
449 1905 606 1959 Θεοῦ·
632 1904 784 1960 Εἶδον
812 1914 922 1980 γάρ
945 1909 1081 1963 Θεὸν
1104 1912 1395 1983 πρόσωπον
1421 1915 1559 1983 πρὸς
1587 1914 1753 1986 πρόσ-

183 2012 349 2061 ωπον,
390 1998 486 2051 καὶ
540 1996 717 2070 ἐσώθη
746 2017 846 2070 μου
878 2001 1098 2073 ἡψυχὴ.
1143 2004 1404 2057 Ἀνέτειλε
1431 2004 1539 2058 δέό
1579 2006 1749 2076 ἥλιος,

185 2083 333 2152 ἡνίκα
375 2086 621 2157 παρῆλθε
667 2089 727 2140 τὸ
776 2085 922 2152 εἶδος
969 2089 1061 2141 τοῦ
1098 2091 1251 2145 Θεοῦ.
1313 2112 1331 2144 ι
1375 2093 1497 2146 Ὅτι
1546 2093 1602 2144 δέ
1660 2096 1752 2148 καὶ

183 2171 237 2236 ἐξ
265 2175 542 2243 ἐπιπνοίας
574 2180 922 2250 προφητεύει,
951 2183 1106 2254 δῆλον
1130 2185 1192 2236 ἐκ
1232 2184 1435 2238 τούτων
1455 2202 1467 2214 ·
1521 2205 1538 2236 ι
1598 2187 1753 2240 Ἐκά-

183 2263 293 2316 λεσε
316 2265 370 2318 δέ
408 2266 602 2320 Ἰακὼϐ
626 2272 750 2334 τοὺς
778 2273 930 2336 υἱοὺς
954 2273 1117 2327 αὐτοῦ
1143 2275 1234 2328 καὶ
1256 2271 1395 2328 εἷπε·
1421 2276 1750 2348 Συνάχθητε,

185 2352 260 2407 ἵνα
296 2357 615 2427 ἀπαγγείλω
644 2362 771 2430 ὑμῖν
797 2361 849 2414 τί
878 2364 1215 2435 ἀποϐήσεται
1243 2367 1370 2436 ὑμῖν
1396 2367 1484 2418 ἐπ’
1512 2367 1754 2437 ἐσχάτων

179 2443 280 2497 τῶν
309 2447 552 2521 ἡμερῶν·
588 2451 915 2524 ἀθροίσθητε
955 2456 1046 2507 καὶ
1081 2455 1350 2508 ἀκούσατε
1387 2457 1497 2509 υἱοὶ
1540 2457 1754 2523 Ἰακὼϐ,

179 2535 441 2592 ἀκούσατε
481 2541 696 2612 Ἰσραὴλ
726 2543 819 2594 τοῦ
853 2545 1058 2614 πατρὸς
1085 2545 1259 2614 ὑμῶν·
1303 2547 1530 2615 Ῥουϐὶμ
1554 2548 1760 2618 πρωτό-

177 2629 327 2691 τοκός
353 2647 481 2699 μου,
515 2633 577 2683 σὺ
608 2632 760 2702 ἰσχύς
790 2649 912 2703 μου,
939 2635 1032 2685 καὶ
1058 2634 1199 2704 ἀρχὴ
1222 2635 1427 2689 τέκνων
1454 2625 1577 2706 μου,
1604 2639 1761 2708 σκλη-

181 2718 262 2786 ρὸς
303 2721 571 2792 φέρεσθαι
610 2724 704 2775 καὶ
739 2722 970 2794 σκληρὸς
1011 2724 1268 2795 αὐθάδης·
1319 2720 1642 2797 ἐξύϐρισας,
1686 2729 1762 2790 ὡς

178 2807 313 2881 ὕδωρ
359 2813 436 2882 μὴ
494 2812 722 2884 ἐκζέσῃς
750 2829 764 2844 ·
801 2815 999 2887 ἀνέϐης
1037 2815 1147 2886 γὰρ
1177 2817 1269 2869 ἐπὶ
1307 2815 1402 2886 τὴν
1441 2817 1629 2887 κοίτην
1668 2817 1761 2870 τοῦ

178 2901 380 2970 πατρός
430 2918 544 2954 σου·
589 2903 710 2956 τότε
751 2904 981 2973 ἐμίανας
1025 2904 1122 2976 τὴν
1163 2905 1484 2976 στρωμνὴν,
1534 2899 1593 2959 οὐ
1645 2905 1765 2959 ἀνέ-

1855 463 1873 494 ι
1910 444 2404 499 Ilemansit'autem
2451 444 2617 499 Jacob
2653 445 2798 498 solus
2835 453 2888 498 et
2925 445 3229 499 luctabatur
3259 445 3423 499 homo

1849 552 1973 591 cum
2004 537 2122 607 ipso
2152 553 2323 606 usque
2369 536 2436 591 ad
2484 551 2663 591 mane.
2714 537 2853 592 Vidit
2899 547 3080 591 autem
3126 537 3271 606 quod
3313 554 3422 590 non

1848 629 2166 698 praevaleret
2203 629 2460 682 adversus
2501 643 2654 690 eum,
2688 635 2742 682 et
2774 627 2946 698 tetigit
2973 627 3309 682 latitudinem
3341 627 3424 681 fe-

1851 721 2017 775 moris
2057 721 2174 790 ejus
2202 730 2256 774 et
2285 721 2546 775 emarcuit
2585 719 2812 774 latitudo
2840 718 3057 775 femoris
3077 721 3262 786 Jacob,
3294 721 3423 775 dum

1850 812 2146 866 luctaretur
2177 828 2302 866 cum
2329 828 2412 866 eo.
2446 813 2514 866 Et
2547 813 2680 866 dixit
2713 812 2762 866 ei
2797 831 2809 865 :
2842 812 3058 866 Dimitte
3086 829 3200 878 me,
3232 828 3424 866 ascen-

1848 903 1927 957 dit
1954 904 2098 958 enim
2145 920 2358 957 aurora.
2390 903 2480 957 llle
2525 919 2654 959 vero
2686 904 2820 958 dixit
2857 922 2868 957 :
2898 905 3016 959 Non
3050 905 3312 958 dimittam
3348 914 3420 968 te,

1849 994 1951 1048 nisi
2000 995 2131 1048 mihi
2181 995 2542 1049 benedixeris.
2591 995 2680 1050 Ait
2725 996 2799 1048 illi
2844 1014 2855 1048 :
2909 995 3062 1061 Quod
3099 1005 3184 1050 est
3227 1012 3424 1050 nomen

1853 1085 2041 1138 tuum?
2077 1084 2169 1138 Ille
2213 1085 2347 1139 dixit
2383 1103 2394 1138 :
2429 1085 2611 1140 Jacob.
2657 1087 2798 1141 Dixit
2833 1087 2907 1140 illi
2940 1106 2952 1140 :
2994 1087 3113 1140 Non
3150 1088 3427 1142 vocabitur

1850 1176 2083 1244 amplius
2113 1191 2313 1231 nomen
2367 1185 2517 1231 tuum
2552 1178 2738 1242 Jacob,
2769 1179 2863 1234 sed
2897 1178 3057 1232 Israel
3096 1183 3199 1233 erit
3227 1195 3425 1233 nomen

1854 1277 2027 1330 tuum,
2061 1269 2315 1338 quoniam
2354 1269 2508 1324 fortis
2558 1271 2705 1325 fuisti
2744 1287 2867 1326 cum
2901 1274 3046 1335 Deo,
3079 1282 3132 1327 et
3169 1289 3290 1327 cum
3327 1274 3425 1327 lio-

1852 1361 2091 1414 minibus
2121 1371 2332 1430 potens.
2373 1362 2726 1434 Interrogavit
2761 1375 2941 1418 autem
2973 1365 3120 1420 illum
3155 1366 3342 1426 Jacob,
3374 1377 3428 1421 et

1853 1450 1986 1503 dixit
2023 1467 2034 1501 :
2062 1451 2340 1505 Annuntia
2386 1451 2520 1505 mihi
2553 1468 2753 1508 nomen
2795 1462 2963 1507 tuum.
3007 1453 3075 1508 Et
3103 1456 3380 1523 respondit
3409 1475 3422 1509 :

1853 1539 1962 1594 Cur
2009 1556 2163 1611 rogas
2210 1557 2407 1596 nomen
2448 1544 2662 1598 meum?
2700 1545 2767 1598 Et
2807 1545 3080 1600 benedixit
3121 1546 3169 1600 ei
3203 1547 3330 1601 illic.
3363 1549 3430 1602 Et

1856 1632 2066 1688 vocavit
2092 1632 2258 1687 Jacob
2283 1649 2481 1688 nomen
2506 1635 2608 1689 loci
2638 1635 2802 1700 illius,
2836 1635 3108 1691 Visionem
3137 1638 3232 1692 Dei
3265 1655 3276 1689 :
3309 1638 3429 1693 Vidi

1855 1723 2018 1789 enim,
2052 1723 2245 1792 inquit,
2277 1724 2446 1778 Deum
2478 1724 2614 1779 faeie
2659 1727 2726 1780 ad
2770 1727 2990 1793 faciem,
3021 1736 3074 1783 et
3105 1729 3249 1783 salva
3291 1729 3431 1784 facta

1855 1827 1939 1872 est
1981 1818 2159 1870 anima
2194 1832 2334 1871 mea.
2367 1816 2532 1872 Ortus
2578 1827 2658 1873 est
2699 1829 2879 1874 autem
2911 1820 3024 1885 sol,
3055 1823 3270 1890 quando
3304 1839 3433 1892 per-

1857 1908 2070 1963 transiit
2102 1908 2238 1962 visio
2273 1908 2365 1962 l'ei
2398 1909 2463 1961 ³¹.
2506 1927 2524 1959 ›
2557 1908 2712 1975 Quod
2745 1927 2871 1966 vero
2902 1913 3064 1966 etiam
3093 1929 3160 1967 ex
3201 1913 3435 1983 inspira-

1858 2001 2002 2054 tione
2032 2001 2354 2068 prophetet,
2392 2015 2458 2054 ex
2488 2000 2572 2054 his
2622 2010 2704 2055 est
2746 2003 3089 2072 perspicuum
3118 2021 3130 2055 :
3167 2024 3184 2055 ι
3215 2004 3438 2060 Vocavit

1856 2098 2035 2142 autem
2063 2088 2228 2142 Jacob
2260 2089 2395 2144 ﬁlios
2427 2106 2575 2154 suos,
2607 2100 2662 2146 et
2694 2092 2826 2146 dixit
2865 2111 2875 2145 :
2910 2092 3340 2164 Congregamini,
3378 2104 3439 2150 ut

1855 2180 2172 2234 annuntiem
2211 2181 2363 2234 vobis
2407 2197 2527 2251 quae
2557 2192 2784 2237 ventura
2814 2193 2940 2238 sunt
2972 2185 3124 2240 vobis
3158 2185 3213 2238 in
3250 2186 3436 2240 novis-

1855 2269 2005 2323 simis
2050 2270 2259 2324 diebus.
2308 2271 2720 2342 Congregamini
2767 2283 2821 2328 et
2866 2274 3066 2337 audite,
3111 2274 3205 2328 ﬁlii
3248 2273 3432 2340 Jacob,

1855 2361 2037 2414 audite
2067 2361 2230 2415 Israel
2271 2371 2478 2431 patrem
2519 2372 2780 2418 vestrum.
2827 2363 3020 2418 Ruben
3050 2365 3439 2436 primogenitus

1858 2465 2029 2514 naeus,
2062 2458 2117 2502 tu
2150 2451 2319 2505 virtus
2349 2468 2496 2518 mea,
2529 2461 2584 2508 et
2625 2454 2839 2508 initium
2872 2454 3101 2508 ﬁliorum
3145 2469 3388 2508 meorum
3421 2472 3433 2506 :

1860 2537 2030 2590 durus
2063 2537 2130 2590 ad
2175 2538 2488 2606 ferendum,
2520 2541 2688 2595 durus
2729 2551 2782 2596 et
2817 2558 3104 2614 arrogans,
3144 2542 3439 2612 iniuriosus

1862 2629 2054 2694 fuisti,
2107 2639 2359 2699 tanquam
2421 2647 2559 2700 aqua
2611 2648 2682 2686 ne
2733 2633 3074 2687 ell‘ervescas.
3136 2633 3439 2688 Ascendisti

1863 2718 2004 2771 enim
2037 2718 2214 2772 cubile
2258 2720 2426 2787 patris
2466 2721 2543 2773 tui
2578 2737 2590 2772 :
2627 2730 2758 2775 tunc
2791 2721 3067 2775 maculasti
3099 2730 3346 2785 stratum,
3380 2721 3434 2774 in

1862 2809 2004 2877 quod
2035 2810 2324 2864 ascendisti
2354 2811 2421 2863 δ’.
2457 2829 2474 2862 ι
2511 2810 2769 2866 Similiter
2809 2820 2864 2865 et
2894 2811 3113 2881 reliquis
3151 2811 3437 2882 impertita:

1862 2898 2290 2964 benedictiones,
2330 2916 2449 2969 qua:
2482 2901 2780 2971 prophetia;
2817 2911 2960 2965 sunt,
2995 2918 3058 2955 ex
3087 2901 3437 2972 inspiratione

180 2988 292 3057 6ης.
343 3010 362 3042 ι
409 2991 640 3062 Ὁμοίως
669 2993 726 3046 δέ
755 2994 1006 3066 καὶπρὸς
1032 2997 1157 3058 τοὺς
1181 2996 1400 3059 λοιποὺς
1423 2999 1479 3048 αἱ
1520 2995 1759 3065 εὐλογίαι

1864 2991 2084 3061 prolatae
2113 3002 2258 3047 sunt.
2293 2993 2438 3046 Nihil
2476 2993 2640 3063 igitur
2677 2993 2872 3046 mirum
2917 2993 3189 3046 Danielem
3225 3008 3439 3062 quoque

179 3086 502 3154 προφητεῖαι
526 3079 681 3137 οὖσαι
714 3083 773 3150 ἐξ
795 3085 1080 3149 ἐπιπνοίας
1102 3087 1365 3157 εἴρηνται.
1398 3086 1561 3139 Οὐδὲν
1583 3087 1759 3139 τοίνυν

180 3170 486 3243 θαυμαστὸν
519 3177 610 3229 καὶ
635 3176 978 3248 τὸν-Δανιὴλ,
1007 3177 1095 3229 ὁτὲ
1126 3177 1223 3248 μὲν
1254 3177 1310 3243 ἐξ
1355 3178 1638 3240 ἐπιπνοίας
1677 3176 1763 3230 λε-

180 3260 467 3336 λαληκέναι
501 3267 608 3336 (75)
647 3267 736 3319 τὸν
771 3267 910 3320 κατά
939 3266 1049 3319 τῶν
1083 3267 1469 3339 πρεσϐυτέρων
1519 3267 1759 3336 ἔλεγχον⁹

180 3353 260 3405 ὁτὲ
285 3354 339 3407 δὲ
370 3357 667 3420 ἐνυπνίοις,
697 3357 770 3421 ὡς
796 3359 889 3410 καὶ
920 3359 983 3410 σὺ
1015 3359 1140 3429 φὴς,
1177 3359 1210 3430 ἢ
1240 3359 1425 3430 ὁράσει
1451 3373 1531 3423 τε,
1557 3359 1650 3410 καὶ
1670 3357 1764 3411 ἀλ-

181 3441 291 3497 λοτε
325 3448 610 3515 γεγονέναι
639 3447 786 3518 αὐτῷ
815 3449 1046 3517 ἀγγέλου
1077 3450 1415 3517 ἐπιφάνειαν.

245 3539 325 3591 Τά
347 3557 411 3608 γε
447 3541 554 3613 μὴν
577 3541 712 3595 ἄλλα
739 3557 830 3594 σου
857 3543 1264 3613 ἐπαπορήματα
1284 3541 1460 3595 ἐδόκει
1491 3559 1579 3613 μοι
1603 3543 1766 3613 ἀσεμ-

181 3629 389 3703 νότερον
414 3633 690 3705 εἰρῆσθαι,
724 3635 816 3687 καὶ
839 3634 937 3687 οὐκ
967 3633 1181 3704 ἔχεσθαι
1205 3634 1303 3705 τῆς
1335 3635 1650 3706 πρεπούσης
1684 3649 1764 3686 σοι

180 3721 479 3788 εὐλαϐείας·
515 3725 579 3777 οὐ
611 3727 794 3796 χεῖρον
825 3724 883 3778 δὲ
913 3725 1082 3778 θεῖναι
1109 3725 1169 3778 τὸ
1195 3725 1386 3788 αὐταῖς
1409 3724 1616 3790 λέξεσιν
1661 3725 1766 3777 ὑπὸ

183 3813 270 3867 σοῢ
293 3815 682 3889 γεγραμμένον
709 3817 899 3882 οὕτως·
927 3838 944 3868 ι
985 3819 1214 3870 Ἔπειτα
1243 3819 1379 3888 μετά
1409 3818 1519 3890 (76)
1549 3819 1608 3872 τὸ
1634 3818 1765 3871 θαυ-

184 3908 383 3975 μασίως
406 3927 526 3973 πως
551 3909 724 3972 οὕτως
742 3908 1212 3978 ἀποφθέγξασθαι,
1239 3912 1331 3963 καὶ
1355 3910 1767 3982 παραδοξότατά

183 4011 291 4061 πως
313 4001 512 4064 αὐτοὺς
534 4001 850 4072 ἀπελέγχει,
872 4000 947 4064 ὡς
971 4001 1092 4054 οὐδὲ
1115 4002 1397 4069 Φιλιστίων
1428 4004 1456 4055 ὁ
1489 4005 1670 4072 μῖμος·
1704 4003 1764 4055 οὐ

182 4089 282 4159 γὰρ
315 4091 542 4165 ἐξήρκει
588 4095 621 4162 ἡ
668 4091 758 4145 διὰ
786 4093 878 4146 τοῦ
931 4093 1247 4162 Πνεύματος
1286 4093 1600 4163 ἐπίπληξις,
1652 4093 1765 4146 ἀλλ’

186 4182 284 4255 ίδίᾳ
311 4184 620 4256 διαστήσας
648 4185 906 4256 ἑκάτερον
933 4184 1132 4248 αὐτῶν,
1163 4185 1343 4256 ἐρωτᾷ
1368 4184 1468 4237 ποῦ
1514 4183 1768 4238 θεάσαιτο

183 4274 340 4347 αὐτὴν
375 4276 744 4348 μοιχωμένην.
783 4277 872 4339 Ὡς
895 4276 1002 4328 δὲὸ
1028 4277 1125 4346 μὲν
1156 4275 1262 4328 ὐπὸ
1291 4277 1480 4346 πρῖνον
1509 4274 1765 4344 ἔφασκεν,

1865 3082 2138 3135 interdum
2170 3098 2234 3136 ex
2266 3082 2619 3150 inspiratione
2662 3082 2900 3138 locutum
2935 3098 3079 3148 esse,
3112 3093 3169 3137 ut
3197 3099 3319 3138 cum
3351 3099 3438 3138 se-

1865 3175 2047 3228 niores
2073 3175 2440 3244 reprehendit,
2476 3175 2746 3230 interdum
2777 3183 2898 3245 post
2929 3175 3213 3235 insomnia,
3245 3183 3304 3228 ut
3326 3183 3442 3229 tute

1866 3265 1967 3330 ais,
1995 3266 2078 3320 vel
2110 3265 2377 3334 visiones;
2407 3266 2536 3322 alias
2565 3283 2697 3323 vero
2748 3266 2923 3337 angeli
2965 3265 3358 3338 apparitionem
3392 3265 3442 3320 ei

1868 3357 2144 3428 obtigisse.

1939 3527 2028 3581 Η.
2054 3527 2192 3582 Alite
2219 3538 2321 3582 tua:
2349 3525 2714 3584 dubitationes
2742 3529 3077 3583 indecentius
3109 3545 3138 3582 a
3167 3537 3217 3582 te
3249 3539 3442 3596 propo-

1868 3621 1986 3675 sitae
2017 3621 2144 3674 mihi
2175 3620 2304 3675 visa:
2335 3630 2483 3684 sunt,
2513 3637 2611 3674 nec
2656 3622 2786 3674 satis
2827 3635 3018 3690 sapere
3047 3634 3166 3672 eam
3217 3633 3336 3687 qua:
3386 3627 3440 3673 te

1869 3713 2044 3778 decet,
2073 3715 2350 3781 pietatem.
2398 3712 2579 3767 Satius
2623 3711 2785 3765 fuerit
2820 3712 2964 3781 quod
3006 3727 3033 3764 a
3077 3720 3128 3763 te
3175 3709 3440 3779 scriptum

1869 3813 1971 3869 est,
2003 3805 2191 3859 iisdem
2223 3803 2404 3860 verbis
2439 3819 2710 3873 apponere
2753 3820 2767 3857 :
2809 3821 2828 3854 ι
2870 3802 3076 3858 Deinde
3099 3797 3208 3874 24
3235 3814 3443 3871 postea~

1869 3911 2028 3963 quam
2066 3894 2386 3948 mirabiliter
2417 3895 2496 3949 sic
2537 3894 2906 3958 exclamavit,
2957 3894 3179 3948 insolito
3211 3908 3444 3964 prorsus

1870 3985 1990 4040 illos
2033 3983 2306 4054 redarguit
2333 3985 2516 4049 modo,
2547 3999 2653 4052 quo
2684 3999 2750 4040 ne
2772 3982 3056 4040 Philistion
3090 3985 3309 4054 quidem
3342 3986 3440 4038 ml-

1870 4091 1990 4131 mus
2021 4084 2287 4131 uteretur.
2319 4076 2501 4146 Neque
2530 4077 2672 4131 enim
2706 4078 2841 4131 satis
2869 4079 2917 4132 ei
2949 4075 3052 4131 fuit
3086 4073 3302 4129 alllante
3321 4075 3434 4143 Spi-

1870 4165 1978 4219 ritu
2006 4165 2126 4220 illos
2153 4164 2498 4233 objurgassc,
2529 4166 2624 4220 sed
2659 4175 2952 4236 utrumque
2983 4165 3218 4245 alterum
3253 4163 3321 4216 ab
3364 4163 3446 4215 al-

1873 4267 1987 4313 tero
2012 4259 2340 4327 disiunctum
2365 4274 2608 4313 seorsum
2644 4258 2941 4326 interrogat
2979 4257 3198 4310 ubinam
3248 4254 3446 4308 viderit

184 4367 530 4440 ἀποκρίνεται
557 4371 801 4438 πρίσειν
832 4368 993 4422 αὐτὸν
1019 4368 1107 4421 τὸν
1150 4367 1397 4437 ἄγγελον·
1430 4366 1507 4439 τῷ
1553 4367 1610 4420 δὲ
1659 4365 1759 4418 ὑπὸ

1871 4364 1990 4404 eam
2026 4351 2412 4405 mmchantem.
2453 4349 2698 4415 Cumque
2740 4347 2876 4400 alter
2905 4347 3005 4401 sub
3045 4346 3221 4418 πρίνῳ
3275 4346 3445 4414 (ilice)

186 4462 355 4528 σχῖνον
375 4461 649 4534 εἰρηκότι,
675 4461 1006 4531 σχισθῆναι
1033 4458 1425 4531 παραπλησίως
1459 4457 1690 4513 ἀπειλεῖ.
1740 4477 1758 4509 ι

185 4549 318 4624 Ὥρα
345 4553 454 4625 γὰρ
475 4554 849 4626 παραϐάλλειν
874 4554 999 4609 ἄλλο
1022 4552 1196 4624 τούτῳ
1220 4552 1597 4624 παραπλήσιον
1622 4556 1766 4624 είρη-

189 4644 339 4713 μένον
369 4649 426 4700 ἐν
465 4651 534 4720 τῇ
565 4647 724 4719 τρίτῃ
750 4647 858 4699 τῶν
888 4644 1252 4711 Βασιλειῶν,
1293 4645 1430 4714 ὅπερ
1470 4644 1564 4700 καὶ
1603 4642 1764 4706 αὐτὸς

186 4733 535 4808 ὁμολογήσεις
585 4735 752 4806 ὑγιῶς
792 4733 1243 4806 ἀναγεγράφθαι,
1296 4732 1374 4804 τῷ
1425 4731 1766 4794 Φιλιστίωνος

189 4828 353 4900 μίμῳ.
385 4831 540 4903 Ἔχει
565 4831 624 4884 δέ
651 4830 822 4892 οὕτως
854 4832 888 4899 ή
923 4827 1033 4882 ἀπὸ
1074 4828 1183 4881 τῶν
1219 4824 1555 4881 Βασιλειῶν
1585 4823 1730 4889 λέξις
1749 4841 1762 4854 ·

195 4937 213 4969 ι
245 4920 372 4974 Τότε
403 4922 669 4994 ὤφθησαν
693 4922 786 4975 δύο
815 4923 1072 4990 γυναῖκες
1104 4919 1302 4991 πόρναι
1329 4916 1406 4988 τῷ
1425 4915 1652 4987 βασιλεῖ,
1679 4914 1774 4969 καὶ

189 5008 416 5084 ἔστησαν
447 5014 680 5068 ἐνώπιον
713 5013 900 5070 αὐτοῦ.
931 5013 1044 5067 Καὶ
1071 5007 1224 5064 εἶπεν
1267 5012 1301 5080 ἡ
1335 5008 1473 5080 γυνὴ
1510 5008 1628 5078 μία·
1687 5007 1774 5060 Ἐν

191 5103 330 5173 ἐμοὶ,
373 5105 536 5177 κύριέ
567 5121 690 5178 μου.
734 5104 874 5174 Ἐγὼ
901 5106 995 5158 καὶ
1027 5105 1060 5174 ἡ
1093 5101 1228 5173 γυνὴ
1262 5099 1401 5168 αὐτη
1436 5098 1692 5168 οἰκοῦμεν
1719 5099 1776 5150 ἐν

189 5195 315 5266 οἴκῳ
346 5200 447 5263 ἐνὶ,
479 5200 577 5253 καὶ
619 5197 878 5268 ἐτέκομεν
904 5198 961 5250 ἐν
1000 5193 1076 5266 τῷ
1115 5195 1267 5262 οἴκῳ.
1300 5193 1410 5245 Καὶ
1451 5189 1680 5260 ἐγενήθη
1719 5189 1776 5240 ἐν

191 5288 251 5359 τῇ
275 5291 456 5362 ἡμέρᾳ
499 5294 574 5362 τῇ
607 5290 762 5360 τρίτῃ
801 5287 1064 5357 τεκούσης
1094 5303 1192 5357 μου
1213 5325 1226 5349 ,
1265 5283 1360 5338 καὶ
1409 5282 1561 5334 ἔτεκε
1608 5282 1700 5334 καὶ
1731 5282 1764 5350 ἡ

193 5380 321 5451 γυνὴ
351 5381 514 5453 αὐτη.
548 5381 656 5435 Καὶ
683 5382 842 5452 ἡμεῖς
868 5378 1008 5432 κατά
1033 5378 1094 5431 τὸ
1125 5376 1275 5431 αὐτό.
1308 5375 1421 5428 Οὐκ
1458 5373 1602 5425 ἐστιν
1647 5371 1769 5425 οὐδὲ

226 5473 268 5508 ³⁸
303 5475 438 5532 ϐου.
491 5491 670 5543 xxxu,
722 5475 814 5531 25.
888 5473 932 5504 ³·
983 5471 1118 5528 Gen.
1149 5487 1294 5536 xux,
1339 5470 1396 5535 1,
1430 5483 1590 5533 seqq.

262 5573 372 5647 (75)
415 5573 839 5647 Wetsthenius,
873 5567 1226 5640 λιλαληκέναι
1275 5566 1353 5630 ὡς
1397 5564 1526 5628 τόν,
1571 5561 1667 5617 sed
1717 5560 1769 5616 in

197 5655 323 5698 mss.
348 5643 504 5700 deest
539 5643 634 5712 ὡς.
976 5705 1046 5712 __,
1229 5708 1240 5712 _
1501 5701 1514 5712 .
1724 5701 1734 5712 .

111 5712 122 5724 '
261 5714 371 5785 (76)
405 5701 774 5777 Mard,'deest
795 5712 936 5781 apud
976 5705 1374 5776 Wetstenium,
1422 5701 1518 5761 sed
1557 5701 1769 5770 reperi-

510 5811 779 5872 Pu‘nox.
825 5807 943 5873 Gn.
990 5806 1100 5870 Xl.

1873 4443 2097 4507 diceret;
2130 4442 2422 4512 respondet
2442 4439 2657 4511 πρίσειν
2688 4440 2856 4508 (sectu
2867 4439 3005 4510 rum)
3027 4454 3150 4494 eum
3173 4438 3442 4509 angelum;

1872 4535 2027 4588 alteri
2067 4548 2194 4588 vero
2239 4532 2340 4587 sub
2386 4531 2551 4602 σχίνῳ
2597 4529 2870 4600 (lentisco)
2908 4531 3139 4594 dicenti,
3197 4529 3449 4585 similiter

1872 4625 2155 4680 minitatur
2178 4641 2306 4680 eum
2342 4622 2642 4696 σχισθῆναι,
2680 4624 2727 4677 id
2752 4632 2836 4677 est
2859 4623 3090 4678 scissum
3117 4622 3199 4676 iri.
3235 4641 3254 4674 ι
3284 4621 3445 4676 Tem-

1874 4735 1974 4789 pus
2006 4728 2090 4774 est
2125 4729 2182 4774 ut
2222 4719 2382 4773 etiam
2421 4734 2544 4795 cum
2588 4715 2922 4770 Philistionis
2947 4715 3114 4769 miino
3157 4703 3445 4783 compares

1874 4814 2018 4869 aliud
2054 4823 2160 4867 nan
2189 4810 2436 4865 absimile
2467 4824 2497 4864 e
2537 4809 2674 4863 libro
2706 4807 2870 4862 tertio
2905 4806 3212 4877 Regnorum
3242 4846 3256 4873 ,
3303 4806 3447 4874 quod

1874 4918 2052 4962 tamen
2080 4914 2134 4959 et
2160 4906 2271 4971 ipse
2299 4901 2556 4956 fateberis
2586 4910 2730 4955 recte
2760 4899 2930 4953 fuisse
2959 4897 3172 4965 litteris
3214 4896 3442 4950 manda-

1875 5007 2006 5053 tum.
2039 4995 2116 5048 En
2149 4995 2311 5047 verba
2347 5010 2360 5046 :
2393 5007 2412 5044 ι
2449 4990 2601 5044 Tunc
2634 4996 3005 5057 apparuerunt
3033 4988 3152 5042 dine
3185 4985 3448 5039 mulieres

1874 5087 2193 5144 meretrices
2231 5084 2362 5156 regi,
2396 5093 2451 5137 et
2479 5089 2749 5137 steterunt
2787 5094 2970 5133 coram
3017 5078 3154 5148 ipso.
3200 5075 3270 5130 Et
3311 5075 3449 5130 dixit

1874 5181 2071 5236 mulier
2102 5195 2207 5234 una
2239 5196 2255 5234 :
2291 5177 2346 5231 In
2374 5192 2480 5240 me,
2505 5175 2725 5229 domine
2761 5173 2856 5227 mi.
2887 5171 2997 5240 Ego
3027 5181 3078 5225 et
3105 5169 3301 5225 mulier
3331 5169 3448 5223 hmc

1876 5272 2258 5328 habitabamus
2284 5270 2335 5322 in
2365 5268 2523 5322 domo
2549 5282 2650 5320 una
2681 5307 2696 5331 ,
2730 5274 2786 5319 et
2830 5263 3142 5333 peperimus
3177 5259 3344 5317 domi.
3382 5257 3450 5312 Et

1877 5366 2081 5423 factum
2116 5373 2196 5420 est
2228 5361 2387 5418 tertia
2417 5361 2505 5416 die
2537 5368 2825 5430 postquam
2848 5370 2948 5426 ego
2975 5353 3188 5427 peperi,
3233 5351 3449 5422 peperit

1882 5567 1972 5613 tur
2002 5553 2055 5607 in
2085 5547 2273 5605 codice
2305 5545 2473 5615 regio.
2503 5542 2649 5615 Infra
2690 5539 3026 5615 Wetstenius
3050 5579 3065 5603 ,
3105 5531 3216 5614 οὐδ’
3250 5527 3448 5615 diem}:

1879 5609 2160 5684 λιστίωνος
2212 5609 2425 5688 μῖμοί,
2480 5614 2576 5670 sed
2625 5615 2794 5668 codex
2854 5609 2985 5678 Reg.
3033 5616 3092 5660 ut.
3144 5609 3197 5656 in
3259 5609 3450 5656 nostro

1883 5708 2056 5756 textu.

3065 5765 3105 5827 3
