3952 6144
462 279 533 339 75
974 250 977 257 ’
1466 277 1788 336 ORIGENIS
1818 277 2155 335 EPIS'I‘OLA
2191 279 2281 334 At)
2319 277 2718 336 AFRICANUM
3640 288 3703 343 τε

467 410 522 459 et
563 402 677 456 haec
711 398 925 456 mulier.
954 396 1025 453 Et
1058 412 1155 453 nos
1193 396 1370 452 simul.
1423 396 1592 452 Nemo
1625 410 1743 453 erat
1781 400 1833 451 in
1879 400 2037 452 domo

2152 392 2222 459 εἷς
2254 399 2309 449 ἐν
2343 396 2420 466 τῷ
2445 398 2577 466 οἴκῳ
2610 397 2764 467 ἡμῶν
2794 398 2965 469 παρὲξ
2992 398 3315 469 ἀμφοτέρων
3366 399 3518 471 ἡμῶν
3555 404 3610 455 ἐν
3642 405 3712 475 τῷ

467 502 651 549 nostra
682 502 877 562 praeter
906 506 1003 546 nos
1035 491 1241 545 ambas.
1277 488 1344 543 Et
1376 500 1618 545 mortuus
1650 499 1730 544 est
1761 490 1900 544 ﬁlius
1926 506 2042 543 mu-

468 579 618 636 lieris
650 580 807 647 hujus
839 588 1019 641 noctu,
1049 577 1304 645 quoniam
1334 579 1589 632 dormivit
1618 594 1783 649 super
1802 595 1947 634 cum.
1978 579 2042 633 Et

470 672 713 728 surrexit
745 671 916 723 media
954 677 1132 734 nocte,
1166 677 1222 721 et
1262 669 1493 739 sumpsit
1533 670 1701 724 ﬁlium
1745 685 1924 724 meum
1974 685 2040 724 ex

471 763 615 817 ulnis
646 760 801 816 meis.
830 758 893 812 Et
915 773 1014 826 ego
1046 758 1241 813 ancilla
1271 768 1356 812 tua
1387 758 1747 813 dormieham.
1774 759 1837 812 Et
1868 769 2045 812 trans-

472 853 596 907 tulit
630 866 752 906 eum
787 851 840 905 iu
865 850 1044 905 sinum
1072 865 1253 916 suum,
1292 860 1347 903 et
1379 848 1552 902 ﬁlium
1582 866 1738 904 suum
1768 860 2041 904 mortuum

469 944 752 1001 transtulit
778 943 831 995 in
861 941 1042 996 sinum
1070 955 1272 995 meum.
1303 942 1368 995 Et
1397 943 1608 997 surrexi
1642 957 1804 997 mane
1827 984 1841 1006 ,
1876 950 1934 995 ut
1961 942 2044 995 la-

470 1040 672 1084 ctarem
707 1029 878 1083 ﬁlium
904 1040 1084 1083 meum
1118 1047 1133 1084 :
1167 1038 1221 1084 et
1256 1029 1344 1084 ille
1374 1039 1493 1084 erat
1522 1038 1789 1085 mortuus.
1823 1030 1888 1084 Et
1918 1047 2045 1086 ecce

468 1121 809 1176 consideravi
858 1135 980 1174 eum
1034 1134 1193 1174 mane
1246 1140 1258 1175 :
1307 1133 1363 1176 et
1410 1136 1539 1176 ecce
1580 1137 1687 1176 non
1730 1133 1848 1177 erat
1903 1124 2047 1178 lilius

468 1226 645 1274 meus,
669 1225 831 1280 quem
856 1225 1191 1279 pepereram.
1210 1209 1277 1264 Et
1296 1212 1644 1283 dixitmulier
1664 1213 1831 1267 altera
1861 1233 1874 1267 :
1906 1213 2042 1279 Non;

470 1302 566 1356 sed
599 1300 739 1354 ﬁlius
784 1309 908 1353 tuus
937 1310 1023 1354 est
1060 1309 1327 1365 mortuus;
1362 1302 1504 1355 ﬁlius
1558 1311 1741 1356 autem
1780 1320 1932 1359 meus
1963 1315 2046 1359 est

470 1392 562 1459 qui
593 1392 749 1445 vivit.
780 1391 961 1446 Altera
993 1393 1269 1462 vero3ipsa
1298 1409 1513 1462 quoque
1539 1395 1675 1448 dixit
1701 1411 1715 1447 :
1749 1393 1865 1449 Non
1893 1412 1908 1460 ;
1952 1399 2043 1451 sed

471 1483 616 1537 ﬁlius
645 1498 799 1537 meus
828 1492 912 1537 est
938 1483 1031 1551 qui
1062 1482 1216 1549 vivit,
1257 1484 1398 1540 ﬁlius
1422 1495 1603 1539 autem
1632 1494 1753 1541 tuus
1797 1497 2045 1541 mortuus

470 1582 574 1628 est.
602 1573 669 1627 Et
701 1573 891 1628 locutae
912 1584 1037 1628 sunt
1060 1590 1243 1629 coram
1273 1591 1416 1647 rege,
1450 1586 1503 1630 et
1525 1577 1776 1646 dixit§rex
1806 1578 1887 1635 eis
1918 1596 1932 1631 :
1963 1579 2042 1632 Tu

471 1667 608 1721 dicis
642 1683 656 1718 :
690 1666 789 1720 llic
815 1675 897 1720 est
931 1666 1074 1720 ﬁlius
1104 1682 1257 1722 meus
1279 1668 1371 1735 qui
1407 1668 1560 1733 vivit,
1597 1679 1652 1723 et
1695 1669 1836 1723 ﬁlius
1888 1670 2044 1725 istius

2144 487 2296 557 οἴκῳ.
2322 488 2432 540 Kal.
2467 487 2737 540 ἀπέθανεν
2761 490 2789 540 6
2820 489 2934 551 υἱὸς
2960 489 3059 557 τῆς
3099 488 3356 557 γυναικὸς
3386 490 3583 562 ταῦτης
3625 493 3713 564 τὴν

2144 579 2332 641 νύκτα,
2362 579 2436 641 ὡς
2464 580 2804 651 ὲπεκοιμήοη
2833 580 2919 633 ἐπ’
2948 582 3127 635 αὐτόν.
3170 583 3282 635 Καὶ
3317 582 3531 652 ἀνέστη·
3555 584 3715 655 μέσης

2143 668 2244 739 τῆς
2273 670 2487 732 νυκτός·
2522 671 2616 723 καὶ
2642 669 2801 722 ἔλαϐε
2834 669 2923 722 τὸν
2953 671 3068 724 υἱόν
3092 688 3193 741 μου
3220 672 3284 723 ἐκ
3326 671 3432 724 τῶν
3473 673 3715 741 ἀγκαλῶν

2148 777 2268 831 μου·
2297 761 2391 815 καὶ
2417 764 2449 832 ἡ
2474 761 2633 833 δούλη
2668 780 2760 815 σου
2796 762 3011 817 ὕπνουν.
3040 765 3148 815 Kal
3182 765 3457 834 ἐκοίμισεν
3492 767 3645 817 αὐτὸν
3667 769 3718 820 ὲν

2145 851 2222 922 τῷ
2257 852 2440 923 κόλπῳ
2475 854 2666 923 αὐτῆς,
2709 854 2918 907 καὶτὸν
2960 856 3073 908 υἱὸν
3121 856 3288 924 αὐτῆς
3338 855 3427 907 τὸν
3459 855 3719 910 τεθνεῶτα

2147 943 2422 1013 ἐκοίμισεν
2472 947 2529 996 ἐν
2567 942 2866 1015 τῷ⁹κόλπῳ”
2899 963 3017 1015 μου.
3061 947 3171 997 Kal
3216 945 3443 1017 ἀνέστην
3484 947 3544 999 τὸ
3585 947 3719 1019 πρωῒ

2148 1032 2376 1103 Οηλάσαι
2423 1034 2512 1087 τὸν
2558 1035 2670 1087 υἱόν
2712 1054 2843 1106 μου’
2882 1037 3135 1099 κάκεῖνος
3175 1032 3243 1107 ἦν
3283 1036 3576 1106 τεθνηκώς.
3617 1040 3721 1092 Kal

2151 1125 2257 1177 ἰδοὺ
2281 1127 2585 1197 κατενόησα
2614 1128 2778 1180 αὐτὸν
2806 1127 2868 1180 τὸ
2895 1129 3058 1198 πρωΐ,
3088 1130 3181 1181 καὶ
3213 1128 3322 1180 ἰδοὺ
3349 1131 3449 1181 οὐκ
3474 1126 3539 1199 ἦν
3562 1132 3589 1182 6
3618 1129 3720 1191 υἱός

2152 1233 2249 1286 μου
2280 1216 2338 1271 ὃν
2361 1216 2564 1271 ἔτεκον.
2591 1218 2701 1270 Kal
2732 1214 2883 1271 εἶπεν
2906 1219 2939 1287 ἡ
2964 1219 3098 1288 γυνὴ
3125 1222 3156 1289 ἡ
3199 1220 3382 1290 ἐτέραο
3422 1220 3573 1290 Οὑχί’
3616 1220 3721 1273 ἀλλ’

2147 1309 2315 1371 ὁύἱός
2348 1326 2441 1361 σου
2472 1311 2622 1363 ἐστὶν
2648 1313 2676 1363 ό
2697 1312 2907 1382 νεκρὸς,
2935 1314 2962 1364 6
2994 1313 3106 1375 υἱὸς
3136 1312 3191 1365 δὲ
3222 1315 3249 1365 6
3279 1313 3410 1382 ἐμὸς
3444 1316 3471 1366 6
3503 1313 3626 1378 ζῶν.
3664 1315 3722 1366 Ἠ

2146 1399 2201 1451 δὲ
2232 1399 2387 1470 ,ἄλλη
2416 1403 2509 1453 καὶ
2559 1403 2696 1473 αὑτὴ
2746 1402 2948 1472 ἔλεγεν·
2988 1405 3140 1477 Οὐχ“ι,
3186 1404 3299 1457 ἀλλ’
3335 1405 3363 1455 6
3419 1406 3531 1468 υἱός
3573 1401 3666 1476 μου
3695 1408 3722 1458 ὁ

2147 1486 2272 1551 ζῶψ
2302 1490 2330 1541 ὁ
2360 1489 2415 1542 δὲ
2452 1490 2563 1553 υἱός
2588 1508 2679 1544 σου
2705 1493 2733 1544 6
2754 1491 3049 1563 τεθνηκώς.
3075 1495 3183 1546 Kal
3208 1493 3479 1564 ἐλάλησαν
3504 1494 3722 1547 ἐνώπιον

2146 1577 2238 1629 τοῦ
2259 1576 2544 1646 βασιλέως,
2569 1580 2663 1631 καὶ
2691 1575 2844 1631 εἶπεν
2864 1582 2892 1632 6
2919 1580 3170 1648 βασιλεὺς
3195 1582 3407 1645 αὑταῖς·
3433 1583 3505 1634 Σὺ
3531 1582 3717 1651 λέγεις·

2150 1662 2317 1731 Οὗτός
2349 1686 2448 1739 μου
2480 1671 2508 1722 6
2544 1661 2657 1732 υίὸς
2687 1672 2714 1722 6
2738 1670 2866 1735 ζῶν,
2910 1671 3003 1725 καὶ
3035 1672 3062 1723 6
3095 1672 3207 1735 υἱὸς
3232 1672 3435 1742 ταύτης
3478 1676 3505 1726 6
3546 1675 3724 1745 τεθνη-

462 1766 553 1811 est
588 1765 856 1810 mortuus.
887 1754 953 1809 Et
992 1764 1045 1809 tu
1077 1756 1213 1810 dicis
1242 1772 1258 1806 :
1292 1756 1433 1821 Non,
1460 1757 1554 1810 sed
1587 1755 1731 1811 ﬁlius
1767 1773 1917 1812 meus
1960 1769 2045 1812 est

2152 1735 2422 1825 κὼς-..Καὶ
2458 1762 2521 1813 σὺ
2555 1762 2753 1829 λέγεις’
2784 1764 2939 1833 Οὐχὶ,
2975 1763 3090 1816 ἁλλ’
3121 1767 3148 1816 6
3180 1766 3293 1828 υἱός
3334 1735 3439 1835 μου
3482 1768 3511 1818 6
3545 1764 3663 1830 ζῶν·
3688 1735 3724 1819 ¹ὁ

456 1848 564 1918 qui
604 1849 760 1913 vivit,
796 1847 940 1902 ﬁlius
978 1855 1159 1901 autem
1209 1857 1336 1903 tuus
1369 1857 1615 1902 mortuus
1650 1857 1754 1903 est.
1794 1849 1860 1903 Et
1905 1850 2043 1904 dixit

2152 1851 2204 1904 δὲ
2238 1852 2353 1915 υἱός
2381 1869 2475 1904 σου
2499 1855 2527 1906 6
2558 1852 2854 1924 τεθνηκώς.
2884 1855 2995 1908 Kal.
3027 1850 3179 1908 εἶπεν
3225 1858 3253 1908 ὁ
3305 1855 3579 1925 βασιλεύς⁸
3627 1857 3726 1909 Λά-

460 1956 564 1995 rex
597 1958 611 1994 :
646 1941 887 2009 Accipite
913 1940 1043 1993 mihi
1091 1940 1349 2008 gladium.
1387 1938 1454 1994 Et
1480 1932 1779 1995 attulerunt
1804 1941 2039 2012 gladium

2152 1941 2270 1994 ϐετέ
2301 1960 2389 2012 μοι
2423 1944 2717 2015 μάχαιραν.
2750 1945 2861 1998 Kal.
2891 1947 3268 2017 προσήνεγκαν
3312 1946 3413 2018 τὴν
3464 1947 3727 2018 μάχαιραν

466 2048 653 2088 coram
686 2048 833 2101 rege.
864 2032 930 2086 Et
966 2032 1103 2086 dixit
1128 2047 1218 2086 rex
1252 2050 1263 2085 :
1300 2031 1530 2088 Dividite
1570 2033 1827 2088 infantem
1861 2035 2040 2088 vivum

2152 2032 2374 2087 ἐνώπιον
2405 2033 2499 2086 τοῦ
2522 2035 2806 2105 βασιλέως.
2836 2038 2944 2090 Kal
2978 2036 3130 2090 εἶπεν
3154 2040 3182 2091 6
3213 2038 3493 2108 βασιλεύςο
3525 2040 3726 2093 Διέλετε

468 2128 523 2181 in
555 2127 690 2180 duas
716 2132 921 2193 partes,
947 2134 999 2179 et
1031 2125 1154 2178 date
1193 2124 1476 2178 dimidium
1505 2125 1624 2194 ejus
1659 2126 1788 2180 huic
1814 2165 1828 2189 ,
1870 2134 1925 2179 et
1964 2127 2044 2179 di-

466 2216 695 2271 midium
725 2214 841 2284 ejus
876 2214 972 2269 illi.
1012 2215 1077 2268 Et
1104 2216 1387 2284 respondit
1410 2218 1522 2286 regi
1559 2217 1773 2283 mulier,
1800 2217 1956 2284 cujus
1985 2217 2045 2270 ﬁ.

457 2306 577 2383 “lius
604 2315 723 2360 erat
751 2307 906 2360 vivus
936 2304 1227 2375 (commota
1260 2316 1388 2360 sunt
1415 2307 1559 2361 enim
1598 2309 1809 2363 viscera
1835 2308 1953 2377 ejus
1988 2310 2040 2361 in

471 2399 603 2466 ﬁlio)
630 2398 916 2467 dixitque:
950 2396 1006 2451 lu
1038 2412 1124 2451 me
1150 2438 1164 2462 ,
1206 2398 1425 2453 domine
1469 2411 1486 2451 :
1519 2399 1643 2454 date
1689 2400 1737 2453 ei
1777 2400 2040 2455 infantem

457 2492 675 2556 vivum,
704 2500 758 2544 et
784 2490 949 2545 nolite
977 2492 1283 2545 interﬁcere
1312 2490 1483 2545 illum.
1513 2491 1661 2545 Dixit
1692 2493 1861 2546 altera
1891 2513 1902 2546 :
1931 2493 2042 2549 Nec

470 2582 631 2651 mihi,
657 2596 759 2637 nec
791 2582 874 2636 isti
895 2582 986 2647 sit;
1009 2582 1251 2635 dividite.
1275 2582 1337 2634 Et
1368 2583 1646 2653 respondit
1672 2598 1765 2637 rex
1787 2594 1840 2638 et
1863 2586 1997 2639 dixit
2028 2605 2041 2639 :

469 2674 606 2730 Date
638 2673 899 2729 infantem
927 2673 975 2727 ei
1008 2688 1129 2743 qua:
1154 2674 1290 2728 dixit
1318 2674 1495 2727 :‘Date
1530 2674 1602 2727 illi
1638 2688 1761 2729 eum
1789 2687 1843 2730 et
1876 2677 2042 2731 nolite

468 2783 593 2822 eum
621 2766 956 2822 interﬁcere.
992 2765 1118 2821 Haec
1140 2766 1282 2821 enim
1313 2777 1486 2822 mater
1510 2767 1625 2833 ejus
1652 2777 1754 2822 est.
1787 2768 1853 2822 Et
1886 2771 2040 2823 audi-

466 2862 549 2913 vit
572 2859 750 2913 omnis
780 2857 947 2912 Israel
972 2858 1234 2927 judicium
1266 2858 1412 2927 quod
1442 2859 1710 2926 judicavit
1739 2875 1854 2925 rex,
1888 2869 1943 2915 et
1974 2862 2044 2914 ti-

469 2957 727 3003 muerunt
755 2963 785 3001 a
818 2947 955 3002 facie
997 2947 1140 3017 regis
1168 2985 1183 3011 ,
1230 2948 1358 3015 quia
1401 2948 1656 3002 viderunt
1695 2953 2042 3017 prudentiam

475 3040 572 3095 Dei
602 3053 722 3095 esse
748 3040 803 3092 in
835 3054 903 3094 eo
933 3039 999 3093 ad
1036 3038 1636 3134 faciendum—judicium
1679 3041 1746 3095 ³³.
1792 3060 1811 3093 ι
1858 3041 2044 3096 Ειιίιιι-
2071 3072 2119 3134 c

475 3145 609 3185 vero
631 3130 676 3184 si
712 3129 901 3183 liceret
927 3127 993 3182 de
1019 3128 1084 3182 iis
1115 3140 1234 3195 quae
1268 3126 1320 3179 in
1352 3125 1613 3181 Ecclesiis
1642 3128 1888 3183 feruntur
1919 3142 2046 3198 pro-

472 3221 736 3276 nuntiare
765 3217 1140 3282 cavillatorie,
1173 3215 1353 3284 potius
1396 3217 1624 3270 duarum
1673 3219 2045 3283 meretricum,

470 3327 637 3383 quam
672 3309 1003 3366 venerabilis
1035 3307 1302 3362 Susannae
1331 3307 1561 3362 historia
1586 3308 1693 3379 25
1714 3308 2047 3366 Philistionis

471 3405 644 3460 mimo
672 3403 1039 3473 comparanda
1075 3410 1241 3456 esset.
1270 3400 1334 3454 Et.
1365 3402 1820 3473 quemadmodum
1851 3403 1918 3456 ad
1954 3417 2049 3471 po-

461 3494 582 3566 puli
622 3494 1034 3564 persuasionem
1061 3506 1165 3546 non
1217 3490 1349 3546 satis
1380 3498 1499 3545 erat
1542 3499 1603 3545 ut
1642 3492 1848 3547 diceret
1888 3493 2048 3551 Salo-

466 3601 597 3642 mon
632 3604 647 3640 :
677 3602 696 3636 ι
734 3585 868 3639 Date
904 3584 1032 3638 huic
1072 3584 1336 3638 infantem
1378 3584 1593 3648 vivum,
1629 3584 1744 3638 haec
1790 3583 1933 3638 enim
1966 3593 2050 3637 est

472 3687 651 3732 mater
677 3675 814 3745 ejus;
849 3695 868 3728 ι
903 3676 976 3730 ita
1014 3689 1118 3730 non
1142 3674 1444 3730 sufﬁciebat
1481 3674 1726 3730 seniores
1769 3689 1800 3728 a
1827 3673 2050 3729 Daniele

472 3768 768 3837 increpari,
799 3768 898 3821 nisi
930 3781 1025 3821 eos
1045 3781 1111 3821 ex
1137 3766 1361 3839 proprio
1391 3765 1633 3837 ipsorum
1664 3780 1761 3820 ore
1783 3765 2051 3821 convicis-

471 3870 579 3926 set,
609 3874 732 3916 cum
760 3858 922 3914 ambo
945 3858 1188 3914 dicerent
1215 3872 1273 3914 se
1294 3859 1395 3913 sub
1422 3856 1620 3912 arbore
1646 3857 1880 3927 quadarn
1906 3855 2050 3911 illam

471 3954 679 4009 vidisse
712 3966 836 4006 cum
866 3950 1068 4019 juvene
1107 3951 1430 4015 cubantem,
1483 3962 1832 4019 nequaquam
1868 3957 2049 4003 autem

476 4043 854 4101 consentirent
908 4056 1156 4112 quaenam
1201 4048 1345 4095 esset
1395 4041 1579 4095 arbor.
1616 4039 1697 4107 “Et
1747 4039 2047 4108 quoniam,

461 4137 701 4208 perinde
734 4150 797 4191 ac
835 4134 879 4191 si
904 4143 1243 4203 compertum
1277 4134 1531 4199 haberes,
1556 4131 1739 4187 dixisti
1773 4130 2050 4185 Dauielem

471 4247 542 4287 ex
570 4227 929 4299 inspiratione
952 4224 1517 4295 seuioresjudicasse,
1550 4222 1695 4278 forte
1719 4222 1938 4293 quidem
1967 4222 2049 4278 sic

472 4320 921 4384 convincentem,
957 4317 1098 4373 forte
1126 4325 1310 4370 autem
1345 4315 1528 4378 aliter,
1571 4315 1794 4369 attende
1835 4333 1849 4369 :
1887 4314 2046 4370 etiam

2144 2127 2207 2179 τὸ
2240 2119 2450 2181 παιδ’ίον
2479 2128 2540 2180 τὸ
2566 2128 2675 2192 ζῶν
2717 2131 2796 2191 εἰς
2829 2128 2955 2194 δύο,
2992 2130 3086 2182 καὶ
3112 2129 3229 2182 δότε
3258 2131 3318 2183 τὸ
3354 2132 3529 2202 ἥμισυ
3572 2130 3725 2185 αὐτοῦ

2148 2217 2340 2289 ταύτῃ,
2366 2218 2426 2271 τὸ
2449 2219 2619 2289 ἥμισυ
2649 2218 2811 2271 αὐτοῦ
2840 2219 3027 2291 ταύτῃ.
3054 2221 3164 2273 Kal
3210 2222 3485 2293 ἀπεκρίθη
3521 2227 3553 2294 ἡ
3602 2223 3727 2293 γυνὴ

2149 2304 2217 2379 ἦς
2237 2310 2265 2360 6
2304 2305 2517 2386 υἱὸςᾼῆν
2545 2311 2573 2360 6
2598 2309 2704 2373 ζῶν
2736 2309 2871 2380 πρὸς
2893 2311 2982 2363 τὸν
3009 2309 3253 2381 βασιλέα,
3279 2313 3362 2364 ὅτι
3394 2312 3668 2384 ἐταράχθη
3697 2315 3728 2382 ἡ

2153 2399 2334 2469 μήτρα
2367 2399 2537 2469 αὐτῆς
2563 2401 2621 2453 ἐν
2644 2399 2723 2470 τῷ
2750 2400 2851 2470 υἱῷ
2876 2400 3066 2471 αὐτῆς,
3099 2400 3192 2453 καὶ
3223 2397 3397 2454 εἶπεν·
3456 2403 3545 2457 Ἐν
3589 2404 3725 2472 ἐμοὶ,

2148 2489 2339 2558 Κύριε·
2370 2490 2488 2543 δότε
2514 2491 2650 2562 αὐτῇ
2676 2491 2738 2543 τὸ
2768 2491 2977 2544 παιδίον
3005 2492 3066 2543 τὸ
3107 2491 3235 2556 ζῶν,
3272 2493 3368 2545 καὶ
3409 2493 3626 2564 θανάτῳ
3660 2493 3727 2563 μὴ

2148 2576 2495 2650 θανατώσητε
2528 2580 2678 2632 αὐτό.
2706 2580 2819 2634 Καὶ
2846 2579 2980 2651 αὕτη
3018 2576 3158 2633 εἷπε⁹
3204 2583 3360 2651 Μήτε
3398 2584 3527 2654 ἐμοὶ
3549 2624 3564 2649 ,
3602 2585 3729 2654 μήτε

2147 2671 2282 2741 αὐτῇ
2326 2668 2486 2723 ἔσταν
2526 2670 2751 2724 διέλετε.
2785 2672 2895 2725 Kal
2930 2671 3200 2741 ἀπεκρίθη
3240 2675 3268 2725 6
3300 2671 3592 2742 βασιλεὺς,
3642 2673 3728 2727 καὶ

2138 2756 2286 2845 εἷπε·
2323 2760 2452 2814 Δότε
2483 2761 2542 2814 τὸ
2565 2762 2777 2815 παιδίον
2810 2765 2874 2832 τῇ
2908 2764 3154 2836 είπούση
3182 2764 3310 2815 Δότε
3352 2767 3497 2837 αὐτῇ
3538 2766 3723 2828 τοῦτο,

2146 2852 2243 2905 καὶ
2269 2851 2484 2921 θανάτῳ
2533 2851 2606 2922 μὴ
2641 2851 2988 2922 θανατώσητε
3028 2853 3176 2907 αὐτό·
3213 2853 3351 2924 αὕτη
3398 2857 3510 2929 γὰρ
3552 2858 3727 2928 μήτηρ

2149 2936 2332 2991 αὐτοῦ.
2366 2940 2477 2991 Kal.
2520 2940 2719 3008 ἤκουσε
2767 2941 2876 3001 πᾶς
2918 2940 3135 3011 Ἰσραὴλ
3165 2941 3225 2993 τὸ
3255 2944 3432 3012 κρῖμα
3470 2946 3499 2998 ὃ
3524 2946 3729 3016 ἔκρινεν

2147 3031 2176 3083 6
2214 3030 2485 3101 βασιλεὺς,
2519 3030 2614 3083 καὶ
2641 3029 2986 3102 ἐφοϐήθησαν
3014 3032 3122 3085 ἀπὸ
3146 3034 3440 3104 προσώπου
3466 3036 3560 3091 τοῦ
3592 3037 3732 3108 βασι-

2147 3121 2303 3188 λέως,
2331 3122 2412 3175 ὅτι
2441 3117 2600 3187 εἶδον,
2629 3123 2710 3174 ὅτι
2734 3123 2993 3194 φρόνησις
3012 3123 3146 3176 Θεοῦ
3175 3126 3232 3178 ἐν
3257 3127 3408 3198 αὐτῷ
3442 3129 3733 3182 τοῦ.ποιεῖν

2148 3214 2440 3285 δικαίωμα.
2480 3233 2501 3265 ι
2547 3213 2721 3287 Εἴπερ
2753 3213 2863 3285 γὰρ
2896 3214 2999 3287 χρὴ
3035 3216 3162 3287 περὶ
3190 3216 3296 3270 τῶν
3329 3220 3652 3292 φερομένων
3679 3221 3733 3272 ἐν

2148 3310 2265 3371 ταῖς
2307 3307 2652 3378 Ἐκκλησίαις
2678 3304 3072 3374 ἀποφαίνεσθαι
3099 3308 3498 3378 χλευαστικῶς,
3544 3311 3734 3383 μᾶλλον

2148 3400 2246 3472 τὴν
2288 3400 2416 3471 περὶ
2456 3398 2562 3453 τῶν
2588 3398 2680 3452 δύο
2719 3398 2949 3470 ἑταιρῶν
2995 3399 3235 3471 ἱστορίαν
3271 3400 3349 3472 τῷ
3390 3404 3733 3462 Φιλιστίωνος

2153 3492 2323 3564 μίμῳ,
2358 3491 2392 3563 ἦ
2440 3490 2537 3563 τὴν
2580 3492 2708 3562 περὶ
2746 3491 2843 3562 τῆς
2891 3492 3095 3563 σεμνῆς
3132 3492 3425 3565 Σωσάννης
3475 3497 3738 3568 ὁμοιῶσαι

2150 3583 2337 3654 ἐχρῆν.
2374 3582 2484 3635 Kal
2515 3581 2704 3652 ὥσπερ
2724 3580 2824 3634 οὐκ
2856 3581 3016 3652 ἤρκει
3047 3580 3183 3654 πρὸς
3206 3581 3378 3635 πειθὼ
3410 3584 3509 3638 τοῦ
3526 3585 3654 3638 λαοῦ
3683 3584 3739 3636 τὸ

2150 3676 2324 3728 εἰπεῖν
2355 3673 2693 3745 Σολομῶντα·
2734 3692 2753 3725 ‹
2782 3673 2912 3726 Δότε
2933 3673 3062 3745 τῇδε
3091 3674 3152 3726 τὸ
3187 3672 3295 3737 ζῶν
3332 3676 3577 3732 παιδίον·
3605 3677 3739 3747 αὕτη

2149 3764 2259 3835 γάρ
2294 3762 2441 3816 ἐστιν
2469 3763 2501 3832 ἡ
2532 3763 2714 3833 μήτηρ
2739 3759 2931 3813 αὐτοῦ’
2960 3778 2979 3811 ι
3013 3759 3186 3824 οὕτως
3214 3761 3315 3813 οὐκ
3337 3763 3507 3836 ἤρκει
3540 3766 3574 3837 ἡ
3611 3764 3738 3837 πρὸς

2149 3856 2276 3920 τοὺς
2313 3853 2715 3927 πρεσϐυτέρους
2740 3852 3031 3925 ἐπίπληξις
3060 3852 3151 3906 τοῦ
3196 3853 3420 3924 Δανιὴλ,
3464 3857 3543 3928 μὴ
3578 3873 3741 3929 προσ-

2153 3944 2713 4018 παραλαμὸανομένου
2760 3942 2854 3996 τοῦ
2897 3945 2963 3997 ἐκ
3027 3942 3291 4014 στόματος
3339 3945 3530 4001 αὐτῶν
3594 3946 3738 4015 ἐλέγ-

2150 4054 2267 4110 χου·
2312 4036 2572 4091 εἰπόντων
2614 4036 2711 4106 μὲν
2745 4035 2851 4088 ὑπό
2878 4053 2931 4087 τι
2960 4032 3176 4105 δένδρον
3213 4034 3384 4107 αὐτὴν
3431 4038 3740 4111 ἑωρακέναι

2151 4130 2500 4202 κοιμωμένην
2531 4128 2670 4200 μετά
2709 4128 2803 4182 τοῦ
2836 4126 3142 4190 νεανίσκου,
3181 4127 3255 4199 μὴ
3289 4129 3397 4201 μὴν
3443 4148 3739 4203 συμφωνη-

2152 4224 2362 4278 σάντων
2396 4223 2523 4293 περὶ
2550 4222 2642 4276 τοῦ
2670 4222 2722 4276 τί
2750 4221 2965 4293 δένδρον
2993 4217 3082 4293 ἦν.
3113 4221 3222 4274 Kal
3246 4222 3486 4297 ἐπείπερ
3526 4225 3604 4290 ὡς
3642 4241 3740 4279 κα-

2148 4314 2396 4370 ταλαϐὼν
2422 4314 2660 4385 ἔφασκες
2687 4311 2746 4377 ἐξ
2771 4312 3058 4377 ἐπιπνοίας
3080 4312 3192 4382 (77)
3220 4312 3311 4366 τὸν
3332 4316 3540 4388 Δανιὴλ
3568 4333 3743 4388 κεκρι-

470 4415 591 4470 haec
621 4427 741 4483 quze
770 4429 800 4466 a
817 4410 1041 4466 Daniele
1063 4420 1217 4481 gesta
1239 4420 1388 4475 sunt,
1412 4407 1548 4462 mihi
1573 4407 1828 4462 videntur
1845 4407 2043 4462 similia

2152 4408 2306 4462 κέναι
2351 4406 2419 4460 τά
2456 4405 2586 4475 περὶ
2619 4404 2745 4468 τοὺς
2766 4405 3171 4476 πρεσὸυτέρους
3191 4443 3205 4468 ,
3248 4404 3393 4476 τάχα
3418 4409 3524 4478 μὲν
3575 4408 3743 4472 οὕτως

470 4505 681 4576 judicio
712 4503 1045 4569 Salomonis,
1068 4504 1136 4557 de
1159 4509 1517 4570 quotestatur
1536 4499 1819 4568 Scriptura
1847 4498 2048 4554 vidisse

476 4595 739 4666 populum
763 4594 1086 4665 sapientiam
1110 4591 1206 4645 Dei
1235 4592 1288 4645 in
1321 4591 1413 4644 illo
1444 4590 1609 4645 fuisse
1641 4591 1704 4645 ad
1738 4590 2047 4648 faciendum

471 4687 761 4757 judicium.
801 4685 913 4740 lloc
957 4682 1144 4751 utique
1194 4682 1261 4736 de
1306 4681 1529 4737 Daniele
1568 4682 1675 4736 dici
1700 4682 1892 4752 possit,
1922 4698 2046 4737 cum

473 4778 743 4849 sapientia
782 4776 1018 4845 polleret
1048 4774 1113 4828 ad
1157 4772 1467 4828 faciendum
1505 4772 1791 4842 judicium,
1828 4773 1898 4828 ab
1928 4775 2047 4844 ipso

470 4870 745 4938 iudicatos
777 4868 946 4922 fuisse
972 4866 1220 4922 seniores
1243 4878 1307 4917 eo
1336 4877 1445 4933 quo
1463 4863 1726 4932 scriptum
1751 4872 1837 4919 est
1865 4867 2042 4921 modo.

2156 4498 2467 4568 ἐλέγχοντα,
2501 4497 2641 4566 τάχα
2666 4496 2723 4549 δὲ
2751 4496 2974 4567 ἑτέρως,
3008 4496 3262 4568 πρόσχες’
3300 4497 3398 4551 καὶ
3427 4499 3606 4554 ταῦτα
3642 4518 3741 4554 πα-

2161 4590 2433 4663 ραπλήσια
2455 4589 2601 4642 δοκεῖ
2621 4604 2710 4658 μοι
2727 4583 2865 4642 εἶναι
2887 4586 2954 4641 τά
2978 4587 3118 4641 κατά
3137 4587 3228 4642 τὸν
3249 4589 3454 4661 Δανιὴλ
3472 4595 3543 4664 τῇ
3569 4593 3743 4664 κρίσει

2153 4680 2247 4734 τοῦ
2277 4679 2639 4761 Σολομιῖιντοςο
2668 4679 2800 4752 περὶ
2819 4672 2878 4732 οὗ
2901 4679 3221 4749 μαρτυρεῖή
3250 4679 3468 4752 Γραφὴ,
3494 4683 3580 4737 ὅτι
3608 4678 3744 4736 εἶδεν

2155 4774 2183 4826 6
2211 4773 2356 4837 λαὸς,
2384 4772 2466 4824 ὄτι
2495 4771 2757 4842 φρόνησις
2779 4768 2914 4822 Θεοῦ
2945 4770 3002 4822 ἐν
3028 4768 3177 4839 αὐτῷ
3204 4768 3295 4821 τοῦ
3321 4775 3507 4829 ποιεῖν
3531 4773 3745 4828 δικαίω-

2158 4884 2255 4937 μα.
2288 4863 2459 4918 Τοῦτο
2484 4863 2549 4918 ἂν
2582 4862 2796 4915 δύναιτο
2822 4860 3075 4928 λέγεσθαι
3100 4860 3193 4912 καὶ
3224 4860 3352 4932 περὶ
3380 4863 3482 4918 τοῦ
3522 4863 3740 4936 Δανιήλο

471 4968 554 5019 ὅτι
576 4964 894 5037 φρονήσεως
928 4960 1096 5032 οὔσης
1131 4963 1188 5014 ἐν
1230 4957 1377 5029 αὐτῷ
1415 4957 1508 5011 τοῦ
1546 4960 1717 5013 ποιεῖν
1734 4958 1843 5030 (78)
1859 4959 2152 5034 δικαίωμα,
2184 4959 2374 5031 ἐκρίθη
2405 4958 2472 5012 τά
2506 4955 2965 5027 ἀναγεγραμμένα
3008 4953 3135 5024 περὶ
3169 4953 3276 5006 τῶν
3318 4956 3744 5029 πρεσϐυτέρων.

547 5057 637 5111 12.
695 5056 811 5111 lloc
855 5056 1021 5110 etiam
1062 5069 1252 5122 parum
1301 5051 1472 5106 abfuit
1501 5051 1630 5120 quin
1675 5066 1762 5106 me
1807 5050 2051 5126 fqgeret,

472 5153 619 5223 quod
656 5161 835 5206 tamen
877 5164 1101 5205 necesse
1139 5158 1225 5203 est
1267 5158 1326 5202 ut
1368 5161 1637 5217 apponam
1670 5150 1740 5201 de
1768 5145 1890 5200 lusu
1924 5162 2047 5202 vcr-

472 5246 667 5299 horum
707 5241 1168 5314 πρῖνον-πρίσειν,
1204 5250 1259 5294 et
1297 5236 1745 5309 σχῖνον-σχίσειν;
1775 5251 1965 5306 nempe
1996 5239 2046 5290 in

2234 5053 2345 5107 Kal.
2392 5050 2548 5104 τοῦτο
2585 5049 2642 5102 δὲ
2690 5046 2885 5119 μικροῦ
2931 5046 3041 5100 δεῖν
3090 5044 3247 5100 ἔλαθέ
3294 5063 3386 5117 με,
3446 5050 3747 5118 ἀναγκαῖον

2158 5146 2525 5218 παρατεθῆναι
2580 5144 2708 5215 περὶ
2749 5141 2843 5195 τοῦ
2890 5139 3330 5213 πρῖνον-πρίσειν
3384 5141 3486 5194 καὶ
3538 5140 3750 5210 σχῖνον-

2158 5240 2389 5309 σχίσειν·
2439 5239 2520 5290 ὅτι
2554 5237 2649 5289 καὶ
2678 5237 2735 5287 ἐν
2769 5235 2890 5295 ταῖς
2924 5231 3221 5302 ἡμετέραις
3253 5229 3510 5301 Γραφαῖς
3544 5228 3751 5284 κεῖνταί

471 5339 677 5395 nostris
707 5339 1007 5408 Seripturis
1030 5335 1295 5405 quasdam
1319 5343 1539 5389 exstare
1565 5347 1662 5389 ceu
1690 5331 2045 5404 etymOIOgias

2155 5347 2299 5394 τινες
2363 5328 2529 5383 οἱονεὶ⁸
2586 5321 3068 5396 ἐτυμολογίαι(79)
3124 5320 3328 5382 αἵτινες
3409 5322 3575 5392 παρά
3648 5319 3746 5391 μὲν

540 5430 584 5463 ⁸³
620 5431 683 5486 Ill
716 5430 851 5498 Reg.
873 5445 952 5495 ut,
988 5429 1056 5484 l6
1085 5438 1141 5484 et
1185 5441 1337 5497 seqq.

545 5529 658 5602 (77)
716 5521 1055 5602 Wetstenius
1115 5525 1171 5578 in
1238 5530 1392 5578 textu
1443 5522 1723 5587 ἐπινοίας,
1788 5520 1883 5577 sed
1945 5517 2039 5573 alii

472 5597 647 5655 codd.
669 5612 799 5651 mss.
824 5597 1131 5657 ἐπιπνοίας.
1174 5616 1181 5623 ε

549 5669 663 5734 (78)
702 5665 1038 5724 Wetsteuius
1091 5667 1145 5720 itt
1182 5672 1330 5721 textu
1359 5661 1437 5735 τῷ
1465 5663 1657 5717 ποιεῖν.
1680 5660 1869 5716 'Paulo
1896 5668 2042 5729 pOSl,

480 5739 678 5809 μικροῦ
715 5741 844 5809 δεῖν,
881 5738 1039 5793 Ελαὸέ
1075 5752 1163 5808 με.

2226 5515 2337 5588 ('79)
2374 5508 2769 5588 ldem,_7rpiv03
2797 5504 3002 5588 πρίαιν,
3028 5502 3122 5586 καὶ
3162 5500 3349 5588 σχῖνον
3370 5496 3752 5588 ⁸σχίςι-ινποξδειςι

2154 5589 2211 5640 ἐν
2231 5570 2377 5647 ’ταὶς
2401 5570 2697 5653 ἡμετέραις
2729 5570 2973 5647 Γραὲραῖς
3004 5571 3389 5650 κεῖνταί·τινες
3428 5570 3605 5622 οἱονεὶ
3634 5570 3754 5621 ἐτυ-

2162 5649 2454 5729 μελετίαι,
2476 5653 2569 5705 sed
2603 5652 2692 5704 alii
2726 5649 2884 5702 codd.
2914 5659 3042 5699 tuss.
3080 5650 3301 5693 rectius.
