3952 6144
235 248 302 307 εδ
1413 251 1504 306 DE
1542 249 1871 308 HISTORIA
1911 245 2294 305 SUSANNE.‘
3335 307 3338 309 Α
3398 235 3472 294 83

232 344 593 437 γεγραμμένον
614 382 626 397 ⁸
671 383 688 417 ι
715 367 826 421 Kal.
849 366 1000 422 ἔσται
1036 370 1124 422 ἐπ’
1146 371 1390 441 ἐσχάτων
1428 372 1537 425 τῶν
1569 375 1790 448 ἡμερῶν

1908 387 2048 428 nons
2083 370 2321 438 Domini,
2355 374 2689 441 praeparatus
2737 367 2790 423 in
2823 365 3026 423 vertice
3060 361 3325 421 montium
3347 398 3364 426 ,
3413 365 3470 412 et

233 459 447 528 ἐμφανὲς
491 459 550 510 τὸ
582 458 707 530 ὅρος
751 459 845 513 τοῦ
883 461 1112 533 Κυρίου,
1157 463 1371 535 ἕτοιμον
1418 466 1510 518 ἐπὶ
1559 466 1657 530 τὰς
1700 485 1791 520 κο-

233 547 390 619 ρυφὰς
435 548 540 600 τῶν
589 548 780 620 ὁρέων,
845 550 938 602 καὶ
987 551 1480 623 μετεωρισθήσεται
1538 554 1791 624 ὑπεράνω

228 636 324 689 τῶν
375 635 607 706 βουνῶν·
661 639 756 692 καὶ
804 640 1132 694 σπεύσουσιν
1182 643 1454 715 ἐπ”αὐτῷ
1503 645 1648 710 λαοὶ,
1698 647 1793 700 καὶ

229 726 563 798 πορεύσονται
594 728 721 801 ἔθνη
767 732 955 800 πολλὰ,
995 736 1088 788 καὶ
1121 734 1338 807 ἐροῦσι·
1370 739 1554 805 Δεῦτε,
1588 739 1796 794 ἀναϐῶ-

229 836 314 889 μεν
345 821 422 882 είς
461 821 522 872 τὸ
554 820 679 892 ὅρος
709 822 819 894 (10)
862 825 956 878 τοῦ
1003 827 1234 899 Κυρίου,
1265 830 1360 883 καὶ
1392 833 1472 894 εἰς
1514 832 1605 884 τὸν
1646 829 1792 885 οἷκον

225 911 307 964 τοῦ
331 912 460 966 Θεοῦ
497 913 715 980 Ἰακὼϐ,
746 917 842 970 καὶ
870 918 1135 984 δείξουσιν
1166 923 1296 992 ἡμῖν
1321 924 1422 994 τὴν
1450 923 1566 978 ὁδὸν
1594 926 1788 980 αὐτοῦ·

227 1003 308 1055 καὶ
333 1006 710 1077 πορευσόμεθα
735 1009 793 1060 ἐν
827 1013 946 1072 ταῖς
978 1011 1184 1081 τρίϐοις
1215 1013 1379 1066 αὑτοῦ
1399 1032 1411 1044 ·
1446 1016 1526 1068 ὅτι
1559 1019 1623 1068 ἐκ
1654 1016 1794 1070 Σιὼν

226 1094 552 1160 ἐξελεύσεται
581 1097 762 1169 νόμος,
789 1102 883 1153 καὶ
915 1101 1069 1168 λόγος
1094 1105 1299 1174 Κυρίου
1326 1103 1385 1169 ἐξ
1419 1107 1790 1180 Ἰερουσαλήμ.

226 1186 325 1238 Καὶ
353 1193 528 1259 κρινεῖ
558 1189 662 1243 ἀνά
702 1191 866 1261 μέσον
899 1192 1044 1246 λαῶν
1085 1195 1314 1260 πολλῶν,
1341 1199 1437 1250 καὶ
1467 1198 1674 1268 ἐλέγξει
1703 1201 1795 1253 ἐπὶ

224 1275 339 1348 ἔθνη
383 1278 494 1349 (ll)
529 1280 728 1351 ἰσχυρὰ
769 1282 874 1346 ἓως
906 1285 987 1346 είς
1029 1286 1267 1356 μακρὰν,
1297 1288 1392 1340 καὶ
1425 1288 1796 1358 κατακόψουσι

223 1369 313 1434 τὰς
361 1374 638 1446 μαχαίρας
670 1375 848 1428 αὐτῶν
881 1377 960 1440 είς
1004 1376 1244 1449 ἄροτρα,
1291 1379 1386 1432 καὶ
1432 1379 1531 1443 τὰς
1579 1380 1797 1444 ςιὸύνας

223 1461 392 1517 αὐτῶν
429 1467 512 1527 είς
558 1465 831 1535 δρέπανα·
865 1469 958 1521 καὶ
1001 1468 1184 1522 οὐκέτι
1227 1470 1301 1541 μὴ
1352 1472 1458 1542 ἄρῃ
1513 1471 1665 1534 ἔθνος
1710 1474 1797 1525 ἐπ’

223 1552 365 1617 ἔθνος
406 1557 702 1626 ῥομφαίαν,
740 1560 830 1612 καὶ
875 1559 1057 1612 οὐκέτι
1093 1561 1167 1632 μὴ
1216 1561 1428 1632 μάθωσι
1472 1563 1745 1634 πολεμεῖν.
1774 1583 1793 1617 ›

223 1636 337 1690 Ἔτι
361 1638 418 1691 δέ
450 1639 513 1690 ἐν
537 1642 602 1709 τῇ
639 1640 826 1712 πρώτῃ
855 1641 963 1694 τῶν
985 1644 1522 1715 Παραλειπομένων
1550 1650 1579 1700 ὁ
1605 1665 1799 1716 τεταγ-

1894 468 2196 525 elevabitur
2227 483 2390 540 supra
2443 467 2642 532 colles,
2691 474 2746 520 et
2788 462 3128 520 festinabuut
3176 461 3242 515 ad
3287 458 3465 528 ipsum

1895 559 2104 630 populi;
2141 567 2195 615 et
2235 558 2652 630 proﬁciscentur
2692 555 2874 610 multae
2903 562 3114 624 gentes,
3143 559 3201 606 et
3227 549 3416 605 dicent
3451 568 3465 602 :

1893 651 2110 717 Venite,
2141 650 2497 707 ascendamus
2529 650 2584 704 in
2617 657 2858 704 montem
2893 645 3133 711 Domini,
3175 654 3231 700 et
3259 645 3328 698 ad
3374 643 3473 699 do-

1897 759 2046 799 mum
2082 743 2178 798 Dei
2223 740 2410 808 Jacob,
2442 750 2498 797 et
2529 740 2818 796 ostendent
2867 738 3024 794 nobis
3049 736 3190 790 viam
3241 735 3382 806 ejus,
3420 745 3474 788 et

1896 836 2288 893 ambulabimus
2319 838 2373 893 in
2423 834 2634 891 semitis
2667 833 2811 904 ejus;
2864 831 2992 900 quia
3023 832 3088 885 de
3118 828 3256 883 Sion
3302 828 3475 882 exibit

1893 926 2001 993 lex,
2043 935 2097 983 et
2129 929 2354 983 verbum
2384 925 2621 981 'Domini
2653 926 2722 980 de
2743 921 3044 979 Jerusalem
3073 937 3088 974 :
3127 929 3178 974 et
3204 917 3476 989 judicabit

1896 1023 2036 1075 inter
2065 1021 2262 1075 multos
2311 1020 2558 1090 populos,
2603 1026 2656 1073 et
2688 1024 2877 1087 arguet
2922 1021 3112 1086 gentes
3145 1011 3343 1069 multas
3386 1025 3477 1066 us-

1895 1127 2000 1182 que
2049 1112 2104 1166 in
2149 1112 2524 1182 longinquum,
2557 1117 2612 1164 et
2642 1108 2931 1166 concident
2975 1106 3184 1178 gladios
3238 1120 3368 1161 suos
3420 1103 3474 1156 itt

1897 1213 2098 1268 aratra,
2129 1211 2185 1257 et
2228 1202 2449 1257 lanceas
2478 1215 2604 1256 suas
2637 1200 2690 1255 in
2719 1198 2907 1266 falces,
2938 1205 2994 1253 et
3027 1210 3134 1251 non
3167 1194 3322 1249 tollet
3350 1209 3472 1247 am-

1896 1297 2037 1365 plius
2072 1311 2202 1367 gens
2248 1297 2483 1368 gladium
2514 1305 2705 1352 contra
2737 1304 2973 1364 gentem,
3003 1302 3058 1349 et
3091 1308 3198 1348 non
3233 1290 3475 1360 amplius

1899 1387 2107 1442 discent
2154 1387 2356 1452 bellare
2377 1387 2485 1440 ".t
2543 1387 2814 1442 Praeterea
2861 1387 2913 1440 in
2957 1385 3133 1453 primo
3182 1380 3470 1452 Paralipo-

1898 1494 2109 1546 menon,
2155 1479 2394 1548 psalmus
2444 1479 2498 1534 in
2546 1494 2708 1532 manu
2758 1477 2940 1547 Asaplt
2969 1485 3021 1532 et
3073 1477 3301 1532 fratrum
3355 1475 3482 1545 ejus

1897 1569 2178 1624 ordinatus
2224 1570 2290 1624 ad
2325 1569 2656 1624 laudandum
2710 1568 3019 1632 Dominum,
3053 1565 3209 1635 cujus
3236 1575 3319 1622 est
3366 1566 3474 1619 ini-

1902 1648 2076 1702 tium:
2120 1667 2139 1701 ι
2167 1647 2512 1703 Confitemini
2545 1655 2600 1703 et
2648 1647 2896 1702 invocate
2947 1647 3120 1714 ipsum
3155 1645 3210 1698 in
3255 1645 3490 1700 nomine

221 1726 376 1799 μένος
414 1731 474 1782 ἐν
509 1731 651 1802 χειρὶ
689 1734 882 1802 Ἀσάφ,
923 1737 1016 1787 καί¹
1044 1735 1153 1790 τῶν
1179 1737 1422 1806 ἀδελφῶν
1454 1738 1618 1794 αὐτοῦ
1663 1740 1797 1809 ψαλ-

1908 1741 2020 1811 ejus
2040 1740 2108 1806 ⁸⁸,
2133 1759 2152 1794 ι
2190 1741 2243 1795 in
2290 1741 2566 1812 plerisque
2609 1741 2678 1794 ab
2720 1739 2872 1794 initio
2918 1737 3112 1792 similis
3148 1745 3231 1793 est
3263 1737 3476 1806 psalmo

220 1819 338 1908 μὸς,
367 1821 462 1874 τοῦ
523 1824 692 1877 αἰνεῖν
742 1826 835 1879 τὸν
880 1827 1104 1898 Κύριον,
1148 1820 1209 1881 οὗ
1243 1832 1275 1900 ἡ
1309 1831 1483 1902 ἀρχή·
1523 1851 1540 1882 ι
1582 1833 1800 1902 Ἐξομο-

218 1911 457 1980 λογεῖσθε
499 1916 591 1969 καὶ
630 1917 976 1970 ἐπικαλεῖσθε
1005 1921 1169 1973 αὑτὸν
1199 1922 1255 1974 ἐν
1300 1922 1521 1993 ὀνόματι
1563 1924 1748 1990 αὐτοῦ,
1777 1944 1794 1976 ι

217 2005 272 2058 ἐν
313 2007 412 2077 μὲν
442 2011 559 2072 τοῖς
607 2009 878 2074 πλείστοις
922 2012 1061 2066 κατὰ
1129 2015 1227 2086 τὴν
1272 2013 1444 2088 ἀρχὴν
1484 2017 1803 2087 ίσοδυναμεῖ

216 2095 290 2166 τῷ
335 2098 410 2168 ρδ²
461 2099 682 2173 ψαλμῷ,
729 2104 834 2168 ἓως
877 2105 1004 2159 τοῦ·
1047 2125 1064 2158 ι
1094 2108 1201 2159 Καὶ
1241 2110 1298 2160 ἐν
1328 2110 1441 2170 τοῖς
1493 2109 1800 2180 προφήταις

218 2206 313 2260 μου
360 2192 439 2263 μὴ
506 2196 907 2267 πονηρεύεσθε·
940 2219 958 2250 ι
999 2199 1136 2270 μετὰ
1179 2201 1234 2253 δὲ
1263 2200 1421 2253 τοῦτο
1450 2201 1528 2272 τῷ
1568 2206 1644 2268 ιιε¹
1693 2201 1799 2255 ἀπὸ

213 2281 307 2352 τῆς
346 2285 528 2356 ἀρχῆς
561 2288 722 2341 αὐτοῦ
774 2291 940 2359 ἐγγύς
983 2309 1100 2356 πως
1148 2293 1377 2364 ἐχούσης
1415 2296 1508 2345 τό·
1545 2312 1562 2344 ι
1595 2294 1799 2364 ᾊσατε

211 2371 287 2443 τῷ
317 2375 516 2447 Κυρίῳ
553 2381 702 2434 πᾶσα
734 2383 766 2450 ἡ
813 2382 884 2452 γῆ
907 2400 951 2433 ·›
987 2383 1091 2446 ἓως
1113 2383 1226 2435 τοῦ·
1258 2386 1412 2436 (Ὅτι
1439 2385 1656 2455 ἔρχεται
1681 2388 1801 2459 κρῖ-

215 2481 296 2517 ναι
329 2466 432 2538 τὴν
463 2469 585 2539 γῆν.
614 2488 630 2520 t
672 2471 826 2523 Ἐπεὶ
854 2472 910 2524 δὲ
935 2469 1001 2542 ἦν
1033 2473 1095 2524 τὸ
1129 2475 1473 2543 παραθέσθαι
1509 2476 1679 2538 αὐτὰς
1703 2477 1802 2539 τὰς

209 2553 381 2619 λέξεις
412 2558 572 2622 πολὺ,
600 2559 688 2611 διὰ
722 2560 966 2630 βραχέων
993 2563 1128 2632 πρὸς
1153 2563 1214 2612 τὸ
1239 2565 1595 2634 προκείμενον
1628 2565 1801 2618 ταῦτα

209 2648 547 2718 είρήκοιμεν.
604 2650 876 2720 Εὑρήσεις
918 2650 973 2702 δὲ
1023 2652 1116 2703 καὶ
1173 2655 1300 2720 περὶ
1345 2653 1440 2704 τοῦ
1501 2655 1574 2723 μὴ
1632 2644 1804 2726 αἴρειν

210 2737 519 2807 βάσταγμα
570 2740 627 2790 ἐν
666 2742 730 2809 τῇ
791 2741 972 2812 ἡμέρᾳ
1025 2741 1131 2793 τῶν
1192 2742 1485 2795 Σαϐϐάτων
1539 2745 1596 2796 οὐ
1649 2736 1806 2813 μόνον

214 2831 371 2902 παρὰ
412 2831 644 2884 Μωῦσεῖ
690 2832 1092 2903 γεγραμμένον,
1127 2833 1263 2888 ἀλλά
1315 2833 1409 2886 καὶ
1443 2837 1500 2886 ἐν
1545 2835 1801 2906 Ἱερεμίᾳ.

211 2923 320 2976 Καὶ
354 2923 491 2994 περὶ
530 2920 623 2974 τοῦ
659 2922 851 2991 Πάσχα
885 2924 976 2974 καὶ
1002 2923 1183 2993 νόμων
1231 2922 1518 2994 ίερατικῶν
1551 2924 1806 2994 εὑρήσεις

213 3015 367 3084 παρά
411 3031 475 3066 τε
509 3015 732 3068 Μωῦσεῖ
773 3015 866 3067 καὶ
895 3016 951 3068 ἐν
991 3018 1101 3078 τοῖς
1132 3015 1457 3078 τελευταίοις
1508 3015 1600 3069 τοῦ
1648 3015 1804 3080 Ἰεζες

1902 1833 2199 1887 centesimo
2244 1839 2440 1901 quarto
2490 1845 2660 1902 usque
2701 1831 2767 1884 ad
2814 1829 3031 1884 verba:
3071 1844 3091 1879 ι
3123 1827 3189 1882 Ει
3241 1827 3294 1882 in
3348 1843 3473 1896 pro-

1901 1924 2081 1994 pltetis
2139 1922 2278 1978 meis
2335 1921 2500 1976 nolite
2579 1919 2863 1991 malignari
2899 1917 2980 1984 ";
3031 1935 3050 1968 ›
3097 1925 3284 1987 postea
3339 1932 3474 1973 vero

1905 2015 2112 2086 psalmo
2160 2015 2510 2084 nonagesimo
2570 2014 2763 2083 quinto
2827 2015 2894 2070 ab
2943 2013 3062 2083 ejus
3123 2011 3280 2067 initio
3325 2011 3473 2082 quod

1902 2107 2016 2162 fere
2055 2108 2135 2162 sic
2179 2107 2341 2162 habet
2373 2124 2385 2160 :
2424 2125 2442 2158 ι
2466 2105 2695 2161 Cantate
2736 2107 2988 2174 Domino,
3027 2106 3205 2163 omnis
3248 2114 3469 2170 terra“

1902 2213 2073 2268 usque
2112 2198 2178 2252 ad
2230 2199 2344 2252 haec
2390 2199 2554 2253 verba
2599 2216 2612 2252 :
2657 2217 2676 2250 σ
2708 2198 2969 2265 Quoniam
3026 2198 3177 2254 venit
3225 2197 3476 2268 judicare

1904 2299 2106 2346 terram
2129 2289 2229 2342 “.t
2267 2286 2370 2343 Sed
2401 2289 2656 2358 quoniam
2687 2289 2904 2359 longum
2940 2288 3133 2344 fuisset
3165 2288 3277 2357 ipsa
3307 2286 3476 2341 verba

1901 2395 2194 2450 apponere,
2228 2381 2415 2448 paucis
2451 2380 2563 2434 haec
2593 2380 2658 2434 ad
2699 2381 3037 2449 propositum
3090 2379 3352 2433 diximus.
3389 2376 3478 2430 ln-

1901 2471 2088 2526 venies
2133 2481 2316 2527 autem
2346 2481 2402 2526 et
2431 2471 2496 2526 de
2530 2484 2696 2526 onere
2739 2487 2862 2539 non
2892 2472 3114 2525 ferendo
3145 2470 3233 2524 die
3249 2466 3476 2523 Sabbati

1906 2577 2012 2616 non
2050 2562 2223 2617 solum
2271 2564 2412 2632 apud
2448 2562 2684 2632 Moysem
2730 2563 3026 2632 scriptum,
3071 2562 3166 2617 sed
3211 2560 3377 2616 etiam
3419 2558 3476 2612 in

1906 2651 2161 2706 Ieremia.
2204 2654 2334 2707 item
2374 2653 2440 2708 de
2491 2653 2756 2707 Pascltate
2804 2661 2860 2707 et
2909 2653 3120 2722 legibus
3157 2650 3475 2706 sacerdota-

1909 2743 2050 2798 libus
2099 2745 2344 2798 invenies
2391 2752 2447 2797 et
2491 2744 2629 2812 apud
2680 2741 2954 2812 Moysem,
3000 2752 3055 2796 et
3101 2742 3156 2795 iu
3215 2737 3484 2795 extremis

1909 2835 2207 2891 Ezechielis
2238 2836 2507 2906 capitibus
2529 2836 2597 2889 δ’.
2637 2835 3024 2904 Apposuissem
3054 2841 3110 2888 et
3144 2833 3258 2902 ipsa
3285 2830 3475 2894 verba,

1907 2935 1961 2980 et
1987 2927 2090 2981 alia
2120 2927 2292 2996 plura,
2323 2928 2424 2983 nisi
2451 2929 2703 2982 vidissem
2733 2926 3005 2995 paucitate
3029 2925 3238 2980 dierum
3271 2931 3487 2979 nostra:

1906 3018 2232 3074 Nicomediae
2277 3003 2727 3075 commorationis
2777 3027 2988 3089 tempus
3019 3018 3084 3072 ad
3121 3027 3171 3072 te
3202 3017 3477 3072 scribendi

215 3106 357 3175 κιήλ.
409 3107 523 3158 Καὶ
564 3108 732 3169 αὐτὰς
765 3107 808 3158 δ’
845 3106 910 3159 ἂν
955 3106 1270 3178 παρεθέμην
1317 3106 1415 3170 τὰς
1466 3106 1668 3171 λέξεις,
1717 3110 1802 3160 καὶ

1912 3111 2068 3164 nobis
2102 3109 2385 3178 praecludi.

215 3197 378 3261 ἄλλας
423 3198 696 3262 πλείονας,
744 3201 792 3250 εἰ
839 3198 914 3269 μὴ
961 3198 1146 3270 ἐώρων
1183 3199 1288 3253 ὑπὸ
1339 3199 1441 3269 τῆς
1485 3200 1792 3272 ὀλιγότητος
1848 3203 1955 3255 τῶν
2011 3204 2068 3256 ἐν
2124 3203 2460 3275 Νικομηδείᾳ
2490 3202 2712 3276 ἡμερῶν
2751 3200 2906 3272 ήμῶν
2939 3199 3355 3270 ἀποκλειόμενον
3385 3196 3484 3251 τὸν

215 3295 404 3366 Χρόνον
434 3294 538 3364 τῆς
573 3294 705 3365 πρὸς
735 3293 795 3345 σὲ
821 3295 1058 3364 γραφῆς’

284 3389 431 3460 Πρὸς
480 3387 692 3451 τούτοις
739 3388 974 3457 ἔφασκες
1013 3390 1104 3442 καὶ
1149 3390 1238 3443 τὸν
1267 3391 1364 3461 τῆς
1411 3391 1661 3461 φράσεως
1708 3408 1803 3461 χα·

220 3481 476 3562 ραξςτῆρα
503 3479 863 3533 διαλλάσσειν·
886 3482 1020 3552 ὅπερ
1037 3484 1157 3551 ἐμοὶ
1169 3483 1229 3534 οὐ
1251 3482 1390 3534 πάνυ
1417 3499 1469 3534 τι
1496 3484 1802 3553 ἐφάνη.Καὶ

217 3572 388 3627 ταῦτα
443 3573 548 3644 μὲν
594 3574 1053 3646 ἀπελογησάμην·
1085 3571 1152 3645 ἦν
1200 3576 1242 3626 δ’
1275 3574 1340 3629 ἂν
1379 3576 1804 3646 προηγουμένως

224 3664 356 3734 μετὰ
405 3664 472 3718 τὰ
522 3665 843 3736 ἐγκλήματα
872 3664 1144 3736 ἐγκώμιον
1190 3667 1361 3717 εἰπεῖν
1399 3667 1494 3735 τῆς
1527 3667 1652 3736 περὶ
1696 3667 1805 3717 Σω-

229 3758 428 3811 σάνναν
456 3758 503 3811 Γ
511 3759 687 3828 ραφῆς
726 3758 1074 3810 ἐπιϐαίνοντα
1113 3757 1316 3828 ἑκάστῃ
1350 3756 1517 3822 λέξει,
1561 3757 1654 3809 καὶ
1697 3757 1807 3808 δει-

222 3851 421 3904 κνύντα
466 3851 533 3903 τὸ
562 3850 832 3922 ἐξαίρετον
863 3851 970 3903 τῶν
1011 3849 1344 3919 νενοημένων
1365 3866 1376 3877 ·
1420 3850 1552 3919 ὅπερ
1590 3848 1692 3918 ἰδίᾳ
1724 3865 1807 3910 τις

220 3941 324 3994 τῶν
360 3939 685 4010 φιλομαθῶς
719 3941 813 3992 καὶ
846 3939 1044 4002 ἱκανῶς
1093 3939 1538 4009 μεμελετηκότων
1579 3937 1646 3988 τὰ
1690 3936 1808 3989 θεῖα

225 4032 487 4098 συντάξαι
517 4030 825 4099 δυνήσεται.
860 4029 1043 4082 Ταῦτα
1077 4028 1212 4098 πρὸς
1243 4027 1332 4087 τὰ,
1363 4026 1436 4087 ὡς
1481 4025 1608 4095 φὴς,
1645 4024 1807 4093 κρού-

228 4140 369 4192 ματα
412 4122 824 4192 ἀπεκρινάμην,
870 4120 962 4172 καὶ
1003 4119 1350 4188 ἀντιγράφω·
1385 4117 1494 4169 εἴθε
1539 4119 1632 4168 καὶ
1681 4132 1808 4167 παι-

225 4213 394 4267 δεύειν
429 4213 735 4282 δυναίμηνί
778 4212 894 4264 νυνὶ
926 4211 983 4264 δέ
1023 4211 1080 4261 οὐ
1129 4207 1430 4277 τηλικαῦτα
1472 4205 1692 4275 ἐμαυτῷ
1736 4205 1811 4256 δί-

226 4304 382 4376 δωμι.
416 4301 828 4374 Προσαγορεύει
858 4319 915 4353 σε
958 4302 985 4350 ὁ
1025 4298 1529 4368 συναγωνισάμενος
1563 4300 1628 4368 τῇ
1675 4298 1808 4348 ὑπα-

228 4397 483 4470 γορεύσει
508 4395 606 4465 τῆς
640 4395 948 4464 ἐπιστολῆς,
979 4395 1070 4446 καὶ
1104 4390 1439 4462 παρατυχὼν
1475 4389 1620 4461 πάσῃ
1652 4391 1810 4459 αὐτῇ,

233 4491 287 4542 ἐν
331 4485 413 4552 οἷς
451 4489 774 4559 βεϐούληται
827 4486 1290 4558 διορθωσάμενος,
1337 4484 1522 4554 κύριός
1564 4500 1665 4552 μου
1721 4481 1813 4534 καὶ

232 4580 454 4649 ἀδελφὸς
516 4580 656 4650 ἱερὸς
701 4577 1025 4648 Ἀμϐρόσιος
1085 4575 1231 4644 (l2).
1292 4572 1615 4635 Ἀσπάζεται
1657 4571 1710 4622 δέ
1755 4587 1813 4622 σε

1978 3391 2064 3445 16.
2106 3389 2372 3446 Praeterea
2423 3387 2610 3442 dixisti
2676 3385 2877 3456 stylum
2935 3380 3184 3437 dit-tionis
3230 3393 3351 3435 esse
3395 3377 3486 3431 di—-

1906 3497 2120 3536 versant
2148 3497 2162 3535 :
2193 3480 2334 3548 quod
2370 3478 2499 3531 mihi
2536 3489 2877 3545 nequaquam
2923 3472 3096 3525 visum
3141 3476 3242 3524 est.
3275 3467 3342 3520 Et
3377 3467 3479 3518 ista

1907 3574 2121 3642 quidem
2151 3573 2219 3626 ad
2269 3568 2638 3624 defensionem
2693 3561 2968 3632 respondi.
3023 3559 3179 3612 Nunc
3229 3565 3351 3627 post
3404 3563 3494 3609 tot

1908 3664 2335 3726 criminationes,
2370 3660 2591 3713 historia
2625 3656 2892 3710 Susannae
2918 3651 3172 3706 encomio
3203 3647 3484 3702 celebrari,

1909 3764 2111 3826 posset,
2143 3752 2445 3822 praesertim
2485 3750 2551 3804 ab
2594 3762 2659 3804 eo
2695 3744 2789 3816 qui
2837 3740 3079 3811 singulas
3116 3737 3484 3808 perpenderet‘

1871 3865 1875 3869 '
1909 3864 2071 3903 voces
2109 3856 2162 3902 et
2203 3844 2428 3900 eximios
2461 3856 2648 3896 earum
2692 3837 3000 3894 ostenderet
3045 3847 3258 3888 sensus.
3290 3831 3346 3885 ιιι
3380 3844 3480 3897 ag-

1909 3939 2058 4008 gredi
2098 3950 2344 3992 seorsum
2376 3933 2574 4003 poterit
2614 3927 2885 3998 quispiant
2924 3939 3108 3980 eorum
3143 3923 3230 3990 qui
3266 3935 3353 3975 res
3393 3919 3480 3972 di-

1911 4037 2065 4087 vinas
2092 4032 2379 4101 diligenter
2407 4039 2458 4083 et
2493 4027 2626 4082 satis
2657 4024 2897 4079 meditati
2930 4032 3076 4077 sunt.
3108 4021 3232 4074 llaec
3258 4018 3324 4073 ad
3359 4027 3484 4072 tuas

1912 4142 2047 4194 quas
2094 4140 2253 4177 vocas
2290 4122 2624 4192 pulsalioues
2667 4116 2944 4185 respondi,
2978 4122 3033 4167 et
3064 4111 3333 4165 rescribo.
3365 4108 3484 4162 Uti-

1915 4233 2034 4271 nam
2083 4216 2244 4269 simul
2289 4213 2505 4268 erudire
2549 4209 2748 4277 possint
2795 4226 2808 4259 :
2847 4218 2992 4258 nunc
3045 4210 3224 4255 autem
3271 4208 3482 4252 tantum

1917 4309 2044 4362 mihi
2087 4322 2191 4360 non
2226 4307 2423 4359 tribuo.
2457 4303 2668 4356 Salutat
2699 4310 2750 4353 te
2793 4299 2885 4367 qui
2923 4293 3195 4349 dictandae
3237 4291 3495 4361 epistolas-

1919 4403 2014 4455 fuit
2049 4399 2284 4466 adjutor,
2315 4399 2516 4466 quique
2564 4395 2830 4460 integram
2876 4400 3190 4450 recensens,
3219 4399 3338 4454 quae
3386 4397 3481 4437 vo—

1916 4493 2017 4547 luit
2047 4492 2306 4554 correxit,
2346 4489 2594 4543 dominus
2623 4500 2772 4539 meus
2808 4492 2862 4536 et
2898 4481 3062 4535 frater
3091 4485 3312 4534 sanctus
3350 4475 3486 4529 Am-

1918 4586 2150 4640 brosius.
2183 4583 2393 4636 Salutat
2443 4591 2492 4634 te
2528 4591 2740 4648 quoque
2777 4573 3088 4628 fidelissima
3134 4569 3253 4639 ejus
3283 4567 3484 4638 conjux

229 4675 315 4726 ml.
355 4676 388 4744 ἡ
427 4671 726 4741 πιστοτάτη
765 4669 990 4739 σύμϐιος
1024 4665 1186 4719 αὑτοῦ
1217 4664 1511 4735 Μαρκέλλα
1545 4664 1660 4732 ἆμα
1700 4666 1802 4724 τοῖς

1920 4676 2170 4730 Marcella
2209 4690 2310 4729 una
2339 4687 2459 4729 cum
2491 4671 2599 4741 30
2631 4667 2837 4731 liberis,
2885 4673 2941 4720 et
2975 4663 3255 4717 Anicetus.
3285 4657 3364 4712 ‘l‘u
3397 4673 3485 4712 sa-

229 4769 463 4833 τέκνοις,
497 4767 590 4818 καὶ
628 4764 904 4832 Ἀνίκητος
939 4761 1068 4832 (15).
1101 4760 1173 4811 Σὺ
1213 4758 1302 4810 τὸν
1326 4757 1489 4810 καλὸν
1521 4755 1675 4826 ἡμῶν
1708 4756 1814 4808 πά-

234 4877 336 4913 παν
374 4857 780 4927 Ἀπολλινάριον
825 4854 935 4926 (14)
966 4855 1228 4916 ἄσπασαί,
1273 4852 1364 4903 καὶ
1394 4850 1520 4911 τοὺς
1559 4847 1814 4918 ἀγαπῶν-

233 4968 324 5014 τας
360 4952 530 5022 ἡμᾶς.

1921 4771 2027 4822 luta
2064 4768 2324 4837 Optimum
2360 4771 2605 4818 nostrum
2639 4774 2832 4833 papam
2867 4752 3282 4828 Apolltnarium,
3309 4758 3362 4806 et
3390 4764 3485 4804 eos

1916 4864 2004 4929 qui
2037 4877 2134 4914 nos
2165 4859 2411 4928 diligunt.

305 5003 322 5014 ε
383 5003 412 5022 .,
452 5003 455 5004 ν
492 5003 509 5013 .

300 5043 345 5075 ’⁸³
395 5043 564 5098 Miclt.
609 5040 732 5106 tv,l
780 5054 929 5107 seqq.
1009 5037 1099 5090 "'l
1134 5033 1317 5107 Par:t|._
1349 5049 1457 5107 xvt,
1488 5033 1553 5107 _8,
1736 5029 1778 5059 ⁸⁵

1917 5025 1946 5076 l.
1980 5037 2086 5083 Ctv,
2120 5019 2170 5082 1,
2207 5017 2293 5069 l5.
2350 5016 2396 5045 ¹⁶⁶
2417 5012 2553 5064 Psal.
2585 5025 2705 5072 xcv,
2737 5008 2882 5060 1-15.
2973 5007 3011 5036 ³⁵⁷
3042 5005 3209 5059 Exod.
3233 5016 3395 5061 xxxv,
3418 5003 3483 5065 ἓξ

240 5092 545 5176 Νυηιίῖνξ
569 5092 682 5172 ὖέξ
720 5092 920 5164 Ιετρῖιῖ.
967 5123 1090 5172 xvtt,
1124 5106 1216 5168 21,
1256 5104 1365 5168 24ς
1399 5104 1449 5155 itt
1487 5092 1659 5155 Levii.
1706 5114 1802 5167 pas

1924 5112 1939 5159 ;
1987 5092 2179 5144 Iizeclt.
2234 5102 2385 5149 thtt,
2429 5097 2574 5144 κων,
2612 5095 2734 5135 λιν.
2770 5093 2913 5130 XLVI.

307 5207 420 5276 (l0)
461 5197 1072 5276 Αίιίιιεξείςτρνμοῖκον.

311 5260 422 5346 illi)
466 5260 656 5346 Aldus,
683 5260 952 5346 ἐξελέγξει
981 5270 1125 5346 ξθνη.
1156 5267 1300 5346 [dent
1331 5263 1502 5346 paulo
1540 5271 1680 5346 post,
1711 5260 1813 5322 ἕως

249 5333 482 5417 μακράν.
522 5345 664 5417 idem
702 5333 946 5417 ii.r_r;.;_{:a
979 5333 1176 5417 δόρατα
1221 5335 1397 5417 αύτῶν
1429 5336 1506 5396 εἰς
1539 5333 1811 5402 δρέπανα,

247 5408 298 5468 et
327 5408 448 5468 nlox
469 5454 484 5481 ,
519 5412 669 5475 ἔθνος
701 5412 835 5480 πρὸς
869 5411 1019 5481 ἔθνος
1045 5408 1353 5480 ῥομφαίαν.

317 5487 438 5554 (12)
471 5473 1248 5554 ’Ἀμϐρόσὶοςηνὶάοἰιὸιὶιε
1305 5477 1370 5530 ad
1423 5473 1655 5543 primum
1706 5473 1816 5526 fra-

251 5552 954 5625 gutettLCpisl.Origenjs._
1027 5619 1043 5625 _
1143 5618 1153 5625 _
1229 5617 1279 5625 __
1363 5617 1374 5625 _
1439 5614 1449 5625 ,
1704 5599 1708 5607 -

321 5625 436 5695 (l3)
486 5612 988 5695 'Arimttof._~Qttis
1023 5618 1181 5695 fuerit
1229 5617 1316 5670 hic
1350 5614 1608 5695 Anicetus
1653 5628 1679 5663 τι
1720 5612 1817 5663 tio-

254 5683 432 5750 enim;
462 5685 676 5750 edoceri
706 5683 912 5758 malint,
939 5706 1101 5759 quam
1142 5690 1377 5742 incertas
1417 5683 1656 5738 scribere
1691 5697 1821 5735 con-

1917 5181 2586 5255 jecturas.Vt’ta'rsrtasws.
2661 5243 2696 5255 ἢ
2819 5238 2839 5255 ο
2948 5229 3314 5255 ,μύω-,μετ

1991 5235 2108 5326 (1η
2133 5235 2966 5326 ῨἈπολλινάριον.,ῡιιοι-ΐιιειο
3000 5235 3488 5326 Αιιοιίίηιιιοξξμοιιιιη
3537 5285 3542 5290 ,

1921 5301 2112 5396 primis
2423 5301 2605 5396 :_:llter
2645 5311 2982 5396 [mediocrius
3013 5301 3348 5396 .scltisnta‘t'is
3373 5314 3490 5396 oau—

2157 5372 3024 5460 “quoApollinaristm_appe|lati
3074 5384 3218 5460 sttttt1
3268 5372 3488 5460 Vix-ignis

2179 5443 2860 5532 drigettltmLoltiil-eulttl,
2876 5456 3132 5532 tttonottlc

2482 5508 2788 5600 Theodosio
2834 5508 3202 5600 imperatore.”
3230 5508 3384 5600 pller
3433 5508 3488 5560 itt

2066 5578 2534 5668 “ll-iegatpolitzutus
2574 5593 2868 5668 _cpi§c_opus
2890 5578 3092 5668 ,-‘dVl“jp
3135 5578 3449 5668 érﬁtéttawog
3471 5613 3486 5638 ,

1923 5649 2499 5745 ’γνώσει
2532 5649 2638 5714 τῶν
2669 5649 2825 5709 θείων
2866 5655 2959 5706 καὶ
2990 5649 3088 5722 τὴν
3135 5649 3326 5717 ἔξωθεν
3366 5663 3492 5700 παι·
