3952 6144
304 299 372 353 80

1500 290 1839 350 EPISTOLA
1873 293 1965 347 AD
2003 288 2433 349 GREGORIUM.

3483 285 3555 343 90

308 412 495 475 πτίους
530 413 579 465 οἰ
609 412 717 465 υἰοὶ
769 412 1006 483 Ἰσραὴλ,
1024 409 1092 464 τὰ
1126 412 1183 465 ἐν
1218 413 1331 474 τοῖς
1366 412 1542 477 ἁγίοις
1565 412 1674 465 τῶν
1709 411 1878 479 ἁγίων

1986 420 2109 465 sunt
2144 424 2267 480 quae
2320 408 2373 463 in
2403 403 2623 462 Sanctis
2669 412 2982 459 sanctorum
3029 407 3217 469 erant,
3263 413 3389 455 arca
3428 417 3553 460 cum

305 499 736 554 κατεσκεύασται
758 518 770 530 '
802 503 835 570 ή
867 500 1099 563 κιϐωτὸς
1130 499 1269 570 μετὰ
1284 498 1379 552 τοῦ
1403 499 1757 570 ἐπιθέματος,
1787 500 1881 553 καὶ

1986 500 2263 571 operculo,
2290 496 2595 564 cherubim,
2630 494 3088 565 propitiatorium,
3113 502 3169 550 et
3189 507 3324 552 urna
3364 507 3549 559 aurea,

302 591 366 643 τὰ
389 608 448 661 χε
459 590 680 661 ρουϐἰμ,
702 590 795 644 καὶ
816 589 877 641 τὸ
902 589 1225 659 ἱλαστήριον,
1252 589 1391 658 καὶὴ
1416 589 1591 660 χρυσῆ
1624 588 1879 659 στάμνος,

300 684 356 734 ἐν
450 682 714 752 ἀπέκειτο
738 680 798 733 τὸ
826 680 1024 750 μάννα,
1048 680 1155 734 τῶν
1184 680 1431 749 ἀγγέλων
1458 683 1486 732 ό
1510 678 1883 750 άρτος.Ταῦτα

300 772 397 843 μὲν
447 767 548 827 οὖν
602 772 709 824 ἀπὸ
766 769 858 823 τοῦ
895 770 1179 825 καλλίστου
1218 770 1333 824 τῶν
1386 771 1693 839 Αἰγυπτίων
1739 771 1885 832 εἰκὸς

297 863 582 933 γεγονέναι
615 860 817 934 χρυσοῦ
838 880 851 893 ο
892 863 1002 916 ἀπὸ
1028 863 1084 916 δὲ
1118 863 1368 935 δευτέρου
1414 862 1556 925 τινὸς
1586 865 1715 932 παρ’
1745 864 1885 914 ἐκεῖ·

294 973 382 1008 νον
412 957 445 1026 ή
479 954 678 1026 στερεά
697 955 765 1007 δι’
790 954 909 1007 ὅλου
936 955 1108 1026 χρυσῆ
1138 955 1349 1024 λυχνία,
1377 953 1599 1024 πλησίον
1627 954 1721 1006 τοῦ
1751 955 1886 1006 ὲσω-

294 1047 455 1118 τέρου
490 1045 1011 1116 καταπετάσματος,
1040 1046 1134 1097 καὶ
1162 1047 1209 1098 οἱ
1243 1047 1330 1098 ἐπ’
1360 1046 1527 1116 αὐτῆς
1556 1044 1757 1114 λύχνοι,
1792 1045 1883 1098 καὶ

295 1141 327 1203 ἡ
356 1138 545 1209 χρυσῆ
577 1134 826 1209 τράπεζα
859 1137 943 1206 ἐφ’
972 1133 1039 1209 ἧς
1067 1132 1204 1208 ἦσαν
1249 1138 1297 1189 οἰ
1348 1136 1503 1207 ἄρτοι
1550 1136 1650 1205 τῆς
1684 1135 1883 1206 προθέ-

294 1247 456 1296 σεως,
496 1230 594 1287 καὶ
632 1229 836 1301 μεταξὺ
878 1229 1208 1301 ἀμφοτέρων
1250 1229 1310 1282 τὸ
1344 1229 1577 1300 χρυσοῦν
1617 1229 1883 1299 θυμιατή-

295 1340 433 1395 ριον.
472 1323 540 1377 Εἰ
589 1322 647 1376 δέ
688 1339 772 1385 τις
823 1317 891 1393 ἦν
930 1323 1112 1394 τρίτος
1141 1324 1235 1376 καὶ
1271 1322 1529 1393 τέταρτος
1563 1322 1778 1394 χρυσὸς,
1827 1322 1886 1386 ἐξ

291 1413 509 1469 ἐκείνου
558 1409 989 1475 κατεσκευάζετο
1016 1412 1085 1465 τὰ
1126 1411 1293 1483 σκεύη
1335 1411 1403 1464 τὰ
1436 1412 1595 1480 ἅγια,
1649 1412 1743 1464 καὶ
1781 1412 1887 1464 ἀπὸ

292 1503 544 1575 ἀργύρου
591 1503 647 1556 δὲ
676 1504 973 1571 Αἰγυπτίου
1026 1501 1161 1555 ἄλλα
1208 1502 1435 1569 ἐγίνετο.
1490 1502 1576 1555 Ἑν
1628 1502 1886 1573 Αἰγύπτῳ

292 1596 401 1667 γὰρ
438 1594 838 1667 παροικοῦντες
884 1596 933 1647 οἰ
982 1594 1087 1646 υἱοὶ
1148 1593 1383 1663 Ἰσραὴλ,
1436 1592 1590 1646 τοῦτο
1631 1595 1740 1646 ἀπὸ
1790 1593 1887 1662 τῆς

293 1690 414 1741 ἐκεῖ
446 1686 745 1759 παροικίας
774 1685 1156 1758 κεκερδήκασι,
1192 1685 1251 1738 τὸ
1288 1684 1590 1755 εὐπορῆσαι
1622 1684 1885 1753 τοσαύτης

1985 593 2040 647 in
2088 607 2193 661 qua
2242 590 2537 659 repositum
2592 595 2711 642 erat
2747 600 2968 651 manna,
3011 585 3167 653 panis
3210 582 3554 654 angelorum.

1986 683 2113 738 Haec
2158 683 2320 752 igitur
2347 696 2412 736 cx
2461 679 2665 748 optimo
2698 675 3076 747 Egyptiorum
3122 691 3255 731 auro
3306 676 3555 731 confecta

1989 774 2157 830 fuisse
2177 770 2476 827 verisimile
2506 778 2625 832 est;
2678 780 2709 820 e
2740 766 2978 834 quodam
3007 776 3185 819 autem
3233 766 3553 821 secundario

1988 864 2106 919 auri
2160 874 2357 931 genere
2409 858 2641 913 solidum
2692 853 3079 909 candelabrum
3134 854 3294 922 plane
3331 869 3554 909 aureum

1987 968 2153 1025 prope
2189 951 2419 1007 interius
2460 948 2660 1010 velum,
2696 954 2751 999 et
2800 945 3055 999 lucernas
3098 946 3198 1013 ipsi
3250 946 3556 1015 impositas,

1986 1053 2042 1101 et
2079 1057 2323 1099 mensam
2354 1053 2572 1094 auream
2618 1036 2669 1090 in
2702 1049 2807 1102 qua
2838 1044 2994 1087 erant
3029 1048 3199 1102 panes
3231 1036 3560 1115 propositio—

1987 1140 2092 1206 nis,
2132 1146 2185 1192 et
2234 1137 2377 1190 inter
2411 1142 2701 1199 utrumque
2735 1127 3069 1183 thuribulum
3120 1141 3367 1181 aureum.
3405 1127 3558 1193 Quod

1989 1231 2033 1285 si
2071 1228 2288 1284 tertium
2314 1233 2369 1281 et
2391 1232 2645 1293 quartum
2677 1219 2892 1290 aliquod
2939 1234 3132 1272 aurum
3178 1218 3300 1285 fuit,
3351 1233 3420 1272 ex
3469 1218 3561 1273 illo

1989 1319 2219 1375 conflata
2258 1324 2386 1371 sunt
2437 1329 2564 1370 vasa
2612 1328 2787 1376 sacra,
2826 1320 2880 1365 et
2910 1325 2977 1365 ex
3032 1320 3256 1380 argento
3301 1308 3561 1380 Egyptio

1991 1415 2094 1468 alia
2131 1412 2377 1467 confecta
2418 1418 2564 1464 sunt.
2604 1406 2898 1477 IEgyptum
2943 1405 3085 1459 enim
3133 1404 3432 1459 incolentes
3465 1403 3561 1458 filii

1989 1504 2152 1561 Israel
2186 1504 2237 1558 id
2288 1518 2351 1557 ex
2404 1502 2492 1556 illa
2530 1499 2867 1555 habitatione
2903 1495 3038 1550 lucri
3091 1502 3466 1565 reportarunt,
3499 1502 3562 1551 ut

1992 1605 2100 1649 tam
2136 1596 2372 1665 pretiosa
2426 1593 2652 1647 materia
2696 1592 3037 1647 abundarent
3083 1588 3151 1643 ad
3182 1587 3348 1641 divini
3384 1586 3563 1641 cultus

1991 1700 2169 1740 usum.
2201 1684 2243 1738 Ε
2275 1684 2518 1738 vestibus
2552 1691 2730 1737 autem
2759 1678 3140 1751 Egyptiorum
3171 1676 3360 1733 effecta
3393 1677 3565 1733 fuisse

291 1776 429 1849 ὕλης
462 1750 651 1847 τιμίας
684 1777 762 1839 εἰς
790 1775 859 1831 τά
892 1750 1141 1846 χρήσιμα
1181 1776 1281 1844 τῆς
1309 1750 1562 1843 λατρείας
1594 1773 1687 1826 τοῦ
1725 1750 1881 1826 Θεοῦ.

1991 1774 2250 1830 credibile
2300 1784 2421 1838 est,
2479 1750 3217 1843 quaecunquerindiguerunt
3255 1782 3440 1839 opere,
3504 1777 3564 1823 ut

303 1868 441 1921 Ἀπὸ
475 1868 536 1920 δὲ
583 1867 879 1935 Αἰγυπτίου
932 1865 1226 1937 ἱματισμοῦ
1276 1867 1421 1930 εἰκὸς
1471 1866 1752 1935 γεγονέναι
1787 1865 1883 1918 ὅσα

1988 1868 2236 1922 nominat
2282 1866 2589 1934 Scriptura,
2640 1880 2741 1918 acu
2791 1864 3127 1934 pingentium
3177 1872 3233 1917 et
3287 1876 3560 1918 consueu-

296 1958 499 2031 ἐδεήθη
529 1958 726 2030 ἔργων,
760 1957 836 2021 ὡς
860 1956 1143 2025 ὠνόμασεν
1192 1958 1223 2026 ἡ
1272 1957 1483 2027 Γραφὴ,
1517 1955 1884 2026 ραφιδευτῶν,

291 2049 648 2121 συρραπτῶν,
699 2049 806 2102 τῶν
850 2048 1185 2120 ραφιδευτῶν
1216 2048 1351 2118 μετὰ
1395 2044 1585 2115 σοφίας
1622 2046 1779 2110 Θεοῦ,
1820 2046 1890 2099 τὰ

290 2140 475 2194 τοιάδε
509 2140 702 2211 ἱμάτια
753 2141 865 2203 τοῖς
894 2138 1114 2194 τοιοισδὶ
1135 2179 1148 2202 ,
1187 2139 1270 2191 ἵνα
1302 2138 1524 2209 γένηται
1559 2136 1627 2190 τά
1648 2154 1888 2190 καταπε-

288 2229 570 2299 τάσματα,
608 2230 702 2283 καὶ
739 2230 794 2283 αἰ
845 2228 1005 2287 ablat
1050 2229 1105 2281 αἰ
1185 2229 1437 2297 ἐσωτέρω
1483 2228 1577 2281 καὶ
1615 2226 1881 2299 ἐξωτέρω.

289 2319 406 2372 Καὶ
472 2320 525 2371 τί
583 2336 648 2389 με
714 2319 826 2383 δεῖ,
886 2318 1130 2389 ἀκαίρως
1202 2317 1665 2388 παρεκϐαίνοντα,
1718 2334 1888 2371 κατα-

290 2408 587 2473 σκευάζειν
619 2412 698 2473 εἰς
730 2410 829 2462 ὅσα
858 2408 1103 2479 χρήσιμά
1126 2411 1241 2461 ἐστι
1264 2410 1375 2471 τοῖς
1401 2411 1535 2475 υἱοῖς
1578 2409 1794 2480 Ἰσραὴλ
1818 2409 1886 2462 τά

286 2500 402 2553 άπὸ
434 2501 714 2568 Αἰγύπτου
766 2502 1321 2572 παραλαμϐανόμενα·
1349 2497 1428 2562 οἷς
1456 2500 1741 2567 Αἰγύπτιοι
1788 2501 1886 2571 μὲν

287 2591 397 2643 οὐκ
425 2593 509 2652 εἰς
534 2590 651 2642 δέον
681 2590 942 2660 ἐχρῶντο,
990 2589 1232 2660 Ἑϐραῖοι
1272 2589 1328 2640 δὲ
1370 2589 1459 2641 διὰ
1499 2592 1597 2659 τὴν
1626 2590 1719 2641 τοῦ
1753 2590 1886 2643 Θεοῦ

286 2682 497 2749 σοφίαν
547 2683 628 2743 εἰς
674 2680 983 2734 θεοσέϐειαν
1032 2683 1365 2753 ὲχρήσαντο;
1412 2675 1533 2733 Οἰδε
1584 2681 1686 2751 μέν
1733 2698 1814 2734 τοι
1854 2685 1887 2752 ἠ

283 2771 422 2826 θεία
456 2772 644 2843 Γραφὴ
692 2760 830 2842 πρὸς
873 2776 1041 2826 κακοῦ
1072 2773 1353 2842 γεγονέναι
1402 2773 1461 2825 τὸ
1499 2772 1608 2826 ἀπὸ
1640 2772 1740 2843 τῆς
1783 2774 1890 2843 γῆς

286 2862 405 2916 τῶν
439 2861 572 2915 υἱῶν
611 2863 826 2935 Ἰσραὴλ
871 2866 950 2926 εἰς
993 2866 1270 2932 Αἴγυπτον
1313 2864 1766 2934 καταϐεϐηκέναι,
1801 2866 1888 2918 αἰ·-

288 2952 614 3023 νισσομένη,
643 2954 725 3006 ὅτι
757 2954 867 3006 τισὶ
916 2955 1052 3025 πρὸς
1083 2954 1253 3008 κακοῦ
1282 2956 1494 3023 γίνεται
1527 2956 1587 3007 τὸ
1616 2957 1886 3027 παροικῆ-

290 3059 384 3096 σαι
408 3044 523 3106 τοῖς
555 3043 892 3112 Αἰγυπτίοις,
922 3045 1170 3097 τουτέστι
1196 3048 1309 3109 τοῖς
1342 3045 1435 3098 τοῦ
1468 3045 1670 3115 κόσμου
1708 3045 1885 3116 μαθή-

293 3151 434 3205 μασι
467 3134 604 3205 μετὰ
647 3134 709 3187 τὸ
741 3136 1085 3207 ἐγγραφῆναι
1137 3135 1215 3206 τῷ
1259 3137 1407 3207 νόμῳ
1450 3136 1544 3191 ⁴τοῦ
1599 3137 1757 3202 Θεοῦ,
1792 3138 1885 3191 καὶ

290 3230 359 3298 τῇ
432 3225 796 3297 Ἰσραηλιτικῇ
846 3227 926 3288 εἰς
954 3226 1115 3279 αὑτὸν
1149 3225 1435 3297 θεραπείᾳ.
1487 3226 1647 3300 Ἀδερ
1685 3227 1815 3296 γοῦν
1856 3230 1886 3281 ὁ

304 3318 604 3389 Ἰδουμαῖος
623 3314 758 3387 (Ili),
776 3316 898 3369 ὅσον
928 3316 1025 3386 μὲν
1052 3317 1109 3370 ὲν
1142 3320 1206 3387 τῇ
1238 3319 1307 3387 γῇ
1333 3315 1427 3369 τοῦ
1469 3317 1685 3390 Ἰσραὴλ
1702 3314 1788 3389 ἦν,
1809 3319 1884 3391 μὴ

292 3412 594 3481 γευόμενος
624 3409 731 3461 τῶν
758 3408 1071 3477 Αἰγυπτίων
1112 3406 1312 3479 ἄρτων,
1347 3407 1539 3460 εἴδωλα
1588 3404 1650 3457 οὐ
1710 3423 1874 3460 κατε-

300 3500 594 3565 σκεύαζεν·
618 3500 707 3552 ὅτε
725 3499 784 3553 δὲ
801 3498 1045 3569 ἀποδράς
1066 3498 1160 3551 τὸν
1201 3497 1365 3566 σοφὸν
1392 3494 1713 3566 Σολομῶντα
1739 3513 1873 3548 κατ-

293 3588 391 3660 έϐη
454 3591 539 3651 εἰς
581 3589 875 3657 Αἴγυπτον.
913 3589 987 3653 ὡς
1029 3587 1268 3658 ἀποδράς
1320 3587 1427 3641 ἀπὸ
1467 3588 1565 3659 τῆς
1608 3585 1702 3640 τοῦ
1744 3585 1880 3638 Θεοῦ

295 3679 515 3749 σοφίας,
533 3680 798 3752 συγγενὴς
817 3680 1008 3749 γέγονε
1030 3680 1106 3751 τῷ
1121 3678 1319 3750 Φαραὼ
1334 3680 1516 3750 γήμας
1538 3678 1635 3748 τὴν
1654 3677 1886 3746 ἀδελφὴν

294 3774 395 3842 τῆς
424 3772 683 3841 γυναικὸς
711 3772 874 3826 αὐτοῦ
916 3773 1010 3826 καὶ
1058 3770 1385 3825 τεκνοποιῶν
1420 3770 1512 3823 τὸν
1555 3771 1885 3841 τρεφόμενον

297 3863 506 3932 μεταξὺ
537 3862 646 3915 τῶν
682 3864 887 3917 παίδων
918 3864 1012 3917 τοῦ
1034 3862 1252 3934 Φαραώ.
1287 3862 1487 3932 Διόπερ
1513 3862 1558 3913 εἰ
1584 3861 1680 3914 καὶ
1712 3862 1883 3915 ἐπαν-

293 3954 560 4025 ελήλυθεν
600 3958 681 4020 εἰς
734 3957 833 4027 τὴν
863 3956 967 4027 γῆν
1006 3957 1240 4028 Ἰσραὴλ,
1273 3956 1365 4009 ἐπὶ
1392 3958 1452 4009 τὸ
1484 3954 1754 4026 διασχίσαι
1794 3955 1883 4007 τὸν

292 4046 421 4100 λαὸν
469 4045 561 4099 τοῦ
618 4046 753 4099 Θεοῦ
810 4046 1199 4119 ἐπανελήλυθε,
1251 4049 1347 4101 καὶ
1402 4049 1629 4118 ποιῆσαι
1688 4048 1884 4110 αὐτοὺς

293 4141 471 4191 εἰπεῖν
503 4139 597 4190 ἐπὶ
633 4142 698 4209 τῇ
730 4142 905 4210 χρυσῇ
951 4140 1212 4211 δαμάλει’
1249 4161 1267 4191 ι
1308 4136 1467 4193 Οῦτοί
1498 4144 1635 4193 εἰσιν
1681 4143 1727 4193 οἱ
1773 4139 1883 4193 θεοί

298 4246 417 4292 σου,
462 4230 774 4300 ’1σραὴλ,,οί
808 4231 1181 4299 ἀναγαγόντες
1211 4248 1268 4284 σε
1303 4233 1368 4284 ὲκ
1398 4232 1500 4301 γῆς
1534 4231 1825 4298 Αἰγύπτου.
1859 4251 1877 4283 ι

293 4321 470 4391 Κάγὼ
506 4321 564 4374 δὲ
595 4325 660 4394 τῇ
702 4323 871 4395 πείρᾳ
904 4322 1091 4395 μαθὼν
1133 4323 1339 4393 εἴποιμ’
1377 4324 1442 4378 ἄν
1487 4342 1591 4386 σοι,
1635 4326 1715 4377 ὅτι
1747 4325 1883 4378 σπά-

1913 3096 1954 3152 C

1991 1960 2149 2024 tium,
2182 1974 2281 2014 acu
2315 1959 2653 2028 pingentium
2684 1972 2807 2013 cum
2854 1957 2949 2010 Dei
2999 1955 3284 2023 sapientia,
3331 1956 3445 2009 haec
3474 1953 3564 2008 illa

1988 2051 2307 2106 vestimenta
2362 2051 2447 2104 his
2503 2049 2610 2103 illis
2663 2049 2870 2112 modis,
2932 2057 2992 2102 ut
3047 2048 3241 2101 ﬁerent
3293 2045 3564 2101 velamina

1988 2144 2239 2211 atriaque
2296 2142 2559 2197 interiora
2603 2150 2658 2196 et
2708 2140 3001 2195 exteriora.
3041 2139 3240 2192 Verum
3300 2138 3432 2207 quid
3480 2152 3567 2192 me

1988 2236 2185 2290 attinet
2221 2233 2600 2304 intempestiva
2632 2233 2971 2302 digressione
3011 2230 3288 2300 explicare
3335 2237 3469 2299 quot
3512 2239 3568 2285 et

1986 2335 2221 2394 quantos
2278 2338 2409 2377 usus
2478 2322 2744 2377 Israelitis
2791 2321 3127 2391 praebuerint
3184 2319 3565 2391 {Egyptiorum

1988 2416 2153 2486 spolia
2182 2415 2380 2485 quibus
2418 2414 2473 2469 hi
2510 2414 2650 2469 male
2694 2413 3020 2477 utebantur;
3060 2410 3272 2465 Hebraei
3306 2425 3437 2465 vero
3468 2409 3566 2464 Dei

1988 2508 2253 2577 sapientia
2303 2507 2533 2561 instituti
2586 2506 2655 2559 ad
2708 2504 2949 2559 divinum
3002 2504 3207 2559 cultum
3265 2501 3348 2557 usi
3403 2501 3566 2555 sunt?

1992 2600 2146 2654 Solet
2179 2608 2358 2654 tamen
2381 2599 2564 2653 divina
2594 2597 2878 2666 Scriptura
2906 2612 2936 2651 e
2965 2604 3109 2650 terra
3136 2593 3368 2649 ﬁliorum
3396 2593 3567 2648 Israel

1993 2688 2044 2742 in
2080 2687 2370 2758 Egyptum
2398 2691 2716 2743 descensum
2747 2689 2799 2741 in
2832 2687 2990 2741 malis
3024 2700 3247 2755 ponere,
3279 2686 3440 2739 tacite
3470 2685 3559 2738 in-

1991 2793 2162 2834 nuens
2211 2779 2532 2849 quibusdam
2580 2779 2780 2832 malum
2828 2792 2949 2833 esse
2983 2776 3193 2830 versari
3240 2791 3363 2830 cum
3401 2775 3567 2845 Egy-

1990 2874 2139 2941 ptiis,
2197 2873 2303 2928 boc
2350 2880 2456 2937 est,
2492 2887 2616 2927 cum
2669 2872 2852 2926 mundi
2910 2871 3232 2941 disciplinis,
3281 2877 3566 2939 postquam

1988 2965 2090 3034 legi
2127 2964 2220 3018 Dei
2266 2977 2459 3017 nomen
2515 2962 2786 3026 dederint,
2837 2971 2893 3016 et
2936 2961 3251 3015 Israeliticae
3299 2960 3350 3013 in
3398 2959 3567 3013 Deum

1988 3055 2202 3125 pietati.
2228 3053 2375 3109 Ader
2404 3061 2552 3107 certe
2577 3051 2913 3114 Idumteus",
2945 3052 3184 3121 quandiu
3216 3050 3315 3107 fuit
3340 3052 3394 3105 in
3422 3060 3568 3106 terra.

1988 3142 2176 3210 Israel,
2214 3156 2314 3198 nec
2355 3141 2600 3209 gustavit
2630 3139 3012 3210 Egyptiorum
3047 3156 3236 3212 panes,
3285 3141 3426 3197 idola
3459 3156 3567 3197 non

1986 3235 2287 3290 fabricatus
2320 3242 2436 3301 est;
2466 3247 2586 3287 cum
2617 3248 2748 3288 vero
2775 3249 2804 3288 a
2833 3235 3078 3305 sapiente
3126 3234 3420 3289 Salomone
3454 3248 3557 3287 au-

1988 3325 2197 3395 fugiens
2229 3325 2505 3380 descendit
2536 3325 2589 3379 in
2614 3324 2928 3395 Egyptum,
2964 3325 3109 3380 velut
3145 3326 3357 3395 fugiens
3393 3341 3421 3379 a
3456 3324 3552 3378 Dei
3589 3377 3593 3381 .

1987 3417 2280 3487 sapientia,
2337 3431 2459 3471 cum
2499 3416 2786 3471 Pharaone
2836 3417 3154 3471 affinitatem
3204 3416 3347 3479 iniit,
3405 3418 3567 3469 ducta

1987 3507 2177 3561 uxoris
2212 3506 2381 3576 ipsius
2425 3519 2639 3571 sorore,
2692 3515 2747 3561 et
2780 3514 3065 3575 procreato
3110 3520 3176 3558 ex
3217 3518 3284 3558 ca
3319 3504 3430 3557 ﬁlio
3474 3505 3568 3572 qui

1988 3597 2132 3652 inter
2161 3596 2466 3651 Pharaonis
2515 3596 2721 3652 liberos
2768 3598 3038 3652 educatus
3090 3604 3193 3649 est.
3231 3595 3430 3660 Quare,
3464 3596 3566 3649 etsi

1990 3689 2044 3743 in
2082 3697 2283 3742 terram
2321 3684 2491 3741 Israel
2525 3701 2778 3743 reversus
2819 3696 2927 3754 est,
2980 3688 3033 3741 in
3072 3688 3126 3741 id
3160 3702 3414 3743 reversus
3459 3700 3562 3751 est,

1987 3790 2047 3834 ut
2094 3779 2189 3835 Dei
2240 3779 2496 3848 populum
2534 3779 2823 3844 divideret,
2856 3793 3031 3848 eoque
3074 3777 3356 3835 induceret
3384 3781 3454 3846 ζιιι
3500 3783 3567 3836 de

1987 3886 2153 3926 aurea
2183 3871 2351 3926 vitula
2379 3872 2588 3926 diceret
2623 3887 2636 3925 :
2679 3890 2697 3922 ι
2740 3869 2803 3926 Ili
2835 3882 2960 3927 sunt
2994 3872 3068 3926 dii
3123 3872 3219 3939 tui,
3252 3871 3442 3937 Israel,
3470 3873 3565 3945 qui

1985 3963 2292 4018 eduxerunt
2340 3974 2393 4019 te
2433 3964 2501 4019 de
2536 3972 2681 4018 terra
2731 3964 2948 4036 [Egypti
2998 3965 3067 4024 "’.
3125 3985 3145 4019 ι
3190 3965 3268 4021 Ac
3300 3979 3399 4036 ego
3433 3981 3566 4021 sane

1984 4057 2321 4126 experientia
2353 4057 2546 4112 doctus
2581 4055 2965 4114 allirmaverim
3014 4074 3220 4130 paucos
3268 4060 3562 4115 admodum

1985 4148 2217 4204 inveniri
2247 4150 2340 4219 qui
2390 4151 2664 4220 perceptis
2712 4148 2935 4223 Egypti
2987 4152 3335 4215 utilitatibus,
3380 4167 3448 4208 ex
3497 4168 3564 4207 ea

1983 4242 2191 4309 egressi
2223 4242 2351 4307 sint,
2388 4252 2443 4295 et
2472 4258 2592 4312 quae
2623 4244 2690 4297 ad
2727 4244 2820 4296 Dei
2857 4243 3062 4297 cultum
3090 4242 3386 4309 pertinent,
3424 4257 3562 4296 con-

1985 4335 2298 4400 stituerint;
2354 4337 2556 4391 multos
2586 4350 2718 4390 vero
2744 4350 2865 4392 esse
2903 4335 3049 4391 Ader
3078 4336 3301 4390 Idumaei
3340 4334 3559 4391 fratres.

294 4429 403 4477 νιος
441 4412 541 4482 μὲν
589 4414 617 4465 ό
651 4412 723 4466 τὰ
753 4414 1165 4485 ’χρήσιμαστῆς
1213 4414 1491 4483 Αἰγύπτου
1534 4414 1734 4479 λαϐὼν,
1785 4415 1878 4468 καὶ

1986 4420 2045 4476 Hi
2102 4431 2231 4477 sunt
2279 4424 2373 4492 qui
2424 4422 2672 4479 eGrmca
2705 4425 2939 4495 quadam
3003 4426 3223 4481 solertia
3273 4428 3563 4485 haareticas

296 4502 529 4570 ἐξελθὼν
592 4505 813 4577 ταύτης,
861 4508 954 4559 καί
1009 4508 1427 4570 κατασκευάσας
1477 4507 1545 4561 τά
1594 4507 1733 4578 πρὸς
1783 4506 1883 4577 τὴν

1986 4512 2267 4582 opiniones
2317 4522 2623 4584 genuerunt
2669 4525 2724 4571 et
2765 4532 2867 4571 ceu
2915 4516 3120 4572 vitulas
3148 4518 3411 4587 quasdam
3459 4535 3559 4574 au-

294 4591 550 4665 λατρείαν
578 4594 671 4648 τοῦ
699 4594 862 4649 Θεοῦ’
901 4596 1067 4660 πολὺς
1091 4596 1148 4649 δὲ
1188 4599 1216 4650 ὁ
1250 4596 1342 4649 τοῦ
1386 4598 1685 4669 Ἰδουμαίου
1719 4597 1883 4669 Ἀδερ

1986 4619 2106 4660 reas
2152 4605 2403 4661 fabricati
2451 4618 2579 4663 sunt
2628 4610 2682 4663 in
2738 4609 2947 4676 Bethel,
2995 4624 3116 4679 qua:
3164 4610 3563 4681 interpretatur

297 4685 540 4754 ἁδελφός.
570 4680 729 4740 Οὗτοι
759 4687 816 4740 δέ
848 4689 984 4741 εἰσιν
1012 4689 1060 4741 οἰ
1092 4689 1201 4741 ἀπό
1238 4707 1382 4752 τινος
1430 4688 1747 4761 Ἑλληνικῆς
1792 4692 1880 4743 ὲν-

298 4779 547 4849 τρεχείας
583 4780 837 4851 αίρετικὰ
867 4782 1230 4852 γεννήσαντες
1262 4783 1537 4853 νοήματα,
1582 4782 1677 4835 καὶ
1721 4782 1882 4836 οἱονεὶ

300 4868 554 4943 δαμάλεις
582 4874 786 4943 χρυσᾶς
823 4873 1331 4937 κατασκευάσαντες
1368 4875 1425 4926 ὲν
1456 4874 1691 4945 Βαιθήλο
1726 4875 1754 4927 ὃ
1784 4876 1875 4946 ὲρ-

304 4964 588 5035 μηνεύεται
612 4961 776 5031 οἶκος
811 4966 984 5023 Θεοῦ.
1014 4968 1171 5019 Δοκεῖ
1193 4966 1250 5019 δέ
1289 4981 1379 5035 μοι
1416 4967 1511 5019 καὶ
1551 4966 1641 5020 διὰ
1670 4967 1874 5019 τούτων

297 5057 324 5108 ό
348 5055 504 5125 λόγος
536 5057 892 5120 αἰνίσσεσθαι,
921 5059 1000 5111 ὅτι
1030 5058 1096 5111 τὰ
1126 5057 1230 5111 ἴδια
1257 5057 1653 5128 άναπλάσματα
1681 5057 1875 5128 ἀνέθη-

301 5162 396 5198 καν
422 5149 543 5212 ταῖς
570 5148 811 5219 Γραφαῖς
838 5151 898 5203 ἐν
927 5144 1015 5212 αἷς
1041 5151 1180 5203 οἰκεῖ
1228 5149 1386 5217 λόγος
1414 5149 1569 5215 Θεοῦ,
1599 5149 1872 5221 τροπικῶς
1918 5190 1923 5194 ο

300 5233 497 5308 autem
537 5239 917 5311 καλουμέναις.
961 5241 1034 5293 Τὸ
1066 5239 1111 5293 δ’
1139 5239 1266 5295 ἄλλο
1300 5240 1633 5311 ἁνάπλασμα
1675 5241 1732 5294 ὲν
1766 5240 1871 5295 Δάν

302 5326 460 5395 φησὶν
500 5329 529 5379 ό
574 5328 732 5397 λόγος
775 5330 1168 5385 ἀνατεθεῖσθαι.
1218 5332 1323 5384 Τοῦ
1374 5333 1431 5385 δὲ
1481 5332 1587 5385 Δὰν
1627 5333 1699 5386 τά
1751 5335 1874 5405 ὅρια

302 5414 577 5471 τελευταῖά
621 5422 758 5486 ἐστι,
797 5422 890 5474 καὶ
923 5423 1087 5491 ἐγγὺς
1128 5422 1236 5475 τῶν
1279 5422 1510 5477 ἐθνικῶν
1553 5425 1749 5495 ὁρίων,
1799 5426 1874 5489 ὡς

304 5610 323 5619 κ
368 5530 411 5564 ⁸⁸
445 5532 673 5606 llIReg.
723 5551 785 5600 ιι,
825 5535 916 5592 14.
997 5536 1041 5568 ‘9
1081 5538 1256 5595 Exod.
1284 5556 1450 5607 χχχιι,
1495 5542 1549 5595 II.

1980 4697 2167 4750 domus
2209 4696 2332 4754 Dei.
2375 4699 2471 4754 llis
2504 4700 2635 4755 mihi
2683 4699 2790 4771 32
2834 4701 3051 4756 videtur
3092 4702 3256 4757 tacite
3304 4704 3558 4769 indicari,

1979 4802 2078 4842 sua
2111 4803 2206 4843 eos
2244 4799 2557 4845 commenta
2612 4791 2887 4849 aﬁinxisse
2933 4795 3231 4864 Scripturis
3277 4795 3330 4848 in
3363 4795 3561 4864 quibus

1984 4881 2077 4935 Dei
2130 4883 2355 4936 verbum
2411 4884 2641 4949 habitat,
2681 4898 2736 4940 et
2785 4902 2904 4955 quae
2959 4889 3167 4958 trapice
3215 4888 3561 4957 appellantur

1983 4970 2191 5026 Bethel.
2222 4972 2490 5028 Cmterum
2523 4975 2667 5030 aliud
2708 4977 3021 5045 ﬁgmentum
3073 4982 3149 5033 ait
3180 4979 3466 5049 Scriptura
3501 4981 3555 5035 in

1982 5062 2096 5117 Dan
2134 5067 2428 5132 repositum
2481 5067 2668 5123 fuisse.
2724 5068 2886 5125 Fines
2924 5086 3102 5142 porro
3154 5072 3266 5127 Dan
3321 5074 3549 5129 extremi

1981 5164 2109 5210 sunt
2138 5166 2191 5211 et
2229 5158 2279 5211 in
2328 5158 2567 5213 conﬁnio
2599 5161 2861 5228 gentium,
2895 5172 2955 5216 ut
2984 5171 3197 5219 constat
3238 5180 3305 5218 ex
3343 5165 3409 5218 iis
3435 5179 3556 5232 qua

1981 5247 2035 5303 in
2073 5248 2212 5305 libro
2235 5248 2363 5306 Jesu
2400 5249 2545 5307 Nave
2574 5254 2776 5324 scripta
2808 5265 2958 5310 sunt.
3003 5256 3143 5311 Sunt
3168 5256 3335 5327 igitur
3374 5256 3553 5310 vicina

1984 5339 2179 5395 ﬁnibus
2207 5344 2450 5413 gentium
2483 5349 2732 5415 quaedam
2778 5362 2843 5401 ex
2892 5351 2959 5405 iis
3006 5348 3282 5418 ﬁgmentis
3325 5361 3466 5416 quin,
3497 5354 3557 5400 ιιι

1985 5434 2358 5502 exposuimus,
2388 5436 2583 5493 fratres
2611 5438 2756 5494 Ader
2787 5441 3081 5496 ﬁnxerunt.

368 5668 478 5743 (l6)
515 5668 691 5743 Ἀδερ
730 5668 900 5743 γοιξν-
926 5672 958 5722 ό
1003 5671 1341 5743 Ἰδουμαῖος,
1373 5686 1480 5733 etc.
1519 5676 1867 5731 Confundere

1986 5677 2222 5733 roboam.
2278 5676 2481 5731 Confer
2512 5684 2679 5743 caput
2721 5675 3069 5731 undecimum
3102 5673 3227 5743 libri
3257 5672 3399 5733 tertii
3428 5673 3535 5736 Rc-

305 5736 510 5794 videtur
535 5740 639 5796 hoc
655 5736 782 5796 loco
809 5737 1073 5812 Origenes
1115 5736 1261 5800 Adcr
1292 5736 1386 5801 seu
1412 5747 1566 5803 Adad
1614 5762 1737 5802 cum
1780 5745 1871 5802 Jc-

1980 5764 2105 5819 gum
2137 5762 2261 5804 cum
2296 5746 2535 5817 ejusdem
2571 5745 2694 5800 libri
2732 5744 2909 5813 capite
2933 5742 3272 5802 duodecimo.

3460 5838 3495 5851 ..Α

3412 5852 3485 5875 δίε
3507 5860 3571 5895 ’κζ’
3596 5862 3618 5878 ι
