3952 6144
380 217 444 278 ω
1790 199 2215 259 FRAGMENTA

3583 197 3663 253 92

377 332 541 405 δῆλον
595 298 661 385 ὲκ
709 332 817 385 τῶν
856 326 1361 400 ἀναγεγραμμένων
1410 325 1468 376 ἔν
1524 323 1603 391 τῷ
1653 319 1748 374 τοῦ
1795 319 1950 390 Ναυῆ
2025 317 2221 389 Ἰησοῦ.
2283 316 2478 385 Ἐγγὺς
2542 310 2636 369 οὖν
2678 313 2815 367 εἰσιν
2883 311 3113 367 ἐθνικῶν
3177 312 3341 387 ὁρίων
3382 318 3505 369 τινὰ
3543 315 3654 369 τῶν

379 404 827 494 ἀναπλασμάτων
875 422 1018 492 ἆπερ
1068 415 1373 473 ἀνέπλασαν
1421 415 1471 467 οἱ
1520 413 1614 466 τοῦ
1666 412 1852 482 Ἀδερ,
1889 412 1964 475 ὡς
1989 407 2427 478 ἀποδεδώκαμεν,
2460 404 2697 475 ἀδελφοί.

455 519 511 571 5.
545 514 627 569 Tu
661 514 850 583 igitur,
899 511 1113 567 domine
1146 507 1245 570 lili,
1290 507 1562 575 praecipue
1602 505 1824 559 attende
1874 503 1957 557 di-

2128 501 2203 553 Σὺ
2244 494 2358 565 οῦν,
2384 497 2539 569 κύριε
2566 497 2671 565 υἱὲ,
2715 495 3141 567 προηγουμένως
3168 498 3401 568 πρόσεχε
3439 501 3506 570 τῇ
3540 498 3651 553 τῶν

382 608 636 662 vinarum
661 604 1071 674 Scripturarum
1096 600 1342 664 lectioni,
1369 600 1464 654 sed
1496 596 1718 652 attende
1742 611 1758 660 ;
1787 594 1958 650 multa

384 699 534 753 enim
573 696 875 752 attentione
917 692 1095 755 nobis,
1147 693 1237 761 qui
1291 692 1474 746 divina
1527 688 1777 757 legimus,
1823 700 1962 756 opus

384 797 494 855 est,
532 804 604 843 ne
652 788 719 841 de
766 787 832 839 iis
858 784 1037 853 aliqua
1074 781 1529 839 inconsideratius
1579 780 1823 832 dicamus
1870 783 1963 831 aut

385 878 718 943 sentiamus;
770 886 825 931 et
856 875 1147 930 attendens
1175 889 1357 930 rerum
1391 873 1698 926 divinarum
1743 868 1960 922 lectioni

384 983 505 1022 eum
535 966 679 1022 ﬁdeli
713 975 769 1022 et
794 981 915 1035 qua:
944 965 1055 1019 Deo
1097 965 1308 1033 placeat
1352 962 1643 1030 anticipata
1686 959 1959 1028 opinione,

383 1054 541 1124 pulsa
573 1068 694 1124 quae
738 1053 792 1106 in
845 1053 914 1106 iis
948 1051 1129 1105 clausa
1185 1060 1329 1114 sunt,
1366 1058 1422 1104 et
1478 1049 1754 1117 aperietur
1802 1047 1961 1101 tibia

380 1144 637 1213 ianitore,
673 1144 742 1198 de
774 1158 883 1212 quo
913 1143 1049 1196 dixit
1080 1141 1242 1198 Iesus
1270 1160 1282 1195 :
1323 1160 1343 1193 ι
1381 1141 1521 1195 Huic
1545 1141 1803 1195 osﬁarius
1829 1154 1961 1210 ape-

383 1235 457 1289 rit
502 1233 570 1290 ”.
634 1252 654 1286 ι
715 1234 780 1288 Et
831 1235 1117 1289 attendens
1174 1234 1370 1287 divinae
1416 1232 1652 1293 lectioni,
1714 1240 1859 1285 recte
1908 1238 1963 1286 et

382 1324 542 1378 ﬁrma
572 1323 623 1377 in
648 1322 810 1377 Deum
832 1324 934 1377 lide
955 1337 1279 1396 eamqusere
1296 1337 1416 1391 qua!
1439 1321 1621 1375 multis
1647 1319 1962 1376 abscondita

383 1425 492 1479 est,
524 1416 831 1470 divinarum
877 1424 1116 1469 mentem
1161 1414 1497 1469 litterarum.
1533 1412 1733 1468 Verum
1768 1426 1836 1467 ne
1865 1411 1961 1466 tibi

384 1509 520 1564 satis
561 1509 633 1563 sit
664 1507 882 1577 pulsare
910 1517 968 1562 et
1014 1521 1282 1577 quaerere.
1330 1505 1465 1559 Nam
1516 1506 1754 1559 maxime
1796 1504 1959 1559 etiam

384 1600 694 1654 necessaria
727 1608 813 1653 est
849 1600 916 1653 ad
953 1613 1040 1654 res
1086 1594 1733 1666 divinas‘iutelligendas
1765 1595 1961 1661 oratio,

384 1690 456 1745 ad
506 1703 668 1759 quam
721 1690 1014 1745 cohortans
1073 1687 1356 1753 Salvator,
1404 1702 1513 1742 non
1566 1686 1741 1742 solum
1785 1685 1961 1742 dixit:

392 1800 412 1833 s
448 1780 765 1843 Pulsate,et
814 1782 1091 1850 aperietur
1127 1781 1321 1844 vobis;
1366 1798 1386 1831 ι
1436 1789 1536 1834 et:
1577 1798 1596 1830 ι
1634 1778 1960 1845 Qumrite,et

386 1842 788 1938 invenietis",
909 1873 1005 1928 sed
1049 1882 1149 1928 et:
1190 1889 1210 1923 ι
1264 1842 1459 1933 Petite,
1506 1878 1562 1923 et
1604 1842 1822 1922 dabitur
1864 1882 1960 1921 νο-
1991 1842 2034 1898 Β

384 1964 470 2019 bis
510 1965 589 2029 “;
634 1983 654 2017 ι
696 1963 821 2018 Haec
871 1981 967 2032 pro
1023 1975 1245 2034 paterna
1294 1976 1412 2016 mea
1467 1961 1521 2015 in
1577 1969 1629 2015 te
1686 1959 1959 2013 charitate

385 2069 551 2110 ausus
585 2070 727 2109 sum.
770 2056 849 2109 An
882 2065 1033 2110 recte
1063 2056 1164 2109 sim
1193 2067 1360 2108 ausus
1387 2065 1576 2112 necne,
1610 2050 1763 2105 novit
1795 2050 1956 2115 Deus,

384 2155 442 2201 et
462 2146 715 2201 Christus
751 2146 943 2214 ipsius,
982 2161 1084 2201 nec
1112 2161 1217 2199 non
1248 2146 1338 2212 qui
1375 2144 1647 2212 particeps
1688 2149 1772 2195 est
1799 2141 1956 2208 spiri-

386 2244 476 2289 tus
502 2236 595 2291 Dei
627 2245 681 2290 et
710 2236 936 2305 spiritus
967 2236 1190 2290 Christi.
1236 2234 1462 2290 Utinam
1511 2242 1565 2286 et
1602 2241 1658 2285 tu
1687 2233 1960 2300 particeps

387 2328 485 2393 sis,
512 2336 567 2382 et
611 2343 729 2383 eam
771 2339 974 2398 partem
1025 2343 1240 2397 semper
1270 2342 1491 2396 augeas,
1520 2332 1580 2377 ut
1624 2339 1730 2377 non
1784 2323 1959 2377 solum

387 2417 540 2472 dicas
584 2434 598 2472 :
649 2437 668 2470 ι
708 2418 1011 2488 Partiripes
1036 2418 1237 2473 Christi
1267 2418 1395 2473 facti
1429 2429 1618 2471 sumus
1634 2413 1732 2479 ⁸³,ι
1769 2413 1958 2477 sedet,

394 2525 416 2558 ο
453 2508 745 2579 participes
775 2509 896 2566 Dei.
937 2528 956 2561 ι

2062 588 2218 643 θείων
2265 586 2497 659 Γραφῶν
2550 585 2889 653 ἀναγνώσει⁸
2937 583 3076 637 ἀλλὰ
3121 585 3389 657 πρόσεχε·
3445 586 3653 657 πολλῆς

2061 679 2168 751 γὰρ
2205 676 2481 749 προσοχῆς
2514 674 2979 743 ἀναγινώσκοντες
3001 674 3069 727 τὰ
3101 674 3222 730 θεῖα
3257 676 3491 746 δεόμεθα
3510 695 3523 707 ·
3561 678 3654 733 ἵνα

2066 772 2140 844 μὴ
2172 771 2611 842 προπετέστερον
2638 767 2881 837 εἴπωμέν
2922 784 3067 831 τινα,
3098 766 3130 838 ἢ
3175 760 3485 841 νομίσωμεν
3521 774 3656 844 περὶ

2062 864 2275 917 αὐτῶν·
2310 863 2404 916 καὶ
2432 860 2714 932 προσέχων
2742 862 2806 930 τῇ
2841 858 2948 911 τῶν
2978 857 3138 913 θείων
3176 860 3478 930 ἀναγνώσει
3513 862 3652 933 μετὰ

2064 954 2263 1024 πιστῆς
2306 954 2400 1006 καὶ
2433 951 2553 1022 Θεῷ
2596 949 2938 1021 ἀρεσκούσης
2989 950 3331 1023 προλήψεως,
3362 951 3529 1023 κροῦε
3581 952 3656 1005 τὰ

2063 1045 2424 1115 κεκλεισμένα
2454 1044 2643 1114 αὐτῆς,
2673 1044 2765 1096 καὶ
2803 1044 3149 1116 ἁνοιγήσεταί
3179 1060 3261 1096 σοι
3290 1042 3394 1096 ὑπὸ
3429 1042 3522 1096 τοῦ
3554 1042 3653 1097 0o-

2065 1134 2264 1209 ρωροῦ,
2291 1135 2420 1206 περὶ
2456 1126 2516 1187 οῦ
2557 1130 2709 1187 εἶπεν
2736 1137 2765 1187 6
2808 1135 3014 1205 Ἰησοῦς
3034 1152 3047 1166 ’
3088 1153 3107 1185 ‹
3144 1133 3333 1205 Τούτῳ
3356 1136 3383 1188 6
3402 1133 3654 1207 θυρωρὸς

2063 1225 2288 1294 ἀνοίγει.
2331 1243 2349 1275 ι
2387 1224 2497 1277 Καὶ
2528 1222 2810 1295 προσέχων
2849 1225 2915 1294 τῇ
2954 1222 3074 1294 θείᾳ
3104 1220 3429 1291 ἀναγνώσει,
3472 1220 3653 1292 ὀρθῶς

2063 1317 2215 1388 ζήτει
2257 1319 2350 1370 καὶ
2381 1318 2516 1388 μετὰ
2551 1317 2787 1380 πίστεως
2826 1316 2926 1385 τῆς
2969 1315 3048 1379 είς
3080 1313 3212 1368 Θεὸν
3261 1312 3517 1377 ἀκλινοῦς
3549 1312 3644 1367 τδν

2062 1407 2447 1480 κεκρυμμένον
2492 1411 2605 1471 τοῖς
2638 1407 2850 1471 πολλοῖς
2875 1407 3000 1459 νοῦν
3042 1405 3151 1457 τῶν
3199 1404 3359 1458 Θείων
3385 1403 3653 1476 γραμμά-

2060 1515 2189 1554 των.
2224 1500 2316 1570 Μὴ
2350 1499 2520 1572 ἀρκοῦ
2545 1500 2602 1552 δὲ
2632 1498 2709 1569 τῷ
2733 1497 2951 1570 κρούειν
2979 1498 3074 1549 καὶ
3107 1495 3291 1565 ζητεῖν
3310 1512 3322 1525 ·
3349 1496 3649 1565 ἀναγκαιο-

2060 1595 2197 1665 τάτη
2226 1593 2335 1664 γὰρ
2360 1592 2453 1647 καὶ
2480 1594 2513 1663 ὴ
2542 1593 2669 1663 περὶ
2704 1590 2798 1644 τοῦ
2824 1592 2966 1644 νοεῖν
2998 1587 3072 1642 τὰ
3120 1587 3240 1642 θεῖα
3283 1587 3413 1659 εὐχή
3434 1605 3447 1618 ο
3498 1590 3585 1657 ἐφ’

2065 1685 2391 1758 προτρέπων
2426 1684 2455 1736 6
2490 1680 2699 1754 Σωτὴρ,
2734 1681 2796 1734 οὐ
2849 1679 3011 1751 μόνον
3053 1674 3176 1731 εἷπε
3198 1677 3260 1731 τό
3281 1693 3295 1708 ο
3326 1694 3345 1727 t
3377 1676 3644 1749 Κρούετε,

2062 1778 2158 1831 καὶ
2184 1777 2534 1846 ἀνοιγήσεται
2579 1773 2727 1843 ὑμῖν,
2767 1790 2785 1823 ι
2836 1771 2929 1824 καὶ
2974 1770 3071 1823 τόν
3113 1788 3134 1821 ‹
3176 1766 3530 1839 Ζητεῖτε,κα“ι
3558 1760 3651 1814 εὑ-

2064 1870 2279 1938 ρήσετε,
2324 1885 2342 1917 ι
2400 1864 2536 1918 ἀλλὰ
2580 1863 2676 1917 καὶ
2720 1862 2821 1915 τόο
2874 1880 2893 1913 ι
2948 1861 3181 1923 Αἰτεῖτε,
3208 1857 3303 1910 καὶ
3360 1852 3650 1924 δοθήσεται

2061 1962 2209 2031 ὑμῖν.
2250 1978 2269 2011 s
2308 1957 2491 2011 Ταῦτα
2525 1955 2633 2008 ἀπὸ
2663 1954 2762 2024 τῆς
2805 1951 2941 2021 πρὸς
2972 1949 3034 2002 σέ
3070 1964 3171 2019 μου
3211 1946 3481 2017 πατρικῆς
3506 1944 3651 2012 ἀγά-

2060 2068 2171 2122 πης
2214 2050 2558 2119 τετόλμηται.
2610 2046 2675 2098 Εἰ
2714 2045 2760 2096 δ’
2806 2038 2864 2096 εὖ
2900 2042 3015 2112 ἔχει
3061 2039 3130 2094 τὰ
3172 2036 3571 2108 τετολμημένα,
3611 2035 3647 2107 ἦ

2063 2145 2160 2214 μὴ,
2196 2141 2326 2205 Θεὸς
2354 2141 2419 2194 ἂν
2452 2138 2642 2209 εἰδείη,
2678 2138 2773 2189 καὶ
2806 2138 2834 2190 6
2859 2132 3094 2204 Χριστὸς
3122 2128 3307 2194 αὑτοῦ,
3337 2130 3431 2182 καῖ
3458 2131 3485 2181 6
3514 2145 3650 2199 μετ-

2060 2234 2200 2305 έχων
2233 2233 2544 2302 πνεύματος
2583 2228 2719 2282 Θεοῦ
2744 2228 2838 2280 καὶ
2860 2224 3170 2295 πνεύματος
3198 2220 3457 2294 Χριστοῦ.
3500 2222 3652 2274 Μετ-

2066 2325 2210 2395 έχοις
2260 2323 2316 2376 δὲ
2363 2324 2457 2375 καὶ⁵
2496 2323 2581 2384 σὺ,
2634 2321 2726 2374 καὶ
2772 2319 2860 2373 ἀεὶ
2908 2315 3094 2381 αῦξοις
3131 2316 3231 2387 τὴν
3276 2312 3527 2385 μετοχὴν,
3561 2312 3653 2365 ἵνα

2066 2416 2230 2485 λέγῃς
2275 2416 2335 2468 οὐ
2386 2415 2544 2485 μόνον
2578 2414 2673 2466 τόδ
2716 2431 2734 2462 ι
2783 2410 3019 2480 Μέτοχοι
3072 2407 3165 2460 τοῦ
3208 2404 3443 2478 Χριστοῦ
3484 2403 3652 2473 γεγό-

2068 2522 2293 2575 ναμεν,›
2331 2504 2468 2558 ἀλλὰ
2499 2504 2649 2572 καὶ,‹
2686 2504 2902 2574 μέτοχοι
2951 2500 3045 2554 τοῦ
3073 2498 3229 2554 Θεοῦ.
3272 2519 3290 2551 s

458 2604 507 2636 ’θ
533 2602 698 2659 Joan.
733 2621 787 2670 κ,
819 2607 874 2660 '5.
953 2605 993 2635 ⁸¹
1030 2603 1222 2658 Matth.
1252 2619 1348 2667 vn,
1383 2603 1438 2656 7.
1515 2602 1561 2633 ⁵²
1588 2600 1721 2655 Luc.
1759 2614 1820 2664 ιι,
1857 2598 1911 2653 9.

2066 2600 2201 2656 ileb.
2249 2615 2326 2665 ut,
2370 2601 2457 2654 14.

407 2727 663 2739 —_—_.

2291 2724 3643 2756 Ἥ

407 2730 663 2739 ____
672 2730 3333 2754 ____.._.__=.____===___________._

673 2834 1251 2928 MONITUM
1332 2835 1481 2922 AD
1559 2827 1990 2924 LIBROS
2066 2831 2215 2919 DE
2298 2766 3340 2921 RESUItREC‘TIONE.

460 3054 719 3109 Eusebius
758 3053 892 3107 llist.
928 3053 1061 3106 eccl.
1100 3053 1191 3107 lib.
1229 3068 1307 3113 νι,
1333 3071 1448 3111 cap.
1476 3052 1568 3117 24,
1602 3059 1742 3108 inter
1771 3069 1929 3119 opera
1963 3069 2081 3121 qum
2105 3051 2388 3121 Origenem
2422 3053 2757 3108 Alexandria
2786 3055 3139 3120 composuisse
3166 3063 3372 3113 narrat.
3404 3064 3641 3110 recenset

387 3128 466 3182 De
499 3124 899 3195 resurrectione
952 3124 1117 3195 lihros
1167 3126 1323 3195 duos.
1379 3123 1579 3195 scripti
1608 3135 1727 3177 sunt
1761 3131 1883 3195 ante
1934 3123 1959 3174 l:

2062 3139 2114 3195 με
2139 3124 2274 3194 Περὶ
2313 3123 2518 3193 ἀρχῶν,
2561 3126 2994 3192 quandoquidem
3029 3126 3126 3195 lib._
3173 3141 3187 3177 ι
3241 3125 3375 3195 Περὶ
3430 3125 3643 3195 ἀρχῶν,

388 3213 506 3263 cap.
544 3193 631 3255 10,
668 3192 958 3245 laudantur
988 3193 1067 3246 his
1101 3194 1266 3263 verbis
1298 3210 1316 3247 :
1357 3212 1376 3245 ι
1417 3192 1491 3246 De
1523 3210 1624 3262 quo
1667 3194 1938 3259 (nimirum
1972 3194 2036 3246 de
2074 3191 2493 3263 Resurrectione)
2564 3195 2617 3245 in
2686 3194 2808 3247 aliis
2843 3196 3051 3259 quidem
3110 3193 3254 3247 libris
3289 3191 3417 3263 quos
3455 3191 3538 3247 oe“
3564 3212 3651 3249 re-

390 3262 717 3318 surrectione
743 3263 1072 3326 scripsimus,
1106 3262 1308 3330 plenius
1339 3264 1745 3330 disputavimus,
1772 3276 1818 3315 et
1850 3264 1978 3330 quid
2012 3262 2161 3315 nobis
2188 3263 2255 3316 de
2282 3267 2378 3316 hoc
2406 3265 2689 3326 videretur,
2722 3269 3073 3317 ostendimus.
3105 3263 3209 3317 Sed
3241 3262 3453 3317 et’nunc
3476 3281 3651 3331 pauca

387 3334 512 3386 inde
544 3341 771 3402 repetere
798 3348 898 3384 non
931 3334 1133 3385 videtur
1158 3334 1501 3387 absurdum.)
1532 3332 1880 3402 Hieronymus
1903 3334 1955 3385 in
1988 3334 2121 3402 libro
2146 3334 2371 3401 quodam
2397 3334 2487 3401 qui
2515 3335 2712 3385 citatur
2740 3351 2771 3386 a
2804 3332 3000 3398 Ruﬁno
3033 3335 3085 3385 in
3120 3334 3378 3402 Apologia
3403 3337 3645 3390 secunda

392 3404 655 3473 adversus
699 3400 1103 3473 Hieronymum.
1146 3403 1442 3456 indicatum
1480 3414 1656 3456 texens
1689 3400 1947 3454 librorum
1976 3400 2271 3473 iOrigenis,
2307 3400 2415 3473 non
2462 3406 2637 3456 solum
2672 3404 2745 3473 ait
2794 3419 2910 3455 eum
2949 3403 3221 3470 scripsisse
3269 3400 3344 3457 De
3396 3419 3649 3473 resurre-

388 3474 569 3525 ctione
599 3472 765 3524 libros
797 3471 951 3531 duos,
981 3473 1070 3523 sed
1102 3482 1147 3525 et
1179 3473 1315 3525 alios
1358 3473 1429 3526 De
1461 3474 1857 3525 resurrectione
1878 3472 2122 3537 dialogos
2152 3477 2305 3525 duos.
2335 3471 2465 3524 Cum
2489 3489 2609 3537 ergo
2641 3472 2822 3541 aliquo
2870 3489 3027 3526 sensu
3051 3473 3158 3525 dici
3189 3483 3344 3541 queat
3395 3471 3649 3537 Origenes

389 3552 613 3607 quatuor
645 3541 717 3594 De
749 3542 1331 3611 resurrectionelibros
1359 3544 1652 3610 scripsisse.
1676 3542 1872 3594 idcirco
1901 3542 2035 3610 forte
2056 3544 2190 3611 idem
2214 3541 2567 3609 Hieronymus
2590 3542 2741 3606 epist.
2777 3542 2868 3605 58,
2896 3542 3031 3596 alias
3061 3542 3149 3603 6|,
3184 3543 3376 3594 librum
3407 3543 3538 3593 citat
3570 3543 3644 3593 De

387 3613 791 3666 resurrectione
821 3620 1089 3676 quartum.
1126 3610 1318 3664 Contra
1354 3613 1445 3665 hos
1477 3610 1717 3677 Origenis
1742 3614 1902 3663 libros
1938 3611 2009 3663 De
2062 3610 2465 3665 resurrectione
2496 3611 2706 3679 scripsit
2745 3612 3044 3665 .llethodius
3077 3613 3347 3677 episcopus
3374 3612 3638 3677 insignem

393 3681 895 3751 Ilo‘iresurrectiOue
925 3682 1193 3751 dialogum
1238 3691 1364 3733 teste
1398 3681 1719 3751 Hieronymo
1743 3683 1798 3734 in
1835 3681 1969 3733 libro
2018 3682 2092 3733 De
2123 3682 2311 3751 script.
2353 3681 2575 3747 eccles,
2625 3691 2671 3732 et
2703 3679 2942 3735 Maximo
2988 3682 3041 3734 in
3075 3680 3289 3751 scholiis
3340 3681 3408 3733 ad
3455 3680 3649 3733 librum

387 3749 496 3871 i3
532 3751 916 3804 ecclesiasticae
971 3750 1302 3804 llicrarchia:
1354 3749 1616 3821 Dionysii,
1663 3768 1780 3817 cap.
1830 3751 1883 3807 7.
1920 3751 2002 3803 Es:
2035 3754 2129 3803 hoc
2164 3749 2421 3803 Mcl/wdii
2474 3752 2691 3815 Dialogo
2726 3754 2935 3820 egregia
2983 3751 3142 3803 habes
3176 3750 3471 3818 fragmenta
3503 3751 3646 3818 apud

431 3820 750 3871 'uinhanium
798 3821 851 3871 in
890 3820 1077 3871 ha’resi
1123 3820 1568 3871 Oriaenistarum.
1596 3830 1644 3871 et
1675 3822 1816 3871 anud
1872 3819 2115 3871 Photium
2163 3820 2215 3871 in
2264 3821 2617 3871 Bibliotheca.
2651 3821 2853 3871 Scrivti
2888 3832 3009 3871 sunt
3043 3822 3203 3871 etiam
3231 3836 3387 3871 suner
3412 3836 3472 3871 ea
3499 3836 3646 3871 auir-

431 3820 750 3886 Ipiphanium
798 3821 851 3871 in
890 3820 1077 3873 ha’resi
1123 3819 1568 3889 Origenistaruin,
1596 3830 1644 3872 et
1675 3822 1816 3887 apud
1872 3819 2115 3873 Photium
2163 3820 2215 3871 in
2264 3821 2617 3875 Bibliotheca.
2651 3819 2855 3889 Scripti
2888 3832 3009 3873 sunt
3043 3822 3203 3874 etiam
3231 3836 3387 3887 super
3412 3836 3472 3889 ea
3499 3836 3650 3889 quir-

390 3902 557 3959 sttorie
591 3890 838 3941 adversus
889 3889 1162 3956 Origenem
1196 3887 1260 3942 ab
1314 3890 1607 3943 Hammone
1653 3891 2059 3957 Adrianopolila
2114 3890 2255 3951 libri,
2300 3892 2389 3942 sed
2442 3907 2666 3959 quorum
2718 3887 2876 3944 hodie
2928 3890 3060 3943 nihil
3103 3900 3360 3958 superest.
3416 3887 3649 3943 Huetius

390 3957 845 4027 Origcuiauorutu
893 3960 984 4011 lib.
1040 3974 1100 4019 ιι,
1148 3970 1335 4026 qmrst.
1373 3962 1424 4026 9,
1464 3960 1597 4012 alios
1645 3970 1912 4011 enumerat
1934 3962 2236 4026 scriptores,
2273 3957 2461 4024 quibus
2497 3962 2544 4013 si
2586 3960 2717 4028 fides
2764 3961 3005 4015 habenda
3052 3957 3174 4023 sit,
3214 3961 3479 4012 variorum
3516 3969 3564 4011 et
3620 3976 3649 4012 e

390 4028 650 4081 diametro
680 4028 786 4095 [ere
815 4029 1170 4093 oppositorum
1203 4031 1480 4082 criminum
1513 4030 1577 4082 de
1606 4030 1982 4082 resurrectione
2012 4045 2130 4081 reus
2174 4030 2332 4096 fuerit
2363 4030 2613 4097 Origenes
2665 4047 2869 4083 necesse
2913 4040 3008 4083 est.
3064 4029 3296 4095 Denique
3336 4038 3417 4082 tot
3448 4040 3650 4082 scatere

394 4099 664 4166 erroribus
693 4098 809 4165 ejus
854 4098 927 4151 De
960 4100 1356 4153 resurrectione
1392 4100 1513 4151 libri
1544 4097 1867 4166 Hieronymo
1899 4099 2234 4165 videbantur,
2267 4111 2321 4151 ut
2354 4101 2410 4153 in
2454 4103 2677 4156 epistola
2713 4101 2804 4161 41,
2838 4100 2973 4153 alias
3009 4098 3096 4163 65,
3125 4099 3379 4153 estclamet
3408 4116 3426 4156 :
3456 4116 3474 4149 ι
3516 4098 3650 4162 Quis

387 4165 703 4241 Latinorum
730 4185 891 4241 ausus
924 4179 996 4221 est
1026 4184 1255 4241 unquam
1281 4165 1890 4241 transrferrerlibros’ejus
1929 4168 1959 4220 IJ

2062 4172 2451 4241 esurrcctiom‘,
2485 4171 2619 4241 Περὶ
2648 4170 2855 4240 ἀρχῶν,
2891 4169 3272 4241 Στρωματέας,
3303 4179 3357 4222 et
3390 4168 3640 4237 Τόμουςῖ

442 4240 523 4289 uis
553 4255 643 4305 per
673 4239 871 4304 infame
910 4256 1036 4306 apus
1078 4236 1130 4290 se
1162 4239 1333 4301 ipsum
1362 4236 1522 4292 voluit
1560 4238 1864 4306 infamari?
1902 4256 1919 4287 ι
1976 4236 2344 4293 Verumtamen
2386 4236 2700 4306 Pamphilus
2724 4236 3063 4309 imartyr'in'
3087 4240 3352 4308 Apologia
3402 4236 3499 4292 sua
3550 4254 3650 4307 pro

388 4256 523 4362 (quis
553 4256 643 4305 per
673 4256 871 4304 mlame
910 4256 1036 4306 opus
1078 4256 1130 4290 se
1162 4256 1333 4301 ipsum
1362 4256 1522 4292 vomu
1560 4256 1813 4306 mlamari
1839 4256 1863 4291 ς’
1902 4256 1919 4287 ι
1976 4256 2344 4293 verummmeu
2386 4256 2700 4306 I’ttmplttlits
2748 4256 2951 4309 martyr
2989 4257 3041 4293 in
3087 4256 3352 4308 Apomgta
3402 4256 3499 4292 sua
3550 4256 3648 4307 pro

443 4310 624 4377 rigcne
652 4309 771 4361 aliis
804 4312 1114 4361 testimoniis
1140 4326 1258 4377 qua:
1283 4326 1346 4362 ex
1389 4311 1535 4363 illius
1576 4309 1969 4362 commentariis
2017 4317 2125 4359 tum
2171 4310 2225 4361 in
2262 4309 2465 4363 [artium
2495 4311 2824 4378 prophetam,
2873 4322 2982 4362 tum
3029 4309 3084 4362 in
3130 4310 3362 4375 psalmos
3410 4325 3449 4372 ι,
3500 4323 3569 4361 xv
3599 4318 3648 4361 et

389 4392 523 4432 xvut
555 4379 798 4445 protulit,
841 4390 891 4431 ut
936 4396 1053 4432 eum
1082 4380 1145 4431 de
1171 4383 1551 4434 resurrectione
1580 4379 1866 4432 admodum
1898 4378 2151 4431 catholice
2196 4380 2419 4431 sensisse
2466 4381 2727 4441 ostendat,
2758 4380 3012 4447 prremisit
3063 4381 3222 4431 etiam
3264 4396 3291 4430 e
3337 4378 3473 4431 libro
3501 4378 3649 4431 illius

387 4450 556 4518 primo
584 4459 629 4500 et
660 4465 686 4501 e
731 4449 864 4501 libro
904 4451 1135 4502 secumlo
1182 4451 1254 4504 De
1292 4450 1694 4504 resurrectione
1727 4449 1925 4518 aliquot
1972 4449 2087 4499 loca
2121 4464 2236 4516 qua:
2267 4452 2421 4501 hocce
2460 4448 2720 4500 Monitum
2773 4451 3062 4513 excipiunl,
3110 4465 3327 4516 qua'que
3372 4447 3649 4501 catholicae

386 4515 514 4587 ﬁdei
548 4518 758 4569 omnino
789 4530 1098 4572 Consonant.
1136 4519 1233 4571 llis
1268 4521 1459 4573 addere
1481 4529 1683 4587 poterat
1729 4515 1945 4572 sanctus
1974 4526 2318 4587 martyrquw
2340 4524 2404 4571 de
2432 4519 2810 4587 resurrectione
2856 4521 3049 4578 scripta
3084 4515 3416 4585 reperiuntur
3456 4518 3550 4587 lib.
3581 4534 3644 4571 ιιι

387 4584 588 4667 Contra
624 4586 862 4666 Celsum,
890 4604 1041 4667 num.
1077 4589 1166 4667 4‘1,
1208 4589 1288 4667 his
1317 4584 1531 4667 verbis:
1560 4589 1732 4667 Εἴπερ
1760 4588 1959 4667 ξυνατρ

2062 4586 2278 4667 μείϐειν
2310 4588 2601 4667 ποιότητας
2640 4586 2737 4658 τὴν
2788 4584 3152 4667 ὑποκειμένην
3187 4588 3387 4667 πάσαις
3430 4586 3650 4667 ποιότηέ

390 4669 475 4728 σιν
510 4652 642 4728 ὓλην
663 4671 676 4684 ’
710 4655 826 4728 πῶς
851 4658 911 4728 οῦ
944 4656 1163 4709 δυνατὸν
1187 4659 1281 4711 καὶ
1306 4659 1404 4727 τὴν
1438 4660 1617 4727 σάρκα
1642 4652 1947 4728 106111096
1976 4652 2287 4728 ἀμείψασαν
2323 4652 2609 4728 ποιότητας
2638 4652 2917 4727 γεγονέναι
2949 4652 3223 4727 τοιαύτην,
3258 4657 3455 4728 οποίαν
3481 4652 3650 4727 ἐχρῆν

388 4719 528 4799 εἶναι
576 4719 691 4799 τὴν
718 4726 774 4777 ὲν
814 4726 991 4799 αἰθέρι
1024 4728 1275 4799 καὶτοῖς
1309 4719 1569 4780 ἀνωτάτω
1616 4726 1781 4780 αὑτοῦ
1822 4719 2266 4799 πολιτευομένην,
2318 4719 2508 4781 οὐκέτι
2551 4719 2778 4799 ἔχουσαν
2820 4730 2887 4782 τὰ
2918 4728 3020 4799 τῆς
3050 4719 3320 4799 σαρκικῆς
3363 4719 3647 4790 ἀσθενείας

392 4792 536 4867 i_6tu;
572 4812 591 4845 ‹
631 4792 694 4848 Si
733 4792 968 4848 materia:
1010 4797 1353 4863 qualitatibus
1385 4800 1624 4867 omnibus
1652 4799 1898 4866 subjectw
1930 4792 2130 4848 mutari
2178 4792 2376 4864 p'oSsint
2424 4792 2725 4866 qualiiates,
2767 4816 2863 4852 cur
2899 4792 3015 4866 ﬁeri
3060 4792 3162 4851 ιιυή
3193 4792 3360 4862 potuit
3409 4808 3465 4867 ut
3508 4814 3641 4855 caro

388 4862 546 4938 Jesu,
584 4867 803 4917 mutatis
846 4862 1211 4938 qualitatibus,
1244 4867 1370 4919 talis
1420 4864 1662 4932 evaserit,
1696 4862 1907 4938 qualem
1944 4862 2185 4935 oportuit
2218 4884 2327 4921 esse
2371 4862 2508 4934 eain,
2544 4886 2662 4938 qua:
2710 4870 2764 4938 in
2816 4862 3026 4931 (ethera,
3079 4884 3239 4937 eoque
3283 4866 3646 4935 superioribus

330 4972 335 4977 .
390 4935 520 5007 locis
554 4944 871 4999 rersaretur,
901 4937 1134 5006 nihilque
1161 4938 1368 4991 haberet
1394 4954 1573 4991 eorum
1597 4935 1715 5007 qua!
1740 4938 1967 5005 inﬁrma:
2009 4941 2186 5007 carnis
2216 4939 2429 5006 propria
2465 4935 2629 4992 sunt?
2666 4957 2684 4989 ι
2724 4937 2912 4991 Carnis
2948 4954 3072 5007 ergo
3113 4935 3549 5007 resurrectionem
3596 4938 3650 4989 in

389 5000 670 5075 salvatore
694 5007 1017 5075 ac_proinde
1046 5000 1095 5058 in
1130 5008 1275 5058 nobis
1301 5000 1619 5075 conﬁtetur;
1640 5000 1833 5075 Confer
1862 5022 1978 5075 qum
2011 5006 2163 5060 habet
2201 5000 2379 5062 l'ibftv
2410 5009 2607 5063 Contra
2644 5008 2881 5071 Celsum,
2914 5000 3063 5062 num.
3105 5007 3212 5069 57;
3255 5006 3348 5060 lib.
3394 5021 3446 5069 ν,
3497 5023 3649 5061 num.

389 5073 480 5138 ιτ,
527 5073 615 5137 ιδ,
650 5072 980 5150 19.?0,2_t,
1014 5075 1103 5150 se,
1126 5072 1472 5150 _25;_1.p.jy.,
1516 5094 1663 5150 num.
1688 5072 1798 5136 29‘;
1833 5072 1924 5150 tib.

2062 5076 2163 5150 lepi-
2190 5078 2397 5150 ἀρχῶν,
2428 5096 2547 5147 cap.
2582 5080 2685 5141 10;
2723 5088 2773 5150 et
2816 5094 2877 5130 ea:
2919 5078 3248 5150 singulorum
3280 5077 3649 5150 locorum_ac-_

385 5153 577 5197 curata
612 5143 888 5197 collatione
914 5145 1159 5212 fateberis
1193 5146 1324 5199 nihil
1354 5146 1460 5199 illis
1507 5148 1675 5199 inesse
1720 5148 1857 5215 quod
1901 5143 2163 5201 catholico
2195 5143 2678 5201 de'resurrectione
2725 5149 2952 5215 dogmati
3001 5143 3100 5200 non
3146 5156 3308 5215 possit
3358 5146 3557 5213 aptari,
3605 5145 3650 5215 si

387 5215 543 5288 modo
599 5217 869 5288 quasdam,
908 5217 1172 5288 exceperis
1216 5217 1626 5288 qua'stiunculus
1678 5212 1811 5285 quas
1863 5217 2144 5288 luxurians
2193 5218 2437 5288 Origeuis
2476 5219 2746 5288 ingenium
2789 5212 3051 5269 curiosius
3092 5212 3439 5286 persequens,
3484 5212 3651 5284 paulo

386 5283 596 5354 longius
625 5285 984 5353 progreditur.
1032 5284 1162 5337 Vide
1190 5283 1671 5341 animadversiones
1691 5283 1911 5340 nostras
1938 5286 1991 5338 in
2020 5283 2475 5358 Origeuiauorum
2504 5283 2605 5341 'lib.
2636 5303 2699 5351 tt,
2726 5302 2915 5355 quiest.
2946 5288 3001 5342 9.

938 5450 1051 5510 EX
1096 5450 1336 5511 LlBRO
1379 5450 1633 5511 PRIMO
1678 5450 2056 5513 ORIGENIS
2102 5453 2205 5511 DE
2246 5448 2907 5513 RESUBRECTIONE
2951 5448 3097 5525 (l7).

457 5546 736 5613 Quomodo
769 5550 916 5605 enim
960 5567 1069 5607 non
1100 5553 1314 5607 videtur
1361 5554 1687 5621 absurdum,
1739 5565 1797 5608 ut
1855 5556 1959 5609 hoc
2067 5570 2263 5623 corpus
2295 5555 2439 5623 quod
2472 5570 2569 5624 pro
2598 5553 2819 5607 Christo
2853 5550 3075 5621 pertulit
3106 5549 3413 5615 cicatrices,
3450 5556 3507 5605 et
3544 5561 3650 5619 pa-

464 5659 579 5727 (17)
609 5662 960 5736 Desumptuut
997 5675 1077 5724 est
1111 5667 1277 5724 hoccc
1308 5668 1673 5742 iragtueutum
1710 5685 1773 5725 ex
1810 5670 2062 5743 Apologia
2092 5671 2356 5741 Pamphili
2392 5687 2486 5741 pro
2520 5670 2764 5739 Origene.
