3952 6144
254 263 318 319 93
1116 261 1207 315 EX
1241 259 1464 314 LIBRIS
1503 259 1823 316 ORIGENIS
1862 259 1948 313 DE
1986 253 2582 311 RESURRECTIONE.
3407 257 3479 314 94

253 370 379 426 riter
404 386 524 424 cum
549 373 732 428 anima
767 376 1208 445 persecutionum
1252 375 1506 429 toleravit
1531 389 1671 428 szeva
1699 384 1810 429 tor-
1841 380 1883 438 Α
1914 371 2132 440 praemia
2165 381 2553 439 consequatur,
2586 372 2856 438 quomodo
2897 385 3002 424 non
3035 382 3224 426 contra
3258 385 3477 427 omnem

257 468 442 524 menta,
461 477 748 518 carcerum
771 481 986 534 quoque
1012 480 1075 518 ac
1096 466 1439 520 vinculorum
1457 475 1510 520 et
1525 466 1808 518 verberum

254 550 501 620 supplicia
535 555 785 621 pertulit,
830 557 953 623 igne
985 557 1150 608 etiam
1181 556 1513 621 cruciatum,
1541 554 1684 608 ferro
1709 569 1812 607 cte-

250 658 358 698 sum
405 653 514 711 est,
556 641 784 714 insuper
815 659 870 700 et
901 647 1204 700 bestiarum
1255 655 1514 701 cruentos
1554 660 1769 699 morsus
1793 683 1806 707 ,

248 733 411 786 crucis
447 733 717 802 patibula,
765 751 828 790 ac
867 737 1083 791 diversa
1120 750 1402 806 poenarum
1451 751 1648 805 genera
1681 751 1806 805 per-~

246 838 451 892 pessum
483 834 594 889 est,
629 832 905 881 tantorum
935 829 1300 882 certaminum
1326 827 1568 896 prmmiis
1593 826 1808 881 defrau-

243 915 434 967 detur?
481 914 698 984 Quippe
725 917 769 970 si
810 917 927 973 sola
968 918 1148 972 anima
1183 933 1303 987 quae
1339 933 1448 974 non
1480 917 1593 972 sola
1621 925 1806 971 certa-

242 1005 393 1069 verit,
433 1019 760 1070 coronetur,
788 1016 838 1062 et
877 1011 1121 1076 corporis
1161 1011 1244 1062 sui
1278 1009 1555 1063 vasculum
1589 1009 1732 1076 quod
1757 1007 1804 1060 ei

240 1109 350 1147 cum
377 1111 580 1166 magno
609 1097 794 1154 labore
824 1100 1071 1164 servivit,
1099 1099 1244 1153 nulla
1267 1100 1454 1170 agouis
1479 1111 1532 1154 et
1558 1099 1802 1154 victoriae

1917 461 2183 514 rationem
2215 474 2339 514 esse
2379 459 2602 513 videtur
2628 502 2642 527 ,
2677 468 2736 514 ut
2763 461 3101 516 naturalibus
3129 462 3282 518 vitiis
3311 469 3478 534 atque

1917 550 2174 619 ingenitae
2228 544 2439 603 libidini
2479 560 2701 618 propter
2728 550 3004 605 Christum
3033 567 3162 607 caro
3192 554 3476 614 resistens,

1915 650 1969 694 et
1999 639 2366 708 virginitatem
2419 639 2675 696 obtinens
2724 656 2849 694 cum
2893 642 3094 710 ingenti
3141 643 3347 708 labore,
3387 647 3478 714 qui

1914 731 2266 786 continentiae
2330 731 2484 785 labor
2515 732 2700 799 utique
2727 739 2823 782 aut
2848 733 3020 802 major
3049 735 3296 803 corporis
3319 749 3477 802 quam

1915 824 2111 878 animae
2139 833 2242 886 est,
2289 831 2385 875 aut
2431 830 2582 875 certe
2621 823 2903 892 utriusque
2933 824 3158 893 aequalis
3207 834 3308 888 est,
3339 839 3478 894 prte-

1916 916 2429 983 miorum'tempore
2455 913 2627 967 altera
2661 913 2805 967 velut
2827 915 3046 978 indigna
3078 914 3373 983 rejiciatur,
3403 915 3482 966 al-

1916 1016 2026 1058 tera
2051 1007 2233 1059 veniat
2264 1007 2329 1059 ad
2355 1005 2650 1059 coronam?
2677 1005 2809 1071 Quae
2835 1019 2920 1058 res
2952 1007 3072 1060 sine
3096 1006 3257 1060 dubio
3289 1004 3484 1058 autin-

1909 1095 2134 1164 jnstitiaa
2161 1096 2391 1164 alicujus
2418 1097 2608 1162 Deum,
2632 1104 2726 1148 aut
2760 1095 3213 1163 impossibilitatis
3234 1102 3477 1150 accusat.

657 1299 764 1372 34
786 1293 899 1355 EX
944 1295 1182 1356 LlBRO
1224 1294 1588 1356 SECUNDO
1631 1297 2005 1359 ORIGENIS
2051 1298 2152 1357 DE
2202 1297 2864 1359 RESUBRECTIONE
2909 1295 3051 1374 (18).

296 1388 408 1454 Nos
437 1406 576 1447 vero
611 1401 732 1462 post
760 1395 1166 1463 corruptionem
1190 1397 1376 1448 mundi
1405 1398 1624 1450 eosdem
1661 1399 1806 1466 ipsos

240 1479 453 1536 futuros
486 1495 613 1535 esse
665 1483 914 1536 homines
962 1483 1234 1548 dicimus,
1290 1483 1417 1538 licet
1464 1502 1572 1540 non
1618 1489 1804 1541 eodem

231 1581 393 1637 statu,
438 1587 623 1641 neque
659 1574 712 1627 in
751 1574 943 1628 iisdem
981 1577 1353 1643 passionibus.
1384 1577 1498 1630 Non
1530 1579 1673 1632 enim
1703 1580 1806 1633 ite-

233 1679 344 1721 rum
371 1677 440 1718 ex
469 1666 833 1719 conventione
854 1666 956 1719 viri
981 1675 1036 1720 et
1060 1667 1301 1721 mulieris
1323 1678 1504 1732 erunt,
1538 1671 1629 1724 sed
1658 1672 1804 1726 verbi

231 1755 426 1824 gratia,
463 1770 529 1810 ea
591 1757 729 1810 ratio
786 1772 905 1826 qua:
940 1759 1188 1812 continet
1242 1759 1391 1812 Pauli
1448 1761 1806 1816 substantiam

230 1843 404 1914 (Pauli
437 1854 626 1900 autem
659 1862 801 1900 nttnc
831 1847 954 1901 dico
980 1847 1304 1919 corporalis)
1329 1849 1476 1902 salva
1505 1860 1804 1918 permanet;

229 1943 420 1990 etcum
446 1935 682 1991 voluerit
705 1937 844 1992 Dcns
867 1941 1166 1992 secundum
1193 1955 1255 1992 ea
1275 1955 1393 2009 qua:
1410 1941 1549 1994 dicta
1569 1949 1693 1994 sunt
1716 1957 1809 2011 per

231 2037 640 2081 sacramentum
671 2028 927 2083 tubarum
969 2030 1021 2082 in
1049 2030 1337 2084 noviSsima
1389 2033 1513 2085 tuba
1543 2031 1723 2086 facere
1753 2041 1808 2084 ut

231 2118 432 2171 mortui
462 2129 774 2187 resurgant,
797 2121 1058 2190 perillam
1089 2123 1257 2189 ipsam
1282 2122 1696 2177 substantialem
1725 2139 1809 2177 ra—

230 2209 432 2262 tionem
455 2224 579 2278 quae
602 2211 748 2264 Salva
776 2222 1074 2281 permanet,
1101 2215 1165 2267 de
1197 2223 1355 2268 terrae
1391 2213 1612 2281 pulvere
1633 2215 1807 2269 susei-

229 2305 420 2352 tantur
463 2316 492 2352 a
528 2301 756 2355 mortuis
785 2317 850 2356 ex
884 2305 1138 2357 omnibus
1167 2304 1302 2358 locis
1355 2304 1388 2357 ii
1435 2306 1636 2374 quibus
1667 2307 1806 2360 ratio

179 2446 201 2462 _
228 2389 315 2442 illa
351 2391 682 2446 substantiae
710 2395 1012 2462 corporalis
1041 2395 1094 2447 in
1128 2396 1262 2462 ipsis
1313 2396 1637 2462 corporibus
1681 2411 1805 2465 per-

228 2483 531 2549 manebat,
565 2498 686 2550 qu:e
738 2485 790 2535 in
849 2494 1046 2536 terram
1088 2488 1335 2551 prolapsa
1389 2483 1477 2538 Dei
1534 2486 1808 2539 voluntate

225 2568 430 2623 iterum
490 2574 843 2625 suscitantur.
895 2573 960 2624 Et
990 2573 1092 2626 hoc
1147 2574 1380 2627 arbitror
1427 2587 1670 2625 asserere
1720 2589 1809 2624 vo-

221 2661 436 2717 lentem
496 2664 696 2715 dixisse
745 2662 1062 2730 Apostoluut
1122 2662 1173 2714 in
1230 2663 1401 2730 prima
1454 2663 1690 2730 Epistula
1745 2663 1808 2713 ad

222 2753 578 2807 Corinthios.
632 2751 764 2805 Post
816 2754 1173 2806 assertionem
1209 2753 1354 2806 enim
1392 2753 1811 2806 resurrectionis

227 2854 606 2906 mortuorum,
640 2857 760 2895 cum
798 2843 1174 2910 proposuisset
1209 2843 1308 2896 sibi
1349 2858 1408 2895 ea
1437 2857 1556 2911 quae
1590 2851 1811 2910 possent

1915 1410 2249 1454 mortuorum
2277 1401 2343 1453 de
2376 1401 2478 1454 hoc
2499 1413 2726 1468 corpore
2757 1400 2828 1455 sit
2848 1400 2991 1469 quod
3021 1409 3286 1455 mortuum
3318 1400 3485 1457 relin-

1912 1490 2113 1555 quitur,
2131 1497 2330 1541 sanctae
2349 1487 2644 1555 Scriptura:
2667 1487 2848 1542 multis
2863 1486 3035 1542 modis
3051 1490 3149 1543 hoc
3165 1489 3478 1546 ostendunt.

1843 1616 1882 1669 Β
1915 1575 2018 1630 Sed
2051 1587 2105 1628 et
2135 1578 2250 1644 ipsa
2285 1577 2388 1632 hoc
2420 1577 2630 1631 Domini
2666 1577 2846 1632 nostri
2876 1575 3002 1630 .lesu
3040 1576 3241 1632 Christi
3292 1593 3478 1634 resur-

1913 1671 2079 1724 rectio
2100 1671 2362 1737 declarat,
2386 1673 2473 1740 qui
2494 1673 2572 1742 pri
2585 1675 2887 1744 mogeuitus
2904 1690 2970 1729 ex
2995 1677 3222 1731 mortuis
3253 1677 3476 1733 dicitur.

1982 1759 2110 1814 Post
2140 1764 2250 1815 Ita-rc
2277 1763 2595 1830 quibusdam
2621 1779 2712 1830 per
2738 1763 2966 1817 medium
3001 1766 3161 1819 latius
3196 1767 3478 1834 disputatis

2377 1851 2569 1919 adjecit
2596 1851 2757 1905 etiam
2784 1853 2887 1904 ista
2916 1867 2934 1905 :

1911 1942 2065 1996 Sicut
2094 1945 2237 1997 enim
2266 1943 2385 2013 plus
2418 1945 2584 1998 habet
2614 1945 2792 1998 omnis
2818 1945 3163 2000 rationabilis
3185 1945 3365 1998 anima
3392 1947 3478 2001 his

1909 2050 2032 2101 quae
2067 2034 2150 2086 vel
2180 2035 2488 2100 crescendi,
2520 2033 2602 2088 vel
2636 2034 2932 2100 nutriendi,
2971 2036 3052 2087 vel
3087 2046 3266 2090 motus
3312 2037 3480 2090 solius

1909 2127 2140 2180 oliiciutn
2201 2127 2462 2181 exhibere
2513 2126 2814 2180 dicuntur:
2863 2127 2944 2181 sic
2984 2142 3045 2180 ea
3079 2129 3218 2182 ratio
3271 2143 3389 2196 qure
3425 2128 3478 2180 in

1913 2215 2146 2268 humano
2190 2231 2419 2282 corpore
2457 2223 2559 2280 est,
2595 2213 2766 2267 multo
2796 2214 3031 2282 amplius
3065 2215 3261 2278 habet,
3317 2231 3478 2282 quam

1909 2321 2026 2372 quae
2061 2307 2110 2358 in
2157 2306 2379 2374 reliquis
2411 2316 2494 2360 cst
2527 2306 2881 2374 corporibus,
2921 2320 2985 2358 ex
3036 2321 3100 2358 co
3129 2305 3270 2375 quod
3312 2307 3476 2359 etiam

1909 2412 2029 2448 cum
2057 2407 2366 2461 corruptum
2401 2397 2566 2449 l‘ucrit
2590 2412 2790 2466 corpus
2821 2398 3140 2458 humanum,
3177 2395 3480 2450 subsistere

1913 2502 2122 2538 rursum
2156 2497 2333 2552 potest
2383 2487 2474 2538 Dei
2516 2487 2720 2540 virtute
2773 2496 3158 2540 conservatum
3209 2495 3263 2539 et
3298 2492 3475 2539 custo-

1910 2575 2082 2626 ditum
2115 2591 2284 2642 usque
2336 2578 2420 2647 ad__
2439 2575 2858 2629 resurrectionis
2910 2591 3020 2628 suae
3057 2584 3290 2644 tempus.
3320 2575 3475 2640 Quod

1915 2676 2087 2715 autem
2125 2666 2431 2731 ubicunque
2463 2665 2648 2726 fuerit,
2685 2666 3025 2729 restituatur,
3052 2666 3103 2718 id
3130 2675 3212 2718 est
3235 2667 3300 2718 ab
3329 2666 3478 2718 omni

1915 2753 1966 2804 in
2009 2767 2327 2819 quocunque
2360 2754 2597 2819 jacuerit
2631 2754 2772 2818 loco,
2806 2755 2878 2805 ita
2911 2755 2986 2806 ait
3016 2753 3258 2808 Joannes
3290 2756 3340 2806 in
3376 2756 3478 2806 Re-

1915 2843 2176 2895 velatione
2229 2859 2364 2896 sua:
2414 2861 2432 2893 ι
2468 2843 2532 2896 Et
2570 2843 2804 2896 reddidit
2863 2859 3012 2897 mare
3068 2853 3310 2897 mortuos
3340 2859 3478 2912 quos

226 2935 289 2987 ab
315 2924 640 3004 aliis'objici
671 2935 736 2988 de
766 2935 1172 2988 rt'Sttrt'ectiotte
1198 2943 1558 2997 mortuorum,
1594 2933 1672 2987 sic
1695 2932 1804 2984 ait:
1836 2954 1875 3008 ρ
1915 2935 2143 2987 Ιιειιιι-Ιωι
2177 2935 2225 2986 iu
2286 2950 2344 2988 se
2372 2975 2385 2997 ,
2439 2946 2494 2988 et
2543 2949 2688 2988 mors
2735 2943 2789 2987 et
2826 2932 3074 2987 infernus
3123 2933 3478 2987 reddiderunt

233 3043 248 3074 ι
284 3025 394 3078 Sed
447 3025 582 3080 dicit
629 3024 1181 3096 aliquis:Quomodo
1228 3033 1514 3094 resurgunt
1571 3024 1805 3078 mortui?

230 3115 346 3180 Quo
383 3125 567 3170 autem
605 3129 832 3183 corpore
866 3117 1124 3169 venient?
1157 3117 1350 3182 Stulte,
1385 3127 1436 3170 tu
1468 3116 1609 3185 quod
1643 3117 1804 3168 semi-

232 3224 326 3260 nas
350 3249 366 3272 ,
396 3222 506 3261 non
551 3207 877 3269 viviﬁcatur,
911 3209 1014 3260 uisi
1065 3211 1216 3276 prius
1252 3211 1531 3263 moriatur.
1564 3209 1628 3261 Et
1659 3208 1802 3276 quod

232 3300 495 3364 Seminas,
538 3313 644 3351 non
697 3299 840 3366 quod
875 3296 1118 3350 futurum
1155 3307 1237 3351 est
1291 3312 1488 3367 corpus
1526 3299 1760 3350 seminas
1786 3335 1800 3360 ,

232 3389 322 3444 sed
357 3389 567 3442 nudum
594 3404 845 3458 granum,
871 3398 927 3442 ut
953 3398 1080 3456 puta
1106 3387 1291 3450 tritici,
1327 3398 1417 3440 aut
1445 3387 1671 3455 alicujus
1700 3403 1803 3440 ca:-

234 3487 497 3534 terorum.
534 3479 674 3534 Deus
697 3491 873 3533 autem
908 3481 998 3532 dat
1025 3481 1097 3532 illi
1127 3496 1328 3548 corpus
1355 3490 1512 3548 prout
1543 3480 1658 3533 vult
1679 3479 1746 3529 “.
1779 3500 1797 3531 ι

231 3571 356 3624 Cum
385 3573 536 3626 enim
583 3570 1032 3626 tttztttilcstissinte
1076 3573 1402 3628 ostendisset
1439 3573 1562 3640 quia
1599 3572 1798 3624 mortui

233 3673 546 3730 resurgunt,
577 3673 631 3718 et
681 3674 888 3719 certum
929 3676 1078 3719 esset
1127 3665 1255 3733 quia
1317 3663 1570 3717 Salvator
1620 3672 1803 3716 noster

232 3768 348 3807 cum
389 3757 511 3822 ipso
564 3771 791 3824 corpore
855 3756 1154 3809 resurrexit
1205 3756 1347 3822 quod
1377 3765 1688 3824 susceperat
1736 3769 1800 3804 ex

234 3845 418 3912 Maria,
450 3863 555 3900 non
586 3859 766 3900 autem
801 3849 936 3901 satis
971 3847 1178 3901 clarum
1228 3857 1372 3901 esset
1423 3849 1690 3916 quomodo
1721 3863 1804 3898 re-

233 3939 529 3992 surrecturi
563 3947 751 3992 essent
778 3938 984 4000 caeteri,
1012 3939 1092 3990 vel
1123 3938 1280 4005 quale
1309 3937 1799 4006 corpusbabituri:

233 4039 517 4100 comparat
591 4030 1050 4083 resurrectionem
1104 4029 1404 4082 seminibus
1454 4043 1574 4096 qua:
1637 4029 1800 4082 semi-

236 4130 430 4172 nantur
462 4121 514 4172 in
554 4129 720 4182 terra,
755 4125 815 4169 ut
852 4128 978 4184 puta
1008 4130 1178 4184 grano
1207 4115 1485 4180 frumenti,
1513 4118 1800 4184 quodcum

234 4210 488 4265 ceciderit
560 4209 611 4263 in
667 4219 906 4274 terram,
945 4209 1356 4277 corrumpitur;
1420 4208 1516 4260 sed
1579 4207 1802 4260 rationis

1910 3036 2148 3096 nun-tuos
2181 3041 2307 3079 suos
2335 3028 2425 3094 qui
2454 3035 2617 3079 erant
2661 3027 2714 3078 in
2743 3025 2824 3078 eis
2854 3025 2922 3079 ⁵⁵.
2957 3044 2974 3075 ι
3017 3025 3178 3078 Forte
3214 3026 3382 3091 enim,
3420 3036 3478 3078 ut

1907 3133 2007 3184 ego
2041 3129 2186 3184 puto,
2240 3131 2387 3168 mare
2437 3117 2524 3169 hic
2561 3132 2658 3184 pro
2690 3115 2914 3170 humido
2938 3118 3086 3171 omni
3144 3117 3473 3184 appellatum

1907 3219 1987 3261 est
2014 3209 2304 3270 elemento,
2335 3208 2584 3260 infernus
2615 3219 2793 3263 autem
2825 3223 2924 3278 pro
2955 3224 3114 3271 aere,
3161 3223 3308 3261 mors
3345 3223 3476 3260 vero

1906 3314 2004 3367 pro
2039 3309 2207 3351 terra.
2265 3299 2431 3364 Quasi
2483 3300 2772 3367 quamdam
2807 3313 3041 3366 namque
3095 3298 3474 3365 cognationum

1909 3393 1992 3442 his
2027 3391 2168 3441 inter
2219 3403 2278 3441 se
2325 3390 2555 3443 invicem
2593 3391 2943 3453 habentibus,
2998 3404 3198 3457 corpus
3230 3399 3475 3441 nostrum

1907 3481 2183 3546 pulverem
2223 3481 2414 3532 mortis
2449 3489 2604 3533 vocat.
2654 3480 2933 3546 Scriptura
2963 3519 2976 3542 ,
3014 3480 3097 3532 vel
3135 3490 3362 3543 terram,
3393 3478 3478 3529 vel

1906 3585 2103 3636 corpus
2154 3570 2367 3622 mortis.
2423 3570 2562 3622 Sane
2593 3571 2771 3637 qualis
2826 3569 2994 3621 fuerit
3048 3569 3474 3635 uniuscujusque

1906 3662 2236 3730 lll‘lli‘pill‘flllo
2260 3662 2310 3712 in
2343 3662 2444 3712 hac
2465 3661 2596 3724 vita,
2629 3660 2754 3711 talis
2774 3660 2874 3711 erit
2903 3669 2956 3710 et
2980 3662 3312 3713 resurrectio
3335 3661 3470 3725 ejus.

1907 3754 2005 3818 Qui
2040 3753 2248 3804 beatius
2272 3752 2359 3804 hic
2389 3750 2604 3814 vixerit,
2625 3765 2821 3818 corpus
2845 3749 2960 3818 ejus
2990 3753 3040 3803 in
3073 3752 3474 3806 resurrectione

1906 3844 2176 3896 diviniore
2207 3843 2492 3910 splendore
2524 3841 2773 3910 fulgebit,
2802 3853 2853 3894 et
2881 3853 3000 3911 apta
3033 3845 3081 3896 ei
3112 3846 3321 3898 mansio
3346 3844 3475 3898 bea-

1909 3946 2083 3987 torum
2118 3934 2389 3987 tribuetur
2431 3934 2704 3997 locorum;
2740 3933 2865 3986 huic
2912 3948 3038 3988 vero
3073 3937 3164 4003 qui
3227 3936 3279 3988 iu
3320 3938 3478 3988 mali-

1907 4026 1979 4078 tia
2017 4025 2416 4094 cousumpserit
2452 4035 2668 4094 tempus
2695 4025 2795 4080 sibi
2830 4027 2955 4080 vitae
2988 4028 3274 4095 prtcsentis
3302 4029 3478 4080 indul-

1908 4128 2016 4170 tum
2046 4158 2062 4182 ,
2105 4119 2212 4172 tale
2245 4119 2463 4171 dabitur
2504 4133 2700 4187 corpus
2734 4122 2877 4189 quod
2914 4119 3158 4173 sullicere
3191 4132 3244 4172 et
3279 4123 3474 4186 perduc

1906 4219 2030 4258 rare
2065 4207 2437 4259 tantummodo
2466 4208 2637 4274 possit
2671 4207 2722 4259 in
2756 4209 2952 4274 pcenis.
2979 4209 3046 4260 Et
3077 4208 3314 4260 arbitror
3333 4211 3474 4276 quod

235 4299 374 4357 illius
409 4303 590 4356 virtus
619 4317 740 4370 qua:
774 4311 858 4355 est
893 4302 1052 4354 insita
1087 4301 1138 4353 in
1165 4299 1519 4352 interioribus
1549 4297 1665 4364 ejus
1693 4313 1803 4351 me-
1833 4285 1878 4336 Ῑ)
1913 4297 2047 4350 hanc
2078 4296 2442 4350 dill‘ercntiam
2479 4297 2668 4350 volens
2699 4299 2993 4352 ostendere
3029 4298 3231 4352 Paulus
3257 4308 3476 4366 aposto-

237 4392 426 4460 dullis;
474 4393 588 4461 ipsa
631 4392 864 4446 rationis
914 4392 1092 4444 virtus
1142 4401 1416 4458 assumpta
1466 4390 1800 4458 adjacentetn

235 4484 330 4539 sibi
361 4496 587 4550 terram,
621 4483 705 4538 vel
753 4498 907 4552 aqua:
955 4484 1266 4546 humorem,
1292 4481 1386 4536 sed
1421 4491 1476 4536 et
1507 4482 1653 4534 aeris
1692 4481 1799 4536 cir-

237 4586 587 4632 cumstantem
648 4577 962 4644 temperiem
991 4615 1007 4640 ,
1040 4574 1236 4629 caloris
1278 4588 1494 4643 quoque
1530 4572 1800 4628 sulIicien-

241 4675 334 4722 tein
379 4670 652 4738 recipiens
681 4669 944 4733 fomitem,
976 4683 1073 4736 per
1107 4666 1347 4720 divinam
1393 4667 1691 4734 potentiam
1743 4667 1795 4719 in

242 4772 422 4829 corpus
449 4759 614 4814 culmi
650 4761 730 4814 vel
781 4759 945 4828 spira:
971 4757 1254 4824 consurgit
1283 4778 1294 4811 :
1329 4764 1377 4811 et
1410 4758 1511 4812 hoc
1539 4765 1624 4812 est
1657 4759 1798 4828 quod

242 4847 361 4903 dicit
403 4867 415 4902 :
465 4867 484 4900 ι
515 4849 595 4903 Tu
646 4857 794 4920 quod
850 4851 1084 4904 seminas
1135 4865 1240 4904 non
1295 4849 1642 4912 viviﬁcatur,
1698 4848 1798 4902 nisi

243 4940 380 5004 prius
409 4942 699 4996 moriatur.
729 4941 795 4994 Et
827 4941 969 5008 quod
998 4941 1260 5004 seminas,
1281 4953 1386 4993 non
1418 4953 1619 5008 corpus
1654 4941 1796 5008 quod

243 5025 475 5085 futurum
521 5039 640 5095 cst,
687 5031 949 5086 seminas.
983 5051 1002 5083 ι
1061 5032 1199 5102 Ergo
1248 5031 1350 5084 hoc
1380 5032 1524 5100 quod
1559 5031 1707 5085 cadit
1739 5040 1797 5085 ut

244 5135 411 5178 semen
444 5123 498 5177 in
530 5133 730 5178 terram
767 5139 966 5194 corpus
997 5133 1270 5185 nostrum.
1298 5131 1674 5193 comparatum
1715 5133 1800 5177 est

244 5227 397 5278 grano
431 5215 714 5270 frumenti.

305 5303 366 5359 Et
395 5307 608 5363 auerti:
629 5308 710 5361 his
761 5321 853 5374 per
883 5305 1192 5374 hujusmodi
1224 5303 1654 5372 consequentiam
1685 5313 1799 5372 post

619 5411 790 5464 pauca
817 5391 1026 5447 addidit
1049 5393 1213 5448 etiam
1239 5392 1389 5447 lucc:

247 5479 382 5550 Quod
413 5496 591 5543 autem
630 5488 810 5544 omnis
841 5487 938 5540 illa
980 5485 1338 5556 repromissio
1371 5483 1798 5540 resurrectionis

301 5598 345 5633 “
389 5603 404 5655 Ι
436 5603 658 5668 Cor.xv,
687 5603 758 5659 '55
780 5619 934 5673 seqq.
1011 5603 1058 5635 ³⁸
1087 5603 1261 5673 Apoc.
1289 5617 1380 5668 xx,
1413 5603 1502 5656 1'5.

311 5693 411 5766 (l8)
441 5696 571 5754 ltcm
599 5713 662 5754 cx
694 5697 945 5769 Apologia
975 5697 1240 5769 Pamphili
1265 5715 1356 5767 pro
1389 5697 1636 5767 Origene.

1907 4387 1990 4441 lus
2020 4386 2186 4441 dicit:
2248 4406 2266 4438 ‹
2296 4387 2416 4440 Alia
2447 4401 2576 4439 caro
2613 4387 2929 4440 animalium
2959 4428 2973 4452 ,
3014 4386 3116 4440 alia
3153 4388 3431 4442 volucrum
3457 4429 3473 4452 ,

1907 4479 2012 4531 alia
2045 4479 2274 4546 pisciqu
2303 4477 2370 4543 ⁸³,
2411 4495 2430 4528 ι
2461 4486 2515 4530 et
2546 4489 2746 4532 caetera
2783 4494 2901 4545 qua:
2949 4481 3287 4534 enumeravit
3331 4482 3478 4550 Apo-

1906 4569 2097 4622 stolus.
2123 4567 2231 4622 Sed
2253 4569 2390 4622 sicut
2411 4584 2518 4643 non
2541 4577 2622 4622 est
2643 4570 2961 4635 putandutu,
2986 4573 3130 4638 quod
3156 4571 3473 4626 animalium

1906 4676 2106 4730 corpus
2135 4672 2458 4731 accepturus
2489 4661 2561 4715 sit
2603 4673 2880 4730 peccator,
2915 4673 3008 4716 aut
3040 4663 3349 4728 volucrum,
3380 4675 3474 4718 aut

1905 4754 2156 4824 piscium,
2189 4754 2268 4808 sic
2322 4769 2498 4823 neque
2539 4755 2674 4808 solis
2718 4762 2811 4808 aut
2864 4755 3026 4819 luuze,
3068 4763 3163 4807 aut
3192 4754 3469 4807 stellarum

1907 4849 2136 4903 formam
2167 4847 2492 4919 sperandum
2524 4855 2610 4902 est
2638 4847 2887 4914 accipere
2921 4861 3015 4898 eos
3052 4845 3146 4913 qui
3180 4855 3474 4914 resurgent

1905 4947 1956 5000 in
1993 4945 2199 5016 gloria;
2253 4946 2347 5000 sed
2392 4943 2626 5012 exempli
2681 4957 2844 4996 causa
2893 4941 3035 4994 dicta
3094 4955 3218 4994 esse
3256 4940 3370 4994 haec
3405 4939 3474 4992 ab

1904 5038 2165 5108 Apostolo
2208 5036 2548 5092 sentiendum
2605 5045 2722 5100 est,
2781 5044 2840 5088 ut
2871 5035 3182 5102 designetur
3233 5047 3330 5100 per
3357 5033 3472 5087 haec

1905 5131 2048 5201 quod
2071 5130 2158 5185 alii
2178 5144 2274 5198 pro
2298 5128 2508 5183 meritis
2537 5127 2649 5182 suis
2677 5125 3106 5182 bonorabiliores
3131 5132 3186 5178 et
3207 5124 3475 5178 clariores

1901 5229 2094 5287 erunt,
2127 5221 2370 5277 beatiora
2401 5233 2620 5287 quoque
2675 5217 2988 5272 habitacula
3021 5213 3304 5270 sortituri:
3341 5212 3476 5264 alio-

1902 5326 2019 5364 rum
2051 5327 2180 5366 vero
2212 5311 2625 5380 imliguissimus
2671 5316 2729 5361 et
2776 5305 3181 5376 abjectissimus
3233 5316 3330 5371 pro
3380 5314 3475 5366 ge-

1897 5406 2100 5451 storum
2128 5398 2334 5454 scelere
2371 5397 2478 5451 erit
2509 5404 2709 5461 status,
2735 5397 2826 5466 qui
2855 5395 3019 5450 ctiam
3052 5393 3222 5446 mutis
3259 5387 3472 5441 anima-

1899 5485 2042 5543 libus
2072 5490 2271 5562 dignus
2301 5491 2372 5546 sit
2407 5490 2736 5562 comparari.

1579 5601 1626 5632 ⁸⁸
1655 5600 1674 5654 1
1699 5601 1827 5658 Cor.
1856 5619 1948 5670 xv,
1983 5605 2071 5661 35.
