  <div class='ocr_page' id='page_1' title='image "/cluster/home/n/w/nwhite01/storage/ocr_20150623/11/mdp.39015013266690/055.png"; bbox 0 0 3952 6144; ppageno 0'>
   <div class='ocr_carea' id='block_1_1' title="bbox 468 203 3731 268">
    <p class='ocr_par' dir='ltr' id='par_1_1' title="bbox 468 203 3731 268">
     <span class='ocr_line' id='line_1_1' title="bbox 468 203 3731 268; baseline 0.002 -12"><span class='ocrx_word' id='word_1_1' title='bbox 468 212 538 268; x_wconf 72' lang='lat'><strong>95</strong></span> <span class='ocrx_word' id='word_1_2' title='bbox 1880 203 2305 261; x_wconf 72' lang='lat' dir='ltr'><strong>FRAGMENTA</strong></span> <span class='ocrx_word' id='word_1_3' title='bbox 3653 204 3731 263; x_wconf 81' lang='lat'><em>96</em></span> 
     </span>
    </p>
   </div>
   <div class='ocr_carea' id='block_1_2' title="bbox 1100 318 3079 403">
    <p class='ocr_par' dir='ltr' id='par_1_2' title="bbox 1100 318 3079 403">
     <span class='ocr_line' id='line_1_2' title="bbox 1100 318 3079 403; baseline -0.001 -19"><span class='ocrx_word' id='word_1_4' title='bbox 1100 322 1471 384; x_wconf 80' lang='lat' dir='ltr'><strong>ORIGENIS</strong></span> <span class='ocrx_word' id='word_1_5' title='bbox 1503 321 2065 384; x_wconf 77' lang='lat' dir='ltr'><strong>FRAGMENTUM</strong></span> <span class='ocrx_word' id='word_1_6' title='bbox 2097 324 2202 383; x_wconf 92' lang='lat' dir='ltr'><strong>DE</strong></span> <span class='ocrx_word' id='word_1_7' title='bbox 2231 320 2892 383; x_wconf 81' lang='lat' dir='ltr'><strong>RESURRECTIONE</strong></span> <span class='ocrx_word' id='word_1_8' title='bbox 2929 318 3079 403; x_wconf 83' lang='grc'>(19).</span> 
     </span>
    </p>
   </div>
   <div class='ocr_carea' id='block_1_3' title="bbox 541 418 2021 495">
    <p class='ocr_par' dir='ltr' id='par_1_3' title="bbox 541 423 2021 495">
     <span class='ocr_line' id='line_1_3' title="bbox 541 423 2021 495; baseline -0.001 -18"><span class='ocrx_word' id='word_1_9' title='bbox 541 423 649 495; x_wconf 81' lang='lat'><strong>35</strong></span> <span class='ocrx_word' id='word_1_10' title='bbox 686 424 759 479; x_wconf 86' lang='lat' dir='ltr'><strong>De</strong></span> <span class='ocrx_word' id='word_1_11' title='bbox 791 424 994 479; x_wconf 82' lang='lat' dir='ltr'><strong>Lazaro</strong></span> <span class='ocrx_word' id='word_1_12' title='bbox 1040 432 1093 477; x_wconf 88' lang='lat' dir='ltr'><strong>et</strong></span> <span class='ocrx_word' id='word_1_13' title='bbox 1123 425 1189 476; x_wconf 87' lang='lat' dir='ltr'><strong>de</strong></span> <span class='ocrx_word' id='word_1_14' title='bbox 1227 424 1395 477; x_wconf 99' lang='lat' dir='ltr'><strong>divite</strong></span> <span class='ocrx_word' id='word_1_15' title='bbox 1426 423 1661 476; x_wconf 83' lang='lat' dir='ltr'><strong>dubitari</strong></span> <span class='ocrx_word' id='word_1_16' title='bbox 1692 432 1887 489; x_wconf 86' lang='lat' dir='ltr'><strong>potest,</strong></span> <span class='ocrx_word' id='word_1_17' title='bbox 1918 438 2021 476; x_wconf 90' lang='lat' dir='ltr'><strong>cun</strong></span> 
     </span>
    </p>
   </div>
   <div class='ocr_carea' id='block_1_4' title="bbox 2134 418 3730 495">
    <p class='ocr_par' dir='ltr' id='par_1_4' title="bbox 2211 418 3730 494">
     <span class='ocr_line' id='line_1_4' title="bbox 2211 418 3730 494; baseline -0.001 -19"><span class='ocrx_word' id='word_1_18' title='bbox 2211 423 2347 494; x_wconf 78' lang='grc' dir='ltr'>Περὶ</span> <span class='ocrx_word' id='word_1_19' title='bbox 2388 423 2479 478; x_wconf 79' lang='grc' dir='ltr'><strong>τοῦ</strong></span> <span class='ocrx_word' id='word_1_20' title='bbox 2525 423 2773 493; x_wconf 77' lang='grc' dir='ltr'><strong>Λαζάρου</strong></span> <span class='ocrx_word' id='word_1_21' title='bbox 2825 422 2917 475; x_wconf 73' lang='grc' dir='ltr'><strong>καὶ</strong></span> <span class='ocrx_word' id='word_1_22' title='bbox 2969 420 3060 474; x_wconf 77' lang='grc' dir='ltr'>τοῦ</span> <span class='ocrx_word' id='word_1_23' title='bbox 3101 418 3354 473; x_wconf 77' lang='grc' dir='ltr'>πλουσίου</span> <span class='ocrx_word' id='word_1_24' title='bbox 3403 421 3730 492; x_wconf 80' lang='grc' dir='ltr'>ἀπορεῖσθαι</span> 
     </span>
    </p>
   </div>
   <div class='ocr_carea' id='block_1_5' title="bbox 470 511 2021 584">
    <p class='ocr_par' dir='ltr' id='par_1_5' title="bbox 470 511 2018 583">
     <span class='ocr_line' id='line_1_5' title="bbox 470 511 2018 583; baseline -0.003 -14"><span class='ocrx_word' id='word_1_25' title='bbox 470 515 836 583; x_wconf 84' lang='lat' dir='ltr'><strong>simpliciores</strong></span> <span class='ocrx_word' id='word_1_26' title='bbox 880 515 997 569; x_wconf 82' lang='lat' dir='ltr'><strong>haec</strong></span> <span class='ocrx_word' id='word_1_27' title='bbox 1047 514 1117 565; x_wconf 89' lang='lat' dir='ltr'><strong>ita</strong></span> <span class='ocrx_word' id='word_1_28' title='bbox 1162 513 1302 564; x_wconf 88' lang='lat' dir='ltr'><strong>dicta</strong></span> <span class='ocrx_word' id='word_1_29' title='bbox 1350 526 1470 565; x_wconf 84' lang='lat' dir='ltr'><strong>esse</strong></span> <span class='ocrx_word' id='word_1_30' title='bbox 1525 511 1839 565; x_wconf 80' lang='lat' dir='ltr'><strong>existiment</strong></span> <span class='ocrx_word' id='word_1_31' title='bbox 1882 526 2018 578; x_wconf 83' lang='lat' dir='ltr'><strong>quas</strong></span> 
     </span>
    </p>
   </div>
   <div class='ocr_carea' id='block_1_6' title="bbox 2134 511 3734 584">
    <p class='ocr_par' dir='ltr' id='par_1_6' title="bbox 2140 511 3734 584">
     <span class='ocr_line' id='line_1_6' title="bbox 2140 511 3734 584; baseline 0 -18"><span class='ocrx_word' id='word_1_32' title='bbox 2140 514 2390 567; x_wconf 84' lang='grc' dir='ltr'>δύναται·</span> <span class='ocrx_word' id='word_1_33' title='bbox 2416 513 2520 567; x_wconf 83' lang='grc' dir='ltr'><strong>τῶν</strong></span> <span class='ocrx_word' id='word_1_34' title='bbox 2564 514 2663 584; x_wconf 81' lang='grc' dir='ltr'><strong>μὲν</strong></span> <span class='ocrx_word' id='word_1_35' title='bbox 2690 513 3076 584; x_wconf 79' lang='grc' dir='ltr'><strong>ἁπλουστέρων</strong></span> <span class='ocrx_word' id='word_1_36' title='bbox 3111 511 3223 583; x_wconf 86' lang='grc'>(20)</span> <span class='ocrx_word' id='word_1_37' title='bbox 3261 512 3523 583; x_wconf 79' lang='grc' dir='ltr'>οἰομένων</span> <span class='ocrx_word' id='word_1_38' title='bbox 3555 511 3734 566; x_wconf 78' lang='grc' dir='ltr'>ταῦτα</span> 
     </span>
    </p>
   </div>
   <div class='ocr_carea' id='block_1_7' title="bbox 469 602 2021 675">
    <p class='ocr_par' dir='ltr' id='par_1_7' title="bbox 469 603 2021 674">
     <span class='ocr_line' id='line_1_7' title="bbox 469 603 2021 674; baseline -0.003 -13"><span class='ocrx_word' id='word_1_39' title='bbox 469 605 635 661; x_wconf 86' lang='lat' dir='ltr'><strong>ambo</strong></span> <span class='ocrx_word' id='word_1_40' title='bbox 683 621 807 661; x_wconf 92' lang='lat' dir='ltr'><strong>cum</strong></span> <span class='ocrx_word' id='word_1_41' title='bbox 854 604 1173 674; x_wconf 87' lang='lat' dir='ltr'><strong>corporibus</strong></span> <span class='ocrx_word' id='word_1_42' title='bbox 1214 604 1373 672; x_wconf 89' lang='lat' dir='ltr'><strong>digna</strong></span> <span class='ocrx_word' id='word_1_43' title='bbox 1410 603 1479 657; x_wconf 89' lang='lat' dir='ltr'><strong>iis</strong></span> <span class='ocrx_word' id='word_1_44' title='bbox 1516 618 1636 670; x_wconf 61' lang='lat' dir='ltr'><strong>quae</strong></span> <span class='ocrx_word' id='word_1_45' title='bbox 1672 604 1725 658; x_wconf 90' lang='lat' dir='ltr'><strong>in</strong></span> <span class='ocrx_word' id='word_1_46' title='bbox 1768 606 1879 657; x_wconf 88' lang='lat' dir='ltr'><strong>vita</strong></span> <span class='ocrx_word' id='word_1_47' title='bbox 1911 618 2021 672; x_wconf 84' lang='lat' dir='ltr'><strong>ges-</strong></span> 
     </span>
    </p>
   </div>
   <div class='ocr_carea' id='block_1_8' title="bbox 2134 602 3731 675">
    <p class='ocr_par' dir='ltr' id='par_1_8' title="bbox 2140 602 3731 675">
     <span class='ocr_line' id='line_1_8' title="bbox 2140 602 3731 675; baseline 0 -18"><span class='ocrx_word' id='word_1_48' title='bbox 2140 605 2407 675; x_wconf 82' lang='grc' dir='ltr'>λελέχθαι,</span> <span class='ocrx_word' id='word_1_49' title='bbox 2440 605 2515 669; x_wconf 82' lang='grc' dir='ltr'>ὡς</span> <span class='ocrx_word' id='word_1_50' title='bbox 2556 604 2879 675; x_wconf 73' lang='grc' dir='ltr'><strong>ἀμφοτέρων</strong></span> <span class='ocrx_word' id='word_1_51' title='bbox 2918 604 3055 674; x_wconf 85' lang='grc' dir='ltr'>μετὰ</span> <span class='ocrx_word' id='word_1_52' title='bbox 3090 602 3194 656; x_wconf 85' lang='grc' dir='ltr'><strong>τῶν</strong></span> <span class='ocrx_word' id='word_1_53' title='bbox 3219 603 3485 673; x_wconf 89' lang='grc' dir='ltr'>σωμάτων</span> <span class='ocrx_word' id='word_1_54' title='bbox 3512 603 3731 674; x_wconf 79' lang='grc' dir='ltr'>λαμϐα-</span> 
     </span>
    </p>
   </div>
   <div class='ocr_carea' id='block_1_9' title="bbox 468 694 2021 767">
    <p class='ocr_par' dir='ltr' id='par_1_9' title="bbox 468 695 2021 767">
     <span class='ocr_line' id='line_1_9' title="bbox 468 695 2021 767; baseline -0.003 -14"><span class='ocrx_word' id='word_1_55' title='bbox 468 701 666 762; x_wconf 87' lang='lat' dir='ltr'><strong>serint.</strong></span> <span class='ocrx_word' id='word_1_56' title='bbox 700 698 918 767; x_wconf 65' lang='lat' dir='ltr'><strong>praemia</strong></span> <span class='ocrx_word' id='word_1_57' title='bbox 948 695 1246 763; x_wconf 88' lang='lat' dir='ltr'><strong>recipiant;</strong></span> <span class='ocrx_word' id='word_1_58' title='bbox 1273 696 1308 748; x_wconf 94' lang='lat' dir='ltr'><strong>ii</strong></span> <span class='ocrx_word' id='word_1_59' title='bbox 1340 704 1523 749; x_wconf 88' lang='lat' dir='ltr'><strong>autem</strong></span> <span class='ocrx_word' id='word_1_60' title='bbox 1550 696 1642 763; x_wconf 88' lang='lat' dir='ltr'><strong>qui</strong></span> <span class='ocrx_word' id='word_1_61' title='bbox 1668 696 2021 750; x_wconf 75' lang='lat' dir='ltr'><strong>accuratiore:</strong></span> 
     </span>
    </p>
   </div>
   <div class='ocr_carea' id='block_1_10' title="bbox 2134 694 3727 767">
    <p class='ocr_par' dir='ltr' id='par_1_10' title="bbox 2140 694 3727 766">
     <span class='ocr_line' id='line_1_10' title="bbox 2140 694 3727 766; baseline 0.001 -18"><span class='ocrx_word' id='word_1_62' title='bbox 2140 696 2335 749; x_wconf 88' lang='grc' dir='ltr'>νόντων</span> <span class='ocrx_word' id='word_1_63' title='bbox 2384 696 2452 749; x_wconf 77' lang='grc' dir='ltr'>τὰ</span> <span class='ocrx_word' id='word_1_64' title='bbox 2500 695 2628 762; x_wconf 78' lang='grc' dir='ltr'>ἄξια</span> <span class='ocrx_word' id='word_1_65' title='bbox 2670 696 2778 749; x_wconf 86' lang='grc' dir='ltr'><strong>τῶν</strong></span> <span class='ocrx_word' id='word_1_66' title='bbox 2826 694 2903 766; x_wconf 78' lang='grc' dir='ltr'>τῷ</span> <span class='ocrx_word' id='word_1_67' title='bbox 2935 695 3035 766; x_wconf 82' lang='grc' dir='ltr'><strong>βίῳ</strong></span> <span class='ocrx_word' id='word_1_68' title='bbox 3064 696 3469 766; x_wconf 85' lang='grc' dir='ltr'>πεπραγμένων</span> <span class='ocrx_word' id='word_1_69' title='bbox 3489 712 3502 725; x_wconf 83' lang='grc'><em>’</em></span> <span class='ocrx_word' id='word_1_70' title='bbox 3532 696 3639 749; x_wconf 86' lang='grc' dir='ltr'>τῶν</span> <span class='ocrx_word' id='word_1_71' title='bbox 3664 696 3727 749; x_wconf 83' lang='grc' dir='ltr'>δὲ</span> 
     </span>
    </p>
   </div>
   <div class='ocr_carea' id='block_1_11' title="bbox 470 784 2021 861">
    <p class='ocr_par' dir='ltr' id='par_1_11' title="bbox 470 787 2021 861">
     <span class='ocr_line' id='line_1_11' title="bbox 470 787 2021 861; baseline -0.005 -14"><span class='ocrx_word' id='word_1_72' title='bbox 470 801 616 855; x_wconf 87' lang='lat' dir='ltr'><strong>sunt,</strong></span> <span class='ocrx_word' id='word_1_73' title='bbox 645 790 899 861; x_wconf 90' lang='lat' dir='ltr'><strong>quoniam</strong></span> <span class='ocrx_word' id='word_1_74' title='bbox 955 799 1077 859; x_wconf 90' lang='lat' dir='ltr'><strong>post</strong></span> <span class='ocrx_word' id='word_1_75' title='bbox 1124 788 1585 843; x_wconf 75' lang='lat' dir='ltr'><strong>resurrectionem</strong></span> <span class='ocrx_word' id='word_1_76' title='bbox 1620 787 1802 842; x_wconf 89' lang='lat' dir='ltr'><strong>nullus</strong></span> <span class='ocrx_word' id='word_1_77' title='bbox 1836 789 1890 841; x_wconf 90' lang='lat' dir='ltr'><strong>in</strong></span> <span class='ocrx_word' id='word_1_78' title='bbox 1931 790 2021 842; x_wconf 76' lang='lat' dir='ltr'><strong>rit:</strong></span> 
     </span>
    </p>
   </div>
   <div class='ocr_carea' id='block_1_12' title="bbox 2134 784 3725 861">
    <p class='ocr_par' dir='ltr' id='par_1_12' title="bbox 2140 784 3725 857">
     <span class='ocr_line' id='line_1_12' title="bbox 2140 784 3725 857; baseline 0 -18"><span class='ocrx_word' id='word_1_79' title='bbox 2140 786 2430 856; x_wconf 78' lang='grc' dir='ltr'>ἀκριόεστέ</span> <span class='ocrx_word' id='word_1_80' title='bbox 2440 804 2545 857; x_wconf 89' lang='grc' dir='ltr'><strong>ρων</strong></span> <span class='ocrx_word' id='word_1_81' title='bbox 2570 786 2702 857; x_wconf 87' lang='grc'>(21),</span> <span class='ocrx_word' id='word_1_82' title='bbox 2726 786 2848 840; x_wconf 78' lang='grc' dir='ltr'>ἐπεὶ</span> <span class='ocrx_word' id='word_1_83' title='bbox 2867 786 3004 856; x_wconf 87' lang='grc' dir='ltr'><strong>μετά</strong></span> <span class='ocrx_word' id='word_1_84' title='bbox 3028 784 3122 856; x_wconf 82' lang='grc' dir='ltr'><strong>τὴν</strong></span> <span class='ocrx_word' id='word_1_85' title='bbox 3143 785 3436 839; x_wconf 79' lang='grc' dir='ltr'>ἀνάστασιν</span> <span class='ocrx_word' id='word_1_86' title='bbox 3463 784 3639 849; x_wconf 76' lang='grc' dir='ltr'>οὐδεὶς</span> <span class='ocrx_word' id='word_1_87' title='bbox 3660 787 3725 839; x_wconf 84' lang='grc' dir='ltr'>ὲν</span> 
     </span>
    </p>
   </div>
   <div class='ocr_carea' id='block_1_13' title="bbox 468 877 2021 952">
    <p class='ocr_par' dir='ltr' id='par_1_13' title="bbox 468 881 2021 952">
     <span class='ocr_line' id='line_1_13' title="bbox 468 881 2021 952; baseline -0.001 -15"><span class='ocrx_word' id='word_1_88' title='bbox 468 883 821 952; x_wconf 75' lang='lat' dir='ltr'><strong>relinquitur,</strong></span> <span class='ocrx_word' id='word_1_89' title='bbox 868 882 984 936; x_wconf 84' lang='lat' dir='ltr'><strong>haec</strong></span> <span class='ocrx_word' id='word_1_90' title='bbox 1028 881 1083 935; x_wconf 91' lang='lat' dir='ltr'><strong>in</strong></span> <span class='ocrx_word' id='word_1_91' title='bbox 1143 881 1550 936; x_wconf 86' lang='lat' dir='ltr'><strong>resurrectione</strong></span> <span class='ocrx_word' id='word_1_92' title='bbox 1590 882 1886 951; x_wconf 81' lang='lat' dir='ltr'><strong>contigisse</strong></span> <span class='ocrx_word' id='word_1_93' title='bbox 1930 896 2021 936; x_wconf 86' lang='lat' dir='ltr'><strong>nor</strong></span> 
     </span>
    </p>
   </div>
   <div class='ocr_carea' id='block_1_14' title="bbox 2134 877 3730 952">
    <p class='ocr_par' dir='ltr' id='par_1_14' title="bbox 2139 877 3730 948">
     <span class='ocr_line' id='line_1_14' title="bbox 2139 877 3730 948; baseline 0.002 -20"><span class='ocrx_word' id='word_1_94' title='bbox 2139 877 2240 947; x_wconf 84' lang='grc' dir='ltr'>βίῳ</span> <span class='ocrx_word' id='word_1_95' title='bbox 2290 878 2698 942; x_wconf 87' lang='grc' dir='ltr'>καταλείπεται,</span> <span class='ocrx_word' id='word_1_96' title='bbox 2745 879 2844 930; x_wconf 80' lang='grc' dir='ltr'><strong>οὐκ</strong></span> <span class='ocrx_word' id='word_1_97' title='bbox 2886 880 2945 931; x_wconf 84' lang='grc' dir='ltr'>ὲν</span> <span class='ocrx_word' id='word_1_98' title='bbox 2989 880 3054 948; x_wconf 85' lang='grc' dir='ltr'>τῇ</span> <span class='ocrx_word' id='word_1_99' title='bbox 3108 877 3401 930; x_wconf 84' lang='grc' dir='ltr'>ἀναστάσει</span> <span class='ocrx_word' id='word_1_100' title='bbox 3457 878 3730 947; x_wconf 75' lang='grc' dir='ltr'>οἰομένων</span> 
     </span>
    </p>
   </div>
   <div class='ocr_carea' id='block_1_15' title="bbox 463 969 2021 1043">
    <p class='ocr_par' dir='ltr' id='par_1_15' title="bbox 463 970 2021 1043">
     <span class='ocr_line' id='line_1_15' title="bbox 463 970 2021 1043; baseline -0.003 -16"><span class='ocrx_word' id='word_1_101' title='bbox 463 982 685 1043; x_wconf 86' lang='lat' dir='ltr'><strong>putent;</strong></span> <span class='ocrx_word' id='word_1_102' title='bbox 717 975 851 1029; x_wconf 84' lang='lat' dir='ltr'><strong>dicit</strong></span> <span class='ocrx_word' id='word_1_103' title='bbox 879 974 1022 1027; x_wconf 91' lang='lat' dir='ltr'><strong>enim</strong></span> <span class='ocrx_word' id='word_1_104' title='bbox 1053 972 1205 1028; x_wconf 89' lang='lat' dir='ltr'><strong>dives</strong></span> <span class='ocrx_word' id='word_1_105' title='bbox 1236 988 1251 1026; x_wconf 91' lang='lat'><strong>:</strong></span> <span class='ocrx_word' id='word_1_106' title='bbox 1282 990 1301 1025; x_wconf 74' lang='grc' dir='ltr'><strong>ι</strong></span> <span class='ocrx_word' id='word_1_107' title='bbox 1327 972 1511 1028; x_wconf 84' lang='lat' dir='ltr'><strong>ilabeo</strong></span> <span class='ocrx_word' id='word_1_108' title='bbox 1541 976 1783 1042; x_wconf 85' lang='lat' dir='ltr'><strong>quinque</strong></span> <span class='ocrx_word' id='word_1_109' title='bbox 1808 970 2021 1027; x_wconf 75' lang='lat' dir='ltr'><strong>fratres.</strong></span> 
     </span>
    </p>
   </div>
   <div class='ocr_carea' id='block_1_16' title="bbox 2134 969 3727 1043">
    <p class='ocr_par' dir='ltr' id='par_1_16' title="bbox 2135 969 3727 1040">
     <span class='ocr_line' id='line_1_16' title="bbox 2135 969 3727 1040; baseline 0 -17"><span class='ocrx_word' id='word_1_110' title='bbox 2135 969 2311 1024; x_wconf 79' lang='grc' dir='ltr'>ταῦτα</span> <span class='ocrx_word' id='word_1_111' title='bbox 2352 971 2630 1039; x_wconf 87' lang='grc' dir='ltr'>γεγονέναι</span> <span class='ocrx_word' id='word_1_112' title='bbox 2652 988 2665 1002; x_wconf 74' lang='grc' dir='ltr'><strong>ο</strong></span> <span class='ocrx_word' id='word_1_113' title='bbox 2699 971 2846 1039; x_wconf 85' lang='grc' dir='ltr'>λέγει</span> <span class='ocrx_word' id='word_1_114' title='bbox 2879 971 2987 1040; x_wconf 80' lang='grc' dir='ltr'>γὰρ</span> <span class='ocrx_word' id='word_1_115' title='bbox 3018 973 3046 1023; x_wconf 88' lang='grc' dir='ltr'>ὁ</span> <span class='ocrx_word' id='word_1_116' title='bbox 3078 969 3349 1033; x_wconf 82' lang='grc' dir='ltr'>πλούσιος,</span> <span class='ocrx_word' id='word_1_117' title='bbox 3381 970 3463 1022; x_wconf 84' lang='grc' dir='ltr'><strong>ὅτι</strong></span> <span class='ocrx_word' id='word_1_118' title='bbox 3525 971 3727 1023; x_wconf 79' lang='grc' dir='ltr'>«πέντε</span> 
     </span>
    </p>
   </div>
   <div class='ocr_carea' id='block_1_17' title="bbox 461 1064 2039 1134">
    <p class='ocr_par' dir='ltr' id='par_1_17' title="bbox 461 1064 2039 1134">
     <span class='ocr_line' id='line_1_17' title="bbox 461 1064 2039 1134; baseline -0.001 -14"><span class='ocrx_word' id='word_1_119' title='bbox 461 1066 538 1120; x_wconf 86' lang='lat' dir='ltr'><strong>Ne</strong></span> <span class='ocrx_word' id='word_1_120' title='bbox 555 1075 608 1121; x_wconf 91' lang='lat' dir='ltr'><strong>et</strong></span> <span class='ocrx_word' id='word_1_121' title='bbox 625 1066 726 1134; x_wconf 90' lang='lat' dir='ltr'><strong>ipsi</strong></span> <span class='ocrx_word' id='word_1_122' title='bbox 762 1066 984 1120; x_wconf 82' lang='lat' dir='ltr'><strong>veniant</strong></span> <span class='ocrx_word' id='word_1_123' title='bbox 1009 1064 1061 1118; x_wconf 89' lang='lat' dir='ltr'><strong>in</strong></span> <span class='ocrx_word' id='word_1_124' title='bbox 1093 1065 1267 1119; x_wconf 88' lang='lat' dir='ltr'><strong>locum</strong></span> <span class='ocrx_word' id='word_1_125' title='bbox 1291 1065 1433 1119; x_wconf 90' lang='lat' dir='ltr'><strong>hunc</strong></span> <span class='ocrx_word' id='word_1_126' title='bbox 1454 1074 1842 1119; x_wconf 89' lang='lat' dir='ltr'><strong>tormentorum</strong></span> <span class='ocrx_word' id='word_1_127' title='bbox 1856 1104 1870 1126; x_wconf 93' lang='lat'><strong>,</strong></span> <span class='ocrx_word' id='word_1_128' title='bbox 1886 1064 2039 1118; x_wconf 89' lang='lat' dir='ltr'><strong>mitte</strong></span> 
     </span>
    </p>
   </div>
   <div class='ocr_carea' id='block_1_18' title="bbox 462 1154 2040 1225">
    <p class='ocr_par' dir='ltr' id='par_1_18' title="bbox 462 1154 2040 1225">
     <span class='ocr_line' id='line_1_18' title="bbox 462 1154 2040 1225; baseline -0.003 -14"><span class='ocrx_word' id='word_1_129' title='bbox 462 1156 730 1211; x_wconf 86' lang='lat' dir='ltr'><strong>Lazarum</strong></span> <span class='ocrx_word' id='word_1_130' title='bbox 776 1158 867 1225; x_wconf 91' lang='lat' dir='ltr'><strong>qui</strong></span> <span class='ocrx_word' id='word_1_131' title='bbox 922 1156 1133 1209; x_wconf 84' lang='lat' dir='ltr'><strong>nuntiet</strong></span> <span class='ocrx_word' id='word_1_132' title='bbox 1173 1157 1303 1224; x_wconf 91' lang='lat' dir='ltr'><strong>ipsis</strong></span> <span class='ocrx_word' id='word_1_133' title='bbox 1346 1172 1467 1224; x_wconf 72' lang='lat' dir='ltr'><strong>qua:</strong></span> <span class='ocrx_word' id='word_1_134' title='bbox 1522 1155 1611 1210; x_wconf 93' lang='lat' dir='ltr'><strong>hic</strong></span> <span class='ocrx_word' id='word_1_135' title='bbox 1662 1154 1887 1220; x_wconf 77' lang='lat' dir='ltr'><strong>ﬁunt&quot;;</strong></span> <span class='ocrx_word' id='word_1_136' title='bbox 1922 1175 1940 1208; x_wconf 73' lang='grc' dir='ltr'><strong>ι</strong></span> <span class='ocrx_word' id='word_1_137' title='bbox 1984 1163 2040 1210; x_wconf 86' lang='lat' dir='ltr'><strong>et</strong></span> 
     </span>
    </p>
   </div>
   <div class='ocr_carea' id='block_1_19' title="bbox 460 1246 2035 1318">
    <p class='ocr_par' dir='ltr' id='par_1_19' title="bbox 460 1246 2035 1318">
     <span class='ocr_line' id='line_1_19' title="bbox 460 1246 2035 1318; baseline -0.001 -17"><span class='ocrx_word' id='word_1_138' title='bbox 460 1262 559 1314; x_wconf 84' lang='lat' dir='ltr'><strong>per</strong></span> <span class='ocrx_word' id='word_1_139' title='bbox 588 1249 704 1301; x_wconf 74' lang='lat' dir='ltr'><strong>haec</strong></span> <span class='ocrx_word' id='word_1_140' title='bbox 742 1258 991 1317; x_wconf 73' lang='lat' dir='ltr'><strong>quaerant</strong></span> <span class='ocrx_word' id='word_1_141' title='bbox 1038 1248 1298 1318; x_wconf 83' lang='lat' dir='ltr'><strong>linguam,</strong></span> <span class='ocrx_word' id='word_1_142' title='bbox 1334 1247 1588 1316; x_wconf 83' lang='lat' dir='ltr'><strong>digitum,</strong></span> <span class='ocrx_word' id='word_1_143' title='bbox 1638 1246 1817 1299; x_wconf 85' lang='lat' dir='ltr'><strong>sinum</strong></span> <span class='ocrx_word' id='word_1_144' title='bbox 1852 1247 2035 1300; x_wconf 80' lang='lat' dir='ltr'><strong>Abra-</strong></span> 
     </span>
    </p>
   </div>
   <div class='ocr_carea' id='block_1_20' title="bbox 460 1336 2038 1406">
    <p class='ocr_par' dir='ltr' id='par_1_20' title="bbox 460 1336 2038 1406">
     <span class='ocr_line' id='line_1_20' title="bbox 460 1336 2038 1406; baseline -0.003 -14"><span class='ocrx_word' id='word_1_145' title='bbox 460 1339 565 1405; x_wconf 61' lang='lat' dir='ltr'><strong>hic,</strong></span> <span class='ocrx_word' id='word_1_146' title='bbox 592 1350 647 1393; x_wconf 90' lang='lat' dir='ltr'><strong>ct</strong></span> <span class='ocrx_word' id='word_1_147' title='bbox 682 1340 1016 1393; x_wconf 89' lang='lat' dir='ltr'><strong>recuhitum.</strong></span> <span class='ocrx_word' id='word_1_148' title='bbox 1052 1340 1120 1393; x_wconf 88' lang='lat' dir='ltr'><strong>Et</strong></span> <span class='ocrx_word' id='word_1_149' title='bbox 1148 1338 1289 1393; x_wconf 85' lang='lat' dir='ltr'><strong>forte</strong></span> <span class='ocrx_word' id='word_1_150' title='bbox 1322 1338 1414 1391; x_wconf 91' lang='lat' dir='ltr'><strong>illa</strong></span> <span class='ocrx_word' id='word_1_151' title='bbox 1458 1350 1579 1406; x_wconf 73' lang='lat' dir='ltr'><strong>quae</strong></span> <span class='ocrx_word' id='word_1_152' title='bbox 1625 1336 1822 1389; x_wconf 71' lang='lat' dir='ltr'><strong>anima:</strong></span> <span class='ocrx_word' id='word_1_153' title='bbox 1849 1350 1880 1390; x_wconf 92' lang='lat' dir='ltr'><strong>e</strong></span> <span class='ocrx_word' id='word_1_154' title='bbox 1908 1349 2038 1389; x_wconf 91' lang='lat' dir='ltr'><strong>cor-</strong></span> 
     </span>
    </p>
   </div>
   <div class='ocr_carea' id='block_1_21' title="bbox 459 1426 2034 1500">
    <p class='ocr_par' dir='ltr' id='par_1_21' title="bbox 459 1426 2034 1500">
     <span class='ocr_line' id='line_1_21' title="bbox 459 1426 2034 1500; baseline -0.003 -17"><span class='ocrx_word' id='word_1_155' title='bbox 459 1446 592 1499; x_wconf 88' lang='lat' dir='ltr'><strong>pore</strong></span> <span class='ocrx_word' id='word_1_156' title='bbox 624 1429 925 1500; x_wconf 84' lang='lat' dir='ltr'><strong>egredienti</strong></span> <span class='ocrx_word' id='word_1_157' title='bbox 971 1431 1158 1485; x_wconf 84' lang='lat' dir='ltr'><strong>statim</strong></span> <span class='ocrx_word' id='word_1_158' title='bbox 1213 1429 1413 1499; x_wconf 77' lang='lat' dir='ltr'><strong>obtigit</strong></span> <span class='ocrx_word' id='word_1_159' title='bbox 1467 1429 1660 1498; x_wconf 85' lang='lat' dir='ltr'><strong>ﬁgura,</strong></span> <span class='ocrx_word' id='word_1_160' title='bbox 1710 1441 1829 1495; x_wconf 70' lang='lat' dir='ltr'><strong>quae</strong></span> <span class='ocrx_word' id='word_1_161' title='bbox 1869 1426 2034 1480; x_wconf 89' lang='lat' dir='ltr'><strong>etiam</strong></span> 
     </span>
    </p>
   </div>
   <div class='ocr_carea' id='block_1_22' title="bbox 460 1518 2033 1587">
    <p class='ocr_par' dir='ltr' id='par_1_22' title="bbox 460 1518 2033 1587">
     <span class='ocr_line' id='line_1_22' title="bbox 460 1518 2033 1587; baseline -0.002 -14"><span class='ocrx_word' id='word_1_162' title='bbox 460 1520 635 1575; x_wconf 79' lang='lat' dir='ltr'><strong>forum</strong></span> <span class='ocrx_word' id='word_1_163' title='bbox 688 1521 884 1575; x_wconf 86' lang='lat' dir='ltr'><strong>similis</strong></span> <span class='ocrx_word' id='word_1_164' title='bbox 927 1532 1011 1575; x_wconf 90' lang='lat' dir='ltr'><strong>est</strong></span> <span class='ocrx_word' id='word_1_165' title='bbox 1058 1537 1247 1576; x_wconf 88' lang='lat' dir='ltr'><strong>crasso</strong></span> <span class='ocrx_word' id='word_1_166' title='bbox 1290 1537 1354 1575; x_wconf 88' lang='lat' dir='ltr'><strong>ac</strong></span> <span class='ocrx_word' id='word_1_167' title='bbox 1413 1530 1630 1574; x_wconf 88' lang='lat' dir='ltr'><strong>terreno</strong></span> <span class='ocrx_word' id='word_1_168' title='bbox 1685 1518 1924 1587; x_wconf 88' lang='lat' dir='ltr'><strong>corpori,</strong></span> <span class='ocrx_word' id='word_1_169' title='bbox 1959 1518 2033 1570; x_wconf 90' lang='lat' dir='ltr'><strong>ita</strong></span> 
     </span>
    </p>
   </div>
   <div class='ocr_carea' id='block_1_23' title="bbox 458 1610 2032 1682">
    <p class='ocr_par' dir='ltr' id='par_1_23' title="bbox 458 1610 2032 1682">
     <span class='ocr_line' id='line_1_23' title="bbox 458 1610 2032 1682; baseline 0 -20"><span class='ocrx_word' id='word_1_170' title='bbox 458 1621 644 1679; x_wconf 77' lang='lat' dir='ltr'><strong>potest</strong></span> <span class='ocrx_word' id='word_1_171' title='bbox 692 1612 946 1682; x_wconf 79' lang='lat' dir='ltr'><strong>intelligi.</strong></span> <span class='ocrx_word' id='word_1_172' title='bbox 982 1612 1039 1666; x_wconf 91' lang='lat' dir='ltr'><strong>Si</strong></span> <span class='ocrx_word' id='word_1_173' title='bbox 1072 1614 1193 1681; x_wconf 90' lang='lat' dir='ltr'><strong>quis</strong></span> <span class='ocrx_word' id='word_1_174' title='bbox 1249 1627 1380 1682; x_wconf 90' lang='lat' dir='ltr'><strong>ergo</strong></span> <span class='ocrx_word' id='word_1_175' title='bbox 1428 1625 1666 1679; x_wconf 86' lang='lat' dir='ltr'><strong>unquam</strong></span> <span class='ocrx_word' id='word_1_176' title='bbox 1724 1624 1754 1664; x_wconf 91' lang='lat' dir='ltr'><strong>e</strong></span> <span class='ocrx_word' id='word_1_177' title='bbox 1799 1610 2032 1663; x_wconf 87' lang='lat' dir='ltr'><strong>mortuis</strong></span> 
     </span>
    </p>
   </div>
   <div class='ocr_carea' id='block_1_24' title="bbox 458 1700 2031 1772">
    <p class='ocr_par' dir='ltr' id='par_1_24' title="bbox 458 1700 2031 1772">
     <span class='ocr_line' id='line_1_24' title="bbox 458 1700 2031 1772; baseline -0.003 -16"><span class='ocrx_word' id='word_1_178' title='bbox 458 1712 717 1756; x_wconf 87' lang='lat' dir='ltr'><strong>narratur</strong></span> <span class='ocrx_word' id='word_1_179' title='bbox 775 1704 1114 1772; x_wconf 86' lang='lat' dir='ltr'><strong>apparuisse,</strong></span> <span class='ocrx_word' id='word_1_180' title='bbox 1168 1702 1369 1755; x_wconf 82' lang='lat' dir='ltr'><strong>similis</strong></span> <span class='ocrx_word' id='word_1_181' title='bbox 1422 1702 1573 1754; x_wconf 88' lang='lat' dir='ltr'><strong>visus</strong></span> <span class='ocrx_word' id='word_1_182' title='bbox 1630 1710 1715 1755; x_wconf 89' lang='lat' dir='ltr'><strong>est</strong></span> <span class='ocrx_word' id='word_1_183' title='bbox 1764 1700 1837 1765; x_wconf 90' lang='lat' dir='ltr'><strong>ei,</strong></span> <span class='ocrx_word' id='word_1_184' title='bbox 1869 1713 2031 1768; x_wconf 91' lang='lat' dir='ltr'><strong>quam</strong></span> 
     </span>
    </p>
   </div>
   <div class='ocr_carea' id='block_1_25' title="bbox 457 1791 1580 1861">
    <p class='ocr_par' dir='ltr' id='par_1_25' title="bbox 457 1791 1580 1861">
     <span class='ocr_line' id='line_1_25' title="bbox 457 1791 1580 1861; baseline -0.002 -14"><span class='ocrx_word' id='word_1_185' title='bbox 457 1809 584 1847; x_wconf 89' lang='lat' dir='ltr'><strong>cum</strong></span> <span class='ocrx_word' id='word_1_186' title='bbox 620 1794 672 1847; x_wconf 92' lang='lat' dir='ltr'><strong>in</strong></span> <span class='ocrx_word' id='word_1_187' title='bbox 709 1809 875 1848; x_wconf 89' lang='lat' dir='ltr'><strong>carne</strong></span> <span class='ocrx_word' id='word_1_188' title='bbox 906 1803 1094 1861; x_wconf 90' lang='lat' dir='ltr'><strong>ageret</strong></span> <span class='ocrx_word' id='word_1_189' title='bbox 1121 1793 1337 1857; x_wconf 87' lang='lat' dir='ltr'><strong>habuit,</strong></span> <span class='ocrx_word' id='word_1_190' title='bbox 1370 1791 1580 1846; x_wconf 61' lang='lat' dir='ltr'><strong>formae.</strong></span> 
     </span>
    </p>
   </div>
   <div class='ocr_carea' id='block_1_26' title="bbox 528 1882 2025 1952">
    <p class='ocr_par' dir='ltr' id='par_1_26' title="bbox 528 1882 2025 1952">
     <span class='ocr_line' id='line_1_26' title="bbox 528 1882 2025 1952; baseline -0.001 -16"><span class='ocrx_word' id='word_1_191' title='bbox 528 1884 730 1937; x_wconf 77' lang='lat' dir='ltr'><strong>De.&#39;nde</strong></span> <span class='ocrx_word' id='word_1_192' title='bbox 756 1885 907 1937; x_wconf 80' lang='lat' dir='ltr'><strong>habet</strong></span> <span class='ocrx_word' id='word_1_193' title='bbox 934 1900 954 1937; x_wconf 91' lang='lat'><strong><em>:</em></strong></span> <span class='ocrx_word' id='word_1_194' title='bbox 979 1884 1157 1937; x_wconf 88' lang='lat' dir='ltr'><strong>Sedet</strong></span> <span class='ocrx_word' id='word_1_195' title='bbox 1183 1884 1402 1939; x_wconf 90' lang='lat' dir='ltr'><strong>Samuel</strong></span> <span class='ocrx_word' id='word_1_196' title='bbox 1438 1884 1553 1952; x_wconf 91' lang='lat' dir='ltr'><strong>qui,</strong></span> <span class='ocrx_word' id='word_1_197' title='bbox 1586 1891 1645 1936; x_wconf 91' lang='lat' dir='ltr'><strong>ut</strong></span> <span class='ocrx_word' id='word_1_198' title='bbox 1681 1882 2025 1936; x_wconf 82' lang='lat' dir='ltr'><strong>manifestum</strong></span> 
     </span>
    </p>
   </div>
   <div class='ocr_carea' id='block_1_27' title="bbox 2137 1060 3725 1132">
    <p class='ocr_par' dir='ltr' id='par_1_27' title="bbox 2137 1060 3725 1132">
     <span class='ocr_line' id='line_1_27' title="bbox 2137 1060 3725 1132; baseline 0.001 -19"><span class='ocrx_word' id='word_1_199' title='bbox 2137 1060 2397 1130; x_wconf 79' lang='grc' dir='ltr'>ἀδελφοὺς</span> <span class='ocrx_word' id='word_1_200' title='bbox 2423 1061 2551 1132; x_wconf 78' lang='grc' dir='ltr'>ἔχω,</span> <span class='ocrx_word' id='word_1_201' title='bbox 2582 1062 2675 1115; x_wconf 75' lang='grc' dir='ltr'><strong>καὶ</strong></span> <span class='ocrx_word' id='word_1_202' title='bbox 2701 1064 2785 1115; x_wconf 86' lang='grc' dir='ltr'><strong>ἵνα</strong></span> <span class='ocrx_word' id='word_1_203' title='bbox 2814 1061 2888 1132; x_wconf 82' lang='grc' dir='ltr'>μὴ</span> <span class='ocrx_word' id='word_1_204' title='bbox 2910 1060 3135 1114; x_wconf 74' lang='grc' dir='ltr'>ἔλθωσιν</span> <span class='ocrx_word' id='word_1_205' title='bbox 3171 1063 3250 1125; x_wconf 76' lang='grc' dir='ltr'><strong>εἰς</strong></span> <span class='ocrx_word' id='word_1_206' title='bbox 3274 1061 3365 1114; x_wconf 83' lang='grc' dir='ltr'><strong>τὸν</strong></span> <span class='ocrx_word' id='word_1_207' title='bbox 3394 1062 3560 1115; x_wconf 87' lang='grc' dir='ltr'>τόπον</span> <span class='ocrx_word' id='word_1_208' title='bbox 3588 1062 3725 1115; x_wconf 81' lang='grc' dir='ltr'><strong>τοῦ-</strong></span> 
     </span>
    </p>
   </div>
   <div class='ocr_carea' id='block_1_28' title="bbox 2136 1150 3730 1224">
    <p class='ocr_par' dir='ltr' id='par_1_28' title="bbox 2136 1150 3730 1224">
     <span class='ocr_line' id='line_1_28' title="bbox 2136 1150 3730 1224; baseline 0.003 -21"><span class='ocrx_word' id='word_1_209' title='bbox 2136 1168 2228 1203; x_wconf 92' lang='grc' dir='ltr'><strong>τον</strong></span> <span class='ocrx_word' id='word_1_210' title='bbox 2250 1151 2351 1221; x_wconf 79' lang='grc' dir='ltr'>τῆς</span> <span class='ocrx_word' id='word_1_211' title='bbox 2379 1150 2635 1220; x_wconf 81' lang='grc' dir='ltr'>βασάνου,</span> <span class='ocrx_word' id='word_1_212' title='bbox 2662 1151 2877 1221; x_wconf 76' lang='grc' dir='ltr'>πέμψον</span> <span class='ocrx_word' id='word_1_213' title='bbox 2902 1150 3154 1224; x_wconf 80' lang='grc' dir='ltr'>Λάζαρον</span> <span class='ocrx_word' id='word_1_214' title='bbox 3179 1154 3593 1222; x_wconf 82' lang='grc' dir='ltr'>ἀπαγγέλλοντα</span> <span class='ocrx_word' id='word_1_215' title='bbox 3625 1155 3730 1207; x_wconf 83' lang='grc' dir='ltr'>αὐ-</span> 
     </span>
    </p>
   </div>
   <div class='ocr_carea' id='block_1_29' title="bbox 2135 1241 3727 1316">
    <p class='ocr_par' dir='ltr' id='par_1_29' title="bbox 2135 1241 3727 1316">
     <span class='ocr_line' id='line_1_29' title="bbox 2135 1241 3727 1316; baseline 0.001 -23"><span class='ocrx_word' id='word_1_216' title='bbox 2135 1243 2248 1305; x_wconf 89' lang='grc' dir='ltr'>τοῖς</span> <span class='ocrx_word' id='word_1_217' title='bbox 2281 1242 2349 1295; x_wconf 83' lang='grc' dir='ltr'>τὰ</span> <span class='ocrx_word' id='word_1_218' title='bbox 2380 1241 2610 1296; x_wconf 77' lang='grc' dir='ltr'>ἐνταῦθα</span> <span class='ocrx_word' id='word_1_219' title='bbox 2635 1259 2647 1272; x_wconf 92' lang='grc'><strong>·</strong></span> <span class='ocrx_word' id='word_1_220' title='bbox 2674 1261 2693 1295; x_wconf 77' lang='grc' dir='ltr'><strong>ι</strong></span> <span class='ocrx_word' id='word_1_221' title='bbox 2736 1243 2832 1297; x_wconf 75' lang='grc' dir='ltr'>καὶ</span> <span class='ocrx_word' id='word_1_222' title='bbox 2881 1242 2968 1297; x_wconf 84' lang='grc' dir='ltr'>διὰ</span> <span class='ocrx_word' id='word_1_223' title='bbox 3021 1243 3227 1297; x_wconf 83' lang='grc' dir='ltr'>τούτων</span> <span class='ocrx_word' id='word_1_224' title='bbox 3273 1244 3578 1314; x_wconf 81' lang='grc' dir='ltr'>ζητούντων</span> <span class='ocrx_word' id='word_1_225' title='bbox 3619 1246 3727 1316; x_wconf 83' lang='grc' dir='ltr'>τὴν</span> 
     </span>
    </p>
   </div>
   <div class='ocr_carea' id='block_1_30' title="bbox 2136 1331 3722 1406">
    <p class='ocr_par' dir='ltr' id='par_1_30' title="bbox 2136 1331 3722 1406">
     <span class='ocr_line' id='line_1_30' title="bbox 2136 1331 3722 1406; baseline 0.004 -23"><span class='ocrx_word' id='word_1_226' title='bbox 2136 1331 2403 1400; x_wconf 81' lang='grc' dir='ltr'>γλῶσσαν,</span> <span class='ocrx_word' id='word_1_227' title='bbox 2424 1334 2518 1385; x_wconf 70' lang='grc' dir='ltr'>καὶ</span> <span class='ocrx_word' id='word_1_228' title='bbox 2532 1333 2621 1386; x_wconf 82' lang='grc' dir='ltr'><strong>τὸν</strong></span> <span class='ocrx_word' id='word_1_229' title='bbox 2644 1333 2924 1397; x_wconf 87' lang='grc' dir='ltr'>δάκτυλον,</span> <span class='ocrx_word' id='word_1_230' title='bbox 2940 1334 3169 1397; x_wconf 78' lang='grc' dir='ltr'>καὶτοὺς</span> <span class='ocrx_word' id='word_1_231' title='bbox 3181 1334 3415 1398; x_wconf 85' lang='grc' dir='ltr'>κόλπους</span> <span class='ocrx_word' id='word_1_232' title='bbox 3446 1336 3538 1387; x_wconf 79' lang='grc' dir='ltr'><strong>Ἀΰ</strong></span> <span class='ocrx_word' id='word_1_233' title='bbox 3547 1336 3651 1406; x_wconf 88' lang='grc' dir='ltr'><strong>ραά</strong></span> <span class='ocrx_word' id='word_1_234' title='bbox 3657 1354 3722 1406; x_wconf 90' lang='grc' dir='ltr'><strong>μ,</strong></span> 
     </span>
    </p>
   </div>
   <div class='ocr_carea' id='block_1_31' title="bbox 2135 1422 3724 1498">
    <p class='ocr_par' dir='ltr' id='par_1_31' title="bbox 2135 1422 3724 1498">
     <span class='ocr_line' id='line_1_31' title="bbox 2135 1422 3724 1498; baseline 0.003 -24"><span class='ocrx_word' id='word_1_235' title='bbox 2135 1423 2229 1475; x_wconf 74' lang='grc' dir='ltr'>καὶ</span> <span class='ocrx_word' id='word_1_236' title='bbox 2254 1422 2351 1493; x_wconf 86' lang='grc' dir='ltr'><strong>τὴν</strong></span> <span class='ocrx_word' id='word_1_237' title='bbox 2381 1423 2661 1479; x_wconf 85' lang='grc' dir='ltr'>ἀνάκλισιν</span> <span class='ocrx_word' id='word_1_238' title='bbox 2689 1424 2820 1495; x_wconf 88' lang='grc'>(22).</span> <span class='ocrx_word' id='word_1_239' title='bbox 2847 1426 2957 1479; x_wconf 77' lang='grc' dir='ltr'>Καὶ</span> <span class='ocrx_word' id='word_1_240' title='bbox 2992 1425 3133 1495; x_wconf 83' lang='grc' dir='ltr'>τάχα</span> <span class='ocrx_word' id='word_1_241' title='bbox 3160 1426 3221 1478; x_wconf 86' lang='grc' dir='ltr'><strong>τὸ</strong></span> <span class='ocrx_word' id='word_1_242' title='bbox 3251 1427 3348 1496; x_wconf 83' lang='grc' dir='ltr'><strong>τῆς</strong></span> <span class='ocrx_word' id='word_1_243' title='bbox 3376 1428 3556 1497; x_wconf 80' lang='grc' dir='ltr'>ψυχῆς</span> <span class='ocrx_word' id='word_1_244' title='bbox 3602 1429 3724 1498; x_wconf 77' lang='grc' dir='ltr'><strong>ἅμα</strong></span> 
     </span>
    </p>
   </div>
   <div class='ocr_carea' id='block_1_32' title="bbox 2134 1511 3724 1588">
    <p class='ocr_par' dir='ltr' id='par_1_32' title="bbox 2134 1511 3724 1588">
     <span class='ocr_line' id='line_1_32' title="bbox 2134 1511 3724 1588; baseline 0.003 -26"><span class='ocrx_word' id='word_1_245' title='bbox 2134 1514 2198 1581; x_wconf 81' lang='grc' dir='ltr'>τῇ</span> <span class='ocrx_word' id='word_1_246' title='bbox 2218 1511 2500 1583; x_wconf 79' lang='grc' dir='ltr'>ἀπαλλαγῇ</span> <span class='ocrx_word' id='word_1_247' title='bbox 2536 1513 2720 1584; x_wconf 83' lang='grc' dir='ltr'>σχῆμα</span> <span class='ocrx_word' id='word_1_248' title='bbox 2752 1514 2994 1585; x_wconf 79' lang='grc' dir='ltr'>ὁμοειδὲς</span> <span class='ocrx_word' id='word_1_249' title='bbox 3033 1514 3090 1568; x_wconf 80' lang='grc' dir='ltr'>ὃν</span> <span class='ocrx_word' id='word_1_250' title='bbox 3121 1514 3196 1585; x_wconf 85' lang='grc' dir='ltr'><strong>τῷ</strong></span> <span class='ocrx_word' id='word_1_251' title='bbox 3236 1519 3400 1585; x_wconf 84' lang='grc' dir='ltr'>παχεῖ</span> <span class='ocrx_word' id='word_1_252' title='bbox 3422 1520 3517 1569; x_wconf 79' lang='grc' dir='ltr'><strong>καὶ</strong></span> <span class='ocrx_word' id='word_1_253' title='bbox 3544 1519 3724 1588; x_wconf 72' lang='grc' dir='ltr'>γηΐνῳ</span> 
     </span>
    </p>
   </div>
   <div class='ocr_carea' id='block_1_33' title="bbox 2137 1601 3722 1675">
    <p class='ocr_par' dir='ltr' id='par_1_33' title="bbox 2137 1601 3722 1675">
     <span class='ocr_line' id='line_1_33' title="bbox 2137 1601 3722 1675; baseline 0.006 -23"><span class='ocrx_word' id='word_1_254' title='bbox 2137 1601 2352 1671; x_wconf 82' lang='grc' dir='ltr'>σώματι</span> <span class='ocrx_word' id='word_1_255' title='bbox 2394 1603 2616 1657; x_wconf 82' lang='grc' dir='ltr'>δύναται</span> <span class='ocrx_word' id='word_1_256' title='bbox 2661 1604 2833 1667; x_wconf 75' lang='grc' dir='ltr'>οὕτως</span> <span class='ocrx_word' id='word_1_257' title='bbox 2883 1604 3276 1675; x_wconf 80' lang='grc' dir='ltr'>λαμϐάνεσθαι.</span> <span class='ocrx_word' id='word_1_258' title='bbox 3302 1607 3372 1659; x_wconf 84' lang='grc' dir='ltr'><strong>Εἴ</strong></span> <span class='ocrx_word' id='word_1_259' title='bbox 3406 1624 3536 1659; x_wconf 88' lang='grc' dir='ltr'>ποτε</span> <span class='ocrx_word' id='word_1_260' title='bbox 3585 1608 3722 1675; x_wconf 77' lang='grc' dir='ltr'>γοῦν</span> 
     </span>
    </p>
   </div>
   <div class='ocr_carea' id='block_1_34' title="bbox 2139 1694 3724 1768">
    <p class='ocr_par' dir='ltr' id='par_1_34' title="bbox 2139 1694 3724 1768">
     <span class='ocr_line' id='line_1_34' title="bbox 2139 1694 3724 1768; baseline 0.006 -25"><span class='ocrx_word' id='word_1_261' title='bbox 2139 1694 2418 1765; x_wconf 76' lang='grc' dir='ltr'>ἱστόρηται</span> <span class='ocrx_word' id='word_1_262' title='bbox 2470 1713 2555 1757; x_wconf 88' lang='grc' dir='ltr'><strong>τις</strong></span> <span class='ocrx_word' id='word_1_263' title='bbox 2615 1694 2722 1747; x_wconf 87' lang='grc' dir='ltr'><strong>τῶν</strong></span> <span class='ocrx_word' id='word_1_264' title='bbox 2773 1696 3190 1766; x_wconf 81' lang='grc' dir='ltr'>κεκοιμημένων</span> <span class='ocrx_word' id='word_1_265' title='bbox 3245 1698 3605 1768; x_wconf 82' lang='grc' dir='ltr'>φαινόμενος,</span> <span class='ocrx_word' id='word_1_266' title='bbox 3663 1698 3724 1751; x_wconf 82' lang='grc' dir='ltr'>δ-</span> 
     </span>
    </p>
   </div>
   <div class='ocr_carea' id='block_1_35' title="bbox 2064 1780 3679 1861">
    <p class='ocr_par' dir='ltr' id='par_1_35' title="bbox 2064 1780 3679 1861">
     <span class='ocr_line' id='line_1_35' title="bbox 2064 1780 3679 1861; baseline 0.004 -28"><span class='ocrx_word' id='word_1_267' title='bbox 2064 1780 2104 1833; x_wconf 87' lang='grc' dir='ltr'><strong>Β</strong></span> <span class='ocrx_word' id='word_1_268' title='bbox 2137 1801 2288 1853; x_wconf 80' lang='grc' dir='ltr'>μοιος</span> <span class='ocrx_word' id='word_1_269' title='bbox 2311 1785 2420 1857; x_wconf 82' lang='grc'>(25)</span> <span class='ocrx_word' id='word_1_270' title='bbox 2448 1785 2685 1857; x_wconf 81' lang='grc' dir='ltr'>ἑώραται</span> <span class='ocrx_word' id='word_1_271' title='bbox 2714 1788 2790 1859; x_wconf 83' lang='grc' dir='ltr'>τῷ</span> <span class='ocrx_word' id='word_1_272' title='bbox 2817 1790 2906 1841; x_wconf 84' lang='grc' dir='ltr'>ὅτε</span> <span class='ocrx_word' id='word_1_273' title='bbox 2932 1789 3030 1861; x_wconf 82' lang='grc' dir='ltr'><strong>τὴν</strong></span> <span class='ocrx_word' id='word_1_274' title='bbox 3055 1790 3232 1861; x_wconf 87' lang='grc' dir='ltr'>σάρκα</span> <span class='ocrx_word' id='word_1_275' title='bbox 3260 1784 3371 1859; x_wconf 76' lang='grc' dir='ltr'>εἶχε</span> <span class='ocrx_word' id='word_1_276' title='bbox 3415 1791 3515 1859; x_wconf 81' lang='grc' dir='ltr'><strong>σχή</strong></span> <span class='ocrx_word' id='word_1_277' title='bbox 3527 1806 3679 1859; x_wconf 88' lang='grc' dir='ltr'>ματι.</span> 
     </span>
    </p>
   </div>
   <div class='ocr_carea' id='block_1_36' title="bbox 2206 1873 3723 1951">
    <p class='ocr_par' dir='ltr' id='par_1_36' title="bbox 2206 1873 3723 1951">
     <span class='ocr_line' id='line_1_36' title="bbox 2206 1873 3723 1951; baseline 0.003 -22"><span class='ocrx_word' id='word_1_278' title='bbox 2206 1873 2353 1930; x_wconf 78' lang='grc' dir='ltr'>Εἶτα</span> <span class='ocrx_word' id='word_1_279' title='bbox 2372 1894 2385 1906; x_wconf 89' lang='grc'><strong>·</strong></span> <span class='ocrx_word' id='word_1_280' title='bbox 2435 1877 2592 1931; x_wconf 80' lang='grc' dir='ltr'>Ἀλλά</span> <span class='ocrx_word' id='word_1_281' title='bbox 2626 1879 2720 1932; x_wconf 77' lang='grc' dir='ltr'><strong>καὶ</strong></span> <span class='ocrx_word' id='word_1_282' title='bbox 2749 1883 2777 1932; x_wconf 99' lang='lat'><strong>6</strong></span> <span class='ocrx_word' id='word_1_283' title='bbox 2804 1880 3056 1951; x_wconf 87' lang='grc' dir='ltr'>Σαμουὴλ</span> <span class='ocrx_word' id='word_1_284' title='bbox 3087 1880 3430 1951; x_wconf 83' lang='grc' dir='ltr'>φαινόμενος,</span> <span class='ocrx_word' id='word_1_285' title='bbox 3456 1881 3530 1943; x_wconf 84' lang='grc' dir='ltr'>ὡς</span> <span class='ocrx_word' id='word_1_286' title='bbox 3556 1880 3723 1951; x_wconf 83' lang='grc' dir='ltr'>δῆλόν</span> 
     </span>
    </p>
   </div>
   <div class='ocr_carea' id='block_1_37' title="bbox 456 1970 2021 2045">
    <p class='ocr_par' dir='ltr' id='par_1_37' title="bbox 456 1973 2021 2042">
     <span class='ocr_line' id='line_1_37' title="bbox 456 1973 2021 2042; baseline 0.001 -18"><span class='ocrx_word' id='word_1_287' title='bbox 456 1982 563 2035; x_wconf 86' lang='lat' dir='ltr'><strong>est,</strong></span> <span class='ocrx_word' id='word_1_288' title='bbox 629 1973 1017 2041; x_wconf 83' lang='lat' dir='ltr'><strong>conspicabilis</strong></span> <span class='ocrx_word' id='word_1_289' title='bbox 1066 1975 1361 2042; x_wconf 86' lang='lat' dir='ltr'><strong>apparuit,</strong></span> <span class='ocrx_word' id='word_1_290' title='bbox 1421 1974 1617 2041; x_wconf 90' lang='lat' dir='ltr'><strong>probat</strong></span> <span class='ocrx_word' id='word_1_291' title='bbox 1676 1988 1737 2028; x_wconf 88' lang='lat' dir='ltr'><strong>se</strong></span> <span class='ocrx_word' id='word_1_292' title='bbox 1800 1987 2021 2041; x_wconf 77' lang='lat' dir='ltr'><strong>corpore</strong></span> 
     </span>
    </p>
   </div>
   <div class='ocr_carea' id='block_1_38' title="bbox 2134 1970 3714 2045">
    <p class='ocr_par' dir='ltr' id='par_1_38' title="bbox 2134 1970 3714 2045">
     <span class='ocr_line' id='line_1_38' title="bbox 2134 1970 3714 2045; baseline 0.002 -23"><span class='ocrx_word' id='word_1_293' title='bbox 2134 1970 2297 2035; x_wconf 70' lang='grc' dir='ltr'>ἐστιν,</span> <span class='ocrx_word' id='word_1_294' title='bbox 2336 1970 2528 2041; x_wconf 79' lang='grc' dir='ltr'>ὁρατὸς</span> <span class='ocrx_word' id='word_1_295' title='bbox 2553 1970 2649 2037; x_wconf 83' lang='grc' dir='ltr'><strong>ὢν,</strong></span> <span class='ocrx_word' id='word_1_296' title='bbox 2678 1972 3010 2042; x_wconf 82' lang='grc' dir='ltr'>παρίστησιν</span> <span class='ocrx_word' id='word_1_297' title='bbox 3039 1973 3121 2026; x_wconf 85' lang='grc' dir='ltr'><strong>ὃτι</strong></span> <span class='ocrx_word' id='word_1_298' title='bbox 3161 1972 3320 2045; x_wconf 84' lang='grc' dir='ltr'>σῶμα</span> <span class='ocrx_word' id='word_1_299' title='bbox 3359 1973 3671 2044; x_wconf 84' lang='grc' dir='ltr'>περιέκειτο</span> <span class='ocrx_word' id='word_1_300' title='bbox 3699 1989 3714 2002; x_wconf 88' lang='grc'><strong>·</strong></span> 
     </span>
    </p>
   </div>
   <div class='ocr_carea' id='block_1_39' title="bbox 452 2054 2021 2137">
    <p class='ocr_par' dir='ltr' id='par_1_39' title="bbox 452 2054 2021 2135">
     <span class='ocr_line' id='line_1_39' title="bbox 452 2054 2021 2135; baseline -0.001 -20"><span class='ocrx_word' id='word_1_301' title='bbox 452 2062 623 2118; x_wconf 68' lang='lat' dir='ltr'><strong>fuisse</strong></span> <span class='ocrx_word' id='word_1_302' title='bbox 678 2063 961 2129; x_wconf 88' lang='lat' dir='ltr'><strong>indutum;</strong></span> <span class='ocrx_word' id='word_1_303' title='bbox 1000 2054 1302 2135; x_wconf 69' lang='lat' dir='ltr'><strong>prazsertim</strong></span> <span class='ocrx_word' id='word_1_304' title='bbox 1355 2080 1477 2119; x_wconf 91' lang='lat' dir='ltr'><strong>cum</strong></span> <span class='ocrx_word' id='word_1_305' title='bbox 1520 2073 1671 2118; x_wconf 87' lang='lat' dir='ltr'><strong>certa</strong></span> <span class='ocrx_word' id='word_1_306' title='bbox 1704 2078 1812 2118; x_wconf 91' lang='lat' dir='ltr'><strong>non</strong></span> <span class='ocrx_word' id='word_1_307' title='bbox 1852 2063 2021 2116; x_wconf 82' lang='lat' dir='ltr'><strong>desint</strong></span> 
     </span>
    </p>
   </div>
   <div class='ocr_carea' id='block_1_40' title="bbox 2134 2054 3717 2137">
    <p class='ocr_par' dir='ltr' id='par_1_40' title="bbox 2134 2061 3717 2137">
     <span class='ocr_line' id='line_1_40' title="bbox 2134 2061 3717 2137; baseline 0.003 -23"><span class='ocrx_word' id='word_1_308' title='bbox 2134 2061 2365 2131; x_wconf 88' lang='grc' dir='ltr'>μάλιστα</span> <span class='ocrx_word' id='word_1_309' title='bbox 2394 2061 2487 2115; x_wconf 74' lang='grc' dir='ltr'><strong>ἐὰν</strong></span> <span class='ocrx_word' id='word_1_310' title='bbox 2514 2062 2945 2134; x_wconf 85' lang='grc' dir='ltr'>ἀναγκασθῶμεν</span> <span class='ocrx_word' id='word_1_311' title='bbox 2980 2064 3085 2117; x_wconf 82' lang='grc' dir='ltr'>ὑπὸ</span> <span class='ocrx_word' id='word_1_312' title='bbox 3112 2063 3219 2117; x_wconf 85' lang='grc' dir='ltr'><strong>τῶν</strong></span> <span class='ocrx_word' id='word_1_313' title='bbox 3245 2064 3573 2128; x_wconf 80' lang='grc' dir='ltr'>ἀποδείξεων</span> <span class='ocrx_word' id='word_1_314' title='bbox 3613 2064 3717 2137; x_wconf 78' lang='grc' dir='ltr'>τὴν</span> 
     </span>
    </p>
   </div>
   <div class='ocr_carea' id='block_1_41' title="bbox 451 2150 2021 2229">
    <p class='ocr_par' dir='ltr' id='par_1_41' title="bbox 451 2150 2021 2223">
     <span class='ocr_line' id='line_1_41' title="bbox 451 2150 2021 2223; baseline -0.001 -17"><span class='ocrx_word' id='word_1_315' title='bbox 451 2164 773 2223; x_wconf 87' lang='lat' dir='ltr'><strong>argumenta</strong></span> <span class='ocrx_word' id='word_1_316' title='bbox 806 2156 1000 2223; x_wconf 85' lang='lat' dir='ltr'><strong>quibus</strong></span> <span class='ocrx_word' id='word_1_317' title='bbox 1038 2158 1232 2209; x_wconf 68' lang='lat' dir='ltr'><strong>animm.</strong></span> <span class='ocrx_word' id='word_1_318' title='bbox 1266 2150 1639 2210; x_wconf 73' lang='lat' dir='ltr'><strong>substantiam</strong></span> <span class='ocrx_word' id='word_1_319' title='bbox 1690 2169 1813 2208; x_wconf 91' lang='lat' dir='ltr'><strong>esse</strong></span> <span class='ocrx_word' id='word_1_320' title='bbox 1850 2154 2021 2206; x_wconf 88' lang='lat' dir='ltr'><strong>incor-</strong></span> 
     </span>
    </p>
   </div>
   <div class='ocr_carea' id='block_1_42' title="bbox 2134 2150 3722 2229">
    <p class='ocr_par' dir='ltr' id='par_1_42' title="bbox 2134 2152 3722 2229">
     <span class='ocr_line' id='line_1_42' title="bbox 2134 2152 3722 2229; baseline 0.004 -25"><span class='ocrx_word' id='word_1_321' title='bbox 2134 2152 2313 2204; x_wconf 72' lang='grc' dir='ltr'>οὐσίαν</span> <span class='ocrx_word' id='word_1_322' title='bbox 2337 2153 2436 2222; x_wconf 83' lang='grc' dir='ltr'>τῆς</span> <span class='ocrx_word' id='word_1_323' title='bbox 2457 2153 2634 2224; x_wconf 80' lang='grc' dir='ltr'>ψυχῆς</span> <span class='ocrx_word' id='word_1_324' title='bbox 2659 2153 2948 2224; x_wconf 84' lang='grc' dir='ltr'>ἀσώματον</span> <span class='ocrx_word' id='word_1_325' title='bbox 2981 2152 3119 2210; x_wconf 83' lang='grc' dir='ltr'>εἶναι</span> <span class='ocrx_word' id='word_1_326' title='bbox 3144 2156 3237 2209; x_wconf 76' lang='grc' dir='ltr'><strong>καὶ</strong></span> <span class='ocrx_word' id='word_1_327' title='bbox 3263 2157 3468 2228; x_wconf 86' lang='grc' dir='ltr'>ταύτην</span> <span class='ocrx_word' id='word_1_328' title='bbox 3503 2159 3722 2229; x_wconf 79' lang='grc' dir='ltr'>ἀποφή-</span> 
     </span>
    </p>
   </div>
   <div class='ocr_carea' id='block_1_43' title="bbox 451 2246 2027 2317">
    <p class='ocr_par' dir='ltr' id='par_1_43' title="bbox 451 2246 2027 2317">
     <span class='ocr_line' id='line_1_43' title="bbox 451 2246 2027 2317; baseline 0.001 -21"><span class='ocrx_word' id='word_1_329' title='bbox 451 2260 676 2313; x_wconf 86' lang='lat' dir='ltr'><strong>porcam</strong></span> <span class='ocrx_word' id='word_1_330' title='bbox 721 2247 1079 2314; x_wconf 88' lang='lat' dir='ltr'><strong>pronuntiare</strong></span> <span class='ocrx_word' id='word_1_331' title='bbox 1114 2261 1391 2317; x_wconf 81' lang='lat' dir='ltr'><strong>cogamur.</strong></span> <span class='ocrx_word' id='word_1_332' title='bbox 1432 2246 1550 2300; x_wconf 84' lang='lat' dir='ltr'><strong>Huc</strong></span> <span class='ocrx_word' id='word_1_333' title='bbox 1603 2246 1741 2299; x_wconf 91' lang='lat' dir='ltr'><strong>adde</strong></span> <span class='ocrx_word' id='word_1_334' title='bbox 1782 2249 1924 2312; x_wconf 90' lang='lat' dir='ltr'><strong>quod</strong></span> <span class='ocrx_word' id='word_1_335' title='bbox 1973 2254 2027 2297; x_wconf 85' lang='lat' dir='ltr'><strong>et</strong></span> 
     </span>
    </p>
   </div>
   <div class='ocr_carea' id='block_1_44' title="bbox 451 2334 2030 2404">
    <p class='ocr_par' dir='ltr' id='par_1_44' title="bbox 451 2334 2030 2404">
     <span class='ocr_line' id='line_1_44' title="bbox 451 2334 2030 2404; baseline -0.001 -17"><span class='ocrx_word' id='word_1_336' title='bbox 451 2334 603 2388; x_wconf 87' lang='lat' dir='ltr'><strong>dives</strong></span> <span class='ocrx_word' id='word_1_337' title='bbox 656 2349 850 2403; x_wconf 87' lang='lat' dir='ltr'><strong>poenas</strong></span> <span class='ocrx_word' id='word_1_338' title='bbox 897 2335 1072 2400; x_wconf 88' lang='lat' dir='ltr'><strong>luens,</strong></span> <span class='ocrx_word' id='word_1_339' title='bbox 1111 2347 1164 2389; x_wconf 88' lang='lat' dir='ltr'><strong>ct</strong></span> <span class='ocrx_word' id='word_1_340' title='bbox 1204 2350 1410 2404; x_wconf 88' lang='lat' dir='ltr'><strong>pauper</strong></span> <span class='ocrx_word' id='word_1_341' title='bbox 1438 2336 1489 2388; x_wconf 91' lang='lat' dir='ltr'><strong>in</strong></span> <span class='ocrx_word' id='word_1_342' title='bbox 1520 2334 1639 2389; x_wconf 89' lang='lat' dir='ltr'><strong>sinu</strong></span> <span class='ocrx_word' id='word_1_343' title='bbox 1674 2334 1908 2388; x_wconf 66' lang='lat' dir='ltr'><strong>Abrahae</strong></span> <span class='ocrx_word' id='word_1_344' title='bbox 1944 2347 2030 2385; x_wconf 91' lang='lat' dir='ltr'><strong>rc-</strong></span> 
     </span>
    </p>
   </div>
   <div class='ocr_carea' id='block_1_45' title="bbox 451 2424 2023 2496">
    <p class='ocr_par' dir='ltr' id='par_1_45' title="bbox 451 2424 2023 2496">
     <span class='ocr_line' id='line_1_45' title="bbox 451 2424 2023 2496; baseline 0.001 -21"><span class='ocrx_word' id='word_1_345' title='bbox 451 2424 764 2490; x_wconf 80' lang='lat' dir='ltr'><strong>quiescens,</strong></span> <span class='ocrx_word' id='word_1_346' title='bbox 788 2442 1020 2495; x_wconf 89' lang='lat' dir='ltr'><strong>quorum</strong></span> <span class='ocrx_word' id='word_1_347' title='bbox 1052 2428 1190 2481; x_wconf 90' lang='lat' dir='ltr'><strong>alter</strong></span> <span class='ocrx_word' id='word_1_348' title='bbox 1219 2429 1270 2481; x_wconf 93' lang='lat' dir='ltr'><strong>in</strong></span> <span class='ocrx_word' id='word_1_349' title='bbox 1307 2428 1522 2481; x_wconf 78' lang='lat' dir='ltr'><strong>inferno</strong></span> <span class='ocrx_word' id='word_1_350' title='bbox 1562 2427 1763 2496; x_wconf 90' lang='lat' dir='ltr'><strong>puniri,</strong></span> <span class='ocrx_word' id='word_1_351' title='bbox 1799 2425 1937 2478; x_wconf 88' lang='lat' dir='ltr'><strong>alter</strong></span> <span class='ocrx_word' id='word_1_352' title='bbox 1972 2425 2023 2477; x_wconf 91' lang='lat' dir='ltr'><strong>in</strong></span> 
     </span>
    </p>
   </div>
   <div class='ocr_carea' id='block_1_46' title="bbox 448 2515 2025 2586">
    <p class='ocr_par' dir='ltr' id='par_1_46' title="bbox 448 2515 2025 2586">
     <span class='ocr_line' id='line_1_46' title="bbox 448 2515 2025 2586; baseline -0.001 -19"><span class='ocrx_word' id='word_1_353' title='bbox 448 2516 571 2567; x_wconf 85' lang='lat' dir='ltr'><strong>sinu</strong></span> <span class='ocrx_word' id='word_1_354' title='bbox 594 2516 826 2571; x_wconf 68' lang='lat' dir='ltr'><strong>Abrahae</strong></span> <span class='ocrx_word' id='word_1_355' title='bbox 857 2518 1198 2585; x_wconf 87' lang='lat' dir='ltr'><strong>requiescere</strong></span> <span class='ocrx_word' id='word_1_356' title='bbox 1239 2519 1458 2583; x_wconf 89' lang='lat' dir='ltr'><strong>dicitur,</strong></span> <span class='ocrx_word' id='word_1_357' title='bbox 1494 2518 1653 2586; x_wconf 88' lang='lat' dir='ltr'><strong>idque</strong></span> <span class='ocrx_word' id='word_1_358' title='bbox 1676 2526 1800 2569; x_wconf 90' lang='lat' dir='ltr'><strong>ante</strong></span> <span class='ocrx_word' id='word_1_359' title='bbox 1836 2515 2025 2568; x_wconf 75' lang='lat' dir='ltr'><strong>Salva-</strong></span> 
     </span>
    </p>
   </div>
   <div class='ocr_carea' id='block_1_47' title="bbox 450 2605 2023 2677">
    <p class='ocr_par' dir='ltr' id='par_1_47' title="bbox 450 2605 2023 2677">
     <span class='ocr_line' id='line_1_47' title="bbox 450 2605 2023 2677; baseline 0.002 -22"><span class='ocrx_word' id='word_1_360' title='bbox 450 2610 585 2657; x_wconf 79' lang='lat' dir='ltr'><strong>toris</strong></span> <span class='ocrx_word' id='word_1_361' title='bbox 606 2608 917 2670; x_wconf 74' lang='lat' dir='ltr'><strong>adventum,</strong></span> <span class='ocrx_word' id='word_1_362' title='bbox 944 2618 1107 2677; x_wconf 86' lang='lat' dir='ltr'><strong>atque</strong></span> <span class='ocrx_word' id='word_1_363' title='bbox 1132 2615 1256 2662; x_wconf 83' lang='lat' dir='ltr'><strong>ante</strong></span> <span class='ocrx_word' id='word_1_364' title='bbox 1273 2608 1798 2663; x_wconf 88' lang='lat' dir='ltr'><strong>consummationem</strong></span> <span class='ocrx_word' id='word_1_365' title='bbox 1819 2605 2023 2669; x_wconf 65' lang='lat' dir='ltr'><strong>sarculi,</strong></span> 
     </span>
    </p>
   </div>
   <div class='ocr_carea' id='block_1_48' title="bbox 446 2698 2021 2768">
    <p class='ocr_par' dir='ltr' id='par_1_48' title="bbox 446 2698 2021 2768">
     <span class='ocr_line' id='line_1_48' title="bbox 446 2698 2021 2768; baseline 0.002 -20"><span class='ocrx_word' id='word_1_366' title='bbox 446 2711 510 2749; x_wconf 85' lang='lat' dir='ltr'><strong>ac</strong></span> <span class='ocrx_word' id='word_1_367' title='bbox 551 2698 776 2766; x_wconf 91' lang='lat' dir='ltr'><strong>proinde</strong></span> <span class='ocrx_word' id='word_1_368' title='bbox 828 2710 954 2753; x_wconf 90' lang='lat' dir='ltr'><strong>ante</strong></span> <span class='ocrx_word' id='word_1_369' title='bbox 1018 2702 1509 2768; x_wconf 77' lang='lat' dir='ltr'><strong>resnrrcCtionem,</strong></span> <span class='ocrx_word' id='word_1_370' title='bbox 1540 2701 1737 2755; x_wconf 88' lang='lat' dir='ltr'><strong>docent</strong></span> <span class='ocrx_word' id='word_1_371' title='bbox 1782 2700 2021 2753; x_wconf 91' lang='lat' dir='ltr'><strong>animam</strong></span> 
     </span>
    </p>
   </div>
   <div class='ocr_carea' id='block_1_49' title="bbox 443 2792 1838 2863">
    <p class='ocr_par' dir='ltr' id='par_1_49' title="bbox 443 2792 1838 2863">
     <span class='ocr_line' id='line_1_49' title="bbox 443 2792 1838 2863; baseline 0.004 -20"><span class='ocrx_word' id='word_1_372' title='bbox 443 2792 608 2844; x_wconf 86' lang='lat' dir='ltr'><strong>etiam</strong></span> <span class='ocrx_word' id='word_1_373' title='bbox 635 2807 779 2846; x_wconf 90' lang='lat' dir='ltr'><strong>nunc</strong></span> <span class='ocrx_word' id='word_1_374' title='bbox 795 2802 915 2862; x_wconf 88' lang='lat' dir='ltr'><strong>post</strong></span> <span class='ocrx_word' id='word_1_375' title='bbox 939 2810 1223 2851; x_wconf 86' lang='lat' dir='ltr'><strong>excessum</strong></span> <span class='ocrx_word' id='word_1_376' title='bbox 1259 2810 1290 2851; x_wconf 92' lang='lat' dir='ltr'><strong>e</strong></span> <span class='ocrx_word' id='word_1_377' title='bbox 1325 2797 1434 2849; x_wconf 89' lang='lat' dir='ltr'><strong>vita</strong></span> <span class='ocrx_word' id='word_1_378' title='bbox 1465 2794 1542 2849; x_wconf 90' lang='lat' dir='ltr'><strong>uti</strong></span> <span class='ocrx_word' id='word_1_379' title='bbox 1579 2809 1838 2863; x_wconf 86' lang='lat' dir='ltr'><strong>corpore.</strong></span> 
     </span>
    </p>
   </div>
   <div class='ocr_carea' id='block_1_50' title="bbox 664 2973 1807 3047">
    <p class='ocr_par' dir='ltr' id='par_1_50' title="bbox 664 2973 1807 3047">
     <span class='ocr_line' id='line_1_50' title="bbox 664 2973 1807 3047; baseline 0.003 -20"><span class='ocrx_word' id='word_1_380' title='bbox 664 2973 750 3029; x_wconf 74' lang='lat' dir='ltr'><strong>Ex</strong></span> <span class='ocrx_word' id='word_1_381' title='bbox 779 2974 1071 3041; x_wconf 83' lang='lat' dir='ltr'><strong>Methodio,</strong></span> <span class='ocrx_word' id='word_1_382' title='bbox 1097 2978 1237 3043; x_wconf 84' lang='lat' dir='ltr'><strong>apud</strong></span> <span class='ocrx_word' id='word_1_383' title='bbox 1274 2975 1464 3047; x_wconf 83' lang='lat' dir='ltr'><strong>Epiph.</strong></span> <span class='ocrx_word' id='word_1_384' title='bbox 1492 2979 1682 3033; x_wconf 64' lang='lat' dir='ltr'><strong>haeres.</strong></span> <span class='ocrx_word' id='word_1_385' title='bbox 1716 2976 1807 3031; x_wconf 76' lang='grc'><strong>64.</strong></span> 
     </span>
    </p>
   </div>
   <div class='ocr_carea' id='block_1_51' title="bbox 517 3065 2021 3138">
    <p class='ocr_par' dir='ltr' id='par_1_51' title="bbox 517 3065 2021 3138">
     <span class='ocr_line' id='line_1_51' title="bbox 517 3065 2021 3138; baseline -0.001 -17"><span class='ocrx_word' id='word_1_386' title='bbox 517 3066 655 3127; x_wconf 86' lang='lat' dir='ltr'><strong>Cum</strong></span> <span class='ocrx_word' id='word_1_387' title='bbox 692 3070 764 3121; x_wconf 90' lang='lat' dir='ltr'><strong>ita</strong></span> <span class='ocrx_word' id='word_1_388' title='bbox 819 3068 1049 3122; x_wconf 83' lang='lat' dir='ltr'><strong>dixisset</strong></span> <span class='ocrx_word' id='word_1_389' title='bbox 1098 3068 1406 3138; x_wconf 80' lang='lat' dir='ltr'><strong>(Origenes)</strong></span> <span class='ocrx_word' id='word_1_390' title='bbox 1465 3068 1753 3124; x_wconf 86' lang='lat' dir='ltr'><strong>Dominum</strong></span> <span class='ocrx_word' id='word_1_391' title='bbox 1805 3065 2021 3123; x_wconf 87' lang='lat' dir='ltr'><strong>Saddu-</strong></span> 
     </span>
    </p>
   </div>
   <div class='ocr_carea' id='block_1_52' title="bbox 444 3160 2023 3231">
    <p class='ocr_par' dir='ltr' id='par_1_52' title="bbox 444 3160 2023 3231">
     <span class='ocr_line' id='line_1_52' title="bbox 444 3160 2023 3231; baseline -0.002 -16"><span class='ocrx_word' id='word_1_392' title='bbox 444 3161 575 3215; x_wconf 71' lang='grc' dir='ltr'>οειιὶδ</span> <span class='ocrx_word' id='word_1_393' title='bbox 609 3161 941 3215; x_wconf 88' lang='lat' dir='ltr'><strong>tentantibus</strong></span> <span class='ocrx_word' id='word_1_394' title='bbox 969 3160 1333 3229; x_wconf 88' lang='lat' dir='ltr'><strong>respondisse,</strong></span> <span class='ocrx_word' id='word_1_395' title='bbox 1364 3178 1382 3212; x_wconf 77' lang='grc' dir='ltr'><strong>ι</strong></span> <span class='ocrx_word' id='word_1_396' title='bbox 1406 3161 1496 3229; x_wconf 90' lang='lat' dir='ltr'><strong>qui</strong></span> <span class='ocrx_word' id='word_1_397' title='bbox 1521 3172 1802 3231; x_wconf 89' lang='lat' dir='ltr'><strong>compotes</strong></span> <span class='ocrx_word' id='word_1_398' title='bbox 1835 3175 2023 3216; x_wconf 87' lang='lat' dir='ltr'><strong>resur-</strong></span> 
     </span>
    </p>
   </div>
   <div class='ocr_carea' id='block_1_53' title="bbox 445 3250 2022 3322">
    <p class='ocr_par' dir='ltr' id='par_1_53' title="bbox 445 3250 2022 3322">
     <span class='ocr_line' id='line_1_53' title="bbox 445 3250 2022 3322; baseline -0.001 -17"><span class='ocrx_word' id='word_1_399' title='bbox 445 3253 712 3306; x_wconf 88' lang='lat' dir='ltr'><strong>rectionis</strong></span> <span class='ocrx_word' id='word_1_400' title='bbox 748 3261 954 3318; x_wconf 86' lang='lat' dir='ltr'><strong>essent,</strong></span> <span class='ocrx_word' id='word_1_401' title='bbox 979 3250 1296 3322; x_wconf 84' lang='lat' dir='ltr'><strong>angelorum</strong></span> <span class='ocrx_word' id='word_1_402' title='bbox 1320 3252 1493 3307; x_wconf 88' lang='lat' dir='ltr'><strong>instar</strong></span> <span class='ocrx_word' id='word_1_403' title='bbox 1517 3250 1733 3307; x_wconf 85' lang='lat' dir='ltr'><strong>futuros</strong></span> <span class='ocrx_word' id='word_1_404' title='bbox 1747 3252 1794 3283; x_wconf 81' lang='grc'><strong>⁵⁸</strong></span> <span class='ocrx_word' id='word_1_405' title='bbox 1818 3270 1833 3318; x_wconf 89' lang='grc'><strong>;</strong></span> <span class='ocrx_word' id='word_1_406' title='bbox 1860 3270 1879 3304; x_wconf 84' lang='grc'><strong>›</strong></span> <span class='ocrx_word' id='word_1_407' title='bbox 1903 3259 2022 3321; x_wconf 89' lang='lat' dir='ltr'><strong>post</strong></span> 
     </span>
    </p>
   </div>
   <div class='ocr_carea' id='block_1_54' title="bbox 445 3345 2018 3415">
    <p class='ocr_par' dir='ltr' id='par_1_54' title="bbox 445 3345 2018 3415">
     <span class='ocr_line' id='line_1_54' title="bbox 445 3345 2018 3415; baseline 0 -17"><span class='ocrx_word' id='word_1_408' title='bbox 445 3346 546 3399; x_wconf 86' lang='lat' dir='ltr'><strong>ista</strong></span> <span class='ocrx_word' id='word_1_409' title='bbox 595 3345 915 3411; x_wconf 71' lang='lat' dir='ltr'><strong>snlijunxit;</strong></span> <span class='ocrx_word' id='word_1_410' title='bbox 952 3362 970 3395; x_wconf 73' lang='grc' dir='ltr'><strong>ι</strong></span> <span class='ocrx_word' id='word_1_411' title='bbox 995 3345 1186 3414; x_wconf 86' lang='lat' dir='ltr'><strong>Angeli</strong></span> <span class='ocrx_word' id='word_1_412' title='bbox 1248 3360 1409 3414; x_wconf 92' lang='lat' dir='ltr'><strong>porro</strong></span> <span class='ocrx_word' id='word_1_413' title='bbox 1464 3345 1649 3400; x_wconf 90' lang='lat' dir='ltr'><strong>carnis</strong></span> <span class='ocrx_word' id='word_1_414' title='bbox 1678 3353 1931 3415; x_wconf 81' lang='lat' dir='ltr'><strong>expertes</strong></span> <span class='ocrx_word' id='word_1_415' title='bbox 1966 3345 2018 3399; x_wconf 91' lang='lat' dir='ltr'><strong>in</strong></span> 
     </span>
    </p>
   </div>
   <div class='ocr_carea' id='block_1_55' title="bbox 441 3436 2021 3506">
    <p class='ocr_par' dir='ltr' id='par_1_55' title="bbox 441 3436 2021 3506">
     <span class='ocr_line' id='line_1_55' title="bbox 441 3436 2021 3506; baseline -0.002 -15"><span class='ocrx_word' id='word_1_416' title='bbox 441 3453 656 3491; x_wconf 82' lang='lat' dir='ltr'><strong>summa</strong></span> <span class='ocrx_word' id='word_1_417' title='bbox 690 3436 949 3490; x_wconf 83' lang='lat' dir='ltr'><strong>felicitate</strong></span> <span class='ocrx_word' id='word_1_418' title='bbox 981 3438 1185 3506; x_wconf 84' lang='lat' dir='ltr'><strong>degunt</strong></span> <span class='ocrx_word' id='word_1_419' title='bbox 1221 3451 1287 3490; x_wconf 88' lang='lat' dir='ltr'><strong>ac</strong></span> <span class='ocrx_word' id='word_1_420' title='bbox 1336 3436 1531 3506; x_wconf 83' lang='lat' dir='ltr'><strong>gloria.</strong></span> <span class='ocrx_word' id='word_1_421' title='bbox 1568 3436 1750 3503; x_wconf 87' lang='lat' dir='ltr'><strong>Quare</strong></span> <span class='ocrx_word' id='word_1_422' title='bbox 1797 3443 1853 3490; x_wconf 87' lang='lat' dir='ltr'><strong>et</strong></span> <span class='ocrx_word' id='word_1_423' title='bbox 1897 3449 2021 3498; x_wconf 91' lang='lat' dir='ltr'><strong>nos,</strong></span> 
     </span>
    </p>
   </div>
   <div class='ocr_carea' id='block_1_56' title="bbox 440 3528 2022 3598">
    <p class='ocr_par' dir='ltr' id='par_1_56' title="bbox 440 3528 2022 3598">
     <span class='ocr_line' id='line_1_56' title="bbox 440 3528 2022 3598; baseline -0.001 -18"><span class='ocrx_word' id='word_1_424' title='bbox 440 3545 579 3598; x_wconf 83' lang='lat' dir='ltr'><strong>quos</strong></span> <span class='ocrx_word' id='word_1_425' title='bbox 609 3529 814 3596; x_wconf 81' lang='lat' dir='ltr'><strong>aequari</strong></span> <span class='ocrx_word' id='word_1_426' title='bbox 862 3528 1073 3597; x_wconf 89' lang='lat' dir='ltr'><strong>angelis</strong></span> <span class='ocrx_word' id='word_1_427' title='bbox 1115 3535 1354 3598; x_wconf 89' lang='lat' dir='ltr'><strong>oportet,</strong></span> <span class='ocrx_word' id='word_1_428' title='bbox 1392 3543 1621 3584; x_wconf 88' lang='lat' dir='ltr'><strong>necesse</strong></span> <span class='ocrx_word' id='word_1_429' title='bbox 1654 3536 1739 3583; x_wconf 87' lang='lat' dir='ltr'><strong>est</strong></span> <span class='ocrx_word' id='word_1_430' title='bbox 1766 3529 1832 3583; x_wconf 88' lang='lat' dir='ltr'><strong>ad</strong></span> <span class='ocrx_word' id='word_1_431' title='bbox 1870 3542 2022 3582; x_wconf 88' lang='lat' dir='ltr'><strong>eum-</strong></span> 
     </span>
    </p>
   </div>
   <div class='ocr_carea' id='block_1_57' title="bbox 441 3620 1302 3676">
    <p class='ocr_par' dir='ltr' id='par_1_57' title="bbox 441 3620 1302 3676">
     <span class='ocr_line' id='line_1_57' title="bbox 441 3620 1302 3676; baseline -0.005 -1"><span class='ocrx_word' id='word_1_432' title='bbox 441 3624 561 3675; x_wconf 86' lang='lat' dir='ltr'><strong>dem</strong></span> <span class='ocrx_word' id='word_1_433' title='bbox 590 3624 807 3675; x_wconf 88' lang='lat' dir='ltr'><strong>modmn</strong></span> <span class='ocrx_word' id='word_1_434' title='bbox 841 3636 1007 3676; x_wconf 84' lang='lat' dir='ltr'><strong>carne</strong></span> <span class='ocrx_word' id='word_1_435' title='bbox 1038 3620 1256 3675; x_wconf 88' lang='lat' dir='ltr'><strong>nudari.</strong></span> <span class='ocrx_word' id='word_1_436' title='bbox 1282 3637 1302 3670; x_wconf 75' lang='grc' dir='ltr'><strong>ι</strong></span> 
     </span>
    </p>
   </div>
   <div class='ocr_carea' id='block_1_58' title="bbox 2125 2243 3721 2319">
    <p class='ocr_par' dir='ltr' id='par_1_58' title="bbox 2125 2243 3721 2319">
     <span class='ocr_line' id='line_1_58' title="bbox 2125 2243 3721 2319; baseline 0.006 -23"><span class='ocrx_word' id='word_1_437' title='bbox 2125 2243 2338 2297; x_wconf 85' lang='grc' dir='ltr'>νασθαι.</span> <span class='ocrx_word' id='word_1_438' title='bbox 2385 2244 2542 2299; x_wconf 85' lang='grc' dir='ltr'>Ἀλλά</span> <span class='ocrx_word' id='word_1_439' title='bbox 2574 2247 2667 2300; x_wconf 78' lang='grc' dir='ltr'>καὶ</span> <span class='ocrx_word' id='word_1_440' title='bbox 2712 2249 2740 2300; x_wconf 88' lang='grc' dir='ltr'>ὁ</span> <span class='ocrx_word' id='word_1_441' title='bbox 2783 2248 3143 2319; x_wconf 79' lang='grc' dir='ltr'>κολαζόμενος</span> <span class='ocrx_word' id='word_1_442' title='bbox 3174 2249 3449 2315; x_wconf 86' lang='grc' dir='ltr'>πλούσιος,</span> <span class='ocrx_word' id='word_1_443' title='bbox 3482 2253 3575 2304; x_wconf 74' lang='grc' dir='ltr'><strong>καὶ</strong></span> <span class='ocrx_word' id='word_1_444' title='bbox 3602 2252 3633 2303; x_wconf 87' lang='lat'><strong>6</strong></span> <span class='ocrx_word' id='word_1_445' title='bbox 3657 2252 3721 2305; x_wconf 80' lang='grc' dir='ltr'>ἐν</span> 
     </span>
    </p>
   </div>
   <div class='ocr_carea' id='block_1_59' title="bbox 2136 2335 3721 2412">
    <p class='ocr_par' dir='ltr' id='par_1_59' title="bbox 2136 2335 3721 2412">
     <span class='ocr_line' id='line_1_59' title="bbox 2136 2335 3721 2412; baseline 0.005 -24"><span class='ocrx_word' id='word_1_446' title='bbox 2136 2336 2354 2399; x_wconf 86' lang='grc' dir='ltr'>κόλποις</span> <span class='ocrx_word' id='word_1_447' title='bbox 2391 2335 2637 2408; x_wconf 77' lang='grc' dir='ltr'>Ἀϐραάμ</span> <span class='ocrx_word' id='word_1_448' title='bbox 2666 2337 2833 2409; x_wconf 88' lang='grc' dir='ltr'>πένης</span> <span class='ocrx_word' id='word_1_449' title='bbox 2853 2340 3277 2411; x_wconf 90' lang='grc' dir='ltr'>ἀναπαυόμενος,</span> <span class='ocrx_word' id='word_1_450' title='bbox 3310 2342 3415 2410; x_wconf 86' lang='grc' dir='ltr'><strong>πρὸ</strong></span> <span class='ocrx_word' id='word_1_451' title='bbox 3443 2341 3541 2411; x_wconf 85' lang='grc' dir='ltr'>τῆς</span> <span class='ocrx_word' id='word_1_452' title='bbox 3574 2360 3721 2412; x_wconf 89' lang='grc' dir='ltr'>παρ-</span> 
     </span>
    </p>
   </div>
   <div class='ocr_carea' id='block_1_60' title="bbox 2135 2424 3716 2500">
    <p class='ocr_par' dir='ltr' id='par_1_60' title="bbox 2135 2424 3716 2500">
     <span class='ocr_line' id='line_1_60' title="bbox 2135 2424 3716 2500; baseline 0.003 -22"><span class='ocrx_word' id='word_1_453' title='bbox 2135 2425 2323 2488; x_wconf 75' lang='grc' dir='ltr'>ουσίας</span> <span class='ocrx_word' id='word_1_454' title='bbox 2369 2424 2463 2478; x_wconf 83' lang='grc' dir='ltr'>τοῦ</span> <span class='ocrx_word' id='word_1_455' title='bbox 2504 2427 2755 2499; x_wconf 83' lang='grc' dir='ltr'>Σωτῆρος</span> <span class='ocrx_word' id='word_1_456' title='bbox 2798 2430 2893 2482; x_wconf 78' lang='grc' dir='ltr'><strong>καὶ</strong></span> <span class='ocrx_word' id='word_1_457' title='bbox 2939 2430 3046 2500; x_wconf 85' lang='grc' dir='ltr'>πρὸ</span> <span class='ocrx_word' id='word_1_458' title='bbox 3092 2430 3199 2500; x_wconf 84' lang='grc' dir='ltr'><strong>τῆς</strong></span> <span class='ocrx_word' id='word_1_459' title='bbox 3254 2430 3563 2493; x_wconf 83' lang='grc' dir='ltr'>συντελείας</span> <span class='ocrx_word' id='word_1_460' title='bbox 3615 2430 3716 2482; x_wconf 77' lang='grc' dir='ltr'>τοῦ</span> 
     </span>
    </p>
   </div>
   <div class='ocr_carea' id='block_1_61' title="bbox 2136 2514 3717 2591">
    <p class='ocr_par' dir='ltr' id='par_1_61' title="bbox 2136 2514 3717 2591">
     <span class='ocr_line' id='line_1_61' title="bbox 2136 2514 3717 2591; baseline 0.004 -25"><span class='ocrx_word' id='word_1_461' title='bbox 2136 2514 2350 2578; x_wconf 79' lang='grc' dir='ltr'>αἰῶνος,</span> <span class='ocrx_word' id='word_1_462' title='bbox 2376 2517 2469 2569; x_wconf 75' lang='grc' dir='ltr'><strong>καὶ</strong></span> <span class='ocrx_word' id='word_1_463' title='bbox 2491 2515 2577 2569; x_wconf 85' lang='grc' dir='ltr'>διὰ</span> <span class='ocrx_word' id='word_1_464' title='bbox 2598 2516 2755 2569; x_wconf 79' lang='grc' dir='ltr'>τοῦτο</span> <span class='ocrx_word' id='word_1_465' title='bbox 2791 2519 2897 2589; x_wconf 87' lang='grc' dir='ltr'><strong>πρὸ</strong></span> <span class='ocrx_word' id='word_1_466' title='bbox 2929 2519 3156 2591; x_wconf 69' lang='grc' dir='ltr'>τῆς(24)</span> <span class='ocrx_word' id='word_1_467' title='bbox 3188 2521 3536 2583; x_wconf 86' lang='grc' dir='ltr'>ἀναστάσεως</span> <span class='ocrx_word' id='word_1_468' title='bbox 3557 2519 3717 2587; x_wconf 88' lang='grc' dir='ltr'>λεγό-</span> 
     </span>
    </p>
   </div>
   <div class='ocr_carea' id='block_1_62' title="bbox 2135 2606 3717 2678">
    <p class='ocr_par' dir='ltr' id='par_1_62' title="bbox 2135 2606 3717 2678">
     <span class='ocr_line' id='line_1_62' title="bbox 2135 2606 3717 2678; baseline 0.004 -21"><span class='ocrx_word' id='word_1_469' title='bbox 2135 2622 2284 2675; x_wconf 88' lang='grc' dir='ltr'>μενοι</span> <span class='ocrx_word' id='word_1_470' title='bbox 2330 2608 2359 2659; x_wconf 90' lang='lat'><strong>6</strong></span> <span class='ocrx_word' id='word_1_471' title='bbox 2410 2606 2508 2677; x_wconf 81' lang='grc' dir='ltr'><strong>μὲν</strong></span> <span class='ocrx_word' id='word_1_472' title='bbox 2566 2608 2622 2659; x_wconf 82' lang='grc' dir='ltr'>ὲν</span> <span class='ocrx_word' id='word_1_473' title='bbox 2668 2607 2794 2678; x_wconf 77' lang='grc' dir='ltr'>ᾅδου</span> <span class='ocrx_word' id='word_1_474' title='bbox 2830 2608 3171 2674; x_wconf 78' lang='grc' dir='ltr'>κολάζεσθαι,</span> <span class='ocrx_word' id='word_1_475' title='bbox 3206 2612 3233 2663; x_wconf 87' lang='grc' dir='ltr'>ὁ</span> <span class='ocrx_word' id='word_1_476' title='bbox 3280 2611 3335 2662; x_wconf 85' lang='grc' dir='ltr'><strong>δὲ</strong></span> <span class='ocrx_word' id='word_1_477' title='bbox 3374 2612 3431 2663; x_wconf 81' lang='grc' dir='ltr'><strong>ἐν</strong></span> <span class='ocrx_word' id='word_1_478' title='bbox 3492 2609 3717 2673; x_wconf 87' lang='grc' dir='ltr'>κόλποις</span> 
     </span>
    </p>
   </div>
   <div class='ocr_carea' id='block_1_63' title="bbox 2144 2696 3714 2772">
    <p class='ocr_par' dir='ltr' id='par_1_63' title="bbox 2144 2696 3714 2772">
     <span class='ocr_line' id='line_1_63' title="bbox 2144 2696 3714 2772; baseline 0.004 -25"><span class='ocrx_word' id='word_1_479' title='bbox 2144 2696 2394 2767; x_wconf 78' lang='grc' dir='ltr'>Ἀϐραὰμ</span> <span class='ocrx_word' id='word_1_480' title='bbox 2435 2697 2836 2761; x_wconf 84' lang='grc' dir='ltr'>ἀναπαύεσθαι,</span> <span class='ocrx_word' id='word_1_481' title='bbox 2887 2698 3226 2755; x_wconf 84' lang='grc' dir='ltr'>διδάσκουσιν</span> <span class='ocrx_word' id='word_1_482' title='bbox 3274 2701 3356 2754; x_wconf 86' lang='grc' dir='ltr'><strong>ὅτι</strong></span> <span class='ocrx_word' id='word_1_483' title='bbox 3397 2703 3492 2754; x_wconf 77' lang='grc' dir='ltr'><strong>καὶ</strong></span> <span class='ocrx_word' id='word_1_484' title='bbox 3519 2699 3614 2754; x_wconf 78' lang='grc' dir='ltr'>νῦν</span> <span class='ocrx_word' id='word_1_485' title='bbox 3644 2703 3714 2772; x_wconf 83' lang='grc' dir='ltr'>τῇ</span> 
     </span>
    </p>
   </div>
   <div class='ocr_carea' id='block_1_64' title="bbox 2128 2788 3124 2861">
    <p class='ocr_par' dir='ltr' id='par_1_64' title="bbox 2128 2788 3124 2861">
     <span class='ocr_line' id='line_1_64' title="bbox 2128 2788 3124 2861; baseline 0.002 -19"><span class='ocrx_word' id='word_1_486' title='bbox 2128 2788 2416 2859; x_wconf 73' lang='grc' dir='ltr'>ἀπαλλαγῇ</span> <span class='ocrx_word' id='word_1_487' title='bbox 2443 2788 2652 2860; x_wconf 80' lang='grc' dir='ltr'>σώματι</span> <span class='ocrx_word' id='word_1_488' title='bbox 2680 2790 2878 2860; x_wconf 80' lang='grc' dir='ltr'>χρῆται</span> <span class='ocrx_word' id='word_1_489' title='bbox 2906 2792 2938 2860; x_wconf 80' lang='grc' dir='ltr'><strong>ἡ</strong></span> <span class='ocrx_word' id='word_1_490' title='bbox 2960 2790 3124 2861; x_wconf 78' lang='grc' dir='ltr'>ψυχή.</span> 
     </span>
    </p>
   </div>
   <div class='ocr_carea' id='block_1_65' title="bbox 2630 2974 3216 3031">
    <p class='ocr_par' dir='ltr' id='par_1_65' title="bbox 2630 2974 3216 3031">
     <span class='ocr_line' id='line_1_65' title="bbox 2630 2974 3216 3031; baseline 0.009 -5"><span class='ocrx_word' id='word_1_491' title='bbox 2630 2975 2720 3027; x_wconf 77' lang='grc' dir='ltr'>Ἐκ</span> <span class='ocrx_word' id='word_1_492' title='bbox 2754 2974 2871 3027; x_wconf 85' lang='grc' dir='ltr'><strong>τῶν</strong></span> <span class='ocrx_word' id='word_1_493' title='bbox 2902 2975 3216 3031; x_wconf 84' lang='grc' dir='ltr'>Μεθοδίου.</span> 
     </span>
    </p>
   </div>
   <div class='ocr_carea' id='block_1_66' title="bbox 2199 3064 3716 3139">
    <p class='ocr_par' dir='ltr' id='par_1_66' title="bbox 2199 3064 3716 3139">
     <span class='ocr_line' id='line_1_66' title="bbox 2199 3064 3716 3139; baseline 0.001 -21"><span class='ocrx_word' id='word_1_494' title='bbox 2199 3066 2419 3138; x_wconf 82' lang='grc' dir='ltr'>Φράσας</span> <span class='ocrx_word' id='word_1_495' title='bbox 2448 3064 2784 3138; x_wconf 88' lang='grc' dir='ltr'>(Ὠριγένης)</span> <span class='ocrx_word' id='word_1_496' title='bbox 2816 3067 3200 3139; x_wconf 81' lang='grc' dir='ltr'>ἀποφήνασθαι</span> <span class='ocrx_word' id='word_1_497' title='bbox 3243 3066 3335 3121; x_wconf 82' lang='grc' dir='ltr'>τὸν</span> <span class='ocrx_word' id='word_1_498' title='bbox 3381 3067 3608 3139; x_wconf 84' lang='grc' dir='ltr'>Κύριον,</span> <span class='ocrx_word' id='word_1_499' title='bbox 3637 3067 3716 3131; x_wconf 80' lang='grc' dir='ltr'>ὡς</span> 
     </span>
    </p>
   </div>
   <div class='ocr_carea' id='block_1_67' title="bbox 2135 3158 3719 3229">
    <p class='ocr_par' dir='ltr' id='par_1_67' title="bbox 2135 3158 3719 3229">
     <span class='ocr_line' id='line_1_67' title="bbox 2135 3158 3719 3229; baseline 0.002 -19"><span class='ocrx_word' id='word_1_500' title='bbox 2135 3175 2155 3210; x_wconf 84' lang='grc'><strong>‹</strong></span> <span class='ocrx_word' id='word_1_501' title='bbox 2177 3160 2225 3211; x_wconf 89' lang='grc' dir='ltr'>οἱ</span> <span class='ocrx_word' id='word_1_502' title='bbox 2255 3158 2355 3228; x_wconf 76' lang='grc' dir='ltr'>τῆς</span> <span class='ocrx_word' id='word_1_503' title='bbox 2394 3158 2743 3221; x_wconf 90' lang='grc' dir='ltr'>ἀναστάσεως</span> <span class='ocrx_word' id='word_1_504' title='bbox 2771 3158 3080 3229; x_wconf 82' lang='grc' dir='ltr'>τευξόμενοι</span> <span class='ocrx_word' id='word_1_505' title='bbox 3116 3159 3329 3213; x_wconf 79' lang='grc' dir='ltr'>ἔσονται</span> <span class='ocrx_word' id='word_1_506' title='bbox 3358 3158 3480 3211; x_wconf 89' lang='grc' dir='ltr'>τότε</span> <span class='ocrx_word' id='word_1_507' title='bbox 3511 3158 3586 3223; x_wconf 83' lang='grc' dir='ltr'>ὡς</span> <span class='ocrx_word' id='word_1_508' title='bbox 3620 3159 3719 3228; x_wconf 75' lang='grc' dir='ltr'>ἀγ-</span> 
     </span>
    </p>
   </div>
   <div class='ocr_carea' id='block_1_68' title="bbox 2128 3248 3719 3323">
    <p class='ocr_par' dir='ltr' id='par_1_68' title="bbox 2128 3248 3719 3323">
     <span class='ocr_line' id='line_1_68' title="bbox 2128 3248 3719 3323; baseline 0.001 -22"><span class='ocrx_word' id='word_1_509' title='bbox 2128 3248 2295 3318; x_wconf 87' lang='grc' dir='ltr'>γελοι,</span> <span class='ocrx_word' id='word_1_510' title='bbox 2323 3269 2342 3301; x_wconf 71' lang='grc' dir='ltr'><strong>ι</strong></span> <span class='ocrx_word' id='word_1_511' title='bbox 2376 3248 2504 3303; x_wconf 78' lang='grc' dir='ltr'>ἔνθα</span> <span class='ocrx_word' id='word_1_512' title='bbox 2536 3250 2889 3323; x_wconf 78' lang='grc' dir='ltr'>πειράζουσιν</span> <span class='ocrx_word' id='word_1_513' title='bbox 2915 3249 3077 3302; x_wconf 84' lang='grc' dir='ltr'>αὐτὸν</span> <span class='ocrx_word' id='word_1_514' title='bbox 3108 3250 3157 3302; x_wconf 79' lang='grc' dir='ltr'>οἱ</span> <span class='ocrx_word' id='word_1_515' title='bbox 3187 3249 3556 3313; x_wconf 85' lang='grc' dir='ltr'>Σαδδουκαῖοι,</span> <span class='ocrx_word' id='word_1_516' title='bbox 3584 3250 3719 3303; x_wconf 84' lang='grc' dir='ltr'>ὲπέ-</span> 
     </span>
    </p>
   </div>
   <div class='ocr_carea' id='block_1_69' title="bbox 2130 3341 3717 3413">
    <p class='ocr_par' dir='ltr' id='par_1_69' title="bbox 2130 3341 3717 3413">
     <span class='ocr_line' id='line_1_69' title="bbox 2130 3341 3717 3413; baseline 0.003 -21"><span class='ocrx_word' id='word_1_517' title='bbox 2130 3357 2295 3412; x_wconf 81' lang='grc' dir='ltr'>φερεν</span> <span class='ocrx_word' id='word_1_518' title='bbox 2317 3358 2329 3370; x_wconf 71' lang='grc' dir='ltr'><strong>ο</strong></span> <span class='ocrx_word' id='word_1_519' title='bbox 2372 3361 2390 3391; x_wconf 75' lang='grc' dir='ltr'><strong>ι</strong></span> <span class='ocrx_word' id='word_1_520' title='bbox 2419 3343 2480 3394; x_wconf 77' lang='grc' dir='ltr'><strong>Οἱ</strong></span> <span class='ocrx_word' id='word_1_521' title='bbox 2511 3342 2567 3395; x_wconf 83' lang='grc' dir='ltr'>δὲ</span> <span class='ocrx_word' id='word_1_522' title='bbox 2595 3342 2818 3411; x_wconf 80' lang='grc' dir='ltr'>ἄγγελοι</span> <span class='ocrx_word' id='word_1_523' title='bbox 2854 3341 3011 3406; x_wconf 78' lang='grc' dir='ltr'>ἐκτὸς</span> <span class='ocrx_word' id='word_1_524' title='bbox 3038 3341 3190 3406; x_wconf 76' lang='grc' dir='ltr'>ὄντες</span> <span class='ocrx_word' id='word_1_525' title='bbox 3218 3342 3417 3413; x_wconf 86' lang='grc' dir='ltr'>σαρκὸς</span> <span class='ocrx_word' id='word_1_526' title='bbox 3451 3344 3510 3395; x_wconf 79' lang='grc' dir='ltr'>ἐν</span> <span class='ocrx_word' id='word_1_527' title='bbox 3543 3360 3717 3413; x_wconf 87' lang='grc' dir='ltr'>μακα-</span> 
     </span>
    </p>
   </div>
   <div class='ocr_carea' id='block_1_70' title="bbox 2130 3433 3717 3506">
    <p class='ocr_par' dir='ltr' id='par_1_70' title="bbox 2130 3433 3717 3506">
     <span class='ocr_line' id='line_1_70' title="bbox 2130 3433 3717 3506; baseline 0.003 -21"><span class='ocrx_word' id='word_1_528' title='bbox 2130 3434 2377 3505; x_wconf 81' lang='grc' dir='ltr'>ριότητος</span> <span class='ocrx_word' id='word_1_529' title='bbox 2418 3435 2700 3506; x_wconf 85' lang='grc' dir='ltr'>ἀκρότητι,</span> <span class='ocrx_word' id='word_1_530' title='bbox 2759 3434 2848 3488; x_wconf 89' lang='grc' dir='ltr'>διὰ</span> <span class='ocrx_word' id='word_1_531' title='bbox 2893 3433 3051 3487; x_wconf 81' lang='grc' dir='ltr'>τοῦτο</span> <span class='ocrx_word' id='word_1_532' title='bbox 3112 3435 3205 3487; x_wconf 71' lang='grc' dir='ltr'>καὶ</span> <span class='ocrx_word' id='word_1_533' title='bbox 3251 3434 3410 3506; x_wconf 83' lang='grc' dir='ltr'>δόξης</span> <span class='ocrx_word' id='word_1_534' title='bbox 3436 3435 3577 3488; x_wconf 72' lang='grc' dir='ltr'>εἰσί·</span> <span class='ocrx_word' id='word_1_535' title='bbox 3618 3438 3717 3489; x_wconf 77' lang='grc' dir='ltr'><strong>καὶ</strong></span> 
     </span>
    </p>
   </div>
   <div class='ocr_carea' id='block_1_71' title="bbox 2128 3524 3715 3597">
    <p class='ocr_par' dir='ltr' id='par_1_71' title="bbox 2128 3524 3715 3597">
     <span class='ocr_line' id='line_1_71' title="bbox 2128 3524 3715 3597; baseline 0.003 -22"><span class='ocrx_word' id='word_1_536' title='bbox 2128 3525 2277 3594; x_wconf 80' lang='grc' dir='ltr'>ἡμᾶς</span> <span class='ocrx_word' id='word_1_537' title='bbox 2305 3525 2362 3576; x_wconf 82' lang='grc' dir='ltr'>δὲ</span> <span class='ocrx_word' id='word_1_538' title='bbox 2383 3525 2490 3596; x_wconf 82' lang='grc' dir='ltr'>ἄρα</span> <span class='ocrx_word' id='word_1_539' title='bbox 2518 3524 2863 3591; x_wconf 79' lang='grc' dir='ltr'>ὲξισάζεσθαι</span> <span class='ocrx_word' id='word_1_540' title='bbox 2893 3525 3182 3597; x_wconf 88' lang='grc' dir='ltr'>μέλλοντας</span> <span class='ocrx_word' id='word_1_541' title='bbox 3214 3526 3468 3594; x_wconf 86' lang='grc' dir='ltr'>ἀγγέλοις</span> <span class='ocrx_word' id='word_1_542' title='bbox 3494 3526 3715 3596; x_wconf 86' lang='grc' dir='ltr'>ἀνάγκη</span> 
     </span>
    </p>
   </div>
   <div class='ocr_carea' id='block_1_72' title="bbox 2125 3611 3714 3689">
    <p class='ocr_par' dir='ltr' id='par_1_72' title="bbox 2125 3611 3714 3689">
     <span class='ocr_line' id='line_1_72' title="bbox 2125 3611 3714 3689; baseline 0.003 -25"><span class='ocrx_word' id='word_1_543' title='bbox 2125 3611 2189 3683; x_wconf 81' lang='grc' dir='ltr'>δὴ</span> <span class='ocrx_word' id='word_1_544' title='bbox 2218 3614 2436 3685; x_wconf 84' lang='grc' dir='ltr'>σαρκῶν</span> <span class='ocrx_word' id='word_1_545' title='bbox 2488 3614 2750 3680; x_wconf 82' lang='grc' dir='ltr'>ὡσαύτως</span> <span class='ocrx_word' id='word_1_546' title='bbox 2801 3615 2913 3688; x_wconf 80' lang='grc'>(25)</span> <span class='ocrx_word' id='word_1_547' title='bbox 2961 3616 3188 3681; x_wconf 73' lang='grc' dir='ltr'>ἐκείνοις</span> <span class='ocrx_word' id='word_1_548' title='bbox 3214 3617 3453 3689; x_wconf 82' lang='grc' dir='ltr'>γυμνοὺς</span> <span class='ocrx_word' id='word_1_549' title='bbox 3483 3616 3714 3670; x_wconf 74' lang='grc' dir='ltr'>ἔσεσθαι</span> 
     </span>
    </p>
   </div>
   <div class='ocr_carea' id='block_1_73' title="bbox 2126 3701 2309 3757">
    <p class='ocr_par' dir='ltr' id='par_1_73' title="bbox 2126 3701 2309 3757">
     <span class='ocr_line' id='line_1_73' title="bbox 2126 3701 2309 3757; baseline 0.016 -3"><span class='ocrx_word' id='word_1_550' title='bbox 2126 3701 2254 3757; x_wconf 82' lang='grc' dir='ltr'>δεῖν.</span> <span class='ocrx_word' id='word_1_551' title='bbox 2290 3724 2309 3756; x_wconf 69' lang='grc' dir='ltr'><strong>ι</strong></span> 
     </span>
    </p>
   </div>
   <div class='ocr_carea' id='block_1_74' title="bbox 1220 3907 2943 3974">
    <p class='ocr_par' dir='ltr' id='par_1_74' title="bbox 1220 3907 2943 3974">
     <span class='ocr_line' id='line_1_74' title="bbox 1220 3907 2943 3974; baseline 0.005 -9"><span class='ocrx_word' id='word_1_552' title='bbox 1220 3907 1596 3968; x_wconf 84' lang='lat' dir='ltr'><strong>ORIGENIS</strong></span> <span class='ocrx_word' id='word_1_553' title='bbox 1625 3908 2075 3969; x_wconf 79' lang='lat' dir='ltr'><strong>SENTENTIA</strong></span> <span class='ocrx_word' id='word_1_554' title='bbox 2119 3910 2217 3969; x_wconf 88' lang='lat' dir='ltr'><strong>DE</strong></span> <span class='ocrx_word' id='word_1_555' title='bbox 2247 3910 2943 3974; x_wconf 77' lang='lat' dir='ltr'><strong>RESURRECTIONE.</strong></span> 
     </span>
    </p>
   </div>
   <div class='ocr_carea' id='block_1_75' title="bbox 1035 4011 3103 4091">
    <p class='ocr_par' dir='ltr' id='par_1_75' title="bbox 1035 4011 3103 4091">
     <span class='ocr_line' id='line_1_75' title="bbox 1035 4011 3103 4091; baseline 0.002 -19"><span class='ocrx_word' id='word_1_556' title='bbox 1035 4011 1137 4072; x_wconf 75' lang='lat' dir='ltr'><strong>Ex</strong></span> <span class='ocrx_word' id='word_1_557' title='bbox 1191 4012 1565 4089; x_wconf 80' lang='lat' dir='ltr'><strong>Hieronymi</strong></span> <span class='ocrx_word' id='word_1_558' title='bbox 1628 4011 1894 4091; x_wconf 77' lang='lat' dir='ltr'><strong>epistola</strong></span> <span class='ocrx_word' id='word_1_559' title='bbox 1949 4014 2051 4087; x_wconf 89' lang='lat'><strong>38,</strong></span> <span class='ocrx_word' id='word_1_560' title='bbox 2099 4011 2261 4074; x_wconf 71' lang='lat' dir='ltr'><strong>alias</strong></span> <span class='ocrx_word' id='word_1_561' title='bbox 2307 4017 2379 4077; x_wconf 87' lang='grc'><strong>61</strong></span> <span class='ocrx_word' id='word_1_562' title='bbox 2410 4058 2427 4089; x_wconf 93' lang='grc'><strong>,</strong></span> <span class='ocrx_word' id='word_1_563' title='bbox 2481 4016 2563 4076; x_wconf 78' lang='lat' dir='ltr'><strong>ad</strong></span> <span class='ocrx_word' id='word_1_564' title='bbox 2617 4015 3103 4077; x_wconf 76' lang='lat' dir='ltr'><strong>Pammachium.</strong></span> 
     </span>
    </p>
   </div>
   <div class='ocr_carea' id='block_1_76' title="bbox 506 4219 3710 4299">
    <p class='ocr_par' dir='ltr' id='par_1_76' title="bbox 506 4219 3710 4299">
     <span class='ocr_line' id='line_1_76' title="bbox 506 4219 3710 4299; baseline 0.004 -24"><span class='ocrx_word' id='word_1_565' title='bbox 506 4221 618 4293; x_wconf 80' lang='lat'><strong>36</strong></span> <span class='ocrx_word' id='word_1_566' title='bbox 648 4221 787 4276; x_wconf 91' lang='lat' dir='ltr'><strong>Dicit</strong></span> <span class='ocrx_word' id='word_1_567' title='bbox 817 4219 1080 4293; x_wconf 86' lang='lat' dir='ltr'><strong>Origenes</strong></span> <span class='ocrx_word' id='word_1_568' title='bbox 1115 4222 1169 4275; x_wconf 93' lang='lat' dir='ltr'><strong>in</strong></span> <span class='ocrx_word' id='word_1_569' title='bbox 1200 4221 1449 4292; x_wconf 88' lang='lat' dir='ltr'><strong>pluribus</strong></span> <span class='ocrx_word' id='word_1_570' title='bbox 1487 4222 1645 4289; x_wconf 92' lang='lat' dir='ltr'><strong>locis,</strong></span> <span class='ocrx_word' id='word_1_571' title='bbox 1682 4230 1737 4279; x_wconf 91' lang='lat' dir='ltr'><strong>et</strong></span> <span class='ocrx_word' id='word_1_572' title='bbox 1780 4224 2018 4283; x_wconf 85' lang='lat' dir='ltr'><strong>maxime</strong></span> <span class='ocrx_word' id='word_1_573' title='bbox 2051 4235 2097 4289; x_wconf 88' lang='lat' dir='ltr'><strong>D</strong></span> <span class='ocrx_word' id='word_1_574' title='bbox 2126 4229 2250 4284; x_wconf 90' lang='lat' dir='ltr'><strong>die:</strong></span> <span class='ocrx_word' id='word_1_575' title='bbox 2279 4230 2494 4285; x_wconf 89' lang='lat' dir='ltr'><strong>scilicet</strong></span> <span class='ocrx_word' id='word_1_576' title='bbox 2524 4240 2583 4284; x_wconf 87' lang='lat' dir='ltr'><strong>ut</strong></span> <span class='ocrx_word' id='word_1_577' title='bbox 2617 4227 2847 4298; x_wconf 91' lang='lat' dir='ltr'><strong>pedibus</strong></span> <span class='ocrx_word' id='word_1_578' title='bbox 2877 4226 3242 4294; x_wconf 86' lang='lat' dir='ltr'><strong>ambulemus,</strong></span> <span class='ocrx_word' id='word_1_579' title='bbox 3267 4243 3562 4299; x_wconf 87' lang='lat' dir='ltr'><strong>operemur</strong></span> <span class='ocrx_word' id='word_1_580' title='bbox 3589 4249 3710 4287; x_wconf 87' lang='lat' dir='ltr'><strong>ma-</strong></span> 
     </span>
    </p>
   </div>
   <div class='ocr_carea' id='block_1_77' title="bbox 435 4313 2019 4388">
    <p class='ocr_par' dir='ltr' id='par_1_77' title="bbox 435 4313 2019 4388">
     <span class='ocr_line' id='line_1_77' title="bbox 435 4313 2019 4388; baseline 0.004 -19"><span class='ocrx_word' id='word_1_581' title='bbox 435 4315 489 4369; x_wconf 88' lang='lat' dir='ltr'><strong>in</strong></span> <span class='ocrx_word' id='word_1_582' title='bbox 520 4315 659 4369; x_wconf 92' lang='lat' dir='ltr'><strong>libro</strong></span> <span class='ocrx_word' id='word_1_583' title='bbox 689 4313 764 4369; x_wconf 84' lang='lat' dir='ltr'><strong>De</strong></span> <span class='ocrx_word' id='word_1_584' title='bbox 800 4316 1185 4369; x_wconf 79' lang='lat' dir='ltr'><strong>resurrectione</strong></span> <span class='ocrx_word' id='word_1_585' title='bbox 1226 4324 1446 4384; x_wconf 90' lang='lat' dir='ltr'><strong>quarto,</strong></span> <span class='ocrx_word' id='word_1_586' title='bbox 1475 4324 1531 4370; x_wconf 90' lang='lat' dir='ltr'><strong>et</strong></span> <span class='ocrx_word' id='word_1_587' title='bbox 1579 4316 1632 4370; x_wconf 90' lang='lat' dir='ltr'><strong>in</strong></span> <span class='ocrx_word' id='word_1_588' title='bbox 1677 4318 2019 4388; x_wconf 78' lang='lat' dir='ltr'><strong>expositione</strong></span> 
     </span>
    </p>
   </div>
   <div class='ocr_carea' id='block_1_78' title="bbox 433 4405 2018 4477">
    <p class='ocr_par' dir='ltr' id='par_1_78' title="bbox 433 4405 2018 4477">
     <span class='ocr_line' id='line_1_78' title="bbox 433 4405 2018 4477; baseline 0.006 -20"><span class='ocrx_word' id='word_1_589' title='bbox 433 4406 596 4475; x_wconf 83' lang='lat' dir='ltr'><strong>primi</strong></span> <span class='ocrx_word' id='word_1_590' title='bbox 624 4405 841 4475; x_wconf 85' lang='lat' dir='ltr'><strong>psalmi,</strong></span> <span class='ocrx_word' id='word_1_591' title='bbox 878 4414 932 4459; x_wconf 88' lang='lat' dir='ltr'><strong>et</strong></span> <span class='ocrx_word' id='word_1_592' title='bbox 963 4408 1016 4459; x_wconf 93' lang='lat' dir='ltr'><strong>in</strong></span> <span class='ocrx_word' id='word_1_593' title='bbox 1055 4405 1432 4472; x_wconf 81' lang='lat' dir='ltr'><strong>Stromatibus,</strong></span> <span class='ocrx_word' id='word_1_594' title='bbox 1472 4406 1740 4477; x_wconf 84' lang='lat' dir='ltr'><strong>duplicem</strong></span> <span class='ocrx_word' id='word_1_595' title='bbox 1775 4424 2018 4466; x_wconf 89' lang='lat' dir='ltr'><strong>errorem</strong></span> 
     </span>
    </p>
   </div>
   <div class='ocr_carea' id='block_1_79' title="bbox 434 4497 2014 4573">
    <p class='ocr_par' dir='ltr' id='par_1_79' title="bbox 434 4497 2014 4573">
     <span class='ocr_line' id='line_1_79' title="bbox 434 4497 2014 4573; baseline 0.004 -22"><span class='ocrx_word' id='word_1_596' title='bbox 434 4498 643 4551; x_wconf 85' lang='lat' dir='ltr'><strong>versari</strong></span> <span class='ocrx_word' id='word_1_597' title='bbox 689 4497 743 4551; x_wconf 93' lang='lat' dir='ltr'><strong>iu</strong></span> <span class='ocrx_word' id='word_1_598' title='bbox 787 4498 1075 4553; x_wconf 87' lang='lat' dir='ltr'><strong>Ecclesia:</strong></span> <span class='ocrx_word' id='word_1_599' title='bbox 1119 4510 1433 4555; x_wconf 89' lang='lat' dir='ltr'><strong>nostrorum</strong></span> <span class='ocrx_word' id='word_1_600' title='bbox 1483 4511 1538 4557; x_wconf 90' lang='lat' dir='ltr'><strong>et</strong></span> <span class='ocrx_word' id='word_1_601' title='bbox 1585 4503 2014 4573; x_wconf 84' lang='lat' dir='ltr'><strong>haereticorum;</strong></span> 
     </span>
    </p>
   </div>
   <div class='ocr_carea' id='block_1_80' title="bbox 436 4588 2014 4663">
    <p class='ocr_par' dir='ltr' id='par_1_80' title="bbox 436 4588 2014 4663">
     <span class='ocr_line' id='line_1_80' title="bbox 436 4588 2014 4663; baseline 0.007 -23"><span class='ocrx_word' id='word_1_602' title='bbox 436 4602 538 4641; x_wconf 92' lang='lat' dir='ltr'><strong>nos</strong></span> <span class='ocrx_word' id='word_1_603' title='bbox 588 4588 863 4656; x_wconf 86' lang='lat' dir='ltr'><strong>simplices</strong></span> <span class='ocrx_word' id='word_1_604' title='bbox 908 4598 961 4643; x_wconf 85' lang='lat' dir='ltr'><strong>et</strong></span> <span class='ocrx_word' id='word_1_605' title='bbox 1009 4590 1347 4657; x_wconf 83' lang='lat' dir='ltr'><strong>philosarcas</strong></span> <span class='ocrx_word' id='word_1_606' title='bbox 1402 4593 1612 4656; x_wconf 81' lang='lat' dir='ltr'><strong>dicere,</strong></span> <span class='ocrx_word' id='word_1_607' title='bbox 1647 4595 1792 4663; x_wconf 86' lang='lat' dir='ltr'><strong>quod</strong></span> <span class='ocrx_word' id='word_1_608' title='bbox 1826 4597 2014 4650; x_wconf 85' lang='lat' dir='ltr'><strong>eadem</strong></span> 
     </span>
    </p>
   </div>
   <div class='ocr_carea' id='block_1_81' title="bbox 439 4682 2013 4754">
    <p class='ocr_par' dir='ltr' id='par_1_81' title="bbox 439 4682 2013 4754">
     <span class='ocr_line' id='line_1_81' title="bbox 439 4682 2013 4754; baseline 0.006 -23"><span class='ocrx_word' id='word_1_609' title='bbox 439 4692 566 4732; x_wconf 85' lang='lat' dir='ltr'><strong>ossa</strong></span> <span class='ocrx_word' id='word_1_610' title='bbox 599 4688 654 4733; x_wconf 89' lang='lat' dir='ltr'><strong>et</strong></span> <span class='ocrx_word' id='word_1_611' title='bbox 685 4682 909 4750; x_wconf 88' lang='lat' dir='ltr'><strong>sanguis</strong></span> <span class='ocrx_word' id='word_1_612' title='bbox 949 4693 1005 4737; x_wconf 92' lang='lat' dir='ltr'><strong>et</strong></span> <span class='ocrx_word' id='word_1_613' title='bbox 1035 4698 1185 4748; x_wconf 88' lang='lat' dir='ltr'><strong>caro,</strong></span> <span class='ocrx_word' id='word_1_614' title='bbox 1220 4684 1270 4736; x_wconf 88' lang='lat' dir='ltr'><strong>id</strong></span> <span class='ocrx_word' id='word_1_615' title='bbox 1302 4694 1406 4750; x_wconf 88' lang='lat' dir='ltr'><strong>cst,</strong></span> <span class='ocrx_word' id='word_1_616' title='bbox 1448 4684 1631 4737; x_wconf 87' lang='lat' dir='ltr'><strong>vultus</strong></span> <span class='ocrx_word' id='word_1_617' title='bbox 1658 4698 1713 4740; x_wconf 90' lang='lat' dir='ltr'><strong>et</strong></span> <span class='ocrx_word' id='word_1_618' title='bbox 1745 4690 2013 4754; x_wconf 86' lang='lat' dir='ltr'><strong>membra,</strong></span> 
     </span>
    </p>
   </div>
   <div class='ocr_carea' id='block_1_82' title="bbox 370 4764 2015 4846">
    <p class='ocr_par' dir='ltr' id='par_1_82' title="bbox 370 4764 2015 4846">
     <span class='ocr_line' id='line_1_82' title="bbox 370 4764 2015 4846; baseline 0.007 -23"><span class='ocrx_word' id='word_1_619' title='bbox 370 4764 375 4769; x_wconf 82' lang='grc'><em>’</em></span> <span class='ocrx_word' id='word_1_620' title='bbox 440 4770 717 4840; x_wconf 89' lang='lat' dir='ltr'><strong>totiusque</strong></span> <span class='ocrx_word' id='word_1_621' title='bbox 745 4788 1013 4844; x_wconf 87' lang='lat' dir='ltr'><strong>compago</strong></span> <span class='ocrx_word' id='word_1_622' title='bbox 1040 4776 1289 4844; x_wconf 90' lang='lat' dir='ltr'><strong>corporis</strong></span> <span class='ocrx_word' id='word_1_623' title='bbox 1324 4786 1578 4846; x_wconf 88' lang='lat' dir='ltr'><strong>resurgat</strong></span> <span class='ocrx_word' id='word_1_624' title='bbox 1616 4779 1670 4832; x_wconf 89' lang='lat' dir='ltr'><strong>in</strong></span> <span class='ocrx_word' id='word_1_625' title='bbox 1714 4779 2015 4835; x_wconf 87' lang='lat' dir='ltr'><strong>novissima</strong></span> 
     </span>
    </p>
   </div>
   <div class='ocr_carea' id='block_1_83' title="bbox 540 4885 1729 4954">
    <p class='ocr_par' dir='ltr' id='par_1_83' title="bbox 540 4885 1729 4954">
     <span class='ocr_line' id='line_1_83' title="bbox 540 4885 1729 4954; baseline -0.001 -13"><span class='ocrx_word' id='word_1_626' title='bbox 540 4887 587 4920; x_wconf 86' lang='lat'><strong>&quot;</strong></span> <span class='ocrx_word' id='word_1_627' title='bbox 618 4886 749 4942; x_wconf 88' lang='lat' dir='ltr'><strong>Luc.</strong></span> <span class='ocrx_word' id='word_1_628' title='bbox 786 4902 898 4952; x_wconf 77' lang='lat' dir='ltr'><strong>xvr,</strong></span> <span class='ocrx_word' id='word_1_629' title='bbox 933 4886 1024 4951; x_wconf 87' lang='grc'><strong>27,</strong></span> <span class='ocrx_word' id='word_1_630' title='bbox 1055 4886 1146 4940; x_wconf 88' lang='grc'><strong>28.</strong></span> <span class='ocrx_word' id='word_1_631' title='bbox 1225 4885 1270 4918; x_wconf 82' lang='grc'><strong>⁸⁸</strong></span> <span class='ocrx_word' id='word_1_632' title='bbox 1304 4887 1470 4942; x_wconf 87' lang='lat' dir='ltr'><strong>Marc.</strong></span> <span class='ocrx_word' id='word_1_633' title='bbox 1502 4904 1599 4954; x_wconf 83' lang='lat' dir='ltr'><strong>xu,</strong></span> <span class='ocrx_word' id='word_1_634' title='bbox 1638 4890 1729 4943; x_wconf 82' lang='grc'><strong>25.</strong></span> 
     </span>
    </p>
   </div>
   <div class='ocr_carea' id='block_1_84' title="bbox 509 5000 2012 5070">
    <p class='ocr_par' dir='ltr' id='par_1_84' title="bbox 509 5000 2012 5070">
     <span class='ocr_line' id='line_1_84' title="bbox 509 5000 2012 5070; baseline 0.003 -17"><span class='ocrx_word' id='word_1_635' title='bbox 509 5000 620 5070; x_wconf 79' lang='grc'>(19)</span> <span class='ocrx_word' id='word_1_636' title='bbox 648 5000 690 5054; x_wconf 90' lang='grc' dir='ltr'>Ε</span> <span class='ocrx_word' id='word_1_637' title='bbox 742 5001 883 5055; x_wconf 88' lang='lat' dir='ltr'><strong>libro</strong></span> <span class='ocrx_word' id='word_1_638' title='bbox 914 5000 971 5055; x_wconf 89' lang='lat' dir='ltr'><strong>S.</strong></span> <span class='ocrx_word' id='word_1_639' title='bbox 1012 5001 1269 5056; x_wconf 85' lang='lat' dir='ltr'><strong>Methodii</strong></span> <span class='ocrx_word' id='word_1_640' title='bbox 1306 5001 1385 5058; x_wconf 75' lang='lat' dir='ltr'><strong>De</strong></span> <span class='ocrx_word' id='word_1_641' title='bbox 1432 5002 1817 5058; x_wconf 67' lang='lat' dir='ltr'><strong>resurrectione</strong></span> <span class='ocrx_word' id='word_1_642' title='bbox 1848 5004 2012 5058; x_wconf 82' lang='lat' dir='ltr'><strong>atl‘ert</strong></span> 
     </span>
    </p>
   </div>
   <div class='ocr_carea' id='block_1_85' title="bbox 438 5070 2005 5139">
    <p class='ocr_par' dir='ltr' id='par_1_85' title="bbox 438 5070 2005 5139">
     <span class='ocr_line' id='line_1_85' title="bbox 438 5070 2005 5139; baseline 0 -13"><span class='ocrx_word' id='word_1_643' title='bbox 438 5073 546 5126; x_wconf 88' lang='lat' dir='ltr'><strong>hoc</strong></span> <span class='ocrx_word' id='word_1_644' title='bbox 596 5071 848 5136; x_wconf 84' lang='lat' dir='ltr'><strong>Origcnis</strong></span> <span class='ocrx_word' id='word_1_645' title='bbox 923 5070 1286 5139; x_wconf 82' lang='lat' dir='ltr'><strong>fragmentum</strong></span> <span class='ocrx_word' id='word_1_646' title='bbox 1347 5075 1575 5127; x_wconf 69' lang='lat' dir='ltr'><strong>l‘hotius</strong></span> <span class='ocrx_word' id='word_1_647' title='bbox 1633 5075 1684 5125; x_wconf 91' lang='lat' dir='ltr'><strong>in</strong></span> <span class='ocrx_word' id='word_1_648' title='bbox 1744 5074 2005 5129; x_wconf 83' lang='lat' dir='ltr'><strong>Biblioth.</strong></span> 
     </span>
    </p>
   </div>
   <div class='ocr_carea' id='block_1_86' title="bbox 437 5140 2007 5210">
    <p class='ocr_par' dir='ltr' id='par_1_86' title="bbox 437 5140 2007 5210">
     <span class='ocr_line' id='line_1_86' title="bbox 437 5140 2007 5210; baseline 0.002 -15"><span class='ocrx_word' id='word_1_649' title='bbox 437 5142 561 5196; x_wconf 90' lang='lat' dir='ltr'><strong>cod.</strong></span> <span class='ocrx_word' id='word_1_650' title='bbox 587 5140 713 5193; x_wconf 64' lang='grc'>224.</span> <span class='ocrx_word' id='word_1_651' title='bbox 750 5141 854 5193; x_wconf 84' lang='lat' dir='ltr'><strong>Sed</strong></span> <span class='ocrx_word' id='word_1_652' title='bbox 880 5155 1161 5208; x_wconf 90' lang='lat' dir='ltr'><strong>equonam</strong></span> <span class='ocrx_word' id='word_1_653' title='bbox 1190 5141 1441 5210; x_wconf 79' lang='lat' dir='ltr'><strong>Origcnis</strong></span> <span class='ocrx_word' id='word_1_654' title='bbox 1472 5142 1761 5195; x_wconf 88' lang='lat' dir='ltr'><strong>lihroillud</strong></span> <span class='ocrx_word' id='word_1_655' title='bbox 1798 5160 2007 5199; x_wconf 78' lang='lat' dir='ltr'><strong>necnon</strong></span> 
     </span>
    </p>
   </div>
   <div class='ocr_carea' id='block_1_87' title="bbox 435 5210 2007 5279">
    <p class='ocr_par' dir='ltr' id='par_1_87' title="bbox 435 5210 2007 5279">
     <span class='ocr_line' id='line_1_87' title="bbox 435 5210 2007 5279; baseline 0.002 -14"><span class='ocrx_word' id='word_1_656' title='bbox 435 5210 667 5265; x_wconf 87' lang='lat' dir='ltr'><strong>alterum</strong></span> <span class='ocrx_word' id='word_1_657' title='bbox 701 5224 936 5277; x_wconf 88' lang='lat' dir='ltr'><strong>sequens</strong></span> <span class='ocrx_word' id='word_1_658' title='bbox 961 5212 1355 5279; x_wconf 84' lang='lat' dir='ltr'><strong>deprompserit</strong></span> <span class='ocrx_word' id='word_1_659' title='bbox 1384 5213 1707 5275; x_wconf 81' lang='lat' dir='ltr'><strong>Methodius,</strong></span> <span class='ocrx_word' id='word_1_660' title='bbox 1738 5214 2007 5268; x_wconf 86' lang='lat' dir='ltr'><strong>incertum</strong></span> 
     </span>
    </p>
   </div>
   <div class='ocr_carea' id='block_1_88' title="bbox 434 5279 2011 5352">
    <p class='ocr_par' dir='ltr' id='par_1_88' title="bbox 434 5279 2011 5352">
     <span class='ocr_line' id='line_1_88' title="bbox 434 5279 2011 5352; baseline 0.002 -17"><span class='ocrx_word' id='word_1_661' title='bbox 434 5291 541 5335; x_wconf 85' lang='lat' dir='ltr'><strong>est.</strong></span> <span class='ocrx_word' id='word_1_662' title='bbox 573 5279 642 5335; x_wconf 86' lang='lat' dir='ltr'><strong>Ut</strong></span> <span class='ocrx_word' id='word_1_663' title='bbox 673 5290 857 5352; x_wconf 85' lang='lat' dir='ltr'><strong>autem</strong></span> <span class='ocrx_word' id='word_1_664' title='bbox 887 5280 1012 5348; x_wconf 89' lang='lat' dir='ltr'><strong>quid</strong></span> <span class='ocrx_word' id='word_1_665' title='bbox 1039 5280 1090 5331; x_wconf 90' lang='lat' dir='ltr'><strong>in</strong></span> <span class='ocrx_word' id='word_1_666' title='bbox 1117 5294 1182 5352; x_wconf 82' lang='lat' dir='ltr'><strong>eo</strong></span> <span class='ocrx_word' id='word_1_667' title='bbox 1209 5282 1313 5335; x_wconf 87' lang='lat' dir='ltr'><strong>sibi</strong></span> <span class='ocrx_word' id='word_1_668' title='bbox 1342 5283 1472 5336; x_wconf 87' lang='lat' dir='ltr'><strong>velit</strong></span> <span class='ocrx_word' id='word_1_669' title='bbox 1498 5283 1853 5336; x_wconf 82' lang='lat' dir='ltr'><strong>Adamantius</strong></span> <span class='ocrx_word' id='word_1_670' title='bbox 1886 5299 2011 5352; x_wconf 87' lang='lat' dir='ltr'><strong>pos-</strong></span> 
     </span>
    </p>
   </div>
   <div class='ocr_carea' id='block_1_89' title="bbox 434 5350 2008 5418">
    <p class='ocr_par' dir='ltr' id='par_1_89' title="bbox 434 5350 2008 5418">
     <span class='ocr_line' id='line_1_89' title="bbox 434 5350 2008 5418; baseline 0 -13"><span class='ocrx_word' id='word_1_671' title='bbox 434 5351 514 5406; x_wconf 85' lang='lat' dir='ltr'><strong>sis</strong></span> <span class='ocrx_word' id='word_1_672' title='bbox 538 5351 779 5417; x_wconf 88' lang='lat' dir='ltr'><strong>assequi.</strong></span> <span class='ocrx_word' id='word_1_673' title='bbox 805 5350 933 5418; x_wconf 10' lang='lat' dir='ltr'><strong>rvide</strong></span> <span class='ocrx_word' id='word_1_674' title='bbox 960 5364 1079 5416; x_wconf 67' lang='lat' dir='ltr'><strong>quae</strong></span> <span class='ocrx_word' id='word_1_675' title='bbox 1102 5350 1168 5402; x_wconf 89' lang='lat' dir='ltr'><strong>de</strong></span> <span class='ocrx_word' id='word_1_676' title='bbox 1205 5352 1511 5406; x_wconf 88' lang='lat' dir='ltr'><strong>animarum</strong></span> <span class='ocrx_word' id='word_1_677' title='bbox 1541 5360 1683 5406; x_wconf 85' lang='lat' dir='ltr'><strong>statu</strong></span> <span class='ocrx_word' id='word_1_678' title='bbox 1712 5362 1831 5418; x_wconf 85' lang='lat' dir='ltr'><strong>post</strong></span> <span class='ocrx_word' id='word_1_679' title='bbox 1861 5350 2008 5405; x_wconf 84' lang='lat' dir='ltr'><strong>mor-</strong></span> 
     </span>
    </p>
   </div>
   <div class='ocr_carea' id='block_1_90' title="bbox 436 5417 2011 5487">
    <p class='ocr_par' dir='ltr' id='par_1_90' title="bbox 436 5417 2011 5487">
     <span class='ocr_line' id='line_1_90' title="bbox 436 5417 2011 5487; baseline 0.001 -14"><span class='ocrx_word' id='word_1_680' title='bbox 436 5430 543 5473; x_wconf 91' lang='lat' dir='ltr'><strong>tem</strong></span> <span class='ocrx_word' id='word_1_681' title='bbox 571 5422 730 5472; x_wconf 86' lang='lat' dir='ltr'><strong>docet</strong></span> <span class='ocrx_word' id='word_1_682' title='bbox 760 5417 855 5473; x_wconf 91' lang='lat' dir='ltr'><strong>lib.</strong></span> <span class='ocrx_word' id='word_1_683' title='bbox 897 5436 936 5473; x_wconf 89' lang='lat' dir='ltr'><strong>Il</strong></span> <span class='ocrx_word' id='word_1_684' title='bbox 984 5429 1169 5471; x_wconf 85' lang='lat' dir='ltr'><strong>contra</strong></span> <span class='ocrx_word' id='word_1_685' title='bbox 1198 5420 1431 5487; x_wconf 80' lang='lat' dir='ltr'><strong>Celsum,</strong></span> <span class='ocrx_word' id='word_1_686' title='bbox 1467 5439 1615 5474; x_wconf 89' lang='lat' dir='ltr'><strong>num.</strong></span> <span class='ocrx_word' id='word_1_687' title='bbox 1655 5417 1745 5485; x_wconf 85' lang='lat'><strong>60,</strong></span> <span class='ocrx_word' id='word_1_688' title='bbox 1783 5432 1836 5475; x_wconf 88' lang='lat' dir='ltr'><strong>et</strong></span> <span class='ocrx_word' id='word_1_689' title='bbox 1869 5422 2011 5475; x_wconf 87' lang='lat' dir='ltr'><strong>libro</strong></span> 
     </span>
    </p>
   </div>
   <div class='ocr_carea' id='block_1_91' title="bbox 434 5489 2005 5560">
    <p class='ocr_par' dir='ltr' id='par_1_91' title="bbox 434 5489 2005 5560">
     <span class='ocr_line' id='line_1_91' title="bbox 434 5489 2005 5560; baseline 0.003 -20"><span class='ocrx_word' id='word_1_690' title='bbox 434 5503 536 5560; x_wconf 69' lang='lat' dir='ltr'><strong>vi],</strong></span> <span class='ocrx_word' id='word_1_691' title='bbox 574 5504 725 5543; x_wconf 91' lang='lat' dir='ltr'><strong>num.</strong></span> <span class='ocrx_word' id='word_1_692' title='bbox 777 5490 847 5553; x_wconf 82' lang='lat'><strong>5;</strong></span> <span class='ocrx_word' id='word_1_693' title='bbox 883 5489 1010 5542; x_wconf 88' lang='lat' dir='ltr'><strong>item</strong></span> <span class='ocrx_word' id='word_1_694' title='bbox 1048 5489 1433 5560; x_wconf 71' lang='lat' dir='ltr'><strong>adnotationes</strong></span> <span class='ocrx_word' id='word_1_695' title='bbox 1460 5494 1525 5545; x_wconf 87' lang='lat' dir='ltr'><strong>ad</strong></span> <span class='ocrx_word' id='word_1_696' title='bbox 1556 5491 1652 5547; x_wconf 89' lang='lat' dir='ltr'><strong>lib.</strong></span> <span class='ocrx_word' id='word_1_697' title='bbox 1684 5508 1700 5544; x_wconf 84' lang='grc' dir='ltr'><strong>ι</strong></span> <span class='ocrx_word' id='word_1_698' title='bbox 1739 5492 1815 5545; x_wconf 91' lang='lat' dir='ltr'><strong>De</strong></span> <span class='ocrx_word' id='word_1_699' title='bbox 1858 5493 2005 5560; x_wconf 84' lang='lat' dir='ltr'><strong>prin-</strong></span> 
     </span>
    </p>
   </div>
   <div class='ocr_carea' id='block_1_92' title="bbox 437 5557 1105 5623">
    <p class='ocr_par' dir='ltr' id='par_1_92' title="bbox 437 5557 1105 5623">
     <span class='ocr_line' id='line_1_92' title="bbox 437 5557 1105 5623; baseline 0.001 -15"><span class='ocrx_word' id='word_1_700' title='bbox 437 5557 609 5623; x_wconf 67' lang='lat' dir='ltr'><strong>cipiis.</strong></span> <span class='ocrx_word' id='word_1_701' title='bbox 644 5572 766 5623; x_wconf 90' lang='lat' dir='ltr'><strong>cap.</strong></span> <span class='ocrx_word' id='word_1_702' title='bbox 793 5560 841 5619; x_wconf 85' lang='grc'>1,</span> <span class='ocrx_word' id='word_1_703' title='bbox 869 5574 1017 5611; x_wconf 90' lang='lat' dir='ltr'><strong>num.</strong></span> <span class='ocrx_word' id='word_1_704' title='bbox 1050 5558 1105 5609; x_wconf 89' lang='lat'><strong>7.</strong></span> 
     </span>
    </p>
   </div>
   <div class='ocr_carea' id='block_1_93' title="bbox 508 5626 1718 5701">
    <p class='ocr_par' dir='ltr' id='par_1_93' title="bbox 508 5626 1718 5701">
     <span class='ocr_line' id='line_1_93' title="bbox 508 5626 1718 5701; baseline 0.007 -23"><span class='ocrx_word' id='word_1_705' title='bbox 508 5626 619 5697; x_wconf 84' lang='grc'>(20)</span> <span class='ocrx_word' id='word_1_706' title='bbox 668 5626 1091 5699; x_wconf 81' lang='grc' dir='ltr'>Ἀπλουστέρων.</span> <span class='ocrx_word' id='word_1_707' title='bbox 1129 5630 1299 5699; x_wconf 71' lang='lat' dir='ltr'><strong>Alias,</strong></span> <span class='ocrx_word' id='word_1_708' title='bbox 1330 5631 1718 5701; x_wconf 78' lang='grc' dir='ltr'>ἁπλούστερον.</span> 
     </span>
    </p>
   </div>
   <div class='ocr_carea' id='block_1_94' title="bbox 2132 4319 3713 4391">
    <p class='ocr_par' dir='ltr' id='par_1_94' title="bbox 2132 4319 3713 4391">
     <span class='ocr_line' id='line_1_94' title="bbox 2132 4319 3713 4391; baseline 0 -13"><span class='ocrx_word' id='word_1_709' title='bbox 2132 4325 2318 4391; x_wconf 89' lang='lat' dir='ltr'><strong>nibus,</strong></span> <span class='ocrx_word' id='word_1_710' title='bbox 2355 4324 2640 4377; x_wconf 80' lang='lat' dir='ltr'><strong>videamus</strong></span> <span class='ocrx_word' id='word_1_711' title='bbox 2664 4321 2858 4389; x_wconf 83' lang='lat' dir='ltr'><strong>oculis,</strong></span> <span class='ocrx_word' id='word_1_712' title='bbox 2887 4319 3108 4375; x_wconf 86' lang='lat' dir='ltr'><strong>auribus</strong></span> <span class='ocrx_word' id='word_1_713' title='bbox 3128 4321 3436 4386; x_wconf 87' lang='lat' dir='ltr'><strong>audiamus,</strong></span> <span class='ocrx_word' id='word_1_714' title='bbox 3466 4324 3713 4379; x_wconf 85' lang='lat' dir='ltr'><strong>circum-</strong></span> 
     </span>
    </p>
   </div>
   <div class='ocr_carea' id='block_1_95' title="bbox 2128 4412 3709 4484">
    <p class='ocr_par' dir='ltr' id='par_1_95' title="bbox 2128 4412 3709 4484">
     <span class='ocr_line' id='line_1_95' title="bbox 2128 4412 3709 4484; baseline 0.001 -15"><span class='ocrx_word' id='word_1_715' title='bbox 2128 4416 2485 4484; x_wconf 84' lang='lat' dir='ltr'><strong>feramusque</strong></span> <span class='ocrx_word' id='word_1_716' title='bbox 2531 4422 2781 4469; x_wconf 83' lang='lat' dir='ltr'><strong>ventrem</strong></span> <span class='ocrx_word' id='word_1_717' title='bbox 2829 4412 3213 4478; x_wconf 89' lang='lat' dir='ltr'><strong>insatiabilem,</strong></span> <span class='ocrx_word' id='word_1_718' title='bbox 3258 4421 3313 4467; x_wconf 90' lang='lat' dir='ltr'><strong>et</strong></span> <span class='ocrx_word' id='word_1_719' title='bbox 3357 4414 3709 4470; x_wconf 83' lang='lat' dir='ltr'><strong>stomachum</strong></span> 
     </span>
    </p>
   </div>
   <div class='ocr_carea' id='block_1_96' title="bbox 2128 4506 3712 4579">
    <p class='ocr_par' dir='ltr' id='par_1_96' title="bbox 2128 4506 3712 4579">
     <span class='ocr_line' id='line_1_96' title="bbox 2128 4506 3712 4579; baseline -0.001 -19"><span class='ocrx_word' id='word_1_720' title='bbox 2128 4507 2284 4560; x_wconf 82' lang='lat' dir='ltr'><strong>cibus</strong></span> <span class='ocrx_word' id='word_1_721' title='bbox 2320 4513 2780 4573; x_wconf 86' lang='lat' dir='ltr'><strong>concoquentem:</strong></span> <span class='ocrx_word' id='word_1_722' title='bbox 2822 4516 3166 4571; x_wconf 89' lang='lat' dir='ltr'><strong>consequens</strong></span> <span class='ocrx_word' id='word_1_723' title='bbox 3204 4510 3388 4579; x_wconf 78' lang='lat' dir='ltr'><strong>autem</strong></span> <span class='ocrx_word' id='word_1_724' title='bbox 3436 4517 3585 4567; x_wconf 91' lang='lat' dir='ltr'><strong>esse,</strong></span> <span class='ocrx_word' id='word_1_725' title='bbox 3613 4506 3712 4573; x_wconf 90' lang='lat' dir='ltr'><strong>qui</strong></span> 
     </span>
    </p>
   </div>
   <div class='ocr_carea' id='block_1_97' title="bbox 2126 4593 3710 4662">
    <p class='ocr_par' dir='ltr' id='par_1_97' title="bbox 2126 4593 3710 4662">
     <span class='ocr_line' id='line_1_97' title="bbox 2126 4593 3710 4662; baseline -0.003 -9"><span class='ocrx_word' id='word_1_726' title='bbox 2126 4599 2229 4653; x_wconf 89' lang='lat' dir='ltr'><strong>ista</strong></span> <span class='ocrx_word' id='word_1_727' title='bbox 2266 4597 2559 4652; x_wconf 88' lang='lat' dir='ltr'><strong>credamus</strong></span> <span class='ocrx_word' id='word_1_728' title='bbox 2604 4595 2787 4649; x_wconf 90' lang='lat' dir='ltr'><strong>dicere</strong></span> <span class='ocrx_word' id='word_1_729' title='bbox 2843 4609 2943 4648; x_wconf 92' lang='lat' dir='ltr'><strong>nos</strong></span> <span class='ocrx_word' id='word_1_730' title='bbox 2990 4593 3135 4662; x_wconf 93' lang='lat' dir='ltr'><strong>quod</strong></span> <span class='ocrx_word' id='word_1_731' title='bbox 3191 4602 3247 4648; x_wconf 91' lang='lat' dir='ltr'><strong>et</strong></span> <span class='ocrx_word' id='word_1_732' title='bbox 3306 4594 3710 4649; x_wconf 87' lang='lat' dir='ltr'><strong>comedendum</strong></span> 
     </span>
    </p>
   </div>
   <div class='ocr_carea' id='block_1_98' title="bbox 2124 4686 3710 4759">
    <p class='ocr_par' dir='ltr' id='par_1_98' title="bbox 2124 4686 3710 4759">
     <span class='ocr_line' id='line_1_98' title="bbox 2124 4686 3710 4759; baseline -0.001 -16"><span class='ocrx_word' id='word_1_733' title='bbox 2124 4690 2284 4744; x_wconf 87' lang='lat' dir='ltr'><strong>nobis</strong></span> <span class='ocrx_word' id='word_1_734' title='bbox 2315 4690 2403 4751; x_wconf 88' lang='lat' dir='ltr'><strong>sit,</strong></span> <span class='ocrx_word' id='word_1_735' title='bbox 2429 4697 2485 4743; x_wconf 88' lang='lat' dir='ltr'><strong>et</strong></span> <span class='ocrx_word' id='word_1_736' title='bbox 2518 4688 2838 4751; x_wconf 88' lang='lat' dir='ltr'><strong>bibendum,</strong></span> <span class='ocrx_word' id='word_1_737' title='bbox 2882 4687 3175 4759; x_wconf 87' lang='lat' dir='ltr'><strong>digerenda</strong></span> <span class='ocrx_word' id='word_1_738' title='bbox 3220 4697 3490 4753; x_wconf 89' lang='lat' dir='ltr'><strong>stercora,</strong></span> <span class='ocrx_word' id='word_1_739' title='bbox 3528 4686 3710 4742; x_wconf 74' lang='lat' dir='ltr'><strong>eﬂun-</strong></span> 
     </span>
    </p>
   </div>
   <div class='ocr_carea' id='block_1_99' title="bbox 2124 4778 3699 4850">
    <p class='ocr_par' dir='ltr' id='par_1_99' title="bbox 2124 4778 3699 4850">
     <span class='ocr_line' id='line_1_99' title="bbox 2124 4778 3699 4850; baseline -0.001 -13"><span class='ocrx_word' id='word_1_740' title='bbox 2124 4782 2331 4837; x_wconf 86' lang='lat' dir='ltr'><strong>dendus</strong></span> <span class='ocrx_word' id='word_1_741' title='bbox 2367 4781 2586 4850; x_wconf 90' lang='lat' dir='ltr'><strong>humor,</strong></span> <span class='ocrx_word' id='word_1_742' title='bbox 2620 4782 2878 4837; x_wconf 71' lang='lat' dir='ltr'><strong>ducenda:</strong></span> <span class='ocrx_word' id='word_1_743' title='bbox 2909 4794 3128 4844; x_wconf 79' lang='lat' dir='ltr'><strong>uxores,</strong></span> <span class='ocrx_word' id='word_1_744' title='bbox 3160 4778 3314 4834; x_wconf 91' lang='lat' dir='ltr'><strong>liberi</strong></span> <span class='ocrx_word' id='word_1_745' title='bbox 3341 4780 3699 4850; x_wconf 87' lang='lat' dir='ltr'><strong>procreandi.</strong></span> 
     </span>
    </p>
   </div>
   <div class='ocr_carea' id='block_1_100' title="bbox 2180 5005 2236 5135">
    <p class='ocr_par' dir='ltr' id='par_1_100' title="bbox 2180 5005 2236 5135">
     <span class='ocr_line' id='line_1_100' title="bbox 2180 5005 2236 5135; baseline -0.089 0"><span class='ocrx_word' id='word_1_746' title='bbox 2180 5005 2236 5135; x_wconf 58' lang='grc' dir='ltr'><strong>ἓξ</strong></span> 
     </span>
    </p>
   </div>
   <div class='ocr_carea' id='block_1_101' title="bbox 2202 5148 2235 5200">
    <p class='ocr_par' dir='ltr' id='par_1_101' title="bbox 2202 5148 2235 5200">
     <span class='ocr_line' id='line_1_101' title="bbox 2202 5148 2235 5200; baseline 0 0"><span class='ocrx_word' id='word_1_747' title='bbox 2202 5148 2235 5200; x_wconf 90' lang='grc'><strong>2</strong></span> 
     </span>
    </p>
   </div>
   <div class='ocr_carea' id='block_1_102' title="bbox 2244 5005 3441 5093">
    <p class='ocr_par' dir='ltr' id='par_1_102' title="bbox 2244 5005 3441 5093">
     <span class='ocr_line' id='line_1_102' title="bbox 2244 5005 3441 5093; baseline 0.002 -34"><span class='ocrx_word' id='word_1_748' title='bbox 2338 5006 2794 5093; x_wconf 55' lang='grc' dir='ltr'>ςᾼκριβεστέρων.</span> <span class='ocrx_word' id='word_1_749' title='bbox 2830 5005 3001 5093; x_wconf 62' lang='lat' dir='ltr'><strong>Alias2</strong></span> <span class='ocrx_word' id='word_1_750' title='bbox 3029 5005 3441 5093; x_wconf 63' lang='grc' dir='ltr'>ἀκριϐέστερον.</span> 
     </span>
    </p>
   </div>
   <div class='ocr_carea' id='block_1_103' title="bbox 2239 5077 3224 5215">
    <p class='ocr_par' dir='ltr' id='par_1_103' title="bbox 2239 5077 3224 5215">
     <span class='ocr_line' id='line_1_103' title="bbox 2239 5077 3224 5215; baseline -0.001 -86"><span class='ocrx_word' id='word_1_751' title='bbox 2239 5078 2293 5215; x_wconf 72' lang='grc'><strong>2)</strong></span> <span class='ocrx_word' id='word_1_752' title='bbox 2338 5077 2666 5130; x_wconf 85' lang='grc' dir='ltr'>Ἀνάκλισιν..</span> <span class='ocrx_word' id='word_1_753' title='bbox 2700 5077 2871 5137; x_wconf 83' lang='lat' dir='ltr'><strong>Alias,</strong></span> <span class='ocrx_word' id='word_1_754' title='bbox 2907 5077 3224 5148; x_wconf 87' lang='grc' dir='ltr'>ἀνάκλησιν.</span> 
     </span>
     <span class='ocr_line' id='line_1_104' title="bbox 2241 5147 3046 5215; baseline 0 -17"><span class='ocrx_word' id='word_1_755' title='bbox 2241 5149 2271 5198; x_wconf 80' lang='lat'><strong>5</strong></span> <span class='ocrx_word' id='word_1_756' title='bbox 2338 5148 2584 5215; x_wconf 82' lang='grc' dir='ltr'>Ὅμοιος.</span> <span class='ocrx_word' id='word_1_757' title='bbox 2622 5147 2792 5208; x_wconf 81' lang='lat' dir='ltr'><strong>Alias,</strong></span> <span class='ocrx_word' id='word_1_758' title='bbox 2824 5147 3046 5213; x_wconf 80' lang='grc' dir='ltr'>ὁμοίως.</span> 
     </span>
    </p>
   </div>
   <div class='ocr_carea' id='block_1_104' title="bbox 2241 5147 3046 5216">
    <p class='ocr_par' dir='ltr' id='par_1_104' title="bbox 2241 5147 3046 5216">
     <span class='ocr_line' id='line_1_105' title="bbox 2241 5147 3046 5216; baseline 0 -18"><span class='ocrx_word' id='word_1_759' title='bbox 2241 5147 2293 5215; x_wconf 80' lang='lat'><strong>5)</strong></span> <span class='ocrx_word' id='word_1_760' title='bbox 2338 5148 2584 5216; x_wconf 82' lang='grc' dir='ltr'>Ὅμοιος.</span> <span class='ocrx_word' id='word_1_761' title='bbox 2622 5147 2792 5208; x_wconf 81' lang='lat' dir='ltr'><strong>Alias,</strong></span> <span class='ocrx_word' id='word_1_762' title='bbox 2824 5147 3046 5213; x_wconf 80' lang='grc' dir='ltr'>ὁμοίως.</span> 
     </span>
    </p>
   </div>
   <div class='ocr_carea' id='block_1_105' title="bbox 2202 5216 3098 5287">
    <p class='ocr_par' dir='ltr' id='par_1_105' title="bbox 2202 5216 3098 5287">
     <span class='ocr_line' id='line_1_106' title="bbox 2202 5216 3098 5287; baseline 0.001 -18"><span class='ocrx_word' id='word_1_763' title='bbox 2202 5218 2290 5285; x_wconf 71' lang='grc'>24)</span> <span class='ocrx_word' id='word_1_764' title='bbox 2322 5218 2434 5287; x_wconf 83' lang='grc' dir='ltr'>Πρὸ</span> <span class='ocrx_word' id='word_1_765' title='bbox 2465 5217 2581 5287; x_wconf 75' lang='grc' dir='ltr'>τῇς.</span> <span class='ocrx_word' id='word_1_766' title='bbox 2619 5216 2793 5287; x_wconf 80' lang='lat' dir='ltr'><strong>Alias,</strong></span> <span class='ocrx_word' id='word_1_767' title='bbox 2823 5216 3098 5287; x_wconf 63' lang='grc' dir='ltr'>περὶτῆς.</span> 
     </span>
    </p>
   </div>
   <div class='ocr_carea' id='block_1_106' title="bbox 2201 5284 3694 5357">
    <p class='ocr_par' dir='ltr' id='par_1_106' title="bbox 2201 5284 3694 5357">
     <span class='ocr_line' id='line_1_107' title="bbox 2201 5284 3694 5357; baseline 0.003 -17"><span class='ocrx_word' id='word_1_768' title='bbox 2201 5288 2293 5357; x_wconf 76' lang='grc'>25)</span> <span class='ocrx_word' id='word_1_769' title='bbox 2330 5284 2577 5353; x_wconf 71' lang='grc' dir='ltr'>Σαρκῶν</span> <span class='ocrx_word' id='word_1_770' title='bbox 2603 5285 2907 5349; x_wconf 82' lang='grc' dir='ltr'>ὡσαύτως.</span> <span class='ocrx_word' id='word_1_771' title='bbox 2937 5284 3088 5349; x_wconf 60' lang='lat' dir='ltr'><strong>Queri</strong></span> <span class='ocrx_word' id='word_1_772' title='bbox 3126 5287 3204 5340; x_wconf 88' lang='lat' dir='ltr'><strong>ait</strong></span> <span class='ocrx_word' id='word_1_773' title='bbox 3228 5302 3454 5342; x_wconf 89' lang='lat' dir='ltr'><strong>necesse</strong></span> <span class='ocrx_word' id='word_1_774' title='bbox 3481 5302 3604 5342; x_wconf 88' lang='lat' dir='ltr'><strong>esse</strong></span> <span class='ocrx_word' id='word_1_775' title='bbox 3634 5298 3694 5345; x_wconf 84' lang='lat' dir='ltr'><strong>ut.</strong></span> 
     </span>
    </p>
   </div>
   <div class='ocr_carea' id='block_1_107' title="bbox 2109 5358 3697 5426">
    <p class='ocr_par' dir='ltr' id='par_1_107' title="bbox 2109 5358 3697 5426">
     <span class='ocr_line' id='line_1_108' title="bbox 2109 5358 3697 5426; baseline 0.003 -17"><span class='ocrx_word' id='word_1_776' title='bbox 2109 5359 2162 5410; x_wconf 90' lang='lat' dir='ltr'><strong>in</strong></span> <span class='ocrx_word' id='word_1_777' title='bbox 2203 5359 3157 5426; x_wconf 83' lang='lat' dir='ltr'><strong>resurrectione__carne_nndemur,</strong></span> <span class='ocrx_word' id='word_1_778' title='bbox 3208 5358 3258 5410; x_wconf 91' lang='lat' dir='ltr'><strong>id</strong></span> <span class='ocrx_word' id='word_1_779' title='bbox 3323 5358 3574 5426; x_wconf 89' lang='lat' dir='ltr'><strong>intelligit</strong></span> <span class='ocrx_word' id='word_1_780' title='bbox 3627 5361 3697 5413; x_wconf 90' lang='lat' dir='ltr'><strong>de</strong></span> 
     </span>
    </p>
   </div>
   <div class='ocr_carea' id='block_1_108' title="bbox 2110 5424 3699 5495">
    <p class='ocr_par' dir='ltr' id='par_1_108' title="bbox 2110 5424 3699 5495">
     <span class='ocr_line' id='line_1_109' title="bbox 2110 5424 3699 5495; baseline 0.003 -16"><span class='ocrx_word' id='word_1_781' title='bbox 2110 5441 2274 5479; x_wconf 91' lang='lat' dir='ltr'><strong>carne</strong></span> <span class='ocrx_word' id='word_1_782' title='bbox 2305 5424 2648 5495; x_wconf 86' lang='lat' dir='ltr'><strong>corruptibili</strong></span> <span class='ocrx_word' id='word_1_783' title='bbox 2682 5432 2736 5495; x_wconf 86' lang='lat' dir='ltr'><strong>et</strong></span> <span class='ocrx_word' id='word_1_784' title='bbox 2762 5424 3174 5495; x_wconf 68' lang='lat' dir='ltr'><strong>inﬁrmitatibus</strong></span> <span class='ocrx_word' id='word_1_785' title='bbox 3201 5427 3380 5480; x_wconf 89' lang='lat' dir='ltr'><strong>adhuc</strong></span> <span class='ocrx_word' id='word_1_786' title='bbox 3428 5424 3699 5495; x_wconf 77' lang='lat' dir='ltr'><strong>obnoxia;</strong></span> 
     </span>
    </p>
   </div>
   <div class='ocr_carea' id='block_1_109' title="bbox 2119 5492 3705 5564">
    <p class='ocr_par' dir='ltr' id='par_1_109' title="bbox 2119 5492 3705 5564">
     <span class='ocr_line' id='line_1_110' title="bbox 2119 5492 3705 5564; baseline 0.005 -17"><span class='ocrx_word' id='word_1_787' title='bbox 2119 5511 2296 5564; x_wconf 89' lang='lat' dir='ltr'><strong>neque</strong></span> <span class='ocrx_word' id='word_1_788' title='bbox 2318 5495 2465 5549; x_wconf 90' lang='lat' dir='ltr'><strong>enim</strong></span> <span class='ocrx_word' id='word_1_789' title='bbox 2496 5494 2661 5547; x_wconf 86' lang='lat' dir='ltr'><strong>l‘nturi</strong></span> <span class='ocrx_word' id='word_1_790' title='bbox 2699 5492 2979 5547; x_wconf 88' lang='lat' dir='ltr'><strong>hominum</strong></span> <span class='ocrx_word' id='word_1_791' title='bbox 3010 5496 3062 5548; x_wconf 91' lang='lat' dir='ltr'><strong>in</strong></span> <span class='ocrx_word' id='word_1_792' title='bbox 3098 5498 3497 5551; x_wconf 89' lang='lat' dir='ltr'><strong>resurrectione</strong></span> <span class='ocrx_word' id='word_1_793' title='bbox 3526 5492 3705 5555; x_wconf 75' lang='lat' dir='ltr'><strong>status</strong></span> 
     </span>
    </p>
   </div>
   <div class='ocr_carea' id='block_1_110' title="bbox 2118 5564 3702 5638">
    <p class='ocr_par' dir='ltr' id='par_1_110' title="bbox 2118 5564 3702 5638">
     <span class='ocr_line' id='line_1_111' title="bbox 2118 5564 3702 5638; baseline 0.004 -20"><span class='ocrx_word' id='word_1_794' title='bbox 2118 5580 2243 5618; x_wconf 89' lang='lat' dir='ltr'><strong>cum</strong></span> <span class='ocrx_word' id='word_1_795' title='bbox 2271 5564 3015 5638; x_wconf 75' lang='lat' dir='ltr'><strong>angelico__com_parationern</strong></span> <span class='ocrx_word' id='word_1_796' title='bbox 3069 5567 3297 5620; x_wconf 90' lang='lat' dir='ltr'><strong>omnino</strong></span> <span class='ocrx_word' id='word_1_797' title='bbox 3349 5567 3702 5638; x_wconf 55' lang='lat' dir='ltr'><strong>adaequatam</strong></span> 
     </span>
    </p>
   </div>
   <div class='ocr_carea' id='block_1_111' title="bbox 2119 5632 2946 5690">
    <p class='ocr_par' dir='ltr' id='par_1_111' title="bbox 2119 5632 2946 5690">
     <span class='ocr_line' id='line_1_112' title="bbox 2119 5632 2946 5690; baseline -0.005 0"><span class='ocrx_word' id='word_1_798' title='bbox 2119 5650 2239 5690; x_wconf 82' lang='lat' dir='ltr'><strong>esse</strong></span> <span class='ocrx_word' id='word_1_799' title='bbox 2268 5634 2459 5689; x_wconf 80' lang='lat' dir='ltr'><strong>voluit.</strong></span> <span class='ocrx_word' id='word_1_800' title='bbox 2503 5633 2633 5688; x_wconf 85' lang='lat' dir='ltr'><strong>Vide</strong></span> <span class='ocrx_word' id='word_1_801' title='bbox 2665 5632 2946 5686; x_wconf 81' lang='lat' dir='ltr'><strong>Monitum.</strong></span> 
     </span>
    </p>
   </div>
   <div class='ocr_carea' id='block_1_112' title="bbox 2180 5150 2198 5358">
    <p class='ocr_par' dir='ltr' id='par_1_112' title="bbox 2180 5150 2198 5358">
     <span class='ocr_line' id='line_1_113' title="bbox 2180 5150 2198 5358; baseline 0 0"><span class='ocrx_word' id='word_1_802' title='bbox 2180 5150 2198 5358; x_wconf 65' lang='grc' dir='ltr'>ἓ</span> 
     </span>
    </p>
   </div>
  </div>
