3952 6144
210 228 211 231 γ
252 246 323 304 9'1
1150 249 1243 305 ex
1284 248 1506 304 Ltnnts
1543 247 1866 304 ORIGENIS
1900 248 1984 302 DE
2014 248 2618 307 RESURRECTIONE.
3454 256 3523 313 98

255 365 373 431 Quo
397 362 561 418 enim
604 364 852 419 membra
890 363 1173 432 genitalia,
1204 365 1247 419 si
1279 365 1481 434 nuptiae
1515 379 1618 418 non
1647 364 1840 418 erunt?
1872 366 1922 423 Α
1951 364 2094 417 enim
2136 365 2187 416 in
2236 380 2408 434 grano
2449 364 2637 430 tritici,
2676 364 2909 430 radices,
2944 366 3180 432 culmus,
3217 368 3370 432 folia,
3406 370 3519 422 ari-

256 456 372 522 Quo
396 456 626 521 dentes,
658 456 704 509 si
737 455 849 509 cibi
899 470 1005 508 non
1040 453 1276 508 molendi
1310 455 1477 508 sunt?
1507 455 1625 520 Quo
1657 465 1847 509 venter

251 559 303 602 et
330 547 467 612 cibi,
504 551 556 602 si
588 545 747 615 juxta
792 545 1109 615 Apostolum
1143 554 1198 599 et
1241 545 1329 600 hic
1356 555 1410 601 et
1457 545 1530 599 illi
1557 549 1847 600 deStrueu-

251 640 380 696 tur?
414 640 546 709 ipso
578 640 774 693 iterum
808 640 1079 693 clamante
1111 653 1125 690 :
1162 655 1180 687 ι
1205 637 1345 693 Caro
1378 646 1432 693 et
1468 638 1693 707 sanguis
1748 653 1844 692 re-

246 748 413 803 gnum
446 732 554 786 Dei
599 747 706 785 non
758 730 1139 799 possidebunt,
1193 744 1370 800 neque
1422 732 1703 798 corruptio
1760 730 1847 783 in-

246 823 763 892 corruptionem".
792 842 812 874 ι
851 822 982 877 Haec
1016 837 1114 877 nos
1144 823 1461 877 innocentes
1506 832 1564 875 et
1608 823 1846 876 rusticos

245 916 456 970 asserit
513 917 724 971 dicere.
762 914 1065 970 Haereticos
1116 930 1266 979 vero,
1297 915 1348 969 in
1404 930 1634 983 quorum
1688 926 1844 983 parte

243 1017 374 1061 sunt
408 1007 690 1068 Marcion,
722 1007 963 1077 Apelles,
1008 1005 1350 1072 Valentinus,
1397 1006 1610 1070 Manes,
1648 1023 1840 1060 nomen

246 1098 520 1161 insaniae,
569 1098 794 1167 penitus
820 1106 874 1150 et
906 1097 1085 1151 carnis
1117 1106 1171 1149 et
1204 1097 1451 1166 corporis
1487 1102 1844 1152 resurrectio—

244 1205 371 1244 nem
419 1204 672 1259 negare;
720 1197 777 1242 et
815 1187 1044 1241 salutem
1084 1198 1287 1241 tantum
1330 1189 1573 1243 tribuere
1622 1190 1838 1253 animae,

242 1281 588 1350 frustraque
615 1295 715 1334 nos
744 1280 925 1333 dicere
956 1280 1021 1331 ad
1056 1279 1360 1347 exemplum
1399 1280 1610 1334 Domini
1652 1296 1840 1335 resur-

239 1382 537 1435 recturus,
587 1386 708 1425 cum
762 1371 878 1439 ipse
915 1385 1130 1440 quoque
1186 1371 1448 1425 Dominus
1498 1373 1551 1425 in
1606 1373 1842 1439 phanta-

240 1475 429 1519 smate
467 1461 957 1528 resurrexerit;et
992 1476 1098 1514 non
1129 1462 1304 1513 solum
1338 1463 1669 1517 resurrectio
1701 1463 1838 1529 ejus,

240 1557 340 1611 sed
372 1564 436 1611 et
478 1556 605 1624 ipsa
639 1555 901 1608 nativitas
952 1551 1031 1622 τῷ
1084 1552 1283 1618 δοκεῖν,
1339 1552 1391 1607 id
1439 1562 1524 1607 est
1572 1557 1835 1621 putative,

239 1648 363 1701 visa
409 1647 604 1715 magis
639 1645 902 1712 sitquam
953 1641 1144 1696 fuerit.
1185 1641 1300 1697 Sibi
1331 1651 1511 1697 autem
1550 1652 1839 1710 utramque

241 1737 561 1807 displicere
594 1742 949 1807 sententiam,
983 1741 1165 1811 fugere
1198 1758 1254 1797 se
1283 1756 1337 1797 et
1363 1752 1675 1797 nostrorum
1716 1760 1839 1798 car-

240 1846 367 1897 nes,
401 1842 461 1886 et
510 1832 892 1888 haereticorum
939 1835 1319 1904 phantasmata
1365 1853 1377 1888 :
1427 1835 1554 1904 quia
1610 1845 1841 1906 utraque

241 1937 378 1990 pars
411 1923 470 1977 in
513 1925 854 1978 contrarium
890 1926 1057 1979 nimia
1110 1926 1219 1991 sit;
1273 1925 1395 1981 aliis
1437 1928 1580 1981 idem
1614 1927 1840 1982 volenti-

241 2014 346 2069 bus
404 2030 472 2069 se
532 2031 654 2071 esse
704 2017 849 2085 quod
902 2017 1155 2085 fuerunt;
1208 2019 1329 2073 aliis
1379 2022 1838 2075 resurrectionem

242 2120 556 2173 corporum
589 2110 812 2163 omnino
845 2110 1260 2179 denegantibus.
1303 2130 1322 2163 σ
1348 2111 1614 2178 Quatuor,
1644 2114 1836 2182 inquit,

239 2198 537 2254 elementa
565 2208 709 2268 sunt,
746 2201 1085 2273 philosophis
1110 2220 1328 2274 quoque
1360 2214 1484 2259 nota
1512 2213 1566 2259 et
1589 2206 1835 2272 medicis,

243 2289 310 2343 de
349 2292 567 2359 quibus
594 2306 785 2347 omnes
819 2308 905 2349 res
937 2302 991 2348 et
1014 2309 1248 2364 corpora
1284 2295 1522 2348 humana
1551 2305 1837 2364 compacta

240 2391 403 2449 sunt,
452 2392 623 2443 terra,
656 2399 819 2452 aqua,
851 2400 945 2438 aer
967 2396 1019 2439 et
1043 2386 1202 2455 ignis.
1232 2384 1457 2439 Terram
1483 2386 1536 2440 in
1558 2388 1836 2451 carnibus,

242 2487 444 2527 aerem
504 2476 554 2527 in
594 2476 787 2539 halitu,
821 2491 1016 2543 aquam
1052 2476 1105 2528 in
1144 2476 1396 2539 humore,
1433 2477 1608 2546 ignem
1655 2478 1707 2529 iu
1744 2492 1839 2530 ca-

238 2560 363 2616 lore
410 2563 684 2631 intelligi.
720 2563 853 2616 Cum
891 2576 1021 2628 ergo
1054 2562 1237 2615 anima
1272 2563 1534 2615 caducum
1587 2564 1694 2616 hoc
1740 2563 1840 2616 fri-

239 2653 570 2721 gitlumqne
634 2652 1018 2721 corpusculum
1084 2650 1180 2705 Dei
1225 2650 1476 2719 jussione
1551 2652 1842 2719 dimiserit,

239 2742 535 2810 paulatim
572 2744 756 2795 omnia
808 2742 984 2796 redire
1032 2742 1099 2795 ad
1147 2741 1408 2795 matrices
1438 2756 1564 2795 suas
1601 2743 1847 2796 substan-

240 2834 360 2886 tias
400 2848 648 2887 :carnes
685 2834 736 2886 itt
795 2843 1000 2886 terram
1060 2832 1544 2922 relabihhalitum
1607 2834 1660 2886 iu
1714 2849 1841 2887 aera

247 2926 510 2992 misceri,
549 2927 832 2980 humorem
867 2927 1060 2981 reverti
1108 2927 1173 2981 ad
1205 2928 1458 2997 abyssos,
1495 2925 1738 2981 calorem
1774 2928 1840 2980 ad

1946 462 2061 518 stac,
2087 456 2257 521 paleae
2280 465 2402 510 sunt
2432 455 2745 510 dissolutae:
2773 457 2855 512 sic
2880 467 2934 513 et
2964 459 3018 513 in
3052 461 3266 513 ratione
3320 460 3521 514 huma-

1948 561 2139 599 norum
2174 562 2462 618 corporum
2513 560 2740 605 manent
2789 551 3036 617 quaadam
3090 552 3345 620 surgendi
3375 552 3521 605 anti-

1945 656 2051 708 qua
2085 641 2374 709 principia,
2406 652 2461 696 et
2488 645 2645 712 quasi
2694 641 3007 713 ὲντεριώνη,
3052 643 3104 696 id
3152 652 3235 697 est
3282 643 3514 697 semina-

1946 735 2084 787 rium
2136 741 2493 798 mortuorum,
2533 737 2654 788 sinu
2698 746 2860 789 terrm
2889 734 3225 789 confovetur.
3256 733 3388 788 Cum
3422 749 3515 786 au-

1945 832 2051 878 tem
2075 823 2266 892 judieii
2306 825 2423 879 dies
2454 827 2759 891 advenerit,
2786 836 2838 879 et
2875 828 2925 879 in
2962 840 3095 880 voce
3124 826 3435 893 archangeli
3464 836 3520 880 et

1944 916 1996 970 in
2050 917 2348 971 novissima
2392 919 2521 972 tuba
2593 920 2876 973 tremuerit
2928 928 3095 982 terra,
3151 921 3518 974 movebuntur

1942 1010 2126 1062 statim
2160 1010 2389 1073 semina,
2420 1019 2474 1063 ει
2504 1010 2555 1063 in
2588 1021 2789 1079 puncto
2833 1011 2979 1064 horze
3032 1022 3274 1064 mortuos
3314 1011 3517 1081 germi-

1945 1102 2183 1165 nabunt;
2226 1116 2333 1154 non
2370 1110 2551 1153 tamen
2581 1102 2797 1155 easdem
2825 1116 3037 1165 carnes,
3072 1116 3170 1154 nec
3210 1102 3262 1153 iu
3298 1102 3383 1155 his
3408 1100 3519 1153 for-

1945 1193 2047 1245 mis
2084 1193 2378 1247 restituent
2409 1208 2529 1260 qua:
2563 1192 2802 1247 fuerunt.
2841 1190 2930 1244 Vis
2984 1191 3128 1244 scire
3174 1205 3362 1243 verum
3397 1206 3517 1244 esse

1944 1284 2086 1351 quod
2114 1285 2365 1349 dicimus,
2393 1284 2516 1336 audi
2558 1283 2874 1351 Apostoinm
2908 1297 2964 1333 ει
2991 1281 3095 1335 Sed
3131 1282 3264 1335 dicit
3295 1282 3515 1349 aliquis,

1950 1394 1968 1425 ‹
2002 1375 2280 1442 Quomodo
2314 1385 2601 1445 resurgeut
2633 1375 2869 1428 mortui?
2901 1388 3009 1442 quo
3061 1382 3242 1426 autem
3288 1388 3516 1441 corpore

1949 1485 1966 1516 ‹
1988 1468 2510 1535 vettient‘IInsipiens
2541 1507 2554 1531 ,
2601 1466 2747 1536 quod
2784 1477 2837 1520 tu
2871 1466 3128 1529 seminas,
3178 1478 3284 1517 non
3315 1478 3516 1531 corpus

1947 1557 2388 1626 «quodfuturum
2445 1569 2529 1614 est
2574 1560 2835 1622 seminas,
2871 1558 2963 1611 sed
3010 1558 3213 1609 nullum
3255 1572 3515 1626 granum,

1947 1668 1963 1695 ι
1986 1653 2365 1719 utputatricici
2386 1652 2453 1715 °°,
2489 1671 2507 1703 ι
2554 1651 2679 1705 vitis
2708 1660 2763 1706 et
2792 1649 3031 1703 arboris.
3062 1648 3131 1703 Et
3154 1650 3277 1717 quia
3307 1650 3373 1702 de
3392 1664 3517 1715 gra-

1946 1762 2014 1800 no
2068 1745 2231 1799 tritici
2260 1760 2325 1798 ac
2360 1756 2607 1798 semente
2638 1744 2897 1797 arborum
2929 1758 2994 1795 ex
3031 1752 3185 1810 parte
3226 1741 3339 1810 jam
3375 1742 3516 1795 dixi-

1946 1852 2085 1901 mus,
2120 1852 2263 1890 nunc
2317 1836 2385 1890 de
2430 1835 2589 1888 acino
2648 1834 2846 1887 viuaeii
2879 1833 3234 1888 disseramus.
3273 1832 3513 1888 Granum

1945 1944 2170 1999 parvum
2203 1937 2307 1992 est,
2336 1928 2406 1980 ita
2444 1935 2502 1979 ut
2536 1925 2623 1982 vix
2658 1926 2866 1977 duobus
2897 1923 3144 1992 digitulis
3180 1926 3354 1978 teneri
3388 1939 3514 1991 pos-

1944 2022 2033 2075 sit.
2089 2019 2187 2075 Ubi
2241 2026 2370 2070 sunt
2408 2015 2664 2070 radices?
2693 2015 2783 2068 ubi
2830 2015 3076 2069 radicum
3125 2025 3181 2069 et
3244 2017 3417 2069 trunci
3462 2027 3519 2069 et

1942 2113 2302 2183 propaginum
2336 2118 2577 2164 tortuosa
2622 2107 2942 2177 perplexio?
2988 2107 3077 2161 ubi
3122 2110 3506 2176 pampinorum

1943 2204 2281 2268 umbracula,
2321 2210 2377 2254 et
2419 2214 2647 2253 uvarum
2707 2199 3082 2267 pulchritudo,
3140 2199 3324 2252 futura
3388 2198 3514 2252 vina

1943 2290 2282 2359 parturiens?
2322 2288 2546 2341 Aridum
2597 2295 2679 2342 est
2755 2288 2899 2354 quod
2980 2296 3219 2352 tenetur,
3268 2298 3322 2344 et
3377 2304 3517 2357 pene

1942 2382 2030 2432 vix
2084 2382 2327 2433 cernitur
2374 2377 2520 2433 :sed
2583 2378 2636 2431 in
2694 2378 2840 2432 sicco
2902 2376 2995 2431 illo
3048 2392 3220 2447 grano
3278 2378 3515 2447 potentia

1942 2470 2034 2523 Dei
2069 2481 2123 2522 et
2157 2468 2369 2522 occulta
2427 2468 2641 2523 ratione
2700 2472 2993 2535 sementis,
3048 2470 3363 2539 spumantia
3397 2484 3518 2524 mu-

1945 2572 2029 2615 sta
2104 2560 2419 2614 fundentur.
2489 2559 2617 2615 Haec
2677 2561 2825 2630 ligno
2887 2563 3108 2628 tribuis,
3169 2564 3316 2632 quod
3372 2565 3512 2633 peri-

1910 2644 1914 2649 ’
1949 2660 2125 2703 turtnn
2161 2660 2286 2715 est;
2324 2650 2405 2704 sic
2440 2660 2687 2714 ornatur,
2723 2652 2868 2719 quod
2916 2667 3231 2707 mansurum
3270 2670 3376 2709 non
3410 2662 3513 2721 est,

1948 2754 2044 2794 nec
2090 2740 2380 2810 pristinam
2444 2742 2673 2811 recipiet
2718 2741 3021 2812 vilitatem;
3077 2754 3132 2798 et
3187 2746 3272 2799 vis
3327 2760 3519 2799 rursus

1944 2833 2204 2903 370553,
2230 2835 2572 2904 sanguinem,
2602 2836 2866 2901 membra;
2890 2847 2949 2890 ut
2966 2839 3339 2892 crescentibus
3355 2838 3521 2908 capil-

1946 2926 2009 2980 lis
2056 2935 2277 2981 tousore
2326 2943 2506 2998 egeas,
2562 2945 2730 2984 nasus
2779 2931 3003 3000 pituitas
3059 2931 3288 3000 digerat,
3340 2932 3520 2985 incre-

249 3019 473 3072 mthera
515 3018 826 3074 subvolare,
859 3019 920 3072 Et
947 3020 1221 3087 quomodo
1263 3021 1308 3073 si
1350 3021 1647 3075 sextarium
1682 3020 1840 3075 [acris
1867 3025 1910 3080 ο
1945 3024 2125 3068 menta
2177 3016 2432 3086 unguium
2467 3020 2762 3072 resecanda
2806 3019 2947 3085 sint;
3006 3029 3063 3073 ut
3101 3034 3199 3089 per
3228 3018 3519 3075 inferiores

248 3123 304 3166 et
327 3113 450 3166 vini
485 3113 669 3167 mittas
701 3114 753 3166 in
783 3113 1031 3182 pelagus,
1060 3113 1304 3182 velisque
1334 3128 1552 3167 rursum
1583 3125 1838 3180 separare

250 3204 399 3269 quod
460 3206 680 3259 mistum
735 3214 821 3259 est
852 3221 863 3256 :
889 3205 1071 3258 vinum
1103 3204 1321 3272 quidem
1351 3214 1404 3259 et
1434 3204 1519 3258 lac
1567 3202 1709 3271 quod
1738 3202 1840 3256 mi-

254 3309 438 3363 seras,
475 3306 583 3349 non
637 3296 878 3364 periere,
910 3310 1014 3348 non
1058 3305 1237 3349 tamen
1273 3309 1435 3363 posse
1468 3294 1611 3363 quod
1659 3293 1834 3346 fusum

254 3395 340 3439 est
375 3386 660 3458 separari;
707 3387 786 3440 sic
834 3384 1193 3440 substantiam
1227 3386 1409 3440 carnis
1450 3394 1505 3439 et
1552 3384 1834 3452 sanguinis

254 3492 361 3532 non
402 3478 589 3548 perire
638 3478 856 3545 quidem
913 3476 967 3530 in
1015 3476 1380 3545 originalibus
1420 3477 1690 3541 materiis,
1728 3492 1835 3531 non

252 3580 437 3627 tamen
486 3572 544 3626 in
572 3573 853 3641 antiquam
890 3571 1073 3625 redire
1108 3572 1511 3641 compaginem,
1546 3584 1646 3623 nec
1678 3583 1838 3638 posse

254 3676 322 3715 ex
364 3672 484 3718 toto
519 3664 706 3718 eadem
742 3678 867 3719 esse
910 3678 1033 3733 qua:
1071 3662 1298 3717 fuerint.
1343 3660 1477 3717 Cum
1518 3670 1698 3715 autem
1734 3661 1835 3715 ista

255 3754 539 3822 dicantur,
564 3756 810 3811 soliditas
844 3758 1119 3821 carnium,
1154 3755 1431 3827 sanguinis
1460 3755 1658 3824 liquor,
1680 3769 1835 3809 cras-

256 3849 443 3906 situdo
473 3865 788 3914 nervorum,
810 3863 1185 3919 venarumque
1210 3847 1489 3918 perplexio
1530 3855 1585 3901 et
1630 3846 1837 3901 ossium

257 3939 494 3996 durt‘ties
538 3941 861 4009 denegatur.
913 3938 1038 3992 Alia
1106 3939 1319 3993 ratione
1375 3939 1836 3993 resurrectionem

258 4044 556 4101 corporum
583 4031 909 4086 conlitemur
941 4043 1129 4084 eorum
1163 4045 1282 4098 qua:
1308 4029 1360 4083 in
1390 4030 1655 4099 sepulcris
1682 4030 1833 4100 posi-

263 4134 313 4178 ta
345 4135 497 4186 sunt,
524 4124 845 4193 dilapsaque
874 4123 926 4177 in
958 4125 1176 4179 cineres
1202 4137 1215 4173 :
1244 4120 1402 4176 Pauli
1430 4122 1609 4187 Pauli,
1647 4132 1705 4177 et
1735 4124 1837 4177 Pe-

263 4216 328 4268 tri
360 4215 531 4280 Petri,
572 4225 627 4269 et
670 4215 885 4285 singula
917 4216 1303 4284 singulorum;
1342 4228 1521 4282 neque
1567 4215 1716 4268 enim
1752 4213 1837 4269 fas

262 4318 438 4363 estut
490 4309 543 4362 in
590 4308 717 4363 aliis
773 4306 1107 4378 corporibus
1161 4306 1354 4360 animae
1382 4307 1753 4374 peccaverint,
1780 4309 1833 4362 in

265 4397 385 4454 aliis
438 4408 835 4468 torqueantur;
885 4414 986 4454 nec
1016 4398 1147 4466 justi
1197 4398 1400 4469 judicis
1455 4398 1834 4468 aliapcorpora

265 4504 359 4558 pro
397 4494 623 4550 Christo
665 4494 986 4563 sanguinem
1019 4491 1264 4561 fundere,
1290 4502 1344 4547 et
1372 4492 1477 4546 alia
1508 4496 1778 4549 coronari.
1810 4513 1829 4547 ι

269 4584 396 4652 Quis
426 4589 547 4643 haec
598 4587 825 4640 audiens
868 4585 1327 4640 resurrectionem
1374 4586 1557 4640 carnis
1584 4600 1706 4641 eum
1737 4603 1835 4642 ne-

269 4694 390 4747 gare
421 4680 611 4749 putet?
639 4696 657 4727 (
685 4678 797 4740 Est,
834 4678 1035 4746 inquit,
1064 4676 1290 4747 singulis
1339 4678 1639 4734 seminibus
1690 4682 1835 4736 ratio

272 4772 509 4833 quaedam
551 4785 578 4822 a
624 4768 735 4823 Deo
783 4766 996 4822 artifice
1033 4767 1215 4833 insita,
1267 4784 1388 4836 qua:
1416 4770 1631 4825 futuras
1672 4785 1836 4826 mate-

274 4861 371 4915 rias
398 4865 452 4916 in
488 4859 736 4916 medullae
768 4857 1051 4930 principiis
1078 4866 1244 4913 tenet.
1282 4860 1348 4914 Et
1383 4864 1656 4929 quomodo
1688 4872 1834 4917 tanta

275 4953 481 5009 arboris
528 4953 870 5023 magnitudo,
914 4963 1155 5017 truncus,
1182 4951 1343 5017 rami,
1368 4967 1550 5022 poma,
1575 4952 1703 5008 folia
1728 4970 1833 5010 non

275 5044 522 5100 videntur
556 5045 608 5098 in
634 5046 862 5110 semine,
889 5055 1017 5099 sunt
1045 5044 1298 5121 tamenin
1342 5047 1554 5099 ratione
1589 5048 1836 5113 seminis,

278 5152 428 5205 quam
457 5138 628 5194 Graeci
652 5137 1067 5209 σπερματισμόν
1104 5146 1333 5203 vocant;
1360 5146 1415 5193 et
1439 5139 1491 5191 iu
1524 5152 1694 5206 grano
1721 5138 1835 5192 fru-

279 5232 435 5285 menti
490 5240 574 5286 est
620 5230 972 5293 intrinsecus,
1023 5228 1108 5282 vel
1149 5227 1406 5290 medulla,
1460 5229 1546 5283 vel
1597 5231 1830 5294 venula,

280 5334 388 5389 qua:
423 5339 546 5379 cum
580 5325 634 5377 in
663 5332 804 5376 terra
833 5322 997 5377 fuerit
1029 5318 1315 5385 dissoluta,
1341 5319 1511 5373 trahit
1534 5320 1599 5374 ad
1624 5336 1682 5376 se
1707 5322 1837 5376 viei-

284 5427 369 5470 nas
398 5416 684 5477 materias,
704 5422 761 5468 et
794 5414 845 5467 in
889 5413 1168 5482 stipulam,
1201 5413 1353 5479 folia,
1379 5414 1687 5480 aristasqne
1711 5428 1839 5467 con-

286 5510 473 5578 surgit;
527 5509 782 5576 aliudque
839 5507 1092 5572 moritur,
1151 5504 1292 5558 aliud
1347 5504 1580 5572 resurgit
1615 5519 1629 5567 ;
1664 5518 1837 5573 neque

341 5643 380 5675 ⁸⁹
416 5644 430 5697 l
474 5641 603 5699 Cor.
629 5655 719 5705 xv,
763 5636 852 5693 50.
928 5636 971 5669 ⁸ο
1001 5634 1020 5688 l
1055 5635 1181 5690 Cor.
1217 5650 1305 5701 xv,
1329 5634 1419 5688 5i.

1498 5634 1537 5665 ⁶¹
1574 5634 1589 5687 l
1626 5632 1753 5686 Cor.
1780 5649 1869 5699 xv,
1901 5633 1985 5702 42,
2018 5636 2107 5699 45,
2133 5634 2219 5690 44.

1941 3117 2123 3174 partes
2160 3109 2241 3163 vel
2278 3118 2522 3163 stercora
2569 3111 2654 3165 vel
2692 3111 2948 3167 libidines
2996 3110 3252 3167 eﬂlttant?
3276 3114 3319 3169 si
3354 3113 3519 3169 aﬂ'crs

1943 3203 2076 3255 istas
2116 3202 2351 3271 ineptias
2381 3203 2741 3272 rusticorum,
2780 3216 2835 3260 et
2882 3207 3087 3272 carnis,
3139 3210 3192 3261 in
3246 3224 3353 3278 qua
3404 3210 3517 3265 Deo

1939 3293 2159 3362 placere
2204 3311 2310 3350 non
2357 3310 2674 3364 possumus,
2727 3300 2885 3369 quasi
2913 3300 3147 3355 inimicae
3175 3302 3519 3358 Oblivisceris

1941 3398 1996 3440 et
2028 3389 2451 3445 resurrectionis
2496 3400 2840 3445 mortuorum
2869 3408 2882 3445 :
2923 3410 2940 3442 ι
2969 3390 3283 3448 Semiuatur
3312 3393 3365 3446 in
3403 3408 3521 3447 cor-

1951 3480 2259 3549 rruptione,
2295 3490 2489 3552 surget
2542 3483 2596 3536 in
2631 3483 3070 3552 incorruptione.
3122 3482 3436 3538 Semiuatur
3464 3486 3519 3538 iu

1949 3572 2338 3637 «contumelia,
2369 3583 2554 3644 surget
2579 3574 2630 3627 in
2686 3576 2878 3645 gleria.
2916 3575 3236 3629 Semiuatur
3271 3576 3323 3629 in
3360 3576 3518 3630 infir-

1948 3664 2192 3730 rmitate,
2239 3674 2429 3733 surget
2482 3667 2536 3719 in
2561 3666 2787 3721 virtute.
2820 3666 3136 3720 Semiuatur
3170 3681 3370 3734 corpus
3411 3669 3522 3723 ani-

1948 3754 2143 3820 rmale,
2204 3767 2389 3827 surget
2448 3771 2649 3827 corpus
2688 3757 3053 3827 spirituaie“.
3092 3778 3112 3811 ι
3140 3758 3296 3814 Νιιηε
3346 3760 3520 3815 oculis

1942 3845 2206 3913 videmus,
2239 3847 2466 3903 auribus
2505 3849 2782 3917 audimus,
2828 3848 3077 3904 manibus
3105 3850 3336 3920 agimus,
3363 3850 3518 3919 pedi-

1938 3939 2041 3995 bus
2070 3938 2459 3996 ambulamus:
2497 3940 2553 3995 in
2607 3940 2702 3995 illo
2728 3948 2909 3996 autem
2962 3956 3198 4011 corpore
3245 3941 3516 4012 spirituali

1942 4032 2035 4086 toti
2060 4030 2390 4097 videbimus,
2427 4033 2523 4087 toti
2552 4031 2858 4099 audiemus,
2888 4033 2992 4088 toti
3019 4035 3395 4103 operabimur,
3416 4034 3516 4088 toti

1940 4124 2342 4180 ambulabimus
2371 4143 2384 4179 :
2419 4134 2475 4179 et
2528 4142 2547 4178 ι
2579 4124 2989 4193 transfigurabit
3020 4124 3282 4179 Dominus
3317 4140 3517 4193 corpus

1945 4234 1964 4268 ι
1978 4217 2300 4271 humilitatis
2316 4225 2543 4282 nostrai,
2559 4215 2837 4270 eonforme
2852 4216 3070 4283 corpori
3089 4230 3199 4270 sua:
3211 4215 3394 4283 gloriae
3411 4217 3475 4265 δ’.
3490 4234 3511 4266 ι

1951 4308 2181 4373 Quando
2226 4307 2387 4372 dixit,
2445 4324 2465 4357 ι
2503 4305 2938 4374 transfigurabit,
2971 4322 2991 4356 ι
3036 4307 3088 4361 id
3122 4316 3203 4360 est
3235 4322 3514 4378 μετασχη-

1945 4400 2186 4471 ματίσει,
2212 4398 2581 4452 membrorum
2613 4397 2814 4465 quibus
2845 4410 2991 4450 nunc
3021 4398 3245 4463 utimur,
3283 4397 3512 4454 diversi-

1944 4499 2031 4544 tas
2065 4490 2398 4557 denegatur.
2429 4486 2595 4541 Aliud
2624 4486 2783 4543 uobis
2809 4486 3093 4555 spirituale
3132 4496 3187 4542 et
3216 4487 3513 4543 aathe'reum

1940 4579 2303 4654 promittitur,
2333 4579 2473 4648 quod
2517 4593 2619 4634 nec
2673 4580 2841 4634 tactui
2890 4580 3157 4651 subjacet,
3205 4596 3304 4637 nec
3341 4583 3514 4639 oculis

1942 4675 2208 4740 cernitur,
2237 4686 2339 4728 nec
2366 4672 2604 4747 pondere
2632 4680 3031 4743 praegravatur,
3067 4682 3120 4727 et
3143 4687 3240 4742 pro
3271 4672 3515 4729 locorum

1942 4769 1998 4825 in
2034 4769 2233 4838 quibus
2279 4764 2523 4821 futurum
2552 4774 2659 4831 est,
2692 4765 2959 4821 varietate
2994 4766 3317 4820 mutabitur.
3351 4766 3505 4821 Alio-

1943 4862 2033 4931 qui
2061 4860 2105 4915 si
2136 4858 2341 4913 eaedem
2367 4871 2560 4913 carnes
2585 4867 2770 4922 erunt,
2788 4865 2843 4911 et
2867 4872 3094 4925 corpora
3122 4872 3243 4926 qua:
3267 4855 3514 4925 fuerunt,

1945 4964 2162 5007 rursum
2215 4964 2400 5004 mares
2449 4956 2505 5002 et
2564 4947 2801 5014 feminae,
2839 4961 3055 5002 rursum
3105 4948 3346 5018 nuptiae;
3382 4950 3515 5006 viris

1943 5046 2216 5100 hirsutum
2255 5041 2631 5113 supercilium,
2669 5041 2836 5096 barba
2896 5042 3130 5112 prolixa,
3194 5043 3515 5099 mulieribus

1943 5136 2108 5191 laeves
2135 5149 2285 5205 gente
2310 5143 2367 5189 et
2401 5141 2630 5202 angusta
2661 5143 2883 5201 pectora
2901 5150 2916 5200 ;
2949 5132 3017 5187 ad
3048 5132 3431 5202 concipiendos
3461 5144 3517 5187 et

1945 5228 2239 5295 pariendos
2275 5224 2418 5280 fetus
2448 5233 2640 5278 venter
2675 5232 2729 5279 et
2776 5222 2987 5279 femora
3033 5223 3315 5278 dilatanda
3362 5236 3510 5280 sunt.

1946 5317 2252 5386 Resurgent
2280 5318 2446 5369 etiam
2488 5314 2763 5380 iufautuli,
2789 5325 3077 5385 resurgent
3116 5325 3170 5370 et
3204 5330 3400 5379 senes;
3435 5316 3512 5369 illi

1947 5409 2240 5473 nutriendi,
2266 5408 2318 5462 lti
2345 5408 2553 5461 baculis
2578 5407 2936 5463 sustentandi.
2974 5405 3083 5460 Nec
3114 5420 3229 5468 vos,
3251 5419 3283 5459 ο
3312 5403 3518 5472 simpli-

1949 5515 2063 5565 ces,
2089 5499 2416 5553 resurrectio
2434 5498 2647 5552 Domini
2681 5498 2935 5567 decipiat,
2968 5496 3111 5563 quod
3142 5495 3286 5549 latus
3314 5499 3371 5547 et
3402 5507 3517 5550 ma-

2300 5638 2343 5669 “
2376 5638 2575 5709 Philip.
2606 5656 2690 5711 tu,
2726 5644 2818 5700 21.
