3952 6144
289 219 379 275 101
1297 216 1383 270 EX
1423 215 1746 271 ORIGENIS
1789 216 2012 269 LlBlllS
2050 215 2503 270 STROMATUM.
3432 216 3533 270 10?.

363 335 431 385 'ld
461 347 624 384 uutmi
658 346 804 382 nunc
859 329 1189 381 monendum
1245 338 1513 394 superest.
1557 328 1943 396 llieronymum
1995 329 2156 379 hosce
2190 325 2554 393 Στρωματεῖς
2585 326 2722 377 inter
2759 339 2852 379 eos
2901 339 3187 379 recensere
3236 324 3407 380 libros
3445 326 3536 392 qui

289 402 551 464 maximis,
619 409 677 453 et
741 402 1017 467 prtecipue
1074 402 1138 451 de
1193 401 1602 451 resurrectione
1662 398 1940 449 erroribus
1971 397 2276 467 scatebunt,
2306 407 2362 467 et
2398 412 2533 462 quos
2563 411 2693 467 eain
2717 396 2786 446 ob
2840 409 2948 448 rem
3008 411 3166 467 nemo
3219 411 3382 448 ausus
3418 405 3538 447 erat

289 473 468 526 Latine
507 464 760 524 reddere.
799 464 930 522 Vide
957 468 1240 536 epistolam
1278 468 1366 530 58,
1399 468 1559 534 alias,
1595 468 1684 527 (Η,
1716 482 1837 536 cap.
1892 471 1946 528 8,
1978 465 2087 536 iubi
2121 464 2374 531 Origenis
2423 476 2617 532 dogma
2665 465 2728 515 de
2758 465 3157 536 resurrectione
3189 465 3444 530 exponit:
3483 473 3538 515 et

287 541 562 606 epistolam
590 539 682 601 M,
716 538 852 590 alias
885 538 974 602 65,
992 533 1060 590 in
1100 553 1203 603 qua
1237 539 1352 589 ait:
1387 554 1404 586 ι
1429 533 1657 589 Centum
1694 535 2244 606 quinquagintaanni
2281 549 2447 601 prope
2477 544 2622 606 sunt,
2656 548 2719 584 ex
2751 533 3145 606 qqurigenes
3163 543 3418 606 mortuus
3447 542 3536 606 est

290 599 432 680 Tyri.
454 609 586 673 Quis
615 599 1133 680 Latinorum-atmiis
1159 615 1242 659 est
1271 621 1510 680 unquam
1547 599 1854 680 transferre

1973 604 2181 680 'osejus
2209 599 2293 657 De
2313 599 2712 665 resurrectione,
2741 602 2879 669 Περὶ
2900 599 3125 670 ἀρχῶν,
3152 599 3538 671 Στρωματέας

283 673 621 748 εἶΤόμουω
655 678 782 746 quis
814 690 908 744 per
947 676 1148 730 infame
1177 691 1313 744 opus
1340 673 1580 744 seipsum
1621 674 1788 728 voluit
1817 673 2110 726 infamari?
2160 691 2179 723 ι

1872 845 1943 856 .—

1009 998 1121 1056 EX
1159 996 1398 1056 ΜΒΒο
1429 995 1694 1055 SEXTO
1729 995 2227 1055 S'l’I’tOMATUM
2263 995 2636 1054 ORIGENIS
2671 994 2814 1069 ('26).

358 1169 474 1240 39
494 1167 651 1222 Plato
676 1170 726 1221 in
752 1168 910 1221 tertio
942 1167 1015 1220 De
1051 1169 1311 1236 republica
1358 1169 1533 1223 libro:
1579 1188 1596 1217 ι
1634 1167 1851 1220 Veritas
1883 1173 1926 1228 Α
1957 1176 2041 1221 tur
2072 1167 2364 1235 ambiguis,
2403 1174 2454 1220 et
2486 1181 2583 1234 per
2610 1168 2895 1235 aenigmata
2941 1180 3058 1232 qua:
3089 1164 3200 1217 vult
3232 1164 3456 1232 profert,
3480 1176 3536 1220 ut

278 1276 498 1332 quoque
538 1259 796 1313 sectanda
832 1272 1158 1326 magnopere
1190 1269 1294 1316 est.
1344 1258 1399 1311 Si
1424 1258 1591 1319 enim,
1621 1268 1677 1310 ut
1707 1260 1863 1326 paulo

278 1365 402 1407 ante
429 1352 740 1406 rectissime
780 1349 1116 1412 dicebamus,
1146 1349 1252 1402 Deo
1302 1349 1555 1402 indecens
1589 1359 1642 1402 et
1679 1349 1865 1402 inutile

276 1442 630 1496 mendacium
671 1453 788 1505 est;
841 1439 1156 1493 hominibus
1213 1440 1541 1507 quandoque
1595 1439 1744 1501 utile,
1807 1447 1866 1491 ut

277 1543 504 1586 utantur
560 1548 626 1585 eo
686 1532 842 1600 quasi
885 1531 1239 1585 condimento
1288 1539 1448 1598 atque
1484 1529 1860 1592 medicamine,

279 1623 408 1676 nulli
469 1622 697 1675 dubiutn
739 1631 824 1676 est
858 1623 986 1690 quin
1033 1622 1340 1690 lmjuunodi
1375 1621 1596 1674 licentia
1637 1619 1862 1673 medicis

277 1713 454 1765 danda
511 1714 658 1766 silet
711 1714 776 1766 ab
833 1712 1266 1779 imprudentibus
1316 1711 1664 1765 removenda.
1698 1711 1859 1773 Vera,

281 1803 475 1872 inquit,
527 1804 770 1855 asseris:
805 1817 935 1870 ergo
974 1803 1247 1871 principes
1283 1802 1522 1866 urbium,
1564 1801 1607 1854 si
1668 1801 1861 1869 quibus

283 1903 336 1945 et.
365 1893 491 1945 aliis
535 1893 635 1946 hoc
667 1893 1003 1957 conceditur,
1051 1901 1265 1960 oportet
1304 1892 1598 1961 aliquando
1646 1892 1859 1944 mentiri

277 1983 362 2034 vel
421 1993 617 2034 contra
665 1983 872 2048 hostes,
931 1983 1011 2035 vel
1044 1997 1141 2050 pro
1173 1982 1342 2050 patria
1377 1993 1431 2035 et
1472 1981 1701 2034 civibus.
1736 2000 1754 2033 ι
1790 1974 1860 2033 Et

279 2089 377 2127 nos
432 2075 604 2143 igitur
660 2076 801 2129 illius
848 2077 1094 2144 prteccpti
1147 2090 1449 2130 memores:
1487 2093 1504 2124 ι
1547 2075 1858 2143 Loquimini

276 2165 569 2219 veritatem
609 2167 976 2234 unusquisque
1011 2183 1132 2220 cum
1185 2167 1434 2233 proximo
1462 2180 1557 2219 suo
1577 2165 1641 2232 ⁸³⁸,
1673 2184 1688 2214 ι
1751 2181 1856 2219 ιιοιι

278 2257 546 2311 debemus
572 2258 778 2321 dicere,
804 2258 934 2324 Quis
969 2267 1051 2312 est
1078 2261 1358 2327 proximus
1396 2259 1588 2312 meus?
1615 2259 1706 2311 sed
1731 2274 1860 2311 con-

277 2347 532 2402 siderare
566 2349 843 2416 quomodo
889 2350 1242 2418 philosolihus
1271 2361 1432 2403 caute
1479 2349 1705 2410 dixerit,
1750 2350 1859 2402 Deo

274 2438 546 2492 indecens
624 2443 681 2488 et
745 2436 873 2490 utile
930 2455 1052 2491 esse
1127 2440 1496 2502 mendacium;
1552 2437 1860 2490 hominibus

276 2527 562 2581 interdum
610 2526 836 2589 inutile;
890 2533 944 2577 et
1006 2527 1148 2592 quod
1201 2543 1267 2579 ne
1310 2543 1409 2594 pro
1459 2529 1859 2594 dispensatione

271 2617 508 2684 quidem
559 2616 830 2682 putandus
865 2617 934 2669 sit
973 2618 1112 2669 Deus
1141 2618 1429 2684 aliquando
1470 2619 1704 2671 mentiri.
1764 2618 1859 2670 Sin

271 2715 478 2761 autem
510 2707 854 2760 commodum
877 2706 1144 2761 audientis
1172 2709 1440 2777 exegerit,
1481 2709 1661 2763 verbis
1694 2707 1865 2776 loqui-

1857 2869 1928 2882 —

1967 1269 2020 1312 et
2051 1261 2293 1312 veritatis
2319 1259 2458 1326 apud
2486 1274 2605 1310 enni
2631 1258 2864 1322 dignitas
2895 1267 3278 1318 conservetur;
3312 1268 3362 1309 ct
3391 1258 3534 1324 quod

1967 1353 2184 1402 noxium
2227 1363 2344 1401 esse
2395 1356 2603 1414 poterat
2643 1348 2685 1400 Si
2731 1349 2928 1400 nudum
2963 1347 3294 1414 proferretur
3341 1349 3391 1400 itt
3422 1347 3536 1399 vnl-

1965 1457 2081 1512 gus,
2118 1441 2346 1508 quodam
2410 1449 2609 1492 tectum
2657 1437 2925 1490 velamine
2980 1439 3311 1505 proferatur.
3363 1439 3535 1491 llotno

1967 1544 2143 1588 autem
2181 1533 2265 1585 cui
2292 1530 2549 1584 incumbit
2575 1531 2873 1584 necessitas
2905 1531 3218 1588 mentiendi.
3254 1530 3535 1599 diligenter

1964 1625 2230 1688 attendat,
2277 1633 2329 1675 ut
2366 1624 2444 1676 sic
2494 1631 2682 1674 utatur
2727 1621 2995 1674 interdum
3055 1619 3354 1685 mendacio,
3396 1636 3531 1688 quo-

1965 1716 2122 1768 modo
2179 1713 2525 1766 condimento
2581 1721 2741 1778 atque
2791 1710 3177 1774 medicamine;
3244 1719 3301 1761 ut
3353 1720 3534 1762 servet

1963 1820 2273 1859 mensuram
2308 1804 2446 1872 ejus,
2475 1818 2541 1854 ne
2562 1800 2786 1853 excedat
2811 1798 3091 1862 terminos,
3118 1800 3312 1865 quibus
3336 1814 3430 1852 usa
3454 1809 3536 1853 est

1963 1896 2148 1950 Judilh
2178 1904 2366 1948 contra
2404 1891 2822 1960 llolophernem,
2871 1901 2926 1942 et
2960 1889 3088 1941 vicit
3130 1903 3249 1940 eum
3282 1889 3532 1957 prudenti

1963 1986 2305 2041 simulatione
2340 1987 2626 2037 verborum
2673 1983 2737 2034 ⁸⁵.
2765 1980 3008 2034 Imitetur
3033 1979 3248 2040 Esther,
3285 1994 3403 2046 quae
3431 1983 3536 2030 Ar-

1966 2079 2206 2132 taxerxis
2284 2075 2610 2130 sententiam
2669 2073 2759 2126 diu
2829 2072 2990 2124 tacita
3074 2071 3251 2140 gentis
3309 2071 3537 2124 veritate

1962 2169 2297 2233 correxit“;
2330 2177 2383 2222 et
2413 2168 2465 2221 in
2507 2167 2697 2234 primis
2739 2163 3102 2233 patriarcham
3139 2161 3326 2224 Jacob,
3376 2175 3533 2228 quem

1961 2260 2190 2328 legimus
2259 2257 2668 2312 benedictiones
2721 2253 2887 2322 patris
2953 2251 3148 2306 artifici
3219 2252 3536 2320 impetrasse

1965 2351 2244 2405 mendacio
2266 2350 2330 2400 ⁸⁷.
2365 2348 2444 2402 Ex
2471 2364 2579 2416 quo
2609 2346 2955 2414 perspicuum
3011 2352 3112 2406 est,
3150 2342 3290 2410 quod
3318 2341 3418 2393 nisi
3461 2341 3532 2395 ita

1965 2444 2175 2496 mentiti
2211 2441 2493 2503 fuerimus,
2540 2448 2597 2492 ut
2623 2452 2876 2506 magnum
2906 2435 3062 2488 nobis
3098 2448 3163 2486 ex
3193 2433 3295 2484 hoc
3321 2427 3535 2496 aliquod

1968 2541 2242 2600 (llltel‘ttllll‘
2288 2534 2508 2593 bontnn,
2547 2512 2823 2600 judicandi
2883 2528 3068 2585 simus,
3114 2522 3270 2594 quasi
3328 2517 3536 2576 inimici

1969 2621 2083 2691 ejus
2108 2623 2198 2688 qui
2230 2621 2342 2674 ait:
2376 2639 2394 2671 ι
2426 2621 2536 2687 Ego
2579 2633 2695 2672 sum
2739 2612 3028 2684 veritasj“.
3055 2633 3073 2664 ι

992 3020 1107 3080 EX
1138 3021 1379 3082 LIBRO
1404 3023 1714 3085 DECIMO
1746 3019 2250 3083 STROMATUM
2283 3012 2660 3076 ORIGENIS
2681 3006 2830 3090 (27).

361 3200 381 3233 ε
423 3180 490 3234 Et
522 3186 640 3232 erat
696 3178 780 3231 vir
821 3179 1074 3232 habitans
1132 3181 1183 3232 in
1223 3179 1512 3252 Babylone,
1553 3188 1607 3235 et
1664 3196 1862 3236 nomen

281 3277 400 3344 ejus
427 3272 660 3334 Joacim,
692 3280 745 3324 et
775 3272 983 3337 accepit
1022 3285 1242 3324 uxorem
1287 3273 1506 3326 nomine
1533 3273 1862 3337 Susannam,

284 3364 455 3416 filiam
502 3359 723 3423 lleleia',
757 3359 1037 3426 pulchram
1075 3360 1233 3412 nimis
1265 3369 1320 3413 et
1361 3362 1638 3415 timentem
1684 3362 1864 3416 Domi-

285 3469 437 3510 num.
473 3451 540 3505 Et
571 3461 826 3520 parentes
848 3448 1112 3519 ejusjusti
1145 3450 1476 3506 edocuerant
1508 3452 1677 3505 filiani
1708 3468 1862 3507 suam

278 3543 431 3612 juxta
466 3544 639 3611 legem
665 3541 833 3610 Moysi
867 3541 930 3594 ⁸³.
971 3560 988 3591 ι
1025 3541 1137 3596 Hoc
1164 3543 1421 3597 utendum
1448 3553 1530 3598 est
1551 3545 1860 3600 testimonio

284 3638 350 3690 ad
382 3635 821 3698 exhortationem
841 3643 1145 3703 parentum,
1173 3643 1228 3688 ut
1252 3633 1481 3690 doceant
1501 3638 1654 3706 juxta
1682 3637 1856 3707 legem

284 3726 379 3783 Dei
413 3728 830 3795 sertnouemqbe
863 3726 1130 3792 divinum,
1185 3742 1291 3782 non
1341 3728 1510 3782 solum
1572 3729 1733 3795 filios,
1766 3729 1863 3784 sed

285 3830 338 3876 et
372 3823 515 3875 filias
560 3835 706 3874 suas.

359 3913 544 3967 «Erat
599 3923 776 3966 autem
823 3909 1025 3964 Joacim
1087 3911 1237 3968 dives
1285 3914 1473 3981 valde,
1529 3923 1582 3968 et
1632 3921 1751 3970 erat
1808 3914 1859 3968 ei

288 4007 591 4075 pomarium
658 4007 894 4060 vicinum
951 4004 1134 4059 domui
1202 4006 1461 4074 suae",i
1526 4016 1634 4062 etc.
1697 4005 1860 4060 Refe-

288 4099 440 4152 rebat
493 4095 752 4150 Hebrmus
829 4095 962 4148 istos
1023 4109 1145 4149 esse
1213 4097 1364 4149 Ahab
1432 4106 1486 4148 et
1541 4095 1854 4158 Sedeciam,

289 4191 354 4243 de
393 4187 596 4258 quibus
645 4186 833 4240 scribit
865 4183 1157 4238 Jeremias:
1191 4202 1209 4234 ι
1249 4183 1439 4237 Faciat
1501 4194 1552 4238 te
1605 4186 1862 4239 Dominus

290 4281 426 4335 sicut
458 4279 621 4334 Ahab
666 4278 1050 4341 etSedeciam,
1083 4291 1217 4346 quos
1243 4275 1395 4330 frixit
1440 4292 1530 4330 rex
1581 4276 1868 4346 Babylonis

293 4373 343 4425 in
372 4371 502 4442 igne
523 4381 742 4439 propter
765 4369 1110 4438 iniquitatem
1139 4383 1299 4436 quam
1329 4367 1569 4420 fecerant
1594 4367 1647 4420 in
1682 4367 1865 4432 Israel,

292 4473 342 4516 et
369 4462 750 4517 adulteraraut
782 4476 978 4515 uxores
1009 4460 1206 4515 civium
1255 4474 1472 4513 suorum
1495 4461 1561 4511 ἰ.
1599 4480 1615 4509 ι

362 4555 436 4608 De
459 4553 667 4623 quibus
701 4553 916 4608 locutus
950 4562 1035 4606 cst
1058 4551 1350 4605 Dominus:
1385 4552 1510 4618 quia
1528 4565 1743 4619 egressa
1788 4557 1874 4605 est

299 4645 556 4715 iniquitas
587 4645 652 4699 de
685 4643 958 4714 Babylone
982 4659 1011 4696 a
1037 4641 1264 4697 senibus
1300 4642 1573 4709 judicibus
1593 4642 1684 4710 qui
1721 4642 1868 4696 vide-

299 4735 490 4790 bantur
531 4748 721 4804 rcgere
746 4733 1024 4802 populant.
1059 4731 1149 4786 lsti
1181 4729 1602 4799 frequentabant
1643 4731 1862 4784 domum

300 4823 505 4880 Joacim
523 4825 593 4889 7',
618 4832 753 4878 rete.
777 4821 1008 4877 Pulchre
1029 4822 1092 4876 de
1119 4821 1452 4892 presbyteris
1473 4819 1852 4889 peccatoribus

304 4934 400 4973 non
441 4919 554 4972 ait:
586 4934 607 4968 ι
645 4919 735 4987 qui
768 4916 1026 4986 regebant
1068 4901 1362 4984 populum;
1388 4931 1406 4965 ι
1439 4914 1556 4976 sed,
1585 4930 1603 4962 ι
1668 4912 1758 4980 qui
1786 4912 1867 4963 vi-

379 5093 422 5123 “
440 5090 642 5160 Ephes.
665 5092 832 5158 tv,‘25.
909 5096 952 5126 ⁸⁵
966 5093 1174 5162 Jttdith,
1201 5111 1261 5149 ιι.

1345 5095 1390 5126 ⁵⁸
1421 5093 1576 5148 Esth.
1625 5109 1676 5146 Iv
1707 5100 1760 5146 et
1802 5106 1957 5158 seqq.

1965 3181 2230 3235 debantur
2264 3191 2473 3246 regere.
2515 3193 2532 3224 ι
2569 3173 2671 3240 Qui
2701 3171 2844 3225 enim
2877 3172 3013 3224 bene
3052 3180 3291 3240 przesunt
3317 3174 3535 3242 populo,

1963 3280 2153 3338 regunt.
2185 3269 2441 3339 populum
2469 3285 2482 3333 ;
2535 3267 2628 3336 qui
2664 3275 2840 3320 autem
2875 3273 3080 3319 tantum
3114 3281 3310 3320 nomen
3339 3267 3537 3322 habent

1959 3368 2199 3436 judicum
2255 3375 2305 3420 et
2337 3365 2534 3433 injuste
2557 3371 2796 3431 praesunt
2827 3360 3045 3429 populo,
3077 3375 3266 3431 regere
3289 3363 3537 3418 videntur

1962 3458 2213 3527 pupulum
2245 3456 2414 3523 magis
2452 3470 2614 3524 quam
2654 3463 2864 3524 regant.

2040 3569 2057 3599 ι
2095 3548 2157 3601 Et
2192 3546 2572 3601 deambulabat.
2601 3545 2653 3599 in
2677 3545 2921 3614 pomario
2943 3544 3044 3597 viri
3075 3545 3154 3599 sui
3195 3553 3250 3598 et
3281 3544 3540 3599 videbant

1964 3655 2082 3694 eam
2118 3653 2277 3693 senes
2301 3637 2540 3706 quotidie
2573 3634 2971 3704 ingredientem
3001 3647 3056 3690 et
3077 3636 3536 3701 deambulantem,

1965 3741 2021 3785 et
2077 3727 2411 3784 exarserunt
2459 3727 2510 3780 in
2558 3726 3057 3793 concupiscentiam
3097 3729 3167 3794 ’³,
3196 3747 3215 3780 ι
3247 3737 3350 3784 etc.
3384 3728 3536 3795 Quod

1965 3821 2136 3876 Graeci
2172 3829 2365 3873 vocant
2411 3818 2602 3884 πάθος,
2629 3833 2723 3873 nos
2756 3835 2775 3868 ι
2814 3821 3273 3886 perturbationem
3317 3837 3336 3871 ι
3367 3819 3538 3890 magis

1964 3930 2123 3983 quam
2145 3932 2163 3964 ι
2186 3913 2489 3982 passionem
2512 3933 2530 3964 ι
2555 3913 2752 3967 rectius
2772 3915 3214 3983 interpretamur.
3235 3911 3540 3983 itaacigitur

1963 4002 2298 4073 perturbatio
2332 4009 2386 4056 et
2424 4002 2620 4070 cupido
2667 4001 2910 4056 libidinis
2950 4000 3210 4062 titillavit,
3247 4000 3356 4052 imo
3416 4011 3538 4065 per-

1965 4095 2131 4148 cussit
2174 4095 2338 4148 corda
2407 4092 2703 4146 seniorum.
2766 4091 2872 4147 Sed
2905 4100 2961 4145 ut
3015 4091 3066 4144 in
3107 4088 3302 4142 animis
3348 4102 3537 4142 eorum

1961 4184 2168 4253 jaceret
2235 4184 2690 4245 fundamentum,
2752 4192 2807 4235 et
2873 4181 3180 4247 cogitarent
3231 4177 3537 4231 desiderata

1963 4276 2259 4344 complere,
2293 4275 2390 4344 ipsi
2423 4281 2739 4328 everterunt
2767 4285 2984 4325 sensum
3034 4283 3231 4332 suum;
3275 4281 3384 4335 quo
3405 4266 3539 4322 sub-

1963 4379 2123 4418 verso
2152 4363 2293 4417 oculi
2336 4376 2524 4416 eorum
2553 4359 2796 4414 inclinati
2835 4367 2982 4422 sunt,
3017 4365 3078 4410 ut
3128 4353 3370 4409 caelestia
3431 4369 3536 4407 non

1961 4454 2228 4526 viderent,
2257 4467 2355 4507 nec
2405 4451 2823 4505 recordareutur
2861 4448 3191 4518 judiciorum
3239 4445 3538 4516 iustorum,

1964 4544 2078 4598 sive
2110 4542 2224 4605 Dei,
2253 4541 2366 4596 sive
2389 4539 2711 4607 honestatis,
2743 4540 2857 4594 sive
2879 4547 3110 4603 naturae,
3137 4550 3258 4606 qua:
3285 4534 3539 4590 omnibus

1964 4639 2029 4688 ad
2059 4634 2258 4687 bonum
2293 4633 2457 4687 insita
2495 4641 2597 4687 est.

2046 4743 2066 4778 α
2097 4726 2163 4780 Ει
2190 4741 2317 4780 ecce
2347 4726 2592 4782 Susanna
2622 4723 3021 4786 inambulabat,
3063 4738 3081 4772 ι
3107 4729 3215 4777 etc.
3252 4719 3394 4773 Ante
3423 4717 3539 4789 ja

1971 4820 2170 4873 dictmu
2198 4827 2280 4872 est
2301 4817 2442 4886 quod
2475 4815 2618 4870 facto
2671 4828 2830 4868 mane
2867 4811 3230 4867 inambularet
3264 4808 3537 4863 Susanna.

1972 4909 2085 4965 Nec
2111 4910 2468 4978 incongruum
2500 4905 2678 4962 estad
2715 4903 3131 4975 placandos-eos
3174 4899 3265 4969 qui
3299 4901 3542 4953 omnium

3060 5079 3107 5112 ”
3137 5079 3273 5132 Dan.
3299 5090 3423 5140 xnt,
3456 5073 3511 5134 ί,

2035 5089 2077 5120 ⁸⁷
2102 5088 2240 5144 Gen.
2274 5102 2439 5140 xxvn.
2520 5085 2564 5117 ⁸⁸
2589 5082 2745 5140 Joan.
2789 5097 2903 5148 xw,
2933 5081 2984 5136 6.

304 5167 354 5230 2,
385 5171 436 5224 δ.
490 5154 748 5237 ’τοιιιιιιιζ
789 5169 843 5222 4.
916 5154 1190 5220 "Jel‘etti.
1237 5181 1391 5230 xxix,
1445 5165 1536 5227 22,
1586 5164 1676 5216 εδ.
1754 5164 1799 5194 τ’
1849 5162 1861 5214 t

1970 5198 1984 5214 .
2031 5176 2151 5224 χιιι,
2190 5158 2246 5222 5,
2275 5159 2327 5210 6.
2407 5156 2610 5210 1"’lbid.
2663 5154 2716 5220 7,
2767 5154 2821 5208 8.

373 5349 480 5422 (26)
521 5350 903 5420 Fragmentum
939 5349 1090 5422 istud
1131 5348 1373 5422 exhibet
1401 5353 1619 5422 sanctus
1674 5343 1866 5398 Hiero-

312 5415 491 5488 nymus
526 5415 663 5474 lib.'t
689 5423 939 5473 adversus
970 5419 1241 5486 Ruﬁnum.
1276 5418 1407 5488 Vide
1443 5415 1721 5488 monitum.

368 5490 474 5562 _(_:t'i)
521 5490 879 5562 Hieronymus
909 5489 1195 5562 Comment.
1223 5490 1279 5541 in
1327 5487 1535 5562 Daniel.
1565 5501 1683 5562 cap.
1714 5500 1858 5562 xttt:

317 5577 333 5605 1
365 5556 648 5625 Expositis,
688 5556 896 5629 inquit,
939 5568 996 5612 ut
1048 5559 1322 5626 potuimus
1364 5572 1485 5624 qua:
1525 5556 1574 5606 in
1627 5556 1862 5629 Daniclis

317 5629 438 5679 latro
463 5634 615 5698 juxta
645 5625 966 5684 llebraieum
1000 5625 1367 5689 continentur,
1400 5640 1588 5695 ponam
1627 5625 1861 5679 breviter

1973 5339 2101 5410 quid
2138 5337 2403 5407 Origenes
2434 5334 2756 5410 in__d_e_cimo_
2787 5331 3120 5410 Stramenta}
3149 5343 3372 5410 srmrum
3405 5327 3543 5410 libro

1973 5399 2039 5465 tle
2080 5399 2350 5464 Susaiinae
2396 5417 2452 5461 et
2493 5406 2634 5460 Belis
2686 5404 2884 5457 fabulis
2930 5401 3150 5454 dixerit.
3196 5399 3361 5466 Cujus
3428 5399 3544 5450 haec

1971 5484 2137 5536 verba
2173 5489 2298 5532 sunt
2325 5492 2445 5545 quae
2473 5476 2603 5530 locis
2633 5475 2745 5545 suis
2778 5470 3119 5545 subnotabis.
3145 5489 3162 5520 ι
3198 5467 3390 5545 V_e_ru_i_n
3422 5466 3548 5545 gri-

1944 5553 2122 5620 vgenis
2155 5535 2613 5620 verbis'nonnulla
2645 5543 2842 5620 desito
2878 5539 3149 5592 interdum
3182 5535 3389 5591 addidit.
3421 5535 3550 5591 Hie-

1970 5612 2251 5690 ronymus,
2281 5627 2338 5670 ut
2372 5616 2565 5685 legenti
2600 5612 2822 5680 j’ititcbit.
