3952 6144
362 240 468 296 1ῡὸ

1768 235 2193 292 FRAGMENTA

3521 241 3627 297 101»

361 371 482 426 quae
502 354 741 427 gerimus
761 353 827 407 de
850 352 1149 421 Scripturis
1180 355 1388 408 sanctis
1404 355 1937 424 qnmruntexempla,
1969 359 2016 414 Α
2043 354 2349 410 clariorem.
2383 350 2539 407 Unde
2565 365 2754 421 magna
2784 362 2906 425 erat
2936 352 3263 409 exclamatio
3314 352 3433 423 ejus
3485 354 3626 421 De),

363 449 510 503 hunc
544 445 915 501 inambulandi
938 444 1110 498 locum
1143 459 1452 499 assumere:
1478 447 1621 514 quod
1648 455 1794 501 recte
1819 446 1941 515 quis

364 540 433 590 ad
463 536 824 606 vegetandum
850 532 1229 602 corpusculum
1254 534 1562 589 deambulet
1582 540 1597 604 (
1615 535 1737 605 28).
1769 535 1941 603 Quem

363 628 542 682 locum
579 628 646 681 de
674 624 1021 694 Septuaginta
1058 623 1296 678 editione
1329 640 1473 679 nunc
1524 627 1699 695 posui.

440 736 459 769 ι
482 717 614 772 Cum
646 726 824 770 autem
859 728 1091 783 egressa:
1126 724 1309 768 essent
1335 716 1544 784 puellae,
1575 727 1939 773 surrexerunt

364 811 471 864 duo
500 824 675 871 senes,
698 817 756 860 ut
794 815 1146 860 accurrerent
1173 807 1240 860 ad
1287 820 1404 861 eam
1429 809 1497 873 τὸ,
1537 828 1556 861 ι
1590 818 1695 864 etc.
1744 810 1845 878 Qui
1876 812 1939 865 ad

363 899 727 953 summitatem
782 897 1038 967 perfecta:
1090 899 1309 953 virtutis
1372 899 1619 965 venerit,
1664 916 1939 969 nunquam

362 990 611 1045 dicitsibi
636 989 923 1043 imminere
950 990 1269 1053 discrimen,
1294 991 1334 1044 si
1356 991 1723 1045 adulterorum
1751 1007 1940 1045 manus

363 1097 469 1136 non
495 1080 765 1150 etfugerit,
790 1078 1123 1135 dicentium:
1153 1101 1168 1132 ι
1192 1082 1476 1136 Assentire
1502 1083 1680 1145 nobis,
1710 1093 1763 1138 et
1790 1099 1938 1136 com-

361 1173 593 1228 miscere
618 1174 921 1228 nobiscum.
954 1175 1232 1243 Alioquin,
1266 1177 1368 1230 etsi
1403 1177 1667 1242 nolueris,
1695 1178 1941 1233 dicemus

363 1264 733 1326 testimonium
764 1274 954 1318 contra
996 1274 1047 1319 te
1086 1268 1227 1334 quod
1258 1266 1423 1320 fuerit
1478 1279 1652 1322 tecum
1702 1269 1937 1337 juvenis,

361 1365 416 1410 et
441 1356 543 1410 hac
573 1355 639 1411 de
668 1370 831 1410 causa
860 1355 971 1426 40
996 1356 1267 1412 dimiseris
1302 1359 1512 1428 puellas
1545 1376 1572 1413 a
1610 1369 1660 1414 te
1685 1361 1751 1412 ⁷⁵.
1781 1379 1798 1411 ι
1832 1360 1939 1414 Ηυ-

361 1460 537 1500 mana:
562 1446 761 1515 quippe
813 1443 1127 1514 fragilitatis
1171 1456 1276 1513 est,
1314 1457 1545 1501 mortem
1595 1447 1787 1501 timere
1818 1464 1940 1517 qua:

364 1536 598 1591 infertur
622 1536 980 1606 projustitia;
1019 1537 1124 1593 nisi
1164 1537 1305 1593 forte
1335 1538 1644 1608 angustiam
1668 1540 1939 1607 interpre-

364 1630 598 1684 tabimur
647 1644 756 1683 non
809 1630 1149 1685 imminentis
1190 1631 1405 1695 mortis,
1438 1631 1530 1685 sed
1567 1631 1840 1701 Opprobrii
1888 1640 1939 1685 et

363 1719 701 1788 ignominiae,
733 1734 838 1789 qua
865 1720 1240 1788 perfundenda
1276 1729 1394 1773 erat
1425 1720 1527 1775 illis
1555 1723 1940 1777 accusantibus

370 1822 544 1879 atque
563 1810 899 1865 dicentibus:
932 1829 951 1863 ‹
987 1812 1112 1866 Fuit
1138 1811 1371 1876 cumtilla
1397 1811 1626 1879 iuvenis,
1654 1820 1709 1867 et
1744 1813 1943 1868 idcirco

368 1903 573 1957 dimisit
602 1903 827 1972 puellas.
870 1922 890 1955 ι

442 2013 459 2044 ι
487 1994 541 2047 Si
570 1994 831 2049 enimhoc
857 2008 1043 2064 egero,
1082 2010 1230 2052 mors
1286 1996 1418 2050 mihi
1469 2004 1589 2062 est;
1652 1996 1697 2052 si
1754 2005 1936 2050 autem

365 2102 470 2141 non
498 2087 597 2149 ⁷⁸,ι
628 2097 734 2141 etc.
771 2084 1061 2141 Peccatum
1086 2096 1526 2159 mortemgvocat.
1546 2087 1701 2143 Sicut
1731 2104 1863 2157 ergo
1892 2089 1941 2143 ei

364 2179 455 2246 qui
509 2178 641 2233 facit
690 2179 1040 2243 adulterium,
1111 2194 1258 2234 mors
1316 2189 1400 2235 est
1455 2179 1823 2248 adulterium;
1865 2176 1945 2237 sic

366 2286 527 2324 omne
580 2282 860 2340 peccatum
920 2270 1064 2338 quod
1124 2270 1272 2325 ducit
1335 2276 1403 2328 ad
1473 2283 1737 2338 mortem,
1798 2289 1945 2329 mors

364 2362 750 2432 appellandum
786 2372 889 2418 est.
923 2364 991 2418 Et
1042 2365 1217 2421 toties.
1254 2365 1390 2419 mori
1428 2366 1705 2420 credimur
1729 2367 1945 2435 quoties

364 2470 656 2524 peccamus
693 2457 761 2510 ad
786 2465 1037 2510 mortem.
1066 2454 1220 2511 Unde
1248 2456 1559 2513 econtrario
1588 2459 1748 2513 toties
1768 2472 1947 2513 resur-

366 2546 546 2615 gimus
588 2557 644 2601 et
692 2547 1070 2617 viviﬁcamur,
1128 2549 1342 2618 quoties
1394 2550 1521 2604 vitae
1575 2548 1737 2621 digna
1779 2564 1944 2621 opera

364 2633 617 2693 facimus.

439 2745 463 2780 ι
499 2728 603 2783 Sed
645 2730 837 2787 melius
869 2731 1000 2787 mihi
1051 2743 1133 2788 est
1162 2733 1367 2805 absque
1394 2749 1559 2804 opere
1601 2735 1844 2791 incidere
1887 2735 1944 2791 in

328 2834 333 2839 ·
364 2836 558 2875 manus
582 2833 815 2889 vestras,
849 2839 1009 2894 quam
1045 2840 1274 2894 peccare
1313 2843 1366 2881 ιιι
1403 2836 1701 2897 conspectu
1753 2827 1945 2884 Domi-

365 2915 509 2968 ni".
547 2934 565 2967 ι
621 2916 678 2969 In
736 2915 926 2971 Graeco
964 2934 1071 2973 non
1106 2918 1305 2987 legitur
1351 2919 1733 2992 αἱρετώτερον,
1764 2921 1815 2976 id
1841 2930 1943 2987 est,

366 3008 576 3073 melius,
607 3009 701 3062 sed
733 3010 971 3082 αἱρετόν,
1013 3011 1154 3078 quod
1205 3015 1395 3065 bonum
1434 3013 1781 3080 interpretari
1819 3028 1947 3083 pos»
1975 3038 2019 3094 α

369 3113 578 3151 sumus.
608 3096 761 3152 Unde
783 3100 1059 3168 eleganter
1084 3115 1190 3153 non
1223 3102 1358 3155 dixit
1385 3123 1395 3156 :
1428 3120 1447 3153 ί
1480 3102 1670 3158 Melius
1707 3104 1840 3157 milii
1864 3115 1949 3159 est

368 3188 611 3244 incidere
642 3192 693 3244 in
722 3206 915 3246 manus
943 3192 1251 3261 iniquorum
1294 3196 1765 3266 presbyterorum,
1787 3213 1949 3267 quant

366 3295 597 3351 peccare
622 3282 675 3336 in
704 3291 995 3352 conspectu
1047 3283 1295 3339 Domini:
1333 3304 1352 3337 ι
1393 3302 1460 3341 ηε
1486 3288 1766 3343 videretur
1802 3305 1951 3344 eom-

372 3375 656 3445 paratione
679 3376 888 3445 peccati
919 3376 1064 3444 quod
1089 3391 1196 3430 non
1224 3385 1344 3431 erat
1370 3378 1594 3445 bonum,
1629 3382 1731 3436 boc
1761 3383 1945 3452 appel-

371 3465 484 3519 lare
505 3466 718 3521 melius.
746 3464 877 3531 Sed,
902 3466 1139 3520 «Bonum
1158 3476 1261 3531 est,
1284 3469 1479 3537 inquit,
1499 3470 1632 3525 mibi
1652 3487 1756 3525 non
1774 3452 1951 3528 facere

369 3557 596 3622 malum,
635 3567 690 3613 et
722 3558 959 3613 incidere
990 3560 1044 3614 in
1093 3576 1286 3617 manus
1310 3571 1543 3627 vestras,
1595 3577 1664 3617 ne
1730 3576 1948 3632 peccem

369 3652 426 3703 in
458 3661 755 3718 conspectu
779 3651 1047 3708 Domini.»
1073 3652 1188 3709 Non
1213 3668 1344 3725 ergo
1369 3669 1465 3722 per
1491 3654 1949 3722 comparationem

366 3744 651 3812 legendum
681 3752 801 3799 est:
842 3764 861 3796 ι
896 3744 1089 3801 Melius
1111 3746 1245 3799 mihi
1282 3747 1635 3801 estincidere
1673 3748 1729 3802 in
1755 3762 1950 3801 manus

366 3844 597 3899 vestras,
628 3849 789 3903 quam
826 3848 1049 3903 peccare
1083 3837 1137 3891 in
1190 3848 1488 3906 conspectu
1530 3838 1814 3901 Dominip
1854 3840 1951 3893 sed

369 3924 651 3979 absolute:
684 3923 925 3978 «Bonum
952 3926 1083 3980 mihi
1112 3936 1196 3982 est
1224 3944 1333 3982 non
1358 3927 1537 3983 facere
1566 3930 1764 3984 malum
1792 3938 1848 3984 et
1869 3932 1951 3984 in-

369 4020 554 4074 cidere
586 4020 638 4073 in
685 4033 876 4073 manus
906 4030 1141 4088 vestras,
1174 4036 1241 4076 ne
1268 4036 1488 4092 peccem
1543 4025 1599 4077 in
1654 4030 1950 4095 conspectu

369 4113 603 4169 Domini.
641 4132 660 4166 ι

445 4225 462 4258 ι
494 4206 557 4260 Et
582 4204 905 4260 exclamavit
974 4220 1107 4261 voce
1160 4220 1355 4276 magna
1415 4201 1667 4263 Susanna
1701 4208 1801 4273 ⁷⁸,ι
1832 4217 1945 4265 etc.

368 4297 559 4369 Magna
588 4312 695 4353 vox
716 4305 859 4363 erat,
892 4312 1001 4353 non
1036 4298 1180 4354 aeris
1202 4298 1557 4367 percussione
1611 4308 1668 4353 et
1710 4298 1947 4355 clamore

2045 460 2164 514 qua:
2190 444 2257 497 ab
2285 443 2597 497 hominibus
2632 457 2736 495 non
2782 443 3125 497 audiebatur.

2116 555 2135 587 ‹
2168 536 2411 605 Cumque
2438 536 2730 590 duceretur
2770 536 2835 589 ad
2878 544 3133 600 mortem,
3169 535 3456 591 suscitavit
3518 536 3625 591 Do-

2043 624 2223 680 minus
2273 625 2532 695 Spiritum
2566 632 2817 679 sanctum
2871 624 3028 694 pueri
3077 623 3317 694 jnnioris
3342 626 3426 691 ⁸⁸,
3460 645 3479 678 ι
3514 639 3625 683 etc.

2042 718 2159 784 Quo
2190 731 2440 771 sermone
2478 719 2783 772 ostenditur
2820 731 2924 771 non
2990 717 3225 771 intrasse
3258 718 3310 770 in
3344 717 3626 773 Danielem

2043 808 2307 877 Spiritum
2341 818 2610 874 sanctum,
2636 812 2730 865 sed
2769 824 2891 865 eum
2931 810 3022 880 qui
3044 819 3164 865 erat
3195 810 3246 863 in
3280 810 3371 864 illo
3418 817 3472 865 et
3500 812 3628 879 qui-

2041 899 2257 953 escebat
2285 911 2503 969 propter
2533 901 2709 955 :etatis
2743 901 3142 968 infirmitatem,
3176 916 3275 954 nec
3293 916 3386 955 sua
3413 912 3630 970 poterat

2042 1005 2205 1058 opera
2235 992 2631 1057 demonstrare,
2658 995 2778 1046 data
2809 994 3101 1049 occasione
3122 1009 3221 1063 pro
3255 1002 3442 1048 sancta
3468 994 3631 1048 femi-

2045 1099 2109 1135 na
2136 1099 2162 1135 a
2202 1082 2427 1137 Domino
2462 1084 2809 1139 suscitatum.

2117 1194 2133 1225 ι
2172 1175 2230 1227 Et
2261 1174 2734 1228 exclamavitvoce
2771 1191 3002 1245 magna:
3052 1176 3280 1232 Mundus
3301 1193 3401 1248 ego
3439 1194 3557 1232 sum
3594 1194 3625 1231 a

2043 1264 2306 1332 sanguine
2356 1265 2511 1333 bnjns
2542 1264 2611 1328 ⁸¹,
2654 1285 2671 1316 ι
2705 1275 2811 1319 etc.
2874 1265 3146 1319 Suscitato
3207 1267 3260 1320 in
3296 1282 3355 1321 se
3419 1268 3627 1336 Spiritu

2042 1366 2254 1418 saneto,
2283 1364 2338 1409 et
2365 1371 2483 1423 qua:
2508 1370 2640 1424 puer
2667 1357 2888 1411 deberet
2922 1357 3103 1411 dicere
3126 1367 3471 1426 suggerente,
3510 1375 3620 1414 vox

2041 1447 2158 1515 ejus
2189 1462 2381 1516 magna
2413 1459 2553 1501 erat.
2586 1445 2652 1500 Et
2682 1448 2978 1501 notandum
3025 1449 3197 1503 sicubi
3244 1452 3297 1504 in
3328 1450 3628 1520 Scripturis

2042 1540 2247 1594 sanctis
2276 1541 2579 1608 peccatoris
2610 1555 2707 1594 vox
2743 1555 2931 1609 magna
2987 1551 3233 1595 vocatur.

2122 1649 2141 1683 ι
2175 1631 2418 1699 Cumque
2463 1631 2623 1685 divisi
2671 1641 2855 1685 essent
2908 1631 3140 1685 alterab
3190 1632 3381 1695 altero,
3410 1634 3631 1688 vocavit

2046 1738 2210 1775 unum
2251 1722 2316 1775 de
2341 1722 2420 1776 eis
2440 1722 2506 1785 θ’,
2546 1742 2564 1773 ι
2601 1732 2706 1777 etc.
2739 1722 2872 1789 Quia
2898 1721 3105 1777 Hebraei
3143 1726 3434 1793 rcprobant
3457 1727 3629 1779 histo-

2045 1814 2180 1867 riam
2214 1812 2474 1866 Susanna:
2502 1811 2663 1882 (29),
2698 1811 2943 1867 dicentes
2978 1828 3099 1867 eam
3126 1815 3180 1867 in
3203 1815 3436 1868 Danielis
3469 1817 3627 1869 volu-

2047 1902 2190 1955 mine
2226 1917 2328 1954 non
2366 1888 2578 1964 liabcri',
2604 1901 2863 1955 debemus
2886 1902 3163 1970 inquirere
3189 1905 3406 1958 nomina
3437 1905 3626 1974 σχίνου

2046 1994 2140 2047 καὶ
2168 1993 2361 2065 πρίνου
2386 2008 2505 2063 quae
2532 1993 2709 2047 Latini
2748 2011 2767 2043 ς
2798 1993 2972 2048 ilicem
2998 2003 3051 2049 et
3072 1996 3363 2050 lentiscum
3397 2017 3415 2049 ι
3456 1997 3631 2051 ἱιιιει·-

2046 2094 2349 2153 pretantur,
2377 2085 2419 2138 si
2462 2084 2569 2138 sint
2598 2084 2739 2153 apud
2780 2083 3060 2151 Iiebrtcos,
3108 2095 3161 2140 et
3191 2102 3353 2155 quam
3391 2087 3632 2141 habeant

2046 2176 2449 2247 etymologiam,
2484 2184 2542 2229 ut
2577 2189 2609 2228 a
2660 2174 2845 2245 σχίνῳ,
2883 2194 2902 2228 ‹
2943 2178 3155 2241 scissio,
3189 2197 3206 2229 ι
3251 2187 3305 2230 et
3350 2194 3380 2229 a
3428 2177 3628 2248 πρίνῳ,

2051 2281 2072 2316 ι
2100 2267 2270 2319 sectio
2294 2285 2313 2318 ι
2340 2266 2454 2320 sive
2482 2266 2710 2318 serratio
2737 2265 2949 2319 dicatur
2974 2267 3153 2337 lingua
3179 2282 3388 2322 eorum.
3407 2268 3557 2334 Quod
3578 2269 3626 2321 si
3652 2304 3665 2314 .

2048 2370 2154 2411 non
2187 2355 2353 2411 fuerit
2408 2357 2709 2422 inventum,
2750 2359 3076 2412 necessitate
3132 2373 3391 2426 cogemur
3434 2369 3490 2413 et
3528 2374 3635 2413 nos

2048 2464 2239 2503 eorum
2296 2448 2648 2518 acquiescere
2699 2451 3001 2515 sententiae,
3046 2450 3137 2517 qui
3188 2448 3363 2503 Graeci
3421 2458 3631 2503 tantum

2050 2540 2316 2596 sermonis
2341 2541 2478 2596 hanc
2508 2541 2692 2597 volunt
2716 2556 2835 2596 esse
2862 2542 3190 2613 περικοπὴν,
3224 2556 3343 2610 qua:
3379 2539 3633 2594 Graecam

2050 2634 2247 2689 habeat
2304 2642 2511 2688 tantum
2563 2634 2970 2708 etymologiam,
3031 2644 3086 2687 et
3138 2633 3460 2687 Itebraicam
3522 2648 3631 2686 non

2049 2728 2266 2784 habeat.
2304 2726 2459 2794 Quod
2506 2729 2552 2784 si
2597 2733 2718 2798 quis
2758 2726 3060 2781 ostenderit
3115 2726 3342 2780 duarum
3400 2724 3633 2779 istarum

2050 2823 2308 2878 arborum
2340 2821 2618 2877 scissionis
2667 2829 2721 2875 et
2775 2820 3034 2874 sectionis
3089 2817 3143 2871 in
3196 2816 3429 2871 Ilebrzeo
3482 2825 3634 2871 stare

2051 2914 2458 2985 etymologiam,
2482 2921 2609 2967 tunc
2624 2910 2923 2983 peterimus
2946 2909 3109 2965 etiam
3134 2909 3275 2963 hanc
3293 2909 3633 2978 Scripturam

2052 3005 2313 3074 recipere.

2132 3118 2151 3151 ι
2178 3097 2519 3154 Exclamavit
2538 3105 2719 3151 autem
2737 3096 2915 3151 omnis
2942 3109 3213 3165 synagoga
3244 3108 3377 3149 voce
3412 3109 3636 3162 magna,

2052 3201 2106 3246 et
2169 3192 2570 3246 benedixerunt
2630 3189 2800 3243 Deum
2848 3189 2941 3258 qui
3010 3187 3185 3242 salvat
3235 3196 3516 3257 sperantes
3578 3189 3636 3241 in

2052 3298 2114 3339 se
2140 3283 2241 3349 3’,»
2273 3293 2380 3337 etc.
2410 3284 2465 3338 Si
2499 3281 2774 3336 interfecit
2803 3296 2898 3335 eos
2942 3280 3121 3335 omnis
3155 3295 3424 3351 synagoga
3479 3279 3634 3350 (ὅθ),

2054 3379 2268 3432 videtur
2304 3377 2387 3430 illa
2441 3374 2624 3444 opinio
2660 3373 2908 3437 refutari,
2942 3372 3010 3425 de
3039 3387 3144 3442 qua
3176 3388 3337 3443 supra
3370 3372 3634 3432 diximus,

2053 3470 2347 3523 secundum
2377 3466 2705 3533 Jeremiam,
2757 3464 2901 3533 quod
2948 3464 3048 3533 ipsi
3083 3472 3268 3518 essent
3326 3463 3635 3532 presbyteri

2053 3560 2205 3614 Aliab
2233 3570 2288 3613 et
2314 3557 2572 3613 Sedecias
2592 3598 2605 3622 ,
2628 3556 2733 3612 nisi
2762 3556 2902 3611 forte
2927 3557 3029 3610 hoc
3052 3554 3197 3624 quod
3220 3543 3481 3623 scriptum
3507 3564 3593 3607 est
3618 3572 3634 3609 :

2061 3652 2492 3707 «lutet-fecerunt
2514 3665 2661 3715 eos,»
2691 3650 2771 3705 sic
2810 3649 3230 3718 interpretemur
3262 3661 3360 3716 pro
3389 3662 3455 3701 eo
3488 3649 3635 3715 quod

2051 3756 2157 3809 est,
2188 3745 2300 3814 regi
2330 3742 2618 3814 Babylonis
2648 3741 2977 3797 occidendos
3007 3740 3365 3795 tradiderunt.
3396 3737 3552 3793 Sicut
3580 3750 3637 3792 ct

2053 3853 2152 3894 nos
2180 3838 2430 3902 dicimus,
2462 3835 2606 3907 quod
2637 3833 2806 3890 Judaei
2852 3834 3229 3889 interfecerint
3254 3832 3590 3887 Salvatorem
3616 3850 3631 3896 ;

2053 3947 2160 3988 non
2213 3946 2322 4001 quo
2383 3930 2487 4000 ipsi
2539 3928 2939 4001 pereusserint,
2999 3929 3097 3982 sed
3154 3940 3259 3995 quo
3310 3923 3636 3979 tradiderint

2051 4023 2402 4079 occidendum
2434 4031 2489 4079 et
2530 4023 2932 4079 succlamantes
2966 4018 3242 4074 dixerint:
3340 4013 3634 4085 Crucilige,

2052 4116 2308 4187 crucifige
2340 4112 2535 4170 eum“.
2916 4100 2919 4105 I

2130 4228 2149 4261 ι
2183 4208 2395 4264 IIelcias
2424 4220 2603 4263 autem
2647 4215 2702 4262 et
2746 4219 2883 4260 uxor
2910 4204 3026 4272 ejus
3065 4203 3422 4256 laudaverunt
3461 4201 3632 4254 Deum

2053 4317 2149 4371 pro
2194 4302 2298 4355 tilia
2324 4318 2420 4355 sua
2455 4300 2709 4354 Susanna
2741 4297 2810 4362 ⁸⁵,
2854 4316 2874 4349 ι
2906 4307 3013 4353 etc.
3049 4296 3217 4365 Digne
3262 4292 3418 4363 quasi
3455 4294 3631 4347 sancti

368 4391 630 4456 faucium,
660 4390 755 4449 sed
781 4389 1065 4460 pudicitia:
1094 4389 1469 4461 magnitudine
1499 4406 1597 4461 per
1628 4406 1790 4461 quam
1836 4391 1949 4447 cla-
1979 4374 2026 4430 Ῑ)
2054 4393 2276 4446 laudant
2336 4390 2539 4456 Deum;
2589 4405 2694 4443 non
2760 4390 2887 4460 quia
2935 4389 3166 4444 liberata
3226 4395 3311 4441 est
3357 4384 3423 4439 de
3474 4400 3636 4438 manu

370 4483 555 4537 anabat
609 4482 675 4535 ad
728 4480 1042 4538 Dominum.
1095 4482 1250 4538 Unde
1305 4493 1361 4538 et
1423 4492 1611 4539 sancta
1660 4482 1946 4555 Scriptura

366 4572 423 4625 in
468 4570 865 4628 exclamatione
914 4574 1187 4628 seniorum
1245 4588 1353 4628 non
1404 4575 1654 4645 apposuit
1691 4590 1945 4646 magnam

367 4677 578 4717 vocem.
609 4661 871 4731 Sequitur
900 4664 1078 4717 enim:
1109 4681 1128 4713 ‹
1167 4662 1556 4719 Clamaverunt
1587 4672 1644 4719 et
1668 4680 1827 4722 senes
1853 4666 1946 4720 ad-

367 4766 561 4806 versus
593 4752 820 4806 eam".s
886 4770 905 4803 ί
935 4751 1275 4808 Exclamavit
1295 4762 1478 4808 autem
1516 4752 1769 4810 Susanna
1803 4770 1939 4811 V008

366 4852 587 4908 magna,
616 4858 635 4891 ι
673 4847 780 4893 etc.
823 4838 1013 4895 Cordis
1046 4839 1289 4907 ati‘eetus,
1310 4852 1365 4896 et
1396 4843 1591 4899 mentis
1632 4860 1767 4915 pura
1809 4860 1941 4901 con-

366 4927 556 4997 fessio,
585 4940 641 4985 et
682 4930 884 4987 bonum
914 4932 1278 5002 conscientiae,
1309 4946 1505 4988 vocem
1536 4933 1656 5003 ejus
1698 4935 1945 4993 fecerant

442 5087 487 5120 "‘
518 5090 654 5145 Dan.
688 5105 809 5152 xm,
840 5089 927 5145 I9.

366 5159 461 5217 46.
537 5160 583 5191 ⁸¹
617 5160 752 5216 Ibid.
791 5159 882 5215 52.

1025 5092 1069 5124 π
1098 5090 1232 5146 Ibid.
1274 5091 1364 5147 2!.
1444 5092 1489 5125 ⁷⁸
1519 5093 1652 5148 Ibid.
1677 5093 1770 5147 22.

963 5161 1008 5193 ⁸⁸
1034 5161 1171 5218 Ibid.
1223 5163 1315 5218 60.
1367 5162 1413 5195 ⁸³
1440 5162 1573 5218 Lue.
1600 5180 1759 5231 χχιιι,
1800 5164 1890 5219 Si.

438 5330 555 5403 (28)
602 5350 621 5383 ι
655 5330 774 5397 Quo
809 5332 976 5396 dicto,
1020 5332 1272 5386 observat
1308 5330 1508 5386 ibidem
1560 5330 1948 5403 Hieronymus,

365 5400 630 5473 Origenes
649 5403 885 5459 ostendit
914 5410 1109 5456 czetera
1152 5416 1361 5473 scunon
1403 5404 1563 5471 juxta
1590 5400 1949 5473 Septuaginta

367 5471 704 5543 Interpretes
754 5473 1097 5543 disseruisse.
1124 5491 1144 5525 ι
1207 5471 1337 5526 Vide
1380 5484 1538 5529 notas
1576 5474 1633 5529 in
1679 5471 1843 5543 epist.
1879 5474 1945 5527 ad

365 5540 705 5606 Africanum,
741 5560 890 5597 nunt.
922 5542 980 5595 2.

438 5611 549 5683 (29)
592 5612 805 5668 Hebrwi
848 5614 1125 5681 reprobant
1176 5614 1451 5668 historiam
1493 5611 1772 5668 Summam.
1808 5611 1947 5669 Vide

363 5680 634 5741 Mo‘uitum
662 5683 730 5740 ad
761 5680 1005 5742 AfriCaui
1047 5694 1102 5744 ct
1130 5685 1379 5757 Origenis
1408 5684 1707 5755 ἀμοιϐαίας
1739 5685 1946 5756 episto-
1985 5741 1991 5746 ,

1854 5094 1898 5126 ⁷⁷
1929 5093 2066 5149 Ibid.
2094 5093 2186 5149 25.

2054 4485 2495 4554 presbyterorum
2528 4484 2797 4548 Susanna,
2834 4485 2937 4538 hoc
2974 4485 3119 4537 enim
3147 4497 3252 4536 non
3284 4482 3418 4535 satis
3445 4479 3636 4533 lauda-

2054 4577 2164 4630 bile
2180 4586 2287 4641 est,
2307 4591 2405 4630 nec
2430 4576 2611 4645 magni
2634 4575 2989 4640 discriminis,
3011 4575 3054 4629 si
3087 4590 3191 4629 non
3211 4583 3355 4629 esset
3382 4572 3633 4640 liberata,

2053 4666 2147 4722 Sed
2183 4667 2308 4733 quia
2352 4682 2458 4720 non
2492 4675 2576 4720 est
2609 4665 2825 4719 inventa
2856 4667 2911 4719 in
2944 4680 3006 4719 ea
3033 4680 3121 4719 res
3157 4664 3349 4731 turpis.

2130 4774 2149 4809 ι
2189 4758 2492 4826 Statimque
2517 4773 2638 4811 cum
2670 4758 2971 4826 aperuisset
3014 4755 3177 4820 ostia,
3218 4753 3489 4824 aspiciens
3541 4770 3634 4809 rex

2051 4866 2213 4919 super
2243 4865 2505 4917 mensam,
2529 4850 2856 4904 exclamavit
2881 4863 3011 4903 voce
3039 4862 3270 4918 magna:
3303 4844 3531 4916 Magnus
3553 4863 3635 4909 es,

2051 4939 2166 5006 Bel,
2191 4950 2377 4995 etnon
2408 4950 2492 4995 est
2520 4942 2661 5009 apud
2695 4950 2745 4996 te
2785 4940 2922 4995 ullus
2975 4939 3129 4994 dolus
3160 4938 3228 4996 ⁸⁸.
3274 4956 3293 4990 ι
3331 4935 3447 4992 Iloc
3488 4936 3633 5004 quod

2270 5094 2316 5125 ⁷⁸
2344 5092 2479 5147 Ibid.
2510 5097 2600 5149 *ιζ-ί.
2691 5097 2735 5128 ’⁷³
2768 5094 2902 5149 Ibtd.
3009 5096 3054 5126 °°
3084 5096 3220 5152 Ibid.
3250 5091 3340 5147 45.
3411 5091 3454 5123 ⁸⁸
3496 5091 3631 5151 Ibid.

1962 5165 2010 5196 ⁸⁵
2041 5166 2177 5220 Dan.
2207 5180 2324 5230 am,
2361 5167 2449 5218 υἱ).
2523 5168 2570 5198 ⁸⁸
2603 5165 2737 5220 Dan.
2780 5182 2893 5232 xiv,
2922 5164 3010 5220 I7.

2052 5334 2154 5395 Ias,
2183 5343 2237 5388 et
2266 5340 2418 5403 notas
2450 5336 2517 5386 ad
2545 5341 2847 5399 utramque.
3226 5397 3231 5403 _

2122 5404 2236 5474 (50)
2267 5402 2328 5457 Si
2353 5403 2611 5471 interfecit
2661 5397 2754 5457 eos
2777 5403 2958 5474 gemui:
2988 5397 3271 5474 synagoga,
3293 5408 3399 5474 etc.
3426 5397 3630 5474 Confer

2048 5468 2197 5529 hunc
2219 5468 2411 5527 locum
2441 5468 2563 5527 cum
2592 5489 2739 5527 nmn.
2768 5472 2801 5527 8
2836 5472 3077 5540 epistola:
3098 5468 3351 5538 Origenis
3379 5472 3445 5522 ad
3470 5468 3626 5540 Atri-

2048 5560 2265 5606 canum,
2297 5544 2385 5596 ubi
2416 5551 2603 5597 contra
2656 5538 3013 5599 Wetstenium
3065 5540 3328 5610 probatur
3355 5538 3627 5610 duplicem

2045 5613 2219 5669 fuisse
2262 5615 2500 5668 historia:
2532 5613 2791 5669 Susanna:
2837 5609 3142 5668 versionem
3179 5609 3450 5676 Grtncam,
3486 5609 3627 5665 alte-

2048 5700 2166 5743 ram
2195 5685 2263 5741 ab
2294 5684 2467 5739 altera
2502 5685 2657 5753 longe
2688 5685 2980 5741 diversam.
