3952 6144
368 217 478 273 105

361 336 645 409 Scriptl’tra
689 362 837 407 nunc
882 355 1042 418 dicit:
1090 383 1108 417 ι
1149 366 1463 428 Exclamavi

1356 251 1446 308 EX
1488 258 1808 324 ORIGENIS
1845 271 2067 329 LlBRlS
2102 277 2555 352 STROMATUM.

1415 386 1489 432 vit
1515 396 1645 439 voce
1668 401 1877 457 magna,
1915 409 1932 441 ι
1968 398 2011 453 Α
2044 403 2265 465 reperiri

3510 333 3607 386 106

2275 443 2286 457 .
2321 406 2470 473 Quod
2506 413 2674 470 solvet
2724 418 2879 478 facile
2935 429 3023 496 qui
3057 422 3194 489 hanc
3223 437 3504 498 historiam
3547 450 3599 502 in

2038 486 2178 544 libro
2214 494 2448 555 Daniclis
2473 509 2613 573 apud
2640 508 2892 571 Hebraeos
2924 523 3117 578 dixerit
3146 543 3250 583 non
3300 533 3512 590 haberi.
3542 538 3596 595 Si

2035 580 2155 646 quis
2183 595 2361 642 autem
2388 600 2622 660 potuerit
2648 616 2764 658 eam
2791 613 3092 679 approbare
3120 632 3241 676 esse
3275 623 3341 679 de
3361 640 3594 694 canone,

2036 676 2161 725 tunc
2193 683 2540 741 quaerendum
2568 699 2651 744 est
2676 694 2802 762 quid
2909 706 3233 773 respondere
3276 712 3589 774 debeamus.

974 964 1072 1038 ω
1108 959 1219 1026 EX
1251 968 1559 1038 DECIMO
1588 979 2093 1057 STROMATUM
2123 999 2499 1073 ORIGENIS
2534 1016 2772 1083 LIBRO
2804 1025 2949 1106 (31).

406 1123 467 1178 in
494 1126 611 1183 haec
636 1133 800 1190 verba
829 1137 1079 1210 Epistolas
1108 1150 1173 1205 ad
1201 1154 1419 1215 Galatas
1447 1180 1564 1234 cap.
1591 1185 1641 1233 ν,
1678 1187 1730 1225 v.
1764 1176 1830 1230 l5
1859 1200 1869 1233 ;
1916 1179 2013 1238 Vos

1411 1252 1704 1314 libertatem
1734 1264 1787 1319 in
1822 1272 2147 1329 occasionem
2177 1285 2326 1336 carni
2359 1286 2510 1343 detis.

399 1392 648 1454 Difﬁcilis
675 1402 825 1462 locus
853 1421 957 1476 est,
987 1423 1040 1471 et
1073 1418 1144 1473 ita
1183 1424 1340 1481 nobis
1372 1430 1718 1494 disserendas
1750 1442 1901 1498 vide-

321 1489 433 1538 tur.
468 1487 571 1552 Qui
607 1490 747 1549 liber
776 1509 877 1562 est,
913 1511 966 1557 et
994 1506 1171 1563 altiori
1198 1526 1358 1570 sensu
1387 1522 1726 1589 spiritum,et
1752 1534 1897 1586 veri-

318 1581 499 1630 tatem
530 1584 794 1653 sequitur,
823 1598 1190 1659 praecedentes
1221 1614 1275 1659 et
1320 1581 1473 1679 typos
1501 1622 1801 1676 contemnit
1840 1632 1894 1679 et

322 1664 576 1725 litteram
607 1689 620 1723 τ
649 1691 752 1731 non
782 1680 986 1741 idcirco
1029 1692 1188 1746 debet
1232 1696 1468 1756 minores
1513 1705 1811 1777 despicere,
1837 1724 1892 1769 et

307 1762 668 1818 occasionem
703 1770 831 1824 dare
863 1774 949 1832 his
991 1780 1082 1847 qni
1110 1798 1214 1837 non
1246 1799 1471 1855 possunt
1496 1798 1701 1854 sentire
1730 1802 1892 1858 subli-

305 1848 486 1915 mius,
517 1853 582 1906 de
607 1870 667 1912 se
713 1864 927 1927 penitus
954 1868 1294 1937 desperandi.
1324 1878 1475 1937 Licet
1513 1888 1655 1942 enim
1685 1892 1882 1950 infirmi

300 1938 416 1992 sint
447 1954 511 1996 ct
534 1959 660 2001 caro
686 1960 1091 2024 comparatione
1122 1967 1344 2035 spiritus
1373 1976 1727 2046 appellentur,
1752 2000 1883 2042 caro

302 2036 499 2084 tamen
535 2035 732 2093 Christi
779 2054 926 2100 sunt.
964 2047 1020 2103 Si
1066 2054 1212 2109 enim
1265 2059 1516 2133 intelligit
1560 2074 1878 2140 mysterium

302 2118 568 2140 ,ιη-τη..
648 2126 659 2138 .
712 2129 738 2140 ,.
834 2133 846 2140 .
920 2136 952 2140 __

1438 2118 1468 2133 υ
1506 2118 1511 2119 ,
1560 2118 1875 2140 __J---.......

296 2118 600 2179 charitatis
646 2126 1038 2193 infirmioribus
1096 2147 1415 2216 servientis,
1464 2154 1627 2213 faciat
1674 2163 1875 2232 aliquid

292 2221 536 2278 propter
569 2215 849 2280 infirmos:
883 2240 950 2279 ne
1006 2230 1291 2292 inscientia
1319 2256 1415 2296 sua
1465 2244 1636 2303 frater
1667 2266 1870 2323 pereat,

291 2313 395 2365 pro
451 2318 566 2372 quo
598 2306 845 2367 Christus
893 2326 977 2373 est
1026 2337 1291 2382 mortuus.
1349 2331 1645 2402 Diligenter
1690 2342 1871 2413 itaque

286 2394 529 2449 attende
550 2436 564 2460 ,
603 2413 669 2451 an
701 2415 764 2454 ex
794 2415 1248 2477 consequentibus
1278 2434 1467 2478 sensus
1500 2427 1601 2482 iste
1636 2439 1866 2489 texetur.

288 2496 307 2528 t
355 2480 502 2550 Vos,
536 2486 732 2556 inquit,
767 2491 984 2561 fratres,
1017 2500 1069 2552 in
1104 2501 1407 2563 libertatem
1435 2519 1609 2572 vocati
1635 2522 1804 2587 estis;
1845 2545 1862 2576 ι

1640 2567 1766 2576 __-._
1790 2567 1804 2587 ,
1845 2567 1861 2576 .

279 2567 538 2626 forsitan
573 2576 727 2642 ideo,
762 2582 893 2649 quia
926 2599 1028 2638 non
1067 2602 1256 2647 omnes
1294 2601 1634 2659 vocationem
1670 2623 1867 2678 capere

274 2668 559 2725 poterant
611 2666 897 2725 libertatis.
929 2674 1175 2745 .Propter
1230 2689 1373 2754 quod
1420 2706 1565 2748 nunc
1615 2700 1860 2758 auditis:

282 2766 302 2798 ι
335 2748 586 2806 Tantum
606 2757 999 2817 nelibertatem
1036 2767 1088 2820 in
1114 2776 1450 2834 occasionem
1479 2784 1616 2842 detis
1637 2794 1806 2848 carni.
1837 2815 1858 2849 ι

275 2836 397 2893 Per
454 2842 801 2903 dilectionem
849 2854 990 2907 enim
1038 2868 1251 2925 oportet
1307 2869 1610 2931 minoribus
1655 2884 1859 2940 servire

276 2931 562 3001 majores;
598 2939 723 3005 quia
758 2942 853 3009 qui
898 2946 1011 3001 vult
1053 2962 1174 3005 esse
1206 2956 1414 3027 major,
1464 2967 1568 3020 erit
1612 2976 1852 3030 omnium

275 3033 480 3077 servus
528 3025 594 3078 ⁸⁷.
650 3028 844 3101 Neque
888 3051 1016 3107 ergo
1062 3025 1361 3109 spiritualis
1399 3052 1603 3113 laceret
1651 3063 1849 3121 Christi
1880 3073 1921 3131 C

273 3126 501 3181 carnes,
534 3134 706 3190 neque
734 3132 1078 3189 occasionem
1105 3136 1214 3192 illis
1234 3142 1439 3199 tribuat
1472 3157 1526 3202 ut
1562 3165 1621 3207 se
1644 3169 1850 3213 remor-

272 3204 441 3259 deant
490 3225 874 3278 provocantem
899 3262 914 3286 ,
970 3241 1037 3280 ne
1063 3227 1130 3281 ab
1179 3230 1407 3290 invicem
1435 3253 1843 3303 consumantur.

276 3293 506 3365 Oportet
542 3317 671 3374 ergo
702 3312 894 3378 spiritu
935 3320 1336 3390 ambulantem,
1373 3339 1428 3384 et
1469 3332 1660 3401 spiritu
1697 3336 1845 3393 Seri-

274 3397 559 3453 pturarum
594 3400 755 3454 verba
792 3414 1091 3464 sectantem
1114 3453 1129 3479 ,
1162 3430 1267 3469 non
1315 3423 1579 3486 perficere
1627 3427 1844 3485 deside-

270 3479 409 3534 r'ium
462 3488 647 3543 carnis
703 3507 914 3555 earum.
966 3499 1023 3555 Si
1056 3513 1233 3562 autem
1268 3510 1372 3567 hoc
1424 3519 1565 3584 quod
1602 3521 1838 3580 dicitur:

273 3588 289 3620 t
326 3570 536 3643 Spiritu
570 3580 861 3651 ambulate,
891 3598 944 3643 et
973 3591 1299 3654 desiderium
1345 3607 1529 3661 carnis
1572 3625 1680 3665 non
1722 3629 1841 3683 per-

495 3669 541 3683 ο-
695 3675 705 3683 -
806 3677 836 3683 --
881 3679 891 3683 -

1722 3661 1807 3683 τ-.

266 3661 462 3721 ficictis
494 3669 542 3700 ⁸⁸
591 3691 611 3724 ι
662 3675 980 3745 simpliciter
1026 3684 1411 3760 intelligimus,
1466 3707 1525 3752 ut
1587 3702 1835 3775 plerique

264 3756 628 3827 arbitrantur,
659 3777 847 3823 contra
879 3756 1255 3844 argumentum
1293 3793 1344 3838 et
1388 3786 1711 3858 hypothesln
1753 3806 1835 3851 to-

267 3847 371 3903 tius
397 3851 675 3924 Epistolae,
695 3860 749 3914 in
781 3861 894 3920 hate
911 3868 1091 3924 subito
1126 3870 1323 3930 Paulus
1347 3891 1615 3951 erumpet;
1644 3889 1828 3943 statim

262 3941 458 4014 quippe
489 3953 780 4020 sequitur:
821 3975 841 4008 ι
884 3956 941 4013 Si
973 3969 1150 4017 autem
1187 3967 1379 4036 spiritu
1410 3972 1689 4044 ducimini,
1718 3996 1825 4035 non

262 4035 387 4087 estis
423 4039 530 4093 sub
566 4042 683 4112 lege
708 4045 869 4101 ".iEt
891 4065 1010 4104 cum
1041 4054 1146 4108 huc
1172 4035 1341 4125 usque
1378 4062 1555 4131 aliqua
1586 4083 1649 4121 ex
1671 4082 1823 4137 parte

260 4121 355 4176 sibi
386 4140 570 4184 sermo
603 4134 906 4204 cobazreat,
942 4157 1155 4196 rursum
1189 4147 1235 4199 si
1288 4150 1587 4217 simplicem
1626 4158 1821 4214 intelli-

257 4215 490 4277 gentiam
525 4236 842 4291 sequamur,
875 4232 941 4284 ad
969 4232 1275 4288 inordinata
1302 4251 1522 4306 repente
1552 4259 1815 4318 praecepta

258 4318 348 4358 nos
374 4312 660 4380 transfert,
688 4316 755 4370 de
784 4333 948 4376 carne
977 4334 1031 4377 ct
1057 4326 1250 4393 spiritu
1288 4329 1582 4401 disserens,
1610 4339 1661 4391 id
1691 4352 1774 4394 est
1799 4360 1811 4395 ε

265 4408 280 4440 ο
310 4393 589 4456 Manifesta
610 4416 787 4461 autem
818 4420 943 4467 sunt
967 4430 1129 4483 opera
1164 4426 1347 4481 carnis
1382 4425 1467 4479 illa
1494 4438 1550 4481 et
1574 4429 1664 4484 illa
1688 4432 1753 4480 9°.
1787 4451 1806 4484 ι
1846 4404 1888 4456 υ

256 4480 311 4535 Εῑ
334 4501 363 4540 e
393 4495 713 4549 contrario:
750 4516 767 4549 t
804 4500 1034 4560 Fructus
1063 4522 1242 4567 autem
1270 4516 1495 4584 spiritus
1519 4528 1602 4574 est
1627 4520 1809 4576 chari-

259 4580 328 4627 tas
345 4577 410 4643 ",
444 4602 462 4633 ι
500 4593 553 4636 et
582 4586 802 4657 reliqua.
827 4591 931 4649 Sed
959 4613 1135 4669 neque
1168 4603 1219 4656 in
1252 4605 1335 4660 his
1360 4612 1804 4678 consequentiam

255 4660 533 4732 desperare
579 4680 878 4737 debemus:
911 4688 1035 4754 quia
1073 4706 1237 4759 opera
1287 4701 1468 4753 carnis
1499 4702 1802 4759 divinorum

257 4760 573 4820 voluminum
600 4768 825 4826 historia
851 4779 1128 4849 continet;
1163 4800 1268 4839 non
1303 4788 1455 4843 valde
1483 4804 1576 4846 eos
1604 4792 1801 4860 juvans

256 4848 430 4911 quisic
455 4871 581 4911 eam
627 4859 971 4934 intelligunt,
1017 4880 1074 4923 ut
1106 4874 1309 4944 scripta
1354 4888 1456 4933 est.
1488 4881 1620 4949 Quis
1654 4886 1797 4939 enim

2046 1190 2180 1241 enim
2210 1193 2262 1246 in
2287 1195 2578 1256 libertatem
2604 1211 2773 1262 vocati
2793 1214 2935 1279 estis,
2968 1218 3191 1289 fratrea;
3217 1236 3420 1286 tantum
3447 1250 3511 1291 ne

2011 1454 2316 1524 vocabitur,
2354 1463 2444 1531 qui
2479 1472 2795 1538 sanguinem
2826 1485 3101 1538 taurorum
3139 1501 3190 1543 et
3218 1503 3442 1552 cmteras
3468 1500 3572 1559 Le—

2006 1540 2151 1597 vitici
2183 1547 2430 1608 victimas
2464 1570 2570 1611 non
2609 1562 2727 1629 plus
2750 1580 2910 1633 quam
2939 1576 3078 1641 quod
3111 1578 3164 1632 in
3197 1582 3374 1640 littera
3409 1605 3568 1648 sonat

2003 1638 2271 1696 putaverit
2342 1642 2643 1703 indicare?
2705 1653 2857 1721 Quod
2925 1674 3103 1720 autem
3156 1671 3470 1735 inimicitias
3511 1684 3562 1737 in

1997 1734 2187 1790 aperto
2232 1731 2437 1795 positus
2481 1736 2774 1808 Scriptura:
2822 1764 3005 1808 sermo
3036 1758 3245 1829 doceat,
3278 1778 3331 1822 et
3363 1785 3429 1825 ex
3460 1775 3563 1832 hoc

2000 1811 2041 1832 l-
2060 1822 2129 1832 --ι
2173 1830 2178 1832 -
2262 1820 2274 1832 ¹
2584 1830 2618 1832 —

3084 1811 3245 1829 ,1“,
3279 1811 3331 1822 ν.
3364 1811 3429 1825 ν-
3460 1811 3559 1832 ..υυ

1997 1811 2129 1868 loco‘
2157 1820 2420 1885 probatur
2457 1843 2473 1880 :
2522 1847 2540 1879 ι
2578 1830 2712 1886 Filia
2748 1836 3036 1911 Babylonis
3086 1852 3280 1910 misera
3320 1878 3334 1926 ;
3371 1863 3559 1923 beatus

1995 1906 2084 1972 qui
2135 1910 2402 1966 retribuet
2453 1917 2547 1972 tibi
2585 1906 2998 1988 retributionem
3047 1956 3207 2009 quam
3255 1955 3553 2013 retribuisti

1993 1995 2171 2050 nobis.
2200 1999 2397 2059 Beatus
2437 2009 2530 2076 qui
2560 2015 2801 2084 tenebit,
2829 2031 2882 2075 et
2908 2025 3094 2083 allidet
3133 2041 3386 2099 parvulos
3432 2055 3552 2104 tuos

1988 2086 2055 2138 ad
2086 2097 2296 2156 petram
2324 2093 2405 2161 ";
2440 2116 2459 2149 ι
2489 2102 2664 2157 exillo
2691 2128 2702 2161 :
2735 2126 2753 2159 ι
2782 2112 2838 2165 In
2870 2121 3131 2177 matutino
3162 2127 3547 2194 interficiebam

1985 2188 2174 2233 omnes
2200 2194 2517 2248 peccatores
2552 2200 2707 2250 terrae
2730 2197 2798 2266 “,
2833 2221 2851 2253 ι
2894 2218 2948 2261 et
2977 2220 3167 2269 caetera
3195 2217 3278 2274 his
3304 2224 3501 2281 similia
3530 2251 3544 2286 :

1989 2266 2042 2286 ,ιΔ
2078 2283 2123 2286 -κ
2177 2280 2188 2286 -
2274 2275 2305 2286 --
2385 2279 2417 2286 ··
2575 2285 2584 2286 ί

1982 2266 2046 2320 de
2069 2275 2503 2336 contentionibus
2538 2285 2811 2357 videlicet,
2844 2301 3208 2371 annulatione,
3241 2312 3352 2379 ira,
3390 2320 3541 2386 rixis,

1982 2355 2402 2386 .licc-..-:-..:t-._-
2472 2370 2490 2386 Α
2526 2372 2539 2386 ι
2785 2382 2795 2386 -

2798 2355 2805 2357 ,
3052 2355 3208 2371 μν--νι
3241 2355 3352 2379 --υιν
3390 2355 3541 2386 ιιι-’δν

1980 2355 2424 2422 dissensionibus.
2460 2370 2539 2426 Ad
2566 2392 2703 2444 qute,
2752 2382 2795 2436 si
2829 2401 2935 2441 non
2972 2392 3138 2450 altius
3189 2400 3386 2472 aliquid
3416 2424 3542 2463 sen-

1981 2445 2171 2472 αξη-ευμ-
2267 2470 2288 2472 μ
2317 2470 2324 2472 Α
2343 2471 2350 2472 ί

3034 2445 3135 2450 ”__
3189 2445 3386 2472 ...,Ὶ‹ιι1.ι
3416 2445 3533 2463 σιη-

1981 2445 2213 2514 tiamus,
2265 2470 2562 2523 provocant
2618 2483 2714 2523 nos
2764 2480 2939 2545 magls
2992 2482 3231 2545 historiae
3286 2502 3533 2568 exempla

1981 2546 2136 2568 ηιιαηι
2182 2545 2472 2568 λιι-λιτὶ--.
2527 2551 2565 2568 ﬂ

1977 2546 2137 2600 quam
2180 2545 2496 2608 prohibent.
2526 2551 2769 2615 Hmreses
2798 2578 3011 2637 quoque
3040 2579 3208 2646 magis
3238 2583 3303 2637 de
3332 2545 3535 2646 carnrali

1978 2620 2155 2646 ρηεμλ
2322 2637 2334 2646 ,
2388 2645 2392 2646 ,

2812 2620 2828 2631 _
2920 2620 3008 2637 Γ-
3040 2620 3208 2646 ..η-ο...
3238 2620 3303 2637 υν
3332 2620 3534 2646 ιαιιιαιι

1977 2620 2274 2695 Scriptura:
2321 2637 2683 2709 intelligentia
2719 2666 2881 2718 quam
2929 2667 2993 2715 de
3029 2680 3190 2733 opere
3229 2677 3409 2733 carnis
3436 2698 3534 2734 no-

1973 2721 2132 2782 strae,
2181 2735 2235 2775 ut
2265 2726 2481 2793 plurimi
2514 2740 2812 2809 aestimant,
2864 2751 3246 2817 substiterunt.
3284 2764 3392 2822 Nec
3426 2788 3528 2827 non

1973 2808 2226 2869 invidiam
2256 2828 2311 2873 et
2339 2822 2628 2885 ebrietates
2674 2849 2775 2904 per
2810 2842 2944 2909 legis
2975 2844 3208 2905 litteram
3247 2857 3523 2921 discimus.

1973 2896 2195 2921 .MLJJ
2304 2909 2347 2921 -.

2674 2896 2688 2904 -
2861 2896 2890 2909 υ
2929 2896 2936 2898 ν
2998 2896 3208 2905 νγ-------
3248 2896 3523 2921 υΙδυΙιΙΙυθ.

1964 2896 2270 2962 luebriatur
2301 2909 2413 2968 Noe
2459 2932 2578 2985 post
2624 2925 2900 2995 diluvium,
2936 2944 2990 2987 et
3022 2941 3347 3005 patriarchae
3385 2960 3525 3021 apud

1965 2987 2185 3021 (pot-um
2229 2997 2402 3021 I---—'
2456 3009 2466 3018 '
2556 3011 2597 3021 "‘
2798 3020 2801 3021 '

2888 2987 2900 2995 ,
3022 2987 3344 3005 ,πωνηυυ
3385 2987 3413 3005 α
3458 2987 3521 3010 uu

1962 2987 2186 3049 fratrem
2220 2997 2419 3071 Joseph
2453 3009 2504 3062 in
2532 3011 2768 3085 Egypto
2790 3020 2855 3075 ".
2887 3023 2990 3077 Sed
3020 3037 3072 3082 et
3103 2987 3521 3103 comessatiobes

2676 3080 2691 3084 _
3028 3080 3071 3082 ,-
3109 3080 3518 3103 -.........,........ts

1957 3080 2011 3136 in
2047 3082 2357 3157 Regnorum
2383 3096 2525 3154 libro
2556 3106 2772 3175 scriptae
2811 3124 2935 3168 sunt
2974 3117 3054 3185 ⁹⁶;
3096 3124 3326 3186 saltante
3351 3134 3518 3191 David

1954 3182 2009 3226 εί
2032 3188 2391 3251 concrepante
2414 3196 2679 3260 lYmpanis
2702 3214 2887 3259 coram
2910 3222 3035 3264 arca
3058 3220 3364 3278 testamenti
3389 3225 3477 3281 Dei
3501 3248 3513 3294 ;

1954 3275 2003 3294 ΔΙ
2036 3266 2114 3294 ..ἔα
2149 3271 2338 3294 ..2-..ειε-
2403 3278 2441 3294 Λ
2565 3286 2575 3294 .

3389 3266 3512 3294 νυ..

1952 3275 2007 3319 et
2035 3266 2116 3323 his
2148 3271 2369 3331 similia.
2399 3278 2675 3346 Quaeritur
2701 3299 2968 3359 quomodo
2997 3303 3063 3355 ad
3089 3309 3345 3366 veneficia
3375 3326 3428 3370 et
3447 3324 3512 3372 ad

1951 3358 2226 3418 maleﬁcas
2271 3377 2419 3425 artes
2463 3373 2693 3445 simplex
2741 3383 3033 3455 Scriptura:
3078 3396 3272 3455 divina:
3304 3419 3507 3476 sermo,

1951 3447 2033 3476 an:
2086 3450 2281 3476 A:-:.-._
2343 3474 2383 3476 -κ

2862 3447 2877 3455 _
3089 3447 3127 3450 π-
3148 3447 3272 3455 .---ι-υ
3304 3447 3381 3460 uva
3399 3447 3507 3476 Ιιιυ.

1945 3447 2034 3512 qui
2083 3450 2282 3509 dicitur
2333 3474 2495 3528 caro,
2541 3483 2641 3522 uos
2688 3486 2984 3543 provocet,
3032 3486 3136 3539 nisi
3169 3492 3235 3545 ad
3265 3493 3508 3559 ejusdem

1945 3535 2122 3559 Q-_!_-
2336 3552 2346 3559 ‘
2386 3553 2395 3559 ‘

2688 3535 2703 3539 -
2972 3535 2983 3543 ι
3053 3535 3061 3536 ί
3094 3535 3136 3539 *-
3170 3535 3234 3545 νιν-
3267 3535 3506 3559 νδυυυυιιι

1943 3535 2240 3608 Scriptura;
2266 3552 2518 3615 spiritum
2552 3567 3018 3624 Iranscendamus.
3052 3575 3185 3631 Puto
3207 3581 3306 3636 hoc
3336 3586 3506 3656 signi-

1943 3625 2103 3656 Ωιι-...ιι
2138 3636 2296 3656 .l__!-,
2337 3641 2375 3656 τι
2457 3645 2467 3656 ο
2508 3646 2519 3656 ι

3057 3625 3064 3626 ,
3101 3625 3181 3631 .._-
3208 3625 3306 3636 ..-ν
3336 3625 3504 3656 ωδ...-

1941 3625 2105 3686 ﬁcare
2129 3636 2307 3711 decies
2336 3641 2608 3701 Danielem
2640 3662 2693 3703 et
2727 3664 2836 3710 tres
2866 3674 3064 3725 pueros
3091 3671 3281 3738 magis,
3314 3675 3504 3732 incan-

1939 3722 2205 3780 tatoribus
2233 3738 2287 3783 et
2313 3730 2616 3793 Gazarcnis
2647 3751 2811 3811 atque
2844 3722 3111 3810 Cbaldteis
3145 3762 3501 3829 sapientiores

1936 3823 2216 3882 repertos,
2271 3831 2322 3874 et
2371 3825 2604 3896 Moysem
2657 3838 2804 3889 omni
2849 3843 3113 3908 sapientia
3159 3862 3212 3905 et
3252 3856 3495 3914 doctrina

1930 3902 2311 3976 «Egyptiornm
2370 3920 2662 3977 eruditum.
2716 3926 3002 3987 Multorum
3056 3952 3185 4010 ergo
3231 3951 3493 4005 tnalorum

1927 3999 2143 4052 occasio
2170 4010 2252 4055 est
2278 4042 2290 4066 ,
2322 4006 2366 4058 si
2402 4010 2522 4077 quis
2553 4013 2603 4065 in
2636 4015 2932 4086 Scripturae
2958 4042 3122 4084 carne
3153 4048 3489 4101 permaneat.

1926 4084 2053 4150 Quae
2080 4093 2169 4158 qui
2217 4093 2480 4162 fecerint,
2518 4119 2739 4172 regnum
2777 4110 2868 4165 Dei
2918 4132 3020 4169 non
3069 4136 3489 4196 consequentur.

1926 4175 2024 4196 nr,
2135 4183 2145 4196 _
2380 4190 2389 4196 _
2432 4191 2441 4196 _
2608 4194 2620 4196 _

1924 4175 2281 4242 Quamobrem
2311 4190 2561 4256 Spiritum
2600 4194 2892 4266 Scriptura:
2927 4175 3487 4284 fructusque'quarra-

1924 4281 2061 4330 mus,
2100 4271 2188 4337 qui
2223 4288 2328 4326 non
2361 4277 2756 4339 dicunturesse
2784 4292 3073 4350 manifesti.
3100 4300 3265 4356 Multo
3290 4311 3487 4378 quippe

1924 4355 2100 4378 I_.l.__-
2165 4370 2199 4378 --
2341 4370 2350 4378 ·
2615 4373 2644 4378 ’⁸

3251 4355 3254 4356 ν
3307 4355 3485 4378 ,-,.,.,,.,

1923 4355 2106 4412 labore
2153 4370 2206 4413 et
2252 4370 2451 4419 sudore
2472 4407 2486 4431 ,
2515 4378 2569 4423 et
2596 4373 2757 4443 digno
2783 4379 2928 4433 cultu
2967 4386 3016 4439 in
3048 4388 3343 4461 Scripturis
3371 4402 3485 4455 fru-

1919 4455 2038 4499 ctus
2069 4450 2291 4515 spiritus
2322 4453 2619 4518 invenitur.
2651 4462 2801 4521 Unde
2831 4470 3073 4531 arbitror
3104 4450 3327 4541 Paulum
3362 4492 3482 4547 dili-

1916 4546 2101 4605 genter
2132 4551 2186 4594 et
2220 4555 2377 4600 caute
2408 4548 2473 4603 de
2498 4550 2792 4624 Seripturae
2835 4566 3082 4625 sensibus
3114 4574 3313 4634 dixisse
3358 4600 3478 4637 car-

1916 4627 2164 4685 nalibus:
2203 4653 2220 4685 t
2257 4634 2543 4695 Manifesta
2580 4655 2759 4702 autem
2793 4662 2919 4707 sunt
2948 4671 3108 4726 opcra
3137 4671 3317 4723 t‘arnis
3340 4675 3413 4741 ιη
3449 4697 3467 4729 ,

1916 4716 1974 4741 .l..
2004 4720 2217 4741 -..E_!._,
2239 4725 2288 4741 I'I

2984 4716 2995 4726 ι
3170 4716 3317 4723 "“""
3401 4719 3413 4741 ’
3449 4716 3466 4729 ⁷

1912 4716 1977 4769 de
2002 4720 2376 4788 spiritualibus
2396 4746 2521 4784 vero
2549 4749 2651 4788 non
2679 4748 2735 4791 ut
2760 4740 2831 4793 ibi
2863 4749 3125 4818 posuisse,
3157 4761 3472 4819 manifestus

1906 4821 1987 4860 est
2017 4810 2223 4867 fructus
2254 4819 2495 4887 spiritus,
2528 4826 2620 4878 sed
2653 4828 2765 4883 ita:
2803 4849 2821 4881 ι
2860 4834 3096 4896 Fructus
3132 4857 3311 4903 autem
3355 4858 3465 4923 Spl-

1925 1731 1965 1785 Β

1906 4898 2037 4954 ritus
2065 4940 2080 4965 ,
2126 4914 2209 4957 est
2259 4910 2499 4967 charitas
2528 4955 2543 4980 ,
2583 4921 2859 4988 gaudium,
2892 4943 2990 4994 pax
3022 4933 3195 4999 "Hel
3237 4940 3461 5012 reliqua.

1906 4987 2053 5012 Π..-]
2086 4994 2127 5012 -3
2165 5009 2185 5012 -,
2225 4995 2256 5012 ι·
2301 5000 2331 5012 μ.
2400 5010 2405 5012 .
2490 5005 2502 5012 .
2612 5009 2624 5012 _

1903 4987 2053 5054 Quod
2083 4994 2127 5046 si
2164 4995 2363 5054 relictis
2394 5005 2534 5073 typis
2559 5009 2625 5062 ad
2654 5015 2935 5071 veritatem
2969 5020 3263 5093 Scriptura:
3292 4987 3462 5090 trans-

1901 5093 2088 5137 eamus
2133 5094 2187 5138 et
2237 5090 2525 5162 spiritum,
2570 5102 2754 5157 statim
2803 5108 2959 5164 nobis
3006 5115 3177 5181 prima
3221 5123 3462 5180 charitas

1900 5173 2151 5240 panditur
2177 5194 2190 5242 ;
2223 5189 2276 5233 ct
2302 5182 2368 5236 ad
2393 5188 2644 5253 gaudium
2675 5193 2799 5251 imle
2824 5203 3153 5273 gradientes,
3204 5219 3454 5279 perveni-

1900 5276 2019 5318 mus
2043 5264 2107 5318 ad
2144 5283 2353 5339 pacem,
2382 5290 2478 5343 per
2516 5294 2678 5348 quam
2706 5293 3092 5360 consequimur
3118 5301 3452 5367 patientiam.

258 4948 346 4992 non
370 4946 651 5004 docebitur
671 4957 883 5011 servire
916 4960 1138 5019 luxuriae
1165 4977 1219 5021 et
1250 4969 1663 5028 fornicationem
1699 4977 1795 5029 ha—

258 5028 364 5087 bere
390 5053 483 5107 pro
520 5045 721 5113 nihilo,
751 5064 871 5103 cum
908 5052 1102 5110 Judam
1134 5060 1200 5114 ad
1235 5063 1574 5121 meretricem
1603 5068 1797 5136 legerit

261 5118 630 5193 ingredientem
663 5138 746 5200 ”,
788 5152 842 5195 et
890 5148 1228 5213 patriarchas
1282 5153 1539 5213 habuisse
1600 5160 1794 5237 multas

309 5420 344 5452 ⁸⁷
370 5428 570 5516 Matth“;
593 5438 802 5516 §x,_26,
824 5439 891 5494 27
918 5460 931 5505 ;
966 5443 1129 5500 Marc.
1162 5463 1215 5511 ι,
1240 5449 1329 5516 45,
1356 5452 1444 5507 44.

1520 5454 1885 5552 “commto.
1961 5466 2590 5552 8°l.liitl.“l§_._‘°°lliid.
2642 5484 2726 5540 ις).
2803 5488 3010 5543 “Ibid.
3077 5494 3166 5547 se.
3244 5492 3289 5524 η
3315 5495 3451 5552 Gen.

258 5498 450 5553 uxvm.
526 5505 629 5557 "1’

1808 5509 1885 5518 ..,.
2237 5509 2314 5528 ιυ.
2458 5509 2590 5535 ιυιυ.
2643 5509 2726 5540 Iv.
2803 5509 3010 5543 "tum.
3077 5509 3166 5547 ‘22.
3245 5509 3289 5524 "
3315 5509 3451 5552 lien.

633 5509 729 5560 sal.
768 5526 985 5580 cxxxvt,
1010 5519 1064 5580 δ,
1102 5518 1153 5570 9.
1204 5509 1276 5551 τι
1304 5509 1446 5577 Psal.
1480 5540 1530 5587 ο,
1560 5509 1617 5580 8.
1642 5509 1889 5588 “nec...
1928 5552 2003 5603 Ix,
2036 5540 2125 5593 45.
2202 5542 2309 5596 9σιι
2334 5547 2465 5616 Reg.
2499 5566 2573 5604 Vl.
2606 5628 2611 5631 δ
2646 5554 2690 5584 υτ
2721 5553 2837 5608 Gal.
2875 5574 2922 5621 v,
2955 5562 3038 5615 ιθ.
3103 5565 3150 5595 οε
3178 5560 3313 5618 lbid.
3359 5569 3454 5623 22.

313 5606 403 5680 l5l)
431 5615 615 5673 Exstat
641 5623 803 5677 hocce
827 5624 1180 5694 fragmentum
1215 5638 1352 5704 apud
1385 5636 1765 5710 Hieronymum
1806 5652 1896 5705 lib.
1930 5669 1987 5707 ιιι
2013 5652 2303 5712 (Joannem.
2339 5661 2392 5714 in
2423 5662 2590 5731 Epist.
2623 5672 2688 5719 ad
2720 5669 2897 5725 Galat.
2934 5690 3057 5743 cap.

490 5709 760 5775 Ριιτιιοιι.
800 5719 913 5777 Gn.
959 5720 1065 5781 Χί.

226 5716 231 5722 ’
490 5709 760 5775 Parnm”
800 5719 913 5777 Gn.
959 5720 1065 5781 Χί.
