3952 6144
331 346 422 403 lll

1562 343 1627 397 IN
1665 342 1909 399 LIBROS
1944 343 2101 395 ΠΕΡΙ
2136 342 2363 395 ΑΡΧΩΝ

3464 330 3568 386 H2

333 462 544 513 Avitum
578 470 871 528 prremonet
900 461 1026 528 quid
1062 459 1400 528 petissimum
1435 458 1485 512 in
1520 460 1669 531 hisce
1701 458 2301 531 llln'isgcavendumAsit,
2339 475 2355 506 ι
2393 465 2451 531 ιιι
2478 454 2666 531 sci_as,_
2689 452 2883 523 inquit,
2902 450 3235 531 detestanda
3265 448 3363 531 tibi
3397 447 3457 531 in.
3484 448 3566 528 eis

326 546 448 583 esse
488 516 929 598 quamplurima:
975 540 1027 583 et
1062 516 1213 599 juxta
1253 544 1560 582 sermonem
1608 529 1815 582 Domini
1859 529 2003 582 inter
2035 516 2357 599 scorpiones
2407 516 3017 599 incetlen'dumlunblox
3064 537 3093 573 e
3147 518 3370 599 singulis
3405 516 3564 570 libris

330 600 444 674 loca
479 588 687 674 p'rofcr't
714 615 829 674 qua!
860 588 1092 652 maxime
1124 599 1716 674 repreliensioni-eranl
1744 599 1999 674 obnoxia.
2029 597 2107 674 _Ea
2140 588 2252 674 suis
2292 594 2681 674 quteque'locis
2715 592 2890 645 Rulini
2931 588 3367 674 interpretationi
3404 600 3563 655 repe-

330 670 440 722 ries
479 659 749 737 adjuncta.
794 668 1004 737 Integra
1045 659 1209 736 porro
1252 667 1565 736 Hieronymi
1609 667 1987 735 interpretatio
2024 659 2338 735 jamdudum
2382 659 2578 731 iniuria
2621 672 2921 729 temporum
2963 659 3254 713 intercidit.

342 795 3538 822 mm

1141 979 1685 1105 RUFINI
1765 973 2750 1102 PRESBYTERI

1575 1231 2310 1347 PROLOGUS

661 1470 770 1550 IN
815 1466 1175 1548 LIBROS
1213 1465 1467 1551 ΠΕΡΙ
1503 1460 1868 1548 ΑΡΧΩΝ

1995 1461 2397 1544 RIGENIS
2433 1460 3050 1542 PRESBYTEBI
3102 1447 3248 1531 (θεὴ

374 1749 940 1821 Srioquamplurimos
960 1747 1465 1806 fratrunnscientiae
1484 1748 1886 1818 Scripturarum
1920 1755 1964 1810 Α
1992 1748 2172 1813 citlat,
2212 1756 2272 1802 ut
2302 1748 2349 1801 is
2390 1746 2475 1800 vir
2501 1760 2660 1815 quem
2697 1745 2785 1799 ille
2837 1744 3065 1800 alterum
3117 1753 3235 1814 post
3285 1744 3558 1814 apostolos

318 1842 586 1896 desiderio
617 1850 960 1911 provocatos,
990 1841 1302 1908 p0poscisse
1333 1840 1399 1894 ab
1433 1840 1722 1908 aliquantis
1756 1840 1885 1895 viris

315 1946 369 1986 et
390 1932 699 1987 Gratearum
730 1932 1027 1985 litterarum
1054 1930 1261 2000 peritis,
1299 1941 1354 1984 ut
1375 1928 1659 1999 Origenem
1690 1931 1886 1984 Roma-

318 2042 443 2078 mnn
469 2023 708 2078 facerent
728 2033 781 2076 et
806 2022 1011 2075 Latinis
1034 2022 1255 2075 auribus
1274 2038 1396 2075 eum
1423 2023 1709 2076 donarent.
1740 2020 1886 2077 Inter

316 2132 454 2183 quos
485 2116 646 2168 etiam
685 2114 848 2168 lrater
868 2121 923 2167 et
955 2112 1161 2182 collega
1199 2115 1513 2182 nostcr(35)
1547 2113 1614 2167 ab
1631 2114 1885 2181 episcopo

317 2207 550 2260 Damaso
581 2206 899 2274 deprecatus
928 2243 941 2267 ,
967 2219 1089 2258 cum
1122 2203 1375 2259 homilias
1406 2205 1538 2259 duas
1566 2207 1630 2258 tle
1664 2206 1884 2259 Cautico

317 2296 650 2351 canticorum
683 2296 734 2350 in
766 2294 1017 2349 Latinum
1052 2295 1411 2349 transtulisset
1449 2309 1513 2349 ex
1548 2288 1734 2350 Graeco
1764 2335 1778 2361 ,
1811 2295 1884 2348 ita

316 2389 370 2442 in
407 2388 498 2442 illo
524 2403 685 2457 opere
716 2398 908 2441 ornate
942 2387 1334 2458 magniﬁceque
1368 2386 1626 2456 prmfatus
1671 2396 1755 2441 est
1783 2427 1799 2453 ,
1828 2397 1887 2440 ut

314 2478 489 2532 cuivis
521 2478 725 2547 legendi
754 2478 1040 2543 Origenem
1096 2486 1152 2529 et
1187 2478 1497 2532 avidissime
1538 2477 1883 2547 perquirendi

315 2567 642 2621 desiderium
670 2574 1040 2621 commoveret
1070 2607 1083 2631 ,
1139 2567 1326 2621 dicens
1363 2566 1502 2620 illius
1537 2568 1730 2620 animae
1757 2582 1884 2621 con-

313 2658 502 2712 venire
543 2658 683 2726 quod
719 2657 920 2710 dictum
952 2666 1038 2710 est
1089 2657 1213 2725 quia
1276 2676 1292 2707 ι
1329 2657 1626 2710 introduxit
1655 2657 1765 2727 (3!)
1800 2672 1884 2711 me

316 2763 411 2802 rex
446 2748 500 2800 in
564 2747 868 2803 cubiculum
914 2763 1067 2802 suum
1100 2748 1153 2813 ¹;
1192 2766 1209 2797 ι
1264 2763 1515 2802 asserens
1572 2763 1692 2803 euzn
1740 2754 1881 2817 quod

314 2852 435 2892 cum
473 2838 524 2891 in
560 2839 777 2893 eteteris
824 2838 979 2892 libris
1034 2854 1223 2893 omnes
1258 2840 1479 2903 vincat,
1541 2840 1590 2893 in
1642 2840 1883 2895 Canticis

314 2929 649 2981 canticorum
689 2930 851 2982 etiam
878 2929 994 2996 ipse
1018 2943 1077 2983 se
1104 2928 1310 2982 vicerit.
1359 2929 1647 2985 Pollicetur
1680 2946 1804 2985 sane
1829 2932 1881 2985 in

315 3020 429 3087 ipsa
461 3018 774 3086 praefatione
814 3034 872 3073 se
905 3029 955 3073 et
1017 3021 1159 3088 ipsos
1194 3020 1248 3072 in
1283 3020 1504 3075 Cantica
1547 3023 1881 3076 canticorum

1990 1837 2248 1891 Ecclesia:
2300 1834 2578 1891 doctorem
2627 1834 2868 1889 scientia:
2915 1849 2980 1889 ac
3034 1835 3314 1903 sapientia:
3362 1837 3556 1889 met-ito

1986 1932 2322 1997 comprobat,
2381 1925 2557 1994 inopia
2594 1924 2861 1979 sermonis
2896 1925 3068 1977 nostri
3122 1924 3279 1994 longe
3324 1940 3442 1978 esse
3477 1926 3558 1979 in-

1987 2019 2155 2075 ferior
2177 2018 2445 2074 videatur.
2494 2017 2646 2083 Quod
2679 2031 2778 2085 ego
2801 2030 2943 2085 saepe
2978 2018 3327 2071 considerans
3364 2018 3559 2071 retice-

1986 2114 2132 2174 bam,
2162 2125 2260 2165 nec
2297 2107 2715 2179 deprecantibus
2761 2122 2847 2162 me
2883 2107 3198 2177 frequenter
3234 2109 3285 2161 in
3314 2109 3416 2163 ltoc
3446 2106 3559 2162 l‘ra-

1990 2204 2161 2257 tribus
2192 2201 2501 2256 annuebam
2538 2217 2552 2264 ;
2608 2201 2700 2254 sed
2729 2209 2815 2253 tua
2852 2200 2934 2253 vis
2966 2240 2981 2264 ,
3021 2200 3331 2253 ﬁdelissime
3388 2200 3559 2255 frater

1986 2290 2205 2354 Macari,
2229 2300 2374 2344 tanta
2394 2298 2497 2353 est,
2524 2288 2608 2344 cui
2629 2288 2911 2354 obsistere,
2932 2304 2998 2342 ne
3022 2288 3289 2358 imperitia
3315 2290 3556 2361 quidem,

1986 2391 2187 2451 potest.
2252 2381 2479 2450 Pr0pter
2525 2382 2666 2450 quod
2718 2397 2784 2435 ne
2822 2392 2873 2435 te
2906 2381 3041 2434 ultra
3079 2397 3295 2451 gravem
3338 2392 3559 2452 paterer

1984 2482 2297 2528 exactorem
2329 2516 2342 2539 ,
2404 2473 2570 2527 etiam
2621 2481 2813 2527 contra
2866 2474 3199 2542 propositum
3234 2473 3347 2543 (55)
3379 2489 3555 2528 meum

1985 2567 2142 2632 cessi,
2171 2581 2233 2620 ea
2269 2574 2445 2619 tamen
2482 2565 2596 2633 lege
2631 2574 2793 2636 atque
2824 2581 2888 2619 eo
2914 2565 3024 2637 46
3050 2566 3262 2629 ordine,
3292 2575 3350 2619 ut
3385 2582 3559 2635 quan-

1986 2668 2096 2714 tum
2125 2659 2239 2713 ﬁeri
2268 2666 2464 2728 potest,
2494 2659 2894 2727 interpretando
2917 2674 3114 2726 sequar
3144 2658 3379 2727 regulam
3415 2674 3556 2726 prm-

1982 2766 2263 2807 cessorum
2294 2791 2308 2817 ,
2364 2762 2418 2806 et
2473 2750 2589 2818 ejus
2636 2751 2910 2820 praecipue
2949 2751 3049 2803 viri
3103 2751 3257 2819 cujus
3307 2752 3559 2820 superius

1986 2842 2216 2897 fecimus
2272 2843 2637 2897 mentionem:
2690 2843 2780 2910 qui
2834 2857 2957 2895 cum
2993 2843 3152 2895 .ultra
3210 2845 3555 2913 septuaginta

1984 2933 2194 2989 libellos
2232 2932 2482 3001 Origenis
2532 2946 2672 3001 quos
2704 2933 3051 2987 ltomileticos
3101 2934 3215 3004 (36)
3246 2935 3555 3004 appellavit,

1986 3023 2298 3092 aliquantos
2353 3023 2517 3076 etiam
2570 3022 2637 3076 de
2691 3025 2853 3077 tomis
2886 3025 2937 3077 in
2981 3024 3292 3090 Apostolum
3337 3028 3558 3095 scriptis

316 3110 486 3165 libros
513 3150 527 3174 ,
579 3120 631 3165 et
666 3110 799 3164 alios
849 3112 1280 3181 quamplurimos
1324 3111 1578 3183 Origcnis
1630 3114 1885 3168 Romanis
1918 3095 1959 3154 Β
1991 3113 2355 3168 transtulisset
2400 3114 2450 3167 in
2486 3112 2781 3181 Latinum;
2825 3114 2876 3166 iu
2907 3116 3099 3182 quibus
3126 3131 3247 3170 cum
3282 3117 3556 3186 aliquanta

315 3203 537 3257 auribus
572 3203 914 3271 largiturum.
973 3204 1078 3256 Sed
1114 3203 1199 3256 ille
1226 3247 1240 3268 ,
1292 3213 1350 3256 ut
1400 3204 1590 3271 video,
1653 3205 1705 3257 in
1742 3204 1882 3275 stylo

314 3294 536 3362 proprio
573 3292 788 3362 placens
814 3336 828 3359 ,
869 3310 980 3349 rem
1018 3295 1241 3364 majoris
1276 3296 1458 3364 gloriae
1493 3297 1737 3364 sequitur
1762 3337 1776 3361 ,
1824 3307 1882 3350 ut

313 3395 467 3453 pater
496 3384 647 3439 verbi
702 3387 774 3439 sit
823 3387 1001 3452 potius
1038 3402 1197 3455 quam
1251 3387 1534 3456 interpres.
1602 3386 1710 3442 Nos
1755 3402 1882 3457 ergo

316 3492 430 3531 rem
467 3477 645 3532 abillo
676 3479 891 3548 quidem
933 3488 1166 3547 emptam
1201 3481 1478 3549 sequimur
1508 3480 1878 3548 etprobatam,

314 3574 406 3626 sed
443 3586 548 3625 non
578 3572 748 3639 aequis
782 3570 1106 3639 eloquentiae
1144 3572 1352 3626 viribus
1389 3570 1523 3624 tanti
1558 3571 1654 3623 viri
1689 3586 1883 3625 ornare

314 3678 597 3731 possumus
627 3663 806 3729 dicta;
868 3664 1010 3718 unde
1044 3678 1238 3717 vereor
1282 3678 1348 3717 ne
1400 3663 1530 3717 vitio
1564 3677 1683 3716 meo
1711 3662 1761 3716 id
1793 3676 1883 3715 ac-

389 3754 404 3783 ¹
432 3753 585 3806 Cant.
614 3767 675 3817 ll,
701 3752 755 3804 4.

387 3867 758 3937 (5%)Ex_ltac
805 3867 1125 3935 praefatione
1155 3867 1332 3922 Ruﬁni
1380 3868 1606 3937 ejusque
1651 3879 1884 3937 quatuor

316 3938 453 4004 Περὶ
484 3934 684 4004 ἀρχῶν
726 3934 981 3989 librorum
1012 3934 1452 4004 interpretatione
1491 3934 1682 3992 Latina
1715 3941 1881 3993 semi-

320 4008 531 4060 narium
558 4032 565 4040 -
591 4005 877 4074 discordiae
920 4013 973 4058 et
1020 4006 1205 4074 ingens
1240 4007 1545 4060 incendium
1584 4018 1767 4061 natum
1804 4017 1887 4061 est

315 4091 439 4129 eum
476 4077 617 4128 inter
649 4086 701 4128 et
747 4073 1131 4143 Hieronymum
1165 4092 1179 4139 ;
1240 4077 1305 4128 de
1347 4091 1453 4143 quo
1485 4077 1603 4129 vitle
1634 4077 1883 4129 lluctium

320 4144 771 4216 Origenianorunt
790 4144 926 4216 libro
947 4145 1207 4216 secundo,
1234 4146 1427 4216 capitis
1444 4148 1619 4213 quarti
1645 4147 1887 4200 sectione

316 4214 513 4285 prima,
546 4229 692 4267 num.
714 4214 798 4276 l6,
824 4214 886 4267 l7
916 4223 1138 4283 etseqq.
1170 4214 1387 4267 interim
1414 4229 1605 4269 moneo
1630 4232 1726 4269 nos
1752 4216 1893 4270 hunc

320 4285 604 4353 prologum
635 4292 689 4337 et
716 4294 1030 4351 sequentem
1065 4293 1301 4355 quatuor
1324 4285 1467 4353 Περὶ
1498 4285 1700 4355 ἀρχῶν
1732 4285 1892 4339 libro—

314 4352 435 4408 rum
464 4356 963 4423 interpretationem
993 4352 1288 4409 contulisse
1323 4352 1443 4408 cum
1490 4352 1891 4410 sex'codicibus

316 4426 726 4491 manuscriptis,
758 4440 865 4478 uno
894 4423 1259 4477 Virodunensi
1296 4426 1422 4478 noni
1450 4425 1631 4479 szeculi
1666 4442 1680 4490 ;
1716 4425 1885 4479 altero

315 4492 653 4557 Corbeiensi,
683 4495 809 4548 noni
846 4494 1048 4561 pariter
1070 4495 1253 4547 saeculi
1280 4509 1296 4552 ;
1350 4496 1507 4549 tertio
1529 4496 1838 4550 Colbertiuo
1866 4512 1880 4559 ;

318 4572 516 4629 quarto
574 4561 923 4627 Sorbonico;
981 4563 1170 4629 quinto
1213 4566 1528 4617 monasterii
1584 4566 1649 4619 de
1704 4564 1886 4621 Monte

320 4630 509 4685 Sancti
546 4630 825 4686 Michaelis
873 4632 924 4684 in
961 4631 1212 4684 Periculo
1246 4635 1453 4697 maris;
1504 4644 1655 4688 sexto
1702 4648 1888 4687 mona-

319 4700 471 4771 sterii
527 4701 719 4771 Sancti,
763 4701 994 4771 Remigii
1061 4700 1410 4771 themcnsis.
1476 4703 1715 4771 Denique
1765 4718 1883 4756 cum

319 4770 459 4839 lianc
479 4769 849 4838 praefationem
875 4769 1033 4838 paulo
1058 4769 1368 4839 accuratius
1386 4786 1544 4839 quam
1560 4769 1815 4827 Merlinus
1834 4783 1888 4826 et

318 4836 704 4893 Genebrardus
739 4836 968 4893 ediderit
1003 4839 1252 4893 dominus
1278 4836 1515 4895 Joannes
1543 4842 1887 4896 Martianteus

321 4918 452 4961 tom.
485 4909 548 4981 ιγ
586 4907 1022 4981 ρει-ιείεεειιιιὰε
1069 4922 1177 4981 sua:
1219 4908 1475 4981 editionis
1498 4913 1728 4981 Operam
1760 4912 1888 4966 Ilie-

316 4980 552 5048 ronymi,
585 4992 637 5045 p.
672 4977 799 5043 539,
829 4977 1030 5047 placuit
1065 4978 1227 5031 etiam
1251 4978 1377 5035 inde
1415 4977 1592 5037 varias
1627 4982 1887 5037 lectiones

318 5062 630 5114 excerpere.
1189 5072 1229 5086 -η

392 5117 505 5185 (55)
537 5117 689 5189 Inter
711 5133 839 5185 quos
870 5118 1028 5169 etiam
1066 5118 1233 5185 frater
1260 5136 1308 5175 et
1339 5119 1535 5189 collega
1568 5130 1762 5173 noster.
1795 5118 1888 5174 Sic

318 5202 507 5262 omnes
534 5188 692 5240 codd.
728 5202 856 5241 mss.
900 5196 1092 5256 pra-ter
1128 5188 1503 5262 Remigiauum
1549 5191 1635 5262 ubi
1670 5190 1884 5262 legitur,

322 5256 427 5328 g_in
465 5271 570 5323 quo
601 5295 615 5319 ,
653 5275 671 5306 ι
710 5263 815 5328 etc.
851 5296 866 5319 ,
924 5271 1082 5322 quam
1135 5256 1418 5315 lecti'o'nem
1454 5260 1701 5328 sequitur
1726 5256 1885 5313 etiam

318 5324 687 5377 Martianarus.
745 5326 1027 5393 Perperam
1061 5341 1187 5381 vero
1220 5330 1475 5383 Merlinus
1501 5324 1554 5382 εἰ
1579 5328 1886 5383 Genebrar-

318 5396 420 5469 tlus
447 5414 457 5447 :
516 5413 533 5444 ι
575 5394 718 5469 ln_t_er
748 5410 881 5461 quos
904 5398 1275 5469 etiatnd‘rater
1304 5399 1682 5469 Hieronymus,
1711 5400 1801 5451 sed
1832 5408 1887 5452 et

318 5464 545 5533 collega.
588 5483 607 5512 ›
632 5463 896 5539 Tacu_erat
917 5463 1640 5539 enituRutinusHieronymi
1666 5483 1883 5530 nomen,

321 5540 386 5607 u_t_
436 5532 734 5607 te_s_tant_u_r_
767 5532 1145 5589 Pammachius
1191 5554 1245 5590 et
1291 5532 1549 5593 Oceanus'
1589 5539 1745 5607 epist.
1793 5540 1884 5601 40,

323 5599 454 5677 alias
474 5603 561 5677 667,
588 5605 651 5677 ad
675 5602 1079 5677 Hieronymum.
1106 5625 1123 5656 ι
1149 5607 1289 5661 Sane
1307 5599 1885 5677 subtiliter,i'nquiunt,

325 5673 376 5753 in
414 5674 731 5753 praefatione
755 5675 934 5739 operis
968 5674 1047 5753 sui
1102 5679 1427 5733 mentionem
1475 5680 1637 5733 tacito
1668 5673 1885 5734 nomine

327 5746 427 5791 lnge
461 5746 766 5795 sanctitatis
790 5746 1073 5811 expressit.
1106 5766 1123 5797 ο

1990 3205 2311 3262 οίΐειιιιίειιιέι
2376 3206 2723 3259 inveniantur
2778 3206 2830 3259 in
2886 3205 3120 3270 Grteco,
3190 3208 3261 3260 ita
3317 3209 3560 3264 elimavit.

1988 3298 2169 3352 omnia
2220 3296 2646 3365 interpretando,
2708 3305 2869 3364 atque
2896 3299 3167 3367 purgavit,
3204 3307 3263 3352 ut
3314 3300 3446 3354 nihil
3502 3303 3557 3354 in

1991 3389 2095 3443 illis
2131 3389 2274 3458 quod
2304 3403 2331 3441 a
2377 3388 2478 3442 [ide
2510 3399 2694 3443 nostra
2725 3390 2997 3458 discrepet
3030 3389 3254 3446 Latinus
3284 3391 3451 3445 lector
3478 3394 3558 3445 in-

1989 3481 2189 3534 veniat.
2242 3479 2395 3533 llunc
2426 3493 2556 3547 ergo
2583 3480 2745 3533 etiam
2800 3496 2899 3534 nos
2928 3482 3055 3535 licet
3095 3498 3197 3535 non
3236 3482 3559 3551 eloquentia:

1989 3571 2225 3631 viribus,
2274 3568 2569 3637 disciplinae
2603 3557 2781 3624 tamen
2826 3571 3025 3640 regulis
3061 3572 3173 3641 (57)
3218 3573 3269 3625 in
3298 3582 3554 3641 quantmn

1989 3674 2277 3730 possumus
2306 3698 2321 3722 ,
2370 3659 2692 3728 sequimur,
2727 3660 3079 3716 observantes
3125 3664 3333 3718 scilicet
3378 3678 3443 3717 ne
3493 3679 3556 3717 ea

2061 3865 2174 3937 (34)
2209 3865 2344 3937 Quia
2368 3867 2682 3937 introduxit,
2714 3876 2818 3922 etc.
2880 3867 2992 3923 Vox
3031 3885 3047 3917 ι
3091 3867 3215 3937 quia
3242 3886 3259 3919 ι
3310 3867 3464 3920 deest
3503 3868 3556 3921 in

1990 3936 2247 3992 omnibus
2276 3936 2428 3990 libris
2466 3946 2625 4006 antea
2649 3936 2811 3991 editis
2836 3978 2852 4005 ,
2880 3936 3128 4006 quamvis
3170 3938 3466 4006 reperiatur
3500 3937 3555 3990 iu

1989 4007 2240 4060 omnibus
2291 4020 2423 4059 mss.
2483 4004 2619 4058 Ibid.
2672 4022 2862 4061 omnes
2898 4004 3044 4060 'mss.
3099 4015 3152 4059 et
3187 4005 3554 4071 Martianaeus,

1998 4095 2016 4127 ι
2049 4090 2295 4127 asserens
2311 4090 2431 4128 eum
2458 4075 2598 4143 quod
2627 4091 2749 4129 cum
2894 4077 3056 4130 etiam
3078 4076 3189 4143 ipse
3213 4090 3269 4129 se
3292 4076 3502 4129 vicerit.
3530 4097 3550 4127 ι

1996 4145 2142 4199 Meri.
2171 4155 2223 4197 et
2255 4143 2488 4197 Geuebr.
2529 4182 2545 4208 ,
2583 4162 2602 4195 ι
2625 4160 2869 4199 asserens
2902 4146 3041 4213 quod
3076 4160 3194 4199 cum
3348 4146 3461 4210 ipse
3495 4161 3555 4199 se

1994 4214 2213 4269 vincit.»
2246 4214 2408 4268 Paulo
2433 4222 2553 4282 post
2580 4214 2735 4280 codd.
2760 4215 2948 4279 Corb.,
2980 4214 3187 4280 Remig.
3216 4223 3270 4267 et
3290 4214 3553 4278 Colbert.,

1996 4303 2015 4335 ‹
2055 4285 2248 4337 merito
2287 4284 2623 4351 comprobat.
2656 4303 2673 4334 ›
2710 4283 2987 4347 Merlinus‘,
3018 4282 3359 4337 Martianzeus
3384 4294 3438 4337 et
3462 4301 3555 4339 co-

1990 4355 2089 4407 dex
2120 4354 2435 4406 monasterii
2468 4353 2531 4405 de
2556 4351 2735 4407 Monte
2760 4354 2941 4407 Sancti
2967 4352 3267 4415 Michaelis,
3304 4370 3322 4402 ι
3360 4355 3555 4408 merito

1988 4422 2374 4491 comprobavit.
2433 4439 2452 4473 ι
2487 4420 2688 4474 ibidem
2725 4436 2915 4477 omnes
2944 4438 3073 4477 mss.
3108 4432 3163 4476 et
3187 4422 3554 4487 Martianmus,

1995 4509 2013 4541 ι
2046 4493 2188 4560 quod
2227 4506 2325 4561 ego
2349 4504 2490 4559 saepe
2524 4491 2876 4547 considerans
2899 4491 3214 4555 reticebam,
3244 4507 3342 4561 nec
3368 4492 3553 4560 depre-

1990 4561 2240 4615 cantibus
2272 4560 2357 4613 me
2506 4561 2830 4615 anuuebam.
2870 4580 2889 4613 ι
2929 4562 3187 4614 ilict-linus
3210 4569 3263 4614 et
3290 4560 3555 4626 Geuebr.,

1992 4650 2013 4681 ‹
2055 4630 2196 4699 quod
2226 4643 2323 4697 ego
2354 4629 2550 4695 sat-pius
2594 4631 2945 4684 considerans
2998 4631 3291 4684 reticebam
3327 4668 3341 4692 ,
3375 4642 3430 4685 et.
3462 4631 3555 4685 de-

1987 4699 2337 4768 precantibus
2374 4713 2568 4753 me....
2598 4714 2703 4751 non
2740 4702 3066 4754 anuuebam.
3108 4718 3127 4751 ι

2059 4770 2172 4837 (55)
2203 4768 2395 4821 Contra
2422 4768 2764 4835 propositum.
2806 4768 2881 4822 lta
2934 4784 3125 4823 omnes
3171 4783 3302 4823 mss.
3330 4778 3385 4821 et
3412 4768 3555 4823 Mar-

1991 4838 2233 4892 tianazus.
2290 4837 2645 4907 Atillerliuus
2700 4848 2752 4890 et
2802 4837 3063 4899 Genebr.,
3117 4855 3134 4887 ι
3173 4840 3307 4892 citra
3360 4854 3555 4907 propo-

1990 4909 2172 4961 situm.
2206 4927 2224 4959 ι
2288 4905 2411 4960 Mox
2470 4920 2656 4961 omnes
2715 4922 2847 4961 mss.
2888 4918 2943 4961 et
2979 4905 3374 4972 Martiauaaus,
3433 4905 3549 4961 (ea

1989 4986 2170 5030 tamen
2202 4977 2318 5047 lege
2348 4987 2508 5045 atque
2539 4990 2601 5029 eo
2622 4978 2895 5040 ordine,ut
2925 4987 3183 5045 quantum
3213 4978 3325 5031 tieri
3355 4989 3553 5047 potest,

1991 5046 2398 5114 interpretando
2428 5061 2623 5115 sequar
2650 5050 2886 5115 regulam
2913 5061 3320 5113 praecessorum.
3360 5065 3380 5098 ι
3409 5046 3553 5099 Mer-

1991 5115 2131 5170 linus
2166 5126 2217 5168 et
2240 5116 2476 5170 Genebr.
2502 5155 2516 5179 ,
2570 5134 2588 5166 ι
2633 5130 2692 5169 ea
2720 5127 2895 5170 tamen
2925 5117 3037 5185 lege
3072 5125 3233 5184 atque
3255 5118 3464 5179 ordine,
3500 5118 3552 5170 in

1989 5193 2257 5255 quantum
2276 5185 2390 5237 lieri
2433 5194 2656 5253 potest,
2708 5185 3112 5254 interpretando
3159 5200 3357 5253 sequor
3392 5201 3554 5255 regu-

1990 5255 2093 5307 lam
2121 5254 2598 5323 przedecessorum.
2638 5271 2656 5303 ι

2059 5321 2171 5391 (56)
2219 5321 2577 5376 Ilomileticos.
2640 5322 2712 5374 Ita
2761 5321 3128 5378 Martianaaus.
3193 5323 3248 5377 ln
3301 5324 3556 5377 omnibus

1989 5410 2120 5448 mss.
2158 5394 2349 5460 legitur
2378 5411 2394 5442 ι
2423 5392 2748 5455 omeliticos,
2782 5411 2801 5443 ι
2835 5404 3113 5462 corrupte
3146 5409 3242 5461 pro
3278 5412 3295 5443 ι
3331 5394 3556 5447 Ιιοιιιιιε-

1991 5464 2147 5527 ticos,
2180 5481 2198 5513 ι
2234 5462 2314 5514 vel
2350 5480 2368 5512 ι
2400 5462 2745 5515 homiliticos.
2778 5480 2795 5512 ι
2828 5461 3037 5516 Merlin.
3071 5474 3127 5516 et.
3149 5463 3377 5526 Geneb.,
3402 5481 3421 5516 ι
3460 5465 3556 5517 lto-

1988 5534 2296 5591 nnliaticos,
2327 5550 2345 5582 ι
2380 5532 2536 5583 male.

2060 5602 2171 5666 (57)
2208 5600 2512 5668 Disciplina:
2552 5609 2722 5652 tamen
2757 5600 2967 5669 regulis.
3024 5600 3114 5654 Sic
3165 5614 3311 5655 recte
3363 5616 3554 5656 omnes

1988 5688 2120 5726 mss.
2159 5681 2213 5725 et
2256 5670 2618 5723 Martiameus.
2680 5669 2967 5738 Perperam
3017 5669 3274 5723 Mcrlinns
3330 5681 3383 5724 et
3440 5674 3554 5725 Ge-

1978 5743 2166 5805 ~nebr.,
2201 5758 2221 5787 ι
2257 5740 2573 5807 discipulum
2614 5749 2790 5793 tamen
2830 5740 3043 5807 regulis.
3084 5758 3101 5790 ι
3143 5740 3257 5793 Mox
3294 5738 3557 5794 Merlinus
