1976 3072
202 151 255 180 “5

205 226 810 241 ω

814 151 974 180 ORIGENIS
994 153 1073 179 ΠΕΡΙ
1094 153 1208 179 ΑΡΧΩΝ

1760 154 1812 182 illi

616 227 1807 244 m,_
997 237 1242 241 __.___._._

419 315 777 394 ORIGEN
781 316 869 393 IS
920 313 986 397 Π

1039 315 1180 397 3P1
1230 255 1616 399 ΑΡΧΩΝ

696 463 910 526 LIBRI
949 461 1327 536 QUATUOR

201 589 605 630 INTEBPRETE
648 572 885 630 RUFINO
937 589 1352 637 AQUILEIENSI
1402 567 1826 630 PRESBYTERO.

738 768 948 824 LIBER
989 768 1277 825 PRIMUS.

233 876 256 902 l.
264 876 294 902 Οἱ
304 875 511 907 πεπιστευκότες
520 875 575 911 (45)

198 922 246 948 καὶ
286 921 494 956 πεπιστευμένοι
527 922 576 957 τὴν

198 967 278 1002 χάριν
289 968 336 994 καὶ
346 967 394 999 τὴν
404 967 530 1002 ἀλήθειαν
540 967 574 993 δι’

204 1014 289 1049 Ἰησοῦ
298 1013 414 1049 Χριστοῦ
424 1014 571 1048 γεγονέναι,

197 1061 244 1086 καὶ
254 1060 369 1095 Χριστὸν
377 1057 446 1086 εἶναι
456 1059 504 1095 τὴν
513 1059 574 1095 ἀλή-

197 1105 273 1133 θειαν
293 1106 363 1132 κατὰ
383 1106 412 1132 τὺ
430 1106 572 1141 εἰρημένον

612 921 678 948 dunt
688 927 714 949 et
728 923 794 949 certi
804 926 867 949 sunt
880 923 950 957 quod
959 928 986 949 et

610 968 696 1002 gratia
713 972 740 994 et
759 968 858 995 veritas
879 976 926 1002 per
940 967 985 996 Je-

609 1022 669 1041 sum
689 1014 827 1042 Christum
848 1015 917 1042 facta
939 1015 985 1049 sil,

608 1066 635 1087 et
669 1060 804 1088 Christum
843 1061 984 1088 veritatem

609 1114 669 1134 esse
698 1108 816 1140 norunt,
839 1108 985 1135 secnmlum

199 1153 243 1179 ὑπ’
268 1152 365 1179 αὑτοῦ·
388 1162 397 1178 t
423 1152 493 1187 Ἐγώ
514 1153 570 1188 εἰμι
607 1154 677 1187 quod
705 1153 762 1187 ipse
790 1154 879 1181 dixit:
902 1163 911 1180 ‹
930 1154 985 1189 Ego

197 1199 213 1233 ή
231 1198 352 1234 ἀλήθεια.
368 1208 376 1224 ι
610 1206 668 1226 sum
679 1200 779 1226 veritas
788 1199 808 1231 ³,
824 1200 983 1227 »ερίοηιίιιηι

197 1251 257 1278 qum
272 1249 399 1278 provocat
416 1244 541 1271 homines
556 1244 589 1271 ad
605 1243 673 1271 bene
691 1245 823 1280 beateque
840 1245 983 1273 vivendum

198 1298 249 1316 non
264 1290 371 1317 aliunde
386 1297 466 1324 quam
484 1290 517 1317 ab
534 1290 599 1324 ipsis
616 1290 707 1318 verbis
726 1290 827 1318 Christi
844 1291 982 1319 doctrina-

198 1342 251 1368 que
269 1335 430 1369 suscipiunt.
444 1334 544 1361 Christi
570 1339 658 1361 autem
682 1335 771 1362 verbis
790 1336 914 1367 dicimus,
930 1345 981 1364 non

196 1379 240 1407 his
257 1379 342 1406 solum
360 1387 419 1413 qua:
434 1380 515 1407 homo
532 1380 629 1411 factus,
645 1385 725 1415 atque
743 1381 768 1407 in
785 1388 867 1408 carne
881 1382 983 1416 positus

198 1425 309 1451 docuit:
328 1429 356 1452 et
375 1425 450 1460 prius
473 1433 590 1460 namque
613 1426 739 1453 Christus
755 1426 801 1453 Dei
818 1427 937 1454 Verbum
956 1429 982 1454 in

198 1468 291 1504 Moyse
313 1475 393 1504 atque
418 1470 555 1505 prophetis
579 1476 648 1498 erat.
669 1471 737 1509 Nam
751 1473 809 1499 sine
828 1464 916 1500 Verbo
939 1473 984 1500 Dei

197 1515 334 1549 quomodo
349 1520 473 1549 poterant
488 1517 649 1551 prophetare
663 1519 695 1544 de
712 1518 839 1545 Christo?
855 1519 894 1545 Ad
911 1519 986 1552 cujus

198 1561 236 1587 rei
253 1561 440 1594 probationem
456 1569 507 1589 non
526 1566 597 1588 esset
619 1562 726 1589 dillicile
742 1570 773 1590 ex
796 1563 894 1590 divinis
914 1564 985 1591 Scri-

198 1607 285 1641 pturis
297 1608 449 1641 ostendere,
465 1609 599 1643 quomodo
613 1610 653 1636 vel
667 1609 784 1645 Moyses.
798 1610 839 1637 vel
852 1611 987 1645 propheta.-

198 1652 294 1686 spiritu
311 1652 411 1680 Christi
429 1654 534 1688 repleti,
547 1654 588 1681 vel
601 1654 683 1682 loculi
700 1659 774 1687 sunt,
789 1655 829 1682 vel
846 1661 987 1690 gesserunt

198 1699 287 1724 Omnia
304 1706 362 1733 qua:
383 1703 534 1733 gesserunt,
551 1699 602 1727 nisi
626 1700 716 1727 studio
733 1700 809 1727 nobis
825 1705 896 1727 esset
917 1708 985 1735 prte-

198 1750 260 1770 sens
275 1744 325 1771 hoc
339 1752 406 1779 opus
422 1745 494 1772 omni
515 1752 567 1780 qua
585 1753 726 1779 possumus
738 1746 869 1773 brevitate
881 1746 988 1773 succin—

199 1797 274 1824 gere.
295 1790 371 1818 Unde
388 1790 509 1818 sufficere
524 1792 651 1819 existimo
669 1799 722 1819 uno
743 1792 794 1819 hoc
811 1792 886 1818 Pauli
910 1792 987 1819 testi—

199 1836 290 1862 monio
303 1836 401 1864 debere
419 1844 469 1864 nos
482 1838 520 1865 uti
540 1845 572 1864 cx
587 1837 705 1872 Epistula
718 1845 798 1875 quam
812 1838 844 1864 ad
859 1838 988 1865 llebneos

198 1881 310 1912 scribit;
324 1883 350 1908 in
369 1891 420 1916 qua
435 1883 471 1910 ita
489 1883 527 1910 ait
544 1892 551 1910 :
566 1892 575 1909 ι
595 1883 661 1911 Fide
680 1891 793 1918 magnus
811 1883 898 1910 factus
915 1884 989 1919 Moy-

198 1934 243 1955 ses
268 1927 376 1961 negavit
399 1935 428 1954 se
449 1929 500 1955 dici
529 1929 613 1955 ﬁlium
640 1929 701 1955 filia:
724 1928 886 1961 Pharaonis,
904 1930 989 1964 magis

198 1972 302 2005 eligens
317 1972 440 2000 atllictari
459 1981 519 2000 cum
536 1974 633 2008 populo
653 1974 698 2001 Dei
712 1982 792 2008 quain
810 1974 986 2008 temporalem

198 2019 301 2045 habere
319 2018 423 2052 peccati
438 2018 645 2052 jucuuditatem,
662 2019 779 2053 majores
792 2019 900 2046 divitias
915 2019 988 2046 msti-

199 2071 275 2091 tnans
299 2064 486 2099 [Egyptiorum
514 2064 650 2092 thesauris
674 2064 846 2099 opprobrium
868 2064 990 2091 Christi“

197 2106 265 2145 (Η).
286 2119 295 2136 ι
313 2110 365 2137 Sed
389 2113 416 2137 et
439 2115 499 2144 post
525 2110 740 2144 assumptionem
763 2109 822 2144 eius
846 2110 871 2136 in
895 2110 989 2142 caelos,

198 2156 269 2188 quod
287 2156 314 2182 in
331 2156 460 2190 apostolis
474 2156 530 2183 suis
544 2155 648 2183 locutus
664 2156 710 2187 sit,
726 2156 777 2182 hoc
795 2155 873 2181 modo
890 2155 991 2182 indicat

196 2201 296 2229 Paulus
314 2210 320 2229 :
334 2211 343 2228 t
362 2202 412 2229 Aut
429 2202 549 2236 nunquid
567 2201 775 2236 probamcntum
792 2201 851 2236 ejus
868 2200 988 2235 qumritis
1002 2212 1025 2242 ο

197 2248 283 2281 quiin
296 2255 338 2275 me
354 2248 473 2282 loquitur
484 2247 610 2274 Christus
622 2248 632 2263 ⁵
645 2247 657 2274 ?
672 2255 681 2272 ι

227 2293 550 2328 2.Qnoniamergomulti
570 2301 603 2320 ex
627 2293 669 2319 his
691 2293 735 2326 qni
748 2292 857 2319 Christo
873 2293 985 2320 credere

234 2360 244 2374 ³
257 2359 335 2387 Joan.
348 2367 403 2394 xtv,
414 2359 442 2387 6.
473 2360 484 2376 ⁸
497 2359 564 2387 lleb.
578 2367 615 2392 ιι,
626 2359 671 2391 25,
683 2358 728 2386 26.
759 2359 769 2375 ³
782 2358 802 2385 ll
814 2359 876 2386 Cor.
889 2366 948 2391 xm,
961 2358 988 2385 5.

233 2443 289 2478 (Αὸ)
306 2444 338 2470 Οἱ
353 2443 593 2475 πεπιστευκότες.
609 2441 737 2470 Gra‘cnnr
752 2441 835 2478 hocce
855 2440 984 2478 librorum

197 2475 266 2512 Περὶ
278 2475 378 2513 ἃρχῶν
390 2478 493 2504 initium
506 2478 676 2511 desumptnm
693 2481 735 2513 est
744 2484 765 2513 re
777 2475 844 2513 libro
856 2484 864 2503 ι
879 2476 985 2503 Eusebii

197 2510 302 2541 contra
316 2510 469 2539 Marcellum
496 2510 681 2547 Aucyra’num.
700 2511 766 2538 Vide
786 2510 912 2537 ltlonitum
940 2519 988 2537 no-

197 2554 294 2580 strum,
313 2556 387 2574 num.
408 2547 434 2574 ‘3.

234 2585 290 2617 (44)
307 2582 457 2609 ιΕειὶηιαηε
471 2581 656 2616 (Egi/ptimum
671 2580 801 2617 thesauris
821 2580 987 2617 opprobn’gm

196 2614 306 2646 Christi.
329 2617 365 2644 Ita
378 2625 472 2644 omnes
499 2614 576 2643 codd.
597 2623 662 2643 mss.
681 2615 808 2642 lilerlmus
821 2622 883 2641 vero
895 2620 920 2641 et
934 2614 985 2641 Ge-

196 2655 289 2685 ncbr.,
323 2661 332 2677 ε
349 2652 510 2679 existimans
527 2651 661 2677 thesauris
683 2650 869 2684 Egyptiornm
887 2650 988 2682 impro-

196 2690 303 2721 perium
332 2687 445 2714 Christi.
464 2696 472 2712 ι
496 2686 577 2711 Ριιιιιο
600 2686 767 2721 ρρςινίἰάριη
792 2692 857 2711 mss.
879 2693 886 2711 :
905 2694 913 2709 t
935 2685 989 2710 Aut

198 2720 317 2758 nunquid
343 2723 561 2755 probamcntum.
580 2720 677 2746 Ilel‘l
704 2720 784 2751 editi,
808 2729 816 2744 ι
834 2726 867 2746 an
892 2720 990 2753 proha-

197 2765 328 2784 lllCllllllIl.
350 2766 359 2782 ι

233 2793 289 2827 (45)
310 2792 410 2819 Omnes
432 2799 510 2822 mss..
528 2799 537 2815 ι
556 2790 712 2827 desivimus.
731 2799 740 2815 ι
760 2789 865 2821 Merlin.
888 2793 914 2827 et
939 2787 990 2814 Gc-

197 2824 287 2858 nehr.,
306 2836 315 2852 ι
331 2827 513 2854 desuevimus.
533 2834 542 2850 ι
559 2824 629 2852 Infra
652 2832 747 2852 omnes
767 2832 844 2855 mss.,
858 2833 867 2849 ί
890 2824 922 2849 ab
947 2830 991 2849 ec-

198 2862 351 2889 clesiastica
374 2867 401 2890 et
420 2861 571 2896 apostolica
599 2860 736 2888 discordat
761 2859 917 2887 traditione.
939 2867 947 2883 ι
963 2858 989 2884 ln

646 875 699 911 47
717 876 739 904 l.
753 874 852 904 Omnes
868 877 912 911 qui
930 884 989 904 cre-
1005 881 1025 908 Α
1040 884 1069 904 se
1081 877 1251 912 profitentur,
1268 884 1320 904 nou
1338 876 1422 904 solum
1439 877 1465 904 in
1483 875 1575 911 parvis
1590 879 1613 903 el
1632 875 1751 904 minimis
1770 876 1825 905 disc

1037 924 1162 956 cordant,
1173 931 1264 951 verum
1279 923 1366 956 etiam
1377 923 1402 949 in
1419 922 1525 957 magnis
1541 926 1568 949 et
1583 922 1708 949 maximis
1722 931 1729 948 :
1746 923 1773 949 id
1788 927 1826 950 est

1036 970 1078 997 vel
1091 971 1123 997 de
1140 970 1193 997 Deo
1206 970 1245 997 vel
1263 970 1295 997 de
1311 970 1425 997 Domino
1439 968 1504 996 Jesu
1517 969 1635 1001 Christo,
1653 968 1694 996 vel
1710 969 1743 996 de
1763 968 1826 1003 Spi-

1036 1015 1088 1042 ritu
1113 1020 1225 1045 sancto;
1250 1022 1303 1042 non
1326 1015 1412 1042 solum
1439 1020 1531 1042 autem
1556 1014 1588 1040 de
1610 1014 1663 1046 bis,
1680 1014 1727 1041 sed
1749 1018 1777 1041 et
1795 1015 1827 1041 de

1036 1061 1095 1088 aliis
1110 1062 1252 1093 creaturis,
1267 1061 1292 1088 id
1311 1066 1351 1088 est
1371 1060 1413 1087 vel
1426 1061 1459 1088 de
1477 1060 1722 1092 dominationibus,
1738 1060 1781 1087 vel
1795 1060 1827 1087 de

1036 1107 1181 1134 virtutibus
1195 1107 1316 1136 sanctis:
1333 1112 1442 1141 propter
1456 1107 1507 1133 hoc
1520 1106 1706 1133 necessarium
1719 1107 1827 1133 videtur

1036 1152 1111 1186 prius
1129 1153 1162 1179 de
1178 1153 1219 1180 his
1235 1152 1347 1187 singulis
1363 1156 1465 1180 certam
1484 1152 1582 1179 lineam
1599 1151 1827 1185 manifestamque

1038 1198 1156 1233 regulam
1170 1205 1279 1232 ponere,
1294 1204 1348 1225 tum
1361 1198 1458 1225 deinde
1474 1199 1555 1225 etiam
1578 1197 1611 1224 de
1633 1197 1742 1224 caeteris
1755 1204 1827 1231 quae-

1038 1251 1110 1271 rere.
1130 1244 1206 1271 Sicut
1229 1244 1301 1271 enim
1323 1244 1415 1271 multis
1436 1243 1507 1278 apud
1522 1243 1638 1278 _0ra2cos
1651 1247 1678 1270 et
1696 1242 1827 1269 barbaros

1037 1290 1228 1323 pollicentibus
1243 1290 1398 1322 veritatem,
1413 1289 1562 1316 dcsivimus
1577 1288 1633 1323 (45)
1649 1288 1719 1322 apud
1734 1294 1827 1314 omnes

1036 1342 1096 1361 eam
1113 1342 1234 1368 quaerere
1247 1335 1291 1368 qui
1303 1342 1362 1361 eam
1383 1333 1458 1361 falsis
1467 1333 1641 1368 opinionibus
1657 1334 1826 1364 asserebant,

1036 1384 1209 1414 posteaquam
1232 1380 1395 1407 credidimus
1419 1379 1512 1406 Filium
1535 1378 1580 1405 Dei
1598 1386 1657 1406 esse
1677 1379 1824 1411 Christum,

1036 1430 1063 1452 et
1078 1426 1111 1452 ab
1127 1425 1184 1459 ipso
1201 1425 1277 1451 nobis
1296 1425 1364 1451 hanc
1379 1424 1531 1451 discendam
1545 1431 1604 1451 esse
1619 1424 1804 1458 persuasimus
1818 1431 1826 1454 ι

1038 1470 1074 1496 ita
1089 1477 1149 1496 cum
1169 1469 1243 1496 multi
1262 1470 1316 1496 sint
1330 1470 1375 1504 qui
1391 1477 1421 1496 se
1432 1474 1526 1504 putant
1538 1471 1639 1497 sentire
1651 1477 1711 1504 quae
1727 1470 1826 1497 Christi

1039 1519 1112 1548 sunt,
1126 1519 1152 1542 et
1166 1515 1285 1542 nonnulli
1299 1523 1391 1542 eorum
1405 1517 1511 1542 diversa
1524 1523 1537 1542 a
1550 1516 1685 1550 prioribus
1695 1515 1826 1548 sentiant,

1038 1566 1159 1589 servetur
1177 1568 1240 1589 vero
1252 1562 1435 1590 ecclesiastica
1449 1562 1603 1597 prmdicatio
1618 1570 1666 1596 per
1677 1562 1827 1589 successio-

1038 1608 1080 1634 nis
1097 1607 1220 1635 ordinem
1244 1607 1277 1634 ab
1292 1607 1419 1642 apostolis
1442 1608 1552 1639 tradita,
1567 1611 1594 1633 et
1611 1614 1695 1640 usque
1714 1607 1747 1633 ad
1762 1613 1828 1641 prte-

1039 1660 1102 1680 sens
1120 1654 1145 1680 in
1162 1652 1292 1681 Ecclesiis
1306 1660 1468 1688 permanens
1483 1661 1489 1679 :
1507 1653 1550 1680 illa
1566 1653 1624 1679 sola
1640 1653 1773 1679 credenda
1789 1657 1826 1680 est

1037 1699 1150 1731 veritas,
1169 1706 1227 1733 qua:
1241 1699 1267 1726 in
1282 1698 1355 1725 nullo
1377 1698 1411 1725 ab
1430 1692 1613 1725 ecclesiastica
1634 1702 1661 1724 et
1683 1697 1827 1732 apostolica

1038 1745 1179 1773 disconlat
1194 1745 1350 1772 traditione.

1074 1791 1100 1818 5.
1115 1791 1180 1817 Illud
1196 1794 1283 1817 autem
1299 1790 1368 1816 scire
1385 1793 1502 1824 oportet,
1517 1789 1644 1824 quoniam
1662 1789 1747 1815 sancti
1762 1795 1828 1822 apo-

1038 1836 1100 1863 stoli
1123 1836 1201 1862 fidem
1222 1835 1324 1862 Christi
1341 1834 1530 1868 prmdicantes,
1547 1834 1579 1860 de
1591 1833 1751 1867 quibusdam
1767 1833 1827 1867 qni-

1039 1882 1101 1909 dem
1125 1888 1293 1915 quaecunque
1318 1882 1469 1906 necessaria
1499 1879 1681 1909 crediderunt,
1705 1878 1827 1904 omnibus

1039 1927 1119 1954 etiam
1136 1926 1177 1953 his
1196 1926 1240 1960 qui
1258 1925 1390 1960 pigriores
1413 1931 1477 1958 erga
1502 1923 1707 1958 inquisitionem
1733 1922 1828 1949 divinae

1040 1972 1160 2000 scientia:
1185 1972 1357 2003 videbantur,
1387 1969 1608 1997 manifestissime
1641 1969 1827 1998 tradiderunt,

1041 2020 1173 2046 rationem
1189 2018 1292 2045 scilicet
1310 2018 1467 2043 assertionis
1485 2024 1577 2043 eorum
1594 2016 1778 2048 relinquentes
1796 2013 1827 2039 ab

1042 2064 1083 2090 his
1100 2063 1294 2096 inquirendam,
1313 2062 1357 2095 qni
1374 2062 1491 2095 Spiritus
1506 2062 1575 2086 dona
1598 2059 1756 2087 excellentia
1772 2065 1827 2085 Ine-

1043 2114 1166 2135 rercnlur
1190 2108 1259 2141 (/46),
1276 2112 1301 2133 et
1326 2107 1459 2140 praecipue
1484 2107 1628 2138 sermonis,
1650 2105 1788 2140 sapientia)
1802 2106 1829 2131 et

1042 2154 1162 2180 scicntia?
1175 2153 1288 2187 gratiam
1308 2159 1355 2185 per
1371 2152 1457 2185 ipsum
1481 2150 1608 2184 Spiritum
1625 2154 1748 2178 sanctum
1766 2154 1828 2184 per-

1043 2200 1192 2233 cepisscnt;
1209 2199 1242 2224 de
1259 2197 1319 2223 aliis
1333 2204 1393 2223 vero
1407 2197 1534 2222 dixerunt
1550 2196 1669 2230 quidem,
1679 2196 1742 2230 quia
1757 2193 1826 2234 sint;

1041 2244 1174 2279 quomodo
1192 2248 1292 2273 autem,
1306 2247 1352 2267 aut
1368 2242 1437 2268 unde
1457 2242 1523 2274 sint,
1543 2241 1690 2274 siluerunt,

1041 2278 1070 2317 ὑί
1085 2289 1259 2316 ⁵¹¹¹¹¹ί⁰⁵ί⁰¹Ὁ⁵
1274 2288 1372 2322 (μιίίίιιθ
1384 2295 1416 2315 0X
1431 2287 1546 2323 posteris
1564 2286 1621 2314 suis
1634 2285 1681 2321 qut
1695 2282 1830 2326 Im”,

1662 2353 1687 2378 Α
1712 2343 1716 2346 ’
1735 2343 1739 2345 ⁷

1611 2394 1671 2426 .1’1:

1575 2507 1593 2524 ι

1447 2524 1948 2630 Ἠ

1512 2540 1575 2547 ⁷.ι

1259 2690 1262 2706 ξ
1279 2690 1327 2714 per

1259 2755 1264 2776 ι

1259 2791 1270 2809 |.

1117 2809 1948 3048 Ι

1114 2875 1117 2882 .
1132 2862 1198 2890 cupa
1212 2884 1215 2885 ν

1040 2445 1117 2466 antea
1135 2438 1212 2465 clins
1224 2438 1308 2469 deest,
1324 2446 1334 2462 ι
1346 2441 1373 2464 et
1388 2436 1546 2472 apostolica.
1559 2436 1595 2471 γι

1043 2484 1051 2499 ί
1070 2475 1193 2500 tnnnihus
1214 2473 1295 2499 etiam
1314 2472 1356 2499 his
1379 2470 1424 2505 qui
1443 2470 1688 2506 ρὶεήσζΰέω

1043 2511 1131 2539 nubr.,
1152 2517 1160 2532 ε
1180 2507 1306 2534 omnibus
1322 2506 1495 2534 credentibus
1507 2506 1639 2547 om

1043 2552 1096 2571 l‘CS.
1117 2553 1124 2567 ι

1078 2578 1134 2612 (46)
1152 2577 1203 2609 Qui
1217 2575 1332 2612 Spiritus
1345 2575 1415 2602 dona
1427 2580 1447 2602 α

1043 2610 1090 2640 Sic
1107 2620 1200 2639 onmes
1216 2619 1280 2638 mss.
1295 2610 1324 2637 ltt
1337 2615 1421 2638 antea
1438 2614 1453 2640 ε

1043 2649 1109 2675 ritus
1122 2648 1190 2673 dona
1203 2645 1361 2673 excellentia
1373 2647 1403 2672 et

1043 2684 1085 2709 lin:
1101 2688 1128 2708 et
1142 2681 1262 2708 scientite
1279 2686 1327 2714 per
1341 2679 1377 2714 in

1042 2725 1104 2751 pore
1119 2717 1326 2751 merebantur.‘

1043 2760 1148 2786 quoque
1157 2759 1188 2777 cx
1204 2755 1296 2786 poste]

1045 2789 1086 2813 tice
1107 2786 1259 2813 cxcrciliutl

1044 2822 1160 2848 fructum
1178 2825 1249 2850 ustae

1011 2864 1013 2867 '
1044 2865 1073 2884 sc
1091 2861 1117 2883 et
1132 2861 1232 2890 capacg
