1976 3072
12 781 39 812 ι.

11 817 27 855 f

190 106 223 133 11
232 107 246 132 Ἰ
879 103 977 131 LIBER
996 102 1133 131 PRIMUS.
1770 97 1781 123 l
1791 97 1820 123 13

188 166 285 191 essent
296 163 449 198 sapientiae,
464 163 625 191 exercitium
640 163 739 190 habere
757 168 875 197 possent.
892 163 919 190 in
934 170 988 197 quo
1002 164 1025 191 Α
1039 162 1084 194 sit,
1100 168 1195 188 necne.
1212 159 1265 188 Sed
1278 159 1435 194 inquirenda
1445 158 1500 193 jam
1514 158 1562 185 ista
1580 163 1629 191 pro
1641 155 1744 182 viribus
1760 157 1822 180 sunt

192 210 297 243 ingenii
318 210 357 237 sui
380 209 502 237 fructum
528 210 711 241 ostenderent,
736 209 762 236 hi
791 208 915 236 videlicet
940 209 985 243 qui

192 256 294 288 dignos
308 263 337 283 se
348 261 374 283 et
385 263 500 290 capaces
511 256 544 283 ad
555 255 736 290 recipiendam
748 255 905 290 sapientiam
919 262 987 290 prae-

192 304 335 334 pararent.
651 293 654 297 ‘

230 344 259 371 4.
284 344 395 378 Species
413 351 479 371 vero
496 352 589 372 eorum
614 352 673 379 quae
696 352 744 379 per
768 344 985 379 praedicatioaem

196 390 373 424 apostolicam
397 390 540 417 manifeste
561 391 712 423 traduntur,
727 392 785 418 ista!
806 395 879 418 suttt.
895 391 986 418 Primo

195 436 270 470 quod
284 443 353 462 unus
367 436 438 463 Deus
451 441 491 463 est
504 436 550 471 qui
565 437 654 463 omnia
666 437 767 464 creavit
783 441 863 471 atque
875 441 984 470 compo-

196 481 262 513 suit,
273 481 382 515 quique,
394 488 453 508 eum
468 482 534 508 nihil
546 486 628 513 esset,
640 490 698 509 esse
708 482 769 509 fecit
782 482 905 509 universa
916 482 984 515 (Π),

198 526 270 553 Deus
285 534 300 552 a
313 526 399 560 prima
410 530 532 553 creatura
548 531 575 554 et
584 527 737 554 conditione
749 526 852 559 mundi,
865 527 983 554 omnium

196 571 331 606 iustorum
350 571 431 605 Deus,
456 571 551 604 Adam,
569 572 646 603 Abel,
670 572 744 605 Seth,
773 572 855 604 Enos,
881 572 984 604 Euoch,

197 617 265 649 Noe,
278 616 351 648 Sem,
364 616 512 649 Abraham,
522 617 604 649 isaac,
614 616 707 649 Iacob,
718 618 858 644 duodecim
871 618 985 652 patriar-

197 662 322 694 charum,
339 661 438 697 Moysis
453 667 479 689 et
492 662 700 696 prophetarum;
718 667 744 690 et
758 664 829 697 quod
850 663 893 690 hic
916 663 985 690 Deus

199 707 224 734 in
237 707 392 735 novissimis
407 708 512 740 diebus,
528 709 597 735 sicut
613 715 661 742 per
677 708 822 743 prophetas
843 716 905 736 suos
923 714 985 736 ante

198 753 369 787 promiserat,
393 752 449 788 48
475 754 548 781 misit
578 754 720 781 Dominum
747 758 867 781 nostrum
893 753 984 782 Jcsum

198 798 345 831 Christum,
361 799 447 833 primo
462 800 568 833 quidem
586 805 743 827 vocaturum
758 800 849 832 Israel,
866 800 984 827 secundo

199 851 261 871 vero
275 843 356 871 etiam
374 851 468 880 gentes
484 850 543 881 post
558 846 697 880 perfidiam
720 846 807 881 populi
827 846 918 874 lsrael.
935 847 984 874 Hic

200 889 270 917 Deus
294 890 384 924 justus
413 895 437 917 el
461 891 546 918 bontts
571 891 650 918 Pater
678 892 780 919 Domini
809 893 892 920 nostri
920 892 983 920 Jesu

198 934 309 968 Christi,
327 935 413 970 legem
427 941 454 963 et
467 937 624 971 prophetas,
638 942 665 965 et
683 937 825 972 Evangelia
841 939 897 973 ipse
911 938 984 966 dedit

199 983 243 1016 qtti
256 987 283 1009 et
298 982 479 1017 apostolorum
498 983 569 1010 Deus
585 987 643 1015 est,
664 988 691 1010 et
706 984 802 1011 veteris
816 987 843 1011 et
857 984 916 1011 novi
933 983 985 1012 Te-

199 1028 336 1054 stamenti.
349 1027 416 1055 Tum
431 1028 528 1055 deinde
543 1029 553 1045 ⁵
565 1029 626 1063 quia
641 1028 719 1057 Jesus
732 1029 854 1056 Christus
870 1030 926 1064 ipse
939 1029 983 1064 qui

198 1075 283 1108 venit,
304 1080 368 1102 ante
388 1083 493 1103 onmem
510 1081 663 1104 creaturam
691 1081 769 1104 natus
783 1084 814 1103 ex
834 1076 914 1104 Patre
931 1080 983 1103 est.

198 1120 318 1152 Quicum
328 1121 354 1147 in
362 1121 480 1148 omniunt
489 1121 641 1148 conditione
649 1121 720 1148 Patri
730 1121 908 1149 tninistrasset
916 1121 983 1157 (18),

201 1173 211 1190 ε
235 1172 285 1198 per
315 1164 401 1199 ipsum
429 1165 503 1192 enim
532 1165 620 1192 omnia
659 1164 728 1192 facta
751 1170 815 1191 sunt
828 1165 850 1197 τ,
869 1174 878 1190 ι
896 1165 985 1192 novis-

198 1209 274 1236 simis
290 1209 456 1242 temporibus
481 1209 597 1243 seipsum
616 1209 775 1235 exinaniens
798 1209 877 1236 homo
896 1208 984 1236 factus

199 1252 356 1279 incarnatus
372 1257 413 1279 est
427 1252 483 1287 (49)
501 1260 563 1279 cutn
580 1253 650 1279 Deus
662 1257 743 1285 esset,
760 1259 786 1280 et
799 1253 878 1280 homo
899 1253 985 1280 factus

199 1297 299 1324 mansit
318 1297 390 1330 quod
415 1302 474 1324 erat
501 1297 582 1324 Deus.
606 1297 708 1331 Corpus
733 1298 877 1332 assumpsit
893 1302 986 1325 nostro

200 1343 308 1376 corpori
325 1342 422 1375 simile,
436 1349 468 1369 eo
481 1342 537 1369 solo
551 1341 678 1371 ditierens
690 1343 761 1377 quod
777 1347 866 1370 natum
879 1350 912 1371 ex
927 1343 987 1370 Vir-

201 1389 264 1424 gine
286 1392 313 1415 et
333 1388 434 1423 Spiritu
451 1393 544 1416 sancto
561 1394 612 1416 est.
638 1388 670 1415 Et
687 1389 814 1424 quoniam
842 1390 886 1417 hic
909 1390 987 1418 Iesus

199 1434 324 1460 Christus
340 1436 419 1460 natus
432 1437 458 1460 et
470 1440 566 1467 passus
583 1438 624 1460 est
643 1433 669 1460 in
684 1433 809 1466 veritate,
827 1440 854 1462 et
871 1443 923 1462 non
938 1442 987 1469 per

199 1479 370 1514 phantasiam
382 1486 552 1506 communem
568 1479 638 1506 hanc
651 1484 763 1507 mortem
777 1481 904 1508 sustinuit
916 1481 984 1517 (50),

199 1533 263 1552 vcre
280 1529 419 1557 mortuus;
438 1531 500 1551 vere
516 1525 587 1552 enittt
613 1532 627 1551 a
648 1525 760 1552 mortuis
785 1526 943 1559 resurrexit,
957 1532 984 1554 et

201 1576 259 1606 post
270 1571 494 1598 resurrectionem
509 1575 683 1598 conversatus
694 1579 755 1598 cum
767 1571 904 1606 discipulis
916 1572 984 1605 suis,

201 1622 351 1651 assumptus
368 1622 418 1644 est.
437 1616 503 1643 Tum
518 1617 614 1644 deinde
630 1618 733 1645 honore
746 1625 777 1645 ac
790 1618 919 1653 dignitate
935 1618 982 1646 Pa.

202 1664 234 1690 tri
244 1671 275 1690 ac
288 1663 356 1690 Filio
371 1664 501 1690 sociatum
515 1663 683 1690 tradiderunt
694 1663 824 1698 Spiritum
835 1665 985 1692 sanctum“.

202 1708 228 1735 In
244 1710 295 1736 hoc
311 1717 363 1736 non
377 1708 433 1743 jam
456 1709 597 1736 manifeste
611 1709 783 1741 discernitur.
800 1715 888 1737 utrum
909 1716 989 1738 natus

201 1762 233 1781 an
249 1755 355 1782 innatus
371 1754 425 1789 (5t)
440 1754 481 1782 vel
496 1755 579 1782 Filius
594 1755 676 1782 etiam
700 1755 745 1783 Dei
771 1756 830 1790 ipse
852 1756 992 1784 habendus

1038 207 1070 234 de
1086 214 1162 234 sacra
1180 206 1328 241 Scriptura,
1342 209 1369 232 et
1389 204 1476 239 sagaci
1494 201 1689 238 perquisitione
1711 199 1822 227 investi-

1037 253 1132 288 ganda.
1147 252 1218 279 Sane
1233 251 1303 285 quod
1320 251 1369 278 iste
1387 249 1502 285 Spiritus
1517 252 1735 281 unumquemque
1759 252 1821 271 san-

1036 303 1151 330 ctorum,
1165 298 1204 325 vel
1223 297 1425 332 prophetarum,
1440 295 1481 323 vel
1503 293 1685 329 apostolorum
1706 290 1821 325 inspira-

1036 345 1104 371 verit
1120 343 1187 377 (52),
1203 347 1295 370 etnon
1311 342 1379 369 alius
1403 341 1521 377 Spiritus
1546 341 1571 368 in
1588 339 1732 370 veteribus,
1753 337 1821 364 alius

1037 397 1101 416 vero
1120 390 1145 415 itt
1166 389 1208 416 his
1226 389 1270 423 qui
1291 389 1317 415 in
1336 389 1451 416 adventu
1474 386 1574 414 Christi
1599 384 1720 419 iuspirati
1745 386 1818 414 sttttt,

1036 435 1357 467 fuerit,manifestissime
1371 435 1397 461 in
1415 431 1545 460 Ecclesiis
1561 430 1732 466 pradicatur.

1071 481 1097 508 5.
1109 480 1172 508 Post
1189 481 1245 508 [nec
1257 480 1311 514 jam
1326 481 1396 514 quod
1414 479 1503 506 anima
1526 476 1704 505 substantiam
1721 474 1821 502 vitam-

1035 533 1087 561 que
1103 526 1205 554 habens
1220 525 1365 560 propriam,
1379 532 1439 552 cuin
1455 531 1488 552 ex
1506 524 1558 551 hoc
1576 522 1674 550 mundo
1690 521 1820 548 discesse-

1036 573 1080 605 rit,
1094 578 1142 607 pro
1153 572 1211 599 suis
1227 572 1330 598 meritis
1345 570 1554 605 dispensahitur,
1570 569 1626 596 sive
1639 568 1700 594 vitae
1713 571 1820 594 aeternas

1036 626 1068 645 ac
1082 617 1255 645 beatitudinis
1279 616 1433 643 haereditate
1453 615 1582 649 petitura,
1607 613 1629 641 si
1655 613 1706 640 hoc
1728 612 1752 639 ei
1772 619 1820 639 sua

1035 669 1108 698 gesta
1132 663 1320 697 praestiterint;
1345 662 1402 689 sive
1425 661 1479 695 igni
1502 665 1603 688 relerno
1625 666 1657 686 ac
1682 657 1821 693 supplii-iis

1036 708 1224 743 mancipanda,
1236 708 1258 735 si
1275 708 1300 735 in
1319 708 1369 735 hoc
1382 714 1441 734 eam
1459 706 1590 734 scelerum
1607 705 1684 739 culpa
1700 704 1822 731 detorse-

1036 750 1085 788 rit;
1105 755 1151 782 sed
1168 758 1195 781 et
1208 754 1271 789 quia
1291 751 1352 781 erit'
1364 758 1467 787 tempus
1482 750 1687 779 resurrectionis
1703 754 1820 777 mortuo-

1036 809 1106 834 rum,
1123 808 1183 828 cum
1206 808 1304 835 corpus
1329 800 1380 827 hoc
1396 799 1467 834 quod
1490 805 1560 825 nunc
1578 807 1587 822 ι
1605 796 1632 824 in
1648 795 1820 829 corruptione

1035 847 1194 878 seminatur,
1205 850 1297 881 surget
1317 845 1344 877 in
1365 844 1583 878 incorruptione;
1599 852 1608 868 ι
1624 846 1651 870 et
1665 841 1736 876 quod
1753 850 1763 866 ι
1777 847 1820 868 se-

1035 894 1152 920 minatur
1170 893 1196 919 in
1222 892 1379 927 ignominia,
1398 894 1490 925 surget
1518 889 1545 916 iu
1571 888 1654 923 gloria
1666 888 1688 914 ⁸.
1705 897 1714 913 ι
1733 887 1779 915 Est
1794 891 1822 914 et

1035 939 1098 965 illud
1119 938 1256 966 definitum
1277 938 1304 964 in
1330 935 1514 964 ecclesiastica
1540 932 1738 967 praedicatione,
1762 939 1821 959 om-

1036 991 1096 1011 nem
1112 983 1228 1010 animam
1244 980 1429 1009 rationabilem
1442 986 1503 1007 esse
1518 978 1595 1005 liberi
1610 978 1717 1005 arbitrii
1731 982 1758 1005 et
1771 984 1821 1004 vo-

1035 1028 1165 1061 luntatis;
1179 1034 1239 1055 esse
1253 1033 1360 1062 quoque
1379 1026 1403 1053 ei
1424 1029 1561 1051 certamen
1584 1023 1714 1050 adversus
1728 1022 1821 1050 diabo-

1036 1074 1090 1102 lum
1108 1079 1134 1102 et
1154 1074 1263 1109 angelos
1278 1073 1347 1107 ejus,
1368 1071 1571 1105 contrariasque
1595 1070 1720 1100 virtutes,
1737 1075 1768 1095 ex
1787 1075 1820 1095 eo

1034 1120 1106 1154 quod
1121 1119 1158 1146 illi
1174 1118 1292 1153 peccatis
1304 1125 1363 1145 eam
1377 1123 1490 1144 onerare
1504 1115 1678 1146 contendant,
1695 1121 1742 1141 nos
1757 1120 1821 1140 vero

1035 1167 1056 1194 si
1075 1171 1147 1193 recte
1166 1165 1342 1199 consultaque
1362 1163 1493 1194 vivamus,
1515 1162 1547 1189 ab
1565 1160 1718 1195 huiusmodi
1736 1167 1820 1187 onere

1036 1211 1091 1247 (53)
1106 1219 1154 1239 nos
1177 1217 1278 1238 exuere
1302 1216 1438 1237 conemur.
1459 1207 1534 1235 Unde
1549 1211 1577 1234 et
1597 1213 1764 1240 consequens
1779 1210 1821 1232 est

1036 1257 1184 1291 intelligere
1198 1256 1231 1288 η,
1249 1263 1301 1282 non
1319 1262 1367 1282 nos
1379 1253 1533 1281 necessitati
1556 1259 1615 1279 esse
1630 1250 1775 1285 subjectos,
1791 1255 1820 1277 ut

1036 1302 1200 1334 omnimodo,
1214 1301 1319 1329 etiamsi
1332 1301 1458 1332 nolimus,
1470 1300 1510 1327 vel
1522 1298 1590 1326 mala
1603 1297 1643 1325 vel
1656 1299 1724 1325 bona
1740 1305 1820 1332 agere

1037 1354 1174 1381 cogamur.
1191 1346 1218 1373 Si
1235 1347 1307 1374 enim
1321 1347 1405 1372 nostri
1420 1346 1525 1373 arbitrii
1544 1353 1648 1377 sumus,
1662 1345 1821 1379 impugnare

1038 1399 1087 1419 nos
1103 1391 1216 1419 fortasse
1239 1395 1351 1425 possunt
1363 1391 1419 1426 (Si)
1433 1390 1529 1425 aliqum
1553 1391 1665 1418 virtutes
1681 1390 1713 1416 ad
1730 1397 1823 1424 pecca-

1038 1440 1105 1470 tum,
1119 1441 1145 1463 et
1160 1436 1219 1463 alite
1234 1435 1328 1470 juvare
1342 1436 1375 1462 ad
1389 1435 1500 1462 salutem
1514 1444 1522 1469 ;
1550 1442 1602 1462 non
1624 1439 1711 1462 tamen
1729 1442 1822 1462 neces-

1037 1482 1117 1509 sitate
1132 1482 1253 1516 cogimur
1269 1481 1309 1507 vel
1325 1488 1405 1515 agere
1420 1485 1502 1512 recte,
1516 1479 1557 1506 vel
1574 1479 1643 1507 male
1656 1487 1663 1507 :
1680 1480 1750 1514 quod
1764 1480 1820 1506 ﬁeri

1037 1528 1204 1555 arbitrantur
1220 1527 1245 1554 hi
1267 1526 1312 1562 qui
1330 1526 1466 1554 stellarum
1482 1533 1590 1554 cursum
1610 1529 1638 1552 et
1653 1530 1741 1553 tnotus
1757 1532 1821 1553 catt-

1037 1581 1095 1601 sam
1112 1572 1203 1600 dicunt
1218 1572 1396 1600 humanorum
1413 1579 1473 1599 esse
1490 1575 1638 1607 gestorum.
1662 1579 1715 1598 nott
1735 1570 1820 1598 solum

1037 1626 1131 1646 eorum
1144 1626 1204 1653 qua:
1216 1623 1292 1645 extra
1307 1618 1410 1645 arbitrii
1426 1617 1549 1645 accidunt
1564 1617 1725 1650 libertatem,
1737 1617 1783 1644 sed
1795 1621 1821 1643 et

1040 1672 1133 1693 eorum
1143 1672 1203 1699 quae
1214 1664 1240 1691 in
1252 1668 1342 1691 nostra
1354 1668 1415 1691 sunt
1428 1664 1512 1698 posita
1525 1667 1666 1697 potestate.
1681 1662 1718 1689 De
1732 1662 1821 1688 anima

1042 1717 1106 1738 vero
1118 1715 1208 1738 utrum
1224 1717 1256 1737 ex
1275 1709 1386 1737 seminis
1403 1709 1512 1736 traduce
1526 1709 1582 1744 (55)
1603 1708 1725 1740 ducatur,
1742 1708 1778 1735 ita
1794 1713 1822 1734 ut

1045 1757 1114 1784 ratio
1135 1757 1219 1791 ipsius
1242 1756 1282 1784 vel
1306 1755 1453 1784 substantia
1469 1755 1568 1782 inserta
1590 1755 1655 1788 ipsis
1676 1754 1822 1781 seminibus

236 1815 247 1830 ⁶
257 1815 317 1841 vide
330 1814 484 1848 Origenian.
505 1814 523 1841 l.
536 1822 568 1850 tt,
582 1821 610 1848 q.
622 1815 649 1841 2.
687 1814 697 1830 ⁷
707 1814 787 1849 Joan.
800 1823 819 1848 t,
830 1815 858 1843 5.
901 1816 912 1831 ⁸
925 1815 983 1843 vide
997 1815 1153 1850 Origenian.
1165 1815 1183 1842 l.
1196 1822 1227 1847 tt,
1240 1822 1268 1849 q.
1279 1815 1308 1842 ‘2.
1351 1816 1361 1831 ⁹
1373 1813 1383 1841 l
1393 1814 1456 1842 Cor.
1470 1821 1514 1847 xv,
1527 1813 1574 1845 42,
1623 1813 1645 1829 "
1658 1812 1715 1840 vide
1728 1812 1822 1849 Orige-

203 1849 274 1876 nian.
289 1850 306 1876 Ι.
319 1857 349 1881 ll,
362 1857 390 1884 q.
402 1850 429 1881 7,
447 1857 520 1876 num.
535 1849 562 1876 5.

237 1908 375 1944 (mitium
390 1908 545 1944 nihil_euet,
560 1915 615 1934 esse
626 1907 685 1940 fecit
698 1908 829 1944 universe.
844 1906 881 1933 Ita
892 1914 987 1944 omnes

203 1942 267 1970 mss.
285 1943 389 1970 Merlin.
406 1947 434 1970 et
445 1942 559 1974 Geueb.,
579 1951 589 1968 ι
609 1949 641 1969 ex
667 1942 745 1969 nullis
768 1942 832 1969 fecit
850 1949 909 1970 esse
925 1943 988 1970 uni-

203 1986 290 2005 versa.
307 1988 315 2004 ι

238 2013 293 2048 (58)
309 2012 360 2045 Qui
374 2021 431 2039 cum
459 2013 485 2038 in
507 2012 620 2048 omnium
646 2013 792 2048 conditione
812 2010 888 2038 I’atri
909 2014 986 2039 mini-

203 2047 318 2074 atrnuet.
333 2048 389 2074 Non
405 2048 499 2074 desunt
516 2047 635 2079 exempla
652 2047 813 2072 lmzutiimum
830 2048 925 2079 quibus
942 2048 984 2073 Fi-

160 2104 168 2110 .
204 2081 255 2109 lius
274 2087 336 2109 ante
358 2083 543 2109 incarnatione
554 2090 569 2106 n
598 2082 695 2106 dicitur
724 2082 778 2107 ιντο
807 2081 878 2107 l’alri
906 2084 984 2107 mini-

205 2121 314 2149 !lnsse,
331 2125 384 2144 non
408 2117 486 2143 modo
500 2117 526 2142 in
543 2116 575 2141 iis
593 2116 637 2149 qui
655 2120 717 2142 ante
739 2116 831 2141 Arium
849 2117 982 2147 ιίχιετιιιιι,

205 2121 314 2148 Ilum,
331 2125 384 2144 non
408 2120 486 2143 modo
500 2120 526 2142 in
543 2123 575 2141 us
593 2123 616 2149 qi

321 2158 417 2187 nempe
429 2156 560 2187 martyre,
574 2150 614 2191 :I'h

182 2212 195 2262 Ιν
260 2212 278 2262 i
283 2212 341 2262 -ﬁv
345 2212 404 2262 -ηεντῙ
409 2212 436 2262 i
435 2212 455 2223 -Αν
460 2212 496 2262 'I‘
486 2212 530 2262 'I'I’
547 2212 551 2213 ν
593 2219 601 2262 !

89 2262 710 2310 _.‘

12 2310 22 2377 Β
64 2310 855 2377 ο;,ξ;ξ;

494 2184 631 2218 Mne.
645 2184 821 2215 Tertultizno,
844 2192 870 2209 σπι
886 2186 910 2211 in
929 2188 984 2218 μυί-

544 2219 606 2252 ﬂ
617 2219 732 2248 Μαι
757 2220 964 2246 Sarrtmatrznlirtt
978 2232 981 2248 ;

595 2253 688 2287 μ
707 2254 839 2283 Aliarum
863 2256 946 2280 lixarr's
961 2265 984 2281 ιιι

721 2288 762 2317 De
773 2287 913 2319 Τιίιοὶιατνε,
931 2290 967 2314 Ha
977 2306 983 2308 .

635 2324 780 2352 hic.
810 2324 902 2349 Urunt
926 2333 986 2350 Hm

759 2366 857 2388 necne
873 2358 957 2383 *νιετιιι
974 2368 985 2382 ι.

769 2398 868 2424 lutum
897 2400 986 2424 puta.

897 2427 910 2436 η

962 2469 989 2489 *ι

1037 1911 1092 1934 tate
1104 1911 1131 1934 et
1143 1906 1246 1934 honore
1263 1911 1328 1943 post
1344 1906 1451 1935 Patrem
1463 1911 1490 1934 et
1506 1907 1603 1935 Filium
1620 1909 1717 1937 asserit
1736 1909 1822 1943 Spiri-

1036 1946 1092 1977 tum
1104 1947 1239 1973 sanctum.
1253 1942 1286 1977 de
1296 1949 1349 1975 quo
1366 1949 1427 1969 cum
1450 1943 1575 1977 ignorare
1599 1951 1629 1971 se
1644 1944 1717 1971 dicat
1731 1942 1820 1972 utrum

1036 1976 1121 2004 [tctus
1136 1976 1171 2003 sit
1192 1985 1223 2002 an
1246 1976 1373 2013 inii-ctus,
1394 1977 1419 2004 in
1442 1976 1635 2012 pestcrioribus
1650 1979 1713 2013 quid
1735 1980 1769 2006 de
1789 1986 1822 2007 eo

1035 2013 1147 2038 sentiret
1162 2014 1291 2045 etim-sm
1312 2009 1376 2039 nihil
1395 2009 1496 2047 absque
1517 2013 1574 2040 Deo
1592 2009 1671 2041 Patre
1692 2014 1821 2041 infectum

1034 2055 1093 2074 ωδε
1117 2048 1279 2073 rzmxtirumns
1314 2058 1321 2073 ›
1344 2047 1461 2083 Legebat
1487 2047 1613 2074 nimirum
1644 2048 1822 2083 Hieronymus

1033 2083 1143 2116 γςιητὸς
1169 2083 1183 2115 ἦ
1208 2083 1347 2119 iri-n59;
1362 2082 1486 2119 ilin‘tinus
1499 2087 1637 2119 econtra,
1652 2083 1779 2119 γεννητὸς
1804 2084 1820 2119 ἢ

1032 2115 1185 2151 diri-iuga;
1207 2119 1241 2142 in:
1264 2119 1304 2142 his
1326 2118 1384 2143 vide
1399 2115 1614 2152 Origenianorum
1632 2115 1677 2143 lib.
1705 2115 1736 2148 ti,
1749 2125 1776 2152 q.
1793 2115 1821 2150 9,

321 2158 417 2187 nempe
429 2156 560 2187 martyre,
574 2145 722 2181 Theophila
737 2150 915 2181 Αιιιὶοιιὴιςιιη,
931 2145 982 2177 Ire;
1000 2159 1022 2187 υ
1038 2145 1107 2177 nuru.
1125 2145 1225 2181 121.22.
1244 2152 1277 2176 2.“.
1293 2156 1314 2175 ιιι
1336 2151 1380 2178 2t.
1393 2145 1468 2183 Quini
1480 2155 1570 2177 autem
1586 2151 1628 2178 bis
1641 2145 1734 2178 verbis
1746 2145 1764 2177 ι’
1775 2145 1823 2180 ηαξ

202 2183 425 2202 διάξει-...ιι
437 2185 620 2202 ᾹΙη-Ᾱοῖηιι
645 2184 811 2202 τ-.ι..η;ασ.η
844 2192 866 2202 ...
887 2186 910 2202 ι..
929 2188 968 2202 ι.ι.;
1039 2193 1062 2202 ...
1286 2196 1292 2202 ι
1311 2188 1334 2202 ...
1350 2191 1423 2202 ...ιη
1437 2185 1627 2202 ...ιιςιιηνίηιιιι
1656 2195 1665 2202 .
1684 2187 1724 2202 ....t
1739 2186 1822 2202 mn..-

1039 2193 1078 2211 in.
1096 2195 1127 2211 :in
1146 2192 1263 2216 nimim,
1285 2196 1292 2209 p
1311 2188 1334 2211 in
1350 2191 1423 2212 textu
1437 2185 1639 2218 subjunximus.
1656 2195 1665 2211 ε
1684 2187 1724 2212 vel
1739 2186 1823 2216 Filius

1036 2228 1115 2246 ιιιςιηι
1134 2221 1177 2246 lim
1196 2222 1250 2253 ipw
1267 2221 1405 2247 llJli‘EIIdHS
1425 2220 1461 2247 sit
1485 2227 1580 2252 necne.
1599 2229 1608 2246 I
1628 2221 1653 2248 id
1667 2221 1774 2254 quidem
1797 2223 1822 2250 in

1038 2263 1114 2281 nam-rt
1131 2264 1143 2276 ιι
1158 2257 1209 2281 ὶιιιη
1226 2257 1298 2280 nm.
1314 2256 1492 2287 desideratur,
1508 2255 1554 2282 sed
1572 2256 1598 2282 in
1611 2256 1739 2284 omnibus
1757 2265 1821 2285 mss.

1038 2298 1179 2316 rum-rw”.

1068 2313 1126 2355 ’λιιι
1152 2313 1332 2359 Ιῆενινινρλίλ.
1356 2325 1401 2353 Sic
1422 2332 1488 2352 mos.
1514 2325 1598 2355 Alias.
1615 2334 1624 2351 ί
1643 2325 1794 2359 inspiravit.
1812 2336 1821 2353 ι

1040 2361 1056 2386 i'
1068 2366 1100 2385 »ιιι
1114 2375 1120 2385 ,
1134 2368 1188 2393 ςιιιμι
1206 2370 1281 2388 τηεμ..
1301 2370 1308 2383 α
1328 2360 1451 2395 Πιψὶηηί
1467 2364 1537 2392 sttui,
1554 2360 1645 2395 fuerit,
1661 2361 1824 2389 manifestis-

1041 2405 1058 2421 ιι
1074 2406 1115 2424 ἔν’(
1136 2407 1143 2420 ι
1161 2402 1195 2421 r-t:
1207 2416 1213 2422 .
1231 2397 1257 2422 1»
1278 2402 1350 2421 unus
1364 2395 1445 2422 editis
1459 2395 1535 2421 dust
1550 2403 1559 2419 I
1578 2394 1668 2422 inierit.
1684 2404 1694 2421 ι

1149 2431 1199 2456 Vox
1220 2441 1228 2455 4
1248 2439 1329 2456 unum
1344 2440 1353 2455 ι
1369 2431 1444 2457 deest
1457 2430 1526 2464 apud
1545 2429 1685 2464 Merlinum
1699 2434 1727 2457 et
1741 2429 1826 2457 Gene-

1043 2468 1120 2491 imm
1133 2476 1178 2496 tm,
1192 2468 1234 2491 aet
1252 2466 1382 2500 τί-ιιιιι-ίιιπ
1398 2465 1424 2491 in
1436 2463 1562 2500 Apologia
1579 2463 1709 2498 Pamphili
1725 2465 1752 2491 in
1772 2473 1823 2500 qua

1043 2503 1085 2525 tm;
1104 2503 1176 2526 tum”
1192 2504 1344 2526 r'riti‘ulztur.
1360 2499 1388 2527 In
1403 2507 1468 2527 mss.
1489 2500 1538 2526 hoc
1551 2498 1611 2526 loco
1628 2506 1677 2533 pro
1691 2508 1701 2525 ι
1715 2498 1798 2527 onere
1813 2509 1824 2525 ρ

1042 2538 1138 2569 kgztur
1157 2545 1164 2560 ι
1185 2538 1251 2561 Iube,
1272 2546 1280 2559 ι

1078 2571 1133 2605 (3M)
1150 2571 1304 2604 [inpugnare
1316 2577 1361 2596 nos
1377 2569 1487 2605 fartam
1506 2568 1688 2605 ῃρειιιημβία
1701 2568 1828 2605 inomni-

1042 2601 1095 2631 Ni.
1109 2601 1150 2639 leg
1164 2601 1203 2632 tu'r
1220 2601 1283 2631 me.
1296 2612 1323 2630 et
1339 2604 1364 2630 in
1377 2601 1504 2638 'Apnlagia
1516 2602 1664 2639 Pamphili;
1677 2603 1745 2639 apud
1763 2602 1829 2628 Mer-

1112 2636 1215 2667 oi'vum
1240 2645 1265 2664 ιιι
1291 2636 1502 2670 (innebrarduin,
1526 2647 1535 2663 α
1565 2637 1696 2672 instigare
1716 2636 1829 2663 fortasse

1188 2687 1195 2701 ι
1214 2676 1294 2702 l'aulo
1311 2679 1368 2707 post
1382 2681 1457 2706 mss.,
1471 2682 1480 2698 ε
1500 2679 1553 2707 nan
1575 2672 1659 2707 solum
1677 2678 1827 2697 eorum.....

1156 2718 1253 2737 torum.
1277 2720 1284 2734 ι
1306 2706 1433 2736 Μετιίηιη
1449 2712 1478 2734 ct
1492 2706 1670 2737 Genebrard.,
1685 2713 1695 2730 ι
1715 2712 1767 2731 non
1784 2713 1828 2732 eo-

1168 2748 1213 2771 :mi
1228 2753 1329 2771 eorum.
1347 2753 1356 2769 I

1164 2779 1267 2806 Reminii
1283 2779 1399 2804 traduce.
1416 2776 1461 2803 Sic
1485 2781 1578 2801 omnes
1600 2780 1677 2806 mss.,
1692 2772 1752 2800 libri
1768 2781 1830 2799 vero

1174 2816 1272 2842 SCIhilii:
1289 2819 1327 2839 ira
1340 2813 1415 2839 lucis.
1434 2819 1443 2835 ι
1459 2809 1527 2836 infra
1543 2816 1620 2840 mss.,
1639 2817 1647 2833 t
1664 2808 1831 2836 extrinsecus
