3952 6144
376 211 479 267 119

1643 215 1959 272 ORlGENlS
1995 216 2413 288 ΠΕΡιεΑΡΧιιΝ

3522 215 3627 271 120

368 326 744 396 corporalibus
775 330 1140 394 babeatur,an
1170 346 1295 385 vero
1319 331 1462 387 aliud
1480 331 1672 389 habeat
1699 336 1939 390 initium:
1974 341 2021 397 Α
2051 336 2217 391 libros
2254 335 2649 392 ecclesiasticos
2681 348 2785 389 non
2828 334 3092 398 habetur;
3130 339 3183 388 et
3222 334 3618 389 ostendemlum

364 426 423 473 et
464 419 565 473 hoc
604 419 776 487 ipsum
807 421 1014 475 initium
1053 422 1097 475 si
1134 423 1370 492 genitum
1399 430 1501 487 est,
1528 433 1619 477 aut
1660 441 1764 480 non
1790 427 1937 496 geni-

369 518 479 562 tum
515 527 528 564 :
560 511 642 565 vel
676 522 821 566 certe
848 514 892 566 si
923 513 1258 568 extrinsecus
1291 517 1502 582 corpori
1557 516 1777 581 inditur,
1808 534 1931 572 nee-

366 614 471 654 ne:
504 614 606 653 non
652 601 785 654 satis
826 602 1102 654 manifesta
1146 605 1530 670 prmdieatiOne
1565 606 1932 675 distinguitur.

438 691 490 748 6.
523 691 595 743 De
626 690 837 744 diabolo
867 699 919 745 et
944 691 1148 760 angelis
1183 692 1299 763 ejus
1334 696 1728 764 contrariisque
1759 698 1932 751 virtu-

365 779 507 832 tibus
537 780 897 834 ecclesiastica
932 783 1251 850 praedicatio
1284 786 1485 851 docuit,
1518 788 1769 855 quoniam
1807 799 1933 842 sunt

361 869 574 936 quidem
619 869 731 923 ιιωο
761 868 908 939 (56);
947 886 1067 940 qum
1131 883 1311 928 autem
1364 877 1494 940 sint,
1530 888 1621 931 aut
1664 879 1933 946 quomodo

359 961 486 1021 sint,
520 975 622 1013 non
654 963 785 1016 satis
820 962 963 1018 clare
992 968 1261 1034 exposuit.
1295 969 1445 1036 Apud
1471 970 1727 1037 plurimos
1756 980 1929 1025 tamen

360 1053 456 1104 ista
498 1052 725 1106 habetur
760 1056 961 1125 opinio,
995 1056 1137 1124 quod
1162 1058 1387 1125 angelus
1419 1059 1584 1114 fuerit
1615 1061 1714 1115 iste
1739 1061 1931 1116 diabo~

357 1142 459 1205 lus,
496 1154 549 1197 ct
582 1153 824 1211 apostata
874 1145 1099 1202 ell'ectus
1149 1148 1575 1217 quamplurimos
1619 1152 1927 1219 angelorum

356 1248 535 1286 secum
574 1237 847 1289 declinare
875 1238 1227 1304 persuaserit,
1252 1238 1342 1306 qui
1368 1247 1422 1291 et
1465 1254 1606 1293 nunc
1640 1254 1806 1309 usque
1836 1257 1931 1295 an-

356 1324 455 1392 geli
493 1325 658 1392 ipsius
689 1337 1090 1395 nuneupantur.

428 1415 478 1466 7.
518 1416 608 1468 Est
644 1426 901 1484 przeterea
941 1428 994 1472 et
1026 1418 1148 1473 illud
1188 1418 1239 1471 in
1265 1420 1633 1477 ecclesiastica
1670 1423 1929 1491 praedica-

357 1507 523 1569 tione,
561 1510 698 1574 quod
729 1508 838 1579 (57)
875 1512 1106 1565 mundus
1139 1513 1236 1566 iste
1264 1512 1437 1567 factus
1485 1514 1573 1579 sit,
1612 1525 1665 1568 et
1708 1532 1735 1568 a
1776 1526 1927 1569 certo

358 1607 597 1665 tempore
626 1601 870 1668 cmperit,
895 1613 949 1654 et
975 1603 1045 1656 sit
1074 1617 1167 1671 pro
1200 1604 1309 1671 ipsa
1343 1605 1423 1658 sui
1452 1607 1795 1674 corruptione
1821 1607 1926 1660 sol-

352 1687 577 1743 vendas.
603 1688 738 1754 Quid
768 1699 943 1745 tamen
989 1701 1112 1745 ante
1150 1697 1293 1748 hunc
1340 1699 1595 1748 mundum
1622 1694 1802 1760 fuerit,
1834 1704 1926 1749 aut

352 1780 481 1848 quid
514 1790 629 1848 post
661 1784 918 1836 mundqu
941 1784 1062 1849 erit,
1088 1783 1196 1851 jam
1225 1800 1328 1839 non
1361 1800 1457 1853 pro
1486 1785 1768 1840 manifesto
1794 1786 1926 1839 mul-

352 1871 421 1924 tis
443 1871 691 1927 innotuit.
725 1872 838 1925 Non
867 1873 1006 1926 enim
1031 1875 1250 1930 evidens
1282 1876 1395 1944 (58)
1424 1876 1490 1930 de
1541 1876 1623 1932 bis
1667 1877 1717 1929 in
1750 1877 1925 1930 eccle-

350 1961 565 2015 siastica
598 1964 975 2020 pradicatione
1004 1979 1181 2019 sermo
1212 1965 1509 2035 profertur.

419 2052 471 2105 8.
501 2052 634 2106 Tum
669 2055 880 2107 demmn
915 2055 1054 2121 quod
1085 2071 1178 2125 per
1217 2055 1473 2125 Spiritum
1507 2056 1600 2111 Dei
1633 2056 1935 2134 Scriptura;

350 2147 667 2214 conscripta:
706 2148 810 2200 sint
851 2157 904 2201 et
946 2161 1159 2202 sensum
1196 2149 1464 2214 habeant,
1508 2164 1613 2203 non
1658 2165 1779 2205 eum
1837 2164 1925 2205 so-

349 2236 457 2288 lum
491 2240 581 2307 qui
640 2240 691 2293 in
739 2242 1024 2298 manifesto
1073 2251 1175 2304 est,
1209 2242 1303 2295 sed
1350 2250 1403 2295 et
1451 2240 1613 2295 alium
1636 2242 1924 2310 quemdam

348 2331 602 2386 latentem
634 2334 1075 2403 quamplurimos.
1106 2333 1313 2387 Forma:
1341 2332 1483 2387 enim
1513 2341 1638 2386 sunt
1666 2332 1779 2387 haec
1807 2347 1927 2402 quas

348 2422 613 2491 descripta
648 2434 771 2477 sunt
797 2424 908 2496 49
935 2436 1399 2481 sacramentorum
1452 2425 1830 2491 quorumdam,
1873 2430 1927 2477 et

349 2512 651 2567 divinarum
685 2529 862 2570 rerum
892 2518 1152 2585 imagines
1187 2515 1321 2587 (59).
1359 2517 1433 2572 De
1473 2532 1583 2586 quo
1622 2515 1786 2570 totius
1820 2515 1924 2571 Ec-

349 2604 527 2659 clesim
558 2622 659 2659 una
689 2609 957 2665 sententia
991 2617 1077 2663 est
1106 2609 1240 2678 (60),
1274 2624 1396 2665 esse
1440 2610 1657 2679 quidem
1704 2623 1923 2664 omnem

348 2697 518 2766 legem
572 2699 900 2766 Spiritalem;
954 2716 1059 2755 non
1109 2711 1288 2755 tamen
1342 2716 1403 2755 ea
1445 2717 1566 2769 qua:
1609 2702 1781 2771 spirat
1816 2701 1922 2767 lex,

345 2804 463 2844 esse
493 2790 740 2845 omnibus
769 2800 915 2855 nota,
945 2793 1046 2846 nisi
1084 2793 1165 2847 his
1194 2793 1322 2848 solis
1358 2794 1553 2861 quibus
1586 2794 1761 2861 gratia
1795 2792 1923 2861 Spi-

346 2880 482 2932 ritus
515 2882 685 2934 sancti
736 2881 787 2934 in
826 2882 986 2935 verbo
1016 2883 1294 2950 sapientiae
1340 2898 1404 2937 ac
1454 2883 1696 2937 scientiae
1727 2884 1928 2937 condo-

347 2979 528 3022 natnr.
564 2970 865 3037 Appellatio
896 2982 1072 3025 autem
1109 2973 1425 3042 ἀσωμάτου,
1461 2973 1510 3025 id
1554 2983 1636 3027 est
1672 2974 1923 3042 incorpo-

2039 427 2164 496 quia
2197 440 2371 495 neque
2398 424 2543 480 Petri
2574 433 2653 480 est
2690 425 2801 492 ipsa
2851 424 3136 492 scriptura,
3166 426 3355 494 fneque
3393 425 3620 481 alterius

2038 516 2353 583 cujusquam
2390 515 2479 584 qui
2506 514 2711 584 Spiritu
2769 514 2859 568 Dei
2888 514 3047 567 fuerit
3088 516 3406 582 inspiratus.
3458 514 3613 580 Quod

2037 607 2248 663 etiamsi
2287 608 2463 676 ipsum
2503 607 2911 670 concederetur,
2956 621 3061 659 non
3112 607 3255 659 idem
3305 620 3495 659 sensus
3542 606 3615 662 ibi

2035 712 2099 751 ex
2131 697 2235 750 isto
2265 711 2518 750 sermone
2558 694 2848 765 ἀσωμάτου
2896 694 3190 756 indicatur,
3219 695 3308 762 qui
3341 709 3369 747 a
3409 695 3616 749 Graecis

2035 795 2090 843 et
2118 785 2406 856 gentilibus
2433 786 2544 856 (6Q)
2572 785 2882 839 auctoribus
2919 783 3238 849 ostenditur,
3267 801 3389 839 cum
3429 787 3494 839 de
3531 786 3615 839 in-

2034 891 2294 945 corporea
2355 887 2545 929 natura
2594 891 2623 928 a
2674 874 3007 944 philosophis
3049 874 3372 943 disputatur.
3410 872 3465 927 lu
3512 876 3614 929 hoc

2034 970 2178 1025 enim
2223 967 2402 1022 libello
2444 968 2822 1034 incorporeum
2860 965 3183 1020 dmmonium
3219 965 3377 1029 dixit,
3414 981 3512 1033 pro
3546 981 3614 1020 eo

2033 1060 2175 1131 quod
2221 1060 2336 1127 ipse
2380 1057 2467 1112 ille
2505 1057 2811 1125 quicunque
2850 1065 2935 1109 est
2978 1054 3213 1117 habitus,
3260 1056 3341 1109 vel
3380 1058 3613 1109 circum-

2033 1151 2258 1221 scriptio
2286 1148 2565 1203 dzemonici
2596 1147 2856 1215 corporis,
2891 1161 2995 1199 non
3026 1155 3108 1199 est
3138 1146 3331 1200 similis
3363 1146 3488 1199 huic
3520 1161 3613 1199 no-

2031 1254 2143 1296 stro
2167 1239 2421 1295 crassiori
2452 1248 2507 1294 et
2534 1236 2727 1293 visibili
2754 1237 2964 1304 corpori
2993 1254 3005 1288 :
3038 1238 3130 1291 sed
3164 1238 3456 1291 secundum
3486 1251 3613 1291 sen-

2031 1350 2147 1389 sum
2180 1334 2295 1402 ejus
2331 1333 2421 1400 qui
2476 1330 2778 1398 composuit
2818 1328 2961 1381 Illam
3007 1329 3358 1395 scripturam,
3409 1326 3609 1381 intelli-

2030 1424 2257 1493 gendmn
2283 1431 2367 1475 cst
2392 1422 2533 1487 quod
2558 1418 2723 1483 dixit;
2755 1418 2803 1471 id
2831 1430 2912 1472 eSt
2940 1433 3041 1471 non
3066 1432 3123 1472 se
3150 1418 3257 1473 tale
3274 1432 3470 1484 corpus
3494 1417 3607 1487 (6'5)

2030 1515 2188 1584 quale
2220 1515 2419 1567 habent
2443 1514 2732 1573 dmmones.
2757 1510 2898 1579 quod
2927 1519 3012 1564 est
3037 1510 3356 1563 naturaliter
3387 1509 3605 1574 subtile,

2030 1615 2083 1658 et
2118 1602 2261 1657 velut
2295 1619 2427 1656 aura
2475 1612 2652 1668 tenue,
2695 1610 2748 1655 et
2794 1609 3011 1669 propter
3058 1600 3158 1652 hoc
3205 1599 3288 1652 vel
3324 1609 3541 1667 putatur
3574 1614 3604 1651 a

2030 1693 2230 1759 inultis,
2261 1693 2341 1747 vel
2378 1692 2576 1746 dicitur
2608 1692 3003 1761 incorporeum,
3035 1690 3130 1744 sed
3167 1689 3368 1743 habere
3396 1703 3455 1743 se
3482 1703 3607 1742 cor-

2029 1800 2126 1853 pus
2151 1785 2379 1839 solidum
2418 1795 2471 1837 et
2518 1784 2798 1853 palpabile.
2832 1785 2885 1838 lu
2918 1784 3308 1839 consuetudine
3346 1798 3477 1837 vero
3508 1784 3606 1836 bo-

2028 1880 2229 1931 minum
2255 1893 2411 1931 omne
2434 1878 2572 1945 quod
2599 1877 2702 1930 tale
2733 1892 2834 1931 non
2869 1877 3049 1944 fuerit,
3079 1879 3451 1945 incorporeum
3476 1878 3604 1932 sim-

2029 1968 2341 2038 plicioribus
2392 1968 2472 2021 vel
2522 1966 2945 2035 imperitioribus
2994 1967 3509 2033 nominatur;velut
3554 1967 3601 2020 si

2027 2061 2147 2131 quis
2178 2074 2358 2114 aerem
2388 2060 2546 2113 istum
2576 2073 2681 2126 quo
2719 2057 2972 2121 fruimur,
3017 2058 3390 2125 incorporeum
3433 2057 3597 2119 dicat,

2027 2150 2458 2221 quandoquidem
2488 2164 2593 2203 non
2625 2158 2708 2202 est
2741 2148 2845 2202 tale
2876 2162 3069 2215 corpus
3117 2156 3171 2200 ut
3217 2146 3598 2216 comprehendi

2029 2258 2089 2296 ac
2123 2240 2292 2295 teneri
2328 2241 2521 2309 possit,
2552 2240 2872 2309 urgentique
2898 2238 3174 2295 resistere.

2097 2333 2151 2387 9.
2190 2331 2502 2397 Quaeremus
2529 2340 2705 2385 tamen
2746 2332 2789 2383 si
2828 2329 2909 2381 vel
2942 2328 3047 2380 alio
3086 2329 3303 2383 nomine
3348 2342 3433 2380 res
3463 2327 3578 2393 ipsa

2030 2435 2187 2488 quam
2225 2419 2399 2473 Graeci
2450 2419 2752 2486 philosophi
2789 2419 3101 2490 ἀσώματον,
3135 2420 3187 2489 id
3230 2429 3315 2473 est
3346 2419 3599 2484 incorpo-

2030 2527 2175 2566 ream
2206 2512 2410 2575 dicttnt,
2448 2511 2498 2563 in
2539 2509 2839 2578 Scripturis
2884 2512 3090 2565 sanctis
3123 2511 3415 2563 invenitur.
3452 2507 3593 2560 Deus

2028 2617 2240 2671 quoque
2270 2602 2384 2671 ipse
2432 2602 2702 2669 quomodo
2753 2600 2977 2669 intelligi
3014 2601 3209 2654 debeat
3259 2598 3370 2669 (64)
3412 2597 3595 2663 inqui-

2030 2694 2253 2747 rendum
2304 2691 2475 2755 est“,
2529 2704 2849 2759 corporeus,
2899 2701 2953 2743 et
3005 2689 3301 2743 secundum
3354 2685 3590 2754 aliquem

2028 2783 2268 2838 habitum
2296 2780 2647 2845 deformatus,
2680 2795 2746 2833 an
2782 2779 3007 2834 alterius
3046 2788 3255 2832 natura:
3285 2791 3446 2844 quam
3475 2789 3596 2828 cor-

2029 2892 2157 2945 pora
2186 2885 2331 2939 sunt,
2363 2874 2504 2942 quod
2538 2873 2724 2939 utique
2761 2872 2811 2924 in
2850 2869 3234 2938 praedicatione
3268 2876 3454 2921 nostra
3489 2880 3598 2919 ma-

2030 2966 2223 3020 nifeste
2269 2980 2372 3018 non
2411 2964 2739 3031 designatur.
2789 2961 2989 3016 Eadem
3048 2974 3266 3029 quoque
3318 2960 3482 3012 etiam
3528 2956 3595 3010 de

348 3059 423 3112 rei
455 3073 559 3111 non
589 3059 759 3113 solum
789 3064 925 3131 apud
963 3064 1159 3118 multos
1189 3064 1343 3126 alios,
1373 3078 1557 3117 verum
1585 3064 1748 3117 etiam
1785 3065 1923 3132 apud
1951 3049 1993 3106 C
2027 3055 2245 3110 ChriSlO
2286 3062 2341 3108 el
2367 3054 2434 3107 de
2462 3053 2666 3121 ὃνίτὶιιι
2694 3061 2880 3105 sane“)
2923 3050 3245 3121 requirenda
3289 3059 3450 3115 ευηῑ,
3496 3047 3593 3102 ⁵θά

347 3158 562 3205 nostras
594 3149 902 3219 Scripturas
924 3157 1278 3210 estiuusitata
1306 3166 1360 3211 et
1387 3156 1677 3225 incognita.
1705 3155 1759 3209 Si
1793 3170 1920 3210 vero

346 3240 469 3308 quis
492 3241 622 3295 velit
645 3243 797 3297 nobis
829 3244 1072 3309 proferre
1101 3260 1165 3299 ex
1200 3247 1288 3301 illo
1320 3245 1500 3301 libello
1521 3247 1609 3314 qui
1640 3244 1783 3299 Petri
1810 3245 1917 3299 Do-

344 3334 519 3387 ctrina
550 3335 847 3404 appellatur
869 3335 999 3408 (6l),
1024 3338 1110 3390 ubi
1139 3336 1386 3392 Salvator
1413 3338 1624 3392 videtur
1657 3338 1722 3391 ad
1756 3338 1919 3392 disci-

345 3425 499 3493 pulos
524 3426 733 3481 dicere:
758 3446 775 3479 ι
804 3427 916 3481 Νοιι
944 3444 1060 3483 sum
1092 3428 1414 3483 daemonium
1444 3430 1822 3497 incorporeum
1846 3447 1859 3495 ;
1893 3449 1911 3481 ι

344 3517 521 3584 primo
547 3518 975 3590 respondendum
998 3529 1081 3575 est
1107 3521 1177 3589 ei,
1206 3521 1459 3591 quoniam
1495 3520 1581 3577 ille
1615 3520 1747 3577 liber
1776 3521 1916 3576 inter

417 3704 455 3735 “
485 3703 605 3758 vide
635 3701 946 3775 Origenian.
973 3707 1009 3759 l.
1044 3723 1101 3775 ιι,
1142 3722 1197 3778 q.
1227 3710 1276 3772 1,
1318 3725 1372 3766 ιι.
1400 3710 1453 3779 5,
1477 3711 1531 3776 6,
1556 3713 1608 3765 7.

344 3883 564 3949 corpori
600 3881 821 3953 inditur.
864 3899 883 3933 ι
923 3880 1178 3939 Merllnus
1221 3896 1276 3939 et
1310 3887 1572 3953 Genebr.,
1606 3907 1623 3939 ι
1664 3890 1919 3943 intrinse-

343 3967 463 4024 cus,
493 3971 512 4001 ι
545 3949 949 4024 ειθηῦωιξιιιιιι
974 3955 1102 4024 quid
1136 3956 1202 4008 de
1234 3958 1427 4010 anima:
1456 3949 1664 4024 origine
1695 3960 1927 4012 senserit

343 4023 639 4144 grigenesi
652 4018 775 4143 {use
795 4018 1022 4075 docetur
1044 4021 1486 4093 Origeniauorum
1518 4018 1612 4097 li'b.
1638 4044 1700 4094 ιι,
1725 4038 1925 4096 ιιιιωδι.

384 4130 398 4144 .
432 4104 579 4144 num.
687 4127 703 4143 .

367 4095 398 4155 ἱ,
432 4104 579 4145 num.
614 4094 703 4143 11.
1530 4094 1535 4097 ’

415 4161 529 4241 (56)
557 4158 814 4241 _M_erlinus
845 4174 900 4241 et
931 4161 1157 4241 Geneb.,
1193 4183 1212 4216 ι
1238 4166 1499 4241 quoniam
1537 4176 1664 4241 sunt
1686 4167 1925 4234 quidem,

342 4234 437 4355 lseld
478 4229 612 4352 qtuid
644 4231 775 4285 sint.
809 4250 829 4283 ι
863 4232 933 4287 At
962 4249 1095 4289 mss.
1124 4229 1408 4292 lectionem
1436 4238 1603 4292 nostri
1635 4229 1812 4290 teitus
1833 4229 1927 4291 ex;

362 4318 397 4355 ιι
440 4317 505 4353 en
538 4340 550 4352 .

362 4311 550 4355 ιιυρηι.

415 4368 632 4447 (ὄγχβι
657 4370 787 4423 illud
819 4372 874 4424 in
904 4372 1252 4447 ecclesiastica
1269 4377 1639 4440 prmdicalione
1654 4376 1811 4445 quod.
1838 4374 1927 4447 Sic

340 4440 472 4514 mss.
498 4456 511 4504 ;
542 4440 687 4514 libb.‘
705 4451 884 4514 autem
914 4444 1065 4508 editi,
1101 4462 1118 4494 ι
1157 4446 1283 4500 illud
1320 4440 1691 4501 ecclesiastica
1724 4446 1924 4514 prsidi-

342 4509 558 4579 catione
572 4509 868 4579 _delinitum
900 4514 1061 4579 quod,
1094 4532 1111 4563 ι
1137 4526 1241 4568 etc.

414 4578 527 4647 (58)
563 4575 807 4631 Evidens.
841 4575 933 4649 Sic
964 4575 1094 4635 mss.
1122 4583 1291 4649 Alias,
1324 4602 1343 4633 ι
1380 4584 1676 4637 evidenter.
1711 4601 1728 4634 ι
1760 4582 1925 4638 Paulo

338 4658 465 4719 post
491 4661 648 4707 mss.,
682 4665 699 4697 ι
734 4661 830 4714 per
864 4648 1126 4717 Spiritum
1159 4654 1274 4718 Dei,
1317 4671 1336 4704 ι
1376 4653 1529 4717 alias,
1566 4671 1584 4704 ι
1622 4668 1717 4721 per
1746 4653 1920 4721 Spiri-

342 4730 453 4773 tum
484 4722 753 4769 sanctum.
804 4736 822 4768 ι

410 4784 523 4859 (59)
551 4785 844 4865 Si_crntss.;
900 4788 1036 4844 alias
1086 4805 1214 4847 vero
1248 4810 1261 4844 :
1299 4809 1318 4842 ι
1358 4791 1567 4846 Forma:
1613 4792 1754 4865 enim
1810 4793 1922 4846 haec

338 4872 461 4931 quae
512 4864 711 4921 scripta
766 4868 912 4931 sunt,
960 4873 1424 4931 sacramentorum
1472 4864 1829 4931 quorumdam
1870 4873 1923 4917 et

338 4929 647 4983 divinarum
680 4940 859 4980 rerum
890 4929 1151 4993 imagines
1174 4942 1320 4985 sunt.
1358 4949 1375 4980 ι

410 4996 524 5066 (60)
583 4994 744 5057 Mss.,
802 5014 819 5046 ι
861 5013 963 5050 una
1011 5002 1276 5053 sententia
1328 5009 1433 5054 est.
1468 5018 1486 5050 ι
1548 5000 1703 5054 Libb.
1752 5004 1912 5065 editi,

344 5088 361 5118 ι
396 5083 534 5119 unus
580 5076 958 5137 estsensus.i
1001 5068 1139 5120 lul’ra
1190 5081 1310 5137 post
1362 5089 1382 5121 ι
1415 5072 1812 5137 contionatur,»
1866 5078 1916 5127 ιιι

336 5137 501 5208 editis
560 5135 825 5208 additur;
866 5153 891 5208 «γ
916 5149 999 5190 sat
1055 5135 1373 5206 insequitur,
1416 5159 1434 5190 ι
1482 5142 1625 5208 quod
1675 5135 1797 5194 cum
1863 5145 1914 5197 itt

335 5207 590 5261 onmilms
622 5220 750 5258 mss.
780 5205 942 5269 desit,
972 5205 1324 5262 resccamlum
1353 5225 1474 5263 esse
1499 5205 1771 5264 duximus.

409 5276 543 5344 (lii)
598 5274 700 5348 Qui
767 5274 911 5328 l‘elri
981 5276 1235 5330 Doctrina
1299 5280 1615 5347 appellatur.
1679 5279 1916 5348 lgnatitts

337 5356 546 5415 martyr
575 5345 734 5416 epist.
765 5349 832 5397 ad
877 5348 1211 5416 Smyinmos,
1248 5345 1447 5416 (ap.3,
1485 5351 1672 5401 eadem
1705 5345 1911 5405 Christi

336 5413 500 5486 verba
535 5413 740 5486 profert
767 5431 808 5486 ΞΑ
831 5413 1056 5481 Ἐγὼήδὲ
1090 5418 1182 5469 καὶ
1227 5413 1366 5486 perdt
1395 5420 1492 5485 τὴν
1539 5418 1829 5472 ἀνάστασιν
1858 5422 1914 5474 ἐν

338 5482 503 5560 capiti.
536 5481 717 5560 'at'rcov
740 5481 1003 5560 oi6a,_tcal.
1048 5481 1286 5560 quaestio)
1318 5481 1474 5560 ὅγταλ
1524 5489 1629 5560 xui
1647 5490 1735 5541 ὅτε
1777 5490 1913 5560 πρὸς

336 5554 611 5628 coirent-:93.
648 5553 848 5628 Πέτρον
887 5555 1160 5628 ὲ-λήλυθεν,
1188 5558 1289 5627 ἔφη
1321 5558 1528 5620 αὐτοῖς·
1559 5558 1784 5623 Λάϐετε,
1808 5553 1913 5628 ψη·-

339 5623 609 5692 ὶιαᾳήσατέ
654 5640 721 5692 με
755 5626 845 5678 καὶ
882 5623 1039 5691 ἴδετε,
1070 5630 1149 5681 ὃτι
1182 5623 1288 5681 οὐχ’
1314 5628 1429 5697 εἰμὶ
1461 5629 1732 5700 δαιμόνιον
1767 5623 1907 5683 aris;-

2026 3157 2081 3202 et
2126 3146 2192 3200 de
2239 3145 2387 3198 omni
2434 3145 2611 3198 anima
2650 3154 2815 3214 atque
2860 3144 3008 3198 omni
3048 3140 3358 3199 rationabili
3396 3149 3594 3199 natura

2026 3237 2378 3293 nihilominus
2412 3236 2792 3302 requirendum
2822 3245 2925 3288 est.

2098 3326 2183 3381 10.
2230 3326 2322 3379 Est
2375 3325 2539 3381 etiam
2592 3324 2721 3377 illud
2772 3324 2823 3375 in
2877 3322 3247 3377 ecclesiastica
3313 3325 3584 3393 prmdica-

2025 3424 2191 3487 tione,
2233 3436 2350 3476 esse
2384 3420 2605 3490 angelos
2639 3419 2731 3473 Dei
2769 3422 3031 3484 quosdam
3070 3428 3121 3473 et
3157 3421 3387 3475 virtutes
3423 3423 3594 3476 bonas

2024 3515 2115 3587 qui
2147 3515 2194 3570 ei
2238 3513 2548 3569 ministrant
2579 3511 2690 3580 (65)
2740 3510 2804 3564 ad
2853 3510 3081 3566 salutem
3128 3513 3406 3567 hominum
3453 3528 3587 3567 con-

2032 3906 2217 3959 ματον.
2260 3906 2277 3938 ι
2306 3886 2414 3955 Ego
2453 3895 2633 3959 autem
2680 3886 2853 3959 etiam»
2884 3895 3005 3954 post
3046 3889 3500 3959 resurrectionem
3536 3893 3589 3947 in

2024 3956 2189 4013 carne
2240 3960 2411 4025 ipsum
2462 3956 2583 4009 novi
2629 3968 2682 4009 et
2730 3957 2892 4009 credo
2942 3958 3225 4021 exsistere,
3259 3970 3313 4012 et
3346 3975 3467 4013 cum
3521 3965 3588 4016 ad

2025 4028 2242 4082 Petrum
2269 4036 2322 4080 et
2357 4043 2449 4079 eos
2481 4027 2569 4092 qui
2603 4040 2727 4079 cum
2760 4025 2875 4091 ipso
2906 4036 3064 4078 erant
3098 4029 3264 4089 venit,
3296 4029 3433 4083 dixit
3462 4032 3583 4085 eis:

2026 4097 2252 4159 Tenete,
2301 4098 2504 4165 tangite
2552 4111 2664 4158 me,
2714 4106 2766 4147 et
2813 4094 2986 4165 videte
3031 4097 3286 4161 quoniam
3324 4114 3426 4151 non
3468 4114 3587 4152 sum

2024 4169 2347 4221 d:emonium
2378 4163 2772 4232 incorporeum.
2797 4182 2814 4213 ι
2854 4163 2977 4217 llaec
3009 4167 3149 4219 unde
3186 4167 3427 4220 hauserit
3455 4184 3585 4222 san:

2026 4248 2143 4290 ctus
2175 4246 2398 4305 martyr,
2436 4236 2644 4289 nescire
2670 4234 2955 4305 sel-aletur
2986 4234 3248 4305 Eusebius
3280 4234 3420 4291 llist.
3449 4240 3584 4290 εδει.

2031 4306 2121 4358 lib.
2153 4321 2245 4369 ιιι,
2276 4302 2394 4371 cap.
2420 4304 2509 4369 56,
2547 4307 2639 4356 sed
2688 4302 3044 4371 Hieronymus
3084 4306 3136 4355 in
3173 4303 3425 4373 Catalogo
3454 4309 3590 4359 scri-

1960 4359 2004 4414 D
2030 4359 2245 4443 piorum,
2275 4359 2778 4435 ecclesiasticarum,
2822 4359 2909 4424 ubi
2951 4374 3014 4443 de
3056 4373 3261 4441 lgnatio
3302 4359 3432 4443 agit,
3475 4378 3591 4431 haec

2029 4442 2308 4511 desumpta
2339 4458 2460 4496 esse
2488 4444 2563 4494 ait
2597 4457 2617 4491 ι
2642 4443 2707 4495 de
2738 4442 3029 4509 Evangelio
3063 4443 3202 4509 quod
3239 4442 3406 4509 nuper
3439 4461 3468 4497 a
3501 4462 3589 4500 me

2030 4513 2350 4567 translatum
2380 4522 2481 4574 est,
2510 4531 2528 4562 ι
2568 4526 2759 4579 nempe
2786 4513 2850 4581 de
2878 4513 3155 4581 evangelio
3187 4511 3586 4568 Nazaraeorum.

2028 4582 2171 4636 Idem
2205 4590 2432 4635 testatur
2467 4582 2726 4648 prommio
2756 4582 2805 4633 in
2840 4580 3035 4633 librum
3072 4596 3204 4635 xvm
3229 4582 3584 4637 Commentar.

2029 4653 2079 4704 in
2128 4650 2339 4704 Isaiam.
2372 4650 2627 4717 Origenes
2670 4660 2846 4703 tamen
2880 4650 2979 4703 hoc
3015 4654 3261 4718 praesenti
3313 4654 3433 4707 loco
3480 4670 3585 4705 non

2025 4737 2090 4775 ex
2134 4719 2413 4789 evangelio
2446 4719 2853 4782 Nazarmorum,
2903 4722 2996 4772 sed
3031 4739 3049 4773 ι
3079 4736 3141 4774 ex
3184 4722 3441 4775 Doctrina
3489 4722 3585 4776 Pe-

2026 4793 2089 4844 tri
2117 4810 2135 4841 ι
2183 4791 2361 4843 laudat
2398 4790 2594 4843 Christi
2626 4794 2821 4855 verba;
2870 4804 3050 4842 verum
3092 4792 3147 4844 En
3182 4802 3410 4860 utroque
3457 4808 3589 4861 apo-

2024 4861 2225 4930 crypbu
2256 4873 2375 4930 esse
2402 4870 2709 4930 potuerunt.

2095 4927 2205 4998 (02)
2248 4928 2350 4991 Qui
2390 4946 2425 4998 _a
2459 4927 2654 4981 (ἐι-ανεξδ
2691 4941 2737 4981 et
2782 4927 3080 4997 gentilibus.
3129 4928 3219 4983 Sic
3268 4944 3398 4985 mss.
3436 4931 3587 4987 Alias

2023 4996 2223 5063 vero,‘
2252 5000 2340 5063 qui
2374 4996 2578 5050 Grmcis
2609 4998 2689 5050 vel
2721 4996 3030 5065 gentilibus.
3052 5017 3069 5047 ι

2092 5070 2203 5139 (65)
2246 5066 2370 5120 Non
2396 5070 2811 5139 sejalercorpus.
2836 5067 2910 5125 ita
2942 5084 3069 5121 mss.
3098 5068 3265 5132 Alias,
3294 5087 3312 5119 ι
3340 5086 3443 5124 non
3468 5086 3588 5124 esse

2023 5141 2128 5191 tale
2161 5136 2377 5207 corpus.
2401 5156 2418 5187 ι
2463 5136 2627 5188 l’aulo
2659 5151 2776 5205 post
2810 5153 2964 5201 mss.,
2995 5154 3010 5185 ι
3036 5140 3119 5207 vel
3154 5148 3366 5206 putatur
3397 5159 3426 5193 a
3456 5145 3587 5194 mul-

2023 5216 2110 5262 tis.
2134 5228 2152 5259 ι
2186 5206 2352 5271 Alias,
2389 5224 2406 5257 ι
2440 5208 2519 5259 vel
2554 5208 2845 5274 imputatur
2872 5224 2900 5257 ει
2940 5206 3143 5261 multis.
3166 5228 3183 5257 ι

2089 5278 2201 5348 (64)
2243 5278 2384 5348 Deus
2447 5291 2650 5348 quoque
2714 5278 2821 5344 ipse
2890 5279 3148 5348 quomodo
3208 5278 3431 5346 intelligi
3489 5278 3586 5331 de-

2019 5345 2189 5415 rem;
2212 5357 2314 5400 ctc.
2348 5346 2479 5400 Vide
2534 5347 2842 5414 Origeuiun.
2888 5345 2981 5399 lib.
3008 5359 3075 5410 tt,
3106 5362 3161 5415 q.
3190 5348 3239 5413 1,
3286 5345 3435 5409 num.
3465 5350 3498 5403 5
3529 5358 3586 5403 et

2016 5435 2145 5471 5800
2154 5456 2167 5471 .

2244 5487 2346 5549 Qui
2381 5486 2429 5540 ei
2460 5486 2784 5559 ministrant,
2814 5496 2921 5541 elc.
2953 5485 3027 5559 ita
3062 5500 3190 5538 mss.
3212 5486 3380 5559 Alias,
3414 5506 3433 5534 σ
3467 5503 3584 5554 quae

2016 5561 2065 5612 ei
2102 5557 2528 5611 ministrant"...
2566 5558 2656 5610 sed
2688 5560 2903 5622 quamlo
2952 5557 3036 5609 isti
3070 5558 3237 5609 creati
3281 5569 3429 5620 sunt,
3475 5575 3581 5611 non

2018 5631 2148 5685 satis
2182 5630 2233 5683 in
2268 5627 2554 5681 maniICStu
2598 5630 2965 5697 distinguitur.
2992 5643 3010 5676 ι
3057 5623 3228 5679 Paulo
3259 5640 3376 5694 post
3425 5644 3579 5692 mss.,
