3952 6144
257 278 341 332 lii

1619 269 1822 323 LIBER
1865 268 2142 324 l’lllMUS.

3389 264 3492 318 £22

253 390 651 455 summandam;
687 389 778 445 sed
819 390 1042 458 quando
1083 391 1170 444 isti
1202 389 1369 442 creati
1403 389 1532 454 sint,
1566 388 1650 441 vel
1683 404 1816 456 qua-
1849 392 1888 447 Α
1923 387 2062 440 Deus
2103 386 2402 441 secundum
2452 384 2553 439 hoc
2587 384 2729 449 quod
2762 383 2900 453 ignis
2947 382 3068 437 est?
3110 380 3487 449 Nunquidnam

251 479 339 542 les,
366 487 461 531 aut
508 479 781 546 quomodo
810 478 941 546 sint,
972 495 1079 533 non
1120 479 1256 533 satis
1289 479 1343 532 in
1384 477 1678 531 manifesto
1720 478 1816 532 de—

249 572 505 641 signatur.
538 571 614 624 De
661 570 774 625 sole
820 581 1001 625 autem
1046 580 1102 625 et
1145 571 1269 625 luna
1312 578 1365 624 et
1416 568 1589 624 stellis
1631 576 1813 622 utrum

248 661 535 714 animantia
575 661 705 728 sint,
740 655 808 715 ait
844 662 961 716 sine
1001 662 1200 727 anima,
1240 659 1525 714 manifeste
1557 674 1661 713 non
1704 668 1813 712 tra-

1920 482 2198 550 putabitur
2231 494 2553 535 consumere
2585 478 2867 532 materiam
2918 475 3283 545 corporalem,
3317 482 3375 527 ut
3406 482 3491 527 est

1918 573 2158 640 lignum,
2200 572 2283 625 vel
2340 573 2556 634 fenum,
2594 570 2677 624 vel
2728 566 2965 636 stipula?
3007 574 3062 620 et
3115 566 3242 633 quid
3285 564 3337 617 in
3387 562 3491 616 hoc

1917 665 2136 733 dignum
2173 662 2262 717 Dei
2300 664 2544 717 laudibus
2578 662 2796 723 dicitur,
2840 659 2882 712 si
2919 658 3061 711 Deus
3094 656 3231 725 ignis
3269 664 3349 709 cst
3387 654 3489 709 htt-

247 754 396 805 ditur.
444 751 678 819 Oportet
743 752 908 821 igitur
961 752 1109 806 velut
1173 750 1459 806 elementis
1511 764 1575 804 ac
1625 748 1816 803 funda-
1908 755 2146 823 jusmodi
2191 755 2448 808 materias
2495 749 2861 807 consumens?
2911 746 3021 802 Sed
3083 745 3489 799 consideremus

248 838 431 893 mentis
483 838 795 907 hujusmodi
842 841 918 894 uti
964 840 1260 894 secundum
1308 842 1620 893 mandatum
1669 838 1812 908 quod

244 930 406 984 dicit:
444 949 462 983 ι
493 931 801 988 llluminate
831 932 985 985 vobis
1036 931 1214 985 lumen
1267 930 1512 985 scientiae
1543 930 1609 994 η,
1635 948 1655 983 ι
1696 945 1812 982 om-

244 1036 352 1074 nem
381 1023 474 1090 qui
521 1022 671 1089 cupit
703 1022 898 1076 seriem
949 1023 1239 1091 quamdam
1269 1031 1324 1076 et
1357 1034 1558 1090 corpus
1600 1037 1666 1075 ex
1717 1021 1812 1075 lio-

245 1128 352 1165 rum
403 1111 655 1167 onmium
725 1114 933 1167 ratione
980 1114 1238 1182 perlicere
1288 1122 1344 1167 ut
1392 1112 1692 1168 manifestis
1758 1124 1812 1168 et

242 1203 567 1257 necessariis
639 1204 1031 1258 assertionibus
1088 1204 1154 1258 de
1221 1204 1446 1274 singulis
1508 1204 1810 1274 quibusque

239 1294 357 1361 quid
395 1295 468 1347 sit
520 1293 576 1347 in
627 1309 754 1349 vero
798 1295 1047 1359 rimetur,
1096 1302 1151 1348 ct
1200 1309 1395 1357 unum,
1443 1303 1501 1348 ut
1553 1295 1809 1360 diximus,

239 1402 429 1454 corpus
458 1385 661 1441 efﬁciat
703 1386 964 1455 exemplis
1009 1397 1063 1439 et
1094 1385 1562 1449 aﬂirmationibus,
1591 1386 1673 1441 vel
1722 1386 1806 1441 bis

238 1493 367 1545 quas
416 1479 470 1531 in
521 1476 726 1530 sant-tis
767 1477 1065 1545 Scripturis
1112 1477 1396 1543 invenerit,
1438 1476 1521 1532 vel
1567 1492 1703 1545 quas
1744 1493 1808 1531 ex

236 1566 647 1636 consequentia:
693 1567 863 1636 ipsius
898 1567 1155 1635 indagine
1191 1581 1255 1621 ac
1304 1567 1436 1623 recti
1490 1575 1677 1623 tenore
1720 1582 1807 1621 re-

240 1657 466 1725 pererit.

741 1746 969 1803 CAPUT
1011 1746 1299 1803 PRIMUM.

907 1843 983 1897 De
1025 1843 1154 1897 Deo.

300 1933 349 1988 l.
388 1933 521 1989 Scio
570 1933 828 2003 quoniam
861 1937 1209 1991 conabuntur
1240 1934 1460 2004 quidam
1507 1933 1667 1988 etiam
1722 1948 1809 1988 se-

235 2025 468 2078 cundum
527 2025 843 2095 Scripturas
893 2034 1112 2080 nostras
1172 2027 1351 2081 dicere
1396 2026 1561 2081 Deum
1613 2040 1811 2095 corpus

234 2130 348 2169 esse
383 2118 524 2186 (66),
570 2120 825 2186 quoniam
875 2119 1157 2177 inveniunt
1200 2118 1466 2187 scriptum
1513 2133 1633 2173 esse
1664 2118 1803 2187 apud

233 2205 470 2277 Moysem
513 2210 726 2277 quidem
765 2228 777 2263 :
817 2228 834 2261 ι
868 2209 1003 2264 Deus
1031 2219 1213 2265 noster
1262 2210 1403 2280 ignis
1473 2223 1801 2264 consumens

232 2310 315 2350 est
344 2298 465 2362 ¹³;ι
523 2300 573 2352 in
626 2300 917 2370 Evangelio
963 2315 1092 2354 vero
1145 2301 1441 2355 secundum
1479 2300 1741 2355 Joannem
1783 2318 1797 2355 :

236 2406 253 2437 ι
286 2389 429 2444 Deus
461 2391 684 2459 spiritus
711 2402 816 2454 est,
846 2401 899 2445 et
928 2406 1021 2445 eos
1050 2392 1140 2460 qui
1170 2393 1401 2445 adorant
1430 2408 1573 2458 emn,
1606 2393 1659 2445 in
1702 2391 1809 2461 spi-

231 2481 334 2534 ritu
365 2493 425 2536 et
461 2484 687 2536 veritate
715 2490 929 2550 oportet
972 2483 1199 2535 adorare
1228 2483 1297 2534 ιδ.
1329 2502 1347 2533 ι
1395 2482 1537 2552 ignis
1585 2498 1715 2537 vero
1752 2493 1808 2537 et

228 2573 460 2639 spiritus
502 2588 606 2626 nou
641 2573 785 2626 aliud
826 2573 965 2639 apud
996 2586 1092 2625 eos
1122 2587 1284 2639 quam
1329 2587 1527 2641 corpus
1557 2588 1677 2626 esse
1713 2588 1812 2641 pu-

229 2664 467 2718 labitur.
499 2665 644 2730 Quos
692 2664 1038 2732 interrogare
1088 2662 1209 2716 volo
1251 2663 1383 2731 quid
1415 2663 1597 2716 dicant
1638 2664 1703 2716 de
1748 2678 1813 2717 eo

223 2754 379 2820 quod
411 2754 669 2823 scriptum
697 2762 803 2817 est,
831 2754 956 2821 quia
986 2754 1125 2806 Deus
1155 2752 1241 2805 lux
1274 2763 1379 2819 est,
1410 2753 1551 2807 sicut
1572 2751 1808 2808 Joannes

227 2846 280 2899 in
330 2843 584 2913 Epistola
627 2860 725 2899 sua
758 2845 936 2899 dicit:
972 2865 990 2897 ι
1024 2845 1163 2900 Deus
1208 2845 1299 2898 lux
1334 2853 1452 2909 est,
1494 2852 1551 2899 et
1578 2845 1815 2899 tenebrae

230 2951 335 2989 non
365 2944 499 2990 sunt
546 2935 598 2989 in
647 2950 711 2990 eo
737 2935 801 2989 ¹⁵.
834 2952 853 2985 ι
892 2934 994 2989 [sta
1044 2948 1237 3002 nempe
1270 2933 1358 2986 lux
1392 2941 1496 2995 est,
1529 2947 1652 3000 quae
1694 2932 1813 2985 illu-

1916 846 2039 913 quia
2074 844 2213 898 Deus
2240 844 2508 898 consumit
2531 842 2750 910 quidem
2775 848 2827 892 et
2854 838 3212 900 exterminat,
3242 837 3336 890 sed
3365 849 3490 889 cou-

1914 939 2077 992 snmit
2122 936 2234 1008 (68)
2280 935 2450 989 malas
2484 935 2746 988 mentium
2788 932 3171 1001 cogitationes,
3214 928 3489 981 consumit

1917 1037 2062 1095 gesta
2098 1028 2300 1095 turpia,
2344 1024 2614 1080 consumit
2660 1024 2927 1078 desideria
2978 1022 3218 1089 peccati,
3266 1034 3386 1072 cum
3431 1032 3489 1071 se

1914 1116 2249 1169 credentium
2284 1114 2557 1169 mentibus
2589 1110 2820 1175 inserit,
2870 1121 2926 1163 et
2973 1123 3067 1162 eas
3112 1106 3324 1159 animas
3370 1116 3491 1171 quae

1916 1204 2078 1260 Verbi
2096 1204 2210 1273 ejus
2233 1221 2294 1259 ac
2321 1204 2602 1274 sapientiae
2627 1200 2934 1255 efficiuntur
2959 1212 3210 1267 capaces,
3237 1210 3340 1248 una
3366 1208 3489 1247 cum

1913 1300 2049 1354 Filio
2081 1316 2181 1355 suo
2212 1299 2550 1363 inhabitans,
2601 1297 2895 1351 secundum
2934 1294 3076 1362 quod
3114 1293 3319 1345 dictum
3356 1297 3437 1343 cst
3470 1306 3484 1341 :

1921 1408 1937 1441 ι
1969 1390 2078 1460 Ego
2110 1402 2163 1444 et
2203 1390 2363 1444 Pater
2396 1390 2696 1452 veniemus,
2729 1396 2785 1439 et
2820 1385 3158 1438 mansionem
3191 1380 3331 1449 apud
3364 1394 3486 1432 eum

1915 1482 2173 1537 faciemus
2198 1483 2273 1546 ";
2304 1501 2321 1532 ι
2355 1481 2609 1536 omnibus
2632 1494 2820 1534 eorum
2853 1476 3001 1530 vitiis
3034 1471 3489 1545 paSsionibusque

1912 1574 2245 1641 consumptis
2272 1586 2462 1641 purum
2489 1568 2599 1641 (69)
2630 1567 2729 1623 sibi
2759 1581 2851 1621 eas
2880 1580 3050 1631 seque
3076 1564 3294 1633 dignum
3325 1558 3488 1615 ellieit

1914 1667 2193 1736 templum.
2240 1665 2345 1720 Sed
2378 1674 2431 1719 et
2474 1664 2559 1719 his
2601 1664 2691 1732 qui
2724 1678 2819 1731 per
2852 1662 2955 1714 hoc
2989 1659 3131 1727 quod
3166 1656 3366 1709 dictum
3406 1662 3489 1707 est

1914 1758 2171 1828 quoniam
2214 1774 2232 1806 ί
2261 1755 2402 1809 Deus
2452 1754 2674 1822 spiritus
2705 1761 2788 1805 est
2812 1750 2877 1815 ι’,
2905 1767 2923 1800 ι
2966 1761 3160 1814 corpus
3192 1758 3311 1798 esse
3345 1743 3489 1795 arbi«

1917 1856 2130 1902 trantur
2168 1845 2334 1901 Deum
2364 1844 2499 1917 (70),
2530 1845 2629 1897 hoc
2660 1843 2820 1895 modo
2854 1840 3095 1893 arbitror
3122 1852 3245 1891 esse
3279 1849 3491 1903 respon-

1912 1938 2146 1994 dendum
2190 1954 2204 1991 :
2242 1935 2587 1991 consuetudo
2631 1942 2716 1987 est
2766 1931 3064 1998 Scriptura:
3110 1934 3313 1979 sancta:
3366 1940 3485 1979 cum

1912 2029 2120 2100 aliquid
2173 2027 2507 2083 contrarium
2544 2022 2757 2092 corpori
2802 2022 2928 2075 huic
2970 2018 3223 2073 crassiori
3270 2026 3322 2068 et
3354 2015 3489 2068 soli--

1911 2123 2048 2177 diori
2092 2122 2379 2191 designare
2411 2118 2554 2182 vult,
2600 2114 2848 2184 spiritum
2887 2109 3191 2173 nominare,
3234 2108 3370 2161 sicut
3408 2106 3488 2159 di-

1911 2216 1983 2270 cit
2016 2236 2027 2269 :
2067 2232 2085 2264 ι
2115 2213 2322 2269 Littera
2358 2213 2581 2277 occidit,
2616 2213 2842 2280 spiritus
2880 2213 3062 2259 autem
3112 2200 3435 2256 vivificat".
3463 2219 3481 2252 ο

1910 2305 1967 2358 1η
2015 2320 2122 2375 quo
2170 2304 2286 2358 sine
2332 2303 2497 2357 dubio
2544 2316 2638 2373 per
2688 2303 2924 2357 litteram
2974 2295 3275 2367 corporalia
3316 2294 3487 2363 signi-

1914 2397 2037 2449 ficat
2075 2394 2208 2466 (71),
2237 2410 2334 2465 per
2364 2395 2616 2464 spiritum
2655 2391 3072 2453 intellectualia,
3106 2403 3223 2457 qum
3251 2396 3304 2439 et
3336 2384 3491 2453 spiri-

1914 2486 2037 2539 talia
2070 2489 2317 2542 dicimus.
2364 2486 2653 2557 Apostolus
2699 2497 2919 2555 quoque
2961 2482 3130 2537 dicit:
3168 2497 3186 2530 ι
3222 2477 3401 2545 Usque
3435 2475 3486 2527 in

1914 2578 2231 2631 hodiernum
2281 2594 2404 2632 cum
2459 2578 2658 2646 legitur
2708 2576 2919 2647 Moyses
2966 2574 3217 2627 velamen
3251 2578 3334 2623 est
3387 2582 3487 2636 po-

1916 2669 2078 2721 situm
2130 2683 2291 2736 super
2353 2684 2447 2721 cor
2496 2682 2720 2733 eorum;
2774 2682 2898 2721 cum
2962 2674 3141 2718 autem
3192 2674 3491 2717 conversus

1918 2758 2081 2812 fuerit
2115 2759 2237 2826 quis
2274 2758 2338 2811 ad
2400 2758 2711 2822 Dominum,
2757 2756 3030 2809 auferetur
3078 2753 3348 2814 velamen;
3398 2750 3488 2803 ubi

1917 2858 2095 2902 autem
2150 2847 2387 2915 Spiritus
2437 2846 2687 2910 Domini,
2738 2846 2811 2900 ibi
2874 2845 3097 2898 libertas
3135 2844 3201 2896 ²⁰.
3241 2861 3258 2893 ι
3311 2842 3490 2894 Donec

1915 2938 2057 2989 enim
2089 2938 2211 3004 quis
2243 2951 2347 2988 non
2384 2951 2443 2990 se
2475 2936 2807 2990 converterit
2837 2934 2904 2988 ad
2937 2931 3348 3001 intelligentiam
3381 2929 3491 2998 spi-

234 3028 410 3081 miuat
457 3041 671 3080 omnem
709 3041 928 3082 sensum
957 3041 1177 3091 eorum,
1224 3026 1313 3095 qui
1345 3033 1572 3094 possunt
1616 3038 1812 3093 capere
1838 3043 1885 3105 α
1918 3026 2146 3089 ritaleni,
2179 3036 2260 3080 est
2296 3026 2527 3094 positum
2570 3026 2810 3078 velamen
2860 3038 3024 3091 super
3059 3036 3154 3076 cor
3201 3022 3340 3089 ejus,
3382 3034 3491 3089 quo

237 3118 556 3183 veritatem,
596 3118 735 3171 sicut
770 3119 822 3171 in
855 3133 999 3170 xxxv
1050 3117 1256 3188 psalmo
1291 3116 1491 3171 dicitur
1520 3135 1535 3171 :
1574 3132 1591 3165 ι
1622 3115 1677 3169 In
1723 3115 1807 3168 lu-

237 3209 381 3263 mine
437 3218 529 3263 tuo
580 3207 879 3263 videbimus
925 3208 1242 3262 lumen“.»
1298 3206 1435 3273 Quid
1483 3206 1628 3260 enim
1659 3206 1807 3259 aliud

238 3297 415 3353 lumen
455 3300 549 3354 Dei
588 3299 875 3354 dicendum
907 3308 1010 3362 est,
1055 3299 1107 3352 in
1139 3314 1247 3367 quo
1275 3299 1397 3367 quis
1426 3298 1571 3352 videt
1605 3298 1805 3352 lumen.

240 3390 339 3443 nisi
372 3390 547 3444 virtus
578 3390 695 3454 Dei,
724 3406 819 3460 per
845 3405 1005 3461 quam
1036 3391 1158 3458 quis
1206 3390 1543 3443 illuminatus
1584 3389 1667 3444 vel
1716 3404 1809 3441 ve-

242 3480 455 3535 ritatem
494 3496 673 3535 rerum
705 3482 944 3535 omnium
994 3480 1258 3550 pervidet,
1304 3480 1388 3535 vel
1429 3480 1605 3549 ipsum
1641 3480 1809 3534 Deum

240 3573 517 3641 cognoscit
562 3574 652 3641 qui
704 3574 905 3628 veritas
957 3571 1306 3641 appellatur?
1358 3570 1488 3627 Tale
1535 3584 1618 3626 est
1682 3586 1812 3640 ergo

242 3665 376 3732 quod
407 3665 611 3720 dicitur
640 3682 654 3719 :
693 3684 713 3716 ι
745 3665 799 3719 In
835 3665 1040 3719 lumine
1079 3674 1171 3720 tuo
1201 3665 1504 3719 videbimus
1547 3666 1761 3730 lumen;
1789 3686 1806 3717 ι

243 3754 341 3809 hoc
372 3764 490 3819 est.
540 3755 593 3809 in
626 3754 807 3810 Verbo
847 3765 902 3810 et
939 3756 1200 3829 sapientia
1245 3764 1359 3819 tua,
1404 3756 1494 3824 qui
1537 3762 1618 3809 est
1647 3756 1812 3810 Filius

246 3853 362 3900 tuus
390 3844 528 3917 (67),
571 3848 623 3900 in
669 3846 784 3916 ipso
812 3858 863 3901 te
896 3845 1202 3900 videbimus
1244 3843 1483 3901 Patrem.
1531 3843 1815 3913 Nunquid-

244 3951 360 3990 nam
398 3937 528 4007 quia
577 3937 761 3991 lumen
801 3938 1138 3999 nominatur,
1170 3934 1346 3989 simile
1377 3936 1656 4004 putabitur
1684 3934 1815 3991 solis

245 4026 397 4096 hujus
438 4026 672 4079 lumini?
719 4024 784 4079 Et
831 4026 1105 4094 quomodo
1154 4025 1242 4080 vel
1294 4024 1426 4078 levis
1474 4023 1670 4092 aliquis
1716 4023 1813 4077 da-

244 4117 389 4172 bitur
451 4117 796 4181 intellectus,
849 4125 907 4169 ut
957 4130 1025 4170 ex
1074 4117 1176 4170 isto
1235 4116 1357 4184 quis
1406 4114 1676 4184 corporali
1730 4116 1813 4168 ln-

247 4209 382 4264 mine
412 4222 640 4264 causam
670 4206 909 4262 scientia:
946 4207 1160 4276 capiat,
1201 4216 1259 4260 et
1294 4206 1539 4261 veritatis
1580 4204 1817 4261 inveniat

248 4299 588 4354 intellectum
609 4299 635 4351 ’ἒ

1913 3115 2194 3181 velamine,
2246 3116 2296 3169 id
2348 3125 2435 3169 est
2476 3113 2828 3183 intelligentia
2877 3112 3171 3176 crassiore,
3200 3111 3487 3179 Scriptura

1914 3207 2027 3276 ipsa
2058 3206 2221 3260 velari
2250 3206 2449 3261 dicitur
2480 3207 2562 3258 vel
2597 3214 2854 3274 putatur;
2889 3214 2943 3258 et
2974 3204 3076 3256 hoc
3109 3212 3194 3256 est
3236 3201 3379 3269 quod
3412 3202 3487 3254 ait

1911 3297 2304 3366 superpositum
2356 3311 2476 3350 esse
2524 3296 2765 3349 velamen
2810 3294 2980 3349 vultui
3030 3294 3199 3364 Moysi
3251 3308 3373 3347 cum
3407 3291 3489 3345 lo-

1913 3396 2171 3458 queretur
2198 3388 2263 3441 ad
2295 3388 2547 3457 populum
2572 3389 2640 3453 “,
2674 3388 2724 3441 id
2755 3397 2838 3442 est
2865 3403 2988 3441 cum
3034 3387 3119 3440 lex
3164 3385 3321 3455 vulgo
3355 3386 3491 3439 reci-

1917 3486 2141 3532 taretur.
2175 3476 2232 3531 Si
2277 3488 2453 3531 autem
2491 3487 2876 3531 convertamus
2913 3491 3011 3530 nos
3054 3477 3119 3529 ad
3168 3475 3487 3537 Dominum,

1917 3571 2006 3624 ubi
2034 3578 2117 3625 est
2140 3579 2194 3624 et
2228 3569 2465 3624 Verbum
2500 3570 2615 3634 Dei,
2646 3580 2699 3624 et
2736 3569 2824 3623 ubi
2872 3568 3113 3637 Spiritus
3153 3575 3372 3620 sanctus
3406 3579 3491 3619 re-

1917 3663 2058 3717 velat
2084 3663 2366 3717 scientiam
2398 3662 2725 3731 spiritalem,
2759 3672 2886 3714 tunc
2918 3660 3197 3714 auferetur
3223 3659 3486 3723 velamen,

1918 3764 1969 3810 et
2014 3763 2143 3809 tunc
2176 3755 2407 3809 revelata
2443 3755 2581 3809 facie
2610 3755 2663 3808 in
2703 3752 3000 3824 Scripturis
3033 3734 3233 3807 sanctis
3262 3752 3489 3823 gloriam

1920 3844 2134 3899 Domini
2164 3844 2587 3914 speculabimur.

1987 3939 2041 3992 5.
2086 3937 2190 3993 Sed
2234 3946 2287 3992 et
2335 3953 2457 3992 cum
2503 3936 2569 3990 de
2613 3934 2817 4005 Spiritu
2867 3945 3058 3993 sancto
3101 3934 3260 3990 multi
3314 3934 3488 3988 sancti

1919 4030 2288 4099 participant,
2340 4044 2446 4084 non
2498 4028 2686 4097 utique
2740 4042 2942 4096 corpus
2992 4027 3211 4097 aliquod
3266 4025 3487 4093 intelligi

1916 4130 2094 4191 potest
2139 4120 2377 4190 Spiritus
2428 4128 2685 4183 sanctus,
2737 4119 2880 4187 quod
2928 4118 3158 4172 divisum
3211 4116 3263 4169 in
3308 4109 3492 4185 partes

1917 4215 2222 4282 corporales
2274 4212 2544 4283 percipiat
2592 4212 2966 4280 unusquisque
3014 4220 3360 4273 sanctorum;
3399 4208 3491 4260 sed

1918 4305 2091 4359 virtus
2121 4304 2364 4373 profecto
2393 4302 2744 4357 sanctificans
2780 4309 2895 4364 est;
2941 4299 3098 4365 cujus
3140 4298 3489 4367 participium

313 4390 417 4462 50
442 4390 499 4443 2.
536 4389 593 4443 Si
642 4402 771 4458 ergo
808 4388 1160 4458 acquiescunt
1206 4386 1331 4443 huic
1383 4388 1671 4442 assertioni
1721 4402 1815 4442 no-
1851 4377 1891 4432 θ
1923 4396 2125 4451 habere
2158 4397 2410 4449 dicuntur
2441 4409 2653 4460 omnes,
2700 4392 2791 4460 qui
2826 4406 2922 4460 per
2951 4391 3067 4460 ejus
3102 4389 3329 4460 gratiam
3359 4404 3492 4443 san-

250 4491 366 4537 stra:
411 4497 577 4553 quam
624 4480 690 4535 de
733 4490 925 4534 natura
986 4479 1205 4535 luminis
1259 4480 1372 4549 ipsa
1420 4479 1815 4534 demonstravit

252 4576 397 4643 ratio,
429 4586 488 4631 et
530 4576 765 4630 fatentur
797 4585 901 4625 non
937 4586 1096 4640 posse
1120 4587 1322 4642 corpus
1366 4571 1593 4643 intelligi
1642 4572 1812 4626 Deum

253 4672 539 4724 secundum
571 4668 789 4723 luminis
818 4668 1173 4733 intellectum,
1207 4665 1404 4721 similis
1430 4680 1645 4734 quoque
1677 4666 1814 4722 ratio

257 4758 313 4814 de
351 4762 479 4833 igne
504 4773 855 4820 consumente
895 4762 1130 4817 dabitur.
1180 4758 1319 4826 Quid
1350 4760 1496 4815 enim
1529 4769 1816 4815 consumet

320 4900 359 4931 “
388 4898 517 4955 Osc.
542 4900 713 4967 x,12.
799 4902 842 4932 ³³
874 4900 1031 4954 Deut.
1056 4914 1131 4961 iv,
1152 4896 1242 4952 24.

261 4966 299 5000 ¹⁸
321 4967 473 5025 Joan.
500 4966 690 5036 "1,2".

264 5096 282 5130 ι
307 5096 368 5135 an
389 5083 507 5138 sine
532 5081 732 5135 anima.
760 5100 779 5134 ι
810 5081 976 5147 Alias,
1004 5098 1023 5132 ι
1048 5095 1115 5133 an
1143 5080 1417 5134 exanima.
1443 5096 1463 5130 ι
1494 5078 1635 5133 Infra
1663 5095 1818 5148 mss.,

265 5152 561 5220 «exemplis
606 5160 660 5204 et
708 5151 1181 5206 allirmationibus.
1210 5168 1228 5201 ι
1280 5149 1450 5215 Alias,
1503 5152 1820 5221 «excerptis

261 5221 715 5275 allirmationibus.
737 5240 755 5272 ι

321 5292 427 5363 (66)
469 5290 654 5344 Dicere
702 5291 867 5344 Deum
919 5306 1109 5358 corpus
1155 5306 1285 5344 esse.
1333 5288 1592 5363 lta__mss.
1636 5290 1810 5355 Alias,

266 5357 461 5481 hbeam
489 5374 686 5429 corpus
707 5376 827 5416 esse
853 5357 1213 5416 asserere.....
1232 5359 1372 5428 apud
1401 5357 1660 5428 Moysem,
1682 5361 1825 5429 quod

301 5446 408 5481 CIIS.
434 5450 453 5481 ι

301 5446 408 5484 CIIS.
434 5450 453 5482 ι

327 5500 432 5570 (67)
474 5501 581 5567 Qui
625 5510 701 5556 est
737 5498 915 5553 Filius
957 5510 1098 5553 tuus.
1145 5499 1233 5553 Sic
1269 5497 1615 5570 nissaAlias,
1657 5516 1675 5549 ι
1705 5514 1825 5567 quae

266 5580 335 5622 est
364 5572 533 5627 Filius
564 5582 708 5625 tuus.
729 5589 749 5623 ι
782 5570 949 5625 Paulo
976 5580 1095 5637 post
1124 5586 1277 5638 mss.,
1308 5587 1325 5619 ‹
1350 5569 1432 5622 vel
1465 5569 1602 5622 levis
1627 5569 1821 5637 aliquis

268 5640 491 5707 dabitur;
523 5667 540 5693 ι
576 5641 732 5708 alias,
769 5660 786 5692 σ
815 5640 897 5695 vel
924 5640 1042 5709 ejus
1084 5638 1297 5706 aliquis.
1324 5658 1341 5688 ι

328 5710 429 5782 (68)
471 5710 563 5767 Sic
595 5727 724 5768 mss.
750 5711 900 5767 Alias
933 5708 1083 5776 vero,
1119 5725 1136 5759 σ
1168 5709 1437 5764 consumit
1469 5708 1609 5778 quod
1639 5716 1818 5762 exter-

1336 4896 1379 4928 “
1409 4894 1562 4950 Joan.
1587 4911 1663 4959 Iv,
1687 4896 1776 4952 24.
1851 4897 1916 4947 ιη
1944 4899 1958 4951 l
1983 4898 2138 4959 .loan.
2180 4918 2219 4961 ι,
2244 4900 2294 4954 5.

779 4973 821 5004 ⁸⁸
849 4971 889 5026 ll
920 4970 1046 5025 Cor.
1072 4970 1235 5051 111,76.
1312 4967 1357 4999 "
1390 4966 1516 5024 ibid.
1563 4967 1650 5031 15,
1679 4968 1765 5034 l6,
1792 4968 1877 5025 17.
1947 4971 1992 5000 ¹¹
2022 4970 2193 5025 Exod.
2219 4986 2403 5032 xxxiv.
2431 4969 2520 5023 36.

1924 4486 2152 4541 ctificari
2186 4484 2483 4538 meruerint
2511 4482 2640 4554 (72).
2671 4482 2739 4536 Ει
2766 4493 2825 4536 ut
2854 4481 3067 4536 facilius
3095 4481 3238 4550 quod
3267 4479 3496 4534 dicimus

1923 4575 2098 4645 possit
2130 4573 2389 4642 intelligi,
2432 4587 2498 4628 ex
2550 4574 2709 4629 rebus
2753 4571 3002 4642 quamvis
3046 4569 3349 4641 imparibus
3397 4585 3492 4624 su-

1922 4682 2134 4721 mamus
2182 4664 2507 4735 exemplum.
2554 4663 2701 4718 Multi
2738 4672 2865 4719 sunt
2899 4664 2989 4731 qui
3036 4663 3332 4732 disciplina:
3378 4664 3495 4717 sive

1920 4760 2054 4813 artis
2089 4757 2371 4813 medicinae
2420 4756 2778 4827 participant,
2823 4766 2875 4811 et
2913 4754 3154 4824 nunquid
3196 4753 3491 4823 putandum

2402 4900 2445 4931 ¹⁶
2471 4897 2614 4954 Psal.
2640 4911 2803 4963 xxxv,
2828 4894 2915 4949 lO.
3019 4894 3059 4925 "’
3085 4892 3240 4948 Joan.
3267 4908 3375 4958 xw,
3404 4892 3495 4946 23.

1930 5084 2103 5137 minat
2133 5084 2177 5138 si
2206 5085 2494 5139 consumit.
2517 5102 2536 5135 ι

2001 5152 2112 5225 (69)
2152 5155 2303 5210 Alias
2329 5156 2482 5209 deest
2516 5168 2641 5220 vox,
2679 5170 2698 5203 ε
2730 5165 2957 5223 purum,
2983 5168 3003 5202 ι
3045 5163 3207 5219 quam
3234 5146 3497 5202 exhibent

1928 5240 2059 5278 mss.
3430 5269 3440 5281 ,

1992 5293 2105 5365 (70)
2148 5294 2309 5349 Deest
2342 5294 2399 5365 in
2448 5302 2608 5347 antea
2637 5291 2816 5365 Aedilis
2848 5305 2975 5357 vox,
3033 5306 3053 5339 ε
3080 5288 3280 5355 Deum,
3314 5308 3331 5340 ι
3378 5296 3502 5353 qua

1935 5362 2155 5418 in'mSS.
2186 5364 2441 5418 omnibus
2471 5362 2763 5430 reperitur.

2006 5435 2120 5502 (71)
2161 5433 2254 5487 Sic
2290 5449 2421 5489 mss.
2451 5432 2618 5497 Alias,
2653 5449 2671 5481 ι
2695 5431 2935 5502 signat.i

2000 5488 2114 5575 (72)
2154 5502 2245 5557 Sic
2278 5488 2415 5557 mss.
2439 5488 2617 5575 Alias,
2646 5520 2665 5552 ι
2694 5488 3038 5575 participium
3063 5495 3267 5575 debent
3298 5488 3501 5575 habere

1927 5565 2115 5628 omnes
2160 5574 2254 5643 qui
2303 5587 2397 5642 per
2442 5573 2559 5641 ejus
2596 5565 2845 5641 gratiam
2895 5565 3235 5622 sattctiﬁcari
3290 5571 3501 5613 merue-

1929 5653 2076 5698 ῖυιιι.
2104 5662 2121 5693 ι
2982 5654 2985 5657 ’
