3952 6144
358 204 458 258 1S5

1628 203 1950 260 ORIGENIS
1985 207 2145 259 ΠΕΡΙ
2186 205 2418 260 ΑΡΧΩΝ

3507 201 3606 257 ω

356 333 437 377 est
470 337 660 380 omnes
708 339 802 380 eos
835 326 927 396 qui
964 326 1243 382 medicina:
1277 325 1630 396 participant,
1683 325 1927 394 corporis
1957 333 2002 385 Α
2031 327 2170 380 enim
2210 325 2508 381 adorabunt
2537 324 2590 377 in
2636 320 3046 394 Hierosolymis.
3093 323 3299 377 umbrae
3330 319 3412 374 vel
3473 319 3612 371 ima-

357 414 586 481 alicujus
617 417 765 486 quod
802 418 1068 472 medicina
1095 419 1311 480 dicitur,
1344 419 1395 472 in
1430 419 1609 472 medio
1642 420 1798 488 positi
1827 419 1926 474 sibi

358 505 579 561 auferre
637 509 972 575 particulas,
1019 517 1072 563 et
1131 510 1203 563 ita
1270 510 1386 575 ejus
1435 509 1781 578 participium
1833 524 1928 562 su-

363 581 510 649 mere
550 596 702 669 (75)?
735 598 813 650 An
848 597 1025 666 potius
1071 597 1476 668 intelligendum
1509 605 1592 652 est
1623 599 1763 665 quod
1811 595 1930 664 qui-

359 702 576 755 ennque
609 689 872 758 promptis
917 690 1230 758 paratisque
1278 691 1549 746 mentibus
1596 690 1928 745 intellectum

362 783 493 834 artis
526 781 694 850 ipsius
723 781 1130 850 disciplinaeque
1179 783 1506 852 percipiunt,
1557 783 1609 836 hi
1649 782 1932 836 medicinze

362 872 680 939 participare
713 872 994 926 dicantur?
1025 874 1129 927 Sed
1178 874 1291 928 huic
1331 890 1432 928 non
1478 874 1698 928 omnino
1731 875 1930 928 similia

363 965 600 1033 exempla
653 967 890 1033 putanda
955 976 1084 1021 sunt
1131 969 1196 1020 de
1247 967 1510 1024 medicina
1559 977 1746 1022 sancto
1807 966 1930 1035 Spi-

362 1056 488 1109 ritui
514 1066 856 1124 comparata;
878 1057 968 1111 sed
989 1058 1053 1112 ad
1074 1059 1175 1112 hoc
1195 1060 1562 1113 tantummodo
1581 1057 1928 1128 comproban-

361 1147 486 1199 dum
524 1147 661 1215 (74),
703 1149 827 1213 quia
865 1164 968 1204 non
1001 1149 1262 1203 continuo
1296 1164 1492 1217 corpus
1526 1151 1820 1218 putandum
1851 1156 1933 1202 est

362 1239 412 1292 id
448 1239 598 1306 cujus
645 1240 995 1307 participatio
1025 1241 1256 1294 habetur
1296 1255 1322 1293 a
1367 1241 1658 1308 plurimis:
1701 1240 1935 1308 Spiritus

362 1329 506 1382 enim
546 1338 773 1383 sanctus
807 1328 964 1398 longe
1009 1329 1186 1385 diii'ert
1219 1346 1247 1384 a
1292 1331 1571 1386 medicinae
1601 1331 1808 1385 ratione
1851 1330 1934 1385 vel

364 1421 679 1489 disciplina;
730 1436 826 1488 pro
873 1437 936 1476 eo
981 1424 1122 1490 quod
1183 1424 1419 1491 Spiritus
1477 1432 1701 1478 sanctus
1753 1422 1934 1478 subsi-

365 1512 562 1564 stentia
593 1521 674 1565 est
711 1513 1108 1579 intellectualis,
1137 1523 1192 1569 et
1226 1515 1449 1584 proprie
1479 1514 1727 1570 subsistit
1761 1524 1814 1568 et
1843 1528 1937 1568 ex-

365 1609 473 1654 stat
500 1620 512 1654 :
543 1601 672 1655 nihil
705 1613 886 1657 autem
925 1605 1031 1659 tale
1059 1614 1139 1660 est
1167 1605 1458 1661 medicina.

2033 415 2142 484 gini
2189 415 2488 470 cmlestium
2535 415 2924 477 deservientes,
2969 428 3075 466 non
3123 411 3372 476 veritate,
3424 423 3603 477 neque

2031 507 2220 574 Spiritu
2275 505 2383 576 (78)
2418 505 2718 560 adorabant
2748 506 2945 569 Deum;
2977 504 3228 558 similiter
3269 512 3449 557 autem
3482 510 3535 556 et
3566 501 3606 556 ii

2030 595 2120 663 qui
2155 594 2452 648 adorabunt
2481 594 2534 648 in
2573 604 2754 648 monte
2786 593 3050 648 Garizim.

2104 687 2154 740 5.
2197 686 2358 742 Omni
2398 687 2562 757 igitur
2595 701 2754 740 sensu
2799 687 2893 756 qui
2931 698 3254 754 corporeum
3303 682 3506 752 aliquid
3537 681 3608 737 de

2034 778 2143 834 Deo
2177 778 2403 849 intelligi
2443 779 2708 846 suggerit.
2755 786 2915 846 prout
2963 776 3260 846 potuimus,
3296 773 3602 837 confutata,

2035 872 2264 926 dicimus
2291 871 2592 925 secundum
2623 871 2908 925 veritatem
2938 870 3156 938 quidem
3192 867 3357 921 Deum
3396 868 3609 921 incom—

2033 961 2456 1032 prehensibilem
2501 977 2627 1018 esse
2666 972 2829 1031 atque
2876 960 3326 1015 inaestimabilem.
3372 959 3428 1014 Si
3471 961 3606 1029 quid

2033 1054 2178 1106 enim
2221 1052 2350 1107 illud
2377 1060 2460 1106 est
2493 1053 2634 1120 quod
2679 1052 2885 1105 sentire
2927 1051 3007 1103 vel
3041 1050 3342 1120 intelligere
3378 1051 3444 1104 de
3492 1048 3606 1102 Deo

2035 1144 2400 1212 potuerimus,
2449 1142 2632 1195 multis
2671 1142 2826 1212 longe
2879 1139 2979 1212 51
3034 1142 3206 1195 modis
3260 1155 3380 1201 eum
3417 1140 3610 1193 melio-

2037 1248 2148 1286 rem
2183 1247 2302 1288 esse
2343 1235 2410 1288 ab
2441 1247 2505 1288 eo
2539 1234 2681 1302 quod
2728 1234 2997 1289 sensimus
3042 1248 3260 1287 necesse
3307 1241 3389 1287 est
3436 1233 3604 1286 credi.

2037 1321 2190 1378 Sicut
2242 1322 2383 1376 enim
2435 1323 2482 1376 si
2538 1323 2818 1376 videamus
2869 1322 3102 1390 aliquem
3142 1323 3228 1375 vix
3267 1337 3424 1392 posse
3463 1323 3611 1376 scin-

2041 1415 2206 1470 tiliam
2265 1414 2513 1478 luminis,
2567 1422 2657 1467 aut
2729 1414 3060 1469 brevissimae
3127 1413 3362 1467 lucernae
3423 1414 3606 1467 lumen

2037 1507 2330 1576 aspicere:
2368 1513 2422 1579 et
2465 1521 2587 1561 eum
2640 1505 2791 1574 cujus
2842 1508 2986 1562 acies
3038 1507 3314 1562 oculorum
3366 1509 3484 1574 plus
3525 1506 3611 1558 lu-

2038 1600 2198 1653 minis
2243 1597 2355 1671 (79)
2406 1613 2600 1668 capere
2654 1615 2812 1667 quam
2859 1613 3019 1668 supra
3065 1588 3320 1660 diximus,
3361 1613 3468 1650 non
3512 1612 3610 1648 va-

436 1693 491 1747 4.
534 1693 640 1749 Sed
672 1694 739 1747 ad
776 1697 951 1763 ipsum
979 1697 1090 1764 jam
1121 1713 1429 1755 sermonem
1460 1700 1734 1769 Evangelii
1770 1709 1939 1756 trans-
1968 1658 2010 1712 Β
2044 1690 2137 1757 let,
2169 1690 2212 1745 si
2245 1658 2473 1745 velimus
2509 1690 2575 1744 de
2614 1690 2860 1744 claritate
2889 1704 2953 1743 ac
2991 1689 3272 1759 splendore
3303 1688 3434 1743 solis
3471 1689 3604 1742 edo—

366 1786 601 1839 enndum
633 1795 739 1846 est,
771 1787 858 1840 ubi
899 1787 1163 1854 scriptum
1195 1797 1277 1842 est
1313 1788 1424 1859 (75)
1453 1790 1577 1857 quia
1617 1809 1634 1840 ι
1668 1790 1808 1845 Deus
1837 1791 1942 1860 spi-

367 1875 503 1929 ritus
559 1886 641 1930 est
667 1878 744 1941 “,
776 1895 794 1927 ι
840 1887 893 1930 ct
937 1878 1330 1932 ostendendum
1389 1889 1473 1933 est
1527 1894 1689 1948 quam
1750 1896 1939 1935 conse-

368 1978 598 2036 quenter
635 1969 718 2023 his
751 1983 874 2036 qua:
911 1968 1151 2022 diximus
1188 1969 1412 2038 intelligi
1455 1970 1672 2025 debeat.
1702 1970 1941 2026 Interro-

367 2075 552 2126 genius
582 2075 815 2127 namque
843 2060 1060 2127 quando
1089 2060 1188 2113 ista
1219 2061 1420 2114 dixerit
1449 2060 1704 2116 Salvator
1735 2072 1940 2126 noster,

369 2149 450 2204 vel
490 2151 628 2219 apud
665 2165 859 2218 quem,
904 2151 989 2204 vel
1041 2166 1164 2205 cum
1213 2152 1340 2219 quid
1393 2161 1742 2219 quaereretur.
1793 2153 1944 2206 Inve-

369 2241 547 2293 nimus
583 2241 702 2293 sine
747 2243 910 2294 duhio
940 2243 1082 2309 quod
1115 2242 1181 2295 ad
1215 2241 1612 2296 Samaritanam
1659 2243 1940 2298 mulierem

369 2329 599 2399 loquens
629 2330 731 2384 ista
771 2331 1094 2399 protulerit,
1138 2333 1204 2386 ad
1237 2348 1354 2386 cam
1389 2348 1510 2400 qum
1551 2333 1772 2401 putabat
1804 2334 1944 2402 quod

369 2420 422 2474 in
472 2433 658 2476 monte
708 2423 947 2477 Garizim
999 2426 1292 2478 secundum
1345 2424 1648 2493 opinionem
1700 2424 1944 2480 Samari-

372 2522 619 2568 tanorum
674 2516 890 2569 adorari
951 2525 1228 2583 oporteret
1302 2517 1502 2583 Deum,
1564 2519 1752 2572 dicens
1800 2533 1942 2586 quo-

371 2606 514 2658 niam
547 2605 660 2677 (76)
696 2624 713 2656 ι
741 2606 882 2659 Deus
925 2607 1147 2676 Spiritus
1185 2615 1288 2662 est.
1317 2627 1333 2658 ι
1367 2607 1655 2672 Qumrcbat
1693 2608 1836 2661 enim
1874 2608 1941 2661 ab

369 2709 434 2750 eo
478 2695 817 2749 Samaritana
866 2696 1060 2750 mulier
1092 2705 1285 2764 putans
1323 2711 1447 2749 eum
1498 2711 1621 2750 esse
1667 2711 1938 2752 unum.ex

372 2781 596 2846 Iudicis,
640 2792 818 2837 utrum
865 2785 918 2838 in
965 2783 1356 2854 Hierosolymis
1403 2785 1619 2839 adorari
1669 2795 1940 2856 oporteret

371 2872 562 2939 Deum,
593 2889 658 2928 an
711 2875 763 2927 in
806 2875 911 2928 hoc
956 2881 1168 2938 monte;
1212 2885 1266 2928 et
1299 2876 1372 2928 ita
1416 2876 1671 2930 dicebat:
1707 2894 1724 2926 α
1750 2876 1943 2934 Patres

2042 1794 2166 1834 cere
2205 1794 2431 1834 :noune
2477 1781 2754 1848 oportebit
2789 1795 2886 1834 nos
2935 1783 2982 1833 el
3021 1781 3231 1846 dicere,
3282 1781 3405 1847 quia
3457 1780 3608 1832 omni

2041 1869 2145 1926 hoc
2179 1871 2380 1926 lumine
2413 1871 2552 1941 quod
2598 1873 2768 1938 vides,
2802 1871 3146 1926 ineil'abiliter
3171 1879 3222 1926 et
3251 1870 3610 1926 inaestimabi-

2044 1963 2166 2021 liter
2199 1964 2387 2017 melior
2427 1978 2492 2016 ac
2522 1964 2861 2030 prazstanIior
2899 1971 2980 2018 est
3021 1963 3151 2018 solis
3196 1964 3489 2032 splendor?
3527 1967 3606 2019 Ita

2044 2069 2196 2108 mens
2222 2064 2404 2107 nostra
2438 2067 2557 2107 cum
2594 2054 2735 2106 intra
2766 2055 2947 2110 carnis
2970 2064 3026 2110 et
3058 2057 3336 2126 sanguinis
3367 2055 3610 2110 claustra

2042 2142 2397 2204 concluditur,
2430 2153 2482 2197 et
2513 2159 2611 2211 pro
2643 2145 2762 2198 talis
2797 2145 3042 2199 materia:
3073 2146 3482 2215 participatione
3513 2146 3613 2198 he.-

2042 2237 2217 2291 betior
2243 2245 2402 2305 atque
2433 2238 2678 2292 obtusior
2725 2239 2983 2301 redditur,
3035 2239 3162 2293 licet
3205 2239 3270 2291 ad
3320 2254 3607 2308 compara-

2046 2326 2244 2380 tionem
2293 2335 2497 2381 natnrai
2542 2343 2816 2397 corporeae
2859 2328 3014 2397 longe
3064 2329 3374 2397 praecellens
3409 2330 3614 2383 habea-

2047 2427 2150 2483 tur,
2184 2428 2359 2470 tamen
2398 2417 2522 2472 dum
2555 2420 2620 2470 ad
2658 2418 2978 2488 incorporea
3011 2419 3201 2472 nititur
3231 2427 3391 2487 atque
3423 2433 3612 2472 eorum

2047 2511 2275 2564 rimatur
2321 2511 2571 2564 intuitum
2617 2511 2753 2581 (80),
2798 2520 2923 2565 tunc
2959 2512 3202 2566 scintilla:
3243 2511 3469 2577 alicujus
3515 2522 3614 2566 aut

2045 2602 2275 2657 lucerna:
2322 2603 2410 2656 vix
2463 2605 2670 2658 obtinet
2734 2603 2931 2658 locum.
2974 2605 3110 2671 Quid
3160 2615 3339 2659 autem
3383 2606 3435 2657 in
3496 2621 3615 2659 om-

2045 2695 2201 2748 nibus
2231 2695 2706 2770 intellectualibus,
2744 2697 2792 2748 id
2824 2705 2903 2750 est
2935 2697 3294 2764 incorporeis,
3329 2707 3435 2750 tam
3469 2711 3609 2765 pra:-

2045 2793 2194 2839 stans
2237 2786 2504 2850 omnibus,
2536 2795 2641 2838 tam
2677 2785 3022 2840 iuell'ahiliter
3053 2795 3216 2855 atque
3257 2788 3611 2843 inaestimabi-

2042 2878 2166 2932 liter
2199 2879 2532 2945 praecellens,
2580 2895 2741 2948 quatn
2785 2879 2961 2933 Deus?
2996 2879 3150 2946 cujus
3193 2882 3378 2948 utique
3411 2891 3613 2934 natura

373 2966 544 3019 nostri
586 2981 774 3020 omnes
805 2969 905 3020 hoc
935 2967 986 3019 in
1033 2976 1213 3021 monte
1241 2966 1626 3028 adoraverunt,
1650 2976 1704 3022 et
1733 2982 1828 3022 vos
1861 2969 1939 3022 di-
1967 2992 2009 3048 ρ
2045 2967 2160 3020 acie
2210 2967 2464 3022 humana:
2514 2968 2708 3022 mentis
2744 2967 2854 3040 (8|)
2910 2969 3113 3024 intendi
3169 2981 3330 3038 atque
3379 2972 3612 3034 intueri,

373 3058 499 3110 citis
548 3057 672 3124 quia
723 3058 776 3110 in
816 3057 1206 3128 Hierosolymis
1239 3067 1321 3112 est
1373 3058 1522 3112 locus
1568 3060 1658 3114 tibi
1713 3059 1941 3114 adorare

373 3157 590 3214 oportet
611 3148 677 3203 ’³.
704 3167 722 3200 ι
759 3148 840 3201 Ad
887 3149 1000 3203 haec
1032 3162 1161 3218 ergo
1189 3163 1308 3218 qua:
1351 3149 1674 3218 Opinabatur
1703 3150 1942 3204 Samari-

380 3247 527 3303 tana,
558 3248 753 3308 putans
782 3255 847 3294 ex
879 3239 1124 3296 locorqu
1158 3241 1522 3309 corporalium
1565 3243 1939 3310 prmrogativa,

381 3333 525 3400 quod
562 3333 740 3386 minus
783 3343 951 3394 recte,
995 3333 1076 3387 vel
1114 3337 1214 3388 rite
1250 3335 1359 3405 (77)
1405 3334 1733 3389 adorabatur
1781 3334 1940 3398 Deus,

377 3431 469 3474 aet
500 3436 528 3474 a
554 3421 752 3476 Judzeis
785 3424 835 3476 in
871 3423 1285 3488 Hierosolymis,
1318 3433 1412 3477 aut
1440 3440 1467 3476 a
1499 3422 1858 3478 Samaritauis
1889 3423 1940 3475 in

377 3522 559 3566 naonte
594 3511 860 3578 Garizim,
910 3515 1184 3582 respondit
1232 3513 1483 3567 Salvator
1529 3528 1651 3568 esse
1685 3517 1941 3568 receden-

377 3605 500 3656 dum
553 3619 581 3656 a
627 3605 1048 3674 praesumptione
1099 3606 1466 3675 corporalium
1521 3605 1761 3660 locorum
1819 3607 1942 3661 huic

377 3694 466 3760 qui
497 3695 608 3748 vult
637 3696 790 3763 sequi
835 3696 1143 3760 Dominum,
1181 3707 1233 3749 et
1268 3698 1338 3749 ita
1387 3698 1462 3750 ait
1504 3718 1515 3752 :
1553 3715 1571 3748 ι
1605 3697 1763 3752 Venit
1811 3697 1943 3750 hora

379 3793 439 3836 ut
469 3784 582 3836 veri
631 3786 970 3850 adoratores,
1007 3801 1182 3853 neque
1216 3788 1268 3839 in
1311 3784 1724 3857 Hierosolymis,
1771 3801 1945 3854 neque

381 3879 434 3932 in
470 3890 649 3931 monte
689 3880 791 3931 hoc
825 3879 1055 3931 adorent
1086 3876 1324 3932 Patrem.
1372 3879 1513 3931 Deus
1559 3878 1782 3946 spiritus
1829 3887 1942 3941 est,

379 3979 431 4024 et
479 3985 573 4024 eos
631 3970 723 4040 qui
771 3969 997 4022 adorant
1045 3984 1205 4032 cum,
1253 3969 1306 4021 in
1363 3969 1554 4037 spiritu
1610 3978 1663 4021 et
1711 3969 1944 4023 veritate

381 4070 593 4131 oportet
636 4063 867 4115 adorare
895 4061 1004 4114 ".i
1056 4060 1120 4113 Et
1172 4061 1290 4114 vide
1339 4051 1498 4128 quam
1547 4068 1946 4126 consequenter

390 4156 666 4209 veritatem
726 4153 939 4223 spiritui
995 4152 1261 4215 sociavit,
1312 4161 1371 4206 ut
1420 4152 1486 4205 ad
1540 4151 1945 4205 distinctionem

381 4245 596 4314 quidem
645 4262 932 4314 corporum
976 4245 1281 4298 nominaret
1323 4242 1607 4310 spiritum;
1647 4241 1711 4294 ad
1756 4241 1949 4293 distin-

2044 3058 2289 3126 qttamvis
2333 3074 2396 3112 ea
2444 3059 2515 3113 sit
2569 3059 2856 3129 purissima
2895 3074 3046 3115 mens
3092 3075 3156 3115 ac
3198 3062 3610 3132 liutpidissitua,

2044 3160 2146 3199 non
2177 3155 2370 3213 potest.

2113 3236 2166 3289 6.
2200 3237 2391 3292 Verqu
2445 3252 2549 3292 non
2599 3240 2815 3306 videtur
2849 3242 3162 3308 absurdum,
3214 3245 3258 3297 si
3299 3246 3365 3298 ad
3395 3244 3615 3299 eviden-

2042 3327 2234 3380 tiorem
2269 3329 2342 3380 rei
2376 3329 2866 3385 manifestationem
2889 3333 3050 3387 etiam
3089 3333 3189 3387 alia
3217 3345 3432 3387 utamur
3464 3335 3616 3388 simi-

2046 3417 2290 3474 litudine.
2323 3419 2592 3474 Interdum
2620 3421 2758 3475 oculi
2786 3425 2949 3477 nostri
2981 3424 3148 3491 ipsam
3179 3432 3427 3478 naturam
3453 3425 3612 3491 lucis,

2047 3509 2097 3562 id
2156 3519 2237 3564 cst
2294 3513 2648 3566 substantiam
2717 3515 2867 3580 solis,
2924 3516 3123 3570 intueri
3187 3533 3291 3570 non
3351 3528 3614 3587 possunt;

2045 3599 2382 3668 Splendorem
2419 3619 2543 3656 vero
2578 3603 2716 3672 ejus,
2760 3607 2837 3660 vel
2871 3609 3048 3662 radios
3078 3608 3330 3663 fenestris
3377 3609 3513 3664 forte
3562 3620 3618 3664 et

2045 3691 2372 3757 quibuslibet
2426 3693 2684 3748 lmninum
2741 3695 2993 3751 brevibus
3057 3700 3413 3768 receptaculis
3480 3700 3619 3754 inlu-

2047 3797 2136 3849 sos
2163 3783 2271 3852 (82)
2309 3785 2598 3851 intuentes,
2629 3783 2974 3841 consideiare
3005 3805 3289 3857 possumus
3316 3791 3483 3846 fomes
3503 3792 3619 3860 ipse

2049 3889 2112 3928 ac
2138 3874 2260 3928 fons
2287 3888 2518 3946 quantus
2543 3879 2613 3931 sit
2641 3882 2883 3948 corporei
2921 3881 3155 3936 luminis.
3188 3881 3259 3936 Ita
3292 3899 3417 3950 ergo
3456 3886 3613 3952 quasi

2049 3967 2181 4020 radii
2222 3969 2438 4035 quidam
2480 3979 2602 4023 sunt
2638 3969 2727 4024 Dei
2759 3982 2985 4037 naturae,
3021 3987 3183 4042 opera
3221 3973 3412 4027 divina:
3441 3977 3620 4040 provi-

2049 4061 2242 4116 dentia:
2274 4071 2327 4118 et
2354 4079 2442 4117 ars
2478 4065 2845 4120 universitatis
2877 4066 2988 4136 (85)
3027 4067 3206 4136 hujus,
3245 4069 3310 4122 ad
3343 4083 3620 4137 compara-

2051 4151 2250 4206 tionem
2277 4153 2440 4220 ipsius
2465 4154 2777 4210 substantia:
2808 4172 2870 4210 ac
2897 4165 3126 4210 naturae.
3147 4156 3282 4224 Quia
3314 4171 3442 4226 ergo
3467 4171 3621 4210 mens

2053 4253 2232 4296 nostra
2267 4245 2442 4312 ipsum
2481 4262 2574 4315 per
2601 4249 2832 4315 seipsatn
2878 4249 3045 4302 Deum
3081 4250 3218 4303 sicut
3258 4260 3339 4304 cst
3376 4266 3481 4303 non
3524 4264 3622 4318 po-

381 4351 612 4393 cuonem
659 4353 785 4390 vero
817 4338 1019 4390 umbrae
1066 4335 1149 4389 vel
1196 4335 1468 4404 imaginis,
1513 4335 1815 4387 veritatem.
1846 4331 1947 4400 Qui
1980 4322 2156 4414 test
2217 4337 2432 4403 intueri,
2485 4353 2549 4392 cx
2599 4338 2998 4407 pulchritudine
3055 4355 3278 4408 operum
3323 4350 3378 4396 et
3426 4344 3624 4396 decore

457 4477 502 4509 "
530 4475 682 4530 Joan.
711 4492 782 4541 tv,
809 4476 898 4529 94.
975 4478 1020 4508 ’³
1053 4478 1183 4532 ibid.
1205 4477 1294 4530 9.0.
1371 4477 1417 4510 ”‘
1445 4477 1577 4530 ibid.
1600 4475 1689 4542 2|,
1714 4475 1806 4538 2'5,
1837 4474 1926 4528 2L

455 4616 567 4685 (73)
611 4615 699 4669 Sic
731 4632 859 4673 mss.
893 4618 1062 4682 Alias,
1105 4636 1123 4668 t
1155 4634 1425 4687 nunquam
1461 4619 1756 4687 putandum
1788 4627 1942 4672 est...

385 4691 526 4752 quod
571 4687 833 4739 medicina
885 4689 1149 4742 dicatum.
1173 4728 1187 4743 .
1214 4699 1268 4741 ct
1319 4688 1432 4753 ejus
1467 4687 1810 4758 participium
1851 4703 1941 4741 su-

386 4770 551 4808 tuere.
579 4773 597 4806 ι

459 4823 568 4895 (74)
609 4826 776 4889 Alias,
806 4843 822 4873 ί
850 4824 1123 4895 dicuntur.
1151 4826 1255 4881 Sed
1287 4826 1400 4880 haec
1427 4841 1529 4880 non
1556 4825 1940 4880 omnimodo...

385 4894 761 4948 tantummodo
815 4894 1211 4962 probandum.)
1260 4898 1328 4948 At
1373 4911 1503 4949 mss.
1549 4905 1606 4950 ut
1657 4897 1708 4948 in
1756 4904 1942 4950 nostro

389 4971 556 5016 textu.

460 5031 574 5102 (75)
618 5035 708 5089 Sic
738 5050 864 5088 mss.
892 5034 1064 5098 Alias,
1098 5055 1117 5087 ε
1149 5035 1236 5088 ubi
1272 5035 1529 5101 scriptum
1555 5032 1715 5101 quod.
1746 5051 1764 5084 ›

457 5103 569 5172 (76)
609 5104 688 5159 Ita
724 5120 850 5157 mss.
884 5106 1051 5169 Alias,
1087 5125 1105 5156 ι
1136 5107 1318 5160 dicens
1346 5105 1634 5173 quomodo.
1663 5120 1681 5153 ›

456 5171 568 5245 (77)
611 5175 764 5245 Recte
790 5181 864 5227 vet
901 5177 1016 5228 rite.
1061 5175 1150 5227 Sic
1187 5171 1714 5245 cotlt_l.'Sorhonicus
1744 5181 1795 5225 et
1824 5171 1950 5226 Col-

389 5243 668 5309 liertinus;
701 5244 860 5306 alias,
889 5261 907 5293 ‹
941 5253 1087 5296 recte
1118 5244 1201 5297 vel
1235 5253 1398 5298 recte.
1425 5261 1444 5293 ι

459 5313 573 5385 (78)
619 5307 740 5385 Non
789 5316 1021 5375 veritate,
1054 5330 1214 5381 neque
1244 5314 1455 5380 spiritu,
1498 5307 1724 5385 ctc._Sic
1762 5325 1947 5385 omnes

393 5400 520 5434 tttss.
556 5381 731 5442 'Alias,
769 5402 786 5432 ‹
820 5399 923 5436 non
972 5385 1270 5446 veritatem,
1315 5396 1488 5452 neque
1536 5381 1783 5450 spiritum
1823 5383 1951 5435 ado-

391 5453 586 5505 rabunt
622 5453 812 5505 Deum.
851 5470 869 5502 ι

460 5525 570 5590 (79)
616 5522 743 5574 Plus
775 5523 1006 5576 hunim's.
1057 5521 1149 5575 Sic
1196 5536 1324 5575 mSS.
1353 5518 1529 5583 Alias,
1569 5538 1586 5570 t
1633 5519 1750 5588 plus
1779 5520 1843 5573 de
1873 5519 1952 5571 lu-

393 5597 556 5647 mine.
604 5613 621 5644 ι
659 5592 822 5647 Paulo
857 5605 975 5660 post
1004 5608 1157 5658 mss.,
1187 5611 1203 5643 «ι
1246 5607 1341 5660 pro
1367 5591 1487 5643 talis
1515 5592 1752 5645 materia:
1784 5592 1954 5660 parti-

2050 4617 2434 4692 cipatione..."
2492 4620 2616 4675 licet
2676 4622 2743 4674 ad
2814 4624 3299 4692 comparationem.
3361 4642 3378 4676 ι
3439 4624 3620 4685 Alias,

2055 4705 2073 4737 ‹
2115 4704 2224 4770 pro_
2247 4689 2334 4742 tali
2365 4692 2604 4746 materiae
2633 4689 3170 4762 participatione....:
3200 4694 3440 4764 licetpro
3472 4709 3622 4748 CO‘ll-

2049 4769 2352 4824 paratione.
2391 4779 2408 4810 ι

2123 4826 2233 4897 (80)
2274 4828 2556 4897 Ιίηηιίιιιηι.
2590 4832 2680 4887 Sic
2728 4849 2858 4889 mss.
2913 4833 3081 4895 Alias.
3117 4852 3134 4884 ι
3182 4833 3556 4888 intentionem.
3599 4852 3617 4884 ι

2120 4896 2232 4966 (81)
2265 4896 2474 4954 Natura
2499 4904 2608 4956 acie
2627 4905 2872 4957 humana:
2898 4905 3105 4965 mentis,
3138 4912 3247 4956 etc.
3287 4904 3378 4956 Sic
3431 4919 3624 4956 omnes

2052 4982 2180 5039 mss.
2213 4968 2378 5039 Alias,
2412 4989 2430 5021 t
2459 4983 2708 5025 naturam
2731 4975 2978 5027 humanae
3008 4974 3200 5026 mentis
3235 4973 3433 5026 intendi
3460 4983 3624 5039 atque

2054 5037 2270 5099 intueri,
2305 5043 2552 5106 quamvis
2603 5044 2892 5110 purissima
2933 5056 3091 5096 mens
3131 5057 3195 5096 ac
3242 5037 3622 5111 limpidissitua

2056 5122 2161 5161 tton
2194 5117 2388 5172 potest.
2421 5128 2439 5160 ι

2127 5177 2236 5245 (82)
2269 5176 2547 5250 Luminum
2597 5180 2832 5236 brevibus
2875 5182 3214 5248 receptaculis
3256 5183 3479 5250 infusos.
3529 5181 3625 5233 Sic

2056 5261 2244 5365 onlntes
2277 5263 2404 5303 mss.
2437 5249 2583 5304 Alias
2611 5265 2760 5316 vero,
2801 5270 2818 5302 ι
2855 5252 2960 5304 illis
2987 5249 3345 5320 receptaculis
3369 5253 3627 5306 brevibus

2061 5333 2110 5365 III
2144 5332 2290 5365 USUS.
2331 5337 2348 5365 δ

2061 5332 2290 5369 ιιιιιιευε.
2331 5337 2348 5369 δ

2129 5386 2242 5456 (85)
2301 5386 2364 5439 Et
2417 5404 2501 5440 ars
2545 5388 2916 5444 universitatis.
2973 5392 3063 5446 Sic
3105 5408 3233 5444 mss.
3277 5392 3425 5446 Alias
3475 5393 3628 5443 deest

2067 5472 2089 5530 tu
2121 5470 2229 5509 ars.
2274 5476 2291 5508 ›
2333 5457 2498 5530 Paulo
2558 5469 2680 5530 post
2729 5478 2884 5518 mss..
2921 5480 2937 5510 ι
2980 5465 3153 5527 ipsum
3207 5477 3300 5528 per
3350 5477 3408 5514 se
3451 5462 3625 5530 ipsam

2063 5524 2248 5580 Deum.
2294 5547 2310 5577 ι
2337 5529 2503 5594 Alias,
2537 5524 2756 5596 (ipsum
2792 5548 2885 5598 per
2911 5549 2969 5586 sc
3002 5524 3251 5585 Deum.)
