3952 6144
257 251 352 305 125

255 485 262 502 ι
287 477 372 528 rgn
409 468 501 512 aut
532 475 727 529 corpus
757 460 991 526 aliquod,
1024 469 1116 513 aut
1147 459 1200 512 in
1220 475 1447 529 corpore
1475 477 1594 516 esse
1621 473 1815 531 putau-

254 553 348 604 dus
397 561 475 607 est
525 551 686 615 Deus,
745 553 838 606 sed
893 553 1269 606 intellectualis
1329 562 1519 608 natura
1567 555 1818 621 simplex,

258 645 386 699 nihil
425 646 647 699 omnino
682 647 733 699 in
775 658 834 700 se
875 645 1242 714 adjonctiouis
1274 647 1596 711 admittens;
1629 649 1703 702 uti
1753 663 1820 702 ne

259 734 422 800 majus
457 735 658 805 aliquid
707 746 761 790 et
818 737 1045 791 inferius
1100 736 1150 789 in
1197 753 1256 790 se
1309 737 1506 793 habere
1546 740 1820 803 credatur,

256 827 343 878 sed
397 834 455 880 ut
486 828 559 881 sit
598 842 661 881 ex
710 829 852 882 omni
909 838 1066 898 parte
1113 829 1303 899 μονάς,
1335 837 1389 883 et
1429 839 1487 883 tit
1523 829 1594 884 ita
1647 830 1821 884 dicam

256 915 399 981 ἑνάς,
442 926 498 970 et
546 933 698 972 utens
739 918 875 990 (84),
907 935 970 975 ac
1009 923 1126 978 fons
1153 937 1216 976 ex
1256 938 1362 990 quo
1397 921 1605 975 initittm
1661 922 1825 976 totius

257 1007 634 1063 intellectualis
664 1018 867 1064 natura:
914 1011 997 1065 vel
1037 1014 1232 1067 mentis
1275 1023 1376 1067 est.
1413 1011 1561 1065 Mens
1583 1028 1709 1067 vero
1766 1023 1824 1066 ιιι

256 1108 537 1154 moveatur
576 1099 655 1152 vel
681 1109 951 1168 operetur,
990 1119 1092 1156 non
1127 1102 1326 1172 indiget
1358 1102 1473 1156 loco
1519 1118 1809 1169 corporeo,

258 1201 432 1254 neque
461 1188 702 1242 sensibili
732 1190 1120 1259 magnitudine,
1156 1192 1237 1244 vel
1280 1192 1548 1259 corporali
1613 1193 1823 1254 habitu,

255 1285 344 1330 aut
373 1278 580 1340 colore,
620 1293 790 1346 neque
837 1278 942 1332 alio
989 1280 1098 1334 ullo
1125 1296 1349 1350 prorsus
1397 1282 1603 1350 indiget
1634 1285 1825 1336 horum

254 1382 373 1435 quae
409 1368 655 1436 corporis
688 1368 768 1421 vel
818 1370 1054 1424 materia:
1096 1373 1308 1439 propria
1361 1382 1485 1426 sunt
1533 1372 1665 1442 (85).
1699 1373 1831 1427 Pro-

256 1468 377 1526 pter
405 1461 552 1527 quod
589 1468 775 1513 natura
819 1459 906 1512 illa
953 1460 1178 1528 simplex
1211 1472 1264 1514 et
1294 1472 1404 1516 tota
1435 1478 1586 1518 mens
1615 1473 1674 1518 ut
1710 1479 1827 1519 mo-

252 1561 449 1604 veatnr
481 1552 561 1604 vel
593 1559 848 1618 operetur
868 1550 1092 1619 aliquid,
1117 1550 1250 1604 nihil
1282 1553 1557 1608 dilationis
1581 1562 1671 1607 aut
1699 1570 1830 1608 cun-

253 1640 514 1694 elationis
552 1641 750 1693 habere
804 1648 1002 1707 potest,
1051 1654 1116 1692 ne
1165 1655 1257 1708 per
1301 1641 1602 1708 huiusmodi
1641 1645 1832 1710 adiun-

255 1729 500 1782 ctionem
529 1725 902 1783 circumscribi
935 1729 1016 1781 vel
1037 1729 1264 1784 inhiberi
1297 1731 1634 1799 aliquatenus
1659 1733 1834 1787 videa-

255 1912 581 1978 pz-incipium
613 1909 722 1979 (86)
753 1913 1014 1977 omnium,
1042 1913 1398 1980 compositum
1438 1911 1744 1966 inveniatur
1778 1923 1834 1968 ct

257 2005 557 2062 diversum,
585 2011 635 2054 et
667 2002 736 2054 sit
764 2003 950 2066 multa,
981 2018 1085 2056 non
1117 2017 1301 2065 unum,
1329 2003 1471 2070 quod
1517 2012 1729 2071 oportet
1761 2012 1836 2056 to-

258 2095 365 2148 tius
401 2108 674 2162 rorporeze
715 2092 1055 2147 adntistiouis
1079 2093 1312 2145 alienum
1349 2107 1452 2144 una
1492 2092 1627 2157 sola,
1665 2102 1722 2146 ut
1759 2093 1832 2147 ita

256 2178 513 2243 dixerim,
546 2180 760 2234 deitatis
786 2180 967 2249 specie
993 2189 1266 2235 constare.
1309 2180 1442 2246 Quia
1471 2191 1648 2234 autem
1680 2196 1833 2236 mens

256 2286 365 2323 non
398 2271 630 2338 indigeat
656 2271 791 2335 loco,
833 2281 886 2326 ιιι
922 2272 1214 2326 secundum
1256 2282 1506 2325 naturam
1536 2286 1687 2325 suam
1712 2287 1833 2326 mo-

256 2373 472 2425 veatur,
501 2371 703 2414 certum
739 2371 820 2415 est
847 2361 1009 2416 etiam
1041 2377 1104 2415 ex
1139 2371 1337 2414 nostra:
1363 2363 1556 2416 mentis
1589 2373 1834 2417 eontem-

256 2451 502 2518 platione
520 2451 650 2520 (87).
675 2452 797 2505 Haec
825 2453 966 2505 enim
995 2454 1039 2504 si
1068 2453 1118 2504 iu
1143 2467 1239 2504 sua
1268 2468 1518 2506 mensura
1549 2454 1832 2519 consistat,

256 2556 364 2596 nec
396 2557 465 2595 ex
492 2541 733 2610 qualibet
759 2556 920 2594 causa
953 2541 1153 2608 aliquid
1186 2543 1233 2591 ei
1267 2543 1569 2595 obtusionis
1601 2546 1834 2608 eveniat,

255 2633 400 2686 nihil
453 2645 692 2698 unquam
747 2645 814 2682 ex
861 2629 1099 2683 locorum
1146 2629 1462 2683 diversitate
1517 2633 1836 2699 tardabitur,

252 2722 561 2792 quominus
585 2721 694 2774 suis
723 2721 952 2774 m0tibus
979 2729 1127 2790 agat;
1174 2737 1348 2790 neque
1383 2737 1570 2777 rursus
1604 2737 1666 2776 ex
1701 2723 1841 2777 loco-

255 2827 391 2865 rum
422 2811 679 2881 qnalitate
708 2821 1049 2880 augmentum
1091 2812 1305 2881 aliquod
1339 2813 1422 2867 vel
1447 2814 1838 2868 incrementum

255 2902 588 2956 mobilitatis
619 2904 866 2971 acquirit.
902 2903 1052 2970 Quod
1093 2905 1136 2958 si
1181 2904 1441 2958 obtendat
1469 2905 1666 2973 aliquis
1702 2906 1834 2975 (88),

259 2994 423 3047 verbi
481 2994 653 3062 gratia
688 2995 811 3062 quia
866 2997 1246 3066 navigantibus
1293 3005 1344 3049 et
1391 2995 1642 3051 ﬂuctibus
1676 2999 1838 3051 utaris

257 3083 484 3154 iactatis
513 3086 684 3138 minus
708 3087 981 3155 aliquanto
1015 3103 1162 3142 mens
1188 3087 1367 3156 vigeat
1389 3103 1548 3155 quam
1579 3088 1758 3158 vigere
1783 3091 1834 3143 in

267 3175 432 3227 terris
466 3173 633 3242 solet;
673 3191 776 3229 non
802 3189 867 3228 cx
909 3175 1008 3228 loci
1055 3175 1370 3230 diversitate
1404 3177 1453 3229 id
1480 3177 1611 3244 pati,
1641 3179 1732 3231 sed
1771 3193 1838 3231 ex

267 3265 518 3333 corporis
539 3269 898 3320 commotione
935 3267 1016 3321 vel
1056 3267 1470 3322 conturbatione
1507 3267 1834 3321 credendum

268 3364 376 3420 est,
409 3357 496 3410 cui
535 3372 682 3411 meus
713 3358 961 3428 adjuncta
994 3358 1074 3412 vel
1098 3358 1296 3412 inserta
1321 3366 1421 3412 est.
1452 3356 1673 3412 Videtur
1693 3361 1833 3413 enim

271 3448 425 3516 quasi
454 3457 643 3501 contra
675 3458 918 3502 naturam
950 3449 1000 3502 itt
1035 3449 1169 3503 ntari
1195 3450 1390 3519 degere
1421 3463 1616 3518 corpus
1648 3450 1838 3503 huma-

273 3554 427 3602 num,
477 3549 531 3592 et
564 3549 844 3607 propterea
889 3539 1032 3593 velut
1070 3539 1299 3608 quadam
1349 3540 1430 3593 sui
1483 3541 1842 3609 inmqnalitate

275 3639 456 3683 motus
503 3632 697 3685 mentis
735 3631 846 3700 (89)
885 3631 1232 3699 incomposite
1271 3633 1626 3699 ordinateque
1670 3633 1845 3685 susci-

275 3736 429 3790 pere,
453 3731 507 3775 et
530 3723 793 3777 acuminis
815 3724 931 3790 ejus
965 3723 1099 3777 ictus
1121 3724 1377 3779 obtusiori
1412 3724 1714 3778 ministerio
1737 3724 1846 3777 dis-

275 3829 526 3883 pensare,
580 3830 684 3868 non
735 3817 909 3871 minus
959 3830 1119 3884 quam
1164 3816 1206 3870 si
1246 3817 1336 3884 qui
1366 3814 1546 3868 'etiam
1580 3815 1631 3868 in
1696 3824 1841 3870 terra

350 3953 400 3986 ”
431 3953 614 4008 confer
641 3952 914 4007 Platonem
945 3952 997 4006 in
1031 3952 1314 4007 Phredone.

349 4095 464 4164 (84)
491 4092 553 4146 Et
581 4094 802 4165 inferius
825 4095 881 4146 in
915 4110 967 4145 se
991 4093 1179 4165 habere
1211 4093 1461 4165 credatur
1586 4096 1768 4165 μονάς,
1796 4106 1841 4147 et

279 4179 336 4222 ut
357 4162 442 4219 ita
467 4166 638 4216 dicam
667 4163 807 4226 ἐνάς.
843 4178 1002 4216 mens.
1023 4162 1100 4215 Ita
1125 4164 1280 4219 codd.
1306 4178 1492 4216 omnes
1512 4162 1640 4217 nts's.
1670 4167 1841 4229 Alias,

287 4255 304 4287 ι
341 4246 397 4290 et
423 4233 651 4288 inferius
687 4249 808 4287 esse
831 4233 1203 4286 credatur.....
1245 4232 1429 4303 μονάς,
1462 4242 1536 4296 et,
1564 4243 1619 4286 ut
1651 4235 1728 4286 ita
1758 4235 1841 4287 di-

281 4321 422 4366 cam,
453 4313 595 4356 lOIIIS
627 4317 798 4357 mens.
834 4321 852 4353 Ι

349 4372 470 4444 (85)
511 4373 602 4425 Sic
634 4388 762 4444 mss.
804 4372 970 4440 Alias,
1011 4389 1030 4422 ι
1065 4369 1307 4440 corporis
1344 4371 1425 4426 vel
1457 4371 1686 4441 propriae
1728 4387 1843 4424 ma-

288 4441 436 4500 teriae
464 4441 681 4511 propria
715 4450 858 4495 sunt.
897 4462 915 4495 ιν

353 4515 465 4582 (86)
498 4509 582 4564 Ita
619 4523 763 4582 recte
807 4513 1026 4567 omnino
1070 4525 1258 4582 omnes
1299 4509 1454 4562 cozld.
1493 4524 1622 4563 mss.
1671 4511 1841 4573 Alias,

292 4604 309 4637 ι
349 4581 881 4653 operetur,_aliquid
912 4583 1187 4653 dilationis
1230 4581 1429 4653 habere
1474 4591 1671 4653 putest,
1707 4599 1841 4653 tte...

289 4649 662 4708 circumscribi
728 4651 808 4703 vel
869 4650 1226 4704 inhabitari...
1266 4649 1343 4700 uti
1374 4664 1438 4702 ne
1467 4649 1610 4718 quod
1644 4652 1845 4719 princi«

289 4727 454 4792 pium.
492 4719 666 4792 {Quae
692 4719 853 4792 lectio
879 4735 1040 4774 sensu
1065 4719 1220 4792 plane
1251 4729 1419 4771 caret.

351 4791 463 4862 (8'7)
494 4789 586 4844 Sic
613 4804 742 4842 mss.
775 4789 942 4854 Alias,
972 4808 988 4839 ι
1020 4790 1142 4857 quia
1171 4804 1298 4862 ergo
1323 4802 1472 4840 meus
1498 4803 1604 4862 non
1639 4788 1845 4862 indiget

290 4858 521 4919 loco..."
543 4866 747 4912 certum
775 4867 858 4911 est
885 4870 1083 4914 nostra:
1112 4860 1304 4912 mentis
1323 4858 1842 4925 contemplatione...

291 4945 388 4986 nec
418 4946 485 4985 ex
514 4929 693 4995 aliqua
727 4943 910 4980 causa.
952 4947 970 4979 ι

359 5000 469 5070 (88)
514 4997 770 5070 Obleudat
801 4996 1012 5070 aliquis,
1051 5004 1156 5052 etc.
1191 4998 1282 5051 Sic
1307 4995 1637 5070 mss._Alias,
1673 5014 1690 5048 ι
1717 5012 1846 5051 cou-

295 5066 473 5124 tendat
498 5068 696 5134 aliquis
727 5068 851 5134 quia
885 5066 1259 5134 navigantibus
1300 5066 1566 5120 fluctibus.
1613 5084 1631 5116 ›

360 5139 470 5210 (89)
498 5138 638 5210 νοις,
677 5138 934 5210 intentis,
976 5155 994 5188 ι
1047 5137 1198 5190 deest
1245 5139 1294 5190 in
1334 5147 1489 5188 antea
1515 5137 1698 5201 editis,
1753 5135 1848 5189 sed

296 5207 560 5277 nperitur
589 5207 640 5258 itt
671 5208 920 5258 omnibus
946 5222 1073 5260 mss.

361 5275 470 5348 (90)
499 5277 589 5348 Sic
615 5289 799 5328 omnes
822 5291 952 5330 mss.
979 5277 1143 5338 Alias,
1164 5294 1182 5326 ι
1216 5275 1539 5343 culpandum
1563 5285 1848 5346 propterea

297 5347 430 5417 q'tOd
457 5347 724 5417 turbatum
754 5354 914 5415 atque
952 5347 1254 5401 confusum.
1303 5365 1321 5417 ι

363 5418 471 5489 (91)
497 5415 630 5480 Vox,
662 5433 680 5465 ι
717 5413 965 5489 corpora,
995 5434 1013 5466 ι
1048 5431 1209 5485 quant
1239 5415 1496 5470 exhibent
1525 5429 1678 5480 mss.,
1711 5413 1852 5468 desi-

299 5487 510 5543 deratur
546 5489 596 5538 itt
623 5495 778 5540 antea
801 5487 980 5539 editis.

365 5556 471 5628 (92}
506 5557 596 5612 Sic
625 5572 758 5628 mss.
787 5557 954 5616 Alias,
992 5574 1011 5608 ι
1047 5569 1315 5628 quoqua;
1342 5558 1480 5628 '_s_unt
1506 5555 1562 5628 ei
1604 5552 1847 5628 insit:_t.__t

304 5623 605 5695 Ptulo'post
642 5627 804 5682 iidem
842 5643 996 5695 mss.,
1032 5623 1180 5681 (sed
1216 5623 1548 5680 eruditionis
1575 5623 1853 5680 exercitiis

1629 253 1830 310 LIBER
1865 252 2146 310 PRIMUS.

252 379 621 423 creaturarum
656 375 928 436 parentem
969 367 1334 422 universitatis
1381 369 1655 441 intelligit.
1701 369 1815 427 Non
1848 377 1890 430 A
1923 371 2082 438 positi
2143 368 2384 423 febribus
2444 375 2736 435 urgeantur
2773 382 2786 417 :

3383 254 3484 309 {9.6

2852 381 3078 434 quorum
3143 375 3350 418 certum
3407 375 3489 416 est

1919 460 2061 531 quod
2100 461 2142 516 si
2181 460 2354 513 minus
2385 457 2584 525 aliquid
2613 472 2706 526 per
2757 457 2860 509 vim
2901 458 3126 509 febrium
3161 471 3310 509 utens
3332 471 3486 508 suum

1922 567 2027 605 non
2057 560 2240 604 servet
2265 549 2518 615 ofiicium,
2557 565 2658 602 non
2696 548 2795 601 loci
2830 548 3065 616 culpam,
3105 549 3198 601 sed
3243 547 3490 598 morbum

1923 641 2168 709 corporis
2197 655 2316 696 esse
2341 640 2691 700 causandnm,
2739 653 2833 706 per
2867 653 3024 705 quem
3064 638 3330 690 turbatum
3367 649 3493 689 cor-

1923 747 2020 799 pus
2051 741 2210 799 atque
2236 730 2516 784 confusum
2548 729 2658 797 (90)
2689 743 3026 798 nequaquam
3062 729 3202 782 netis
3230 743 3292 781 ac
3332 734 3492 778 natu-

1928 824 2130 877 ralibus
2167 823 2325 877 lineis
2355 824 2511 877 solita
2553 823 2717 876 menti
2748 824 2994 890 dependit
3035 822 3231 885 oliicia,
3256 823 3493 888 quando-

1924 915 2139 981 quidem
2184 929 2280 969 ttos
2323 915 2567 967 homines
2595 915 2797 966 animal
2827 929 3012 967 sumus
3039 912 3394 980 compositum
3424 926 3490 964 ex

1925 1007 2166 1074 corporis
2196 1005 2492 1070 animaeque
2515 1018 2806 1056 concursu.
2849 1002 2956 1056 lioc
2979 1003 3121 1054 enim
3151 1002 3307 1055 modo
3339 1001 3493 1054 habi-

1928 1108 2045 1152 tare
2075 1113 2170 1151 nos
2200 1111 2360 1165 super
2387 1107 2584 1150 terram
2607 1095 2862 1164 possibile
2886 1094 3004 1146 fttit.
3029 1095 3194 1146 Deum
3230 1107 3381 1157 vero,
3405 1093 3494 1160 qtti

1927 1191 2166 1244 omnium
2195 1197 2280 1243 est
2321 1188 2690 1257 principium,.
2719 1187 3074 1254 compositum
3126 1199 3246 1239 esse
3286 1199 3391 1236 non
3419 1192 3501 1236 est

1929 1278 2222 1348 putandum
2257 1296 2270 1331 :
2298 1293 2363 1331 tte
2392 1277 2530 1330 forte
2569 1279 2747 1345 priora
2780 1277 2894 1343 ipso
2933 1275 3194 1341 principio
3217 1273 3500 1325 invenian-

1932 1378 2019 1421 tur
2051 1369 2314 1420 elementa
2344 1381 2480 1429 esse,
2509 1381 2572 1420 ex
2598 1367 2790 1434 quibus
2819 1365 3174 1431 compositura
3197 1370 3278 1415 est
3301 1375 3462 1415 omne
3481 1398 3498 1416 .

1933 1459 2192 1527 quidquid
2218 1457 2345 1511 illml
2380 1468 2484 1521 est,
2532 1458 2675 1527 quod
2711 1457 3064 1524 compositum
3111 1454 3329 1507 dicitur.
3395 1452 3500 1506 Sed

1936 1564 2032 1602 nec
2089 1549 2459 1616 magnitudine
2494 1547 2760 1617 corporali
2815 1561 2966 1600 mens
3015 1545 3220 1610 indiget
3265 1552 3322 1596 ιιι
3379 1553 3503 1610 agat

1935 1642 2160 1711 aliquid,
2202 1641 2283 1695 vel
2315 1649 2629 1702 moveatur;
2660 1639 2799 1692 sicut
2826 1637 3013 1692 oculus
3050 1651 3174 1688 cum
3204 1635 3255 1688 in
3296 1633 3500 1700 maiora

1863 1713 1906 1766 Β
1935 1739 2147 1807 quidem
2182 1749 2409 1803 corpora
2448 1733 2557 1801 (91)
2592 1729 2852 1783 intuendo
2876 1725 3212 1786 diﬂ‘nnditttr,
3243 1725 3311 1776 ad
3338 1737 3500 1790 parva

257 1833 343 1874 tur
395 1823 840 1875 divinze'naturie
895 1821 1238 1889 simplicitas,
1289 1823 1360 1875 uti
1416 1837 1483 1875 ne
1549 1826 1692 1891 quod
1752 1833 1833 1878 est
1873 1855 1886 1866 ο

1935 1844 2062 1883 vero
2091 1838 2144 1882 et
2192 1827 2385 1895 exigua
2435 1830 2744 1877 coarctatur
2773 1828 2826 1873 ct
2865 1818 3182 1886 astringitur
3212 1817 3277 1867 ad
3310 1813 3503 1866 viden-

1935 1919 2086 1971 dum.
2113 1917 2322 1984 Indiget
2365 1928 2497 1967 sane
2541 1925 2695 1965 mens
2741 1907 3110 1977 magnitudine
3156 1903 3502 1972 intelligibili,

1935 2008 2058 2075 quia
2102 2023 2206 2061 tton
2258 2002 2640 2072 corporaliter,
2696 2000 2788 2054 sed
2841 1997 3257 2075 intelligibiliter_
3284 1993 3504 2048 crescit.

1933 2097 2052 2152 Non
2082 2097 2224 2152 enim
2254 2093 2633 2162 corporalibus
2665 2088 3016 2144 incrementis
3047 2085 3206 2139 simul
3234 2069 3352 2139 cum
3383 2100 3505 2138 cor-

1937 2203 2067 2258 pore
2093 2201 2244 2240 mens
2283 2197 2455 2252 usque
2485 2182 2552 2235 ad
2586 2179 2904 2248 vigesimum
2936 2175 3018 2230 vel
3054 2174 3386 2242 trigesimum
3414 2187 3510 2225 au-

1937 2294 2062 2330 num
2092 2277 2266 2330 aetatis
2299 2282 2549 2344 augetur,
2585 2271 2677 2325 sed
2718 2267 3115 2322 eruditionibus
3142 2273 3194 2318 et
3231 2264 3508 2319 exercitiis

1937 2367 2039 2435 52
2069 2366 2327 2419 adhibitis
2354 2377 2578 2417 acumen
2604 2361 2821 2429 quidem
2852 2360 3102 2413 elimatur
3127 2358 3344 2438 ingenii,
3364 2372 3509 2426 qna:-

1938 2475 2041 2526 qne
2091 2466 2215 2510 sunt
2245 2457 2293 2509 ci
2327 2457 2487 2509 insita
2518 2454 2630 2524 (92)
2659 2453 2724 2507 ad
2756 2452 3171 2522 intelligentiam
3210 2463 3510 2520 provocan-

1943 2558 2044 2610 tur,
2076 2556 2130 2599 et
2161 2563 2329 2615 capax
2365 2545 2593 2600 efficitur
2625 2545 2845 2614 majoris
2875 2544 3203 2607 intellectus,
3237 2557 3343 2595 non
3381 2555 3508 2594 cor-

1943 2638 2221 2706 poralihus
2266 2639 2615 2690 incrementis
2658 2645 2837 2700 aucta,
2867 2637 2959 2690 sed
3002 2635 3321 2689 eruditionis
3348 2650 3508 2688 exer-

1943 2728 2085 2781 citiis
2121 2729 2362 2780 climata.
2390 2728 2520 2792 Quae
2563 2727 2764 2780 idcirco
2809 2742 2914 2780 non
2941 2727 3121 2778 statim
3161 2741 3189 2777 a
3230 2739 3397 2792 puero
3428 2725 3510 2776 vel

1944 2834 1971 2871 a
2010 2818 2292 2871 nativitate
2326 2819 2566 2883 rccipcre
2589 2825 2784 2884 potest,
2811 2816 2934 2884 quia
2971 2815 3202 2868 invalida
3233 2815 3409 2868 adhuc
3457 2825 3513 2867 et

1943 2909 2207 2964 imbecilla
2264 2909 2624 2962 membrorum
2671 2916 2755 2961 est
2808 2922 3092 2975 compago,
3141 2906 3333 2976 quibus
3367 2906 3512 2961 velut

1943 3001 2162 3069 organis
2193 2999 2259 3053 ad
2294 2999 2610 3052 exercitium
2648 2997 2728 3052 Siti
2768 3012 2919 3050 mens
2952 2999 3140 3056 utitur,
3174 3012 3347 3064 neque
3380 3012 3509 3064 epe-

1941 3094 2096 3148 randi
2129 3093 2234 3145 vim
2285 3092 2398 3162 (93)
2449 3100 2748 3145 sustentare
2785 3090 2951 3153 valet,
3002 3105 3099 3143 nec
3151 3089 3508 3158 percipiendae

1938 3184 2234 3250 disciplima
2270 3184 2528 3238 exhibere
2553 3180 2751 3234 snﬂicit
2786 3180 3119 3236 facultatem.

2010 3274 2061 3326 7.
2089 3272 2143 3327 Si
2169 3274 2258 3342 qui
2286 3283 2463 3326 autem
2489 3285 2611 3326 sunt
2639 3272 2730 3337 qui
2774 3282 3008 3326 mentem
3042 3271 3211 3340 ipsam
3246 3271 3513 3324 animam-

1940 3379 2046 3433 que
2081 3380 2276 3431 corpus
2303 3379 2420 3417 esse
2449 3362 2804 3425 arbitrentur,
2847 3364 3005 3417 velint
3055 3364 3182 3416 utilti
3215 3364 3511 3430 reSpondc-

1940 3463 2080 3520 rent,
2129 3457 2396 3524 quomodo
2442 3465 2710 3508 tantarum
2767 3470 2944 3508 rerum
2979 3454 3116 3524 (9i),
3162 3463 3270 3506 tam
3319 3453 3512 3506 difﬁci-

1942 3545 2070 3598 lium
2104 3555 2319 3612 tantque
2346 3546 2622 3599 subtilium
2671 3547 2911 3600 rationes
2953 3546 3386 3611 assertioncsqne
3423 3558 3508 3595 re-

1942 3638 2111 3705 cipiat
2139 3638 2205 3692 ".
2264 3637 2417 3690 Unde
2445 3638 2492 3689 ei
2526 3637 2697 3689 virtus
2729 3637 3040 3689 memoriae?
3071 3635 3135 3688 Et
3167 3635 3306 3688 unde
3339 3634 3385 3687 ei
3427 3648 3512 3686 re-

1946 3741 2063 3778 rum
2115 3726 2464 3778 ittvisibilinm
2495 3725 2920 3793 contemplatio?
2975 3723 3126 3778 Unde
3161 3734 3308 3778 certe
3337 3725 3512 3777 incor-

1944 3815 2212 3885 poraliuttt
2247 3815 2550 3869 intellectus
2575 3830 2753 3868 rerum
2783 3815 2996 3883 corpori
3038 3814 3175 3868 inest
3199 3814 3515 3880 ἳριιοιιιυιιο

1949 4092 2188 4147 climata.
2229 4107 2247 4141 ι
2297 4088 2467 4152 Alias,
2501 4103 2521 4138 ι
2567 4085 2658 4140 sed
2701 4083 3097 4141 eruditionibus
3143 4089 3197 4135 et
3242 4078 3514 4133 exercitiis

1949 4163 2185 4220 climata.
2226 4177 2244 4210 ι

2021 4232 2132 4300 (95)
2176 4228 2310 4300 Υἱηι.
2352 4228 2425 4300 Ita
2461 4243 2592 4292 mss.
2629 4224 2796 4286 Alias,
2831 4241 2849 4272 ι
2892 4236 3065 4300 usum.
3117 4237 3134 4268 ι

2021 4232 2109 4300 (95
2176 4232 2310 4281 Vim.
2352 4232 2425 4282 Ita
2461 4243 2592 4292 mss.
2629 4232 2796 4286 Alias,
2831 4241 2849 4272 ι
2892 4236 3065 4276 usum.
3117 4237 3134 4268 ι

2021 4232 2132 4367 (oti
2173 4297 2442 4361 Quomodo
2475 4308 2741 4367 tantarum
2774 4308 2965 4367 rerurn,
3004 4297 3109 4367 etc.
3146 4287 3220 4367 Es
3250 4286 3335 4340 ltt's
3383 4299 3514 4339 sane

1950 4357 2282 4437 argumentis
2309 4380 2430 4437 quae
2459 4364 2664 4433 profert
2695 4361 2977 4428 Origenes,
3009 4357 3176 4435 liquet
3208 4357 3378 4437 ipsum
3415 4371 3513 4406 tta--

1953 4425 2126 4490 tui-lant
2168 4425 2362 4486 anima:
2410 4425 2470 4486 in.
2510 4447 2738 4498 corpore
2790 4425 3137 4498 Quantuutvis
3185 4425 3367 4498 subtili
3410 4438 3513 4498 non

1948 4509 2216 4576 posuisse.
2247 4505 2336 4576 Sic
2370 4504 2420 4576 in
2448 4491 2873 4576 ΔΡι·οιιίεριίεομὶιι1
2910 4496 3252 4576 martyrium:
3279 4495 3412 4576 "Est
3434 4491 3513 4576 es

1944 4561 2036 4630 icui.
2078 4573 2328 4643 φιλοζωΞῖ
2375 4561 2678 4644 ἄνθρωποξ,
2712 4571 2915 4637 πεῖσμα
2955 4561 3129 4644 λαϐῴν
3175 4563 3302 4644 itaet
3328 4561 3512 4644 οὐσίας

1944 4631 2168 4714 λογωέῆς
2191 4631 2391 4712 ᾦυχῆς,
2419 4631 2493 4704 tbi
2520 4631 2754 4714 ἐχούσης
2794 4631 2870 4714 τί.
2894 4636 3148 4714 συγγενὲς
3354 4631 3514 4714 νοξροᾶ

1944 4701 2052 4787 γὰὶ)
2079 4701 2432 4787 ἐιξᾶέερὰᾶάξι
2467 4701 2917 4787 agminia;
2957 4701 3272 4787 empse-ev
3301 4701 3514 4756 ἀποδεί-

1945 4776 2098 4839 iit/{ist
2123 4776 2295 4851 λὸείοξ,
2321 4776 2604 4851 dominia.
2628 4799 2646 4831 ι
2669 4781 2734 4833 Et
2765 4778 2938 4851 adhuc
2963 4776 3313 4851 ltouto_vitattt
3346 4781 3508 4851 autat,

1948 4872 2071 4909 cunt
2099 4843 2614 4906 tiett'm—ttstt‘atiOttettt
2656 4848 2929 4916 acceperit
2957 4851 3022 4897 de
3059 4845 3248 4916 annuae
3280 4843 3516 4916 rationa-

1948 4927 2010 4978 lis
2033 4933 2243 4978 natura.
2280 4921 2422 4989 quod
2456 4922 2691 4987 aliquant
2727 4911 2923 4970 habeat
2946 4927 3066 4967 cum
3101 4914 3208 4990 Deo
3238 4911 3514 4990 cognatio-

1949 5011 2092 5048 nem.
2130 4982 2487 5060 lntelligibilia
2520 4982 2668 5060 enim
2693 4998 2918 5052 utraque
2948 4991 3072 5036 sunt
3101 4993 3151 5060 et
3196 4982 3508 5037 invisibilia,

1949 5075 2024 5128 et,
2057 5074 2113 5115 ut
2152 5052 2350 5115 ittvict'a
2397 5061 2609 5113 ratione
2644 5058 3066 5128 deutoustﬁratnr,
3109 5052 3506 5128 incorporea”

1951 5118 2058 5186 Nec
2084 5134 2261 5185 obstat
2309 5131 2449 5198 quod
2479 5129 2639 5198 habet
2667 5127 2761 5198 lib.
2800 5122 2941 5198 t___l_)_e
2976 5121 3268 5198 principiis,
3304 5135 3421 5184 cap.
3455 5118 3509 5198 ti,

1955 5222 1973 5255 ι
2009 5203 2172 5255 solius
2206 5189 2395 5264 Dei,'id
2422 5211 2504 5251 est
2533 5197 2708 5249 Patris
2739 5206 2790 5248 et
2815 5193 2934 5269 Filii
2969 5202 3021 5245 et
3062 5189 3293 5269 Spiritus
3330 5189 3512 5269 sancti

1951 5282 2158 5326 natura:
2181 5271 2231 5322 id
2261 5257 2535 5336 proprium
2559 5281 2696 5328 esse,
2734 5265 2929 5318 utsine
2965 5259 3229 5337 materia“
3261 5257 3513 5337 substan-

1954 5354 2049 5404 tta,
2091 5352 2143 5392 et
2179 5331 2382 5406 absque
2436 5337 2541 5389 ulla
2592 5349 2867 5406 corporea:
2913 5331 3236 5406 adjectionis
3257 5331 3514 5406 societate

1952 5393 2641 5478 intelligatur.subsistere.
2691 5393 2711 5456 ἱ
2755 5405 2860 5455 Nec
2891 5393 3030 5478 quod
3080 5395 3267 5478 scr-inhit
3312 5393 3512 5478 liblutt3

1954 5464 2072 5548 cap.
2096 5464 2154 5542 (ἐξ
2187 5498 2202 5528 ι
2239 5479 2584 5548 incorporeas
2614 5487 2890 5527 remanere
2908 5464 3518 5548 ιειιίρηίιὺξιγέξῇἷξῖλιξξξιξείε

1959 5528 2072 5604 an
2089 5528 2323 5616 nam
2342 5528 2713 5616 initiationith
2734 5552 2789 5596 et
2836 5554 2971 5616 pene
3017 5528 3515 5616 itnttfzﬁéibilgviflﬁj

1964 5596 2364 5684 i'ii-thVt-‘paulo
2393 5596 2514 5682 post
2548 5596 2618 5668 ιίι
2659 5613 2715 5666 Si
2758 5596 2886 5665 vero
2918 5596 3250 5674 impossibile
3289 5603 3370 5648 est
3415 5596 3522 5652 hoc
