3952 6144
435 290 464 310 ρ

360 289 466 347 “an

367 440 1574 469 Μ

1584 291 1904 349 ORIGENIS
1944 296 2101 349 ΠΕΡΙ
2143 297 2371 349 ΛΡΧΩΝ

795 618 1692 777 ORIGENIS
1795 615 1921 784 Ι]

2029 619 2315 785 3P1
2415 501 3187 791 ΑΡΧΩΝ

3476 301 3579 356 116

3341 450 3570 480 _.--=.—_-.a

1347 915 1774 1040 LIBRI
1852 912 2608 1062 QUATUOR

357 1165 1164 1249 INTERPBETE
1251 1134 1724 1249 annuo
1827 1169 2657 1263 AQUILEIENSI
2757 1126 3605 1252 Paesev'rsno.

1431 1525 1848 1637 LIBER
1933 1526 2506 1641 PRIMUS.

419 1739 465 1791 1.
481 1740 541 1792 Οἱ
562 1738 976 1803 πεπιστευκότες
993 1739 1102 1809 (45)

351 1831 445 1884 καὶ
525 1830 941 1900 πεπιστευμένοι
1007 1831 1105 1902 τὴν
1178 1831 1924 1902 duntctcertisuntquodet

350 1922 509 1993 χάριν
532 1924 624 1976 καὶ
645 1922 740 1986 τὴν
761 1921 1013 1992 ἀλήθειαν
1033 1923 1101 1976 δι’
1174 1926 1345 1993 gratia
1379 1933 1432 1978 et
1471 1925 1669 1980 veritas
1711 1941 1804 1994 per
1832 1924 1924 1981 Je-

361 2015 532 2084 Ἰησοῦ
550 2015 782 2086 Χριστοῦ
800 2017 1096 2084 γεγονέναι,
1172 2033 1290 2072 sum
1330 2017 1607 2073 Christum
1649 2020 1787 2074 facta
1830 2021 1922 2088 sit,

349 2108 442 2159 καὶ
461 2101 1100 2180 Χριστὸνεῖναιτὴνάλή-
1169 2120 1221 2164 et
1291 2110 1561 2165 Christum
1639 2111 1921 2166 veritatem

348 2198 498 2252 θειαν
539 2199 679 2252 κατὰ
718 2199 777 2252 τὸ
813 2199 1096 2270 εἰρημένον
1169 2217 1290 2258 esse
1348 2203 1584 2269 norunt,
1630 2207 1922 2260 secundum

350 2292 440 2344 ὑπ’
488 2291 682 2346 αὐτοῦ·
729 2311 747 2343 ‹
799 2292 938 2361 Ἐγώ
980 2295 1093 2363 εἰμι
1167 2297 1307 2363 quod
1363 2296 1476 2364 ipse
1533 2297 1709 2354 dixit:
1756 2317 1774 2350 ι
1812 2297 1922 2368 Ego

346 2385 378 2453 ἡ
414 2383 657 2455 ἀλήθεια.
689 2403 705 2434 ι
1171 2401 1287 2440 sum
1310 2388 1568 2452 veritas’,
1599 2407 1616 2440 ι
1639 2389 1918 2445 scientiam

346 2489 466 2542 quze
495 2485 751 2542 provocat
785 2475 1035 2530 homines
1065 2476 1130 2530 ad
1162 2475 1297 2531 bene
1332 2479 1598 2549 beateque
1632 2480 1917 2536 vivendum

348 2581 451 2619 non
479 2566 694 2621 aliunde
725 2583 884 2636 quam
921 2567 987 2621 ab
1021 2568 1150 2636 ipsis
1185 2569 1366 2624 verbis
1404 2569 1606 2625 Christi
1639 2573 1915 2626 doctrina-

349 2669 455 2722 que
490 2656 810 2724 suscipiunt.
841 2655 1040 2710 Christi
1092 2667 1267 2711 autem
1315 2659 1494 2712 verbis
1532 2660 1778 2723 dicimus,
1811 2678 1912 2716 non

346 2744 432 2800 his
465 2745 637 2800 solum
673 2761 790 2814 qua:
820 2746 982 2800 homo
1016 2747 1209 2810 factus,
1241 2758 1401 2818 atque
1437 2750 1488 2803 in
1522 2765 1684 2806 carne
1712 2753 1916 2820 positus

347 2836 570 2889 docuit:
609 2846 665 2890 et
702 2839 852 2906 prius
899 2854 1132 2909 namque
1178 2840 1429 2895 Christus
1463 2841 1553 2895 Dei
1588 2842 1825 2898 Verbum
1862 2846 1915 2898 in

348 2923 534 2995 Iloyse
577 2935 738 2994 atque
787 2929 1063 2998 prophetis
1110 2940 1248 2986 erat.
1289 2932 1425 3007 Nam
1454 2933 1570 2986 sine
1607 2917 1781 2989 Verbo
1829 2935 1918 2988 Dei

345 3017 619 3084 quomodo
649 3026 898 3084 poterant
927 3021 1250 3088 prophetare
1277 3026 1341 3076 de
1375 3024 1630 3079 Christo?
1659 3027 1737 3079 Ad
1772 3027 1922 3094 cujus

347 3108 422 3159 rei
457 3109 831 3174 probationem
862 3126 966 3164 non
1004 3120 1146 3164 esset
1190 3112 1402 3167 diiilcile
1434 3130 1496 3168 ex
1542 3115 1739 3170 divinis
1779 3118 1920 3171 Scri-
1956 3085 1995 3139 Β

346 3201 520 3270 pturis
544 3203 848 3268 ostendere,
880 3207 1150 3274 quomodo
1177 3207 1256 3260 vel
1286 3207 1516 3278 Moyses,
1546 3209 1627 3262 vel
1654 3211 1924 3280 prophette

346 3291 538 3359 spiritu
572 3291 772 3347 Christi
809 3295 1019 3363 repleti,
1045 3297 1126 3351 vel
1152 3297 1316 3351 locuti
1351 3307 1498 3362 sunt,
1528 3299 1608 3352 vel
1642 3312 1922 3369 gesserunt

345 3385 524 3435 Omnia
557 3399 674 3453 quce
716 3394 1018 3454 gesserunt,
1053 3386 1154 3440 nisi
1202 3388 1383 3441 studio
1416 3389 1568 3442 nobis
1600 3399 1740 3443 esset
1784 3404 1920 3460 prte-

346 3487 471 3527 sens
500 3476 599 3529 hoc
627 3491 762 3545 Optts
795 3477 939 3530 omni
981 3492 1084 3546 qua
1120 3493 1402 3546 possumus
1425 3479 1686 3534 brevitate
1712 3482 1924 3534 succin-

348 3582 498 3636 gere.
539 3567 691 3623 Unde
726 3568 969 3624 sullicere
999 3570 1251 3626 existimo
1287 3586 1394 3625 uno
1436 3571 1538 3626 hoc
1572 3572 1722 3626 Pauli
1769 3574 1923 3626 testi-

349 3660 530 3712 monio
555 3659 752 3715 debere
787 3676 888 3716 nos
915 3663 990 3716 uti
1031 3677 1094 3716 ex
1125 3662 1360 3732 Epistula
1385 3679 1545 3739 quam
1573 3665 1637 3716 ad
1668 3663 1926 3720 llebracos

346 3749 569 3812 scribit;
598 3752 648 3804 in
687 3768 788 3819 qua
820 3755 892 3806 ita
928 3754 1004 3808 ait
1038 3771 1052 3807 :
1083 3772 1102 3804 ‹
1140 3754 1272 3810 Fide
1311 3771 1536 3824 magnus
1572 3755 1744 3810 iactus
1780 3757 1926 3826 Moy-

346 3854 435 3897 ses
485 3841 701 3910 negavit
747 3857 805 3896 se
848 3845 950 3898 dici
1008 3846 1174 3898 lilium
1229 3845 1350 3898 lilia:
1398 3845 1721 3912 Pharaonis,
1757 3849 1927 3916 ttiagis

346 3929 552 3997 eligens
582 3931 830 3987 amictari
868 3950 989 3988 cum
1022 3937 1216 4005 populo
1255 3937 1345 3990 Dei
1372 3951 1534 4004 quam
1569 3939 1922 4006 temporalem

346 4023 550 4077 habere
587 4024 794 4091 peccati
825 4024 1239 4092 iucunditatem,
1274 4025 1508 4094 majores
1533 4027 1749 4082 divitias
1779 4028 1925 4080 aesti-

347 4129 499 4168 mans
547 4115 921 4185 Egyptiorum
977 4116 1248 4171 thesauris
1296 4117 1639 4186 Opprobrinm
1684 4118 1930 4173 Chrisd‘

343 4199 478 4274 (44).
520 4225 538 4258 ι
573 4207 678 4260 Sed
727 4215 780 4260 et
826 4215 946 4276 post
999 4209 1428 4276 assumptionem
1475 4208 1591 4277 ejus
1640 4209 1690 4262 in
1738 4210 1927 4274 caelos,

343 4299 487 4362 quod
523 4299 577 4352 in
610 4299 868 4368 apostolis
897 4299 1010 4354 suis
1038 4299 1245 4354 locutus
1277 4301 1368 4363 sit,
1401 4300 1502 4354 hoc
1539 4300 1694 4352 modo
1728 4301 1932 4354 indicat

1246 1737 1352 1811 47
1388 1741 1432 1796 1.
1459 1738 1656 1796 Omnes
1690 1743 1777 1812 qui
1813 1758 1929 1797 cre-
1961 1751 2003 1806 Α
2033 1759 2090 1798 se
2115 1745 2454 1814 proﬁtentur,
2489 1759 2593 1799 non
2628 1743 2796 1799 solum
2831 1745 2882 1799 iu
2919 1743 3102 1815 parvis
3132 1751 3180 1798 et
3216 1743 3454 1800 minimis
3489 1745 3601 1803 dis-

2027 1838 2277 1903 cordant,
2299 1853 2481 1892 verum
2511 1838 2684 1905 etiam,
2707 1837 2757 1891 iu
2791 1836 3002 1906 magnis
3035 1843 3089 1890 et
3119 1837 3369 1891 maximis
3397 1855 3410 1890 :
3445 1838 3495 1892 id
3523 1847 3604 1893 est

2024 1930 2108 1983 vel
2135 1931 2199 1985 de
2232 1931 2338 1984 Deo
2365 1929 2442 1986 vel
2478 1931 2543 1984 de
2573 1931 2802 1985 Domino
2829 1928 2960 1984 Jesu
2986 1929 3222 1994 Christo,
3258 1929 3341 1984 vel
3373 1930 3438 1984 de
3477 1929 3605 2000 Spi-

2023 2021 2128 2073 ritu
2178 2030 2401 2082 saucto;
2452 2009 2558 2074 non
2605 2020 2776 2074 solum
2829 2030 3014 2076 autem
3064 2019 3129 2072 de
3172 2020 3278 2083 his,
3313 2020 3406 2074 sed
3447 2029 3502 2074 et
3540 2022 3608 2075 de

2024 2111 2142 2166 aliis
2172 2113 2456 2176 creaturis,
2486 2113 2536 2167 id
2573 2123 2654 2166 est
2693 2112 2778 2164 vel
2805 2113 2871 2166 de
2907 2111 3396 2176 dominationibus,
3427 2111 3510 2166 vel
3539 2113 3607 2166 de

2023 2205 2314 2258 virtutibus
2343 2205 2582 2263 sanctis;
2617 2214 2836 2272 propter
2864 2205 2966 2257 hoc
2993 2204 3364 2257 necessarium
3391 2205 3608 2257 videtur

2024 2295 2174 2363 prius
2209 2295 2274 2349 de
2307 2296 2388 2350 his
2421 2296 2646 2364 singulis
2679 2304 2881 2350 certam
2919 2295 3116 2349 lineam
3150 2284 3608 2362 manifestamque

2026 2387 2262 2456 regulam
2290 2401 2509 2455 ponere,
2539 2397 2648 2440 tum
2673 2388 2868 2442 deinde
2899 2389 3062 2440 etiam
3108 2386 3174 2440 de
3216 2385 3433 2440 caeteris
3458 2399 3610 2453 quae-

2028 2493 2170 2533 rere.
2211 2477 2364 2533 Sicut
2409 2479 2553 2534 enim
2597 2479 2781 2533 multis
2823 2477 2965 2548 apud
2996 2477 3228 2547 ,Ormcos
3253 2486 3306 2531 et
3343 2477 3609 2530 barbaros

2025 2569 2406 2636 pollicentibus
2437 2570 2746 2635 veritatem,
2778 2569 3076 2624 desivimus
3105 2568 3217 2638 (45)
3249 2568 3388 2635 apud
3418 2582 3611 2622 omnes

2023 2672 2141 2712 eam
2177 2674 2418 2727 quaerere
2444 2661 2532 2727 qui
2557 2675 2674 2714 eam
2716 2659 2866 2713 falsis
2884 2658 3232 2728 opinionibus
3265 2659 3608 2722 asserebant,

2023 2758 2370 2818 posteaquam
2415 2751 2740 2804 credidimus
2787 2750 2976 2804 Filium
3021 2749 3110 2802 Dei
3146 2764 3265 2804 esse
3303 2749 3604 2815 Christum,

2023 2849 2077 2894 et
2106 2841 2172 2894 ab
2205 2841 2320 2908 ipso
2353 2841 2506 2893 nobis
2542 2841 2678 2893 hanc
2707 2840 3012 2894 discendam
3039 2854 3158 2894 esse
3189 2840 3559 2909 persuasimus
3591 2856 3606 2902 ;

2027 2930 2098 2982 ita
2129 2945 2249 2983 cum
2287 2930 2437 2983 multi
2475 2931 2581 2983 siut
2611 2931 2700 3000 qui
2733 2945 2792 2984 se
2815 2940 3003 2999 putant
3027 2933 3227 2987 sentire
3253 2947 3372 3000 quae
3404 2933 3608 2986 Christi

2029 3029 2172 3085 sunt,
2201 3029 2255 3074 et
2282 3020 2521 3074 nonnulli
2548 3037 2732 3076 eorum
2760 3025 2973 3076 diversa
2997 3038 3024 3076 a
3051 3025 3320 3092 prioribus
3341 3023 3607 3090 sentiant,

2026 3122 2269 3168 servetur
2304 3127 2430 3168 vero
2453 3115 2820 3171 ecclesiastica
2849 3117 3157 3186 prtedicatio
3186 3131 3280 3185 per
3305 3116 3610 3170 successio-

2026 3205 2110 3258 nis
2144 3205 2391 3260 ordinem
2437 3205 2504 3258 ab
2535 3206 2789 3274 apostolis
2833 3207 3053 3270 tradita,
3085 3214 3138 3258 et
3171 3221 3339 3272 usque
3377 3205 3443 3258 ad
3471 3221 3614 3274 pra!-

2027 3311 2154 3350 sens
2189 3297 2240 3349 iu
2275 3295 2534 3352 Ecclesiis
2562 3312 2886 3366 permanens
2915 3314 2928 3350 :
2964 3297 3050 3350 illa
3081 3298 3197 3351 sola
3229 3298 3494 3350 credenda
3526 3309 3610 3354 est

2025 3387 2251 3453 veritas,
2287 3403 2405 3456 qua:
2433 3389 2483 3442 in
2515 3387 2660 3442 nullo
2704 3389 2771 3442 ab
2809 3377 3177 3442 ecclesiastica
3217 3397 3272 3440 et
3315 3388 3610 3457 apostolica

2025 3479 2308 3535 discordat
2339 3480 2648 3534 traditione.

2097 3572 2150 3626 5.
2180 3571 2310 3625 Illud
2341 3579 2516 3624 autem
2548 3571 2686 3625 scire
2720 3577 2954 3639 oportet,
2984 3570 3238 3639 quoniam
3274 3570 3441 3622 sancti
3472 3584 3612 3636 apo-

2026 3661 2149 3716 stoli
2197 3662 2351 3714 Iidem
2395 3661 2596 3715 Christi
2631 3660 3008 3727 praedicantes,
3043 3660 3107 3712 de
3131 3658 3450 3726 quibusdam
3481 3660 3610 3726 qui-

2027 3753 2151 3807 dem
2200 3765 2535 3820 quaecunque
2585 3756 2886 3804 necessaria
2947 3750 3311 3811 crediderunt,
3359 3749 3612 3802 omnibus

2027 3845 2188 3899 etiam
2222 3842 2304 3897 his
2341 3843 2431 3910 qui
2466 3841 2728 3912 pigriores
2775 3855 2903 3908 erga
2954 3838 3362 3908 inquisitionem
3413 3838 3614 3892 divinae

2029 3935 2269 3991 scientia)
2320 3935 2663 3997 videbantur,
2723 3930 3166 3985 manifestissime
3229 3929 3610 3993 tradiderunt,

2030 4029 2296 4082 rationem
2327 4027 2535 4081 scilicet
2567 4026 2884 4080 assertionis
2917 4038 3104 4077 eorum
3135 4023 3506 4090 relinquentes
3543 4023 3612 4075 ab

2032 4117 2115 4172 his
2146 4115 2539 4184 inquirendam,
2573 4114 2665 4182 qui
2695 4113 2930 4182 Spiritus
2960 4113 3099 4166 dona
3144 4111 3461 4166 excellentia
3493 4126 3613 4165 me~

2033 4216 2282 4261 rerenlur
2328 4205 2466 4275 (46),
2499 4214 2552 4258 et
2600 4204 2866 4272 praecipue
2915 4206 3204 4267 sermonis,
3249 4203 3526 4272 sapientiai
3557 4211 3615 4257 et

2032 4298 2273 4352 scientiae
2296 4296 2526 4365 gratiam
2563 4307 2660 4363 per
2690 4294 2863 4362 ipsum
2909 4293 3164 4361 Spiritum
3199 4301 3445 4347 sanctum
3483 4307 3612 4360 pcr-

340 4388 540 4445 Paulus
576 4407 634 4444 :c
673 4392 774 4445 Aut
808 4391 1048 4460 nunquid
1083 4392 1498 4459 probamcntum
1533 4392 1651 4461 ejus
1683 4391 1925 4460 qumritis
1951 4414 1998 4475 ο
2032 4389 2334 4458 cepissent;
2367 4387 2433 4440 de
2466 4385 2588 4438 aliis
2613 4399 2736 4437 vero
2763 4385 3016 4437 dixerunt
3049 4385 3285 4452 quidem,
3308 4386 3430 4452 quia
3465 4384 3608 4449 sint;

341 4481 432 4549 qui
459 4483 513 4538 in
540 4497 625 4536 me
657 4483 894 4552 loquitur
918 4481 1170 4538 Christus
1192 4484 1213 4514 ⁸
1239 4483 1263 4536 ?
1291 4500 1310 4534 ο

401 4573 1049 4644 ‘2.Quoniamergomulti
1090 4589 1155 4628 ex
1203 4573 1288 4627 his
1331 4575 1418 4640 qui
1445 4573 1662 4628 Christo
1695 4575 1918 4630 credere

415 4706 435 4736 ³
461 4705 618 4762 Joan.
644 4722 753 4775 χιν,
777 4706 832 4762 6.
896 4707 915 4740 ⁵
943 4705 1076 4761 lleb.
1105 4723 1178 4772 ιι,
1201 4706 1291 4769 25,
1314 4705 1405 4760 26.
1466 4708 1486 4738 ⁸
1512 4705 1551 4758 11
1575 4708 1699 4763 Cor.
1725 4723 1842 4772 xm,
1870 4707 1923 4760 ὅ.

412 4873 524 4944 (45)
559 4874 1134 4944 Οὶίπεπιστευκότες.
1167 4871 1422 4928 Gra‘cuur
1452 4870 1617 4944 hocce
1658 4871 1916 4944 librorum

341 4945 478 5012 Περὶ
504 4941 704 5013 ἀρχῶν
727 4944 933 4996 initium
959 4945 1300 5010 desumptqu
1335 4950 1417 5013 est
1437 4957 1477 5013 re
1501 4941 1636 5013 libro
1660 4959 1675 4995 ι
1707 4942 1918 4996 Eusebii

341 5011 547 5068 contra
579 5011 886 5067 Marcellum
939 5013 1309 5083 Ancyranum.
1348 5011 1479 5066 V'ide
1519 5011 1771 5065 Monitum
1827 5028 1923 5066 uo-

340 5096 536 5148 strum,
574 5100 722 5136 num.
762 5083 816 5137 2.

415 5157 528 5222 (44)
562 5152 860 5207 ΑΕειίηιαηε
889 5150 1260 5221 [Εῃωηὶοηιηι
1290 5150 1549 5222 thesauris
1589 5151 1920 5222 approba-illm

339 5218 560 5279 Christi.
605 5223 678 5276 Ita
703 5238 891 5276 omnes
945 5218 1099 5274 codd.
1142 5235 1272 5274 mss.
1308 5220 1563 5272 Merlinus
1589 5233 1714 5273 vero
1737 5230 1788 5272 et
1814 5218 1916 5273 Ge-

339 5297 526 5358 ncbr.,
593 5310 611 5342 ι
645 5293 967 5346 existimans
1001 5292 1268 5344 thesauris
1313 5289 1684 5358 Aigyptiorum
1721 5290 1922 5355 impro-

340 5367 554 5430 perium
611 5362 837 5417 Christi.
875 5381 891 5412 ι
939 5362 1101 5412 Paulo
1146 5361 1480 5430 postiiidem
1533 5374 1661 5411 mss.
1705 5377 1718 5412 :
1757 5377 1774 5408 ι
1817 5360 1924 5411 Aut

343 5429 582 5503 inmquid
635 5434 1069 5500 probamentunt.
1106 5448 1124 5480 ι
1154 5429 1300 5482 Libri
1355 5429 1515 5493 editi,
1563 5447 1579 5478 ι
1616 5442 1680 5481 an
1732 5431 1927 5496 proba-

341 5518 604 5556 lllClIllllll.
647 5521 665 5552 ι

413 5574 526 5641 (45)
567 5573 768 5627 Omnes
811 5586 966 5633 mss.,
1003 5587 1020 5619 ‹
1059 5569 1371 5641 desivimus.
1408 5587 1425 5620 ι
1468 5567 1676 5631 Merlin.
1723 5576 1774 5641 et.
1824 5565 1926 5619 Ge-

342 5637 522 5704 nebr.,
559 5661 577 5693 α
609 5642 972 5696 desueviinus.
1013 5656 1030 5688 ›
1063 5637 1203 5692 Infra
1250 5654 1440 5693 omnes
1481 5655 1634 5700 mss.,
1663 5657 1680 5688 ‹
1726 5638 1792 5689 ab
1840 5652 1927 5690 cc-

344 5713 649 5767 clcsiastica
695 5724 748 5768 et
787 5710 1087 5780 apostolica
1143 5710 1418 5766 discordat
1469 5710 1781 5763 traditione.
1825 5707 1922 5759 »1η

2028 4479 2296 4550 quomodo
2332 4485 2533 4539 autem,
2560 4485 2653 4526 aut
2683 4475 2822 4529 unde
2861 4475 2993 4540 sint,
3035 4475 3326 4540 siluerunt,
3365 4474 3611 4543 profecto

2029 4579 2088 4626 ut
2116 4568 2467 4624 studiosiores
2495 4566 2694 4636 quique
2715 4581 2780 4621 ex
2809 4567 3039 4638 posteris
3076 4567 3188 4620 suis
3217 4566 3308 4635 qui
3341 4573 3612 4619 amatores

2027 4880 2182 4924 antea
2216 4867 2373 4922 editis
2395 4868 2564 4930 deest,
2596 4884 2614 4915 σ
2640 4875 2693 4920 et
2723 4866 3036 4936 apostolica.
3070 4883 3089 4917 ι
3113 4863 3278 4936 Paulo
3300 4871 3418 4931 post
3447 4879 3606 4928 mss.,

2033 4958 2051 4990 ι
2086 4939 2333 4993 omnibus
2375 4937 2537 4990 etiam
2575 4937 2659 4990 his
2705 4934 2792 5002 qui
2834 4937 3116 5002 pigriores.
3150 4951 3168 4984 ο
3203 4934 3354 4987 Merl.
3401 4945 3453 4987 et
3502 4936 3612 4990 Ge-

2031 5012 2210 5072 nebr.,
2250 5025 2268 5056 ι
2306 5007 2558 5061 omnibus
2593 5007 2936 5060 credentibus
2964 5005 3128 5058 etiam
3169 5004 3253 5058 his
3288 5005 3376 5073 qui
3409 5004 3611 5074 pigrio-

2033 5095 2214 5216 Υϐῗλέ)
2251 5145 2354 5209 Qui
2382 5143 2610 5216 Spiritus
2637 5144 2775 5195 dona
2803 5143 3112 5216 excellentior
3137 5152 3607 5216 meret-etztrtr,etc.

2032 5213 2128 5271 Sic
2160 5231 2348 5270 omnes
2378 5231 2506 5268 mss.
2538 5213 2592 5266 lu
2622 5225 2786 5265 antea
2825 5214 2985 5265 editis
3018 5213 3211 5282 legitur
3240 5229 3254 5264 :
3292 5230 3312 5263 ι
3350 5213 3450 5278 Qui
3483 5214 3612 5279 Spi-

2031 5289 2166 5341 ritus
2191 5288 2327 5339 dona
2353 5283 2665 5337 excellentia
2695 5291 2748 5335 et
2776 5284 3043 5351 praecipue
3073 5284 3357 5343 sermonis,
3390 5283 3610 5350 sapien-

2031 5359 2116 5409 tim
2149 5367 2203 5409 et
2230 5355 2470 5408 scientiae
2505 5368 2599 5420 per
2631 5353 2803 5418 ipsum
2845 5351 3104 5419 Spiritum
3154 5363 3398 5405 sanetum
3432 5355 3608 5419 perci-

2030 5441 2155 5494 perc
2185 5426 2551 5494 merebantur.
2581 5462 2592 5472 .
2622 5459 2634 5472 .
2667 5458 2687 5494 ,γ
2708 5459 2722 5474 .
2751 5460 2765 5474 .
2799 5460 2811 5474 .
2841 5459 2855 5473 .
2887 5421 3128 5488 profecto
3149 5431 3213 5494 _ut
3248 5423 3606 5494 studiosiores
3645 5487 3655 5494 _

2031 5491 2242 5564 quoque
2260 5510 2322 5544 ex
2355 5492 2722 5564 posterissnis
2747 5503 3017 5544 amatores
3048 5491 3326 5564 sapientia:
3354 5501 3405 5543 et
3429 5493 3605 5564 st‘iettf
3638 5495 3642 5500 ”

2035 5562 2119 5619 tia:
2160 5565 2476 5617 exercitium
2526 5562 2719 5615 habere
2767 5569 3007 5629 possent,
3057 5563 3108 5612 in
3143 5574 3248 5628 quo
3280 5562 3479 5629 ingenii
3521 5562 3601 5613 sui

2034 5635 2265 5689 fructum
2303 5631 2584 5702 ostendere
2631 5630 2891 5702 valerent,
2923 5631 2974 5683 hi
3021 5631 3263 5682 videlicet
3296 5632 3384 5702 qui
3416 5631 3605 5700 dignos

2030 5721 2091 5760 se
2127 5713 2180 5758 et
2209 5716 2436 5770 capaces
2469 5701 2746 5768 sapienti-.e
2777 5708 3164 5768 prmpararent.
3201 5718 3218 5749 ι
