3952 6144
315 275 412 329 ΗἹ

1677 261 1873 317 LIBER
1911 257 2185 315 PRIMUS.

3460 240 3561 292 HS

312 394 488 444 essent
511 388 821 456 sapientiai,
850 386 1170 441 exercitium
1199 385 1397 439 habere
1433 392 1669 451 possent,
1703 382 1757 436 in
1787 394 1894 449 quo
1924 383 1970 437 A
1997 378 2088 442 sit,
2120 387 2309 429 necne.
2344 370 2450 427 Sed
2478 367 2791 439 inquirenda
2811 366 2921 435 jam
2947 363 3047 417 ista
3083 374 3181 431 pro
3204 356 3411 456 viribus
3441 360 3565 454 sunt

318 480 513 546 ingenii
555 481 637 535 sui
688 479 923 533 fructum
977 478 1343 538 ostenderent,
1394 476 1445 529 hi
1502 472 1751 528 videlicet
1800 474 1890 541 qui

318 573 506 639 dignos
537 586 597 625 se
619 581 674 626 et
696 586 921 641 capaces
944 571 1007 625 ad
1030 569 1393 639 recipiendam
1416 567 1731 636 sapientiam
1759 580 1895 635 prae-

316 669 592 729 pararent.

383 750 437 802 4.
487 748 713 817 Species
750 763 878 802 vero
913 764 1099 804 eorum
1150 763 1269 816 qua:
1314 762 1411 817 per
1457 745 1893 815 praedicationem

323 840 669 910 apostolicam
716 839 1001 894 manifeste
1044 840 1347 905 traduntur,
1378 842 1493 893 ista:
1536 847 1681 893 sunt.
1714 837 1893 890 Primo

321 934 460 1002 quod
490 947 629 986 unus
657 932 799 986 Deus
824 942 905 986 est
932 932 1022 1000 qui
1053 934 1230 985 omnia
1255 933 1456 985 creavit
1490 940 1651 998 atque
1675 939 1893 996 c‘ompo-

321 1024 445 1089 suit,
466 1024 688 1090 quique,
710 1038 829 1075 cum
859 1022 992 1075 nihil
1016 1031 1179 1086 esset,
1204 1038 1320 1076 esse
1340 1022 1461 1076 fecit
1490 1021 1734 1074 universa
1757 1018 1892 1086 (47),

325 1113 461 1168 Deus
492 1128 521 1165 a
550 1114 720 1181 prima
742 1120 989 1165 creatura
1021 1121 1074 1166 et
1092 1112 1399 1166 conditiOne
1424 1110 1629 1175 mundi,
1655 1110 1893 1163 omnium

319 1204 586 1273 justorum
624 1203 786 1270 Deus,
836 1203 1027 1266 Adam,
1064 1203 1217 1263 Abel,
1267 1202 1413 1267 Setlt,
1471 1202 1636 1264 Enos,
1689 1199 1895 1263 Enoch,

322 1294 453 1358 Noe,
478 1293 628 1356 Sent,
653 1293 949 1357 Abraham,
968 1294 1134 1357 isaac,
1155 1291 1341 1355 Jacob,
1362 1292 1643 1346 duodecim
1670 1292 1897 1359 patriar-

320 1386 569 1450 charum,
604 1383 802 1454 Moysis
832 1393 883 1437 et
910 1384 1328 1451 prophetarum;
1363 1391 1416 1437 et
1444 1383 1585 1449 quod
1628 1382 1714 1435 hic
1761 1381 1898 1435 Deus

324 1477 373 1529 in
400 1476 708 1530 novissimis
740 1476 950 1539 diebus,
983 1476 1122 1528 sicut
1155 1488 1250 1542 per
1283 1473 1571 1543 prophetas
1616 1487 1739 1526 suos
1776 1482 1900 1526 ante

322 1567 665 1635 promiserat,
713 1566 824 1637 48
876 1567 1022 1621 misit
1085 1566 1369 1620 Dominum
1422 1574 1664 1619 nostrum
1716 1563 1897 1619 Jesum

323 1658 617 1723 Christum,
649 1660 820 1725 primo
851 1658 1063 1726 quidem
1100 1666 1414 1711 vocaturum
1446 1655 1628 1719 Israel,
1662 1656 1899 1708 secundo

325 1765 449 1804 vero
478 1747 640 1803 etiam
677 1762 863 1820 gentes
898 1760 1014 1821 post
1044 1750 1322 1819 perfidiam
1370 1750 1544 1818 populi
1584 1748 1767 1803 Israel.
1802 1747 1899 1802 llic

327 1840 468 1895 Deus
516 1841 696 1909 justus
754 1851 802 1895 et
850 1843 1020 1896 bonus
1072 1841 1229 1895 Pater
1285 1841 1491 1894 Domini
1548 1840 1715 1894 nostri
1772 1837 1896 1892 Jesu

324 1931 547 1998 Christi,
583 1932 754 2001 legem
783 1941 837 1986 et
864 1934 1177 2001 prophetas,
1207 1941 1261 1987 et
1296 1932 1580 1999 Evangelia
1614 1932 1726 2000 ipse
1755 1930 1897 1984 dedit

326 2027 415 2093 qui
441 2036 494 2080 et
524 2025 889 2095 apostolorum
926 2025 1068 2078 Deus
1101 2032 1218 2088 est,
1259 2034 1313 2078 et
1342 2024 1536 2078 veteris
1564 2030 1617 2077 et
1646 2022 1765 2075 novi
1798 2020 1901 2076 Te-

327 2116 601 2171 stamenti.
629 2115 762 2170 Tum
793 2115 986 2169 deinde
1016 2118 1036 2147 ⁶
1061 2115 1183 2184 quia
1214 2113 1368 2171 Jesus
1394 2114 1641 2168 Christus
1674 2114 1785 2182 ipse
1810 2112 1899 2181 qui

327 2212 497 2277 venit,
540 2220 666 2265 ante
706 2226 918 2265 onmem
952 2219 1259 2265 creaturam
1313 2218 1470 2263 natus
1498 2224 1562 2261 ex
1601 2206 1762 2261 Patre
1797 2214 1899 2258 est.

327 2301 425 2365 Qui
445 2317 567 2354 cum
587 2302 639 2354 in
656 2302 893 2355 omnium
910 2301 1214 2355 conditione
1231 2298 1372 2352 Patri
1393 2298 1750 2352 ministrassel
1766 2296 1899 2367 (48),

333 2408 354 2440 ε
404 2405 501 2458 per
560 2390 734 2459 ipsum
792 2389 939 2442 enim
998 2387 1174 2441 omnia
1251 2386 1390 2439 facta
1437 2384 1634 2447 sunt",
1674 2401 1691 2433 ι
1727 2382 1903 2435 novis-

326 2481 479 2534 simis
512 2478 845 2545 temporibus
895 2476 1126 2544 seipsnm
1166 2473 1485 2527 exinanicns
1531 2473 1689 2525 homo
1729 2470 1903 2524 factus

330 2567 646 2619 incarnatus
676 2576 758 2618 est
788 2564 899 2634 (49)
935 2578 1059 2617 cum
1094 2564 1233 2616 Deus
1258 2570 1420 2626 esset,
1455 2573 1507 2615 et
1532 2562 1692 2615 homo
1732 2559 1906 2613 factus

328 2656 532 2709 mansit
568 2654 712 2721 quod
764 2662 882 2707 erat
936 2653 1097 2706 Dens.
1145 2651 1351 2720 Corpus
1402 2650 1690 2718 assumpsit
1722 2657 1908 2705 nostro

332 2747 550 2813 corpori
583 2745 777 2810 simile,
808 2758 871 2798 eo
897 2743 1009 2798 solo
1038 2741 1292 2800 differens
1315 2741 1457 2811 quod
1489 2750 1669 2795 natum
1696 2755 1760 2795 ex
1788 2741 1910 2794 Vir-

334 2840 462 2909 gine
508 2846 561 2891 et
601 2836 803 2905 Spiritu
837 2846 1024 2891 sancto
1058 2846 1159 2891 est.
1211 2834 1276 2887 Et
1310 2834 1564 2904 quoniam
1621 2835 1708 2888 hic
1756 2832 1911 2889 Jesus

331 2928 583 2981 Christus
615 2934 772 2980 natus
800 2934 852 2979 et
877 2939 1068 2992 passus
1103 2932 1184 2979 est
1222 2925 1273 2977 in
1305 2923 1556 2988 veritate,
1591 2934 1646 2978 et
1680 2939 1783 2978 non
1814 2938 1911 2991 per

331 3018 675 3090 phantasiam
699 3031 1040 3072 communem
1073 3017 1214 3070 hanc
1239 3024 1464 3069 mortem
1492 3015 1747 3071 su5tinuit
1771 3015 1905 3088 (50),

331 3127 462 3165 vere
498 3118 775 3173 mortuus;
813 3122 937 3161 vere
970 3107 1111 3161 enim
1164 3123 1191 3160 a
1233 3106 1459 3160 mortuis
1510 3107 1824 3171 resurrexit,
1853 3117 1908 3161 et

334 3212 453 3274 post
478 3202 925 3257 resurrectionem
956 3207 1306 3253 conversatus
1329 3213 1448 3253 cum
1475 3198 1749 3267 discipulis
1772 3198 1908 3262 suis,

336 3304 640 3363 assumptus
675 3303 775 3347 est.
812 3292 946 3346 Tum
975 3291 1167 3345 deinde
1200 3293 1407 3346 honore
1433 3306 1493 3344 ac
1522 3291 1779 3360 dignitate
1810 3290 1905 3345 Pa-

338 3390 404 3441 tri
427 3404 489 3441 ac
515 3388 651 3441 Filio
681 3387 942 3440 sociatum
969 3384 1307 3437 tradiderunt
1329 3382 1589 3451 Spiritum
1612 3384 1911 3437 sanctum".

336 3479 392 3532 lu
428 3480 529 3533 hoc
562 3493 666 3532 non
695 3476 807 3545 jam
852 3475 1133 3530 manifeste
1164 3476 1507 3537 discernitur,
1541 3485 1717 3529 utrum
1762 3484 1920 3528 natus

338 3586 403 3624 an
437 3572 649 3624 innatus
681 3569 790 3638 (51)
821 3568 903 3622 vel
934 3567 1098 3621 Filius
1129 3567 1294 3621 etiam
1340 3566 1431 3620 Dei
1485 3568 1601 3635 ipse
1647 3566 1924 3620 habendus

410 3692 433 3721 ⁸
454 3690 573 3743 vide
600 3687 911 3756 Origenian.
953 3685 988 3740 l.
1014 3701 1077 3756 tt,
1107 3700 1160 3754 q.
1185 3687 1239 3740 2.

342 3761 489 3813 nian.
517 3759 551 3811 Ι.
580 3775 639 3822 ιι,
666 3774 721 3827 q.
745 3759 798 3821 7,
835 3772 983 3810 num.
1012 3755 1064 3810 5.

413 3876 690 3949 (47)__Cttm
721 3874 1031 3949 nihiLesse},
1063 3888 1171 3925 esse
1195 3870 1313 3937 fecit
1339 3870 1602 3949 universe.
1631 3866 1705 3919 lta
1729 3881 1916 3949 omnes

341 3937 473 4002 ms‘s.
508 3937 718 3999 Merlin.
754 3953 809 3999 et
832 3942 1060 4006 Gcneb.,
1102 3959 1120 3992 ι
1162 3955 1223 3994 cx
1276 3939 1433 3993 nullis
1479 3937 1609 3992 fecit
1643 3950 1761 3992 esse
1794 3938 1919 3991 uni-

342 4032 496 4070 \'€l‘S:\
511 4057 521 4067 .

378 4033 521 4072 ersa.
554 4036 573 4068 ι

414 4086 526 4157 (58)
561 4084 663 4157 Qui
688 4100 805 4157 cum
858 4084 913 4135 in
957 4080 1185 4157 omnium
1235 4078 1529 4157 conditione
1566 4074 1721 4157 Patri
1760 4078 1918 4157 missi-

342 4146 719 4210 stramen-Non
753 4154 941 4206 desunt
974 4148 1214 4214 exempla
1246 4147 1570 4200 locutionum
1603 4146 1797 4211 quibus
1827 4146 1914 4199 Fi-

343 4227 445 4279 lius
490 4234 612 4277 ante
658 4222 1081 4277 incarnationem
1141 4217 1336 4268 dicitur
1392 4217 1502 4269 Deo
1558 4214 1703 4265 Patri
1757 4215 1915 4266 mini-

343 4309 565 4356 strasse,
604 4310 709 4346 non
759 4291 916 4344 modo
944 4290 995 4342 in
1030 4288 1094 4339 iis
1132 4285 1219 4353 qui
1255 4293 1379 4356 ante
1422 4283 1911 4356 Arit_nn_vixert_tnt,

1997 468 2061 522 de
2093 481 2245 521 sacra
2281 463 2576 533 Scriptura,
2606 469 2659 515 et
2700 458 2873 528 sagaci
2912 450 3301 525 perquisitione
3345 443 3567 500 investi-

1996 558 2185 629 ganda.
2217 556 2356 610 Sane
2388 553 2528 622 quod
2562 553 2661 607 iste
2696 548 2927 619 Spiritus
2958 550 3394 610 unumquemque
3441 550 3565 587 san-

1995 660 2225 713 ctorum,
2252 648 2330 703 vel
2368 646 2773 715 prophetarum,
2803 640 2883 695 vel
2930 634 3294 707 apostolorum
3336 625 3566 695 inspira-

1995 743 2131 795 verit
2164 739 2298 806 (59.),
2329 747 2383 792 et
2409 754 2513 791 non
2545 734 2680 788 alius
2729 733 2965 803 Spiritus
3016 731 3067 783 in
3100 726 3389 786 veteribus,
3430 720 3565 773 alius

1998 848 2126 886 vero
2164 832 2215 884 in
2256 831 2339 885 his
2377 830 2465 899 qui
2507 830 2558 882 in
2596 828 2828 881 adventu
2872 820 3073 877 Christi
3122 814 3366 885 inspirati
3415 818 3562 873 sunt,

1997 921 2639 988 fuerit,manifestissime
2668 920 2720 972 in
2755 912 3014 970 Ecclesiis
3047 908 3389 979 praedicatur.

2067 1017 2118 1070 5.
2144 1014 2269 1070 Post
2304 1014 2416 1067 haec
2441 1012 2548 1080 jam
2578 1012 2718 1079 quod
2754 1008 2933 1061 anima
2979 999 3335 1057 substantiam
3367 993 3568 1047 vitant-

1996 1121 2101 1176 qne
2132 1106 2336 1160 habens
2366 1101 2657 1172 propriam,
2686 1113 2805 1154 eum
2837 1111 2903 1153 ex
2939 1095 3042 1150 hoc
3077 1091 3275 1147 mundo
3306 1088 3568 1143 discesse-

1999 1199 2087 1264 rit,
2117 1213 2212 1267 pro
2234 1196 2349 1251 suis
2381 1194 2587 1248 meritis
2617 1188 3036 1259 dispensabitur,
3068 1185 3180 1238 sive
3204 1183 3327 1235 vitae
3353 1188 3568 1232 aeterna:

1999 1306 2064 1344 ac
2092 1286 2437 1343 beatitudinis
2486 1282 2795 1338 haereditate
2834 1279 3091 1347 potitura,
3141 1273 3185 1327 si
3238 1272 3339 1326 hoc
3384 1270 3431 1323 ei
3472 1282 3567 1322 sua

1999 1392 2144 1450 gesta
2193 1377 2567 1447 praestiterint;
2618 1375 2731 1428 sive
2779 1370 2887 1438 igni
2932 1378 3134 1422 aeterno
3179 1378 3243 1418 ac
3293 1360 3569 1430 supplit-iis

2000 1469 2377 1540 mancipanda,
2403 1469 2444 1521 si
2479 1468 2529 1521 in
2568 1467 2667 1520 hoc
2694 1478 2811 1516 eam
2847 1460 3109 1516 scelerum
3145 1455 3297 1522 culpa
3330 1453 3571 1507 detorse-

2001 1556 2101 1629 ri't;
2138 1563 2231 1617 sed
2266 1570 2319 1615 et
2346 1560 2471 1629 quia
2512 1552 2633 1613 erit
2658 1566 2865 1623 tempus
2896 1546 3304 1606 resurrectionis
3335 1553 3569 1598 mortuo-

2001 1671 2142 1719 rum,
2176 1669 2297 1709 cum
2343 1666 2539 1720 corpus
2588 1650 2690 1703 hoc
2724 1646 2865 1717 quod
2912 1657 3052 1697 nunc
3087 1660 3104 1691 ι
3141 1639 3194 1693 in
3227 1635 3572 1703 corruptione

2001 1746 2319 1808 seminatur,
2341 1751 2525 1811 surget
2565 1741 2618 1804 in
2661 1736 3099 1804 incorruptione;
3131 1749 3148 1783 ι
3179 1738 3233 1784 et
3261 1728 3403 1797 quod
3439 1744 3457 1777 ‹
3486 1739 3571 1779 se-

2001 1841 2234 1893 minatur
2271 1838 2323 1891 itt
2376 1832 2691 1903 ignominia,
2728 1837 2912 1897 surget
2968 1825 3022 1879 in
3075 1822 3240 1892 gloria
3263 1822 3308 1873 ’.
3342 1839 3361 1871 ο
3397 1818 3490 1873 Est
3520 1825 3576 1871 et

2000 1930 2128 1984 illud
2169 1928 2444 1983 definitum
2488 1925 2541 1977 in
2593 1918 2961 1976 ecclesiastica
3012 1910 3409 1981 praedicatione,
3457 1922 3574 1962 om-

2003 2034 2124 2074 nem
2156 2019 2389 2072 animam
2421 2009 2790 2068 rationabilem
2818 2020 2939 2061 esse
2969 2002 3123 2057 liberi
3155 2000 3367 2054 arbitrii
3395 2008 3449 2053 et
3476 2012 3575 2051 vo-

2003 2110 2263 2174 luntatis;
2292 2119 2410 2160 esse
2441 2114 2653 2173 quoque
2693 2099 2741 2153 ei
2782 2105 3056 2150 certamen
3102 2092 3362 2146 adversus
3390 2087 3576 2143 diabo-

2004 2201 2114 2255 lum
2149 2209 2201 2254 et
2242 2198 2461 2267 angelos
2492 2194 2628 2263 ejus,
2672 2188 3076 2254 contrariasqne
3125 2184 3373 2244 virtutes,
3408 2195 3471 2232 ex
3510 2193 3575 2233 eo

2003 2291 2145 2360 quod
2177 2290 2251 2342 illi
2284 2285 2518 2355 peccatis
2544 2298 2662 2337 eam
2689 2292 2915 2334 onerare
2944 2275 3292 2335 contendant,
3326 2285 3419 2326 nos
3449 2284 3576 2323 vero

2005 2385 2047 2439 si
2084 2391 2230 2437 recte
2268 2378 2621 2445 consulteqne
2660 2374 2922 2433 vivamus,
2965 2369 3029 2424 ab
3066 2365 3373 2435 hujusmodi
3409 2377 3576 2417 onere

2006 2472 2118 2544 (55)
2147 2488 2243 2526 nos
2291 2482 2493 2523 exuere
2540 2479 2813 2520 conemur.
2856 2460 3005 2516 Unde
3035 2467 3090 2512 et
3130 2469 3464 2524 consequens
3494 2462 3578 2507 est

2007 2565 2304 2633 intelligere
2333 2560 2398 2625 ",
2435 2574 2538 2613 non
2576 2571 2670 2611 nos
2696 2550 3003 2608 necessitati
3049 2562 3167 2602 esse
3197 2545 3486 2613 subjectos,
3519 2552 3577 2596 ut

2008 2653 2335 2719 omnimodo,
2365 2649 2574 2707 etiamsi
2600 2648 2852 2709 nolimus,
2877 2645 2957 2699 vel
2981 2641 3116 2697 mala
3143 2639 3224 2694 vel
3249 2641 3386 2693 bona
3417 2652 3577 2705 agere

2010 2761 2284 2815 cogamur.
2317 2743 2373 2797 Si
2407 2742 2549 2797 enim
2577 2740 2747 2793 nostri
2777 2738 2986 2791 arbitrii
3024 2751 3231 2798 sumus,
3262 2734 3578 2801 impugnare

2013 2851 2110 2889 nos
2142 2834 2368 2889 fortasse
2413 2839 2636 2901 possunt
2660 2830 2773 2899 (54)
2802 2828 2994 2897 aliqum
3041 2827 3266 2880 virtutes
3299 2824 3362 2877 ad
3396 2837 3583 2891 pecca-

2013 2934 2147 2991 tum,
2174 2932 2228 2978 et
2258 2923 2374 2977 alia:
2406 2921 2592 2989 juvare
2620 2920 2685 2973 ad
2714 2919 2936 2972 salutem
2964 2934 2979 2983 ;
3036 2930 3140 2969 non
3184 2924 3359 2969 tamen
3396 2927 3582 2967 neces-

2013 3017 2173 3071 sitate
2202 3013 2444 3083 cogimur
2475 3012 2556 3063 vel
2590 3025 2748 3080 agere
2777 3017 2942 3071 recte,
2971 3005 3052 3057 vel
3086 3004 3224 3059 male
3250 3019 3263 3058 :
3298 3004 3438 3072 quod
3466 3003 3578 3056 fieri

2015 3107 2347 3162 arbitrantur
2380 3106 2430 3159 hi
2474 3103 2563 3173 qni
2602 3101 2872 3157 stellarum
2904 3111 3121 3154 cursum
3160 3104 3214 3149 et
3246 3103 3423 3150 motus
3454 3108 3582 3147 cau-

2015 3214 2129 3255 sam
2164 3196 2347 3252 dieunt
2378 3196 2733 3249 humanorum
2768 3206 2886 3245 esse
2922 3197 3217 3259 gestorum,
3264 3203 3371 3241 non
3410 3185 3580 3239 solum

2017 3304 2203 3344 eorum
2230 3303 2349 3358 qua:
2374 3295 2527 3339 extra
2556 3283 2762 3338 arbitrii
2794 3282 3040 3335 accidunt
3069 3281 3390 3343 libertatem,
3414 3277 3507 3331 sed
3532 3286 3582 3329 et

2022 3396 2207 3437 eorum
2228 3394 2347 3448 quae
2371 3379 2422 3432 in
2447 3385 2627 3431 nostra
2651 3383 2773 3429 sunt
2799 3374 2967 3442 posita
2992 3378 3273 3440 potestate.
3304 3369 3377 3422 De
3406 3367 3582 3420 anima

2026 3486 2154 3527 vero
2178 3480 2357 3525 utrum
2392 3483 2454 3524 ex
2493 3466 2714 3523 seminis
2748 3466 2967 3519 traduce
2995 3463 3105 3534 (55)
3148 3462 3391 3524 ducatur,
3424 3460 3497 3512 ita
3529 3469 3585 3510 ut

2032 3565 2171 3619 ratio
2212 3564 2379 3633 ipsius
2425 3561 2506 3616 vel
2555 3558 2849 3615 substantia
2882 3558 3078 3610 inserta
3123 3554 3250 3621 ipsis
3294 3552 3585 3607 seminibus

1316 3684 1335 3715 ⁷
1356 3684 1515 3753 Joan.
1542 3700 1579 3751 ι,
1603 3685 1657 3739 '5.
1744 3685 1765 3715 ⁸
1792 3684 1908 3738 vide
1937 3682 2247 3752 Origenian.
2271 3681 2307 3735 l.
2334 3695 2395 3745 ιι,
2423 3694 2478 3748 q.
2500 3678 2557 3732 2.
2644 3680 2664 3709 ³
2689 3676 2708 3729 ι
2729 3676 2853 3732 Cor.
2884 3689 2970 3740 xv,
2997 3673 3089 3737 42,
3188 3672 3230 3703 ¹⁰
3256 3670 3372 3724 vide
3399 3669 3585 3741 Orige-

2017 3874 2125 3918 tate
2151 3872 2203 3917 et
2229 3864 2433 3918 honore
2478 3872 2597 3929 post
2631 3861 2843 3917 Patrem
2870 3869 2923 3914 et
2953 3860 3148 3915 Filium
3182 3863 3376 3918 asserit
3416 3862 3587 3930 Spiri-

2015 3944 2127 3987 tum
2152 3944 2420 3995 sanctum,
2448 3934 2514 3987 de
2536 3947 2641 4000 quo
2676 3948 2796 3986 cum
2844 3933 3093 4001 ignorare
3141 3948 3201 3987 se
3232 3934 3377 3987 dicat
3404 3942 3583 3987 utrum

2012 4004 2186 4076 factus
2215 4003 2285 4057 sit
2325 4019 2390 4056 an
2434 4002 2694 4076 infectus,
2732 4002 2781 4076 in
2827 4002 3212 4076 p05terioribus
3243 4003 3368 4076 quid
3392 4004 3479 4076 ‘de
3520 4017 3585 4057 eo

2013 4074 2239 4127 sentiret.
2267 4075 2530 4140 expreSsit
2566 4072 2697 4125 nihil
2736 4073 2935 4140 absque
2979 4072 3091 4126 Deo
3127 4073 3285 4126 Patre
3326 4072 3583 4126 infectum

2012 4158 2134 4198 esse
2178 4144 2523 4197 confirmans.
2570 4162 2588 4193 ι
2632 4142 2866 4208 Legebat
2918 4140 3169 4194 nimirum
3231 4142 3586 4209 Hieronymus

2010 4213 2233 4282 γενητὸς
2280 4211 2313 4281 ἢ
2358 4212 2636 4281 ἀγένητος.
2692 4211 2916 4282 Ruﬁnus
2944 4211 3501 4282 -θεοιιιι-ειηγεννητὸς
3550 4212 3583 4281 ἢ

2008 4278 2317 4348 ὰγέὑνητοςζ
2358 4283 2429 4334 De
2470 4278 2554 4334 bis
2594 4282 2711 4332 vide
2742 4278 3172 4348 Origenianorum
3208 4279 3297 4331 lib.
3320 4347 3326 4348 γ
3352 4278 3413 4341 tt,
3441 4296 3494 4348 q.
3530 4278 3584 4343 2,

342 4347 565 4419 .lnstino'
584 4376 775 4430 nempe
805 4368 1062 4430 martyre,
1094 4347 1777 4430 Theophilaantiocheno,
1806 4351 1913 4430 lre-
1944 4366 1991 4424 ι)
2019 4347 2163 4403 num.
2190 4347 2278 4429 Ξ),
2306 4349 2397 4411 22,
2430 4349 2500 4402 23
2529 4358 2582 4429 et
2617 4350 2704 4401 '24.
2732 4348 3084 4430 Qll()tlla.lllCII-]
3115 4347 3197 4400 his
3225 4347 3398 4430 verbis
3419 4347 3464 4430 ,ς
3486 4365 3588 4430 _na-

346 4450 485 4496 "3‘0,
512 4421 788 4487 Clemente
820 4421 1213 4496 Alexandrino,
1237 4422 1587 4496 Tertulliano,
1631 4432 1685 4474 et
1717 4421 1767 4474 in
1802 4422 1916 4488 epi-

344 4491 482 4557 stola
519 4517 611 4555 sex
655 4501 1026 4568 episcoporum
1080 4495 1145 4547 ad
1189 4494 1409 4568 Paulum
1448 4491 1913 4568 Samosatenum;

346 4577 437 4627 sed
466 4582 521 4626 et
551 4572 602 4624 in
645 4561 750 4625 illis
776 4561 864 4637 qui
909 4577 1032 4637 post
1076 4574 1318 4637 exortam
1367 4563 1640 4637 A‘rianatn‘
1667 4561 1914 4637 litere_s_im

347 4644 633 4709 scripsere,
664 4656 717 4691 v.
752 4628 806 4707 g:
842 4628 1134 4709 in'llilario
1164 4634 1349 4709 li_l_i._tt_t
1393 4632 1465 4709 De
1493 4628 1771 4709 Trinilalc,
1802 4630 1914 4683 Ma-

348 4714 426 4765 rio
458 4701 734 4764 Victorino
754 4701 1049 4778 hymno},
1099 4714 1153 4756 et
1189 4702 1504 4778 Epiphanio.
1563 4701 1746 4778 Utrum
1788 4714 1915 4778 vero

345 4782 603 4847 ejusmodi
641 4769 906 4833 locutione
949 4776 1209 4843 Origenes
1234 4769 1443 4847 doceat
1483 4785 1653 4824 necne
1680 4769 1914 4823 Verbum

350 4843 401 4904 in
470 4851 747 4904 creatione
792 4860 986 4899 irerum
1055 4843 1398 4897 instrumenti
1466 4850 1673 4894 tantum
1733 4847 1915 4907 partes

350 4922 567 4985 obiisse,
604 4922 726 4973 vide
754 4916 1189 4984 Origenianorum
1224 4912 1313 4964 lib.
1342 4926 1401 4975 tt,
1439 4924 1493 4979 q.
1523 4909 1578 4975 2,
1611 4926 1664 4985 ιι.
1698 4909 1785 4963 15.

420 4992 530 5060 (49)
556 4979 732 5060 Ἠοηιρ
778 4979 948 5060 {actus
988 4986 1291 5060 incarnatus
1336 4990 1559 5060 est,etc.
1608 4979 1701 5032 Sic
1728 4990 1917 5033 omnes

352 5049 524 5125 ιιιε“ε.;’
546 5069 599 5111 at
637 5049 922 5112 Ιίὺι).’θι1ὶιὶ
954 5072 967 5105 :
1005 5072 1023 5104 ι
1060 5054 1228 5106 Ηοιιιο
1264 5049 1436 5125 factus
1477 5051 1786 5125 incarnatus
1810 5057 1915 5113 est,

351 5143 469 5183 cum
500 5121 643 5182 Dens
670 5134 833 5188 esset,
863 5133 916 5177 et
944 5125 1103 5177 homo
1133 5122 1331 5173 mansit
1359 5121 1501 5187 quod
1543 5121 1682 5172 Deus
1719 5125 1854 5172 erat.
1891 5136 1910 5170 ι

420 5198 531 5265 (50)
566 5198 630 5250 Et
663 5213 763 5249 non
792 5210 883 5261 per
907 5191 1251 5265 phantasiam
1262 5205 1582 5265 communem
1614 5188 1749 5240 hanc
1780 5202 1918 5240 mor-

354 5259 449 5321 tem
480 5259 748 5327 sustinuit,
774 5259 875 5317 etc.
906 5259 995 5316 Sic
1026 5275 1155 5315 mss.
1190 5259 1335 5312 Alias
1358 5272 1506 5326 vero,
1540 5276 1559 5308 ι
1593 5266 1644 5311 et
1684 5272 1918 5327 non__per

356 5338 641 5406 imaginem
672 5325 939 5388 communi
988 5339 1160 5385 morte
1201 5342 1326 5382 vere
1369 5338 1612 5382 mortuus
1646 5336 1748 5381 est.
1782 5325 1919 5381 Vere

355 5410 520 5471 Cultu,
555 5425 572 5457 )
608 5415 712 5458 etc.

426 5464 534 5543 (fit)
566 5475 716 5540 Quod
743 5469 1154 5543 vertitPtulinus
1179 5478 1500 5543 _«__natt_ts‘ar_t
1540 5466 1823 5543 innatus,__i
1852 5464 1919 5519 ab

360 5534 683 5612 lliero'nv'mo
722 5544 879 5611 epist.
902 5541 992 5612 794,
1016 5540 1145 5592 alias
1175 5537 1360 5612 59,_ad
1397 5537 1629 5612 Avitum,
1655 5534 1918 5612 redditum

360 5625 458 5675 est,
496 5632 514 5664 ι
557 5605 842 5666 lactus-an
899 5610 1148 5662 infectus.
1204 5626 1223 5658 ›
1268 5608 1491 5664 Errores
1541 5606 1739 5674 quippe
1797 5605 1918 5658 libri

364 5683 511 5749 primi
543 5682 678 5750 Περὶ
713 5678 909 5749 ἀρχῶν
940 5692 1222 5734 recensetis
1252 5678 1323 5732 ait
1358 5695 1371 5731 :
1409 5696 1426 5728 ι
1462 5675 1699 5731 Tertium
1742 5675 1915 5742 digiti-

2021 4430 2105 4471 tus
2136 4434 2202 4471 an
2236 4420 2473 4482 innatus,
2513 4436 2530 4467 ι
2564 4418 2615 4470 itt
2645 4427 2790 4471 textu
2820 4414 3221 4482 subjunximus,
3255 4434 3273 4467 ι
3311 4418 3392 4470 vel
3419 4418 3589 4475 Filius

2016 4488 2179 4541 etiam
2211 4488 2302 4541 Dei
2336 4487 2449 4553 ipse
2477 4488 2754 4541 habendus
2795 4487 2865 4539 sit
2914 4500 3103 4549 necne,
3141 4503 3157 4537 ι
3198 4486 3249 4541 id
3278 4487 3490 4553 quidem
3535 4491 3586 4543 in

2018 4568 2175 4610 antea
2205 4556 2365 4613 editis
2395 4556 2542 4609 libris
2569 4556 2926 4620 desideratur,
2960 4555 3052 4609 sed
3088 4557 3137 4608 in
3165 4557 3419 4612 omnibus
3455 4575 3584 4614 mss.

2016 4629 2304 4696 reperitur.

2088 4697 2198 4765 (52)
2243 4695 2609 4766 lnspiraverit.
2655 4696 2745 4751 Sic
2787 4710 2918 4750 mss.
2968 4695 3138 4766 Alias,
3173 4714 3191 4747 ε
3227 4696 3529 4765 inspiravit.
3564 4718 3582 4750 ι

2016 4766 2182 4821 Paulo
2207 4765 2505 4835 postmss.,
2541 4786 2559 4817 ι
2597 4767 2843 4835 inspirati
2875 4774 3015 4831 sunt,
3048 4765 3232 4828 fuerit,
3263 4768 3587 4824 manifeStis-

2017 4838 2173 4899 sime,
2210 4856 2228 4889 ι
2261 4847 2368 4892 etc.
2401 4839 2456 4892 In
2484 4849 2639 4891 antea
2668 4837 2830 4890 editis
2858 4836 3011 4889 deest
3040 4853 3057 4884 ι
3096 4835 3275 4892 fuerit.
3308 4855 3327 4888 ι

2089 4907 2199 4975 (55)
2235 4906 2341 4961 Vox
2379 4926 2399 4960 ι
2434 4922 2600 4961 onere
2627 4926 2645 4958 ι
2678 4908 2827 4961 deest
2854 4906 2992 4974 apud
3027 4906 3309 4959 Merlinum
3338 4916 3393 4961 et
3421 4906 3592 4962 Gene-

2018 4977 2295 5047 brardum,
2320 4979 2409 5031 sed
2440 4977 2703 5047 reperitur
2734 4976 2785 5029 in
2811 4975 3062 5047 Apologia
3097 4975 3355 5044 Pamphili
3388 4978 3442 5031 in
3481 4994 3586 5047 qua

2020 5047 2106 5099 hic
2142 5046 2291 5100 locus
2319 5044 2625 5101 exhibetur.
2657 5046 2715 5100 In
2744 5061 2873 5100 mss.
2916 5046 3013 5099 hoc
3040 5044 3159 5100 loco
3195 5060 3291 5113 pro
3320 5066 3338 5098 ε
3368 5044 3533 5102 onere
3564 5068 3585 5101 ν

2018 5116 2214 5184 legitur
2247 5134 2266 5167 ι
2304 5117 2441 5171 labe.
2478 5136 2497 5168 ι

2090 5186 2200 5255 (54)
2231 5186 2545 5255 lmpugnare
2566 5202 2658 5239 nos
2690 5185 2909 5253 fortasse
2948 5197 3185 5255 possunt.
3221 5186 3313 5239 Sic
3339 5185 3391 5238 itt
3418 5188 3592 5255 omni-

2020 5253 2120 5326 bus
2150 5253 2343 5326 legitur
2371 5253 2500 5310 mss.
2525 5268 2580 5309 et
2610 5256 2661 5308 in
2690 5257 2941 5326 Apologia
2966 5253 3263 5326 Pamphili;
3289 5256 3426 5326 apud
3462 5254 3594 5308 Mcr-

2021 5323 2364 5380 linum'vero
2412 5336 2465 5378 et
2513 5323 2937 5390 Genebrarduin,
2986 5344 3003 5375 ε
3064 5325 3326 5393 instigare
3366 5323 3593 5378 fortasse

2020 5405 2266 5464 possunt.
2304 5417 2321 5448 ι
2356 5397 2519 5450 Paulo
2550 5406 2667 5463 post
2696 5412 2845 5461 mss.,
2873 5415 2890 5445 ι
2934 5409 3037 5464 non
3070 5393 3251 5464 solum
3287 5407 3588 5445 eorum.....

2022 5462 2113 5518 aed
2146 5474 2200 5519 et
2229 5481 2437 5520 eorum.
2480 5485 2499 5518 ι
2538 5462 2795 5520 Met-linus
2828 5475 2884 5519 et
2914 5462 3272 5523 Genebrard.,
3302 5476 3321 5509 ι
3363 5474 3466 5511 non
3501 5476 3590 5514 eo-

2023 5549 2231 5588 rutn....
2260 5538 2351 5589 sed
2380 5550 2587 5589 eorum.
2621 5554 2639 5587 ι

2095 5604 2207 5673 (55)
2240 5603 2458 5657 Seminis
2488 5606 2723 5657 traduce.
2758 5603 2849 5673 Sic
2898 5610 3086 5673 omnes
3130 5608 3285 5658 mss.,
3316 5592 3436 5673 libri
3468 5611 3593 5648 vero

1990 5708 1993 5711 -
2025 5661 2230 5741 editi,'i
2265 5675 2465 5729 semine
2497 5674 2754 5727 traducis.
2793 5690 2811 5721 ι
2843 5671 2981 5724 infra
3014 5678 3169 5725 mss.,
3208 5682 3225 5713 ‹
3259 5661 3596 5718 extrinseCus
