3952 6144
396 244 499 300 H9

1662 247 1979 304 ORIGENIS
2015 248 2432 320 nsptgtthnN

3540 246 3653 302 120

388 359 763 429 corporalibus
795 362 1159 427 liabealnr,an
1189 378 1315 418 vero
1338 363 1482 420 aliud
1500 363 1691 421 habeat
1720 368 1960 421 initium:
1994 372 2041 428 Α
2070 368 2236 424 libros
2273 366 2668 423 ecclesiasticos
2700 379 2804 420 non
2846 365 3111 429 habetur;
3148 370 3203 419 et
3241 365 3644 420 ostendendum

383 459 442 505 et
483 452 585 505 hoc
623 451 795 519 ipsum
826 454 1033 506 initium
1073 454 1117 507 si
1154 454 1390 524 genitum
1419 463 1521 519 est,
1549 465 1638 509 aut
1680 473 1784 512 non
1810 458 1957 528 geni-

389 551 498 595 tum
535 560 548 596 :
580 543 662 598 vel
696 554 842 598 certe
868 546 912 598 si
943 544 1278 599 extrinsecus
1311 549 1523 614 corpori
1576 548 1797 612 inditur,
1828 565 1950 604 nec-

387 646 492 686 ne:
524 646 626 685 non
671 633 804 686 satis
847 634 1122 686 manifesta
1167 638 1550 703 prtedicatione
1584 637 1951 707 distinguitur.

458 724 510 780 6.
543 723 615 776 De
646 722 856 776 diabolo
887 730 939 777 et
964 724 1168 792 angelis
1202 725 1320 795 ejus
1354 728 1748 796 contrariisque
1779 730 1952 783 virtu-

385 812 527 865 tibus
557 812 916 867 ecclesiastica
952 815 1271 882 prmdieatio
1304 818 1505 882 docuit,
1538 820 1789 887 quoniam
1827 830 1953 873 sunt

381 903 593 969 quidem
638 902 751 956 hmc
780 901 928 972 (56);
967 919 1087 973 qum
1151 915 1331 960 autem
1385 908 1514 971 sint,
1550 920 1641 963 aut
1684 911 1953 977 quomodo

379 993 506 1053 sint,
540 1007 642 1046 non
675 995 805 1049 satis
839 995 983 1051 clare
1012 1000 1282 1066 exposuit.
1315 1001 1466 1068 Apud
1491 1002 1747 1069 plurimos
1776 1011 1949 1057 tamen

380 1085 477 1137 ista
518 1085 746 1139 habetur
780 1089 981 1157 opinio,
1015 1088 1158 1157 quod
1182 1090 1408 1157 angelus
1440 1090 1604 1145 fuerit
1636 1093 1734 1147 iste
1760 1093 1952 1147 diabo-

377 1175 480 1238 lus,
516 1187 569 1230 et
601 1185 843 1244 apostata
894 1178 1119 1234 effectus
1169 1180 1596 1248 quamplurimas
1640 1183 1948 1250 angelorum

376 1281 555 1319 secum
594 1268 867 1322 declinare
895 1269 1248 1336 persuaserit,
1273 1270 1362 1337 qui
1389 1280 1443 1323 et
1486 1286 1627 1325 nunc
1661 1286 1826 1341 usque
1856 1288 1951 1327 an-

376 1356 476 1425 geli
513 1358 678 1425 ipsius
710 1370 1111 1427 nuncupantur.

448 1448 499 1499 7.
538 1448 629 1501 Est
664 1458 921 1517 praeterea
961 1461 1015 1505 et
1047 1451 1169 1504 illud
1210 1450 1260 1503 in
1286 1452 1654 1509 ecclesiastica
1690 1455 1949 1523 prardica-

378 1539 543 1601 tione,
582 1543 719 1607 quod
750 1541 859 1611 (57)
896 1544 1126 1597 mundus
1159 1544 1257 1598 iste
1285 1544 1458 1599 factus
1506 1547 1595 1610 sit,
1633 1556 1686 1601 et
1729 1563 1755 1600 a
1796 1558 1947 1601 certo

379 1639 617 1697 tempore
646 1634 890 1701 cmperit,
915 1645 969 1686 et
996 1635 1067 1688 sit
1094 1650 1189 1703 pro
1222 1636 1331 1703 ipsa
1364 1637 1445 1690 sui
1473 1638 1815 1706 corruptione
1842 1638 1946 1693 sol-

373 1720 598 1776 vendus.
624 1721 759 1786 Quid
788 1731 965 1777 tamen
1010 1733 1133 1778 ante
1172 1729 1314 1780 hunc
1362 1731 1616 1781 mundum
1643 1727 1823 1792 luerit,
1855 1738 1947 1781 aut

373 1812 502 1880 quid
534 1822 650 1880 post
682 1816 939 1868 nmmlnm
962 1816 1083 1881 erit,
1109 1815 1218 1884 jam
1247 1833 1350 1872 non
1382 1832 1479 1885 pro
1507 1818 1790 1873 manifesto
1815 1818 1947 1871 mul-

372 1902 441 1955 tis
464 1903 713 1957 inuotuit.
746 1903 859 1957 Non
888 1906 1028 1958 enim
1052 1908 1271 1963 evidens
1304 1908 1416 1976 (58)
1446 1909 1512 1962 de
1562 1909 1644 1964 his
1687 1910 1738 1961 in
1771 1909 1946 1963 eccle-

371 1993 586 2047 siastica
620 1996 996 2052 praedicatione
1026 2011 1203 2052 sermo
1234 1997 1531 2067 profertur.

440 2084 492 2138 8.
522 2084 655 2137 Tum
690 2086 902 2139 demum
936 2088 1075 2154 quod
1107 2103 1200 2157 per
1238 2088 1494 2157 Spiritum
1528 2088 1621 2142 Dei
1654 2088 1956 2166 Scriptura:_

371 2179 688 2245 conscripta:
728 2180 832 2233 sint
873 2190 926 2233 et
968 2194 1180 2233 sensum
1219 2181 1485 2246 habeant,
1530 2195 1634 2235 non
1679 2196 1800 2236 eum
1858 2196 1946 2237 so-

371 2268 479 2320 lum
512 2272 602 2339 qui
662 2272 713 2325 in
761 2274 1045 2329 manifesto
1095 2283 1196 2337 est,
1230 2274 1325 2327 sed
1371 2281 1425 2326 et
1472 2271 1634 2327 alium
1658 2274 1945 2341 quemdam

369 2363 624 2418 latentem
656 2366 1097 2434 quamplurimas.
1128 2364 1334 2420 Formae
1363 2364 1505 2419 enim
1535 2373 1660 2419 sunt
1687 2364 1800 2418 haec
1827 2378 1947 2434 quae.

369 2454 635 2523 descripta
669 2466 793 2510 sunt
819 2456 931 2528 49
957 2468 1421 2513 sacramentorum
1474 2456 1851 2523 quorumdam,
1894 2462 1948 2508 et.

370 2545 673 2599 divinarum
707 2562 883 2602 rerum
914 2550 1174 2617 imagines
1209 2548 1343 2620 (59).
1381 2549 1454 2603 De
1495 2565 1604 2618 quo
1643 2547 1807 2602 totius
1840 2546 1944 2602 Ec-

370 2637 549 2693 clesiae
579 2654 681 2692 una
710 2641 978 2697 sententia
1013 2650 1099 2695 est
1128 2641 1262 2710 (60),
1296 2656 1418 2697 esse
1461 2641 1678 2711 quidem
1725 2654 1944 2695 omnem

370 2730 540 2799 legem
593 2732 921 2799 spiritalem;
976 2748 1080 2786 non
1131 2742 1310 2787 tamen
1364 2748 1424 2787 ea
1466 2748 1588 2800 qua:
1630 2733 1802 2802 spirat
1836 2732 1943 2797 lex,

366 2837 485 2876 esse
514 2822 761 2877 omnibus
790 2832 936 2887 nota,
967 2824 1068 2877 nisi
1106 2825 1188 2879 bis
1216 2825 1343 2879 solis
1380 2826 1574 2893 quibus
1607 2826 1782 2892 gratia
1815 2824 1944 2892 Spi-

367 2912 504 2964 ritus
536 2914 706 2966 sancti
757 2913 808 2966 in
846 2914 1008 2967 verbo
1037 2915 1316 2982 sapientia:
1362 2930 1425 2968 ac
1475 2914 1717 2968 scientia:
1748 2915 1949 2969 condo-

369 3010 550 3054 natur.
585 3002 887 3070 Appellatio
917 3013 1094 3057 autem
1131 3005 1446 3074 ἀσωμάτου,
1482 3004 1531 3057 id
1575 3014 1656 3059 est
1693 3006 1944 3074 incorpo-

2059 458 2183 528 quia
2216 472 2390 526 neque
2418 456 2562 511 Petri
2593 464 2673 511 est
2710 457 2820 524 ipsa
2871 455 3154 524 scriptura,
3185 457 3374 525 fneque
3412 456 3647 511 alterius

2058 548 2373 615 cujusquam
2410 546 2498 615 qui
2525 545 2731 616 Spiritu
2788 545 2877 599 Dei
2907 545 3066 598 fuerit
3107 547 3425 613 inspiratus.
3477 545 3639 610 Quod

2057 638 2268 694 etiamsi
2307 639 2483 707 ipsum
2522 638 2930 701 concederetur,
2976 652 3081 690 non
3132 637 3274 690 idem
3324 651 3514 690 sensus
3562 636 3640 693 ibi

2054 743 2119 783 ex
2150 729 2255 782 isto
2285 742 2537 781 sermone
2577 725 2868 796 ἀσωμάτου
2915 725 3209 787 indicatur,
3238 726 3327 793 qui
3360 740 3389 778 a
3428 725 3641 779 Graecis

2054 827 2110 874 et
2138 816 2426 887 gentilibus
2452 817 2564 888 (62)
2591 816 2902 871 auctoribus
2938 814 3257 879 ostenditur,
3287 831 3408 870 cum
3448 817 3514 869 de
3551 816 3640 869 in-

2053 922 2314 977 corporea
2375 917 2565 961 natura
2614 921 2643 959 a
2694 905 3027 975 philosophis
3069 905 3391 974 disputatur.
3429 903 3485 957 In
3532 906 3640 959 hoc

2054 1001 2199 1056 enim
2243 998 2423 1054 libello
2464 999 2842 1065 incorporeum
2880 996 3202 1051 dmmonium
3239 996 3397 1059 dixit,
3433 1012 3531 1063 pro
3566 1011 3639 1051 eo

2053 1092 2196 1162 quod
2242 1092 2356 1159 ipse
2400 1089 2487 1143 ille
2526 1088 2830 1156 quicunque
2871 1095 2955 1140 est
2998 1085 3233 1148 habitus,
3280 1086 3360 1139 vel
3400 1088 3639 1140 circum-

2053 1182 2278 1252 scriptio
2306 1180 2586 1233 dzemonici
2616 1178 2877 1246 corporis,
2911 1192 3015 1230 non
3046 1186 3128 1230 est
3158 1176 3351 1231 similis
3383 1176 3509 1230 huic
3540 1191 3637 1229 no—

2051 1285 2164 1328 stro
2188 1270 2442 1327 crassiori
2473 1279 2527 1325 et
2555 1267 2747 1323 visibili
2774 1267 2984 1335 corpori
3013 1284 3025 1319 :
3059 1268 3150 1322 sed
3184 1269 3476 1321 secundum
3506 1281 3637 1321 sen-

2051 1382 2167 1420 sum
2200 1365 2316 1433 ejus
2352 1364 2442 1431 qui
2496 1360 2799 1428 composuit
2839 1359 2981 1411 illam
3027 1360 3379 1426 seripturam,
3429 1357 3633 1412 intelli-

2050 1456 2278 1524 gendum
2304 1463 2388 1506 est
2414 1452 2554 1518 quod
2578 1449 2743 1513 dixit;
2776 1449 2823 1502 id
2851 1461 2933 1502 est
2961 1464 3061 1502 non
3086 1463 3143 1503 se
3171 1448 3276 1503 tale
3295 1463 3490 1514 corpus
3515 1448 3631 1517 (65)

2050 1546 2208 1616 quale
2242 1546 2439 1599 habent
2465 1545 2753 1605 daemones.
2778 1540 2919 1611 quod
2947 1549 3032 1594 est
3058 1540 3376 1593 naturaliter
3408 1539 3628 1604 subtile,

2050 1647 2103 1691 et
2138 1633 2282 1690 velut
2316 1650 2447 1687 aura
2496 1643 2673 1699 tenue,
2716 1641 2769 1686 et
2814 1641 3032 1700 propter
3078 1631 3178 1683 hoc
3226 1630 3309 1683 vel
3345 1638 3561 1697 putatur
3595 1644 3627 1682 a

2052 1725 2252 1790 multis,
2282 1725 2363 1779 vel
2399 1724 2597 1777 dicitur
2628 1724 3023 1792 incorporeum,
3055 1721 3149 1775 sed
3187 1719 3389 1774 habere
3417 1733 3475 1773 se
3502 1734 3630 1772 cor-

2049 1833 2147 1886 pus
2172 1817 2401 1871 solidmn
2439 1827 2492 1869 et
2539 1816 2819 1885 palpabile.
2852 1816 2905 1869 In
2939 1815 3328 1869 consuetudine
3367 1828 3498 1867 vero
3529 1814 3628 1866 ho—

2050 1911 2251 1964 minam
2276 1924 2433 1962 omne
2455 1910 2593 1977 quod
2620 1908 2724 1962 tale
2754 1924 2855 1962 non
2890 1908 3069 1975 fuerit,
3100 1910 3473 1975 incorporeum
3497 1908 3626 1962 sim-

2049 2000 2362 2069 plicioribus
2414 1999 2493 2052 vel
2543 1997 2965 2066 imperitioribus
3015 1996 3530 2062 nominatur;velut
3574 1997 3623 2050 si

2047 2093 2167 2162 quis
2198 2105 2379 2145 aerem
2409 2091 2567 2145 istum
2597 2104 2702 2157 quo
2740 2088 2992 2152 fruimur,
3037 2088 3411 2155 incorporeum
3454 2087 3619 2150 dicat,

2047 2181 2479 2253 quandoquidem
2509 2196 2614 2234 non
2646 2189 2729 2233 est
2762 2180 2866 2233 tale
2896 2193 3090 2245 corpus
3137 2186 3191 2230 ut
3238 2177 3621 2247 comprehendi

2050 2289 2110 2328 ac
2144 2272 2313 2326 teneri
2350 2272 2543 2340 possit,
2573 2270 2892 2340 argentique
2919 2268 3194 2326 resistere.

2118 2364 2172 2418 9.
2211 2362 2524 2428 Quaeremus
2550 2371 2727 2415 tamen
2767 2363 2810 2414 si
2849 2360 2929 2412 vel
2963 2359 3067 2411 alio
3107 2360 3324 2414 nomine
3369 2373 3454 2411 res
3484 2358 3600 2424 ipsa

2050 2466 2208 2519 quam
2246 2450 2420 2503 Graeci
2471 2450 2773 2517 philosophi
2811 2450 3121 2521 ἀσώματον,
3156 2451 3206 2521 id
3251 2459 3335 2504 est
3368 2450 3621 2515 incorpo-

2052 2558 2196 2596 ream
2228 2542 2431 2606 dicunt,
2470 2541 2520 2594 in
2561 2540 2859 2609 Scripturis
2905 2543 3111 2595 sanctis
3144 2541 3436 2594 invenitur.
3474 2538 3616 2591 Deus

2049 2648 2262 2703 quoque
2291 2634 2406 2702 ipse
2454 2633 2724 2700 quomodo
2774 2631 2998 2700 intelligi
3035 2632 3230 2685 debeat
3280 2629 3392 2700 (64)
3434 2628 3617 2695 inqui-

2050 2725 2273 2778 rendum
2325 2723 2497 2787 est“,
2550 2735 2871 2789 corporeus,
2920 2731 2975 2774 et
3026 2720 3322 2774 secundum
3376 2716 3613 2785 aliquem

2049 2815 2290 2869 habitum
2318 2812 2668 2876 deformatus,
2702 2826 2768 2864 an
2803 2811 3028 2864 alterius
3067 2820 3276 2863 natura
3307 2822 3467 2875 quam
3497 2820 3618 2860 cor-

2050 2923 2178 2977 pora
2207 2916 2353 2970 sunt,
2384 2905 2525 2973 quod
2559 2904 2745 2971 utique
2783 2903 2833 2954 in
2871 2900 3256 2968 praedicatione
3290 2907 3476 2952 nostra
3510 2911 3621 2950 ma-

2052 2997 2244 3051 nifeste
2291 3011 2393 3050 non
2433 2995 2760 3062 designatur.
2810 2991 3011 3046 Eadem
3070 3005 3287 3060 quoque
3340 2991 3503 3043 etiam
3550 2987 3618 3041 de

369 3091 445 3143 rei
477 3105 580 3144 non
610 3092 780 3145 solum
810 3095 947 3163 apud
986 3096 1181 3150 multos
1210 3096 1365 3157 alios.
1395 3110 1579 3149 verum
1606 3096 1770 3149 etiam
1806 3097 1944 3164 apud

2054 3087 2266 3141 Christo
2308 3085 2455 3139 etde
2484 3084 2688 3152 Spiritu
2716 3092 2901 3136 sancto
2944 3081 3267 3152 requirenda
3311 3089 3472 3145 sunt,
3518 3078 3616 3133 sed

370 3190 583 3237 nostras
616 3181 924 3251 Scripturas
946 3188 1299 3241 estinusitata
1328 3196 1382 3242 et
1409 3187 1698 3256 incognita.
1727 3186 1781 3240 Si
1814 3202 1942 3242 vero

368 3271 491 3340 quis
514 3273 643 3326 velit
667 3275 820 3328 nobis
851 3275 1093 3340 proferre
1123 3292 1187 3331 ex
1222 3278 1310 3331 illo
1343 3276 1523 3331 libello
1543 3278 1631 3345 qui
1662 3276 1804 3330 Petri
1832 3276 1938 3331 Do-

366 3366 541 3419 ctrina
572 3366 869 3437 appellatur
890 3366 1021 3439 (Gl),
1046 3369 1132 3421 ubi
1161 3367 1409 3423 Salvator
1435 3368 1646 3423 videtur
1678 3369 1743 3421 ad
1777 3369 1940 3423 disci-

368 3457 521 3526 pulos
546 3458 754 3513 dicere:
780 3478 796 3510 ι
826 3459 938 3512 Νοιι
966 3475 1083 3514 sum
1113 3459 1437 3514 daemonium
1467 3460 1843 3528 incorporeum
1868 3477 1881 3524 ;
1914 3478 1933 3511 ι

365 3549 542 3616 primo
568 3549 997 3621 respondendum
1020 3560 1103 3606 est
1129 3552 1199 3619 ci,
1228 3552 1481 3622 quoniam
1518 3550 1603 3607 ille
1637 3551 1770 3607 liber
1797 3551 1938 3606 inter

440 3735 477 3767 “
507 3735 626 3790 vide
656 3733 969 3806 Origenian.
996 3738 1032 3790 l.
1066 3754 1123 3807 ιι,
1164 3753 1219 3809 q.
1249 3741 1298 3803 1,
1340 3756 1395 3797 ιι.
1422 3741 1474 3810 5,
1499 3742 1554 3807 6,
1578 3744 1630 3795 7.

366 3914 585 3981 corpori
622 3913 843 3984 inditur.
886 3931 905 3964 ι
946 3912 1200 3970 Merlinus
1243 3926 1298 3970 et
1331 3918 1594 3984 Genebr.,
1628 3937 1645 3970 ι
1686 3920 1940 3974 intrinse-

365 3999 485 4047 cus,
514 4003 533 4033 ι
566 3981 971 4055 ete._Ca2terum
996 3986 1125 4055 quid
1159 3986 1224 4039 de
1256 3988 1449 4041 anima:
1478 3981 1686 4055 origine
1717 3992 1949 4043 senserit

365 4055 660 4175 grigenesi
672 4051 796 4175 {use
816 4053 1044 4107 docetur
1066 4052 1508 4124 Origeniauorum
1540 4051 1634 4129 lib.
1661 4076 1722 4126 ιι,
1748 4069 1947 4127 quaest.

405 4162 419 4175 .
454 4136 601 4175 num.
708 4159 724 4175 .

365 4126 419 4187 6,
454 4136 601 4177 num.
636 4126 724 4175 Η.

436 4193 550 4267 (56)
579 4190 836 4267 _M_erlinus
866 4205 921 4267 et
953 4193 1179 4261 Geneb.,
1215 4215 1234 4247 ι
1266 4197 1521 4267 quoniam
1559 4207 1687 4251 sunt
1708 4198 1948 4265 quidem,

363 4266 458 4387 lsald
498 4262 633 4384 q:tid
664 4264 795 4318 sint.
831 4282 850 4315 ι
885 4264 954 4318 At
983 4281 1116 4321 mss.
1146 4262 1430 4323 lectionem
1460 4270 1626 4324 nostri
1657 4262 1835 4322 textus
1856 4262 1950 4322 exé

383 4350 418 4387 ιι
461 4349 526 4386 en
560 4372 570 4385 .

383 4344 570 4387 ιιυριιι.

436 4401 654 4476 (57)-Εζ
678 4403 808 4456 illud
841 4404 895 4457 iu
926 4404 1274 4461 ecclesiastica
1292 4409 1662 4473 pra'dicatione
1677 4407 1834 4476 quod.
1860 4406 1949 4460 Sic

362 4490 494 4545 mss.
520 4489 533 4537 ;
564 4473 905 4545 lib_b.Aautem
936 4477 1086 4541 editi,
1122 4495 1141 4527 ι
1180 4479 1305 4533 illud
1342 4473 1713 4534 ecclesiastica
1747 4477 1947 4545 praedi-

365 4542 580 4611 catione
595 4541 890 4611 _delinitum
922 4547 1083 4611 quod,
1116 4564 1133 4595 ι
1159 4559 1264 4601 etc.

436 4610 549 4679 (58)
586 4608 830 4663 Evidens.
864 4608 955 4680 Sic
985 4608 1116 4667 mss.
1144 4616 1313 4680 Alias,
1346 4634 1364 4665 ‹
1402 4616 1698 4669 evidenter.
1734 4633 1750 4666 ι
1782 4613 1947 4669 Paulo

361 4690 487 4751 post
514 4694 671 4740 mss.,
704 4698 722 4729 ι
757 4693 853 4746 per
887 4679 1147 4749 Spiritum
1181 4679 1307 4749 Dei,
1339 4703 1358 4736 ι
1398 4685 1552 4750 alias,
1588 4704 1607 4736 ο
1645 4700 1740 4753 per
1769 4685 1943 4753 Spiri-

364 4762 475 4805 tum
506 4754 775 4802 sanctum.
827 4767 846 4799 ι

433 4817 546 4891 (59)
574 4817 664 4891 Sic
699 4834 867 4882 mss.;
923 4819 1058 4875 alias
1108 4837 1237 4879 vero
1271 4841 1283 4875 :
1322 4841 1340 4874 ι
1380 4823 1589 4877 Forma:
1636 4823 1777 4877 enim
1832 4824 1945 4877 haec

361 4889 484 4963 qua:
534 4889 734 4952 scripta
790 4899 935 4963 sunt,
982 4904 1446 4963 sacramentorum
1495 4895 1852 4963 quorumdam
1893 4904 1947 4947 et

361 4960 669 5014 divinarum
702 4972 882 5010 rerum
913 4961 1173 5025 imagines
1196 4974 1342 5017 sunt.
1380 4980 1397 5011 ι

433 5027 547 5097 (60)
606 5025 767 5087 Mss.,
826 5045 843 5077 ι
884 5043 986 5081 una
1033 5033 1298 5085 sententia
1350 5041 1455 5086 est.
1490 5050 1508 5082 ι
1571 5031 1727 5086 Libb.
1775 5035 1935 5097 editi,

367 5118 384 5149 ι
418 5114 557 5169 unus
603 5107 981 5169 estsensus.»
1024 5100 1161 5152 Inl'ra
1212 5112 1332 5169 post
1385 5121 1403 5153 ι
1437 5104 1835 5168 contionatur,»
1890 5108 1939 5158 in

359 5168 525 5240 editis
583 5166 849 5240 additur_:
889 5180 1022 5240 {sat
1077 5166 1395 5238 insequitur,
1439 5191 1456 5221 ι
1504 5173 1648 5240 quod
1698 5166 1821 5225 cum
1886 5176 1937 5228 in

358 5238 613 5292 omnibus
646 5251 774 5288 mss.
803 5236 965 5301 desit,
996 5236 1346 5294 TCStCalltillﬂl
1375 5257 1497 5295 esse
1521 5236 1795 5295 duximus.

432 5307 567 5376 (61)
622 5304 723 5379 Qui
792 5305 934 5379 l’elri
1004 5307 1257 5361 Doctrina
1322 5312 1638 5378 appellatur.
1702 5311 1940 5379 lgnatins

360 5388 570 5446 martyr
599 5376 758 5447 epist.
788 5380 855 5427 ad
896 5378 1235 5447 Smyimeos,
1271 5376 1397 5447 (ap.
1417 5382 1470 5441 5,
1508 5382 1695 5433 eadem
1728 5376 1935 5435 Christi

359 5444 523 5518 verba
560 5444 763 5518 profert
791 5462 833 5518 ΞΑ
855 5444 1079 5518 Ἐγὼξδὲ
1114 5448 1205 5500 καὶ
1250 5444 1390 5518 asia
1417 5451 1515 5517 τὴν
1561 5450 1853 5503 ἀνάστασιν
1882 5452 1938 5505 ἐν

361 5514 527 5591 caput
560 5512 741 5591 apage
763 5512 1026 5591 0361,34}
1071 5512 1309 5591 artati-guto
1342 5512 1497 5591 liv-cat"
1547 5520 1653 5591 καῖέ
1671 5521 1759 5572 ὅτε
1801 5521 1936 5591 πρὸς

358 5584 635 5659 ςοῦςνπερ)
670 5584 871 5659 Πέτρον
911 5586 1184 5659 ἐλήλυθεν,
1211 5589 1313 5659 ἔφη
1345 5590 1551 5653 αὐτοῖς·
1583 5590 1808 5654 Λάϐετε,
1832 5584 1937 5659 ᾠη-

363 5655 633 5723 λαφὴσατέ
678 5672 745 5725 με
778 5658 869 5709 καὶ
906 5655 1062 5722 ἴδετε,
1094 5661 1172 5713 ὅτι
1206 5655 1311 5713 οὖκ’
1337 5660 1452 5729 εἰμὶ
1485 5660 1756 5732 δαιμόνιον
1790 5655 1931 5714 ἀσιτί-

2048 3189 2102 3233 et
2148 3178 2215 3231 de
2261 3176 2408 3230 omni
2455 3176 2632 3229 anima
2672 3185 2835 3244 atque
2881 3174 3030 3228 omni
3069 3170 3380 3229 rationabili
3418 3180 3617 3229 natura

2048 3268 2400 3324 nihilominus
2433 3266 2813 3333 requirendum
2843 3275 2946 3318 est.

2120 3357 2205 3411 10.
2252 3356 2345 3410 Est
2396 3356 2560 3411 etiam
2614 3354 2743 3408 illud
2794 3354 2845 3405 in
2898 3353 3271 3407 ecclesiastica
3335 3355 3607 3423 pratdica-

2047 3454 2212 3517 tione,
2254 3466 2371 3506 esse
2406 3450 2626 3520 angelos
2661 3450 2752 3503 Dei
2790 3452 3052 3514 quosdam
3092 3458 3143 3503 et
3180 3451 3409 3505 virtutes
3445 3453 3617 3507 bonas

2046 3546 2137 3615 qui
2168 3545 2215 3599 ei
2259 3544 2569 3598 ministrant
2601 3541 2711 3610 (65)
2761 3540 2825 3594 ad
2874 3540 3103 3596 salutem
3151 3543 3428 3597 hominum
3475 3559 3610 3598 con-

2053 3937 2239 3990 ματον.
2282 3937 2299 3970 ι
2328 3918 2437 3986 Ego
2476 3926 2655 3990 autem
2703 3917 2874 3990 etiam,
2906 3926 3028 3985 post
3071 3920 3522 3975 resurrectionem
3557 3923 3610 3977 in

2046 3987 2211 4045 carne
2262 3991 2434 4057 ipsum
2483 3987 2605 4040 novi
2652 3999 2704 4040 et
2752 3988 2914 4057 credo
2964 3990 3247 4051 exsistere,
3281 4001 3336 4043 et
3368 4006 3489 4043 cum
3543 3995 3609 4046 ad

2047 4060 2265 4114 Petrum
2286 4056 2344 4112 et
2380 4074 2472 4111 eos
2503 4058 2591 4123 qui
2626 4072 2749 4110 cum
2782 4056 2897 4123 ipso
2928 4066 3086 4109 erant
3120 4059 3286 4120 venit,
3319 4060 3456 4114 dixit
3484 4063 3603 4115 eis:

2048 4128 2274 4191 Tenete,
2323 4130 2526 4195 tangite
2574 4141 2687 4189 me,
2736 4136 2788 4178 et
2834 4125 3008 4195 videte
3053 4128 3307 4192 quoniam
3347 4144 3448 4181 non
3490 4146 3608 4183 sum

2047 4201 2370 4253 daemonium
2400 4194 2794 4263 incorporeum.
2818 4213 2836 4245 ι
2876 4194 2999 4249 Haec
3031 4198 3171 4250 unde
3208 4197 3449 4251 hauserit
3476 4215 3607 4253 san-

2048 4279 2165 4321 ctus
2198 4278 2420 4337 martyr,
2444 4268 2666 4337 JICSCirc
2692 4265 2977 4337 s_e_fatetur
3008 4265 3270 4337 Eusebius
3303 4265 3443 4322 llist.
3471 4271 3605 4322 eccl.

2054 4338 2144 4389 lib.
2176 4353 2267 4400 ιιι,
2298 4333 2417 4405 cap.
2442 4336 2530 4400 56,
2569 4338 2661 4387 sed
2709 4334 3158 4405 lliet'onymusiin
3195 4333 3447 4405 Catalogo
3477 4340 3611 4390 scri-

1983 4390 2027 4445 Ῐ)
2053 4390 2267 4475 ρίου-νηί
2297 4390 2800 4475 ecclesiasticarum,
2844 4390 2931 4455 ubi
2973 4404 3036 4475 de
3078 4404 3283 4472 lgnatio
3325 4390 3454 4474 agit,
3498 4409 3612 4462 haec

2052 4472 2330 4543 desumpta
2361 4489 2481 4527 esse
2510 4475 2585 4525 ait
2618 4488 2639 4521 ι
2664 4474 2729 4526 de
2760 4472 3051 4540 Evangelia
3086 4475 3224 4543 quod
3262 4472 3428 4541 nuper
3461 4492 3490 4529 a
3523 4492 3610 4531 me

2053 4542 2373 4598 translatum
2402 4552 2503 4606 est,
2532 4562 2550 4593 ι
2590 4557 2781 4610 nempe
2809 4544 2873 4595 de
2901 4544 3178 4611 evangelio
3209 4542 3607 4599 Nazaraeorum.

2052 4614 2194 4667 Idem
2227 4621 2454 4667 testatur
2490 4614 2748 4679 prommio
2778 4612 2828 4664 in
2862 4610 3063 4663 libruni
3094 4628 3226 4667 xvm
3252 4612 3605 4668 Commentar.

2051 4685 2101 4735 in
2151 4682 2360 4735 Isaiam.
2394 4681 2649 4749 Origenes
2692 4692 2869 4735 tamen
2902 4681 3001 4734 hoc
3038 4685 3284 4749 praesenti
3336 4685 3455 4737 loco
3502 4701 3606 4737 non

2048 4768 2112 4806 ex
2156 4751 2435 4821 cvangelio
2469 4750 2875 4813 Nazaraeorum,
2926 4753 3019 4803 sed
3053 4769 3070 4802 ι
3102 4768 3163 4805 ex
3207 4753 3463 4807 Doctrina
3510 4753 3606 4807 Pe-

2049 4824 2112 4875 tri
2140 4842 2158 4873 ι
2206 4822 2384 4875 laudat
2421 4822 2615 4874 Christi
2649 4826 2843 4887 verba;
2891 4836 3073 4873 verum
3115 4823 3169 4875 ἓιι
3205 4833 3432 4892 utroque
3478 4839 3610 4893 apo-

2048 4892 2248 4961 cryplio
2279 4904 2397 4961 esse
2424 4901 2731 4961 potuerunt.

2118 4959 2229 5031 (62)
2271 4959 2373 5023 Qui
2409 4978 2448 5031 [ι
2481 4959 2675 5013 (ἐιάνεξσ
2713 4972 2759 5012 et
2803 4959 3103 5028 gentilibus.
3152 4960 3241 5015 Sic
3290 4977 3420 5018 mss.
3458 4962 3608 5019 Alias

2046 5028 2246 5095 vero,c
2275 5032 2363 5095 qui
2397 5028 2601 5082 Graecis
2630 5031 2710 5082 vel
2742 5031 3052 5097 gentilibus.
3075 5049 3092 5079 ι

2116 5102 2226 5171 (65)
2268 5098 2393 5152 Non
2419 5101 2832 5171 se_lale_corp‘us.
2858 5098 2933 5155 ita
2963 5116 3092 5153 mss.
3119 5100 3287 5165 Alias,
3316 5119 3334 5151 ι
3362 5118 3465 5157 non
3489 5119 3608 5157 esse

2047 5172 2152 5223 tale
2184 5168 2400 5251 corpus.
2424 5188 2441 5219 ι
2486 5168 2649 5251 Paulo
2681 5183 2798 5237 post
2831 5184 2987 5233 mss.,
3017 5185 3034 5216 ι
3057 5172 3141 5251 vel
3176 5180 3389 5238 putatur
3419 5191 3447 5225 a
3477 5178 3608 5226 mul-

2046 5248 2134 5294 tis.
2158 5260 2176 5292 ι
2210 5238 2376 5301 Alias,
2412 5256 2429 5289 ι
2464 5239 2542 5291 vel
2576 5239 2867 5305 imputatur
2894 5256 2922 5289 a
2962 5238 3166 5293 multis.
3189 5260 3206 5289 ι

2113 5310 2224 5380 (64)
2266 5309 2406 5361 Deus
2470 5322 2673 5431 quotque
2735 5309 2843 5375 ipse
2912 5312 3171 5373 quomodo
3232 5311 3452 5378 intelligi
3510 5311 3607 5364 de-

2113 5390 2188 5431 rit.
2236 5389 2337 5431 ctc.
2372 5378 2503 5431 Vide
2609 5378 2864 5431 riaeuiun.
2910 5377 3002 5431 ιιι).
3029 5392 3097 5431 ιι.
3128 5395 3183 5431 u.
3212 5381 3262 5431 l.
3308 5396 3458 5431 num.
3487 5383 3520 5431 5
3552 5391 3606 5431 el

2042 5377 2212 5446 beat,
2236 5389 2337 5432 ctc.
2372 5378 2503 5432 Vide
2557 5377 2864 5445 Origeuian.
2910 5377 3002 5431 ιιι).
3029 5392 3097 5442 ιι,
3128 5395 3183 5447 q.
3212 5381 3262 5445 l,
3308 5377 3458 5441 num.
3487 5383 3520 5435 5
3552 5391 3606 5436 et

2041 5466 2225 5589 Wng
2268 5518 2370 5581 Qui
2405 5518 2452 5571 ei
2484 5516 2806 5581 ministrant,
2836 5528 2943 5573 etc.
2975 5517 3048 5570 Ita
3084 5533 3212 5571 mss.
3235 5519 3402 5585 Alias,
3437 5539 3456 5567 ο
3489 5536 3605 5587 qua:

2041 5592 2089 5643 ei
2126 5588 2551 5642 ministrant.....
2589 5588 2679 5641 sed
2711 5592 2925 5654 quando
2974 5590 3058 5641 isti
3092 5591 3259 5642 creati
3304 5602 3452 5655 sunt,
3498 5608 3602 5644 non

2042 5662 2172 5715 satis
2206 5662 2257 5714 in
2292 5660 2578 5712 manilesto
2622 5660 2987 5727 distinguitur.
3014 5676 3032 5708 ι
3079 5656 3250 5712 Paulo
3281 5672 3399 5727 post
3449 5678 3599 5725 mss.,
