3952 6144
251 280 333 333 121
1611 271 1803 325 ΗΒΕιῖ

1914 270 2135 326 lilMUS.

3381 266 3484 321 122

246 391 644 456 summandam;
680 391 772 447 sed
814 392 1034 460 quando
1075 393 1162 446 isti
1194 390 1361 444 creati
1395 390 1524 456 sint,
1558 389 1643 443 vel
1675 405 1808 457 qua-
1841 395 1881 449 Α
1915 389 2055 442 Deus
2095 388 2395 443 secundum
2445 387 2545 441 hoc
2580 386 2722 452 quod
2754 385 2892 455 ignis
2940 384 3060 439 est?
3104 382 3480 451 Nunquidnam

245 481 332 543 les,
358 488 452 532 aut
500 481 776 548 quomodo
804 480 933 547 sint,
966 497 1071 535 non
1112 481 1247 535 satis
1282 481 1335 534 in
1376 479 1671 533 manifesto
1712 480 1808 534 de—

242 573 496 642 signatur.
531 572 607 625 De
655 571 769 626 sole
815 583 994 627 autem
1039 582 1094 627 et
1137 573 1261 627 luna
1304 579 1358 626 et
1408 570 1581 626 stellis
1624 578 1805 623 utrum

242 662 527 715 animantia
569 663 698 729 sint,
734 656 801 716 in
838 664 954 717 sine
994 664 1192 729 anima,
1231 661 1517 716 manifeste
1548 676 1653 715 non
1696 670 1805 714 tra-

240 755 388 806 ditur.
435 752 673 820 Oportet
736 754 902 823 igitur
954 754 1100 808 velut
1165 752 1451 808 elementis
1503 766 1568 805 ac
1617 750 1808 805 funda-

241 840 423 895 mentis
474 840 789 907 hujusmodi
835 842 911 896 uti
957 842 1252 896 secundum
1300 844 1612 895 mandatum
1661 840 1805 909 quod

239 932 398 985 dicit:
436 950 455 984 ι
485 932 794 989 llluminate
824 933 978 988 vobis
1028 934 1206 987 lumen
1258 932 1504 988 scientia:
1535 932 1600 996 η,
1628 950 1647 984 ι
1688 946 1804 984 om-

237 1037 344 1075 nem
373 1024 467 1091 qui
512 1023 664 1091 cupit
696 1023 892 1078 seriem
942 1025 1231 1093 quamdam
1261 1033 1316 1077 et
1350 1037 1550 1092 corpus
1593 1039 1658 1077 ex
1710 1022 1805 1077 ho-

238 1129 344 1167 rum
396 1112 648 1169 omnium
718 1115 926 1169 ratione
973 1117 1230 1184 perlicere
1280 1125 1336 1169 ut
1384 1115 1685 1170 manifestis
1751 1126 1805 1170 et

236 1205 560 1259 necessariis
632 1205 1025 1260 assertionibus
1080 1207 1147 1260 de
1213 1205 1437 1276 singulis
1500 1207 1803 1276 quibusque

233 1296 349 1362 quid
388 1297 461 1349 sit
512 1295 569 1348 in
620 1310 747 1351 vero
792 1296 1039 1360 rimetur,
1088 1305 1143 1350 et
1193 1312 1387 1359 unum,
1436 1305 1493 1350 ut
1546 1297 1802 1362 diximus,

233 1402 421 1455 corpus
450 1387 653 1442 efficiat
696 1388 958 1456 exemplis
1002 1399 1055 1441 et
1087 1387 1555 1451 aflirmationibus,
1584 1388 1666 1443 vel
1715 1389 1800 1444 his

232 1494 360 1546 quas
410 1481 463 1532 in
512 1478 719 1531 sanctis
760 1478 1058 1547 Scripturis
1104 1479 1388 1545 invenerit,
1430 1479 1513 1534 vel
1560 1495 1695 1547 quas
1738 1495 1801 1533 ex

230 1568 640 1638 consequentia:
686 1569 856 1638 ipsius
891 1569 1147 1637 indagine
1184 1584 1248 1624 ac
1296 1570 1429 1625 recti
1483 1578 1670 1625 tenore
1713 1583 1800 1624 re-

234 1658 459 1726 pererit.

733 1748 961 1805 CAPUT
1003 1748 1291 1805 PRIMUM.

899 1845 975 1899 De
1016 1845 1146 1899 Deo.

294 1934 343 1989 l.
381 1934 514 1991 Scio
563 1936 821 2006 quoniam
853 1938 1201 1993 conabuntur
1232 1936 1452 2006 quidam
1499 1935 1659 1990 etiam
1714 1950 1801 1991 se.

231 2026 460 2079 cundum
519 2027 835 2097 Scripturas
885 2036 1105 2083 nostras
1164 2028 1343 2083 dicere
1388 2027 1553 2083 Deum
1605 2042 1802 2097 corpus

229 2131 342 2170 esse
376 2119 516 2187 (66),
562 2122 817 2188 quoniam
868 2121 1149 2180 inveniunt
1193 2121 1458 2189 scriptum
1506 2134 1626 2175 esse
1656 2120 1795 2189 apud

228 2205 463 2278 Moysem
506 2212 719 2279 quidem
757 2230 769 2265 :
810 2231 827 2262 ι
861 2211 997 2266 Deus
1024 2221 1205 2267 noster
1254 2212 1395 2282 ignis
1466 2225 1793 2266 consumens

227 2311 308 2351 εει
337 2299 458 2363 ¹³;›
516 2302 566 2354 ἰιι
620 2302 910 2371 Evangelio
956 2316 1085 2356 vero
1138 2303 1433 2357 secundum
1472 2302 1734 2357 Joannem
1775 2320 1789 2357 :

232 2406 247 2438 ι
280 2389 420 2445 Deus
453 2393 676 2460 spiritus
704 2403 809 2455 est,
839 2403 893 2446 et
921 2408 1013 2447 eos
1042 2394 1133 2462 qui
1164 2395 1393 2447 adorant
1422 2410 1567 2460 eum,
1599 2396 1651 2448 in
1695 2393 1801 2463 spi-

226 2481 327 2534 ritu
357 2493 416 2537 et
453 2485 679 2538 veritate
708 2492 922 2552 oportet
965 2485 1192 2538 adorare
1221 2486 1290 2536 “.
1322 2504 1339 2536 ι
1387 2485 1531 2554 Ignis
1578 2501 1709 2540 vero
1745 2496 1801 2540 et

222 2574 453 2639 spiritus
495 2590 599 2628 non
634 2575 779 2628 aliud
819 2575 958 2642 apud
989 2588 1085 2627 eos
1116 2588 1278 2641 quam
1321 2590 1521 2643 corpus
1551 2590 1671 2629 esse
1708 2591 1805 2643 pu-

224 2664 460 2719 tabitur.
492 2667 637 2732 Quos
685 2666 1031 2735 interrogare
1081 2664 1203 2719 volo
1245 2665 1375 2733 quid
1408 2666 1591 2719 dicant
1631 2666 1697 2718 de
1742 2681 1807 2720 eo

218 2755 371 2821 quod
403 2756 663 2825 scriptum
690 2764 796 2819 est,
824 2756 949 2823 quia
979 2755 1119 2808 Deus
1150 2754 1235 2807 lux
1268 2765 1372 2822 est,
1404 2756 1545 2810 sicut
1565 2754 1802 2811 Joannes

220 2846 273 2899 in
323 2844 577 2914 Epistola
621 2862 718 2901 sua
752 2848 928 2901 dicit:
966 2867 983 2899 ι
1017 2848 1158 2903 Deus
1202 2848 1293 2901 lux
1327 2856 1446 2911 est,
1488 2855 1545 2902 et
1571 2848 1808 2902 tenebrae

224 2952 328 2990 non
358 2945 492 2991 sunt
540 2937 592 2991 in
640 2952 704 2991 eo
730 2938 794 2991 ¹⁵.
828 2955 847 2987 ι
886 2937 987 2991 Ista
1038 2951 1231 3005 nempe
1264 2935 1351 2988 lux
1385 2944 1489 2997 est,
1523 2950 1646 3002 qua:
1688 2935 1807 2988 illu-

1912 485 2190 552 putabitur
2223 496 2546 537 consumere
2579 481 2859 535 materiam
2911 477 3275 547 corporalem,
3310 484 3367 529 ut
3399 485 3484 529 est

1910 576 2150 643 lignum,
2193 574 2275 628 vel
2334 575 2548 636 fenum,
2587 573 2670 627 vel
2720 569 2958 639 stipula?
2999 577 3055 623 et
3108 568 3235 636 quid
3278 566 3330 619 in
3379 564 3483 619 hoc

1909 667 2128 735 dignum
2165 665 2254 720 Dei
2292 666 2537 719 laudibus
2570 665 2789 726 dicitur,
2832 661 2875 714 si
2911 661 3053 713 Deus
3087 658 3223 728 ignis
3261 666 3341 712 est
3380 657 3482 711 hn-

1901 757 2138 825 jusmodi
2183 757 2441 810 materias
2487 752 2854 809 consumens?
2904 750 3013 804 Sed
3075 747 3482 802 consideremus

1908 847 2031 915 quia
2067 847 2206 900 Deus
2232 846 2501 901 consumit
2524 844 2743 913 quidem
2767 850 2820 895 et
2847 840 3205 903 exterminat,
3234 839 3329 892 sed
3358 851 3483 891 con-

1906 941 2071 994 sumit
2115 938 2227 1011 (68)
2274 937 2443 992 malas
2478 937 2739 991 mentium
2781 934 3163 1002 cogitationes,
3207 930 3482 984 consumit

1909 1039 2055 1097 gesta
2092 1030 2293 1098 turpia,
2337 1026 2606 1082 consumit
2652 1025 2920 1079 desideria
2970 1024 3211 1092 peccati,
3258 1036 3379 1075 cum
3423 1034 3482 1073 se

1908 1118 2242 1171 credentium
2276 1116 2550 1171 mentibus
2582 1112 2813 1177 inserit,
2863 1123 2919 1165 et
2966 1125 3060 1164 eas
3105 1109 3317 1162 animas
3363 1118 3484 1174 qua:

1909 1206 2071 1262 Verbi
2089 1207 2203 1276 ejus
2225 1223 2286 1261 ac
2314 1206 2595 1276 sapientiae
2620 1202 2927 1258 efficiuntur
2951 1214 3202 1269 capaces,
3228 1212 3332 1251 una
3358 1211 3481 1249 cum

1907 1303 2042 1357 Filio
2074 1318 2173 1357 suo
2205 1301 2542 1365 inhabitans,
2593 1299 2888 1353 secundum
2926 1296 3069 1365 quod
3106 1295 3311 1348 dictum
3348 1300 3429 1345 est
3463 1307 3476 1343 :

1913 1411 1930 1443 ι
1962 1391 2071 1462 Ego
2104 1404 2157 1446 et
2195 1391 2355 1446 Pater
2388 1391 2689 1454 veniemus,
2721 1398 2777 1442 et
2813 1388 3150 1441 mansionem
3183 1382 3323 1451 apud
3356 1395 3479 1434 eum

1908 1485 2165 1539 faciemus
2191 1485 2265 1549 ";
2296 1504 2312 1535 ι
2347 1483 2601 1539 omnibus
2624 1496 2813 1536 eorum
2846 1478 2993 1532 vitiis
3026 1474 3481 1546 passionibusque

1905 1575 2236 1643 consumptis
2264 1589 2455 1643 purum
2481 1570 2592 1643 (69)
2621 1570 2721 1625 sibi
2752 1583 2844 1624 eas
2872 1582 3043 1634 seque
3068 1567 3287 1635 dignum
3317 1560 3481 1617 efﬁcit

1906 1669 2185 1739 templum.
2233 1668 2337 1722 Sed
2370 1675 2423 1721 et
2465 1667 2552 1721 his
2594 1667 2684 1734 qui
2717 1679 2812 1733 per
2844 1663 2947 1716 hoc
2982 1661 3123 1729 quod
3159 1658 3358 1712 dictnnt
3398 1665 3481 1709 est

1906 1760 2164 1830 quoniam
2206 1776 2224 1809 ι
2254 1757 2394 1811 Deus
2444 1756 2667 1825 spiritus
2698 1763 2781 1807 est
2805 1752 2870 1817 ³⁸,
2898 1768 2916 1802 ι
2958 1764 3152 1815 corpus
3184 1760 3304 1801 esse
3338 1745 3481 1797 arbi-

1909 1859 2122 1904 trantur
2160 1847 2327 1902 Deum
2356 1846 2492 1919 ('70),
2522 1847 2622 1899 hoc
2652 1846 2813 1898 modo
2847 1841 3087 1895 arbitror
3115 1854 3237 1893 esse
3272 1851 3484 1905 respon-

1904 1940 2138 1996 dendum
2182 1956 2196 1993 :
2234 1937 2580 1993 consuetudo
2624 1944 2708 1989 est
2759 1933 3056 2000 Scriptura:
3102 1936 3306 1981 sancta:
3358 1942 3478 1981 cum

1905 2032 2112 2102 aliquid
2165 2030 2500 2085 contrarium
2537 2024 2750 2095 corpori
2794 2023 2921 2077 huic
2962 2020 3215 2075 crassiori
3262 2028 3314 2071 et
3347 2017 3481 2070 soli--

1904 2126 2040 2180 diori
2085 2124 2372 2193 designare
2404 2121 2547 2185 vult,
2592 2116 2841 2186 spiritum
2880 2111 3183 2175 nominare,
3226 2109 3361 2163 sicut
3400 2108 3481 2161 di-

1903 2218 1975 2273 cit
2008 2239 2019 2271 :
2059 2234 2077 2267 ι
2107 2216 2315 2273 Littera
2350 2215 2574 2279 occidit,
2608 2215 2836 2283 spiritus
2873 2215 3055 2261 autem
3105 2202 3428 2257 vivificat".
3456 2222 3474 2254 ι

1904 2307 1959 2361 In
2007 2322 2114 2377 quo
2162 2306 2278 2359 sine
2324 2305 2491 2359 dubio
2536 2318 2631 2374 per
2681 2305 2918 2359 litteram
2967 2297 3267 2368 corporalia
3309 2296 3480 2365 signi-

1907 2398 2029 2451 ficat
2067 2396 2200 2467 (7i),
2230 2412 2327 2467 per
2356 2396 2608 2466 spiritum
2648 2392 3065 2455 intellectualia,
3098 2405 3216 2459 quae
3243 2398 3297 2442 et
3329 2386 3484 2455 spiri-

1908 2489 2029 2542 talia
2062 2490 2310 2544 dicimus.
2356 2487 2645 2559 Apostolus
2692 2498 2912 2555 quoque
2954 2484 3123 2538 dicit:
3161 2499 3179 2532 ι
3214 2479 3393 2547 Usque
3428 2478 3478 2529 in

1907 2580 2224 2634 hodiernum
2273 2595 2396 2635 cum
2452 2580 2650 2649 legitur
2700 2576 2911 2648 Moyses
2959 2575 3209 2627 velamen
3244 2580 3326 2625 est
3380 2585 3479 2639 po-

1909 2672 2069 2724 situm
2122 2687 2283 2739 super
2345 2687 2440 2725 cur
2487 2686 2710 2736 eorum;
2766 2684 2889 2724 cum
2953 2677 3133 2721 autem
3184 2676 3483 2719 conversus

1912 2761 2073 2816 fuerit
2107 2763 2229 2829 quis
2266 2762 2330 2815 ad
2391 2762 2701 2826 Dominum,
2746 2759 3021 2813 auferetur
3069 2756 3339 2818 velamen;
3390 2754 3479 2807 ubi

1910 2861 2087 2905 autem
2142 2850 2379 2919 Spiritus
2430 2850 2677 2914 Domini,
2728 2850 2801 2905 ibi
2864 2849 3088 2902 libertas
3126 2848 3191 2901 ²⁰.
3231 2865 3248 2898 ι
3301 2846 3480 2898 Donec

1908 2941 2049 2993 enim
2082 2942 2203 3008 quis
2237 2955 2339 2993 non
2377 2955 2435 2994 se
2467 2940 2797 2994 converterit
2828 2939 2894 2992 ad
2928 2935 3340 3005 intelligentiam
3372 2934 3482 3003 spi-

229 3028 403 3082 minat
450 3042 664 3082 omnem
702 3043 921 3084 sensum
950 3044 1171 3094 eorum,
1218 3028 1306 3097 qui
1338 3036 1566 3097 possunt
1610 3042 1805 3097 capere
1832 3046 1878 3109 α
1910 3030 2138 3094 ritalem,
2171 3042 2253 3084 est
2288 3030 2519 3099 positum
2562 3030 2803 3083 velamen
2852 3043 3015 3096 super
3051 3041 3145 3081 cor
3193 3026 3332 3094 ejus,
3375 3039 3483 3094 quo

232 3120 548 3185 veritatem,
589 3120 729 3173 sicut
763 3121 815 3173 in
848 3135 991 3173 xxxv
1042 3120 1249 3191 psalmo
1284 3120 1484 3174 dicitur
1514 3138 1529 3175 :
1568 3135 1585 3169 ι
1615 3118 1669 3171 In
1716 3119 1799 3171 lu-

232 3210 374 3264 mine
428 3219 522 3264 tuo
572 3209 871 3265 videbimus
918 3211 1099 3265 lumen
1125 3211 1236 3263 ⁸⁸.»
1290 3209 1428 3275 Quid
1476 3210 1620 3263 enim
1652 3209 1801 3263 aliud

234 3298 408 3354 lumen
448 3302 541 3356 Dei
580 3302 867 3356 dicendum
899 3310 1002 3365 est,
1047 3302 1101 3355 in
1132 3316 1240 3370 quo
1268 3302 1389 3370 quis
1419 3302 1563 3355 videt
1598 3301 1799 3355 lumen.

236 3391 333 3444 nisi
365 3392 539 3446 virtus
570 3392 687 3457 Dei,
716 3408 812 3463 per
837 3408 997 3463 quam
1029 3393 1151 3461 quis
1198 3392 1535 3447 illuminatus
1577 3392 1659 3446 vel
1708 3408 1802 3443 ve-

238 3481 447 3537 ritatem
485 3498 666 3537 rerum
697 3484 936 3539 omnium
986 3483 1251 3553 pervidet,
1297 3483 1381 3538 vel
1421 3484 1598 3552 ipsum
1633 3483 1803 3537 Deum

236 3575 509 3641 cognoscit
554 3576 644 3643 qui
696 3577 897 3631 veritas
948 3574 1298 3645 appellatur?
1350 3574 1480 3630 Tale
1527 3588 1610 3629 est
1675 3589 1804 3643 ergo

239 3667 369 3732 quod
400 3668 603 3722 dicitur
632 3684 646 3721 :
686 3686 705 3719 ι
738 3668 791 3721 In
828 3667 1032 3722 lumine
1070 3677 1164 3722 tuo
1192 3668 1496 3723 videbimus
1540 3670 1754 3733 lumen;
1781 3688 1799 3719 ι

239 3754 333 3810 boc
365 3766 480 3821 est,
532 3758 585 3811 in
617 3757 798 3812 Verbo
839 3768 894 3813 et
931 3759 1191 3832 sapientia
1237 3767 1351 3821 tua,
1396 3759 1485 3827 qui
1529 3766 1611 3813 est
1639 3759 1805 3813 Filius

242 3852 356 3901 tuus
384 3847 520 3919 (67),
563 3850 614 3902 in
661 3849 776 3918 ipso
804 3860 854 3903 te
887 3848 1194 3903 videbimus
1236 3846 1475 3904 Patrem.
1523 3846 1807 3917 Nunquid-

240 3951 353 3991 nam
390 3940 520 4009 quia
569 3939 753 3993 lumen
794 3940 1129 4001 nominatur,
1161 3936 1339 3991 simile
1369 3938 1647 4007 putabitur
1674 3938 1806 3994 solis

242 4025 389 4096 hujus
428 4028 663 4081 lumini?
710 4026 776 4081 Et
822 4028 1096 4096 quomodo
1145 4027 1233 4082 vel
1287 4026 1419 4080 levis
1466 4026 1661 4094 aliquis
1708 4027 1803 4080 da-

241 4117 381 4173 bitur
441 4118 788 4183 intellectus,
840 4127 899 4171 ut
949 4132 1017 4172 ex
1065 4119 1168 4172 isto
1227 4118 1350 4187 quis
1398 4116 1668 4186 corporali
1722 4118 1804 4171 lu-

243 4209 375 4265 mine
404 4224 631 4266 causam
661 4207 901 4264 scientia:
939 4209 1151 4279 capiat,
1192 4218 1251 4263 et
1286 4208 1531 4264 veritatis
1572 4206 1807 4265 inveniat

245 4298 579 4356 intellectum
601 4301 626 4353 ἓ

1906 3119 2188 3185 velamine,
2239 3120 2289 3173 id
2340 3130 2427 3173 est
2468 3118 2822 3187 intelligentia
2869 3116 3163 3181 crassiore,
3192 3115 3479 3183 Scriptura

1906 3211 2020 3280 ipsa
2051 3211 2213 3264 velari
2243 3210 2442 3265 dicitur
2473 3212 2554 3263 vel
2590 3219 2847 3278 putatur;
2882 3219 2935 3262 et
2967 3209 3069 3260 hoc
3102 3217 3187 3261 est
3228 3206 3371 3274 quod
3405 3206 3480 3259 ait

1904 3301 2297 3369 superpositum
2348 3316 2469 3355 esse
2516 3301 2758 3353 velamen
2804 3298 2973 3353 vultui
3022 3298 3192 3368 Moysi
3244 3313 3365 3352 eum
3399 3296 3481 3350 lo-

1906 3400 2163 3461 queretur
2191 3392 2256 3445 ad
2288 3392 2540 3460 populum
2564 3393 2632 3457 ",
2666 3392 2717 3445 id
2747 3401 2831 3445 est
2858 3407 2981 3445 cum
3026 3392 3111 3444 lex
3156 3390 3313 3459 vulgo
3347 3391 3483 3444 reci-

1910 3490 2132 3536 taretnr.
2168 3480 2225 3535 Si
2268 3492 2446 3536 autem
2484 3491 2869 3535 convertamns
2906 3496 3004 3534 nos
3047 3481 3111 3534 ad
3160 3480 3479 3543 Dominum,

1909 3574 1998 3627 ubi
2026 3582 2109 3628 est
2131 3582 2186 3627 et
2221 3573 2457 3627 Verbum
2492 3573 2606 3639 Dei,
2638 3584 2692 3627 et
2728 3573 2816 3626 ubi
2864 3572 3105 3641 Spiritus
3146 3579 3364 3624 sanctus
3398 3584 3483 3623 re-

1908 3666 2050 3721 velat
2075 3666 2358 3720 scientiam
2391 3666 2717 3735 spiritalem,
2750 3676 2878 3718 tunc
2910 3663 3188 3719 auferetur
3215 3663 3478 3727 velamen,

1910 3768 1961 3813 et
2005 3767 2134 3812 tunc
2168 3758 2399 3813 revelata
2434 3758 2572 3813 facie
2602 3759 2655 3812 in
2694 3756 2992 3828 Scripturis
3025 3738 3225 3812 sanctis
3254 3756 3481 3827 gloriam

1911 3848 2125 3902 Domini
2156 3848 2579 3919 speculabimur.

1977 3942 2032 3995 5.
2077 3940 2181 3997 Sed
2225 3950 2278 3996 et
2326 3957 2447 3997 cum
2494 3940 2561 3995 de
2604 3938 2808 4009 Spiritu
2858 3948 3050 3997 sancto
3092 3938 3251 3994 multi
3306 3939 3479 3993 sancti

1909 4034 2278 4102 participant,
2331 4048 2436 4088 non
2490 4032 2677 4102 utique
2732 4046 2933 4100 corpus
2983 4031 3203 4102 aliquod
3257 4030 3479 4099 intelligi

1906 4134 2085 4194 potest
2130 4124 2368 4193 Spiritus
2418 4134 2676 4188 sanctus,
2728 4123 2871 4192 quod
2919 4122 3150 4176 divisum
3202 4122 3253 4174 in
3300 4113 3483 4189 partes

1908 4218 2212 4285 corporales
2266 4216 2534 4287 percipiat
2583 4217 2957 4284 unusquisque
3005 4225 3351 4278 sanctorum;
3390 4214 3483 4265 sed

1908 4308 2081 4363 virtus
2111 4308 2355 4377 profecto
2384 4307 2735 4361 sanctificans
2770 4314 2885 4370 est;
2932 4303 3089 4371 cujus
3131 4303 3481 4373 participium

307 4391 408 4463 50
432 4392 489 4445 εὶ.
526 4391 584 4445 Si
633 4404 762 4460 ergo
800 4390 1151 4460 acquiescunt
1197 4389 1322 4445 huic
1374 4390 1663 4444 assertioni
1712 4405 1803 4445 no-

1914 4400 2114 4454 ltabere
2148 4401 2400 4453 dicuntur
2432 4413 2643 4464 omnes,
2690 4397 2782 4465 qui
2816 4411 2912 4465 per
2942 4396 3058 4465 ejus
3093 4394 3319 4466 gratiam
3350 4409 3483 4449 san-

245 4490 360 4537 stra:
401 4499 568 4555 quam
614 4482 680 4536 de
723 4491 916 4536 natura
977 4481 1196 4537 luminis
1250 4482 1363 4552 ipsa
1410 4482 1806 4537 demonstravit

248 4575 389 4645 ratio,
419 4588 480 4633 et
521 4578 756 4631 fatentur
788 4587 892 4627 non
928 4588 1087 4642 posse
1111 4588 1313 4644 corpus
1356 4574 1585 4645 intelligi
1633 4574 1803 4629 Deum

249 4674 530 4726 secundum
562 4670 780 4725 luminis
808 4670 1163 4736 intellectum,
1197 4667 1395 4723 similis
1420 4682 1635 4737 quoque
1668 4668 1805 4725 ratio

252 4758 308 4813 de
345 4762 469 4834 igne
496 4775 845 4822 consumente
885 4764 1121 4819 dabitur.
1170 4760 1309 4828 Quid
1341 4762 1485 4816 enim
1520 4772 1806 4818 consumet

315 4900 353 4969 ξ’
381 4901 508 4957 Ose.
532 4902 702 4969 x,12.
789 4904 832 4934 ³³
865 4902 1121 4963 Deut.1v,
1141 4898 1232 4954 24.

258 4966 295 4999 ⁸⁸
315 4967 464 5027 Joan.
491 4966 680 5038 Iv,'24.
769 4975 811 5005 ¹⁹
840 4973 879 5027 ll
910 4972 1035 5027 Cor.
1062 4986 1145 5036 ιιι,
1171 4972 1225 5026 6.

261 5095 277 5128 ι
302 5096 361 5136 an
380 5085 498 5140 sine
522 5083 722 5137 anima.
750 5102 769 5135 ι
800 5083 966 5149 Alias,
994 5100 1013 5134 ι
1038 5097 1104 5135 an
1133 5082 1408 5136 exanima.
1433 5098 1453 5132 ι
1484 5080 1625 5135 Infra
1653 5098 1808 5151 mss.,

261 5154 650 5223 «exempliset
697 5152 1169 5207 aflirmationibus.
1198 5170 1218 5203 ι
1270 5150 1440 5217 Alias,
1493 5168 1512 5201 ι
1536 5155 1809 5223 excerptis

257 5220 705 5277 aflirmationibus.
727 5242 745 5274 ι

315 5293 417 5365 ltiti)
461 5292 645 5345 Dicere
692 5293 857 5346 Deum
909 5309 1099 5361 corpus
1144 5309 1275 5347 esse.
1322 5291 1583 5365 lta__mss.
1626 5292 1800 5357 Alias,

262 5360 452 5483 BeDeu'm
480 5376 676 5432 corpus
697 5378 817 5418 esse
844 5360 1203 5419 asserere.....
1222 5362 1361 5430 apud
1390 5360 1650 5431 Moysetn,
1672 5363 1814 5431 quod

325 5448 399 5483 IIS.
424 5452 444 5483 ι

325 5448 399 5486 IIS.
424 5452 444 5484 ›

321 5500 423 5570 (67)
465 5503 571 5568 Qui
616 5512 692 5557 est
726 5500 903 5555 Filius
947 5511 1088 5555 tuus.
1135 5501 1223 5555 Sic
1258 5516 1386 5555 mss.
1428 5500 1605 5565 Alias,
1647 5520 1664 5551 ι
1695 5517 1814 5570 qttte

262 5579 328 5640 est
357 5572 523 5629 Filius
555 5583 698 5627 tuus.
719 5591 739 5625 ι
772 5572 939 5626 Paulo
965 5582 1084 5639 post
1113 5588 1266 5640 mss.,
1297 5588 1314 5621 ι
1339 5571 1421 5624 Vel
1453 5571 1590 5625 levis
1616 5572 1810 5640 aliquis

264 5638 481 5711 dabitur;
513 5668 530 5694 ι
566 5642 722 5709 alias,
759 5661 775 5694 ι
804 5642 886 5696 vel
914 5638 1032 5711 ejus
1074 5638 1287 5708 aliquis.
1313 5660 1330 5690 ι

322 5710 420 5782 (68)
462 5711 553 5767 Sic
586 5728 715 5768 mss.
740 5712 890 5768 Alias
922 5710 1073 5778 vero,
1108 5726 1125 5761 ι
1157 5712 1426 5766 consumit
1458 5710 1598 5780 quod
1628 5718 1807 5765 exter-

1327 4898 1370 4929 “
1399 4896 1553 4952 Joan.
1578 4914 1653 4962 Iv,
1677 4899 1766 4955 24.
1840 4900 1906 4949 i“
1935 4902 1948 4953 Ι
1973 4901 2129 4957 .loan.
2171 4921 2209 4965 ι.
2234 4903 2284 4957 5.

1302 4968 1348 5000 ⁸⁸
1381 4968 1506 5026 ibid.
1554 4968 1641 5033 15,
1670 4970 1866 5036 16,17.
1937 4974 1981 5002 ¹¹
2013 4973 2184 5029 Exod.
2208 4990 2393 5036 xxxiv,
2421 4973 2510 5027 36.

1914 4489 2142 4543 ctificari
2176 4488 2473 4542 meruerint
2501 4487 2631 4558 (72).
2662 4487 2729 4541 Et
2756 4498 2815 4541 ut
2844 4486 3058 4541 facilius
3086 4487 3228 4556 quod
3258 4485 3487 4540 dicimus

1914 4578 2088 4647 possit
2120 4577 2379 4646 intelligi,
2423 4591 2488 4632 ex
2540 4579 2700 4633 rebus
2744 4577 2992 4647 quamvis
3038 4575 3338 4646 imparibus
3386 4591 3482 4630 su—

1913 4685 2125 4724 mamus
2172 4668 2497 4739 exemplum.
2544 4668 2691 4723 Multi
2728 4677 2856 4723 sunt
2890 4669 2980 4737 qui
3026 4669 3322 4738 disciplina:
3368 4670 3486 4723 sive

1911 4763 2044 4816 artis
2078 4761 2361 4816 medicinae
2410 4761 2768 4831 participant,
2813 4770 2866 4815 et
2904 4760 3143 4829 nunquid
3186 4759 3481 4829 putandum

2392 4904 2435 4935 ¹⁶
2462 4901 2604 4957 Psal.
2629 4915 2793 4968 xxxv,
2818 4900 2904 4954 10.
3010 4899 3049 4929 ’⁷
3075 4897 3230 4953 Joan.
3257 4914 3364 4964 xlv,
3394 4898 3485 4952 25.

1920 5087 2093 5141 minat
2124 5088 2167 5141 si
2196 5089 2484 5143 consumit.
2506 5107 2525 5140 ι

1990 5156 2102 5227 (69)
2142 5158 2292 5213 Alias
2319 5160 2471 5213 deest
2506 5173 2631 5225 vox,
2669 5175 2688 5209 ε
2721 5170 2947 5227 purum,
2973 5174 2992 5208 ι
3034 5169 3196 5225 quam
3224 5150 3487 5207 exhibent

1917 5242 2049 5281 mss.
3421 5273 3433 5285 .

1980 5296 2094 5368 (70)
2138 5296 2299 5353 Deest
2333 5297 2389 5368 in
2438 5305 2598 5350 antea
2627 5296 2806 5368 editis
2838 5310 2964 5361 vox,
3022 5312 3042 5345 ι
3069 5293 3269 5360 Deum,
3304 5313 3321 5345 ι
3369 5301 3495 5357 qua

1923 5366 2145 5422 in‘mSS.
2176 5366 2431 5421 omnibus
2462 5366 2753 5434 reperitur.

1995 5438 2109 5506 (Ἡ)
2151 5436 2244 5491 Sic
2280 5452 2411 5491 mss.
2441 5435 2608 5501 Alias,
2643 5453 2661 5484 ‹
2685 5436 2924 5506 signata

1989 5490 2104 5579 (“727).
2143 5490 2237 5579 Sic
2268 5490 2407 5559 mss.
2429 5490 2608 5579 Alias;
2636 5523 2655 5555 ι
2685 5490 3027 5579 participium
3052 5498 3257 5579 debent
3288 5490 3501 5579 habere

1916 5567 2104 5631 Onines
2149 5577 2244 5645 qui
2292 5590 2387 5645 per
2432 5576 2550 5644 ejus
2587 5567 2834 5643 gratiam
2885 5567 3225 5624 sanctificari
3281 5573 3505 5615 incrue-

1918 5657 2065 5702 runt.
2093 5666 2110 5697 ι
2972 5654 2975 5657 ’
