3952 6144
361 175 461 229 ΙΞὸ

1631 173 1953 230 ORIGENIS
1987 176 2148 230 ΠΕΡΙ
2188 175 2420 230 ΑΡΧΩΝ

3509 172 3606 227 im

359 305 440 348 est
472 308 663 351 omnes
711 310 804 351 eos
836 297 930 367 qui
967 297 1245 353 medicina:
1279 295 1633 366 participant,
1685 295 1930 364 corporis
1960 303 2005 355 Α
2033 296 2173 350 enim
2213 295 2511 350 adorabunt
2539 294 2592 347 in
2639 289 3049 363 Hierosolymis.
3097 292 3301 347 umbrae
3332 289 3415 344 vel
3476 289 3614 340 inta-

359 385 589 452 alicujus
621 388 768 457 quod
804 389 1071 443 medicina
1098 389 1314 452 dicitur,
1347 391 1398 442 in
1433 389 1612 444 medio
1645 390 1800 458 positi
1829 389 1929 444 sibi

360 476 582 532 auferre
640 480 975 546 particulas,
1023 488 1076 534 et
1134 480 1206 533 ita
1273 481 1388 546 ejus
1437 480 1783 548 participium
1835 494 1930 532 su-

365 554 513 621 mere
553 568 705 640 (75)?
737 569 816 622 An
851 569 1028 637 potius
1074 567 1479 638 intelligendum
1512 575 1595 622 est
1626 569 1766 636 quod
1813 566 1934 634 qui-

361 649 578 727 cunque
612 660 874 729 promptis
920 660 1233 729 paratisque
1281 661 1551 716 mentibus
1599 660 1931 716 intellectum

365 754 496 805 artis
529 752 698 821 ipsius
727 752 1133 821 disciplinmquc
1183 753 1508 822 percipiunt,
1559 753 1612 806 hi
1651 752 1934 806 medicinae

365 843 683 910 participare
716 843 998 897 dicantur?
1028 845 1132 898 Sed
1181 845 1294 899 hinc
1333 860 1435 898 non
1480 845 1701 899 omnino
1734 845 1934 899 similia

365 936 604 1004 exempla
657 938 894 1004 putanda
958 947 1087 992 sunt
1133 939 1199 991 de
1249 938 1513 994 medicina
1561 948 1749 992 sancto
1810 937 1933 1006 Spi-

365 1027 492 1080 ritui
518 1037 858 1095 comparata;
881 1028 972 1082 sed
991 1028 1056 1083 ad
1077 1030 1178 1083 hoc
1198 1031 1565 1084 tantummodo
1583 1028 1931 1098 comproban-

364 1118 489 1171 dutn
527 1118 664 1186 (74),
707 1120 830 1184 quia
867 1135 970 1174 non
1004 1121 1264 1174 continuo
1299 1135 1495 1188 corpus
1529 1123 1823 1188 putandum
1853 1127 1936 1173 cst

365 1209 415 1263 id
451 1210 602 1277 cujus
649 1211 997 1278 participatio
1027 1211 1258 1266 habetur
1299 1226 1325 1264 a
1370 1211 1662 1280 plurimis:
1704 1211 1937 1279 Spiritus

365 1300 509 1353 enin:
549 1308 776 1354 sanctus
810 1299 967 1368 longe
1011 1299 1189 1356 differt
1221 1317 1250 1355 a
1294 1303 1574 1357 medicinae
1603 1301 1811 1356 ratione
1855 1301 1938 1356 vel

367 1393 682 1460 disciplina;
733 1407 829 1459 pro
875 1408 938 1446 eo
984 1395 1125 1461 quod
1187 1394 1421 1462 Spiritus
1479 1403 1703 1449 sanctus
1755 1393 1936 1449 subsi-

368 1483 566 1535 stentia
596 1492 678 1536 est
714 1483 1112 1550 intellectualis,
1141 1494 1196 1540 et
1229 1485 1452 1555 proprie
1482 1485 1730 1541 subsistit
1756 1495 1816 1539 et
1846 1499 1940 1539 ex-

368 1580 476 1625 stat
503 1592 521 1625 :.
546 1572 676 1626 nihil
708 1584 889 1628 autem
929 1575 1034 1630 tale
1061 1584 1142 1630 est
1169 1577 1460 1632 medicina.

2035 385 2145 453 gitti
2191 385 2490 439 cmlestium
2537 385 2927 446 descrvientes,
2972 398 3077 436 non
3125 381 3374 446 veritate,
3426 393 3604 447 neque

2034 477 2222 544 Spiritu
2278 474 2387 548 (78)
2421 475 2721 530 adorabunt
2751 476 2948 538 Deum;
2979 472 3231 528 similiter
3272 481 3452 526 autem
3485 480 3538 525 ct
3568 471 3608 525 ii

2033 565 2123 633 qui
2157 564 2454 618 adorabant
2484 564 2538 618 in
2576 573 2757 618 monte
2789 563 3054 618 Garizim.

2107 657 2158 710 5.
2201 656 2360 712 Omni
2401 657 2566 726 igitur
2597 670 2757 710 srnsu
2802 656 2896 726 qui
2933 668 3256 723 corporeum
3305 651 3508 722 aliquid
3540 651 3610 706 de

2037 749 2146 804 Deo
2179 748 2406 818 intelligi
2445 748 2710 817 suggerit.
2758 757 2917 816 prout
2966 747 3263 816 potuimus,
3299 743 3604 805 conl'utato.

2037 842 2267 896 dicimus
2294 841 2595 895 secundum
2626 841 2910 894 veritatem
2940 839 3159 908 quidem
3193 837 3360 891 Deum
3398 837 3612 892 incom—

2036 932 2459 1003 prehensibilem
2505 947 2630 988 esse
2669 943 2831 1001 atque
2878 931 3329 986 inrestimabilem.
3374 929 3430 984 Si
3475 931 3608 999 quid

2036 1025 2181 1078 enim
2223 1022 2352 1077 illud
2381 1030 2463 1077 est
2496 1023 2638 1090 quod
2682 1022 2887 1075 sentire
2929 1022 3008 1074 vel
3043 1019 3345 1090 intelligere
3381 1021 3446 1074 de
3495 1019 3609 1072 Deo

2038 1115 2402 1182 potuerimus,
2451 1112 2634 1166 mttltis
2675 1111 2829 1182 longe
2881 1109 2981 1182 51
3036 1112 3208 1166 modis
3262 1125 3383 1172 eum
3419 1111 3612 1164 melio-

2039 1219 2150 1257 rem
2186 1218 2304 1258 esse
2345 1205 2412 1258 ab
2444 1218 2508 1259 eo
2542 1204 2684 1272 quod
2731 1204 3000 1259 sensimus
3045 1218 3263 1258 necesse
3309 1211 3392 1258 est
3438 1202 3606 1256 credi.

2041 1291 2192 1348 Sicut
2244 1292 2386 1345 enim
2438 1293 2485 1346 si
2541 1293 2820 1346 videamus
2872 1293 3105 1360 aliquem
3144 1294 3231 1346 vix
3269 1307 3426 1362 posse
3465 1293 3613 1346 scin-

2043 1385 2208 1440 tillam
2268 1384 2516 1448 luminis,
2570 1393 2660 1437 aut
2731 1384 3063 1438 brevissima:
3130 1383 3364 1438 lucernae
3425 1384 3606 1437 lumen

2040 1477 2332 1546 aspicere:
2371 1483 2425 1532 et
2467 1491 2590 1531 eum
2643 1475 2794 1544 cujus
2845 1478 2988 1532 acies
3041 1477 3316 1532 oculorum
3368 1478 3487 1544 plus
3527 1475 3612 1528 lu-

2041 1570 2200 1624 minis
2246 1567 2358 1641 (79)
2409 1583 2602 1638 capere
2657 1585 2815 1638 quam
2861 1583 3022 1638 supra
3068 1559 3322 1631 diximus,
3364 1583 3469 1620 non
3513 1582 3611 1617 va-

439 1665 494 1718 4.
537 1664 643 1720 Sed
675 1665 742 1718 ad
779 1667 954 1734 ipsum
983 1668 1093 1736 jam
1124 1683 1431 1725 sermonem
1463 1670 1736 1740 Evangelii
1773 1679 1941 1726 trans-
1971 1628 2012 1682 Β
2046 1661 2139 1726 let,
2171 1661 2214 1715 si
2247 1659 2476 1715 velimus
2512 1660 2578 1714 de
2617 1660 2862 1715 claritate
2892 1674 2956 1714 ac
2993 1659 3275 1729 splendore
3305 1659 3435 1712 solis
3473 1659 3605 1712 edo-

369 1757 604 1810 eundum
635 1766 742 1817 cst.
773 1757 861 1810 ubi
901 1757 1166 1825 scriptum
1198 1769 1280 1813 est
1316 1759 1428 1830 (75)
1456 1760 1579 1827 quia
1619 1779 1636 1810 t
1669 1760 1810 1815 Deus
1839 1761 1944 1830 spi-

371 1847 506 1900 ritus
562 1849 747 1912 est”,
779 1866 796 1898 ι
842 1857 896 1901 et
941 1848 1334 1902 ostendendum
1392 1860 1476 1904 est
1529 1865 1691 1918 quam
1753 1866 1942 1905 consc-

371 1949 602 2006 quenter
638 1940 721 1993 his
755 1953 878 2007 qua:
914 1939 1154 1993 diximus
1190 1939 1415 2008 intelligi
1459 1941 1674 1995 debeat.
1704 1940 1944 1996 Interro-

371 2045 555 2096 gemus
586 2045 819 2098 namque
846 2031 1062 2097 quando
1092 2031 1191 2084 ista
1222 2031 1423 2084 dixerit
1452 2031 1706 2086 Salvator
1738 2042 1942 2096 noster,

373 2120 453 2175 vel
494 2121 632 2189 apud
668 2135 862 2189 quem,
907 2121 991 2175 vel
1043 2137 1166 2175 cum
1215 2122 1342 2190 quid
1395 2132 1745 2189 quaereretur.
1795 2123 1946 2175 Inve—

373 2211 550 2264 nimus
587 2211 704 2264 sine
749 2213 913 2264 dubio
943 2213 1085 2280 quod
1117 2213 1184 2266 ad
1217 2213 1614 2266 Samaritanam
1662 2213 1942 2268 mulierem

373 2300 602 2369 loquens
633 2301 734 2354 ista
773 2302 1097 2369 protulerit,
1141 2304 1206 2356 ad
1240 2318 1356 2356 cant
1391 2318 1512 2370 qum
1552 2303 1774 2371 putabat
1807 2304 1946 2372 quod

373 2391 425 2445 in
475 2404 662 2446 monte
711 2394 950 2448 Garizim
1001 2397 1295 2448 secundum
1347 2395 1651 2464 opinionem
1703 2395 1946 2450 Samari-

376 2493 622 2539 tanorum
677 2486 892 2539 adorari
954 2496 1230 2554 Oporteret
1304 2487 1505 2553 Deum,
1567 2490 1754 2542 dicens
1803 2503 1945 2557 quo-

374 2577 517 2630 niam
551 2576 662 2648 (76)
699 2595 717 2628 t
745 2577 884 2630 Deus
927 2578 1148 2647 spiritus
1188 2586 1291 2632 est.
1319 2597 1335 2629 ι
1369 2577 1658 2643 Quaerebat
1695 2579 1838 2631 enim
1876 2579 1943 2631 ab

372 2681 437 2720 eo
481 2666 820 2720 Samaritana
870 2667 1064 2721 mulier
1095 2675 1288 2735 putans
1326 2681 1450 2720 eum
1501 2681 1624 2721 esse
1669 2681 1941 2722 unum.ex

376 2752 599 2818 Iudaeis,
643 2763 821 2808 utrum
869 2755 922 2809 itt
968 2755 1359 2825 Hierosolymis
1405 2756 1622 2810 adorari
1671 2766 1943 2826 oporteret

374 2843 564 2910 Deum,
596 2861 662 2899 an
714 2847 767 2898 in
809 2846 914 2899 hoc
959 2852 1171 2910 monte;
1215 2856 1268 2899 et
1301 2847 1376 2899 ita
1419 2847 1632 2900 dicebat
1663 2869 1674 2900 :
1709 2865 1727 2898 ι
1753 2846 1945 2904 Patres

2045 1765 2168 1805 cere
2207 1767 2222 1804 :
2255 1765 2433 1804 nonne
2480 1751 2757 1818 oportebit
2791 1765 2888 1804 nos
2937 1753 2985 1803 el
3024 1751 3234 1816 dicere,
3284 1751 3407 1818 quia
3459 1749 3612 1802 omni

2043 1840 2147 1896 hoc
2181 1841 2383 1896 lumine
2415 1841 2555 1912 quod
2601 1843 2770 1907 vides,
2805 1841 3149 1896 ineﬂ‘abiliter
3173 1850 3224 1896 et
3254 1840 3611 1896 inaestimabi-

2047 1933 2169 1991 liter
2202 1934 2390 1987 melior
2430 1948 2494 1986 ac
2525 1934 2864 2000 prmstaniior
2901 1941 2982 1988 est
3023 1933 3153 1988 solis
3199 1934 3490 2002 splendor?
3529 1936 3607 1988 lta

2047 2039 2199 2078 mens
2224 2034 2406 2077 nostra
2441 2037 2560 2077 cum
2597 2023 2738 2077 intra
2768 2024 2950 2080 carnis
2973 2034 3028 2080 et
3061 2026 3339 2095 sanguinis
3369 2025 3611 2079 claustra

2045 2112 2399 2174 concluditur,
2433 2122 2485 2167 et
2517 2129 2613 2181 pro
2646 2114 2764 2168 talis
2799 2115 3044 2168 materia:
3075 2115 3484 2185 participatione
3514 2116 3614 2168 he-

2044 2207 2220 2261 betior
2246 2215 2405 2275 atque
2436 2207 2681 2262 obtusior
2728 2208 2986 2271 redditur,
3038 2209 3164 2262 licet
3207 2209 3273 2261 ad
3322 2223 3608 2278 compara-

2049 2296 2247 2350 tionem
2295 2305 2500 2351 naturae
2545 2312 2819 2366 corporea:
2862 2298 3017 2366 longe
3066 2299 3376 2366 praecellens
3411 2300 3616 2353 habea-

2049 2397 2154 2453 tur,
2187 2398 2362 2440 tamen
2401 2387 2525 2442 dum
2558 2389 2623 2440 ad
2661 2388 2980 2458 incorporea
3015 2389 3204 2441 nititur
3233 2397 3393 2456 atque
3425 2404 3614 2442 eorum

2050 2481 2277 2534 rimatur
2323 2481 2573 2534 intuitum
2619 2481 2755 2551 (80),
2800 2490 2926 2535 tunc
2961 2482 3205 2536 scintillae
3245 2481 3470 2547 alicujus
3518 2492 3616 2536 aut

2048 2573 2278 2627 lucerna:
2325 2573 2413 2626 vix
2466 2575 2672 2628 obtinet
2737 2573 2933 2628 locum.
2977 2574 3113 2640 Quid
3163 2585 3341 2629 autem
3385 2575 3437 2627 in
3499 2591 3618 2628 om-

2048 2665 2203 2718 nibus
2233 2665 2709 2729 intellectualibus,
2746 2667 2795 2718 id
2826 2675 2906 2721 cst
2937 2666 3296 2734 iucorpereis,
3331 2676 3437 2719 tam
3471 2681 3612 2735 pra:-

2047 2763 2197 2809 stans
2239 2737 2507 2820 omnibus,
2538 2765 2643 2808 tam
2680 2755 3024 2810 itteﬂ'ubiliter
3056 2765 3219 2824 atque
3260 2758 3614 2812 intestimabi-

2045 2848 2169 2902 liter
2202 2849 2536 2915 prmcellens,
2583 2865 2744 2918 quam
2788 2849 2963 2903 Deus?
2999 2848 3152 2916 cujus
3197 2851 3381 2918 utique
3413 2861 3616 2904 natura

376 2937 547 2990 nostri
589 2952 778 2991 omnes
808 2940 908 2991 hoc
938 2938 989 2990 in
1035 2947 1216 2991 monte
1244 2937 1628 3000 adoraverunt,
1652 2947 1707 2992 et
1736 2952 1830 2993 vos
1863 2939 1941 2992 di-
1971 2963 2012 3018 ο
2047 2937 2163 2991 acie
2213 2937 2466 2992 humana:
2517 2939 2710 2992 mentis
2746 2938 2856 3010 (Si)
2912 2940 3115 2993 intendi
3171 2950 3332 3008 atque
3383 2941 3577 2994 intueri
3600 2979 3616 3004 ,

375 3029 502 3081 citis
550 3029 676 3095 quia
726 3029 779 3080 in
819 3028 1210 3098 Hierosolymis
1243 3037 1324 3083 est
1376 3029 1524 3082 locus
1571 3030 1662 3084 ubi
1715 3029 1944 3084 adorare

376 3128 592 3185 oportet
614 3119 680 3173 ’³.
707 3137 725 3170 ι
762 3119 842 3172 Ad
890 3120 1002 3173 haec
1034 3133 1164 3189 ergo
1193 3134 1311 3188 quae
1355 3119 1676 3188 opinabatur
1706 3120 1945 3174 Samari-

383 3218 529 3274 tana,
561 3218 756 3278 putans
785 3226 850 3264 ex
883 3209 1126 3266 locorum
1161 3210 1525 3280 corporalium
1569 3213 1941 3281 praerogativa,

384 3303 528 3370 quod
564 3304 742 3357 minus
785 3313 954 3364 recte.
999 3304 1079 3357 vel
1117 3307 1217 3358 rite
1253 3305 1362 3375 (77)
1408 3305 1736 3359 adorabatur
1783 3305 1943 3368 Deus,

379 3403 472 3445 aut
503 3406 531 3444 a
556 3391 755 3447 Judwis
787 3394 838 3446 in
874 3393 1288 3458 Hierosolymis,
1321 3403 1414 3447 aut
1443 3410 1470 3446 a
1501 3391 1861 3448 Samaritanis
1892 3393 1944 3445 in

380 3493 562 3536 monte
597 3481 863 3548 Garizim,
912 3485 1188 3552 respondit
1235 3483 1486 3538 Salvator
1532 3499 1654 3538 esse
1689 3488 1944 3538 receden-

379 3576 502 3627 dum
556 3590 583 3626 a
630 3575 1050 3645 praesumptione
1103 3576 1470 3645 corporalium
1523 3576 1764 3631 locorum
1821 3578 1945 3632 huic

379 3665 470 3731 qui
499 3665 610 3718 vult
639 3667 793 3734 sequi
837 3667 1146 3731 Dmuinum,
1185 3676 1236 3720 et
1271 3668 1342 3719 ita
1391 3667 1465 3720 ait
1507 3689 1517 3721 :
1555 3685 1573 3718 ι
1607 3667 1766 3722 Venit.
1813 3667 1946 3720 hora

381 3764 442 3807 ut
472 3755 584 3807 veri
633 3757 973 3821 aduratores,
1010 3771 1185 3824 neque
1218 3757 1271 3810 in
1314 3755 1727 3828 Hierosolymis,
1773 3771 1948 3825 neque

384 3849 436 3902 in
473 3861 652 3902 monte
691 3851 793 3902 hoc
828 3850 1058 3902 adorent
1089 3847 1327 3902 Patrem.
1375 3848 1516 3901 Deus
1563 3849 1785 3916 spiritus
1831 3857 1944 3911 est,

382 3951 434 3994 et
482 3955 576 3994 eos
634 3941 726 4010 qui
773 3939 1000 3993 adorant
1048 3955 1208 4003 eum,
1256 3940 1310 3991 itt
1366 3939 1556 4008 spiritu
1613 3947 1666 3991 et
1713 3940 1947 3994 veritate

384 4041 596 4102 oportet
640 4034 870 4086 adorare
899 4032 1007 4084 ⁸⁵.»
1059 4031 1122 4084 Et
1174 4031 1294 4084 vide
1343 4046 1502 4100 quam
1550 4039 1949 4097 consequenter

393 4126 669 4180 veritatem
729 4124 942 4194 spiritui
999 4123 1264 4186 sociavit,
1315 4131 1373 4176 ut
1423 4122 1489 4176 ad
1543 4122 1947 4176 distinctionem

385 4216 600 4286 quidem
648 4233 935 4284 corporum
979 4215 1284 4269 nominaret
1326 4213 1610 4281 spiritum;
1650 4212 1714 4265 ad
1759 4212 1952 4264 distin-

2047 3029 2292 3096 quamvis
2335 3044 2397 3082 ea
2447 3029 2517 3084 sit
2571 3029 2859 3099 purissima
2898 3044 3048 3085 mens
3094 3044 3158 3085 ac
3199 3031 3614 3102 iitl‘lpidissitlta,

2046 3130 2150 3169 non
2180 3125 2373 3183 potest.

2115 3206 2168 3259 6.
2203 3207 2394 3261 Verum
2448 3222 2551 3262 non
2601 3210 2817 3276 videtur
2851 3212 3164 3280 absurdum,
3217 3214 3260 3267 si
3301 3215 3367 3267 ad
3397 3213 3619 3268 eviden-

2045 3297 2237 3351 tioretu
2271 3299 2344 3350 rei
2379 3299 2868 3355 manifestationem
2891 3303 3052 3356 etiam
3091 3303 3192 3356 alia
3220 3314 3434 3357 utantur
3466 3305 3619 3358 simi-

2048 3387 2293 3444 litudine.
2325 3389 2594 3444 Interdum
2622 3391 2760 3446 oculi
2788 3395 2952 3446 nostri
2982 3394 3150 3462 ipsam
3181 3402 3430 3449 naturam
3456 3395 3615 3461 lucis,

2049 3479 2098 3532 id
2158 3489 2240 3533 cst
2297 3483 2650 3536 substantiam
2719 3485 2868 3550 solis,
2927 3486 3126 3540 intueri
3189 3503 3293 3540 non
3353 3499 3617 3557 possunt;

2047 3570 2384 3638 Splendor-em
2422 3589 2546 3626 vero
2581 3573 2718 3641 ejus,
2762 3577 2839 3630 vel
2872 3579 3051 3632 radios
3081 3578 3332 3633 fenestris
3379 3579 3515 3634 forte
3565 3591 3621 3634 et

2048 3661 2375 3728 quibuslibet
2428 3663 2686 3719 luminum
2743 3666 2996 3721 brevibus
3059 3669 3416 3738 receptaculis
3482 3671 3623 3724 inlu-

2050 3767 2139 3807 sos
2166 3753 2274 3823 (8‘2)
2312 3755 2600 3821 intuentes,
2631 3753 2978 3812 considet‘are
3008 3774 3291 3827 possumus
3319 3761 3485 3816 fomes
3506 3763 3622 3831 ipse

2052 3859 2115 3898 ac
2141 3845 2262 3899 fons
2289 3857 2521 3916 quantus
2547 3849 2616 3901 sit
2643 3851 2886 3918 corporei
2924 3851 3158 3906 luminis.
3190 3853 3262 3906 lta
3295 3869 3420 3920 ergo
3459 3856 3616 3922 quasi

2052 3938 2185 3990 radii
2225 3939 2440 4004 quidam
2483 3949 2605 3994 sunt
2640 3939 2730 3994 Dei
2761 3951 2988 4006 naturae,
3023 3957 3185 4012 opera
3224 3943 3416 3998 divinae
3445 3947 3623 4010 provi‘

2051 4031 2244 4086 dentiae
2277 4041 2330 4087 ct
2357 4048 2444 4087 ars
2480 4035 2847 4090 univcrsitatis
2879 4036 2991 4106 (85)
3030 4038 3208 4106 hujus,
3249 4038 3313 4091 ad
3345 4053 3624 4108 compara-

2054 4122 2252 4176 tionem
2279 4123 2443 4190 ipsius
2467 4123 2779 4179 substantia:
2811 4142 2873 4180 ac
2899 4135 3129 4180 naturae.
3150 4125 3285 4193 Quia
3316 4141 3446 4196 ergo
3470 4141 3624 4180 mens

2056 4224 2234 4266 nostra
2271 4215 2444 4282 ipsum
2485 4232 2577 4285 per
2603 4218 2835 4284 seipsatn
2881 4219 3048 4272 Deum
3083 4219 3221 4273 sicut
3261 4230 3342 4274 est
3379 4236 3484 4274 non
3527 4235 3626 4289 po—

384 4322 616 4365 etiouem
663 4324 788 4362 vero
820 4309 1022 4361 umbrte
1069 4307 1152 4360 vel
1200 4305 1470 4376 imaginis,
1516 4306 1818 4358 veritatem.
1849 4301 1950 4370 Qui
2059 4313 2158 4360 test
2220 4307 2435 4374 intueri,
2487 4323 2552 4362 ex
2602 4309 3001 4377 pulchritudine
3057 4325 3280 4379 operum
3327 4320 3381 4366 et
3429 4313 3627 4366 decore

461 4449 505 4480 "
533 4447 686 4502 Joan.
715 4463 786 4512 tv,
813 4447 901 4500 2:5.
978 4450 1023 4480 ³³
1057 4449 1186 4502 ibid.
1208 4448 1297 4500 ‘20.
1374 4449 1420 4480 ”‘
1448 4448 1580 4502 ibid.
1603 4445 1692 4512 2|,
1716 4446 1809 4508 25,
1841 4445 1929 4498 24.

459 4587 570 4656 (75)
614 4587 703 4641 Sic
734 4603 863 4644 mss.
897 4589 1066 4655 Alias,
1108 4607 1126 4639 ι
1158 4605 1428 4657 nunquam
1464 4589 1759 4658 putandum
1792 4597 1945 4642 est...

388 4662 530 4724 quod
575 4658 836 4710 medicina
888 4660 1152 4713 dicatur”
1177 4699 1190 4714 .
1217 4669 1271 4711 ct
1322 4659 1435 4724 ejus
1470 4659 1814 4729 participium
1855 4673 1945 4711 su-

389 4741 555 4779 ΙΙὶΘΓθ.
583 4745 601 4777 ι

462 4795 572 4867 (74)
613 4796 780 4860 Alias,
810 4814 826 4845 ι
853 4795 1127 4867 dicuntur.
1154 4797 1258 4852 Sed
1291 4797 1404 4852 hare
1430 4812 1532 4851 non
1559 4796 1943 4851 omnimodo...

389 4865 764 4920 tantummodo
818 4865 1214 4934 probandum.)
1264 4868 1331 4920 At
1377 4882 1507 4920 mss.
1551 4877 1609 4921 ut
1661 4868 1712 4920 in
1759 4875 1946 4921 nostro

393 4942 560 4988 textu.

463 5003 578 5073 (75)
621 5007 712 5060 Sic
741 5020 868 5058 mss.
895 5005 1067 5069 Alias,
1102 5025 1120 5058 ε
1153 5006 1240 5059 ttbi
1275 5005 1532 5072 scriptum
1558 5003 1718 5072 quod.
1749 5023 1767 5054 ι

461 5074 572 5144 (76)
613 5075 692 5130 ita
726 5091 853 5128 mss.
889 5077 1055 5140 Alias,
1091 5095 1109 5126 ‹
1139 5077 1320 5130 dicens
1349 5077 1637 5144 quomodo.
1666 5092 1685 5123 ι

460 5141 571 5216 (77)
615 5146 768 5216 Recte
793 5152 868 5198 vel
904 5147 1020 5198 rite.
1065 5146 1154 5197 Sic
1191 5141 1717 5216 coddXSorbonicus
1747 5152 1799 5196 et
1828 5141 1953 5197 Col-

392 5215 670 5282 lirrtinns;
704 5215 863 5277 alias,
893 5232 910 5264 ι
945 5223 1090 5267 recte
1122 5215 1204 5268 vel
1239 5224 1400 5268 recte.
1429 5232 1447 5264 ι

463 5285 576 5356 (78)
615 5279 744 5356 Non
791 5287 1024 5346 veritate,
1057 5300 1217 5356 neque
1247 5285 1458 5351 spiritu,
1501 5279 1728 5356 ctc._Sic
1766 5296 1951 5356 omnes

395 5371 523 5406 mss.
559 5352 734 5413 'Alias,
772 5374 790 5404 ι
824 5371 927 5407 non
975 5355 1274 5417 veritatem,
1319 5368 1491 5423 neque
1539 5352 1785 5421 spiritum
1826 5355 1954 5405 ado-

395 5424 589 5476 rubant
625 5425 815 5477 Deum.
855 5441 872 5473 ι

463 5496 573 5562 (79)
619 5493 746 5546 Plus
778 5494 1010 5547 ltnninis.
1061 5493 1152 5546 Sic
1200 5507 1328 5545 mss.
1357 5489 1533 5554 Alias,
1573 5510 1590 5541 ε
1636 5491 1753 5559 plus
1783 5491 1846 5544 de
1877 5490 1955 5542 lu-

396 5568 559 5619 mine.
608 5584 624 5616 i
662 5563 824 5618 Paulo
861 5577 978 5632 post
1007 5579 1160 5628 tuss.,
1191 5581 1207 5613 ‹
1249 5578 1344 5631 pro
1371 5562 1490 5614 talis
1519 5563 1756 5616 materia:
1787 5562 1956 5630 parti-

2053 4588 2437 4662 cipatione..."
2495 4590 2620 4645 licet
2680 4593 2746 4645 ad
2817 4595 3302 4662 comparationem.
3364 4612 3382 4646 ι
3442 4594 3624 4655 Alias,

2059 4676 2076 4706 ι
2119 4674 2228 4734 pro
2250 4659 2336 4712 tali
2368 4663 2608 4716 materia:
2636 4659 3173 4733 participatione....:
3202 4664 3442 4734 licetpro
3475 4680 3626 4718 CO'tt-

2053 4741 2116 4794 pa
2129 4730 2355 4782 ratione.
2394 4749 2412 4780 ι

2126 4797 2236 4869 (80)
2278 4798 2559 4869 _l_nlut'utm.
2593 4802 2684 4856 Sic
2731 4819 2862 4860 mss.
2916 4802 3084 4864 Alias,
3120 4821 3138 4854 ι
3184 4803 3559 4858 intentionem.
3603 4823 3622 4854 ι

2123 4867 2235 4938 (81)
2269 4867 2477 4923 Natura
2502 4874 2610 4925 acie
2630 4875 2875 4927 Immana:
2901 4875 3107 4934 utentis,
3141 4882 3249 4926 etc.
3290 4874 3381 4926 Sic
3435 4889 3628 4926 omnes

2056 4953 2182 5008 mss.
2216 4938 2381 5002 Alias,
2415 4959 2433 4992 σ
2462 4952 2712 4996 naturam
2735 4945 2980 4997 humanae
3010 4943 3203 4996 tuentis
3237 4943 3436 4996 intendi
3463 4953 3628 5008 atque

2056 5007 2272 5069 intueri,
2308 5013 2556 5076 quamvis
2606 5013 2895 5080 purissima
2937 5026 3094 5067 mens
3134 5027 3198 5066 ac
3245 5007 3626 5081 litnpidi‘ssitna

2060 5093 2163 5132 non
2197 5087 2391 5143 potest.
2424 5098 2441 5130 ι

2130 5148 2240 5215 (82)
2272 5146 2551 5220 Luminttm
2600 5149 2835 5206 brevibus
2878 5152 3217 5218 receptaculis
3259 5153 3482 5220 infusos.
3533 5151 3629 5204 Sic

2059 5231 2247 5290 onmes
2280 5233 2406 5274 mss.
2441 5219 2586 5274 Alias
2613 5235 2763 5286 vero,
2804 5241 2822 5272 ε
2858 5222 2964 5274 illis
2992 5219 3348 5290 receptaculis
3372 5223 3631 5277 brevibus

2064 5286 2293 5340 infusos.
2333 5307 2351 5340 ι

2132 5357 2245 5428 (85)
2304 5356 2367 5428 Et
2420 5374 2505 5410 ars
2548 5359 2920 5415 universi/alis.
2976 5361 3066 5416 Sic
3109 5377 3236 5414 mss.
3281 5361 3429 5416 Alias
3478 5363 3633 5413 deest

2071 5442 2093 5500 ς
2123 5441 2232 5480 ars.
2277 5446 2294 5478 ›
2336 5427 2502 5500 Paulo
2561 5438 2682 5500 post.
2733 5447 2887 5488 tuss..
2925 5450 2940 5480 ι
2983 5435 3156 5498 ipsum
3211 5445 3303 5498 per
3353 5443 3410 5484 se
3455 5432 3629 5500 ipsatn

2067 5495 2250 5550 Deum.
2297 5517 2312 5547 ι
2340 5499 2505 5564 Alias,
2539 5517 2556 5548 ι
2589 5498 2760 5566 ipsum
2796 5518 2888 5568 per
2915 5518 2973 5556 se
3007 5495 3254 5556 Deuth
