3952 6144
262 244 349 298 125
1538 273 1541 276 ·
1627 251 1824 309 LIBER

1930 253 2144 310 {lMUS.

3381 258 3482 313 126

258 371 619 417 eiealurarum
654 371 926 431 parentem
967 363 1332 420 universitatis
1378 367 1652 439 intelligit.
1699 369 1813 426 Non
1845 376 1887 430 Α
1921 371 2080 438 positi
2141 368 2382 423 febribus
2441 379 2783 436 urgeantur:
2849 385 3076 437 quortun
3141 379 3348 422 certum
3403 380 3487 421 est

260 469 368 520 .rgu
405 463 498 507 aut
528 470 725 524 corpus
754 455 988 522 aliquod,
1020 465 1112 510 aut
1145 455 1196 509 in
1217 472 1444 526 corpore
1473 474 1591 514 esse
1618 472 1812 529 putau-

259 546 344 597 dus
392 556 471 601 est
521 545 683 611 Deus,
741 549 834 602 sed
889 549 1266 603 intellectualis
1326 560 1516 605 natura
1564 553 1814 619 simplex,

262 639 379 692 nihil
420 641 643 694 omnino
677 642 729 694 in
771 655 830 696 se
871 641 1238 710 adjunctiouis
1271 644 1592 709 admittens;
1625 648 1700 700 uti
1750 662 1816 702 ne

261 727 416 793 majus
449 730 653 800 aliquid
701 741 757 786 et
814 732 1040 787 inferius
1096 732 1147 786 in
1193 749 1252 788 se
1305 734 1503 790 habere
1543 739 1816 802 credatur,

259 819 338 870 sed
390 827 446 874 ut
477 823 554 875 sit
593 837 657 876 ex
705 825 848 878 omni
904 835 1061 894 parte
1109 826 1299 896 μονάς,
1331 834 1385 880 et
1425 837 1482 881 ut
1520 827 1590 882 ita
1643 829 1817 883 dicam

256 908 391 975 ἑνάς,
434 920 489 964 et
541 927 692 967 mens
735 914 870 986 (84),
902 931 965 972 ac
1004 919 1121 974 fons
1148 933 1211 973 ex
1251 935 1357 987 quo
1393 919 1601 973 initium
1657 921 1821 975 totius

258 1001 628 1058 intellectualis
659 1014 862 1060 natura:
909 1008 992 1061 vel
1032 1012 1228 1064 mentis
1270 1020 1371 1064 est.
1408 1009 1556 1063 Mens
1578 1027 1706 1065 vero
1762 1021 1819 1065 ut

256 1103 529 1150 moveatur
570 1095 649 1149 vel
675 1105 946 1164 operetur,
985 1115 1086 1153 non
1121 1099 1320 1170 indiget
1353 1099 1468 1155 loco
1514 1116 1805 1168 corporeo,

257 1195 421 1248 neque
450 1183 696 1237 sensibili
727 1186 1114 1254 magnitudine,
1150 1190 1231 1241 vel
1274 1191 1542 1257 corporali
1608 1192 1817 1253 habitu,

254 1279 338 1323 aut
364 1272 574 1334 eolore,
613 1289 784 1342 neque
831 1275 936 1328 alio
984 1277 1092 1330 ullo
1119 1293 1343 1346 prorsus
1391 1281 1597 1349 indiget
1629 1283 1819 1336 horum

253 1375 364 1428 qua:
397 1363 648 1432 corporis
681 1364 762 1417 vel
811 1366 1048 1419 materiae
1089 1370 1301 1436 propria
1355 1381 1479 1424 sunt
1527 1372 1660 1441 (85).
1693 1373 1824 1427 Pro-

254 1461 367 1519 pter
395 1456 545 1522 quod
581 1464 768 1508 natura
812 1455 899 1508 illa
946 1457 1170 1525 simplex
1204 1469 1257 1512 et
1288 1470 1396 1514 tota
1429 1477 1579 1516 mens
1609 1473 1667 1516 ut
1705 1479 1820 1518 mo-

250 1555 435 1598 veatur
469 1547 553 1599 vel
585 1555 841 1614 operetur
861 1546 1084 1615 aliquid,
1110 1547 1244 1600 nihil
1275 1551 1550 1606 dilationis
1575 1562 1665 1606 aut
1693 1569 1823 1608 cnn-

251 1635 504 1689 ctationis
544 1636 742 1689 habere
796 1644 995 1704 potest,
1043 1651 1109 1690 ne
1157 1651 1250 1706 per
1293 1639 1595 1706 huiusmodi
1634 1644 1825 1710 adiun-

251 1723 489 1776 ctionem
520 1722 895 1778 circumscribi
928 1726 1008 1778 vel
1029 1725 1256 1781 inhiberi
1289 1729 1626 1797 aliquatenus
1652 1732 1826 1786 videa-
1856 1712 1898 1766 Β

253 1826 334 1868 tur
383 1817 582 1870 divinze
627 1825 831 1871 naturae
886 1817 1229 1886 simplicitas,
1280 1821 1352 1874 uti
1408 1836 1474 1874 ne
1541 1825 1683 1890 quod
1744 1832 1825 1878 est
1866 1855 1878 1865 -

251 1906 573 1973 principium
604 1905 713 1975 (86)
743 1908 1006 1974 omnium,
1033 1910 1390 1977 compositum
1429 1910 1736 1964 inveniatur
1769 1923 1825 1967 et

251 1998 548 2057 diversum.
574 2006 626 2049 et
659 1997 727 2049 sit
754 1999 940 2062 multa,
973 2015 1076 2053 non
1109 2015 1292 2063 unum,
1321 2001 1462 2068 quod
1508 2012 1721 2070 oportet
1753 2011 1828 2055 to-

253 2087 353 2140 tius
387 2103 666 2156 corporeae
706 2089 1046 2143 admistionis
1069 2090 1304 2143 alienum
1341 2105 1443 2143 una
1483 2091 1619 2156 sola,
1656 2101 1713 2144 ut
1750 2093 1824 2146 ita

251 2171 503 2238 dixerim,
536 2175 750 2228 deitatis
776 2176 957 2245 specie
984 2187 1256 2232 constare.
1299 2178 1432 2244 Quia
1462 2189 1639 2233 autem
1671 2196 1823 2236 mens

249 2278 352 2316 non
385 2265 620 2334 indigeat
647 2266 780 2331 loco,
823 2277 876 2322 tit
911 2269 1204 2322 secundum
1247 2279 1496 2322 naturam
1527 2285 1678 2324 suam
1703 2287 1823 2325 mo-

249 2365 463 2419 veatur,
490 2367 693 2409 certum
729 2367 810 2411 est
837 2357 999 2412 etiam
1030 2374 1093 2410 ex
1129 2368 1328 2412 nostra:
1353 2361 1547 2414 mentis
1580 2372 1824 2416 contem-

247 2443 640 2515 platione(87).
664 2447 786 2501 llzec
813 2448 955 2500 enim
985 2450 1028 2500 si
1058 2449 1108 2500 in
1133 2464 1229 2501 sua
1258 2465 1508 2503 mensura
1538 2453 1822 2518 consistat,

247 2548 349 2588 nec
382 2551 455 2589 ex
482 2536 722 2604 qualibet
748 2551 909 2590 causa
943 2538 1142 2605 aliquid
1175 2540 1222 2588 ei
1257 2540 1558 2594 obtusionis
1590 2544 1824 2607 eveniat,

245 2626 387 2678 nihil
445 2640 680 2692 unquam
735 2640 802 2678 ex
851 2625 1087 2679 locorum
1136 2627 1452 2681 diversitate
1506 2631 1826 2698 tardabitur,

241 2715 550 2784 quominus
573 2716 683 2769 suis
712 2717 940 2769 metihus
967 2727 1116 2786 agat;
1162 2733 1338 2787 neque
1372 2735 1559 2776 rursus
1593 2736 1656 2775 ex
1691 2722 1829 2776 loco-

244 2821 376 2857 rum
411 2805 668 2874 qualitate
696 2817 1038 2876 augmentum
1079 2809 1294 2878 aliquod
1329 2811 1410 2864 vel
1436 2812 1827 2867 incrementum

244 2895 576 2950 mobilitatis
606 2899 854 2966 acquirit.
890 2898 1040 2966 Quod
1081 2903 1124 2954 si
1169 2901 1430 2955 obtendat
1457 2903 1654 2972 aliquis
1690 2905 1823 2974 (83).

246 2987 410 3040 verbi
469 2989 641 3057 gratia
677 2990 798 3058 quia
854 2993 1234 3062 navigantibus
1282 3003 1332 3046 et
1379 2993 1630 3050 ﬂuctibus
1665 2999 1826 3051 maris
1855 3028 1900 3091 Ο

246 3077 472 3147 iactatis
501 3081 672 3134 minus
695 3083 969 3151 aliquanto
1003 3099 1150 3138 mens
1176 3084 1355 3153 vigeat
1377 3101 1536 3154 quam
1568 3087 1747 3157 vigere
1771 3091 1822 3142 in

256 3169 421 3222 terris
453 3168 620 3236 solet;
660 3187 763 3224 nou
789 3186 855 3224 ex
896 3171 996 3224 loci
1043 3173 1358 3227 diversitate
1392 3174 1440 3226 id
1468 3176 1598 3242 pati,
1629 3177 1720 3230 sed
1759 3192 1826 3230 ex

256 3260 505 3328 corporis
525 3264 885 3316 commotione
922 3264 1003 3317 vel
1044 3265 1457 3319 contnrbatione
1495 3266 1822 3320 credendum

257 3358 360 3415 est,
394 3352 481 3404 cui
521 3367 669 3406 meus
699 3353 947 3423 adjuncta
981 3355 1061 3408 vel
1086 3354 1283 3410 inserta
1309 3364 1408 3409 est.
1439 3355 1660 3410 Videtur
1680 3359 1819 3412 enim

259 3442 410 3508 quasi
439 3452 629 3496 contra
662 3454 905 3498 naturam
937 3446 987 3498 iu
1022 3447 1156 3500 mari
1181 3448 1377 3516 degere
1407 3462 1604 3516 corpus
1635 3449 1824 3502 Imma-

262 3547 410 3597 num,
460 3543 518 3587 et
549 3544 830 3602 propterea
875 3535 1020 3590 velut
1057 3537 1286 3605 quadam
1335 3538 1416 3591 sui
1469 3539 1828 3608 inmqualitate

262 3633 439 3678 motus
489 3627 684 3679 mentis
720 3627 831 3696 (89)
871 3627 1219 3696 incomposite
1258 3631 1612 3698 ordinateque
1656 3632 1830 3684 susei-

262 3729 410 3782 pere.
435 3725 492 3770 et
515 3718 778 3773 acuminis
801 3719 917 3786 ejus
951 3720 1086 3774 ictus
1107 3721 1363 3775 obtusiori
1398 3721 1700 3776 ministerio
1722 3723 1831 3776 dis-

263 3821 511 3876 pensare,
566 3825 669 3864 non
719 3812 896 3866 minus
945 3827 1105 3880 quam
1150 3813 1192 3867 si
1231 3814 1322 3881 qui
1352 3811 1531 3866 etiam
1565 3813 1616 3866 in
1681 3822 1826 3868 terra

332 3948 378 3980 ³⁸
414 3947 599 4002 confer
625 3947 900 4003 Platonem
931 3948 982 4002 in
1015 3948 1298 4004 Phaedone.

330 4089 448 4157 (84)
474 4087 537 4163 Et
566 4089 785 4163 inferius
809 4090 866 4141 in
899 4106 952 4140 se
975 4089 1163 4163 habere
1195 4091 1446 4163 credatur
1569 4095 1753 4163 μονάς,
1781 4104 1826 4146 et

262 4173 316 4216 ut
345 4163 426 4213 ita
450 4161 622 4210 dicam
651 4159 791 4222 ὲνάς.
827 4174 986 4212 meus.
1008 4159 1084 4211 Ita
1109 4161 1264 4216 codd.
1291 4176 1476 4214 omnes
1495 4159 1624 4215 mss.
1655 4166 1825 4228 Alias,

270 4248 286 4280 ι
321 4240 372 4284 et
407 4228 634 4283 inferius
671 4244 791 4282 esse
815 4229 1186 4283 credatur.....
1229 4229 1414 4301 μονάς,
1446 4240 1520 4293 et,
1548 4241 1602 4284 ut
1636 4233 1712 4284 ita
1743 4233 1824 4286 di-

264 4315 405 4360 cam,
436 4307 579 4350 totus
611 4312 781 4352 meus.
817 4316 836 4349 ι

328 4367 453 4437 (85)
493 4368 585 4420 Sic
618 4383 744 4439 mss.
786 4368 953 4435 Alias,
994 4385 1014 4418 ί
1048 4367 1291 4437 corporis
1328 4367 1408 4424 vel
1439 4369 1670 4439 propria:
1711 4385 1826 4423 ma-

270 4436 419 4493 teria:
447 4436 664 4506 propria
698 4447 842 4491 sunt.
880 4459 898 4490 ι

331 4509 447 4575 (86)
481 4507 554 4558 Ita
602 4519 746 4559 reete
789 4509 1010 4563 omnino
1053 4522 1242 4561 omnes
1282 4506 1437 4560 codd.
1476 4522 1604 4561 mss.
1653 4509 1824 4572 Alias,

273 4597 289 4629 ‹
327 4576 864 4648 operetur,_aliquid
895 4579 1170 4648 dilationis
1213 4577 1412 4648 habere
1457 4589 1654 4648 potest,
1689 4597 1824 4635 ne...

269 4644 644 4717 circumscribi
675 4714 684 4717 _
711 4647 793 4717 vel
852 4647 1209 4717 inhabitari...
1249 4647 1325 4698 ttti
1357 4661 1421 4700 ne
1449 4647 1591 4715 quod
1625 4651 1828 4717 princi-

271 4721 434 4785 pium.
474 4733 492 4785 η
519 4715 647 4780 Quae
673 4714 832 4768 lectio
861 4731 1022 4770 sensu
1048 4716 1202 4783 plane
1233 4726 1401 4768 caret.

329 4787 444 4857 (87)
475 4784 567 4838 Sic
595 4799 723 4838 mss.
757 4785 924 4850 Alias,
953 4804 971 4836 ί
1002 4787 1124 4853 quia
1153 4801 1280 4853 ergo
1306 4799 1454 4837 mens
1480 4801 1586 4857 non
1620 4786 1827 4855 indiget

271 4856 502 4914 loco.....
523 4860 728 4906 certum
757 4863 840 4906 est
867 4866 1064 4910 nostra:
1094 4857 1286 4909 mentis
1305 4856 1824 4923 contemplatione...

273 4939 365 4981 nec
398 4941 465 4980 ex
494 4924 672 4991 aliqua
708 4939 892 4976 causa.
933 4943 952 4974 ο

336 4996 449 5065 (88)
493 4992 750 5065 Obtendat
781 4992 993 5065 aliquis,
1032 5001 1138 5048 etc.
1173 4995 1264 5048 Sic
1290 4994 1618 5065 Amss.A|ias,
1653 5013 1672 5047 ‹
1698 5010 1828 5050 cou-

274 5063 453 5119 tendat
477 5063 677 5129 aliquis
707 5064 831 5130 quia
865 5065 1241 5130 navigantibus
1282 5063 1548 5117 ﬂuctibus.
1594 5083 1612 5114 ›

337 5134 449 5206 (89)
479 5133 618 5206 Vos,
656 5149 673 5181 ι
704 5134 915 5206 mentis,
956 5151 974 5185 ι
1027 5134 1180 5188 deest
1226 5135 1275 5187 in
1315 5144 1470 5186 antea
1497 5135 1678 5198 editis,
1734 5134 1828 5188 sed

275 5202 540 5272 nperitur
568 5202 620 5254 in
651 5204 901 5255 omnibus
927 5219 1054 5256 mss.

337 5271 448 5344 (90)
478 5273 568 5344 Sic
595 5285 780 5324 omnes
802 5287 931 5326 mss.
960 5274 1124 5335 Alias,
1145 5291 1162 5322 ι
1197 5271 1519 5340 culpandum
1542 5283 1828 5344 propterea

276 5346 408 5412 quod
434 5343 704 5412 turbatum
734 5350 894 5412 atque
931 5344 1235 5398 confusum.
1283 5362 1301 5393 ι

337 5414 448 5487 (91)
474 5411 609 5487 vox,
641 5429 658 5460 ι
697 5411 944 5487 corpora,
974 5431 992 5463 ι
1028 5428 1189 5482 quam
1220 5412 1476 5467 exhibent
1505 5427 1657 5478 mss.,
1691 5412 1832 5466 desi-

278 5481 487 5538 d.:ratitr
524 5485 574 5534 in
601 5489 758 5534 antea
779 5483 959 5536 editis.

339 5553 447 5623 (92)
482 5553 574 5607 Sic
603 5566 737 5623 mss.
766 5552 932 5612 Alias,
970 5570 990 5604 ι
1025 5567 1133 5620 quo
1175 5567 1294 5620 qua;
1322 5555 1459 5605 'sunt
1493 5553 1541 5606 ei
1584 5550 1825 5623 insita.)

281 5619 438 5680 Paulo
460 5633 583 5690 post
620 5622 783 5676 iidem
820 5639 974 5691 mss.,
1010 5619 1159 5678 (sed
1194 5619 1528 5678 eruditionis
1555 5621 1832 5677 exercitiis

1917 460 2058 530 quod
2097 461 2140 516 si
2178 460 2352 513 minus
2383 459 2581 526 aliquid
2611 474 2703 528 per
2755 460 2858 512 vim
2898 461 3124 512 febrium
3158 475 3307 513 mens
3329 475 3483 513 suum

1919 567 2023 605 non
2054 561 2236 604 servet
2263 550 2516 618 ollieium,
2555 567 2656 604 non
2693 550 2792 603 loci
2827 551 3061 619 culpam,
3103 553 3194 604 sed
3239 552 3487 603 morbum

1919 641 2165 709 corporis
2194 656 2313 696 esse
2339 641 2688 702 causandmn,
2736 655 2830 708 per
2863 656 3020 707 quem
3059 642 3327 693 turbatum
3364 654 3490 694 eor-

1920 746 2018 799 pus
2047 741 2206 800 atque
2233 731 2513 785 confusum
2545 731 2655 798 (90)
2685 745 3022 800 nequaquam
3057 733 3199 785 notis
3226 747 3289 785 ac
3329 739 3488 783 natu-

1924 823 2126 878 ralibus
2163 824 2321 878 lineis
2351 825 2506 878 solita
2549 825 2713 878 menti
2745 826 2989 892 dependit
3030 825 3227 888 oﬂicia,
3252 829 3489 893 quando-

1920 915 2135 981 quidem
2179 931 2276 970 uos
2319 916 2562 969 homines
2591 917 2792 968 animal
2823 932 3007 969 sumus
3034 916 3389 983 compositum
3420 931 3486 970 ex

1921 1007 2162 1074 corporis
2191 1005 2488 1072 aniinaaqtte
2510 1020 2801 1059 concursu.
2844 1005 2951 1058 Hoc
2974 1006 3116 1058 enim
3147 1006 3302 1059 modo
3335 1006 3488 1058 habi-

1924 1108 2040 1151 tare
2070 1113 2165 1150 nos
2195 1112 2355 1166 super
2381 1108 2580 1152 terram
2602 1098 2856 1166 possibile
2882 1097 2998 1149 fuit.
3023 1098 3189 1149 Deum
3225 1111 3376 1161 vero,
3399 1097 3489 1164 qui

1923 1190 2161 1243 omnium
2191 1198 2274 1244 est
2315 1190 2655 1258 principium,
2680 1235 2684 1239 .
2713 1189 3068 1257 compositum
3120 1203 3241 1242 esse
3281 1203 3386 1240 non
3413 1197 3496 1240 est

1925 1279 2216 1347 putandum
2251 1297 2264 1332 :
2292 1295 2357 1332 ne
2386 1279 2524 1332 forte
2563 1280 2741 1347 priora
2774 1279 2888 1345 ipso
2927 1277 3188 1344 principio
3212 1277 3494 1329 invenian-

1927 1378 2013 1420 tur
2046 1369 2308 1421 elementa
2338 1383 2474 1430 esse,
2503 1383 2566 1422 ex
2592 1370 2783 1436 quibus
2812 1368 3168 1434 compositum
3191 1374 3272 1419 est
3296 1379 3457 1419 omne
3476 1402 3493 1421 .

1927 1459 2187 1527 quidquid
2212 1459 2338 1512 illud
2374 1470 2477 1523 est,
2526 1461 2668 1529 quod
2705 1460 3057 1527 compositum
3104 1458 3323 1511 dicitur.
3389 1457 3494 1510 Sed

1929 1563 2026 1602 nec
2084 1550 2452 1617 magnitudine
2488 1550 2752 1620 corporali
2808 1565 2959 1603 meus
3008 1549 3213 1614 indiget
3259 1557 3316 1600 ttt
3372 1557 3497 1615 agat

1928 1642 2154 1711 aliquid,
2195 1643 2276 1696 vel
2307 1651 2621 1705 moveatur;
2653 1642 2791 1695 sicut
2819 1641 3006 1694 oculus
3042 1655 3166 1692 cum
3197 1639 3248 1692 in
3289 1638 3494 1705 maiora

1928 1740 2140 1807 quidem
2175 1750 2402 1804 corpora
2441 1734 2549 1803 (91)
2585 1731 2844 1785 intuendo
2867 1729 3205 1790 dill‘unditur,
3236 1729 3304 1781 ad
3331 1742 3494 1794 parva

1927 1844 2054 1883 vero
2082 1838 2136 1883 et
2185 1828 2376 1896 exigua
2428 1833 2736 1878 coarctatur
2765 1830 2818 1876 et
2857 1821 3174 1889 astringitur
3204 1822 3269 1871 ad
3303 1819 3496 1870 viden-

1927 1917 2314 1984 dum.lndiget
2357 1929 2488 1967 sane
2533 1927 2686 1967 mens
2733 1911 3102 1980 magnitudine
3147 1907 3494 1976 intelligihili,

1927 2009 2050 2075 quia
2095 2023 2198 2061 non
2250 2003 2632 2072 corporaliter,
2688 2003 2780 2056 sed
2833 2001 3247 2075 intelligibiliter
3276 1998 3496 2052 crescit.

1925 2073 2043 2153 Plan
2073 2098 2216 2152 enim
2245 2094 2624 2162 corporalibus
2655 2091 3007 2146 incrementis
3037 2089 3197 2143 simul
3225 2073 3344 2143 eum
3375 2104 3496 2142 cor-

1927 2203 2058 2258 pore
2084 2201 2235 2240 mens
2273 2199 2446 2252 usque
2476 2184 2543 2237 ad
2577 2181 2895 2250 vigesimum
2927 2179 3007 2232 vel
3045 2178 3376 2245 trigesimum
3405 2191 3500 2229 an-

1928 2294 2052 2330 num
2084 2277 2256 2330 aetatis
2290 2283 2540 2345 augetur,
2575 2273 2668 2327 sed
2709 2269 3105 2324 eruditionibus
3132 2277 3184 2321 et
3221 2269 3499 2324 exercitiis

1927 2367 2030 2435 52
2060 2366 2317 2420 adhibitis
2344 2379 2568 2418 acumen
2595 2363 2811 2431 quidem
2841 2362 3092 2416 elimatur
3117 2362 3334 2443 ingenii,
3355 2377 3500 2431 qua:-

1927 2475 2031 2526 que
2082 2467 2205 2510 sunt
2235 2459 2283 2510 ei
2317 2457 2477 2510 insita
2509 2456 2620 2525 (92)
2649 2455 2714 2509 ad
2747 2455 3162 2525 intelligentiam
3200 2468 3500 2523 provocan-

1932 2558 2034 2610 tur,
2065 2556 2120 2599 et
2150 2563 2318 2616 capax
2355 2545 2583 2601 ellicitur
2615 2547 2834 2615 majoris
2863 2547 3192 2611 intellectus,
3227 2561 3333 2600 non
3371 2559 3499 2600 cor-

1932 2637 2211 2706 poralibus
2257 2640 2605 2692 incrementis
2647 2648 2825 2702 aucta,
2856 2640 2948 2692 sed
2991 2640 3311 2694 eruditionis
3337 2654 3498 2693 exer-

1931 2728 2076 2782 citiis
2110 2729 2352 2780 climata.
2379 2729 2510 2792 Quae
2552 2729 2754 2781 idcirco
2798 2745 2904 2782 non
2930 2730 3110 2782 statim
3151 2744 3179 2781 a
3219 2744 3386 2797 puero
3417 2730 3498 2781 vel

1933 2834 1960 2870 a
1999 2818 2280 2872 uativitate
2315 2819 2555 2884 recipere
2577 2827 2772 2886 potest,
2799 2819 2923 2886 quia
2959 2818 3191 2872 invalida
3222 2820 3398 2872 adhuc
3446 2829 3502 2872 et

1931 2909 2196 2964 imbecilla
2251 2910 2613 2963 membrorum
2660 2919 2744 2963 est
2796 2925 3081 2978 compago,
3130 2910 3322 2980 quibus
3356 2911 3500 2965 velut

1931 3001 2151 3069 organis
2182 2999 2247 3053 ad
2281 3000 2598 3054 exercitium
2636 3000 2716 3054 sui
2757 3015 2906 3053 mens
2939 3002 3128 3061 utitur,
3163 3017 3336 3068 neque
3369 3017 3498 3068 epe-

1930 3093 2084 3148 randi
2117 3093 2222 3145 vim
2272 3093 2385 3162 (93)
2436 3103 2736 3146 sustentare
2773 3093 2938 3156 valet,
2989 3108 3087 3146 uec
3139 3093 3497 3162 percipiendae

1926 3183 2221 3250 disciplinae
2257 3184 2514 3238 exhibere
2541 3182 2739 3237 sollieit
2773 3183 3107 3240 facultatem.

1997 3274 2047 3326 7.
2075 3272 2130 3327 Si
2156 3274 2244 3342 qui
2273 3283 2450 3327 autem
2476 3287 2598 3328 sunt
2627 3274 2718 3339 qui
2761 3285 2995 3328 mentem
3029 3274 3198 3343 ipsam
3233 3275 3500 3328 animam-

1926 3378 2031 3433 que
2066 3380 2263 3432 corpus
2290 3380 2407 3418 esse
2435 3364 2791 3427 arbitrentur,
2832 3366 2991 3419 velim
3042 3367 3168 3419 mihi
3202 3368 3498 3434 responde-

1927 3464 2066 3520 rent,
2115 3458 2382 3524 quomodo
2428 3466 2698 3510 tantarum
2753 3472 2930 3511 rerum
2965 3457 3102 3527 (94),
3149 3467 3256 3510 tam
3305 3457 3498 3510 dilliei-

1927 3545 2054 3598 lium
2089 3555 2305 3613 tamque
2332 3548 2607 3600 subtilimn
2657 3550 2897 3602 rationes
2939 3550 3372 3615 assertionesque
3409 3562 3495 3600 re-

1927 3638 2095 3705 cipiat
2124 3639 2190 3693 ".
2249 3637 2402 3691 Unde
2431 3639 2477 3691 ei
2512 3639 2682 3691 virtus
2715 3640 3026 3692 memoriae?
3057 3639 3120 3690 Et
3153 3639 3292 3692 unde
3325 3639 3370 3691 ei
3414 3652 3498 3691 re-

1932 3742 2048 3778 rum
2099 3727 2449 3779 invisibilium
2481 3727 2907 3796 contemplatio?
2960 3726 3112 3781 Unde
3145 3737 3294 3781 certe
3323 3729 3498 3781 incor-

1928 3815 2196 3884 poraliqu
2231 3816 2535 3870 intellectus
2560 3832 2738 3870 rerum
2769 3818 2981 3886 corpori
3023 3818 3160 3872 inest
3184 3818 3500 3885 ?,Quomodo

1933 4092 2171 4146 elimata.
2214 4107 2231 4142 ι
2281 4088 2451 4153 Alias,
2485 4104 2504 4139 ι
2551 4087 2643 4142 sed
2686 4086 3081 4143 eruditionibus
3127 4093 3181 4139 et
3226 4083 3498 4138 exercitiis

1933 4163 2168 4216 climata.
2209 4178 2227 4210 ι

2005 4231 2114 4300 (93)
2160 4229 2293 4300 Υέηι.
2335 4229 2408 4282 Ita
2445 4245 2576 4293 mss.
2612 4227 2780 4290 Alias,
2815 4243 2833 4275 ‹
2876 4239 3050 4279 usum.
3100 4241 3118 4272 ι

2005 4290 2115 4365 (94)
2157 4298 2426 4362 Quomodo
2458 4290 2724 4365 tantarum
2759 4311 2949 4355 rerum,
2987 4300 3092 4365 etc.
3130 4291 3204 4365 Et
3234 4290 3318 4344 ltt's
3366 4303 3498 4343 sane

1934 4360 2266 4436 argumentis
2292 4381 2412 4432 (μιω
2443 4367 2647 4434 profert
2679 4364 2960 4430 Origenes,
2992 4360 3159 4436 liquet
3192 4361 3361 4436 ipsum
3398 4375 3498 4411 tta--

1936 4429 2110 4490 turam
2151 4429 2344 4487 anima:
2393 4429 2454 4487 in'
2493 4450 2722 4499 corpore
2774 4429 3120 4500 quantumvis
3168 4429 3350 4500 subtili
3393 4443 3496 4500 non

1931 4508 2198 4574 posuisse.
2229 4505 2318 4556 Sic
2353 4505 2403 4555 in
2432 4495 2856 4574 AProlfeplicowbd
2893 4499 3235 4574 martyrium:
3261 4499 3394 4574 ’Ἔτι
3417 4495 3496 4574 ,δὲ

1927 4566 2020 4630 ita".
2060 4573 2310 4644 φιλοζωεῖ
2358 4572 2661 4644 ἄνθρωπος,
2695 4573 2898 4638 πεῖσμα
2938 4567 3112 4644 λαϐῲν
3158 4567 3284 4644 περὶ
3310 4566 3496 4644 οὐσίας

1926 4635 2150 4713 λογωὲἦς
2174 4635 2373 4711 ψυχῆς,
2401 4635 2476 4705 th;
2510 4642 2738 4712 ἐχούσης
2777 4635 2852 4713 (τί-
2877 4639 3130 4713 συγγενὲς
3337 4635 3498 4713 vesp-3t

1927 4705 2034 4786 γὰρ
2062 4705 2414 4786 extitisti-nati.
2449 4705 2899 4786 ἁὸῥὰτα-,ςκαζῲς
2939 4705 3253 4786 ξπικρατΙῶν
3284 4706 3496 4786 ἀποδεί-

1927 4779 2080 4838 ἱενύσι
2106 4779 2278 4850 λό-ίοζ,
2303 4779 2586 4852 ἁςώμαπέα.
2610 4800 2628 4833 t
2651 4782 2716 4835 Et
2748 4780 2920 4852 adhuc
2945 4779 3294 4852 liotno_vitam
3327 4785 3490 4852 amat,

1929 4871 2053 4909 eum
2081 4847 2596 4906 demonstrationem
2638 4851 2911 4918 acceperit
2939 4852 3004 4901 de
3040 4848 3230 4918 auinia:
3262 4847 3498 4918 rationa-

1930 4926 1992 4978 lis
2014 4933 2225 4994 natura.
2263 4922 2404 4994 quod
2439 4924 2673 4994 aliquam
2710 4915 2904 4972 habeat
2928 4931 3048 4970 cum
3083 4917 3189 4994 Deo
3219 4915 3496 4994 cognatio-

1929 5010 2074 5047 nem.
2112 4986 2469 5061 lntelli—gihilia
2502 4986 2648 5061 enim
2675 5000 2899 5054 utraque
2929 4994 3054 5038 sunt
3082 4996 3132 5061 et
3177 4986 3490 5041 invisibilia,

1930 5073 2004 5128 et,
2038 5073 2095 5115 ut
2134 5055 2332 5116 invict'a
2379 5063 2591 5114 ratione
2625 5060 3047 5128 demonstratur,
3090 5055 3486 5128 iur_i_irpot'ea.__i

1930 5123 2039 5186 Net:
2065 5133 2242 5185 obstat
2290 5133 2431 5199 quod
2460 5131 2621 5202 habet
2646 5129 2742 5202 lib.
2781 5125 2922 5202 l___l_)_e
2957 5124 3248 5202 principiis,
3285 5139 3402 5188 cap.
3435 5123 3490 5202 ti,

1935 5221 1954 5254 ι
1989 5203 2154 5254 solius
2188 5193 2377 5265 Dei,'id
2403 5212 2485 5272 est
2514 5199 2689 5251 Patris
2720 5208 2771 5250 et
2797 5195 2914 5272 l'jilii
2949 5205 3002 5247 el
3042 5193 3273 5272 Spiritus
3310 5193 3492 5272 sancti

1931 5282 2138 5325 naturze
2163 5272 2213 5323 id
2243 5261 2516 5341 proprium
2539 5284 2677 5329 esse,
2714 5267 2908 5320 utsine
2945 5262 3208 5341 materiali
3241 5261 3494 5341 Stilistam

1934 5354 2029 5404 tia,
2071 5352 2123 5392 et
2161 5335 2362 5407 absque
2417 5338 2522 5390 ulla
2573 5351 2847 5408 corporea:
2893 5335 3493 5408 adjectiouis'societate

1932 5396 2621 5478 intelligatur.subsistere.
2672 5396 2691 5457 ἱ
2735 5407 2839 5457 Nec
2871 5396 3009 5478 qnnd
3059 5399 3246 5478 scr-ibit
3292 5396 3393 5478 lib.
3431 5408 3492 5455 tl,

1933 5496 2053 5548 Cap.
2076 5468 2134 5542 ‘2",
2167 5498 2183 5529 ι
2220 5479 2564 5548 incorporeas
2594 5488 2869 5529 remanere
2888 5468 3497 5548 rationabilesiniturus

1939 5531 2049 5603 silli
2069 5531 2284 5615 quidem
2322 5531 2688 5615 di'ﬂlcillimttm
2713 5552 2768 5598 et
2815 5557 2950 5615 pene
2996 5531 3494 5615 llll|,lt)-S_S:lbll‘:3.VlIll0-

1943 5597 2349 5684 paulo
2371 5597 2492 5683 post
2528 5597 2598 5668 :ﬂi
2638 5613 2694 5666 Si
2728 5597 2865 5666 vero
2898 5597 3229 5677 impossibile
3267 5606 3350 5650 est
3393 5597 3500 5655 hoc
