  <div class='ocr_page' id='page_1' title='image "/cluster/home/n/w/nwhite01/storage/ocr_20150623/11/mdp.39015013266690/077.png"; bbox 0 0 3952 6144; ppageno 0'>
   <div class='ocr_carea' id='block_1_1' title="bbox 396 242 500 299">
    <p class='ocr_par' dir='ltr' id='par_1_1' title="bbox 396 242 500 299">
     <span class='ocr_line' id='line_1_1' title="bbox 396 242 500 299; baseline 0 0"><span class='ocrx_word' id='word_1_1' title='bbox 396 242 500 299; x_wconf 78' lang='grc' dir='ltr'><strong>12Ἰ</strong></span> 
     </span>
    </p>
   </div>
   <div class='ocr_carea' id='block_1_2' title="bbox 1669 240 2452 297">
    <p class='ocr_par' dir='ltr' id='par_1_2' title="bbox 1669 240 2452 297">
     <span class='ocr_line' id='line_1_2' title="bbox 1669 240 2452 297; baseline -0.005 -1"><span class='ocrx_word' id='word_1_2' title='bbox 1669 240 1992 297; x_wconf 81' lang='lat' dir='ltr'><strong>ORIGENIS</strong></span> <span class='ocrx_word' id='word_1_3' title='bbox 2032 242 2190 294; x_wconf 88' lang='grc' dir='ltr'><strong>ΠΕΡΙ</strong></span> <span class='ocrx_word' id='word_1_4' title='bbox 2225 240 2452 294; x_wconf 75' lang='grc' dir='ltr'>ΑΡΧΩΝ</span> 
     </span>
    </p>
   </div>
   <div class='ocr_carea' id='block_1_3' title="bbox 3536 239 3639 292">
    <p class='ocr_par' dir='ltr' id='par_1_3' title="bbox 3536 239 3639 292">
     <span class='ocr_line' id='line_1_3' title="bbox 3536 239 3639 292; baseline 0 0"><span class='ocrx_word' id='word_1_5' title='bbox 3536 239 3639 292; x_wconf 73' lang='grc'><strong>128</strong></span> 
     </span>
    </p>
   </div>
   <div class='ocr_carea' id='block_1_4' title="bbox 396 356 3639 432">
    <p class='ocr_par' dir='ltr' id='par_1_4' title="bbox 396 356 3639 432">
     <span class='ocr_line' id='line_1_4' title="bbox 396 356 3639 432; baseline -0.002 -15"><span class='ocrx_word' id='word_1_6' title='bbox 396 371 587 417; x_wconf 87' lang='lat' dir='ltr'><strong>natura</strong></span> <span class='ocrx_word' id='word_1_7' title='bbox 612 376 875 431; x_wconf 88' lang='lat' dir='ltr'><strong>corporea</strong></span> <span class='ocrx_word' id='word_1_8' title='bbox 905 362 1217 432; x_wconf 82' lang='lat' dir='ltr'><strong>disciplinas</strong></span> <span class='ocrx_word' id='word_1_9' title='bbox 1250 362 1472 425; x_wconf 98' lang='lat' dir='ltr'><strong>artium,</strong></span> <span class='ocrx_word' id='word_1_10' title='bbox 1518 378 1693 416; x_wconf 90' lang='lat' dir='ltr'><strong>rermn</strong></span> <span class='ocrx_word' id='word_1_11' title='bbox 1725 372 1967 419; x_wconf 87' lang='lat' dir='ltr'><strong>contem-</strong></span> <span class='ocrx_word' id='word_1_12' title='bbox 1996 368 2040 423; x_wconf 82' lang='grc' dir='ltr'>Α</span> <span class='ocrx_word' id='word_1_13' title='bbox 2070 364 2176 418; x_wconf 92' lang='lat' dir='ltr'><strong>hoc</strong></span> <span class='ocrx_word' id='word_1_14' title='bbox 2216 360 2535 430; x_wconf 83' lang='lat' dir='ltr'><strong>proferunt:</strong></span> <span class='ocrx_word' id='word_1_15' title='bbox 2591 361 2698 414; x_wconf 89' lang='lat' dir='ltr'><strong>imo</strong></span> <span class='ocrx_word' id='word_1_16' title='bbox 2747 375 2874 413; x_wconf 89' lang='lat' dir='ltr'><strong>vero</strong></span> <span class='ocrx_word' id='word_1_17' title='bbox 2921 374 2984 413; x_wconf 70' lang='lat' dir='ltr'><strong>ex</strong></span> <span class='ocrx_word' id='word_1_18' title='bbox 3014 359 3113 412; x_wconf 92' lang='lat' dir='ltr'><strong>hoc</strong></span> <span class='ocrx_word' id='word_1_19' title='bbox 3159 358 3321 412; x_wconf 91' lang='lat' dir='ltr'><strong>etiam</strong></span> <span class='ocrx_word' id='word_1_20' title='bbox 3356 357 3421 411; x_wconf 89' lang='lat' dir='ltr'><strong>ad</strong></span> <span class='ocrx_word' id='word_1_21' title='bbox 3463 356 3639 426; x_wconf 89' lang='lat' dir='ltr'><strong>ipsum</strong></span> 
     </span>
    </p>
   </div>
   <div class='ocr_carea' id='block_1_5' title="bbox 398 452 1961 522">
    <p class='ocr_par' dir='ltr' id='par_1_5' title="bbox 398 452 1961 522">
     <span class='ocr_line' id='line_1_5' title="bbox 398 452 1961 522; baseline 0.003 -17"><span class='ocrx_word' id='word_1_22' title='bbox 398 454 668 522; x_wconf 83' lang='lat' dir='ltr'><strong>plationes</strong></span> <span class='ocrx_word' id='word_1_23' title='bbox 700 454 1044 522; x_wconf 90' lang='lat' dir='ltr'><strong>rationesque</strong></span> <span class='ocrx_word' id='word_1_24' title='bbox 1076 453 1349 506; x_wconf 79' lang='lat' dir='ltr'><strong>rimatur?</strong></span> <span class='ocrx_word' id='word_1_25' title='bbox 1392 452 1546 508; x_wconf 92' lang='lat' dir='ltr'><strong>Unde</strong></span> <span class='ocrx_word' id='word_1_26' title='bbox 1579 454 1741 508; x_wconf 87' lang='lat' dir='ltr'><strong>etiam</strong></span> <span class='ocrx_word' id='word_1_27' title='bbox 1780 455 1961 509; x_wconf 86' lang='lat' dir='ltr'><strong>divina</strong></span> 
     </span>
    </p>
   </div>
   <div class='ocr_carea' id='block_1_6' title="bbox 396 541 1960 611">
    <p class='ocr_par' dir='ltr' id='par_1_6' title="bbox 396 541 1960 611">
     <span class='ocr_line' id='line_1_6' title="bbox 396 541 1960 611; baseline 0.001 -15"><span class='ocrx_word' id='word_1_28' title='bbox 396 543 645 611; x_wconf 90' lang='lat' dir='ltr'><strong>dogmata</strong></span> <span class='ocrx_word' id='word_1_29' title='bbox 682 558 801 611; x_wconf 73' lang='lat' dir='ltr'><strong>qua:</strong></span> <span class='ocrx_word' id='word_1_30' title='bbox 828 541 1107 595; x_wconf 74' lang='lat' dir='ltr'><strong>manifeste</strong></span> <span class='ocrx_word' id='word_1_31' title='bbox 1127 543 1443 610; x_wconf 89' lang='lat' dir='ltr'><strong>incorporea</strong></span> <span class='ocrx_word' id='word_1_32' title='bbox 1470 553 1613 605; x_wconf 92' lang='lat' dir='ltr'><strong>sunt,</strong></span> <span class='ocrx_word' id='word_1_33' title='bbox 1662 543 1868 597; x_wconf 89' lang='lat' dir='ltr'><strong>sentire</strong></span> <span class='ocrx_word' id='word_1_34' title='bbox 1897 558 1960 598; x_wconf 93' lang='lat' dir='ltr'><strong>ac</strong></span> 
     </span>
    </p>
   </div>
   <div class='ocr_carea' id='block_1_7' title="bbox 398 633 1960 704">
    <p class='ocr_par' dir='ltr' id='par_1_7' title="bbox 398 633 1960 704">
     <span class='ocr_line' id='line_1_7' title="bbox 398 633 1960 704; baseline 0.002 -17"><span class='ocrx_word' id='word_1_35' title='bbox 398 634 696 703; x_wconf 82' lang='lat' dir='ltr'><strong>intelligere</strong></span> <span class='ocrx_word' id='word_1_36' title='bbox 743 635 956 700; x_wconf 83' lang='lat' dir='ltr'><strong>potest?</strong></span> <span class='ocrx_word' id='word_1_37' title='bbox 1006 633 1117 688; x_wconf 87' lang='lat' dir='ltr'><strong>Nisi</strong></span> <span class='ocrx_word' id='word_1_38' title='bbox 1155 635 1294 689; x_wconf 89' lang='lat' dir='ltr'><strong>forte</strong></span> <span class='ocrx_word' id='word_1_39' title='bbox 1354 636 1550 701; x_wconf 82' lang='lat' dir='ltr'><strong>aliquis</strong></span> <span class='ocrx_word' id='word_1_40' title='bbox 1609 645 1761 704; x_wconf 84' lang='lat' dir='ltr'><strong>putet</strong></span> <span class='ocrx_word' id='word_1_41' title='bbox 1818 637 1960 704; x_wconf 90' lang='lat' dir='ltr'><strong>quod</strong></span> 
     </span>
    </p>
   </div>
   <div class='ocr_carea' id='block_1_8' title="bbox 397 726 1960 796">
    <p class='ocr_par' dir='ltr' id='par_1_8' title="bbox 397 726 1960 796">
     <span class='ocr_line' id='line_1_8' title="bbox 397 726 1960 796; baseline 0.001 -18"><span class='ocrx_word' id='word_1_42' title='bbox 397 726 540 779; x_wconf 86' lang='lat' dir='ltr'><strong>sicut</strong></span> <span class='ocrx_word' id='word_1_43' title='bbox 582 726 752 778; x_wconf 89' lang='lat' dir='ltr'><strong>forma</strong></span> <span class='ocrx_word' id='word_1_44' title='bbox 793 726 892 779; x_wconf 91' lang='lat' dir='ltr'><strong>ista</strong></span> <span class='ocrx_word' id='word_1_45' title='bbox 947 740 1234 794; x_wconf 90' lang='lat' dir='ltr'><strong>corporea,</strong></span> <span class='ocrx_word' id='word_1_46' title='bbox 1277 737 1330 781; x_wconf 92' lang='lat' dir='ltr'><strong>et</strong></span> <span class='ocrx_word' id='word_1_47' title='bbox 1358 728 1575 781; x_wconf 87' lang='lat' dir='ltr'><strong>habitus</strong></span> <span class='ocrx_word' id='word_1_48' title='bbox 1606 728 1720 796; x_wconf 90' lang='lat' dir='ltr'><strong>ipse</strong></span> <span class='ocrx_word' id='word_1_49' title='bbox 1751 728 1960 780; x_wconf 87' lang='lat' dir='ltr'><strong>aurium</strong></span> 
     </span>
    </p>
   </div>
   <div class='ocr_carea' id='block_1_9' title="bbox 397 816 1960 886">
    <p class='ocr_par' dir='ltr' id='par_1_9' title="bbox 397 816 1960 886">
     <span class='ocr_line' id='line_1_9' title="bbox 397 816 1960 886; baseline 0.001 -18"><span class='ocrx_word' id='word_1_50' title='bbox 397 816 480 868; x_wconf 77' lang='lat' dir='ltr'><strong>vel</strong></span> <span class='ocrx_word' id='word_1_51' title='bbox 506 817 806 881; x_wconf 89' lang='lat' dir='ltr'><strong>oculorum,</strong></span> <span class='ocrx_word' id='word_1_52' title='bbox 837 816 1046 871; x_wconf 89' lang='lat' dir='ltr'><strong>confert</strong></span> <span class='ocrx_word' id='word_1_53' title='bbox 1078 817 1281 886; x_wconf 85' lang='lat' dir='ltr'><strong>aliquid</strong></span> <span class='ocrx_word' id='word_1_54' title='bbox 1321 818 1388 872; x_wconf 88' lang='lat' dir='ltr'><strong>ad</strong></span> <span class='ocrx_word' id='word_1_55' title='bbox 1434 819 1756 871; x_wconf 90' lang='lat' dir='ltr'><strong>audiendum</strong></span> <span class='ocrx_word' id='word_1_56' title='bbox 1807 827 1861 870; x_wconf 91' lang='lat' dir='ltr'><strong>et</strong></span> <span class='ocrx_word' id='word_1_57' title='bbox 1895 816 1960 870; x_wconf 84' lang='lat' dir='ltr'><strong>ad</strong></span> 
     </span>
    </p>
   </div>
   <div class='ocr_carea' id='block_1_10' title="bbox 397 906 1962 978">
    <p class='ocr_par' dir='ltr' id='par_1_10' title="bbox 397 906 1962 978">
     <span class='ocr_line' id='line_1_10' title="bbox 397 906 1962 978; baseline 0.003 -19"><span class='ocrx_word' id='word_1_58' title='bbox 397 906 703 971; x_wconf 88' lang='lat' dir='ltr'><strong>videndum,</strong></span> <span class='ocrx_word' id='word_1_59' title='bbox 742 916 793 961; x_wconf 91' lang='lat' dir='ltr'><strong>et</strong></span> <span class='ocrx_word' id='word_1_60' title='bbox 826 915 887 959; x_wconf 91' lang='lat' dir='ltr'><strong>ut</strong></span> <span class='ocrx_word' id='word_1_61' title='bbox 910 908 1119 977; x_wconf 88' lang='lat' dir='ltr'><strong>singula</strong></span> <span class='ocrx_word' id='word_1_62' title='bbox 1151 909 1393 961; x_wconf 89' lang='lat' dir='ltr'><strong>membra</strong></span> <span class='ocrx_word' id='word_1_63' title='bbox 1432 924 1550 978; x_wconf 59' lang='lat' dir='ltr'><strong>quae</strong></span> <span class='ocrx_word' id='word_1_64' title='bbox 1576 923 1603 962; x_wconf 88' lang='lat' dir='ltr'><strong>a</strong></span> <span class='ocrx_word' id='word_1_65' title='bbox 1627 909 1734 964; x_wconf 91' lang='lat' dir='ltr'><strong>Deo</strong></span> <span class='ocrx_word' id='word_1_66' title='bbox 1764 907 1962 963; x_wconf 83' lang='lat' dir='ltr'><strong>forma-</strong></span> 
     </span>
    </p>
   </div>
   <div class='ocr_carea' id='block_1_11' title="bbox 398 996 1961 1068">
    <p class='ocr_par' dir='ltr' id='par_1_11' title="bbox 398 996 1961 1068">
     <span class='ocr_line' id='line_1_11' title="bbox 398 996 1961 1068; baseline 0.003 -20"><span class='ocrx_word' id='word_1_67' title='bbox 398 1006 447 1048; x_wconf 92' lang='lat' dir='ltr'><strong>ta</strong></span> <span class='ocrx_word' id='word_1_68' title='bbox 485 1005 629 1059; x_wconf 90' lang='lat' dir='ltr'><strong>sunt,</strong></span> <span class='ocrx_word' id='word_1_69' title='bbox 664 996 866 1050; x_wconf 80' lang='lat' dir='ltr'><strong>habent</strong></span> <span class='ocrx_word' id='word_1_70' title='bbox 886 998 1087 1065; x_wconf 85' lang='lat' dir='ltr'><strong>aliquid</strong></span> <span class='ocrx_word' id='word_1_71' title='bbox 1113 997 1227 1068; x_wconf 80' lang='lat'><strong>(95)</strong></span> <span class='ocrx_word' id='word_1_72' title='bbox 1257 1000 1675 1067; x_wconf 86' lang='lat' dir='ltr'><strong>opportunitatis</strong></span> <span class='ocrx_word' id='word_1_73' title='bbox 1705 1001 1868 1054; x_wconf 90' lang='lat' dir='ltr'><strong>etiam</strong></span> <span class='ocrx_word' id='word_1_74' title='bbox 1893 1015 1961 1055; x_wconf 78' lang='lat' dir='ltr'><strong>ex</strong></span> 
     </span>
    </p>
   </div>
   <div class='ocr_carea' id='block_1_12' title="bbox 400 1088 1962 1160">
    <p class='ocr_par' dir='ltr' id='par_1_12' title="bbox 400 1088 1962 1160">
     <span class='ocr_line' id='line_1_12' title="bbox 400 1088 1962 1160; baseline 0.004 -20"><span class='ocrx_word' id='word_1_75' title='bbox 400 1088 511 1156; x_wconf 89' lang='lat' dir='ltr'><strong>ipsa</strong></span> <span class='ocrx_word' id='word_1_76' title='bbox 550 1088 735 1142; x_wconf 75' lang='lat' dir='ltr'><strong>forma:</strong></span> <span class='ocrx_word' id='word_1_77' title='bbox 759 1090 1022 1157; x_wconf 70' lang='lat' dir='ltr'><strong>qualitate</strong></span> <span class='ocrx_word' id='word_1_78' title='bbox 1051 1090 1117 1143; x_wconf 92' lang='lat' dir='ltr'><strong>ad</strong></span> <span class='ocrx_word' id='word_1_79' title='bbox 1150 1090 1252 1143; x_wconf 87' lang='lat' dir='ltr'><strong>hoc</strong></span> <span class='ocrx_word' id='word_1_80' title='bbox 1276 1091 1418 1159; x_wconf 92' lang='lat' dir='ltr'><strong>quod</strong></span> <span class='ocrx_word' id='word_1_81' title='bbox 1455 1106 1616 1160; x_wconf 89' lang='lat' dir='ltr'><strong>agere</strong></span> <span class='ocrx_word' id='word_1_82' title='bbox 1647 1092 1962 1146; x_wconf 91' lang='lat' dir='ltr'><strong>naturaliter</strong></span> 
     </span>
    </p>
   </div>
   <div class='ocr_carea' id='block_1_13' title="bbox 400 1179 1962 1245">
    <p class='ocr_par' dir='ltr' id='par_1_13' title="bbox 400 1179 1962 1245">
     <span class='ocr_line' id='line_1_13' title="bbox 400 1179 1962 1245; baseline 0.004 -14"><span class='ocrx_word' id='word_1_83' title='bbox 400 1179 639 1233; x_wconf 80' lang='lat' dir='ltr'><strong>inSIituta</strong></span> <span class='ocrx_word' id='word_1_84' title='bbox 668 1190 826 1245; x_wconf 87' lang='lat' dir='ltr'><strong>sunt;</strong></span> <span class='ocrx_word' id='word_1_85' title='bbox 865 1181 936 1233; x_wconf 91' lang='lat' dir='ltr'><strong>ita</strong></span> <span class='ocrx_word' id='word_1_86' title='bbox 967 1181 1127 1233; x_wconf 90' lang='lat' dir='ltr'><strong>etiam</strong></span> <span class='ocrx_word' id='word_1_87' title='bbox 1168 1180 1409 1234; x_wconf 89' lang='lat' dir='ltr'><strong>habitum</strong></span> <span class='ocrx_word' id='word_1_88' title='bbox 1435 1182 1631 1236; x_wconf 63' lang='lat' dir='ltr'><strong>animae</strong></span> <span class='ocrx_word' id='word_1_89' title='bbox 1653 1182 1735 1236; x_wconf 94' lang='lat' dir='ltr'><strong>vel</strong></span> <span class='ocrx_word' id='word_1_90' title='bbox 1766 1182 1962 1238; x_wconf 91' lang='lat' dir='ltr'><strong>mentis</strong></span> 
     </span>
    </p>
   </div>
   <div class='ocr_carea' id='block_1_14' title="bbox 394 1270 1961 1342">
    <p class='ocr_par' dir='ltr' id='par_1_14' title="bbox 394 1270 1961 1342">
     <span class='ocr_line' id='line_1_14' title="bbox 394 1270 1961 1342; baseline 0.003 -20"><span class='ocrx_word' id='word_1_91' title='bbox 394 1270 615 1338; x_wconf 82' lang='lat' dir='ltr'><strong>intelligi</strong></span> <span class='ocrx_word' id='word_1_92' title='bbox 645 1271 837 1324; x_wconf 89' lang='lat' dir='ltr'><strong>debere</strong></span> <span class='ocrx_word' id='word_1_93' title='bbox 856 1271 1169 1337; x_wconf 89' lang='lat' dir='ltr'><strong>arbitretur,</strong></span> <span class='ocrx_word' id='word_1_94' title='bbox 1189 1273 1340 1341; x_wconf 89' lang='lat' dir='ltr'><strong>quasi</strong></span> <span class='ocrx_word' id='word_1_95' title='bbox 1382 1281 1502 1342; x_wconf 86' lang='lat' dir='ltr'><strong>apte</strong></span> <span class='ocrx_word' id='word_1_96' title='bbox 1533 1273 1961 1329; x_wconf 85' lang='lat' dir='ltr'><strong>accommodate-</strong></span> 
     </span>
    </p>
   </div>
   <div class='ocr_carea' id='block_1_15' title="bbox 396 1360 1957 1432">
    <p class='ocr_par' dir='ltr' id='par_1_15' title="bbox 396 1360 1957 1432">
     <span class='ocr_line' id='line_1_15' title="bbox 396 1360 1957 1432; baseline 0.006 -21"><span class='ocrx_word' id='word_1_97' title='bbox 396 1376 503 1427; x_wconf 87' lang='lat' dir='ltr'><strong>que</strong></span> <span class='ocrx_word' id='word_1_98' title='bbox 539 1360 829 1415; x_wconf 76' lang='lat' dir='ltr'><strong>formatum</strong></span> <span class='ocrx_word' id='word_1_99' title='bbox 856 1364 921 1416; x_wconf 90' lang='lat' dir='ltr'><strong>ad</strong></span> <span class='ocrx_word' id='word_1_100' title='bbox 955 1364 1055 1417; x_wconf 90' lang='lat' dir='ltr'><strong>hoc</strong></span> <span class='ocrx_word' id='word_1_101' title='bbox 1087 1375 1143 1417; x_wconf 90' lang='lat' dir='ltr'><strong>ut</strong></span> <span class='ocrx_word' id='word_1_102' title='bbox 1177 1365 1242 1417; x_wconf 90' lang='lat' dir='ltr'><strong>de</strong></span> <span class='ocrx_word' id='word_1_103' title='bbox 1267 1364 1493 1432; x_wconf 81' lang='lat' dir='ltr'><strong>singulis</strong></span> <span class='ocrx_word' id='word_1_104' title='bbox 1521 1366 1718 1420; x_wconf 87' lang='lat' dir='ltr'><strong>sentiat</strong></span> <span class='ocrx_word' id='word_1_105' title='bbox 1744 1368 1821 1421; x_wconf 83' lang='lat' dir='ltr'><strong>vel</strong></span> <span class='ocrx_word' id='word_1_106' title='bbox 1875 1368 1957 1421; x_wconf 80' lang='lat' dir='ltr'><strong>in~</strong></span> 
     </span>
    </p>
   </div>
   <div class='ocr_carea' id='block_1_16' title="bbox 402 1453 1955 1527">
    <p class='ocr_par' dir='ltr' id='par_1_16' title="bbox 402 1453 1955 1527">
     <span class='ocr_line' id='line_1_16' title="bbox 402 1453 1955 1527; baseline 0.005 -24"><span class='ocrx_word' id='word_1_107' title='bbox 402 1453 623 1520; x_wconf 89' lang='lat' dir='ltr'><strong>teltigat,</strong></span> <span class='ocrx_word' id='word_1_108' title='bbox 671 1463 834 1521; x_wconf 88' lang='lat' dir='ltr'><strong>atque</strong></span> <span class='ocrx_word' id='word_1_109' title='bbox 877 1463 932 1507; x_wconf 91' lang='lat' dir='ltr'><strong>ut</strong></span> <span class='ocrx_word' id='word_1_110' title='bbox 965 1455 1215 1509; x_wconf 84' lang='lat' dir='ltr'><strong>vitalibus</strong></span> <span class='ocrx_word' id='word_1_111' title='bbox 1240 1456 1353 1527; x_wconf 87' lang='lat'><strong>(96)</strong></span> <span class='ocrx_word' id='word_1_112' title='bbox 1391 1457 1627 1510; x_wconf 87' lang='lat' dir='ltr'><strong>motibus</strong></span> <span class='ocrx_word' id='word_1_113' title='bbox 1658 1469 1955 1511; x_wconf 80' lang='lat' dir='ltr'><strong>moveatur.</strong></span> 
     </span>
    </p>
   </div>
   <div class='ocr_carea' id='block_1_17' title="bbox 397 1542 1958 1618">
    <p class='ocr_par' dir='ltr' id='par_1_17' title="bbox 397 1542 1958 1618">
     <span class='ocr_line' id='line_1_17' title="bbox 397 1542 1958 1618; baseline 0.004 -21"><span class='ocrx_word' id='word_1_114' title='bbox 397 1542 593 1597; x_wconf 84' lang='lat' dir='ltr'><strong>Verum</strong></span> <span class='ocrx_word' id='word_1_115' title='bbox 624 1545 834 1613; x_wconf 86' lang='lat' dir='ltr'><strong>qualem</strong></span> <span class='ocrx_word' id='word_1_116' title='bbox 884 1546 1115 1601; x_wconf 86' lang='lat' dir='ltr'><strong>colorem</strong></span> <span class='ocrx_word' id='word_1_117' title='bbox 1142 1548 1335 1601; x_wconf 89' lang='lat' dir='ltr'><strong>mentis</strong></span> <span class='ocrx_word' id='word_1_118' title='bbox 1363 1548 1658 1602; x_wconf 89' lang='lat' dir='ltr'><strong>secundum</strong></span> <span class='ocrx_word' id='word_1_119' title='bbox 1689 1548 1791 1603; x_wconf 90' lang='lat' dir='ltr'><strong>hoc</strong></span> <span class='ocrx_word' id='word_1_120' title='bbox 1818 1552 1958 1618; x_wconf 90' lang='lat' dir='ltr'><strong>quod</strong></span> 
     </span>
    </p>
   </div>
   <div class='ocr_carea' id='block_1_18' title="bbox 399 1636 1958 1708">
    <p class='ocr_par' dir='ltr' id='par_1_18' title="bbox 399 1636 1958 1708">
     <span class='ocr_line' id='line_1_18' title="bbox 399 1636 1958 1708; baseline 0.006 -22"><span class='ocrx_word' id='word_1_121' title='bbox 399 1650 551 1688; x_wconf 87' lang='lat' dir='ltr'><strong>mens</strong></span> <span class='ocrx_word' id='word_1_122' title='bbox 583 1645 739 1689; x_wconf 88' lang='lat' dir='ltr'><strong>estet</strong></span> <span class='ocrx_word' id='word_1_123' title='bbox 766 1636 1174 1706; x_wconf 90' lang='lat' dir='ltr'><strong>intelligibilitcr</strong></span> <span class='ocrx_word' id='word_1_124' title='bbox 1215 1650 1476 1698; x_wconf 80' lang='lat' dir='ltr'><strong>movetur,</strong></span> <span class='ocrx_word' id='word_1_125' title='bbox 1505 1638 1809 1694; x_wconf 76' lang='lat' dir='ltr'><strong>describere</strong></span> <span class='ocrx_word' id='word_1_126' title='bbox 1840 1642 1958 1708; x_wconf 91' lang='lat' dir='ltr'><strong>quis</strong></span> 
     </span>
    </p>
   </div>
   <div class='ocr_carea' id='block_1_19' title="bbox 393 1718 2035 1794">
    <p class='ocr_par' dir='ltr' id='par_1_19' title="bbox 393 1718 2035 1794">
     <span class='ocr_line' id='line_1_19' title="bbox 393 1718 2035 1794; baseline 0.004 -17"><span class='ocrx_word' id='word_1_127' title='bbox 393 1735 596 1794; x_wconf 82' lang='lat' dir='ltr'><strong>posset,</strong></span> <span class='ocrx_word' id='word_1_128' title='bbox 630 1735 721 1780; x_wconf 89' lang='lat' dir='ltr'><strong>aut</strong></span> <span class='ocrx_word' id='word_1_129' title='bbox 751 1727 952 1789; x_wconf 86' lang='lat' dir='ltr'><strong>dicere,</strong></span> <span class='ocrx_word' id='word_1_130' title='bbox 978 1743 1083 1781; x_wconf 90' lang='lat' dir='ltr'><strong>non</strong></span> <span class='ocrx_word' id='word_1_131' title='bbox 1105 1728 1349 1786; x_wconf 87' lang='lat' dir='ltr'><strong>adverto.</strong></span> <span class='ocrx_word' id='word_1_132' title='bbox 1384 1729 1572 1781; x_wconf 74' lang='lat' dir='ltr'><strong>Adhuc</strong></span> <span class='ocrx_word' id='word_1_133' title='bbox 1593 1729 1659 1782; x_wconf 89' lang='lat' dir='ltr'><strong>ad</strong></span> <span class='ocrx_word' id='word_1_134' title='bbox 1686 1728 1964 1783; x_wconf 81' lang='lat' dir='ltr'><strong>confirma-</strong></span> <span class='ocrx_word' id='word_1_135' title='bbox 1994 1718 2035 1772; x_wconf 86' lang='grc' dir='ltr'><strong>Β</strong></span> 
     </span>
    </p>
   </div>
   <div class='ocr_carea' id='block_1_20' title="bbox 2020 1816 3648 1885">
    <p class='ocr_par' dir='ltr' id='par_1_20' title="bbox 2020 1816 3648 1885">
     <span class='ocr_line' id='line_1_20' title="bbox 2020 1816 3648 1885; baseline 0 -14"><span class='ocrx_word' id='word_1_136' title='bbox 2020 1828 2031 1837; x_wconf 89' lang='grc'><em>”</em></span> <span class='ocrx_word' id='word_1_137' title='bbox 2067 1821 2227 1872; x_wconf 88' lang='lat' dir='ltr'><strong>etiam</strong></span> <span class='ocrx_word' id='word_1_138' title='bbox 2262 1818 2551 1885; x_wconf 85' lang='lat' dir='ltr'><strong>Apostolus</strong></span> <span class='ocrx_word' id='word_1_139' title='bbox 2587 1818 2688 1871; x_wconf 90' lang='lat' dir='ltr'><strong>hoc</strong></span> <span class='ocrx_word' id='word_1_140' title='bbox 2716 1816 2858 1869; x_wconf 87' lang='lat' dir='ltr'><strong>ident</strong></span> <span class='ocrx_word' id='word_1_141' title='bbox 2915 1817 3012 1883; x_wconf 89' lang='lat' dir='ltr'><strong>ait,</strong></span> <span class='ocrx_word' id='word_1_142' title='bbox 3046 1832 3168 1870; x_wconf 93' lang='lat' dir='ltr'><strong>cum</strong></span> <span class='ocrx_word' id='word_1_143' title='bbox 3211 1817 3276 1870; x_wconf 88' lang='lat' dir='ltr'><strong>de</strong></span> <span class='ocrx_word' id='word_1_144' title='bbox 3311 1816 3528 1870; x_wconf 82' lang='lat' dir='ltr'><strong>Christo</strong></span> <span class='ocrx_word' id='word_1_145' title='bbox 3565 1817 3648 1872; x_wconf 87' lang='lat' dir='ltr'><strong>lo-</strong></span> 
     </span>
    </p>
   </div>
   <div class='ocr_carea' id='block_1_21' title="bbox 399 1817 1965 1889">
    <p class='ocr_par' dir='ltr' id='par_1_21' title="bbox 399 1817 1965 1889">
     <span class='ocr_line' id='line_1_21' title="bbox 399 1817 1965 1889; baseline 0.004 -21"><span class='ocrx_word' id='word_1_146' title='bbox 399 1817 598 1869; x_wconf 85' lang='lat' dir='ltr'><strong>lionem</strong></span> <span class='ocrx_word' id='word_1_147' title='bbox 636 1828 798 1887; x_wconf 90' lang='lat' dir='ltr'><strong>atque</strong></span> <span class='ocrx_word' id='word_1_148' title='bbox 838 1818 1266 1886; x_wconf 83' lang='lat' dir='ltr'><strong>explanationem</strong></span> <span class='ocrx_word' id='word_1_149' title='bbox 1300 1834 1487 1875; x_wconf 92' lang='lat' dir='ltr'><strong>corum</strong></span> <span class='ocrx_word' id='word_1_150' title='bbox 1520 1836 1639 1889; x_wconf 64' lang='lat' dir='ltr'><strong>qua:</strong></span> <span class='ocrx_word' id='word_1_151' title='bbox 1686 1822 1752 1876; x_wconf 89' lang='lat' dir='ltr'><strong>de</strong></span> <span class='ocrx_word' id='word_1_152' title='bbox 1788 1832 1965 1876; x_wconf 91' lang='lat' dir='ltr'><strong>mente</strong></span> 
     </span>
    </p>
   </div>
   <div class='ocr_carea' id='block_1_22' title="bbox 396 1909 1965 1981">
    <p class='ocr_par' dir='ltr' id='par_1_22' title="bbox 396 1909 1965 1981">
     <span class='ocr_line' id='line_1_22' title="bbox 396 1909 1965 1981; baseline 0.008 -22"><span class='ocrx_word' id='word_1_153' title='bbox 396 1909 479 1961; x_wconf 86' lang='lat' dir='ltr'><strong>vel</strong></span> <span class='ocrx_word' id='word_1_154' title='bbox 515 1910 688 1962; x_wconf 91' lang='lat' dir='ltr'><strong>anima</strong></span> <span class='ocrx_word' id='word_1_155' title='bbox 733 1910 989 1974; x_wconf 80' lang='lat' dir='ltr'><strong>diximus,</strong></span> <span class='ocrx_word' id='word_1_156' title='bbox 1015 1925 1080 1964; x_wconf 91' lang='lat' dir='ltr'><strong>eo</strong></span> <span class='ocrx_word' id='word_1_157' title='bbox 1123 1916 1264 1980; x_wconf 92' lang='lat' dir='ltr'><strong>quod</strong></span> <span class='ocrx_word' id='word_1_158' title='bbox 1307 1915 1650 1981; x_wconf 63' lang='lat' dir='ltr'><strong>priestantior</strong></span> <span class='ocrx_word' id='word_1_159' title='bbox 1684 1915 1755 1967; x_wconf 85' lang='lat' dir='ltr'><strong>sit</strong></span> <span class='ocrx_word' id='word_1_160' title='bbox 1802 1915 1965 1971; x_wconf 88' lang='lat' dir='ltr'><strong>totius</strong></span> 
     </span>
    </p>
   </div>
   <div class='ocr_carea' id='block_1_23' title="bbox 397 1996 1961 2073">
    <p class='ocr_par' dir='ltr' id='par_1_23' title="bbox 397 1996 1961 2073">
     <span class='ocr_line' id='line_1_23' title="bbox 397 1996 1961 2073; baseline 0.004 -21"><span class='ocrx_word' id='word_1_161' title='bbox 397 2009 602 2052; x_wconf 61' lang='lat' dir='ltr'><strong>natura}</strong></span> <span class='ocrx_word' id='word_1_162' title='bbox 654 2015 927 2068; x_wconf 69' lang='lat' dir='ltr'><strong>corporeae</strong></span> <span class='ocrx_word' id='word_1_163' title='bbox 959 2001 1090 2070; x_wconf 90' lang='lat'><strong>(97),</strong></span> <span class='ocrx_word' id='word_1_164' title='bbox 1139 2004 1301 2057; x_wconf 89' lang='lat' dir='ltr'><strong>etiam</strong></span> <span class='ocrx_word' id='word_1_165' title='bbox 1357 2006 1468 2058; x_wconf 78' lang='lat' dir='ltr'><strong>inec</strong></span> <span class='ocrx_word' id='word_1_166' title='bbox 1512 1996 1633 2058; x_wconf 89' lang='lat' dir='ltr'><strong>addi</strong></span> <span class='ocrx_word' id='word_1_167' title='bbox 1686 2017 1911 2073; x_wconf 89' lang='lat' dir='ltr'><strong>possunt</strong></span> <span class='ocrx_word' id='word_1_168' title='bbox 1950 2018 1961 2052; x_wconf 83' lang='lat'>:</span> 
     </span>
    </p>
   </div>
   <div class='ocr_carea' id='block_1_24' title="bbox 395 2090 1967 2164">
    <p class='ocr_par' dir='ltr' id='par_1_24' title="bbox 395 2090 1967 2164">
     <span class='ocr_line' id='line_1_24' title="bbox 395 2090 1967 2164; baseline 0.004 -22"><span class='ocrx_word' id='word_1_169' title='bbox 395 2090 685 2157; x_wconf 84' lang='lat' dir='ltr'><strong>unicuique</strong></span> <span class='ocrx_word' id='word_1_170' title='bbox 717 2105 982 2159; x_wconf 90' lang='lat' dir='ltr'><strong>corporeo</strong></span> <span class='ocrx_word' id='word_1_171' title='bbox 1019 2092 1195 2146; x_wconf 87' lang='lat' dir='ltr'><strong>sensui</strong></span> <span class='ocrx_word' id='word_1_172' title='bbox 1230 2094 1539 2149; x_wconf 89' lang='lat' dir='ltr'><strong>substantia</strong></span> <span class='ocrx_word' id='word_1_173' title='bbox 1570 2096 1815 2164; x_wconf 65' lang='lat' dir='ltr'><strong>quaedam</strong></span> <span class='ocrx_word' id='word_1_174' title='bbox 1845 2112 1967 2151; x_wconf 87' lang='lat' dir='ltr'><strong>scn-</strong></span> 
     </span>
    </p>
   </div>
   <div class='ocr_carea' id='block_1_25' title="bbox 393 2184 1967 2258">
    <p class='ocr_par' dir='ltr' id='par_1_25' title="bbox 393 2184 1967 2258">
     <span class='ocr_line' id='line_1_25' title="bbox 393 2184 1967 2258; baseline 0.004 -21"><span class='ocrx_word' id='word_1_175' title='bbox 393 2185 569 2239; x_wconf 88' lang='lat' dir='ltr'><strong>sibilis</strong></span> <span class='ocrx_word' id='word_1_176' title='bbox 609 2184 843 2250; x_wconf 89' lang='lat' dir='ltr'><strong>subjacet</strong></span> <span class='ocrx_word' id='word_1_177' title='bbox 874 2187 1090 2253; x_wconf 90' lang='lat' dir='ltr'><strong>propria</strong></span> <span class='ocrx_word' id='word_1_178' title='bbox 1130 2187 1181 2239; x_wconf 92' lang='lat' dir='ltr'><strong>in</strong></span> <span class='ocrx_word' id='word_1_179' title='bbox 1226 2202 1390 2256; x_wconf 89' lang='lat' dir='ltr'><strong>quam</strong></span> <span class='ocrx_word' id='word_1_180' title='bbox 1440 2204 1632 2243; x_wconf 89' lang='lat' dir='ltr'><strong>sensus</strong></span> <span class='ocrx_word' id='word_1_181' title='bbox 1687 2190 1800 2258; x_wconf 86' lang='lat' dir='ltr'><strong>ipse</strong></span> <span class='ocrx_word' id='word_1_182' title='bbox 1848 2206 1967 2243; x_wconf 89' lang='lat' dir='ltr'><strong>cor-</strong></span> 
     </span>
    </p>
   </div>
   <div class='ocr_carea' id='block_1_26' title="bbox 396 2276 1967 2346">
    <p class='ocr_par' dir='ltr' id='par_1_26' title="bbox 396 2276 1967 2346">
     <span class='ocr_line' id='line_1_26' title="bbox 396 2276 1967 2346; baseline 0.003 -18"><span class='ocrx_word' id='word_1_183' title='bbox 396 2276 601 2345; x_wconf 88' lang='lat' dir='ltr'><strong>poralis</strong></span> <span class='ocrx_word' id='word_1_184' title='bbox 639 2276 955 2329; x_wconf 86' lang='lat' dir='ltr'><strong>intenditur.</strong></span> <span class='ocrx_word' id='word_1_185' title='bbox 1014 2276 1174 2331; x_wconf 84' lang='lat' dir='ltr'><strong>Verbi</strong></span> <span class='ocrx_word' id='word_1_186' title='bbox 1229 2278 1425 2343; x_wconf 85' lang='lat' dir='ltr'><strong>gratia,</strong></span> <span class='ocrx_word' id='word_1_187' title='bbox 1488 2279 1624 2332; x_wconf 83' lang='lat' dir='ltr'><strong>visui</strong></span> <span class='ocrx_word' id='word_1_188' title='bbox 1681 2278 1967 2346; x_wconf 87' lang='lat' dir='ltr'><strong>subjacent</strong></span> 
     </span>
    </p>
   </div>
   <div class='ocr_carea' id='block_1_27' title="bbox 395 2364 1966 2435">
    <p class='ocr_par' dir='ltr' id='par_1_27' title="bbox 395 2364 1966 2435">
     <span class='ocr_line' id='line_1_27' title="bbox 395 2364 1966 2435; baseline 0.002 -16"><span class='ocrx_word' id='word_1_189' title='bbox 395 2364 628 2428; x_wconf 91' lang='lat' dir='ltr'><strong>colores,</strong></span> <span class='ocrx_word' id='word_1_190' title='bbox 660 2365 897 2432; x_wconf 88' lang='lat' dir='ltr'><strong>habitus,</strong></span> <span class='ocrx_word' id='word_1_191' title='bbox 942 2366 1285 2435; x_wconf 83' lang='lat' dir='ltr'><strong>magnitudo;</strong></span> <span class='ocrx_word' id='word_1_192' title='bbox 1337 2368 1542 2421; x_wconf 85' lang='lat' dir='ltr'><strong>auditui</strong></span> <span class='ocrx_word' id='word_1_193' title='bbox 1575 2384 1737 2422; x_wconf 91' lang='lat' dir='ltr'><strong>voces</strong></span> <span class='ocrx_word' id='word_1_194' title='bbox 1777 2378 1831 2421; x_wconf 90' lang='lat' dir='ltr'><strong>et</strong></span> <span class='ocrx_word' id='word_1_195' title='bbox 1879 2384 1966 2423; x_wconf 92' lang='lat' dir='ltr'><strong>so-</strong></span> 
     </span>
    </p>
   </div>
   <div class='ocr_carea' id='block_1_28' title="bbox 396 2457 1961 2530">
    <p class='ocr_par' dir='ltr' id='par_1_28' title="bbox 396 2457 1961 2530">
     <span class='ocr_line' id='line_1_28' title="bbox 396 2457 1961 2530; baseline 0.003 -19"><span class='ocrx_word' id='word_1_196' title='bbox 396 2474 528 2521; x_wconf 88' lang='lat' dir='ltr'><strong>nus;</strong></span> <span class='ocrx_word' id='word_1_197' title='bbox 565 2459 813 2512; x_wconf 91' lang='lat' dir='ltr'><strong>odoratui</strong></span> <span class='ocrx_word' id='word_1_198' title='bbox 849 2457 1084 2523; x_wconf 85' lang='lat' dir='ltr'><strong>nidores,</strong></span> <span class='ocrx_word' id='word_1_199' title='bbox 1108 2459 1232 2513; x_wconf 91' lang='lat' dir='ltr'><strong>boni</strong></span> <span class='ocrx_word' id='word_1_200' title='bbox 1256 2460 1337 2513; x_wconf 88' lang='lat' dir='ltr'><strong>vel</strong></span> <span class='ocrx_word' id='word_1_201' title='bbox 1369 2461 1491 2514; x_wconf 88' lang='lat' dir='ltr'><strong>mali</strong></span> <span class='ocrx_word' id='word_1_202' title='bbox 1515 2460 1738 2526; x_wconf 90' lang='lat' dir='ltr'><strong>odores;</strong></span> <span class='ocrx_word' id='word_1_203' title='bbox 1766 2463 1961 2530; x_wconf 80' lang='lat' dir='ltr'><strong>gustui,</strong></span> 
     </span>
    </p>
   </div>
   <div class='ocr_carea' id='block_1_29' title="bbox 396 2548 1959 2619">
    <p class='ocr_par' dir='ltr' id='par_1_29' title="bbox 396 2548 1959 2619">
     <span class='ocr_line' id='line_1_29' title="bbox 396 2548 1959 2619; baseline 0.002 -17"><span class='ocrx_word' id='word_1_204' title='bbox 396 2563 652 2616; x_wconf 76' lang='lat' dir='ltr'><strong>sapores;</strong></span> <span class='ocrx_word' id='word_1_205' title='bbox 688 2549 852 2602; x_wconf 90' lang='lat' dir='ltr'><strong>tactui</strong></span> <span class='ocrx_word' id='word_1_206' title='bbox 886 2549 1058 2602; x_wconf 86' lang='lat' dir='ltr'><strong>calida</strong></span> <span class='ocrx_word' id='word_1_207' title='bbox 1103 2551 1184 2601; x_wconf 89' lang='lat' dir='ltr'><strong>vel</strong></span> <span class='ocrx_word' id='word_1_208' title='bbox 1216 2548 1432 2619; x_wconf 87' lang='lat' dir='ltr'><strong>frigida,</strong></span> <span class='ocrx_word' id='word_1_209' title='bbox 1468 2551 1600 2604; x_wconf 90' lang='lat' dir='ltr'><strong>dura</strong></span> <span class='ocrx_word' id='word_1_210' title='bbox 1638 2553 1718 2605; x_wconf 87' lang='lat' dir='ltr'><strong>vel</strong></span> <span class='ocrx_word' id='word_1_211' title='bbox 1758 2553 1959 2617; x_wconf 87' lang='lat' dir='ltr'><strong>mollia,</strong></span> 
     </span>
    </p>
   </div>
   <div class='ocr_carea' id='block_1_30' title="bbox 394 2640 1963 2709">
    <p class='ocr_par' dir='ltr' id='par_1_30' title="bbox 394 2640 1963 2709">
     <span class='ocr_line' id='line_1_30' title="bbox 394 2640 1963 2709; baseline 0.004 -16"><span class='ocrx_word' id='word_1_212' title='bbox 394 2655 585 2709; x_wconf 87' lang='lat' dir='ltr'><strong>aspera</strong></span> <span class='ocrx_word' id='word_1_213' title='bbox 629 2640 707 2693; x_wconf 89' lang='lat' dir='ltr'><strong>vel</strong></span> <span class='ocrx_word' id='word_1_214' title='bbox 756 2640 904 2693; x_wconf 80' lang='lat' dir='ltr'><strong>laevia</strong></span> <span class='ocrx_word' id='word_1_215' title='bbox 960 2641 1095 2709; x_wconf 88' lang='lat'><strong>(98).</strong></span> <span class='ocrx_word' id='word_1_216' title='bbox 1139 2641 1341 2695; x_wconf 88' lang='lat' dir='ltr'><strong>Horum</strong></span> <span class='ocrx_word' id='word_1_217' title='bbox 1384 2651 1562 2696; x_wconf 90' lang='lat' dir='ltr'><strong>autem</strong></span> <span class='ocrx_word' id='word_1_218' title='bbox 1597 2658 1852 2697; x_wconf 90' lang='lat' dir='ltr'><strong>sensuum</strong></span> <span class='ocrx_word' id='word_1_219' title='bbox 1898 2649 1963 2699; x_wconf 93' lang='lat' dir='ltr'><strong>de</strong></span> 
     </span>
    </p>
   </div>
   <div class='ocr_carea' id='block_1_31' title="bbox 394 2731 1964 2799">
    <p class='ocr_par' dir='ltr' id='par_1_31' title="bbox 394 2731 1964 2799">
     <span class='ocr_line' id='line_1_31' title="bbox 394 2731 1964 2799; baseline 0.004 -17"><span class='ocrx_word' id='word_1_220' title='bbox 394 2731 591 2798; x_wconf 85' lang='lat' dir='ltr'><strong>quibus</strong></span> <span class='ocrx_word' id='word_1_221' title='bbox 619 2746 777 2799; x_wconf 91' lang='lat' dir='ltr'><strong>supra</strong></span> <span class='ocrx_word' id='word_1_222' title='bbox 815 2732 1065 2793; x_wconf 81' lang='lat' dir='ltr'><strong>diximus,</strong></span> <span class='ocrx_word' id='word_1_223' title='bbox 1100 2734 1223 2799; x_wconf 86' lang='lat' dir='ltr'><strong>quia</strong></span> <span class='ocrx_word' id='word_1_224' title='bbox 1262 2732 1430 2788; x_wconf 90' lang='lat' dir='ltr'><strong>multo</strong></span> <span class='ocrx_word' id='word_1_225' title='bbox 1457 2736 1645 2788; x_wconf 89' lang='lat' dir='ltr'><strong>melior</strong></span> <span class='ocrx_word' id='word_1_226' title='bbox 1673 2750 1864 2789; x_wconf 89' lang='lat' dir='ltr'><strong>sensus</strong></span> <span class='ocrx_word' id='word_1_227' title='bbox 1895 2737 1964 2789; x_wconf 87' lang='lat' dir='ltr'><strong>sit</strong></span> 
     </span>
    </p>
   </div>
   <div class='ocr_carea' id='block_1_32' title="bbox 395 2822 1961 2895">
    <p class='ocr_par' dir='ltr' id='par_1_32' title="bbox 395 2822 1961 2895">
     <span class='ocr_line' id='line_1_32' title="bbox 395 2822 1961 2895; baseline 0.003 -20"><span class='ocrx_word' id='word_1_228' title='bbox 395 2822 609 2886; x_wconf 90' lang='lat' dir='ltr'><strong>mentis,</strong></span> <span class='ocrx_word' id='word_1_229' title='bbox 661 2823 909 2876; x_wconf 88' lang='lat' dir='ltr'><strong>omnibus</strong></span> <span class='ocrx_word' id='word_1_230' title='bbox 956 2823 1159 2877; x_wconf 85' lang='lat' dir='ltr'><strong>clarum</strong></span> <span class='ocrx_word' id='word_1_231' title='bbox 1207 2832 1311 2877; x_wconf 87' lang='lat' dir='ltr'><strong>est.</strong></span> <span class='ocrx_word' id='word_1_232' title='bbox 1363 2825 1640 2889; x_wconf 85' lang='lat' dir='ltr'><strong>Quomodo</strong></span> <span class='ocrx_word' id='word_1_233' title='bbox 1677 2840 1804 2895; x_wconf 87' lang='lat' dir='ltr'><strong>ergo</strong></span> <span class='ocrx_word' id='word_1_234' title='bbox 1858 2842 1961 2879; x_wconf 92' lang='lat' dir='ltr'><strong>non</strong></span> 
     </span>
    </p>
   </div>
   <div class='ocr_carea' id='block_1_33' title="bbox 396 2912 1960 2983">
    <p class='ocr_par' dir='ltr' id='par_1_33' title="bbox 396 2912 1960 2983">
     <span class='ocr_line' id='line_1_33' title="bbox 396 2912 1960 2983; baseline 0.004 -19"><span class='ocrx_word' id='word_1_235' title='bbox 396 2913 609 2966; x_wconf 89' lang='lat' dir='ltr'><strong>videtur</strong></span> <span class='ocrx_word' id='word_1_236' title='bbox 643 2912 953 2975; x_wconf 88' lang='lat' dir='ltr'><strong>absurdum,</strong></span> <span class='ocrx_word' id='word_1_237' title='bbox 993 2914 1080 2967; x_wconf 90' lang='lat' dir='ltr'><strong>his</strong></span> <span class='ocrx_word' id='word_1_238' title='bbox 1115 2915 1330 2981; x_wconf 89' lang='lat' dir='ltr'><strong>quidem</strong></span> <span class='ocrx_word' id='word_1_239' title='bbox 1365 2931 1483 2983; x_wconf 65' lang='lat' dir='ltr'><strong>quae</strong></span> <span class='ocrx_word' id='word_1_240' title='bbox 1526 2915 1782 2970; x_wconf 88' lang='lat' dir='ltr'><strong>inferiora</strong></span> <span class='ocrx_word' id='word_1_241' title='bbox 1814 2926 1960 2982; x_wconf 88' lang='lat' dir='ltr'><strong>sunt,</strong></span> 
     </span>
    </p>
   </div>
   <div class='ocr_carea' id='block_1_34' title="bbox 397 3000 1963 3069">
    <p class='ocr_par' dir='ltr' id='par_1_34' title="bbox 397 3000 1963 3069">
     <span class='ocr_line' id='line_1_34' title="bbox 397 3000 1963 3069; baseline 0.003 -15"><span class='ocrx_word' id='word_1_242' title='bbox 397 3000 729 3055; x_wconf 86' lang='lat' dir='ltr'><strong>substantias</strong></span> <span class='ocrx_word' id='word_1_243' title='bbox 769 3015 890 3055; x_wconf 89' lang='lat' dir='ltr'><strong>esse</strong></span> <span class='ocrx_word' id='word_1_244' title='bbox 938 3001 1211 3069; x_wconf 88' lang='lat' dir='ltr'><strong>subjectas</strong></span> <span class='ocrx_word' id='word_1_245' title='bbox 1251 3003 1316 3055; x_wconf 88' lang='lat' dir='ltr'><strong>ad</strong></span> <span class='ocrx_word' id='word_1_246' title='bbox 1356 3004 1770 3068; x_wconf 87' lang='lat' dir='ltr'><strong>intendendum;</strong></span> <span class='ocrx_word' id='word_1_247' title='bbox 1838 3006 1963 3059; x_wconf 92' lang='lat' dir='ltr'><strong>huic</strong></span> 
     </span>
    </p>
   </div>
   <div class='ocr_carea' id='block_1_35' title="bbox 399 3091 1962 3161">
    <p class='ocr_par' dir='ltr' id='par_1_35' title="bbox 399 3091 1962 3161">
     <span class='ocr_line' id='line_1_35' title="bbox 399 3091 1962 3161; baseline 0.004 -19"><span class='ocrx_word' id='word_1_248' title='bbox 399 3102 578 3143; x_wconf 88' lang='lat' dir='ltr'><strong>autem</strong></span> <span class='ocrx_word' id='word_1_249' title='bbox 608 3091 791 3145; x_wconf 88' lang='lat' dir='ltr'><strong>virtuti</strong></span> <span class='ocrx_word' id='word_1_250' title='bbox 821 3107 941 3159; x_wconf 67' lang='lat' dir='ltr'><strong>qua:</strong></span> <span class='ocrx_word' id='word_1_251' title='bbox 973 3091 1162 3145; x_wconf 82' lang='lat' dir='ltr'><strong>melior</strong></span> <span class='ocrx_word' id='word_1_252' title='bbox 1188 3100 1291 3156; x_wconf 90' lang='lat' dir='ltr'><strong>est,</strong></span> <span class='ocrx_word' id='word_1_253' title='bbox 1339 3093 1389 3146; x_wconf 91' lang='lat' dir='ltr'><strong>id</strong></span> <span class='ocrx_word' id='word_1_254' title='bbox 1419 3104 1501 3146; x_wconf 89' lang='lat' dir='ltr'><strong>est</strong></span> <span class='ocrx_word' id='word_1_255' title='bbox 1529 3096 1724 3149; x_wconf 91' lang='lat' dir='ltr'><strong>mentis</strong></span> <span class='ocrx_word' id='word_1_256' title='bbox 1757 3097 1962 3161; x_wconf 89' lang='lat' dir='ltr'><strong>sensui,</strong></span> 
     </span>
    </p>
   </div>
   <div class='ocr_carea' id='block_1_36' title="bbox 399 3180 1965 3250">
    <p class='ocr_par' dir='ltr' id='par_1_36' title="bbox 399 3180 1965 3250">
     <span class='ocr_line' id='line_1_36' title="bbox 399 3180 1965 3250; baseline 0.006 -17"><span class='ocrx_word' id='word_1_257' title='bbox 399 3180 533 3233; x_wconf 90' lang='lat' dir='ltr'><strong>nihil</strong></span> <span class='ocrx_word' id='word_1_258' title='bbox 560 3180 779 3234; x_wconf 91' lang='lat' dir='ltr'><strong>omnino</strong></span> <span class='ocrx_word' id='word_1_259' title='bbox 805 3181 995 3250; x_wconf 85' lang='lat' dir='ltr'><strong>subjici</strong></span> <span class='ocrx_word' id='word_1_260' title='bbox 1045 3181 1424 3247; x_wconf 88' lang='lat' dir='ltr'><strong>substantiale,</strong></span> <span class='ocrx_word' id='word_1_261' title='bbox 1471 3184 1565 3238; x_wconf 89' lang='lat' dir='ltr'><strong>sed</strong></span> <span class='ocrx_word' id='word_1_262' title='bbox 1606 3200 1724 3239; x_wconf 88' lang='lat' dir='ltr'><strong>esse</strong></span> <span class='ocrx_word' id='word_1_263' title='bbox 1754 3187 1965 3242; x_wconf 89' lang='lat' dir='ltr'><strong>intelle-</strong></span> 
     </span>
    </p>
   </div>
   <div class='ocr_carea' id='block_1_37' title="bbox 400 3271 1968 3340">
    <p class='ocr_par' dir='ltr' id='par_1_37' title="bbox 400 3271 1968 3340">
     <span class='ocr_line' id='line_1_37' title="bbox 400 3271 1968 3340; baseline 0.005 -15"><span class='ocrx_word' id='word_1_264' title='bbox 400 3271 595 3325; x_wconf 79' lang='lat' dir='ltr'><strong>Ctualis</strong></span> <span class='ocrx_word' id='word_1_265' title='bbox 622 3281 829 3325; x_wconf 74' lang='lat' dir='ltr'><strong>natura:</strong></span> <span class='ocrx_word' id='word_1_266' title='bbox 858 3272 1109 3325; x_wconf 87' lang='lat' dir='ltr'><strong>virtutem</strong></span> <span class='ocrx_word' id='word_1_267' title='bbox 1160 3274 1474 3340; x_wconf 86' lang='lat' dir='ltr'><strong>corporibus</strong></span> <span class='ocrx_word' id='word_1_268' title='bbox 1518 3275 1849 3329; x_wconf 87' lang='lat' dir='ltr'><strong>accideutcm</strong></span> <span class='ocrx_word' id='word_1_269' title='bbox 1885 3279 1968 3333; x_wconf 89' lang='lat' dir='ltr'><strong>vel</strong></span> 
     </span>
    </p>
   </div>
   <div class='ocr_carea' id='block_1_38' title="bbox 400 3362 1958 3431">
    <p class='ocr_par' dir='ltr' id='par_1_38' title="bbox 400 3362 1958 3431">
     <span class='ocr_line' id='line_1_38' title="bbox 400 3362 1958 3431; baseline 0.005 -17"><span class='ocrx_word' id='word_1_270' title='bbox 400 3363 852 3429; x_wconf 76' lang='lat' dir='ltr'><strong>consequentem?</strong></span> <span class='ocrx_word' id='word_1_271' title='bbox 875 3362 1026 3427; x_wconf 84' lang='lat' dir='ltr'><strong>Quod</strong></span> <span class='ocrx_word' id='word_1_272' title='bbox 1056 3362 1145 3431; x_wconf 91' lang='lat' dir='ltr'><strong>qui</strong></span> <span class='ocrx_word' id='word_1_273' title='bbox 1174 3363 1381 3429; x_wconf 89' lang='lat' dir='ltr'><strong>dicunt,</strong></span> <span class='ocrx_word' id='word_1_274' title='bbox 1422 3364 1538 3418; x_wconf 90' lang='lat' dir='ltr'><strong>siue</strong></span> <span class='ocrx_word' id='word_1_275' title='bbox 1563 3366 1727 3419; x_wconf 89' lang='lat' dir='ltr'><strong>dubio</strong></span> <span class='ocrx_word' id='word_1_276' title='bbox 1753 3367 1802 3420; x_wconf 93' lang='lat' dir='ltr'><strong>in</strong></span> <span class='ocrx_word' id='word_1_277' title='bbox 1836 3383 1958 3422; x_wconf 85' lang='lat' dir='ltr'><strong>con-</strong></span> 
     </span>
    </p>
   </div>
   <div class='ocr_carea' id='block_1_39' title="bbox 403 3451 1963 3525">
    <p class='ocr_par' dir='ltr' id='par_1_39' title="bbox 403 3451 1963 3525">
     <span class='ocr_line' id='line_1_39' title="bbox 403 3451 1963 3525; baseline 0.004 -20"><span class='ocrx_word' id='word_1_278' title='bbox 403 3451 679 3507; x_wconf 86' lang='lat' dir='ltr'><strong>tumeliam</strong></span> <span class='ocrx_word' id='word_1_279' title='bbox 722 3454 834 3523; x_wconf 83' lang='lat' dir='ltr'><strong>cjus</strong></span> <span class='ocrx_word' id='word_1_280' title='bbox 861 3452 1201 3517; x_wconf 69' lang='lat' dir='ltr'><strong>substantiaz,</strong></span> <span class='ocrx_word' id='word_1_281' title='bbox 1236 3468 1354 3522; x_wconf 65' lang='lat' dir='ltr'><strong>qua:</strong></span> <span class='ocrx_word' id='word_1_282' title='bbox 1387 3454 1437 3509; x_wconf 91' lang='lat' dir='ltr'><strong>in</strong></span> <span class='ocrx_word' id='word_1_283' title='bbox 1475 3455 1605 3524; x_wconf 87' lang='lat' dir='ltr'><strong>ipsis</strong></span> <span class='ocrx_word' id='word_1_284' title='bbox 1637 3457 1829 3513; x_wconf 83' lang='lat' dir='ltr'><strong>melior</strong></span> <span class='ocrx_word' id='word_1_285' title='bbox 1861 3469 1963 3525; x_wconf 90' lang='lat' dir='ltr'><strong>est,</strong></span> 
     </span>
    </p>
   </div>
   <div class='ocr_carea' id='block_1_40' title="bbox 470 3608 1415 3677">
    <p class='ocr_par' dir='ltr' id='par_1_40' title="bbox 470 3608 1415 3677">
     <span class='ocr_line' id='line_1_40' title="bbox 470 3608 1415 3677; baseline -0.004 -9"><span class='ocrx_word' id='word_1_286' title='bbox 470 3612 515 3644; x_wconf 82' lang='lat'><strong>&quot;</strong></span> <span class='ocrx_word' id='word_1_287' title='bbox 545 3610 750 3667; x_wconf 83' lang='lat' dir='ltr'><strong>Coloss.</strong></span> <span class='ocrx_word' id='word_1_288' title='bbox 777 3627 813 3675; x_wconf 83' lang='grc' dir='ltr'><strong>ι,</strong></span> <span class='ocrx_word' id='word_1_289' title='bbox 843 3611 928 3668; x_wconf 75' lang='grc'><strong>15.</strong></span> <span class='ocrx_word' id='word_1_290' title='bbox 1005 3612 1049 3642; x_wconf 78' lang='grc'><strong>³⁷</strong></span> <span class='ocrx_word' id='word_1_291' title='bbox 1079 3608 1231 3666; x_wconf 84' lang='lat' dir='ltr'><strong>Joan.</strong></span> <span class='ocrx_word' id='word_1_292' title='bbox 1260 3628 1297 3677; x_wconf 84' lang='grc' dir='ltr'><strong>ι,</strong></span> <span class='ocrx_word' id='word_1_293' title='bbox 1333 3612 1415 3667; x_wconf 81' lang='grc'><strong>18.</strong></span> 
     </span>
    </p>
   </div>
   <div class='ocr_carea' id='block_1_41' title="bbox 401 3750 1972 3821">
    <p class='ocr_par' dir='ltr' id='par_1_41' title="bbox 401 3750 1972 3821">
     <span class='ocr_line' id='line_1_41' title="bbox 401 3750 1972 3821; baseline 0.004 -18"><span class='ocrx_word' id='word_1_294' title='bbox 401 3750 508 3804; x_wconf 90' lang='lat' dir='ltr'><strong>ullo</strong></span> <span class='ocrx_word' id='word_1_295' title='bbox 536 3752 692 3803; x_wconf 89' lang='lat' dir='ltr'><strong>modo</strong></span> <span class='ocrx_word' id='word_1_296' title='bbox 732 3751 1007 3821; x_wconf 80' lang='lat' dir='ltr'><strong>aiiirmari,</strong></span> <span class='ocrx_word' id='word_1_297' title='bbox 1050 3751 1099 3806; x_wconf 88' lang='lat' dir='ltr'><strong>id</strong></span> <span class='ocrx_word' id='word_1_298' title='bbox 1125 3762 1206 3805; x_wconf 89' lang='lat' dir='ltr'><strong>cst</strong></span> <span class='ocrx_word' id='word_1_299' title='bbox 1249 3751 1389 3820; x_wconf 89' lang='lat' dir='ltr'><strong>quod</strong></span> <span class='ocrx_word' id='word_1_300' title='bbox 1421 3752 1601 3807; x_wconf 88' lang='lat' dir='ltr'><strong>vivere</strong></span> <span class='ocrx_word' id='word_1_301' title='bbox 1637 3762 1832 3821; x_wconf 59' lang='lat' dir='ltr'><strong>printer</strong></span> <span class='ocrx_word' id='word_1_302' title='bbox 1853 3770 1972 3810; x_wconf 91' lang='lat' dir='ltr'><strong>cor-</strong></span> 
     </span>
    </p>
   </div>
   <div class='ocr_carea' id='block_1_42' title="bbox 403 3820 1967 3889">
    <p class='ocr_par' dir='ltr' id='par_1_42' title="bbox 403 3820 1967 3889">
     <span class='ocr_line' id='line_1_42' title="bbox 403 3820 1967 3889; baseline 0.005 -18"><span class='ocrx_word' id='word_1_303' title='bbox 403 3836 507 3889; x_wconf 87' lang='lat' dir='ltr'><strong>pus</strong></span> <span class='ocrx_word' id='word_1_304' title='bbox 538 3821 707 3886; x_wconf 81' lang='lat' dir='ltr'><strong>possit</strong></span> <span class='ocrx_word' id='word_1_305' title='bbox 737 3820 838 3872; x_wconf 89' lang='lat' dir='ltr'><strong>ulla</strong></span> <span class='ocrx_word' id='word_1_306' title='bbox 870 3821 973 3873; x_wconf 88' lang='lat' dir='ltr'><strong>alia</strong></span> <span class='ocrx_word' id='word_1_307' title='bbox 1005 3832 1195 3875; x_wconf 90' lang='lat' dir='ltr'><strong>natura</strong></span> <span class='ocrx_word' id='word_1_308' title='bbox 1224 3833 1420 3888; x_wconf 55' lang='lat' dir='ltr'><strong>praeter</strong></span> <span class='ocrx_word' id='word_1_309' title='bbox 1448 3820 1661 3876; x_wconf 86' lang='lat' dir='ltr'><strong>Patrem</strong></span> <span class='ocrx_word' id='word_1_310' title='bbox 1692 3834 1744 3877; x_wconf 93' lang='lat' dir='ltr'><strong>et</strong></span> <span class='ocrx_word' id='word_1_311' title='bbox 1775 3824 1967 3880; x_wconf 86' lang='lat' dir='ltr'><strong>Filium</strong></span> 
     </span>
    </p>
   </div>
   <div class='ocr_carea' id='block_1_43' title="bbox 402 3890 1970 3960">
    <p class='ocr_par' dir='ltr' id='par_1_43' title="bbox 402 3890 1970 3960">
     <span class='ocr_line' id='line_1_43' title="bbox 402 3890 1970 3960; baseline 0.004 -18"><span class='ocrx_word' id='word_1_312' title='bbox 402 3899 459 3943; x_wconf 89' lang='lat' dir='ltr'><strong>et</strong></span> <span class='ocrx_word' id='word_1_313' title='bbox 506 3890 770 3960; x_wconf 88' lang='lat' dir='ltr'><strong>Spiritum</strong></span> <span class='ocrx_word' id='word_1_314' title='bbox 815 3900 1085 3960; x_wconf 88' lang='lat' dir='ltr'><strong>sanctum,</strong></span> <span class='ocrx_word' id='word_1_315' title='bbox 1118 3892 1414 3945; x_wconf 86' lang='lat' dir='ltr'><strong>necessitas</strong></span> <span class='ocrx_word' id='word_1_316' title='bbox 1454 3895 1855 3960; x_wconf 66' lang='lat' dir='ltr'><strong>consequentiae</strong></span> <span class='ocrx_word' id='word_1_317' title='bbox 1906 3911 1970 3949; x_wconf 91' lang='lat' dir='ltr'><strong>ac</strong></span> 
     </span>
    </p>
   </div>
   <div class='ocr_carea' id='block_1_44' title="bbox 405 3959 1969 4029">
    <p class='ocr_par' dir='ltr' id='par_1_44' title="bbox 405 3959 1969 4029">
     <span class='ocr_line' id='line_1_44' title="bbox 405 3959 1969 4029; baseline 0.004 -18"><span class='ocrx_word' id='word_1_318' title='bbox 405 3959 634 4012; x_wconf 87' lang='lat' dir='ltr'><strong>rationis</strong></span> <span class='ocrx_word' id='word_1_319' title='bbox 703 3967 948 4029; x_wconf 85' lang='lat' dir='ltr'><strong>coarctat</strong></span> <span class='ocrx_word' id='word_1_320' title='bbox 999 3959 1247 4027; x_wconf 83' lang='lat' dir='ltr'><strong>intelligi,</strong></span> <span class='ocrx_word' id='word_1_321' title='bbox 1313 3961 1687 4027; x_wconf 88' lang='lat' dir='ltr'><strong>principaliter</strong></span> <span class='ocrx_word' id='word_1_322' title='bbox 1749 3964 1969 4029; x_wconf 88' lang='lat' dir='ltr'><strong>quidem</strong></span> 
     </span>
    </p>
   </div>
   <div class='ocr_carea' id='block_1_45' title="bbox 402 4028 1972 4095">
    <p class='ocr_par' dir='ltr' id='par_1_45' title="bbox 402 4028 1972 4095">
     <span class='ocr_line' id='line_1_45' title="bbox 402 4028 1972 4095; baseline 0.004 -14"><span class='ocrx_word' id='word_1_323' title='bbox 402 4037 617 4081; x_wconf 83' lang='lat' dir='ltr'><strong>creatas</strong></span> <span class='ocrx_word' id='word_1_324' title='bbox 647 4042 771 4082; x_wconf 90' lang='lat' dir='ltr'><strong>esse</strong></span> <span class='ocrx_word' id='word_1_325' title='bbox 808 4028 1159 4083; x_wconf 87' lang='lat' dir='ltr'><strong>rationabiles</strong></span> <span class='ocrx_word' id='word_1_326' title='bbox 1192 4040 1452 4095; x_wconf 88' lang='lat' dir='ltr'><strong>naturas;</strong></span> <span class='ocrx_word' id='word_1_327' title='bbox 1485 4028 1816 4084; x_wconf 80' lang='lat' dir='ltr'><strong>materialein</strong></span> <span class='ocrx_word' id='word_1_328' title='bbox 1843 4049 1972 4089; x_wconf 89' lang='lat' dir='ltr'><strong>vero</strong></span> 
     </span>
    </p>
   </div>
   <div class='ocr_carea' id='block_1_46' title="bbox 403 4097 1965 4168">
    <p class='ocr_par' dir='ltr' id='par_1_46' title="bbox 403 4097 1965 4168">
     <span class='ocr_line' id='line_1_46' title="bbox 403 4097 1965 4168; baseline 0.002 -16"><span class='ocrx_word' id='word_1_329' title='bbox 403 4097 767 4152; x_wconf 83' lang='lat' dir='ltr'><strong>substantiam</strong></span> <span class='ocrx_word' id='word_1_330' title='bbox 824 4098 1080 4166; x_wconf 81' lang='lat' dir='ltr'><strong>Opinione</strong></span> <span class='ocrx_word' id='word_1_331' title='bbox 1129 4100 1350 4168; x_wconf 90' lang='lat' dir='ltr'><strong>quidem</strong></span> <span class='ocrx_word' id='word_1_332' title='bbox 1381 4108 1435 4152; x_wconf 90' lang='lat' dir='ltr'><strong>et</strong></span> <span class='ocrx_word' id='word_1_333' title='bbox 1485 4099 1760 4154; x_wconf 92' lang='lat' dir='ltr'><strong>intellectu</strong></span> <span class='ocrx_word' id='word_1_334' title='bbox 1793 4102 1965 4156; x_wconf 89' lang='lat' dir='ltr'><strong>solum</strong></span> 
     </span>
    </p>
   </div>
   <div class='ocr_carea' id='block_1_47' title="bbox 403 4168 1965 4236">
    <p class='ocr_par' dir='ltr' id='par_1_47' title="bbox 403 4168 1965 4236">
     <span class='ocr_line' id='line_1_47' title="bbox 403 4168 1965 4236; baseline 0.001 -14"><span class='ocrx_word' id='word_1_335' title='bbox 403 4170 643 4235; x_wconf 82' lang='lat' dir='ltr'><strong>separari</strong></span> <span class='ocrx_word' id='word_1_336' title='bbox 697 4168 765 4220; x_wconf 91' lang='lat' dir='ltr'><strong>ab</strong></span> <span class='ocrx_word' id='word_1_337' title='bbox 791 4169 940 4221; x_wconf 93' lang='lat' dir='ltr'><strong>eis...</strong></span> <span class='ocrx_word' id='word_1_338' title='bbox 990 4170 1082 4221; x_wconf 88' lang='lat' dir='ltr'><strong>sed</strong></span> <span class='ocrx_word' id='word_1_339' title='bbox 1124 4183 1399 4235; x_wconf 91' lang='lat' dir='ltr'><strong>nunquam</strong></span> <span class='ocrx_word' id='word_1_340' title='bbox 1434 4169 1551 4223; x_wconf 90' lang='lat' dir='ltr'><strong>sine</strong></span> <span class='ocrx_word' id='word_1_341' title='bbox 1582 4171 1695 4236; x_wconf 88' lang='lat' dir='ltr'><strong>ipsa</strong></span> <span class='ocrx_word' id='word_1_342' title='bbox 1738 4185 1829 4225; x_wconf 89' lang='lat' dir='ltr'><strong>eas</strong></span> <span class='ocrx_word' id='word_1_343' title='bbox 1883 4172 1965 4225; x_wconf 86' lang='lat' dir='ltr'><strong>vel</strong></span> 
     </span>
    </p>
   </div>
   <div class='ocr_carea' id='block_1_48' title="bbox 400 4238 1965 4296">
    <p class='ocr_par' dir='ltr' id='par_1_48' title="bbox 400 4238 1965 4296">
     <span class='ocr_line' id='line_1_48' title="bbox 400 4238 1965 4296; baseline 0.003 -5"><span class='ocrx_word' id='word_1_344' title='bbox 400 4238 603 4292; x_wconf 80' lang='lat' dir='ltr'><strong>vixisse</strong></span> <span class='ocrx_word' id='word_1_345' title='bbox 621 4239 700 4290; x_wconf 83' lang='lat' dir='ltr'><strong>vel</strong></span> <span class='ocrx_word' id='word_1_346' title='bbox 724 4238 921 4293; x_wconf 87' lang='lat' dir='ltr'><strong>vivere.</strong></span> <span class='ocrx_word' id='word_1_347' title='bbox 944 4256 962 4289; x_wconf 73' lang='grc' dir='ltr'><strong><em>ι</em></strong></span> <span class='ocrx_word' id='word_1_348' title='bbox 986 4238 1059 4292; x_wconf 83' lang='lat' dir='ltr'><strong>Ex</strong></span> <span class='ocrx_word' id='word_1_349' title='bbox 1085 4239 1168 4293; x_wconf 93' lang='lat' dir='ltr'><strong>his</strong></span> <span class='ocrx_word' id='word_1_350' title='bbox 1188 4240 1331 4291; x_wconf 92' lang='lat' dir='ltr'><strong>enim</strong></span> <span class='ocrx_word' id='word_1_351' title='bbox 1350 4242 1405 4292; x_wconf 89' lang='lat' dir='ltr'><strong>et</strong></span> <span class='ocrx_word' id='word_1_352' title='bbox 1425 4239 1689 4293; x_wconf 89' lang='lat' dir='ltr'><strong>similibus</strong></span> <span class='ocrx_word' id='word_1_353' title='bbox 1707 4239 1840 4296; x_wconf 87' lang='lat' dir='ltr'><strong>locis</strong></span> <span class='ocrx_word' id='word_1_354' title='bbox 1860 4256 1965 4296; x_wconf 90' lang='lat' dir='ltr'><strong>non</strong></span> 
     </span>
    </p>
   </div>
   <div class='ocr_carea' id='block_1_49' title="bbox 402 4308 1969 4379">
    <p class='ocr_par' dir='ltr' id='par_1_49' title="bbox 402 4308 1969 4379">
     <span class='ocr_line' id='line_1_49' title="bbox 402 4308 1969 4379; baseline 0.002 -18"><span class='ocrx_word' id='word_1_355' title='bbox 402 4310 649 4379; x_wconf 85' lang='lat' dir='ltr'><strong>sequitur</strong></span> <span class='ocrx_word' id='word_1_356' title='bbox 673 4309 956 4379; x_wconf 88' lang='lat' dir='ltr'><strong>Origenem</strong></span> <span class='ocrx_word' id='word_1_357' title='bbox 988 4318 1237 4362; x_wconf 87' lang='lat' dir='ltr'><strong>naturam</strong></span> <span class='ocrx_word' id='word_1_358' title='bbox 1254 4308 1456 4379; x_wconf 68' lang='lat' dir='ltr'><strong>anima&quot;:</strong></span> <span class='ocrx_word' id='word_1_359' title='bbox 1478 4318 1529 4362; x_wconf 92' lang='lat' dir='ltr'><strong>et</strong></span> <span class='ocrx_word' id='word_1_360' title='bbox 1550 4309 1778 4363; x_wconf 87' lang='lat' dir='ltr'><strong>aliorum</strong></span> <span class='ocrx_word' id='word_1_361' title='bbox 1810 4311 1969 4378; x_wconf 88' lang='lat' dir='ltr'><strong>spiri-</strong></span> 
     </span>
    </p>
   </div>
   <div class='ocr_carea' id='block_1_50' title="bbox 2069 451 3641 521">
    <p class='ocr_par' dir='ltr' id='par_1_50' title="bbox 2069 451 3641 521">
     <span class='ocr_line' id='line_1_50' title="bbox 2069 451 3641 521; baseline -0.002 -16"><span class='ocrx_word' id='word_1_362' title='bbox 2069 452 2235 507; x_wconf 88' lang='lat' dir='ltr'><strong>Deum</strong></span> <span class='ocrx_word' id='word_1_363' title='bbox 2272 453 2505 506; x_wconf 81' lang='lat' dir='ltr'><strong>refertur</strong></span> <span class='ocrx_word' id='word_1_364' title='bbox 2544 451 2762 521; x_wconf 86' lang='lat' dir='ltr'><strong>injuria,</strong></span> <span class='ocrx_word' id='word_1_365' title='bbox 2808 466 2926 504; x_wconf 89' lang='lat' dir='ltr'><strong>cum</strong></span> <span class='ocrx_word' id='word_1_366' title='bbox 2969 460 3159 519; x_wconf 90' lang='lat' dir='ltr'><strong>putant</strong></span> <span class='ocrx_word' id='word_1_367' title='bbox 3200 464 3323 504; x_wconf 90' lang='lat' dir='ltr'><strong>eum</strong></span> <span class='ocrx_word' id='word_1_368' title='bbox 3348 464 3443 518; x_wconf 87' lang='lat' dir='ltr'><strong>per</strong></span> <span class='ocrx_word' id='word_1_369' title='bbox 3476 459 3641 503; x_wconf 87' lang='lat' dir='ltr'><strong>natu-</strong></span> 
     </span>
    </p>
   </div>
   <div class='ocr_carea' id='block_1_51' title="bbox 2070 540 3644 612">
    <p class='ocr_par' dir='ltr' id='par_1_51' title="bbox 2070 540 3644 612">
     <span class='ocr_line' id='line_1_51' title="bbox 2070 540 3644 612; baseline -0.001 -17"><span class='ocrx_word' id='word_1_370' title='bbox 2070 557 2183 596; x_wconf 88' lang='lat' dir='ltr'><strong>ram</strong></span> <span class='ocrx_word' id='word_1_371' title='bbox 2229 557 2543 612; x_wconf 85' lang='lat' dir='ltr'><strong>corpoream</strong></span> <span class='ocrx_word' id='word_1_372' title='bbox 2579 557 2738 612; x_wconf 91' lang='lat' dir='ltr'><strong>posse</strong></span> <span class='ocrx_word' id='word_1_373' title='bbox 2777 540 3025 611; x_wconf 83' lang='lat' dir='ltr'><strong>intelligi,</strong></span> <span class='ocrx_word' id='word_1_374' title='bbox 3056 555 3163 609; x_wconf 92' lang='lat' dir='ltr'><strong>quo</strong></span> <span class='ocrx_word' id='word_1_375' title='bbox 3201 540 3408 595; x_wconf 87' lang='lat' dir='ltr'><strong>scilicet</strong></span> <span class='ocrx_word' id='word_1_376' title='bbox 3444 555 3644 594; x_wconf 86' lang='lat' dir='ltr'><strong>secun-</strong></span> 
     </span>
    </p>
   </div>
   <div class='ocr_carea' id='block_1_52' title="bbox 2069 631 3646 703">
    <p class='ocr_par' dir='ltr' id='par_1_52' title="bbox 2069 631 3646 703">
     <span class='ocr_line' id='line_1_52' title="bbox 2069 631 3646 703; baseline 0 -18"><span class='ocrx_word' id='word_1_377' title='bbox 2069 632 2195 686; x_wconf 91' lang='lat' dir='ltr'><strong>dum</strong></span> <span class='ocrx_word' id='word_1_378' title='bbox 2237 632 2382 700; x_wconf 90' lang='lat' dir='ltr'><strong>ipsos</strong></span> <span class='ocrx_word' id='word_1_379' title='bbox 2419 632 2531 703; x_wconf 88' lang='lat'><strong>(99)</strong></span> <span class='ocrx_word' id='word_1_380' title='bbox 2561 647 2758 702; x_wconf 90' lang='lat' dir='ltr'><strong>corpus</strong></span> <span class='ocrx_word' id='word_1_381' title='bbox 2784 633 2853 687; x_wconf 88' lang='lat' dir='ltr'><strong>sit</strong></span> <span class='ocrx_word' id='word_1_382' title='bbox 2884 642 2940 686; x_wconf 91' lang='lat' dir='ltr'><strong>et</strong></span> <span class='ocrx_word' id='word_1_383' title='bbox 2982 631 3109 685; x_wconf 89' lang='lat' dir='ltr'><strong>illud</strong></span> <span class='ocrx_word' id='word_1_384' title='bbox 3139 632 3285 700; x_wconf 92' lang='lat' dir='ltr'><strong>quod</strong></span> <span class='ocrx_word' id='word_1_385' title='bbox 3316 645 3408 699; x_wconf 92' lang='lat' dir='ltr'><strong>per</strong></span> <span class='ocrx_word' id='word_1_386' title='bbox 3443 645 3646 698; x_wconf 79' lang='lat' dir='ltr'><strong>corpus</strong></span> 
     </span>
    </p>
   </div>
   <div class='ocr_carea' id='block_1_53' title="bbox 2068 720 3641 793">
    <p class='ocr_par' dir='ltr' id='par_1_53' title="bbox 2068 720 3641 793">
     <span class='ocr_line' id='line_1_53' title="bbox 2068 720 3641 793; baseline -0.003 -16"><span class='ocrx_word' id='word_1_387' title='bbox 2068 733 2248 793; x_wconf 87' lang='lat' dir='ltr'><strong>potest</strong></span> <span class='ocrx_word' id='word_1_388' title='bbox 2288 722 2511 792; x_wconf 83' lang='lat' dir='ltr'><strong>intelligi</strong></span> <span class='ocrx_word' id='word_1_389' title='bbox 2548 723 2633 777; x_wconf 92' lang='lat' dir='ltr'><strong>vel</strong></span> <span class='ocrx_word' id='word_1_390' title='bbox 2660 723 2887 789; x_wconf 90' lang='lat' dir='ltr'><strong>sentiri;</strong></span> <span class='ocrx_word' id='word_1_391' title='bbox 2924 733 2979 776; x_wconf 91' lang='lat' dir='ltr'><strong>et</strong></span> <span class='ocrx_word' id='word_1_392' title='bbox 3030 724 3219 777; x_wconf 92' lang='lat' dir='ltr'><strong>nolunt</strong></span> <span class='ocrx_word' id='word_1_393' title='bbox 3261 721 3364 775; x_wconf 89' lang='lat' dir='ltr'><strong>hoc</strong></span> <span class='ocrx_word' id='word_1_394' title='bbox 3408 720 3641 791; x_wconf 79' lang='lat' dir='ltr'><strong>intelligi</strong></span> 
     </span>
    </p>
   </div>
   <div class='ocr_carea' id='block_1_54' title="bbox 2067 809 3645 881">
    <p class='ocr_par' dir='ltr' id='par_1_54' title="bbox 2067 809 3645 881">
     <span class='ocr_line' id='line_1_54' title="bbox 2067 809 3645 881; baseline -0.001 -16"><span class='ocrx_word' id='word_1_395' title='bbox 2067 811 2207 881; x_wconf 93' lang='lat' dir='ltr'><strong>quod</strong></span> <span class='ocrx_word' id='word_1_396' title='bbox 2235 812 2606 881; x_wconf 87' lang='lat' dir='ltr'><strong>propinquitas</strong></span> <span class='ocrx_word' id='word_1_397' title='bbox 2638 812 2883 879; x_wconf 60' lang='lat' dir='ltr'><strong>quaedam</strong></span> <span class='ocrx_word' id='word_1_398' title='bbox 2923 811 2994 864; x_wconf 90' lang='lat' dir='ltr'><strong>sit</strong></span> <span class='ocrx_word' id='word_1_399' title='bbox 3026 811 3192 864; x_wconf 86' lang='lat' dir='ltr'><strong>menti</strong></span> <span class='ocrx_word' id='word_1_400' title='bbox 3219 811 3286 864; x_wconf 90' lang='lat' dir='ltr'><strong>ad</strong></span> <span class='ocrx_word' id='word_1_401' title='bbox 3314 809 3503 874; x_wconf 90' lang='lat' dir='ltr'><strong>Deum,</strong></span> <span class='ocrx_word' id='word_1_402' title='bbox 3546 825 3645 864; x_wconf 81' lang='lat' dir='ltr'><strong>cu-</strong></span> 
     </span>
    </p>
   </div>
   <div class='ocr_carea' id='block_1_55' title="bbox 2064 903 3646 973">
    <p class='ocr_par' dir='ltr' id='par_1_55' title="bbox 2064 903 3646 973">
     <span class='ocr_line' id='line_1_55' title="bbox 2064 903 3646 973; baseline -0.002 -14"><span class='ocrx_word' id='word_1_403' title='bbox 2064 904 2155 973; x_wconf 90' lang='lat' dir='ltr'><strong>jus</strong></span> <span class='ocrx_word' id='word_1_404' title='bbox 2191 912 2245 957; x_wconf 91' lang='lat' dir='ltr'><strong>et</strong></span> <span class='ocrx_word' id='word_1_405' title='bbox 2267 904 2381 972; x_wconf 90' lang='lat' dir='ltr'><strong>ipsa</strong></span> <span class='ocrx_word' id='word_1_406' title='bbox 2412 919 2564 959; x_wconf 89' lang='lat' dir='ltr'><strong>mens</strong></span> <span class='ocrx_word' id='word_1_407' title='bbox 2590 904 2973 959; x_wconf 87' lang='lat' dir='ltr'><strong>intellectualis</strong></span> <span class='ocrx_word' id='word_1_408' title='bbox 3008 904 3184 972; x_wconf 84' lang='lat' dir='ltr'><strong>imago</strong></span> <span class='ocrx_word' id='word_1_409' title='bbox 3210 903 3301 969; x_wconf 90' lang='lat' dir='ltr'><strong>sit,</strong></span> <span class='ocrx_word' id='word_1_410' title='bbox 3329 915 3382 957; x_wconf 90' lang='lat' dir='ltr'><strong>et</strong></span> <span class='ocrx_word' id='word_1_411' title='bbox 3407 918 3503 973; x_wconf 91' lang='lat' dir='ltr'><strong>per</strong></span> <span class='ocrx_word' id='word_1_412' title='bbox 3527 904 3646 957; x_wconf 83' lang='lat' dir='ltr'><strong>haec</strong></span> 
     </span>
    </p>
   </div>
   <div class='ocr_carea' id='block_1_56' title="bbox 2068 990 3645 1065">
    <p class='ocr_par' dir='ltr' id='par_1_56' title="bbox 2068 990 3645 1065">
     <span class='ocr_line' id='line_1_56' title="bbox 2068 990 3645 1065; baseline 0 -16"><span class='ocrx_word' id='word_1_413' title='bbox 2068 996 2236 1063; x_wconf 89' lang='lat' dir='ltr'><strong>possit</strong></span> <span class='ocrx_word' id='word_1_414' title='bbox 2276 996 2479 1065; x_wconf 89' lang='lat' dir='ltr'><strong>aliquid</strong></span> <span class='ocrx_word' id='word_1_415' title='bbox 2513 996 2580 1051; x_wconf 86' lang='lat' dir='ltr'><strong>de</strong></span> <span class='ocrx_word' id='word_1_416' title='bbox 2624 996 2926 1050; x_wconf 91' lang='lat' dir='ltr'><strong>divinitatis</strong></span> <span class='ocrx_word' id='word_1_417' title='bbox 2965 997 3166 1050; x_wconf 89' lang='lat' dir='ltr'><strong>sentire</strong></span> <span class='ocrx_word' id='word_1_418' title='bbox 3207 1005 3419 1063; x_wconf 90' lang='lat' dir='ltr'><strong>natura,</strong></span> <span class='ocrx_word' id='word_1_419' title='bbox 3462 990 3645 1049; x_wconf 81' lang='lat' dir='ltr'><strong>maxi-</strong></span> 
     </span>
    </p>
   </div>
   <div class='ocr_carea' id='block_1_57' title="bbox 2070 1086 3651 1157">
    <p class='ocr_par' dir='ltr' id='par_1_57' title="bbox 2070 1086 3651 1157">
     <span class='ocr_line' id='line_1_57' title="bbox 2070 1086 3651 1157; baseline 0.001 -18"><span class='ocrx_word' id='word_1_420' title='bbox 2070 1101 2156 1140; x_wconf 91' lang='lat' dir='ltr'><strong>me</strong></span> <span class='ocrx_word' id='word_1_421' title='bbox 2180 1086 2224 1141; x_wconf 88' lang='lat' dir='ltr'><strong>si</strong></span> <span class='ocrx_word' id='word_1_422' title='bbox 2267 1088 2618 1157; x_wconf 78' lang='lat' dir='ltr'><strong>expurgatior</strong></span> <span class='ocrx_word' id='word_1_423' title='bbox 2653 1096 2707 1141; x_wconf 91' lang='lat' dir='ltr'><strong>et</strong></span> <span class='ocrx_word' id='word_1_424' title='bbox 2743 1088 3075 1156; x_wconf 80' lang='lat' dir='ltr'><strong>segregatior</strong></span> <span class='ocrx_word' id='word_1_425' title='bbox 3100 1088 3226 1141; x_wconf 91' lang='lat' dir='ltr'><strong>sita</strong></span> <span class='ocrx_word' id='word_1_426' title='bbox 3268 1088 3493 1143; x_wconf 88' lang='lat' dir='ltr'><strong>materia</strong></span> <span class='ocrx_word' id='word_1_427' title='bbox 3519 1101 3651 1144; x_wconf 83' lang='lat' dir='ltr'><strong>cor-</strong></span> 
     </span>
    </p>
   </div>
   <div class='ocr_carea' id='block_1_58' title="bbox 2067 1178 2263 1247">
    <p class='ocr_par' dir='ltr' id='par_1_58' title="bbox 2067 1178 2263 1247">
     <span class='ocr_line' id='line_1_58' title="bbox 2067 1178 2263 1247; baseline 0 -16"><span class='ocrx_word' id='word_1_428' title='bbox 2067 1178 2263 1247; x_wconf 90' lang='lat' dir='ltr'><strong>porali.</strong></span> 
     </span>
    </p>
   </div>
   <div class='ocr_carea' id='block_1_59' title="bbox 2137 1358 3645 1415">
    <p class='ocr_par' dir='ltr' id='par_1_59' title="bbox 2137 1358 3645 1415">
     <span class='ocr_line' id='line_1_59' title="bbox 2137 1358 3645 1415; baseline 0.001 -2"><span class='ocrx_word' id='word_1_429' title='bbox 2137 1359 2191 1413; x_wconf 92' lang='lat'><strong>8.</strong></span> <span class='ocrx_word' id='word_1_430' title='bbox 2223 1358 2421 1414; x_wconf 84' lang='lat' dir='ltr'><strong>Verum</strong></span> <span class='ocrx_word' id='word_1_431' title='bbox 2450 1358 2565 1412; x_wconf 76' lang='lat' dir='ltr'><strong>istze</strong></span> <span class='ocrx_word' id='word_1_432' title='bbox 2591 1359 2918 1413; x_wconf 90' lang='lat' dir='ltr'><strong>assertiones</strong></span> <span class='ocrx_word' id='word_1_433' title='bbox 2949 1359 3127 1412; x_wconf 85' lang='lat' dir='ltr'><strong>minus</strong></span> <span class='ocrx_word' id='word_1_434' title='bbox 3169 1358 3416 1414; x_wconf 81' lang='lat' dir='ltr'><strong>fortassis</strong></span> <span class='ocrx_word' id='word_1_435' title='bbox 3449 1370 3645 1415; x_wconf 89' lang='lat' dir='ltr'><strong>aucto-</strong></span> 
     </span>
    </p>
   </div>
   <div class='ocr_carea' id='block_1_60' title="bbox 2067 1452 3647 1521">
    <p class='ocr_par' dir='ltr' id='par_1_60' title="bbox 2067 1452 3647 1521">
     <span class='ocr_line' id='line_1_60' title="bbox 2067 1452 3647 1521; baseline 0 -14"><span class='ocrx_word' id='word_1_436' title='bbox 2067 1454 2245 1507; x_wconf 89' lang='lat' dir='ltr'><strong>ritatis</strong></span> <span class='ocrx_word' id='word_1_437' title='bbox 2276 1453 2478 1508; x_wconf 88' lang='lat' dir='ltr'><strong>habere</strong></span> <span class='ocrx_word' id='word_1_438' title='bbox 2524 1452 2814 1506; x_wconf 90' lang='lat' dir='ltr'><strong>videantur</strong></span> <span class='ocrx_word' id='word_1_439' title='bbox 2868 1455 3008 1521; x_wconf 88' lang='lat' dir='ltr'><strong>apud</strong></span> <span class='ocrx_word' id='word_1_440' title='bbox 3062 1467 3155 1506; x_wconf 90' lang='lat' dir='ltr'><strong>eos</strong></span> <span class='ocrx_word' id='word_1_441' title='bbox 3192 1453 3281 1520; x_wconf 88' lang='lat' dir='ltr'><strong>qui</strong></span> <span class='ocrx_word' id='word_1_442' title='bbox 3320 1468 3386 1506; x_wconf 85' lang='lat' dir='ltr'><strong>ex</strong></span> <span class='ocrx_word' id='word_1_443' title='bbox 3436 1455 3647 1508; x_wconf 81' lang='lat' dir='ltr'><strong>sanctis</strong></span> 
     </span>
    </p>
   </div>
   <div class='ocr_carea' id='block_1_61' title="bbox 2070 1543 3646 1613">
    <p class='ocr_par' dir='ltr' id='par_1_61' title="bbox 2070 1543 3646 1613">
     <span class='ocr_line' id='line_1_61' title="bbox 2070 1543 3646 1613; baseline -0.001 -13"><span class='ocrx_word' id='word_1_444' title='bbox 2070 1545 2366 1613; x_wconf 89' lang='lat' dir='ltr'><strong>Scripturis</strong></span> <span class='ocrx_word' id='word_1_445' title='bbox 2391 1545 2459 1598; x_wconf 90' lang='lat' dir='ltr'><strong>de</strong></span> <span class='ocrx_word' id='word_1_446' title='bbox 2486 1546 2645 1598; x_wconf 80' lang='lat' dir='ltr'><strong>rebus</strong></span> <span class='ocrx_word' id='word_1_447' title='bbox 2673 1543 2867 1597; x_wconf 87' lang='lat' dir='ltr'><strong>divinis</strong></span> <span class='ocrx_word' id='word_1_448' title='bbox 2911 1543 3119 1597; x_wconf 86' lang='lat' dir='ltr'><strong>institui</strong></span> <span class='ocrx_word' id='word_1_449' title='bbox 3154 1544 3356 1609; x_wconf 88' lang='lat' dir='ltr'><strong>volunt,</strong></span> <span class='ocrx_word' id='word_1_450' title='bbox 3388 1552 3442 1598; x_wconf 92' lang='lat' dir='ltr'><strong>et</strong></span> <span class='ocrx_word' id='word_1_451' title='bbox 3478 1546 3646 1598; x_wconf 89' lang='lat' dir='ltr'><strong>etiam</strong></span> 
     </span>
    </p>
   </div>
   <div class='ocr_carea' id='block_1_62' title="bbox 2066 1634 3647 1704">
    <p class='ocr_par' dir='ltr' id='par_1_62' title="bbox 2066 1634 3647 1704">
     <span class='ocr_line' id='line_1_62' title="bbox 2066 1634 3647 1704; baseline 0 -15"><span class='ocrx_word' id='word_1_452' title='bbox 2066 1636 2165 1690; x_wconf 90' lang='lat' dir='ltr'><strong>sibi</strong></span> <span class='ocrx_word' id='word_1_453' title='bbox 2197 1637 2320 1689; x_wconf 90' lang='lat' dir='ltr'><strong>inde</strong></span> <span class='ocrx_word' id='word_1_454' title='bbox 2364 1634 2651 1704; x_wconf 90' lang='lat' dir='ltr'><strong>approbari</strong></span> <span class='ocrx_word' id='word_1_455' title='bbox 2696 1644 2966 1703; x_wconf 63' lang='lat' dir='ltr'><strong>quaerunt,</strong></span> <span class='ocrx_word' id='word_1_456' title='bbox 3008 1635 3276 1702; x_wconf 87' lang='lat' dir='ltr'><strong>quomodo</strong></span> <span class='ocrx_word' id='word_1_457' title='bbox 3309 1645 3503 1688; x_wconf 89' lang='lat' dir='ltr'><strong>natura</strong></span> <span class='ocrx_word' id='word_1_458' title='bbox 3552 1635 3647 1689; x_wconf 87' lang='lat' dir='ltr'><strong>Dei</strong></span> 
     </span>
    </p>
   </div>
   <div class='ocr_carea' id='block_1_63' title="bbox 2066 1724 3646 1794">
    <p class='ocr_par' dir='ltr' id='par_1_63' title="bbox 2066 1724 3646 1794">
     <span class='ocr_line' id='line_1_63' title="bbox 2066 1724 3646 1794; baseline -0.002 -12"><span class='ocrx_word' id='word_1_459' title='bbox 2066 1727 2431 1793; x_wconf 88' lang='lat' dir='ltr'><strong>supereminet</strong></span> <span class='ocrx_word' id='word_1_460' title='bbox 2465 1741 2751 1794; x_wconf 86' lang='lat' dir='ltr'><strong>corporum</strong></span> <span class='ocrx_word' id='word_1_461' title='bbox 2798 1734 3067 1778; x_wconf 90' lang='lat' dir='ltr'><strong>naturam.</strong></span> <span class='ocrx_word' id='word_1_462' title='bbox 3102 1724 3235 1778; x_wconf 80' lang='lat' dir='ltr'><strong>Vide</strong></span> <span class='ocrx_word' id='word_1_463' title='bbox 3277 1739 3408 1794; x_wconf 89' lang='lat' dir='ltr'><strong>ergo</strong></span> <span class='ocrx_word' id='word_1_464' title='bbox 3437 1725 3481 1779; x_wconf 90' lang='lat' dir='ltr'><strong>si</strong></span> <span class='ocrx_word' id='word_1_465' title='bbox 3534 1742 3646 1779; x_wconf 87' lang='lat' dir='ltr'><strong>non</strong></span> 
     </span>
    </p>
   </div>
   <div class='ocr_carea' id='block_1_64' title="bbox 2067 1906 3646 1979">
    <p class='ocr_par' dir='ltr' id='par_1_64' title="bbox 2067 1906 3646 1979">
     <span class='ocr_line' id='line_1_64' title="bbox 2067 1906 3646 1979; baseline -0.001 -17"><span class='ocrx_word' id='word_1_466' title='bbox 2067 1911 2251 1979; x_wconf 80' lang='lat' dir='ltr'><strong>quitur</strong></span> <span class='ocrx_word' id='word_1_467' title='bbox 2277 1910 2460 1963; x_wconf 87' lang='lat' dir='ltr'><strong>dicens</strong></span> <span class='ocrx_word' id='word_1_468' title='bbox 2493 1926 2505 1959; x_wconf 74' lang='grc' dir='ltr'><strong>ε</strong></span> <span class='ocrx_word' id='word_1_469' title='bbox 2541 1926 2559 1959; x_wconf 85' lang='grc'><em>‹</em></span> <span class='ocrx_word' id='word_1_470' title='bbox 2607 1908 2705 1974; x_wconf 87' lang='lat' dir='ltr'><strong>Qui</strong></span> <span class='ocrx_word' id='word_1_471' title='bbox 2738 1917 2821 1961; x_wconf 91' lang='lat' dir='ltr'><strong>est</strong></span> <span class='ocrx_word' id='word_1_472' title='bbox 2871 1907 3046 1976; x_wconf 87' lang='lat' dir='ltr'><strong>imago</strong></span> <span class='ocrx_word' id='word_1_473' title='bbox 3083 1906 3371 1962; x_wconf 89' lang='lat' dir='ltr'><strong>invisibilis</strong></span> <span class='ocrx_word' id='word_1_474' title='bbox 3404 1909 3494 1962; x_wconf 91' lang='lat' dir='ltr'><strong>Dei</strong></span> <span class='ocrx_word' id='word_1_475' title='bbox 3527 1909 3646 1977; x_wconf 81' lang='lat' dir='ltr'><strong>pri-</strong></span> 
     </span>
    </p>
   </div>
   <div class='ocr_carea' id='block_1_65' title="bbox 2067 1998 3649 2070">
    <p class='ocr_par' dir='ltr' id='par_1_65' title="bbox 2067 1998 3649 2070">
     <span class='ocr_line' id='line_1_65' title="bbox 2067 1998 3649 2070; baseline -0.001 -16"><span class='ocrx_word' id='word_1_476' title='bbox 2067 2002 2369 2070; x_wconf 86' lang='lat' dir='ltr'><strong>mogenitus</strong></span> <span class='ocrx_word' id='word_1_477' title='bbox 2396 2001 2574 2055; x_wconf 90' lang='lat' dir='ltr'><strong>omnis</strong></span> <span class='ocrx_word' id='word_1_478' title='bbox 2602 2008 2868 2053; x_wconf 74' lang='lat' dir='ltr'><strong>creaturae</strong></span> <span class='ocrx_word' id='word_1_479' title='bbox 2898 1999 2962 2049; x_wconf 72' lang='grc'><strong>’⁸.</strong></span> <span class='ocrx_word' id='word_1_480' title='bbox 3018 2018 3036 2050; x_wconf 86' lang='grc'><strong>›</strong></span> <span class='ocrx_word' id='word_1_481' title='bbox 3072 1998 3185 2053; x_wconf 81' lang='lat' dir='ltr'><strong>Non</strong></span> <span class='ocrx_word' id='word_1_482' title='bbox 3229 2000 3395 2064; x_wconf 89' lang='lat' dir='ltr'><strong>enim,</strong></span> <span class='ocrx_word' id='word_1_483' title='bbox 3424 2009 3481 2052; x_wconf 93' lang='lat' dir='ltr'><strong>ut</strong></span> <span class='ocrx_word' id='word_1_484' title='bbox 3524 2000 3649 2068; x_wconf 88' lang='lat' dir='ltr'><strong>qui-</strong></span> 
     </span>
    </p>
   </div>
   <div class='ocr_carea' id='block_1_66' title="bbox 2067 2091 3650 2160">
    <p class='ocr_par' dir='ltr' id='par_1_66' title="bbox 2067 2091 3650 2160">
     <span class='ocr_line' id='line_1_66' title="bbox 2067 2091 3650 2160; baseline 0 -14"><span class='ocrx_word' id='word_1_485' title='bbox 2067 2091 2188 2146; x_wconf 91' lang='lat' dir='ltr'><strong>dam</strong></span> <span class='ocrx_word' id='word_1_486' title='bbox 2220 2102 2428 2160; x_wconf 88' lang='lat' dir='ltr'><strong>putant,</strong></span> <span class='ocrx_word' id='word_1_487' title='bbox 2479 2101 2670 2145; x_wconf 88' lang='lat' dir='ltr'><strong>natura</strong></span> <span class='ocrx_word' id='word_1_488' title='bbox 2724 2091 2814 2145; x_wconf 86' lang='lat' dir='ltr'><strong>Dei</strong></span> <span class='ocrx_word' id='word_1_489' title='bbox 2847 2091 3013 2145; x_wconf 91' lang='lat' dir='ltr'><strong>alicui</strong></span> <span class='ocrx_word' id='word_1_490' title='bbox 3056 2092 3284 2147; x_wconf 86' lang='lat' dir='ltr'><strong>visibilis</strong></span> <span class='ocrx_word' id='word_1_491' title='bbox 3315 2102 3418 2159; x_wconf 92' lang='lat' dir='ltr'><strong>est,</strong></span> <span class='ocrx_word' id='word_1_492' title='bbox 3449 2103 3502 2145; x_wconf 93' lang='lat' dir='ltr'><strong>et</strong></span> <span class='ocrx_word' id='word_1_493' title='bbox 3526 2092 3650 2146; x_wconf 83' lang='lat' dir='ltr'><strong>aliis</strong></span> 
     </span>
    </p>
   </div>
   <div class='ocr_carea' id='block_1_67' title="bbox 2067 2180 3651 2254">
    <p class='ocr_par' dir='ltr' id='par_1_67' title="bbox 2067 2180 3651 2254">
     <span class='ocr_line' id='line_1_67' title="bbox 2067 2180 3651 2254; baseline 0.001 -19"><span class='ocrx_word' id='word_1_494' title='bbox 2067 2182 2350 2236; x_wconf 79' lang='lat' dir='ltr'><strong>invisibilis</strong></span> <span class='ocrx_word' id='word_1_495' title='bbox 2378 2180 2490 2254; x_wconf 91' lang='lat' dir='ltr'><strong>(l);</strong></span> <span class='ocrx_word' id='word_1_496' title='bbox 2534 2198 2637 2235; x_wconf 92' lang='lat' dir='ltr'><strong>non</strong></span> <span class='ocrx_word' id='word_1_497' title='bbox 2674 2184 2816 2236; x_wconf 91' lang='lat' dir='ltr'><strong>enim</strong></span> <span class='ocrx_word' id='word_1_498' title='bbox 2847 2184 2983 2236; x_wconf 83' lang='lat' dir='ltr'><strong>dixit</strong></span> <span class='ocrx_word' id='word_1_499' title='bbox 3010 2182 3326 2252; x_wconf 86' lang='lat' dir='ltr'><strong>Apostolus.</strong></span> <span class='ocrx_word' id='word_1_500' title='bbox 3357 2185 3531 2252; x_wconf 86' lang='lat' dir='ltr'><strong>imago</strong></span> <span class='ocrx_word' id='word_1_501' title='bbox 3564 2183 3651 2236; x_wconf 86' lang='lat' dir='ltr'><strong>in—</strong></span> 
     </span>
    </p>
   </div>
   <div class='ocr_carea' id='block_1_68' title="bbox 2066 2275 3647 2345">
    <p class='ocr_par' dir='ltr' id='par_1_68' title="bbox 2066 2275 3647 2345">
     <span class='ocr_line' id='line_1_68' title="bbox 2066 2275 3647 2345; baseline -0.003 -16"><span class='ocrx_word' id='word_1_502' title='bbox 2066 2275 2294 2329; x_wconf 85' lang='lat' dir='ltr'><strong>visibilis</strong></span> <span class='ocrx_word' id='word_1_503' title='bbox 2319 2276 2408 2329; x_wconf 93' lang='lat' dir='ltr'><strong>Dei</strong></span> <span class='ocrx_word' id='word_1_504' title='bbox 2438 2276 2769 2342; x_wconf 85' lang='lat' dir='ltr'><strong>hominihus,</strong></span> <span class='ocrx_word' id='word_1_505' title='bbox 2812 2285 2905 2329; x_wconf 91' lang='lat' dir='ltr'><strong>aut</strong></span> <span class='ocrx_word' id='word_1_506' title='bbox 2933 2275 3216 2329; x_wconf 85' lang='lat' dir='ltr'><strong>invisibilis</strong></span> <span class='ocrx_word' id='word_1_507' title='bbox 3249 2276 3647 2345; x_wconf 87' lang='lat' dir='ltr'><strong>peccatoribus,</strong></span> 
     </span>
    </p>
   </div>
   <div class='ocr_carea' id='block_1_69' title="bbox 2067 2366 3648 2436">
    <p class='ocr_par' dir='ltr' id='par_1_69' title="bbox 2067 2366 3648 2436">
     <span class='ocr_line' id='line_1_69' title="bbox 2067 2366 3648 2436; baseline -0.001 -16"><span class='ocrx_word' id='word_1_508' title='bbox 2067 2371 2161 2420; x_wconf 87' lang='lat' dir='ltr'><strong>sed</strong></span> <span class='ocrx_word' id='word_1_509' title='bbox 2191 2366 2341 2421; x_wconf 88' lang='lat' dir='ltr'><strong>valde</strong></span> <span class='ocrx_word' id='word_1_510' title='bbox 2371 2376 2686 2420; x_wconf 88' lang='lat' dir='ltr'><strong>constanter</strong></span> <span class='ocrx_word' id='word_1_511' title='bbox 2714 2368 3031 2436; x_wconf 88' lang='lat' dir='ltr'><strong>pronuntiat</strong></span> <span class='ocrx_word' id='word_1_512' title='bbox 3068 2367 3135 2420; x_wconf 90' lang='lat' dir='ltr'><strong>de</strong></span> <span class='ocrx_word' id='word_1_513' title='bbox 3177 2367 3289 2433; x_wconf 88' lang='lat' dir='ltr'><strong>ipsa</strong></span> <span class='ocrx_word' id='word_1_514' title='bbox 3324 2376 3519 2419; x_wconf 87' lang='lat' dir='ltr'><strong>natura</strong></span> <span class='ocrx_word' id='word_1_515' title='bbox 3550 2366 3648 2419; x_wconf 87' lang='lat' dir='ltr'><strong>Dei</strong></span> 
     </span>
    </p>
   </div>
   <div class='ocr_carea' id='block_1_70' title="bbox 2066 2454 3647 2526">
    <p class='ocr_par' dir='ltr' id='par_1_70' title="bbox 2066 2454 3647 2526">
     <span class='ocr_line' id='line_1_70' title="bbox 2066 2454 3647 2526; baseline 0 -17"><span class='ocrx_word' id='word_1_516' title='bbox 2066 2456 2251 2510; x_wconf 83' lang='lat' dir='ltr'><strong>dicens</strong></span> <span class='ocrx_word' id='word_1_517' title='bbox 2283 2474 2347 2510; x_wconf 75' lang='lat'><strong>:.¢</strong></span> <span class='ocrx_word' id='word_1_518' title='bbox 2378 2454 2559 2526; x_wconf 89' lang='lat' dir='ltr'><strong>Imago</strong></span> <span class='ocrx_word' id='word_1_519' title='bbox 2588 2459 2873 2513; x_wconf 87' lang='lat' dir='ltr'><strong>invisibilis</strong></span> <span class='ocrx_word' id='word_1_520' title='bbox 2908 2457 3020 2512; x_wconf 91' lang='lat' dir='ltr'><strong>Dei.</strong></span> <span class='ocrx_word' id='word_1_521' title='bbox 3071 2477 3089 2509; x_wconf 72' lang='grc' dir='ltr'><strong><em>ι</em></strong></span> <span class='ocrx_word' id='word_1_522' title='bbox 3122 2456 3226 2511; x_wconf 92' lang='lat' dir='ltr'><strong>Sed</strong></span> <span class='ocrx_word' id='word_1_523' title='bbox 3252 2469 3305 2512; x_wconf 91' lang='lat' dir='ltr'><strong>et</strong></span> <span class='ocrx_word' id='word_1_524' title='bbox 3331 2456 3569 2511; x_wconf 78' lang='lat' dir='ltr'><strong>Joannes</strong></span> <span class='ocrx_word' id='word_1_525' title='bbox 3593 2457 3647 2509; x_wconf 93' lang='lat' dir='ltr'><strong>in</strong></span> 
     </span>
    </p>
   </div>
   <div class='ocr_carea' id='block_1_71' title="bbox 2065 2547 3639 2617">
    <p class='ocr_par' dir='ltr' id='par_1_71' title="bbox 2065 2547 3639 2617">
     <span class='ocr_line' id='line_1_71' title="bbox 2065 2547 3639 2617; baseline 0 -17"><span class='ocrx_word' id='word_1_526' title='bbox 2065 2547 2359 2616; x_wconf 80' lang='lat' dir='ltr'><strong>Evangelia</strong></span> <span class='ocrx_word' id='word_1_527' title='bbox 2384 2548 2569 2602; x_wconf 88' lang='lat' dir='ltr'><strong>dicens</strong></span> <span class='ocrx_word' id='word_1_528' title='bbox 2607 2567 2621 2602; x_wconf 87' lang='lat'><strong>:</strong></span> <span class='ocrx_word' id='word_1_529' title='bbox 2657 2569 2674 2600; x_wconf 82' lang='grc'><strong><em>‹</em></strong></span> <span class='ocrx_word' id='word_1_530' title='bbox 2715 2551 2879 2603; x_wconf 90' lang='lat' dir='ltr'><strong>Deum</strong></span> <span class='ocrx_word' id='word_1_531' title='bbox 2915 2564 3070 2604; x_wconf 91' lang='lat' dir='ltr'><strong>nemo</strong></span> <span class='ocrx_word' id='word_1_532' title='bbox 3095 2549 3225 2601; x_wconf 89' lang='lat' dir='ltr'><strong>vidit</strong></span> <span class='ocrx_word' id='word_1_533' title='bbox 3255 2564 3488 2617; x_wconf 87' lang='lat' dir='ltr'><strong>unquam</strong></span> <span class='ocrx_word' id='word_1_534' title='bbox 3516 2550 3584 2611; x_wconf 72' lang='grc'><strong>³⁷,</strong></span> <span class='ocrx_word' id='word_1_535' title='bbox 3621 2568 3639 2600; x_wconf 74' lang='grc' dir='ltr'><strong>ι</strong></span> 
     </span>
    </p>
   </div>
   <div class='ocr_carea' id='block_1_72' title="bbox 2066 2638 3643 2709">
    <p class='ocr_par' dir='ltr' id='par_1_72' title="bbox 2066 2638 3643 2709">
     <span class='ocr_line' id='line_1_72' title="bbox 2066 2638 3643 2709; baseline 0.001 -18"><span class='ocrx_word' id='word_1_536' title='bbox 2066 2638 2351 2692; x_wconf 88' lang='lat' dir='ltr'><strong>manifeste</strong></span> <span class='ocrx_word' id='word_1_537' title='bbox 2386 2639 2623 2694; x_wconf 87' lang='lat' dir='ltr'><strong>declarat</strong></span> <span class='ocrx_word' id='word_1_538' title='bbox 2655 2640 2905 2694; x_wconf 89' lang='lat' dir='ltr'><strong>omnibus</strong></span> <span class='ocrx_word' id='word_1_539' title='bbox 2936 2641 3025 2709; x_wconf 92' lang='lat' dir='ltr'><strong>qui</strong></span> <span class='ocrx_word' id='word_1_540' title='bbox 3061 2640 3367 2708; x_wconf 88' lang='lat' dir='ltr'><strong>intelligere</strong></span> <span class='ocrx_word' id='word_1_541' title='bbox 3396 2650 3643 2707; x_wconf 86' lang='lat' dir='ltr'><strong>possunt,</strong></span> 
     </span>
    </p>
   </div>
   <div class='ocr_carea' id='block_1_73' title="bbox 2065 2729 3643 2796">
    <p class='ocr_par' dir='ltr' id='par_1_73' title="bbox 2065 2729 3643 2796">
     <span class='ocr_line' id='line_1_73' title="bbox 2065 2729 3643 2796; baseline 0.003 -17"><span class='ocrx_word' id='word_1_542' title='bbox 2065 2729 2188 2796; x_wconf 88' lang='lat' dir='ltr'><strong>quia</strong></span> <span class='ocrx_word' id='word_1_543' title='bbox 2227 2729 2370 2782; x_wconf 88' lang='lat' dir='ltr'><strong>nulla</strong></span> <span class='ocrx_word' id='word_1_544' title='bbox 2422 2738 2615 2782; x_wconf 90' lang='lat' dir='ltr'><strong>natura</strong></span> <span class='ocrx_word' id='word_1_545' title='bbox 2642 2739 2725 2784; x_wconf 89' lang='lat' dir='ltr'><strong>est</strong></span> <span class='ocrx_word' id='word_1_546' title='bbox 2774 2730 2861 2785; x_wconf 92' lang='lat' dir='ltr'><strong>cui</strong></span> <span class='ocrx_word' id='word_1_547' title='bbox 2920 2729 3148 2784; x_wconf 89' lang='lat' dir='ltr'><strong>visibilis</strong></span> <span class='ocrx_word' id='word_1_548' title='bbox 3181 2731 3251 2783; x_wconf 92' lang='lat' dir='ltr'><strong>sit</strong></span> <span class='ocrx_word' id='word_1_549' title='bbox 3301 2730 3474 2796; x_wconf 89' lang='lat' dir='ltr'><strong>Deus;</strong></span> <span class='ocrx_word' id='word_1_550' title='bbox 3535 2746 3643 2784; x_wconf 92' lang='lat' dir='ltr'><strong>non</strong></span> 
     </span>
    </p>
   </div>
   <div class='ocr_carea' id='block_1_74' title="bbox 2064 2819 3647 2890">
    <p class='ocr_par' dir='ltr' id='par_1_74' title="bbox 2064 2819 3647 2890">
     <span class='ocr_line' id='line_1_74' title="bbox 2064 2819 3647 2890; baseline 0.002 -19"><span class='ocrx_word' id='word_1_551' title='bbox 2064 2822 2217 2886; x_wconf 88' lang='lat' dir='ltr'><strong>quasi</strong></span> <span class='ocrx_word' id='word_1_552' title='bbox 2250 2819 2343 2887; x_wconf 90' lang='lat' dir='ltr'><strong>qui</strong></span> <span class='ocrx_word' id='word_1_553' title='bbox 2378 2820 2603 2874; x_wconf 89' lang='lat' dir='ltr'><strong>visibilis</strong></span> <span class='ocrx_word' id='word_1_554' title='bbox 2634 2822 2849 2890; x_wconf 89' lang='lat' dir='ltr'><strong>quidem</strong></span> <span class='ocrx_word' id='word_1_555' title='bbox 2881 2821 2951 2874; x_wconf 79' lang='lat' dir='ltr'><strong>sit</strong></span> <span class='ocrx_word' id='word_1_556' title='bbox 2978 2835 3074 2889; x_wconf 91' lang='lat' dir='ltr'><strong>per</strong></span> <span class='ocrx_word' id='word_1_557' title='bbox 3109 2830 3386 2887; x_wconf 91' lang='lat' dir='ltr'><strong>naturam,</strong></span> <span class='ocrx_word' id='word_1_558' title='bbox 3417 2831 3469 2876; x_wconf 91' lang='lat' dir='ltr'><strong>et</strong></span> <span class='ocrx_word' id='word_1_559' title='bbox 3496 2821 3647 2876; x_wconf 90' lang='lat' dir='ltr'><strong>velut</strong></span> 
     </span>
    </p>
   </div>
   <div class='ocr_carea' id='block_1_75' title="bbox 2065 2907 3642 2981">
    <p class='ocr_par' dir='ltr' id='par_1_75' title="bbox 2065 2907 3642 2981">
     <span class='ocr_line' id='line_1_75' title="bbox 2065 2907 3642 2981; baseline 0.002 -20"><span class='ocrx_word' id='word_1_560' title='bbox 2065 2907 2363 2978; x_wconf 85' lang='lat' dir='ltr'><strong>fragilioris</strong></span> <span class='ocrx_word' id='word_1_561' title='bbox 2387 2922 2652 2966; x_wconf 76' lang='lat' dir='ltr'><strong>creaturae</strong></span> <span class='ocrx_word' id='word_1_562' title='bbox 2676 2915 2866 2967; x_wconf 88' lang='lat' dir='ltr'><strong>evadat</strong></span> <span class='ocrx_word' id='word_1_563' title='bbox 2894 2921 3055 2981; x_wconf 90' lang='lat' dir='ltr'><strong>atque</strong></span> <span class='ocrx_word' id='word_1_564' title='bbox 3079 2914 3306 2967; x_wconf 85' lang='lat' dir='ltr'><strong>excedat</strong></span> <span class='ocrx_word' id='word_1_565' title='bbox 3337 2925 3642 2979; x_wconf 87' lang='lat' dir='ltr'><strong>aspectum,</strong></span> 
     </span>
    </p>
   </div>
   <div class='ocr_carea' id='block_1_76' title="bbox 2067 2998 3642 3073">
    <p class='ocr_par' dir='ltr' id='par_1_76' title="bbox 2067 2998 3642 3073">
     <span class='ocr_line' id='line_1_76' title="bbox 2067 2998 3642 3073; baseline 0.003 -19"><span class='ocrx_word' id='word_1_566' title='bbox 2067 2998 2171 3068; x_wconf 85' lang='lat'><strong>53</strong></span> <span class='ocrx_word' id='word_1_567' title='bbox 2203 3000 2573 3070; x_wconf 87' lang='lat' dir='ltr'><strong>sedquoniam</strong></span> <span class='ocrx_word' id='word_1_568' title='bbox 2609 3005 2929 3059; x_wconf 84' lang='lat' dir='ltr'><strong>naturaliter</strong></span> <span class='ocrx_word' id='word_1_569' title='bbox 2962 3005 3130 3060; x_wconf 89' lang='lat' dir='ltr'><strong>videri</strong></span> <span class='ocrx_word' id='word_1_570' title='bbox 3164 3005 3502 3073; x_wconf 89' lang='lat' dir='ltr'><strong>impossibile</strong></span> <span class='ocrx_word' id='word_1_571' title='bbox 3538 3013 3642 3059; x_wconf 91' lang='lat' dir='ltr'><strong>est.</strong></span> 
     </span>
    </p>
   </div>
   <div class='ocr_carea' id='block_1_77' title="bbox 2068 3090 3516 3161">
    <p class='ocr_par' dir='ltr' id='par_1_77' title="bbox 2068 3090 3516 3161">
     <span class='ocr_line' id='line_1_77' title="bbox 2068 3090 3516 3161; baseline 0.005 -20"><span class='ocrx_word' id='word_1_572' title='bbox 2068 3090 2220 3155; x_wconf 90' lang='lat' dir='ltr'><strong>Quod</strong></span> <span class='ocrx_word' id='word_1_573' title='bbox 2259 3091 2302 3145; x_wconf 91' lang='lat' dir='ltr'><strong>si</strong></span> <span class='ocrx_word' id='word_1_574' title='bbox 2354 3093 2596 3161; x_wconf 90' lang='lat' dir='ltr'><strong>requiras</strong></span> <span class='ocrx_word' id='word_1_575' title='bbox 2648 3110 2676 3147; x_wconf 89' lang='lat' dir='ltr'><strong>a</strong></span> <span class='ocrx_word' id='word_1_576' title='bbox 2734 3109 2819 3148; x_wconf 85' lang='lat' dir='ltr'><strong>me</strong></span> <span class='ocrx_word' id='word_1_577' title='bbox 3017 3111 3269 3150; x_wconf 77' lang='lat' dir='ltr'><strong>INTERPB.</strong></span> <span class='ocrx_word' id='word_1_578' title='bbox 3299 3110 3516 3148; x_wconf 62' lang='lat' dir='ltr'><strong>manus.</strong></span> 
     </span>
    </p>
   </div>
   <div class='ocr_carea' id='block_1_78' title="bbox 2070 3184 3646 3255">
    <p class='ocr_par' dir='ltr' id='par_1_78' title="bbox 2070 3184 3646 3255">
     <span class='ocr_line' id='line_1_78' title="bbox 2070 3184 3646 3255; baseline 0.003 -22"><span class='ocrx_word' id='word_1_579' title='bbox 2070 3184 2199 3250; x_wconf 91' lang='lat' dir='ltr'><strong>quid</strong></span> <span class='ocrx_word' id='word_1_580' title='bbox 2227 3184 2605 3254; x_wconf 87' lang='lat' dir='ltr'><strong>etiamdeipso</strong></span> <span class='ocrx_word' id='word_1_581' title='bbox 2628 3186 2821 3255; x_wconf 88' lang='lat' dir='ltr'><strong>Unige-</strong></span> <span class='ocrx_word' id='word_1_582' title='bbox 2892 3187 3039 3242; x_wconf 76' lang='lat' dir='ltr'><strong>Sicut</strong></span> <span class='ocrx_word' id='word_1_583' title='bbox 3100 3189 3237 3240; x_wconf 84' lang='lat' dir='ltr'><strong>enim</strong></span> <span class='ocrx_word' id='word_1_584' title='bbox 3299 3188 3646 3254; x_wconf 76' lang='lat' dir='ltr'><strong>incongruum</strong></span> 
     </span>
    </p>
   </div>
   <div class='ocr_carea' id='block_1_79' title="bbox 2070 3276 3648 3350">
    <p class='ocr_par' dir='ltr' id='par_1_79' title="bbox 2070 3276 3648 3350">
     <span class='ocr_line' id='line_1_79' title="bbox 2070 3276 3648 3350; baseline 0.003 -24"><span class='ocrx_word' id='word_1_585' title='bbox 2070 3277 2184 3327; x_wconf 91' lang='lat' dir='ltr'><strong>nito</strong></span> <span class='ocrx_word' id='word_1_586' title='bbox 2223 3276 2477 3341; x_wconf 89' lang='lat' dir='ltr'><strong>sentiam,</strong></span> <span class='ocrx_word' id='word_1_587' title='bbox 2520 3278 2561 3332; x_wconf 92' lang='lat' dir='ltr'><strong>si</strong></span> <span class='ocrx_word' id='word_1_588' title='bbox 2608 3292 2673 3332; x_wconf 91' lang='lat' dir='ltr'><strong>ne</strong></span> <span class='ocrx_word' id='word_1_589' title='bbox 2719 3279 2817 3347; x_wconf 89' lang='lat' dir='ltr'><strong>ipsi</strong></span> <span class='ocrx_word' id='word_1_590' title='bbox 2893 3278 2969 3350; x_wconf 73' lang='grc' dir='ltr'>(Ξ)</span> <span class='ocrx_word' id='word_1_591' title='bbox 3019 3289 3096 3333; x_wconf 85' lang='lat' dir='ltr'><strong>est</strong></span> <span class='ocrx_word' id='word_1_592' title='bbox 3142 3280 3312 3332; x_wconf 76' lang='lat' dir='ltr'><strong>dicere</strong></span> <span class='ocrx_word' id='word_1_593' title='bbox 3338 3280 3475 3347; x_wconf 86' lang='lat' dir='ltr'><strong>quod</strong></span> <span class='ocrx_word' id='word_1_594' title='bbox 3524 3295 3648 3347; x_wconf 81' lang='lat' dir='ltr'><strong>pos-</strong></span> 
     </span>
    </p>
   </div>
   <div class='ocr_carea' id='block_1_80' title="bbox 2070 3368 3645 3438">
    <p class='ocr_par' dir='ltr' id='par_1_80' title="bbox 2070 3368 3645 3438">
     <span class='ocr_line' id='line_1_80' title="bbox 2070 3368 3645 3438; baseline 0.001 -18"><span class='ocrx_word' id='word_1_595' title='bbox 2070 3371 2288 3438; x_wconf 91' lang='lat' dir='ltr'><strong>quidem</strong></span> <span class='ocrx_word' id='word_1_596' title='bbox 2338 3372 2599 3426; x_wconf 90' lang='lat' dir='ltr'><strong>visibilem</strong></span> <span class='ocrx_word' id='word_1_597' title='bbox 2641 3373 2818 3426; x_wconf 87' lang='lat' dir='ltr'><strong>dicam</strong></span> <span class='ocrx_word' id='word_1_598' title='bbox 2893 3372 2959 3423; x_wconf 81' lang='lat' dir='ltr'><strong>sit</strong></span> <span class='ocrx_word' id='word_1_599' title='bbox 2994 3368 3164 3423; x_wconf 80' lang='lat' dir='ltr'><strong>Filius</strong></span> <span class='ocrx_word' id='word_1_600' title='bbox 3194 3371 3368 3424; x_wconf 84' lang='lat' dir='ltr'><strong>videre</strong></span> <span class='ocrx_word' id='word_1_601' title='bbox 3408 3368 3645 3436; x_wconf 83' lang='lat' dir='ltr'><strong>Patrem,</strong></span> 
     </span>
    </p>
   </div>
   <div class='ocr_carea' id='block_1_81' title="bbox 2074 3463 3641 3533">
    <p class='ocr_par' dir='ltr' id='par_1_81' title="bbox 2074 3463 3641 3533">
     <span class='ocr_line' id='line_1_81' title="bbox 2074 3463 3641 3533; baseline 0.001 -19"><span class='ocrx_word' id='word_1_602' title='bbox 2074 3472 2318 3517; x_wconf 88' lang='lat' dir='ltr'><strong>naturam</strong></span> <span class='ocrx_word' id='word_1_603' title='bbox 2343 3463 2827 3533; x_wconf 72' lang='lat' dir='ltr'><strong>Dei,qua:natura-</strong></span> <span class='ocrx_word' id='word_1_604' title='bbox 2895 3466 2967 3518; x_wconf 79' lang='lat' dir='ltr'><strong>ita</strong></span> <span class='ocrx_word' id='word_1_605' title='bbox 3014 3466 3373 3519; x_wconf 74' lang='lat' dir='ltr'><strong>inconveniens</strong></span> <span class='ocrx_word' id='word_1_606' title='bbox 3407 3472 3481 3518; x_wconf 80' lang='lat' dir='ltr'><strong>est</strong></span> <span class='ocrx_word' id='word_1_607' title='bbox 3527 3464 3641 3517; x_wconf 72' lang='lat' dir='ltr'><strong>ovi-</strong></span> 
     </span>
    </p>
   </div>
   <div class='ocr_carea' id='block_1_82' title="bbox 2070 3758 3641 3841">
    <p class='ocr_par' dir='ltr' id='par_1_82' title="bbox 2070 3758 3641 3841">
     <span class='ocr_line' id='line_1_82' title="bbox 2070 3758 3641 3841; baseline 0.004 -31"><span class='ocrx_word' id='word_1_608' title='bbox 2070 3760 2190 3841; x_wconf 64' lang='lat' dir='ltr'><strong>giila</strong></span> <span class='ocrx_word' id='word_1_609' title='bbox 2230 3759 2482 3841; x_wconf 42' lang='lat' dir='ltr'><strong>.mcmbra</strong></span> <span class='ocrx_word' id='word_1_610' title='bbox 2543 3773 2660 3826; x_wconf 63' lang='lat' dir='ltr'><strong>quae</strong></span> <span class='ocrx_word' id='word_1_611' title='bbox 2708 3774 2736 3812; x_wconf 89' lang='lat' dir='ltr'><strong>a</strong></span> <span class='ocrx_word' id='word_1_612' title='bbox 2791 3758 2898 3814; x_wconf 90' lang='lat' dir='ltr'><strong>Deo</strong></span> <span class='ocrx_word' id='word_1_613' title='bbox 2950 3759 3177 3813; x_wconf 84' lang='lat' dir='ltr'><strong>formata</strong></span> <span class='ocrx_word' id='word_1_614' title='bbox 3213 3767 3362 3824; x_wconf 89' lang='lat' dir='ltr'><strong>sunt,</strong></span> <span class='ocrx_word' id='word_1_615' title='bbox 3404 3758 3641 3816; x_wconf 82' lang='lat' dir='ltr'><strong>habeant</strong></span> 
     </span>
    </p>
   </div>
   <div class='ocr_carea' id='block_1_83' title="bbox 2073 3830 3646 3969">
    <p class='ocr_par' dir='ltr' id='par_1_83' title="bbox 2073 3830 3646 3969">
     <span class='ocr_line' id='line_1_83' title="bbox 2073 3830 3646 3969; baseline -0.008 -16"><span class='ocrx_word' id='word_1_616' title='bbox 2073 3830 2453 3969; x_wconf 52' lang='grc' dir='ltr'><strong>Μιξέὶιῶἀιλιῖιιε,</strong></span> <span class='ocrx_word' id='word_1_617' title='bbox 2510 3914 2529 3947; x_wconf 73' lang='grc' dir='ltr'>ι</span> <span class='ocrx_word' id='word_1_618' title='bbox 2568 3906 2624 3950; x_wconf 83' lang='grc' dir='ltr'><strong>ιιι</strong></span> <span class='ocrx_word' id='word_1_619' title='bbox 2658 3899 2709 3951; x_wconf 93' lang='lat' dir='ltr'><strong>in</strong></span> <span class='ocrx_word' id='word_1_620' title='bbox 2762 3898 2979 3965; x_wconf 87' lang='lat' dir='ltr'><strong>talibus,</strong></span> <span class='ocrx_word' id='word_1_621' title='bbox 3015 3917 3033 3951; x_wconf 71' lang='grc' dir='ltr'>ι</span> <span class='ocrx_word' id='word_1_622' title='bbox 3068 3900 3161 3954; x_wconf 92' lang='lat' dir='ltr'><strong>sed</strong></span> <span class='ocrx_word' id='word_1_623' title='bbox 3187 3913 3341 3963; x_wconf 91' lang='lat' dir='ltr'><strong>mss.,</strong></span> <span class='ocrx_word' id='word_1_624' title='bbox 3369 3916 3387 3949; x_wconf 73' lang='grc' dir='ltr'><strong><em>ι</em></strong></span> <span class='ocrx_word' id='word_1_625' title='bbox 3431 3898 3646 3953; x_wconf 69' lang='lat' dir='ltr'><strong>utvila.</strong></span> 
     </span>
    </p>
   </div>
   <div class='ocr_carea' id='block_1_84' title="bbox 2072 3968 2287 4022">
    <p class='ocr_par' dir='ltr' id='par_1_84' title="bbox 2072 3968 2287 4022">
     <span class='ocr_line' id='line_1_84' title="bbox 2072 3968 2287 4022; baseline 0 -1"><span class='ocrx_word' id='word_1_626' title='bbox 2072 3968 2230 4022; x_wconf 80' lang='lat' dir='ltr'><strong>libus.</strong></span> <span class='ocrx_word' id='word_1_627' title='bbox 2269 3988 2287 4020; x_wconf 70' lang='grc' dir='ltr'><strong><em>ι</em></strong></span> 
     </span>
    </p>
   </div>
   <div class='ocr_carea' id='block_1_85' title="bbox 2143 4036 3644 4108">
    <p class='ocr_par' dir='ltr' id='par_1_85' title="bbox 2143 4036 3644 4108">
     <span class='ocr_line' id='line_1_85' title="bbox 2143 4036 3644 4108; baseline -0.001 -17"><span class='ocrx_word' id='word_1_628' title='bbox 2143 4036 2253 4108; x_wconf 84' lang='grc'>(97)</span> <span class='ocrx_word' id='word_1_629' title='bbox 2289 4037 2378 4091; x_wconf 81' lang='lat' dir='ltr'><strong>Sic</strong></span> <span class='ocrx_word' id='word_1_630' title='bbox 2428 4052 2616 4090; x_wconf 90' lang='lat' dir='ltr'><strong>omnes</strong></span> <span class='ocrx_word' id='word_1_631' title='bbox 2665 4053 2794 4091; x_wconf 91' lang='lat' dir='ltr'><strong>mss.</strong></span> <span class='ocrx_word' id='word_1_632' title='bbox 2824 4038 2993 4100; x_wconf 87' lang='lat' dir='ltr'><strong>Alias,</strong></span> <span class='ocrx_word' id='word_1_633' title='bbox 3046 4054 3064 4087; x_wconf 73' lang='grc' dir='ltr'><strong><em>ι</em></strong></span> <span class='ocrx_word' id='word_1_634' title='bbox 3102 4037 3353 4102; x_wconf 89' lang='lat' dir='ltr'><strong>dicimus,</strong></span> <span class='ocrx_word' id='word_1_635' title='bbox 3407 4039 3644 4108; x_wconf 89' lang='lat' dir='ltr'><strong>eo_quod</strong></span> 
     </span>
    </p>
   </div>
   <div class='ocr_carea' id='block_1_86' title="bbox 2072 4106 3643 4175">
    <p class='ocr_par' dir='ltr' id='par_1_86' title="bbox 2072 4106 3643 4175">
     <span class='ocr_line' id='line_1_86' title="bbox 2072 4106 3643 4175; baseline -0.001 -16"><span class='ocrx_word' id='word_1_636' title='bbox 2072 4106 2420 4175; x_wconf 56' lang='lat' dir='ltr'><strong>praestantior</strong></span> <span class='ocrx_word' id='word_1_637' title='bbox 2474 4108 2546 4161; x_wconf 91' lang='lat' dir='ltr'><strong>sit</strong></span> <span class='ocrx_word' id='word_1_638' title='bbox 2615 4117 2720 4159; x_wconf 91' lang='lat' dir='ltr'><strong>tota</strong></span> <span class='ocrx_word' id='word_1_639' title='bbox 2788 4118 2979 4160; x_wconf 86' lang='lat' dir='ltr'><strong>natura</strong></span> <span class='ocrx_word' id='word_1_640' title='bbox 3049 4122 3329 4175; x_wconf 89' lang='lat' dir='ltr'><strong>corporea.</strong></span> <span class='ocrx_word' id='word_1_641' title='bbox 3392 4125 3410 4157; x_wconf 69' lang='grc' dir='ltr'>ι</span> <span class='ocrx_word' id='word_1_642' title='bbox 3477 4106 3643 4160; x_wconf 87' lang='lat' dir='ltr'><strong>Paulo</strong></span> 
     </span>
    </p>
   </div>
   <div class='ocr_carea' id='block_1_87' title="bbox 2073 4176 3644 4256">
    <p class='ocr_par' dir='ltr' id='par_1_87' title="bbox 2073 4176 3644 4256">
     <span class='ocr_line' id='line_1_87' title="bbox 2073 4176 3644 4256; baseline 0 -26"><span class='ocrx_word' id='word_1_643' title='bbox 2073 4186 2195 4245; x_wconf 80' lang='lat' dir='ltr'><strong>pest</strong></span> <span class='ocrx_word' id='word_1_644' title='bbox 2244 4193 2401 4256; x_wconf 70' lang='lat' dir='ltr'><strong>mss.,</strong></span> <span class='ocrx_word' id='word_1_645' title='bbox 2466 4195 2484 4226; x_wconf 76' lang='grc' dir='ltr'>ι</span> <span class='ocrx_word' id='word_1_646' title='bbox 2520 4176 2763 4246; x_wconf 88' lang='lat' dir='ltr'><strong>suhjacet</strong></span> <span class='ocrx_word' id='word_1_647' title='bbox 2814 4177 3047 4246; x_wconf 87' lang='lat' dir='ltr'><strong>propria.</strong></span> <span class='ocrx_word' id='word_1_648' title='bbox 3084 4178 3292 4241; x_wconf 59' lang='grc' dir='ltr'><strong>Μυίας,</strong></span> <span class='ocrx_word' id='word_1_649' title='bbox 3330 4193 3349 4226; x_wconf 72' lang='grc' dir='ltr'><strong>ε</strong></span> <span class='ocrx_word' id='word_1_650' title='bbox 3399 4176 3644 4243; x_wconf 87' lang='lat' dir='ltr'><strong>suhjacct</strong></span> 
     </span>
    </p>
   </div>
   <div class='ocr_carea' id='block_1_88' title="bbox 2070 4260 3639 4386">
    <p class='ocr_par' dir='ltr' id='par_1_88' title="bbox 2070 4260 3639 4386">
     <span class='ocr_line' id='line_1_88' title="bbox 2089 4261 2365 4299; baseline 0 -2"><span class='ocrx_word' id='word_1_651' title='bbox 2089 4261 2137 4298; x_wconf 75' lang='grc' dir='ltr'><strong>η·</strong></span> <span class='ocrx_word' id='word_1_652' title='bbox 2218 4262 2258 4297; x_wconf 83' lang='lat' dir='ltr'><strong>I‘I</strong></span> <span class='ocrx_word' id='word_1_653' title='bbox 2301 4286 2314 4299; x_wconf 95' lang='lat'><strong>.</strong></span> <span class='ocrx_word' id='word_1_654' title='bbox 2348 4268 2365 4297; x_wconf 77' lang='grc' dir='ltr'><strong><em>ι</em></strong></span> 
     </span>
     <span class='ocr_line' id='line_1_89' title="bbox 2070 4260 3639 4386; baseline -0.003 -17"><span class='ocrx_word' id='word_1_655' title='bbox 2070 4260 2091 4315; x_wconf 66' lang='lat'><strong>1</strong></span> <span class='ocrx_word' id='word_1_656' title='bbox 2142 4262 2682 4386; x_wconf 54' lang='grc' dir='ltr'><strong>(ἕωὶᾳζυὶαμιοτωπ</strong></span> <span class='ocrx_word' id='word_1_657' title='bbox 2714 4324 2886 4368; x_wconf 80' lang='lat' dir='ltr'><strong>autent</strong></span> <span class='ocrx_word' id='word_1_658' title='bbox 2912 4331 3178 4369; x_wconf 78' lang='lat' dir='ltr'><strong>sensuum.</strong></span> <span class='ocrx_word' id='word_1_659' title='bbox 3207 4312 3297 4369; x_wconf 88' lang='lat' dir='ltr'><strong>Sic</strong></span> <span class='ocrx_word' id='word_1_660' title='bbox 3321 4329 3449 4369; x_wconf 90' lang='lat' dir='ltr'><strong>mss.</strong></span> <span class='ocrx_word' id='word_1_661' title='bbox 3473 4313 3639 4379; x_wconf 85' lang='lat' dir='ltr'><strong>Alias,</strong></span> 
     </span>
    </p>
   </div>
   <div class='ocr_carea' id='block_1_89' title="bbox 406 4371 2979 4445">
    <p class='ocr_par' dir='ltr' id='par_1_89' title="bbox 406 4371 2979 4445">
     <span class='ocr_line' id='line_1_90' title="bbox 406 4371 2979 4445; baseline 0.003 -17"><span class='ocrx_word' id='word_1_662' title='bbox 406 4371 553 4431; x_wconf 81' lang='lat' dir='ltr'><strong>tuum</strong></span> <span class='ocrx_word' id='word_1_663' title='bbox 575 4378 626 4429; x_wconf 92' lang='lat' dir='ltr'><strong>in</strong></span> <span class='ocrx_word' id='word_1_664' title='bbox 651 4371 876 4445; x_wconf 69' lang='lat' dir='ltr'><strong>corpore</strong></span> <span class='ocrx_word' id='word_1_665' title='bbox 908 4393 1182 4445; x_wconf 78' lang='lat' dir='ltr'><strong>posuisse;</strong></span> <span class='ocrx_word' id='word_1_666' title='bbox 1214 4378 1265 4445; x_wconf 81' lang='lat' dir='ltr'><strong>id</strong></span> <span class='ocrx_word' id='word_1_667' title='bbox 1290 4379 1461 4432; x_wconf 91' lang='lat' dir='ltr'><strong>solum</strong></span> <span class='ocrx_word' id='word_1_668' title='bbox 1498 4378 1807 4444; x_wconf 81' lang='lat' dir='ltr'><strong>conficitur,</strong></span> <span class='ocrx_word' id='word_1_669' title='bbox 1838 4371 1965 4435; x_wconf 81' lang='lat' dir='ltr'><strong>Dri-</strong></span> <span class='ocrx_word' id='word_1_670' title='bbox 1999 4371 2043 4427; x_wconf 77' lang='grc' dir='ltr'><strong>Ι)</strong></span> <span class='ocrx_word' id='word_1_671' title='bbox 2078 4404 2097 4437; x_wconf 84' lang='grc'><em>‹</em></span> <span class='ocrx_word' id='word_1_672' title='bbox 2132 4371 2290 4438; x_wconf 67' lang='lat' dir='ltr'><strong>levia.</strong></span> <span class='ocrx_word' id='word_1_673' title='bbox 2322 4384 2415 4440; x_wconf 89' lang='lat' dir='ltr'><strong>His</strong></span> <span class='ocrx_word' id='word_1_674' title='bbox 2445 4371 2621 4439; x_wconf 77' lang='lat' dir='ltr'><strong>autem</strong></span> <span class='ocrx_word' id='word_1_675' title='bbox 2663 4386 2928 4439; x_wconf 88' lang='lat' dir='ltr'><strong>sensibus.</strong></span> <span class='ocrx_word' id='word_1_676' title='bbox 2963 4404 2979 4435; x_wconf 73' lang='grc' dir='ltr'><strong>ι</strong></span> 
     </span>
    </p>
   </div>
   <div class='ocr_carea' id='block_1_90' title="bbox 404 4442 1970 4519">
    <p class='ocr_par' dir='ltr' id='par_1_90' title="bbox 404 4442 1970 4519">
     <span class='ocr_line' id='line_1_91' title="bbox 404 4442 1970 4519; baseline 0.004 -21"><span class='ocrx_word' id='word_1_677' title='bbox 404 4442 770 4519; x_wconf 68' lang='lat' dir='ltr'><strong>gcnemjuxta</strong></span> <span class='ocrx_word' id='word_1_678' title='bbox 806 4442 1195 4519; x_wconf 80' lang='lat' dir='ltr'><strong>ac_Platonicos</strong></span> <span class='ocrx_word' id='word_1_679' title='bbox 1219 4442 1434 4517; x_wconf 80' lang='lat' dir='ltr'><strong>putasse</strong></span> <span class='ocrx_word' id='word_1_680' title='bbox 1460 4450 1672 4503; x_wconf 90' lang='lat' dir='ltr'><strong>animas</strong></span> <span class='ocrx_word' id='word_1_681' title='bbox 1694 4442 1970 4519; x_wconf 86' lang='lat' dir='ltr'><strong>nunquam</strong></span> 
     </span>
    </p>
   </div>
   <div class='ocr_carea' id='block_1_91' title="bbox 407 4516 1972 4586">
    <p class='ocr_par' dir='ltr' id='par_1_91' title="bbox 407 4516 1972 4586">
     <span class='ocr_line' id='line_1_92' title="bbox 407 4516 1972 4586; baseline 0.005 -18"><span class='ocrx_word' id='word_1_682' title='bbox 407 4516 727 4583; x_wconf 83' lang='lat' dir='ltr'><strong>corporibus</strong></span> <span class='ocrx_word' id='word_1_683' title='bbox 748 4517 969 4586; x_wconf 89' lang='lat' dir='ltr'><strong>omnino</strong></span> <span class='ocrx_word' id='word_1_684' title='bbox 1008 4516 1231 4577; x_wconf 58' lang='lat' dir='ltr'><strong>nudari,</strong></span> <span class='ocrx_word' id='word_1_685' title='bbox 1252 4519 1343 4571; x_wconf 87' lang='lat' dir='ltr'><strong>sed</strong></span> <span class='ocrx_word' id='word_1_686' title='bbox 1372 4528 1565 4586; x_wconf 67' lang='lat' dir='ltr'><strong>praeter</strong></span> <span class='ocrx_word' id='word_1_687' title='bbox 1593 4516 1841 4574; x_wconf 78' lang='lat' dir='ltr'><strong>crassum</strong></span> <span class='ocrx_word' id='word_1_688' title='bbox 1870 4521 1972 4576; x_wconf 89' lang='lat' dir='ltr'><strong>hoc</strong></span> 
     </span>
    </p>
   </div>
   <div class='ocr_carea' id='block_1_92' title="bbox 407 4585 1969 4656">
    <p class='ocr_par' dir='ltr' id='par_1_92' title="bbox 407 4585 1969 4656">
     <span class='ocr_line' id='line_1_93' title="bbox 407 4585 1969 4656; baseline 0.004 -19"><span class='ocrx_word' id='word_1_689' title='bbox 407 4598 606 4651; x_wconf 87' lang='lat' dir='ltr'><strong>corpus</strong></span> <span class='ocrx_word' id='word_1_690' title='bbox 650 4600 758 4653; x_wconf 92' lang='lat' dir='ltr'><strong>quo</strong></span> <span class='ocrx_word' id='word_1_691' title='bbox 790 4586 842 4637; x_wconf 94' lang='lat' dir='ltr'><strong>in</strong></span> <span class='ocrx_word' id='word_1_692' title='bbox 891 4585 990 4656; x_wconf 90' lang='lat' dir='ltr'><strong>hac</strong></span> <span class='ocrx_word' id='word_1_693' title='bbox 1028 4587 1133 4639; x_wconf 91' lang='lat' dir='ltr'><strong>vita</strong></span> <span class='ocrx_word' id='word_1_694' title='bbox 1168 4585 1497 4650; x_wconf 84' lang='lat' dir='ltr'><strong>induuntur,</strong></span> <span class='ocrx_word' id='word_1_695' title='bbox 1536 4596 1683 4642; x_wconf 86' lang='lat' dir='ltr'><strong>certo</strong></span> <span class='ocrx_word' id='word_1_696' title='bbox 1739 4591 1969 4656; x_wconf 87' lang='lat' dir='ltr'><strong>quodam</strong></span> 
     </span>
    </p>
   </div>
   <div class='ocr_carea' id='block_1_93' title="bbox 409 4655 1975 4727">
    <p class='ocr_par' dir='ltr' id='par_1_93' title="bbox 409 4655 1975 4727">
     <span class='ocr_line' id='line_1_94' title="bbox 409 4655 1975 4727; baseline 0.005 -22"><span class='ocrx_word' id='word_1_697' title='bbox 409 4668 682 4727; x_wconf 82' lang='lat' dir='ltr'><strong>connexas</strong></span> <span class='ocrx_word' id='word_1_698' title='bbox 702 4668 824 4708; x_wconf 90' lang='lat' dir='ltr'><strong>esse</strong></span> <span class='ocrx_word' id='word_1_699' title='bbox 846 4655 992 4709; x_wconf 90' lang='lat' dir='ltr'><strong>aerio</strong></span> <span class='ocrx_word' id='word_1_700' title='bbox 1010 4670 1240 4727; x_wconf 83' lang='lat' dir='ltr'><strong>corpore</strong></span> <span class='ocrx_word' id='word_1_701' title='bbox 1277 4656 1418 4723; x_wconf 91' lang='lat' dir='ltr'><strong>quod</strong></span> <span class='ocrx_word' id='word_1_702' title='bbox 1453 4671 1547 4709; x_wconf 89' lang='lat' dir='ltr'><strong>eas</strong></span> <span class='ocrx_word' id='word_1_703' title='bbox 1569 4655 1765 4726; x_wconf 89' lang='lat' dir='ltr'><strong>ubique</strong></span> <span class='ocrx_word' id='word_1_704' title='bbox 1792 4660 1975 4727; x_wconf 88' lang='lat' dir='ltr'><strong>sequi-</strong></span> 
     </span>
    </p>
   </div>
   <div class='ocr_carea' id='block_1_94' title="bbox 409 4723 1972 4795">
    <p class='ocr_par' dir='ltr' id='par_1_94' title="bbox 409 4723 1972 4795">
     <span class='ocr_line' id='line_1_95' title="bbox 409 4723 1972 4795; baseline 0.005 -20"><span class='ocrx_word' id='word_1_705' title='bbox 409 4730 517 4795; x_wconf 79' lang='lat' dir='ltr'><strong>tur.</strong></span> <span class='ocrx_word' id='word_1_706' title='bbox 543 4723 685 4788; x_wconf 89' lang='lat' dir='ltr'><strong>quod</strong></span> <span class='ocrx_word' id='word_1_707' title='bbox 708 4726 1111 4795; x_wconf 67' lang='lat' dir='ltr'><strong>servantetiam</strong></span> <span class='ocrx_word' id='word_1_708' title='bbox 1138 4725 1380 4795; x_wconf 72' lang='grc' dir='ltr'><strong>«Ιυροδιιρ</strong></span> <span class='ocrx_word' id='word_1_709' title='bbox 1414 4723 1852 4795; x_wconf 62' lang='grc' dir='ltr'><strong>(δι’σιιδείοτίξίιυοά</strong></span> <span class='ocrx_word' id='word_1_710' title='bbox 1870 4723 1972 4783; x_wconf 65' lang='lat' dir='ltr'><strong>lle-</strong></span> 
     </span>
    </p>
   </div>
   <div class='ocr_carea' id='block_1_95' title="bbox 413 4792 1966 4873">
    <p class='ocr_par' dir='ltr' id='par_1_95' title="bbox 413 4792 1966 4873">
     <span class='ocr_line' id='line_1_96' title="bbox 413 4792 1966 4873; baseline 0.001 -27"><span class='ocrx_word' id='word_1_711' title='bbox 413 4792 575 4873; x_wconf 81' lang='lat' dir='ltr'><strong>nique</strong></span> <span class='ocrx_word' id='word_1_712' title='bbox 603 4804 824 4873; x_wconf 77' lang='lat' dir='ltr'><strong>vocatur</strong></span> <span class='ocrx_word' id='word_1_713' title='bbox 850 4809 877 4845; x_wconf 92' lang='lat' dir='ltr'><strong>a</strong></span> <span class='ocrx_word' id='word_1_714' title='bbox 926 4794 1228 4873; x_wconf 72' lang='lat' dir='ltr'><strong>Pprphyrio</strong></span> <span class='ocrx_word' id='word_1_715' title='bbox 1264 4804 1318 4847; x_wconf 91' lang='lat' dir='ltr'><strong>et</strong></span> <span class='ocrx_word' id='word_1_716' title='bbox 1352 4793 1568 4873; x_wconf 76' lang='lat' dir='ltr'><strong>Piotino</strong></span> <span class='ocrx_word' id='word_1_717' title='bbox 1604 4814 1622 4846; x_wconf 84' lang='grc'><em>‹</em></span> <span class='ocrx_word' id='word_1_718' title='bbox 1669 4792 1910 4873; x_wconf 80' lang='lat' dir='ltr'><strong>spiritale</strong></span> <span class='ocrx_word' id='word_1_719' title='bbox 1949 4816 1966 4848; x_wconf 70' lang='grc' dir='ltr'><strong>ι</strong></span> 
     </span>
    </p>
   </div>
   <div class='ocr_carea' id='block_1_96' title="bbox 408 4863 1968 4935">
    <p class='ocr_par' dir='ltr' id='par_1_96' title="bbox 408 4863 1968 4935">
     <span class='ocr_line' id='line_1_97' title="bbox 408 4863 1968 4935; baseline 0.005 -22"><span class='ocrx_word' id='word_1_720' title='bbox 408 4871 465 4935; x_wconf 73' lang='lat' dir='ltr'><strong>et</strong></span> <span class='ocrx_word' id='word_1_721' title='bbox 486 4863 713 4917; x_wconf 86' lang='lat' dir='ltr'><strong>interius</strong></span> <span class='ocrx_word' id='word_1_722' title='bbox 736 4865 930 4935; x_wconf 65' lang='lat' dir='ltr'><strong>animae</strong></span> <span class='ocrx_word' id='word_1_723' title='bbox 970 4863 1363 4935; x_wconf 87' lang='lat' dir='ltr'><strong>indumentum.</strong></span> <span class='ocrx_word' id='word_1_724' title='bbox 1403 4863 1512 4917; x_wconf 90' lang='lat' dir='ltr'><strong>lmo</strong></span> <span class='ocrx_word' id='word_1_725' title='bbox 1541 4880 1736 4932; x_wconf 65' lang='lat' dir='ltr'><strong>praeter</strong></span> <span class='ocrx_word' id='word_1_726' title='bbox 1772 4867 1968 4935; x_wconf 82' lang='lat' dir='ltr'><strong>duplex</strong></span> 
     </span>
    </p>
   </div>
   <div class='ocr_carea' id='block_1_97' title="bbox 408 4929 1974 5002">
    <p class='ocr_par' dir='ltr' id='par_1_97' title="bbox 408 4929 1974 5002">
     <span class='ocr_line' id='line_1_98' title="bbox 408 4929 1974 5002; baseline 0.002 -13"><span class='ocrx_word' id='word_1_727' title='bbox 408 4929 580 4989; x_wconf 83' lang='lat' dir='ltr'><strong>hocce</strong></span> <span class='ocrx_word' id='word_1_728' title='bbox 605 4948 825 5001; x_wconf 88' lang='lat' dir='ltr'><strong>corpus,</strong></span> <span class='ocrx_word' id='word_1_729' title='bbox 847 4932 1176 5002; x_wconf 88' lang='lat' dir='ltr'><strong>Philoponus</strong></span> <span class='ocrx_word' id='word_1_730' title='bbox 1204 4932 1421 4986; x_wconf 84' lang='lat' dir='ltr'><strong>tertium</strong></span> <span class='ocrx_word' id='word_1_731' title='bbox 1449 4929 1691 5001; x_wconf 78' lang='lat' dir='ltr'><strong>agnoscit</strong></span> <span class='ocrx_word' id='word_1_732' title='bbox 1722 4929 1974 4992; x_wconf 80' lang='lat' dir='ltr'><strong>subtilius</strong></span> 
     </span>
    </p>
   </div>
   <div class='ocr_carea' id='block_1_98' title="bbox 411 5002 1973 5077">
    <p class='ocr_par' dir='ltr' id='par_1_98' title="bbox 411 5002 1973 5077">
     <span class='ocr_line' id='line_1_99' title="bbox 411 5002 1973 5077; baseline 0.004 -23"><span class='ocrx_word' id='word_1_733' title='bbox 411 5010 471 5077; x_wconf 59' lang='lat' dir='ltr'><strong>et</strong></span> <span class='ocrx_word' id='word_1_734' title='bbox 498 5003 684 5077; x_wconf 77' lang='lat' dir='ltr'><strong>purius</strong></span> <span class='ocrx_word' id='word_1_735' title='bbox 732 5005 872 5077; x_wconf 80' lang='lat' dir='ltr'><strong>quod</strong></span> <span class='ocrx_word' id='word_1_736' title='bbox 928 5014 1085 5077; x_wconf 80' lang='lat' dir='ltr'><strong>vocat</strong></span> <span class='ocrx_word' id='word_1_737' title='bbox 1111 5002 1268 5073; x_wconf 83' lang='grc' dir='ltr'>σῶμα</span> <span class='ocrx_word' id='word_1_738' title='bbox 1309 5003 1577 5077; x_wconf 55' lang='grc' dir='ltr'><strong>ορράγιον,</strong></span> <span class='ocrx_word' id='word_1_739' title='bbox 1613 5004 1866 5077; x_wconf 74' lang='grc' dir='ltr'><strong>αἰθέριον,</strong></span> <span class='ocrx_word' id='word_1_740' title='bbox 1919 5017 1973 5061; x_wconf 89' lang='lat' dir='ltr'><strong>et</strong></span> 
     </span>
    </p>
   </div>
   <div class='ocr_carea' id='block_1_99' title="bbox 413 5063 1977 5141">
    <p class='ocr_par' dir='ltr' id='par_1_99' title="bbox 413 5063 1977 5141">
     <span class='ocr_line' id='line_1_100' title="bbox 413 5063 1977 5141; baseline 0.003 -16"><span class='ocrx_word' id='word_1_741' title='bbox 413 5063 707 5140; x_wconf 63' lang='grc' dir='ltr'><strong>αὑδξοειδές,</strong></span> <span class='ocrx_word' id='word_1_742' title='bbox 731 5063 978 5141; x_wconf 77' lang='lat' dir='ltr'><strong>quodque</strong></span> <span class='ocrx_word' id='word_1_743' title='bbox 1002 5063 1285 5127; x_wconf 82' lang='lat' dir='ltr'><strong>animabus</strong></span> <span class='ocrx_word' id='word_1_744' title='bbox 1314 5063 1498 5125; x_wconf 67' lang='lat' dir='ltr'><strong>tribuit</strong></span> <span class='ocrx_word' id='word_1_745' title='bbox 1524 5063 1645 5141; x_wconf 68' lang='lat' dir='ltr'><strong>quae</strong></span> <span class='ocrx_word' id='word_1_746' title='bbox 1676 5063 1748 5127; x_wconf 46' lang='lat' dir='ltr'><strong>ab.</strong></span> <span class='ocrx_word' id='word_1_747' title='bbox 1777 5063 1977 5131; x_wconf 63' lang='lat' dir='ltr'><strong>allecti-</strong></span> 
     </span>
    </p>
   </div>
   <div class='ocr_carea' id='block_1_100' title="bbox 414 5142 1974 5210">
    <p class='ocr_par' dir='ltr' id='par_1_100' title="bbox 414 5142 1974 5210">
     <span class='ocr_line' id='line_1_101' title="bbox 414 5142 1974 5210; baseline 0.003 -16"><span class='ocrx_word' id='word_1_748' title='bbox 414 5142 514 5195; x_wconf 86' lang='lat' dir='ltr'><strong>bus</strong></span> <span class='ocrx_word' id='word_1_749' title='bbox 562 5145 840 5210; x_wconf 81' lang='lat' dir='ltr'><strong>corporeis</strong></span> <span class='ocrx_word' id='word_1_750' title='bbox 894 5144 1073 5197; x_wconf 85' lang='lat' dir='ltr'><strong>liberae</strong></span> <span class='ocrx_word' id='word_1_751' title='bbox 1126 5152 1268 5198; x_wconf 90' lang='lat' dir='ltr'><strong>sunt.</strong></span> <span class='ocrx_word' id='word_1_752' title='bbox 1335 5143 1556 5197; x_wconf 76' lang='lat' dir='ltr'><strong>l’roclus</strong></span> <span class='ocrx_word' id='word_1_753' title='bbox 1602 5154 1655 5196; x_wconf 89' lang='lat' dir='ltr'><strong>et</strong></span> <span class='ocrx_word' id='word_1_754' title='bbox 1700 5143 1974 5199; x_wconf 85' lang='lat' dir='ltr'><strong>Hierocles</strong></span> 
     </span>
    </p>
   </div>
   <div class='ocr_carea' id='block_1_101' title="bbox 416 5212 1975 5285">
    <p class='ocr_par' dir='ltr' id='par_1_101' title="bbox 416 5212 1975 5285">
     <span class='ocr_line' id='line_1_102' title="bbox 416 5212 1975 5285; baseline 0.003 -21"><span class='ocrx_word' id='word_1_755' title='bbox 416 5212 551 5285; x_wconf 79' lang='lat' dir='ltr'><strong>illud</strong></span> <span class='ocrx_word' id='word_1_756' title='bbox 601 5222 791 5285; x_wconf 82' lang='lat' dir='ltr'><strong>vocant</strong></span> <span class='ocrx_word' id='word_1_757' title='bbox 822 5214 903 5285; x_wconf 51' lang='lat' dir='ltr'><strong>ab</strong></span> <span class='ocrx_word' id='word_1_758' title='bbox 953 5213 1319 5285; x_wconf 73' lang='grc' dir='ltr'><strong>πνευματικὸν</strong></span> <span class='ocrx_word' id='word_1_759' title='bbox 1376 5212 1698 5285; x_wconf 19' lang='grc' dir='ltr'><strong>ὄχημαήτῆς</strong></span> <span class='ocrx_word' id='word_1_760' title='bbox 1755 5214 1975 5285; x_wconf 75' lang='grc' dir='ltr'><strong>λογικῆς</strong></span> 
     </span>
    </p>
   </div>
   <div class='ocr_carea' id='block_1_102' title="bbox 412 5281 1968 5403">
    <p class='ocr_par' dir='ltr' id='par_1_102' title="bbox 412 5281 1968 5403">
     <span class='ocr_line' id='line_1_103' title="bbox 412 5281 1968 5403; baseline 0.001 -70"><span class='ocrx_word' id='word_1_761' title='bbox 412 5281 610 5403; x_wconf 45' lang='grc' dir='ltr'><strong>Χυχῆς,</strong></span> <span class='ocrx_word' id='word_1_762' title='bbox 645 5302 662 5333; x_wconf 73' lang='grc' dir='ltr'><strong><em>ι</em></strong></span> <span class='ocrx_word' id='word_1_763' title='bbox 702 5282 941 5349; x_wconf 87' lang='lat' dir='ltr'><strong>spiritale</strong></span> <span class='ocrx_word' id='word_1_764' title='bbox 990 5281 1291 5337; x_wconf 85' lang='lat' dir='ltr'><strong>vehiculum</strong></span> <span class='ocrx_word' id='word_1_765' title='bbox 1322 5281 1663 5337; x_wconf 79' lang='lat' dir='ltr'><strong>rationabilis</strong></span> <span class='ocrx_word' id='word_1_766' title='bbox 1698 5281 1968 5338; x_wconf 67' lang='lat' dir='ltr'><strong>animch</strong></span> 
     </span>
     <span class='ocr_line' id='line_1_104' title="bbox 465 5351 1968 5403; baseline 0 0"><span class='ocrx_word' id='word_1_767' title='bbox 465 5354 660 5403; x_wconf 88' lang='lat' dir='ltr'><strong>tvalde</strong></span> <span class='ocrx_word' id='word_1_768' title='bbox 692 5355 1035 5403; x_wconf 76' lang='lat' dir='ltr'><strong>peregrinum</strong></span> <span class='ocrx_word' id='word_1_769' title='bbox 1067 5356 1117 5403; x_wconf 92' lang='lat' dir='ltr'><strong>in</strong></span> <span class='ocrx_word' id='word_1_770' title='bbox 1154 5353 1545 5403; x_wconf 83' lang='lat' dir='ltr'><strong>Platonicorum</strong></span> <span class='ocrx_word' id='word_1_771' title='bbox 1575 5351 1791 5403; x_wconf 78' lang='lat' dir='ltr'><strong>scribtis</strong></span> <span class='ocrx_word' id='word_1_772' title='bbox 1824 5369 1968 5403; x_wconf 89' lang='lat' dir='ltr'><strong>onor-</strong></span> 
     </span>
    </p>
   </div>
   <div class='ocr_carea' id='block_1_103' title="bbox 465 5351 1977 5423">
    <p class='ocr_par' dir='ltr' id='par_1_103' title="bbox 465 5351 1977 5423">
     <span class='ocr_line' id='line_1_105' title="bbox 465 5351 1977 5423; baseline 0.001 -19"><span class='ocrx_word' id='word_1_773' title='bbox 465 5351 660 5405; x_wconf 38' lang='lat' dir='ltr'><strong>t_valde</strong></span> <span class='ocrx_word' id='word_1_774' title='bbox 691 5355 1035 5422; x_wconf 85' lang='lat' dir='ltr'><strong>peregrinum</strong></span> <span class='ocrx_word' id='word_1_775' title='bbox 1067 5356 1117 5406; x_wconf 92' lang='lat' dir='ltr'><strong>in</strong></span> <span class='ocrx_word' id='word_1_776' title='bbox 1154 5353 1545 5423; x_wconf 84' lang='lat' dir='ltr'><strong>Platonicorum</strong></span> <span class='ocrx_word' id='word_1_777' title='bbox 1575 5351 1791 5420; x_wconf 85' lang='lat' dir='ltr'><strong>scriptis</strong></span> <span class='ocrx_word' id='word_1_778' title='bbox 1824 5369 1977 5423; x_wconf 85' lang='lat' dir='ltr'><strong>opor-</strong></span> 
     </span>
    </p>
   </div>
   <div class='ocr_carea' id='block_1_104' title="bbox 416 5422 1972 5490">
    <p class='ocr_par' dir='ltr' id='par_1_104' title="bbox 416 5422 1972 5490">
     <span class='ocr_line' id='line_1_106' title="bbox 416 5422 1972 5490; baseline 0.001 -18"><span class='ocrx_word' id='word_1_779' title='bbox 416 5430 492 5473; x_wconf 88' lang='lat' dir='ltr'><strong>tet</strong></span> <span class='ocrx_word' id='word_1_780' title='bbox 537 5437 659 5475; x_wconf 91' lang='lat' dir='ltr'><strong>eum</strong></span> <span class='ocrx_word' id='word_1_781' title='bbox 690 5436 812 5475; x_wconf 84' lang='lat' dir='ltr'><strong>esse</strong></span> <span class='ocrx_word' id='word_1_782' title='bbox 862 5424 951 5490; x_wconf 89' lang='lat' dir='ltr'><strong>qui</strong></span> <span class='ocrx_word' id='word_1_783' title='bbox 1008 5425 1060 5476; x_wconf 90' lang='lat' dir='ltr'><strong>in</strong></span> <span class='ocrx_word' id='word_1_784' title='bbox 1119 5424 1284 5475; x_wconf 87' lang='lat' dir='ltr'><strong>hocce</strong></span> <span class='ocrx_word' id='word_1_785' title='bbox 1329 5422 1527 5490; x_wconf 88' lang='lat' dir='ltr'><strong>duplici</strong></span> <span class='ocrx_word' id='word_1_786' title='bbox 1577 5422 1972 5483; x_wconf 41' lang='lat' dir='ltr'><strong>interiori,&#39;vel</strong></span> 
     </span>
    </p>
   </div>
   <div class='ocr_carea' id='block_1_105' title="bbox 416 5490 1972 5560">
    <p class='ocr_par' dir='ltr' id='par_1_105' title="bbox 416 5490 1972 5560">
     <span class='ocr_line' id='line_1_107' title="bbox 416 5490 1972 5560; baseline 0.001 -17"><span class='ocrx_word' id='word_1_787' title='bbox 416 5490 682 5545; x_wconf 86' lang='lat' dir='ltr'><strong>alterutro</strong></span> <span class='ocrx_word' id='word_1_788' title='bbox 718 5492 964 5546; x_wconf 75' lang='lat' dir='ltr'><strong>Vehiculo</strong></span> <span class='ocrx_word' id='word_1_789' title='bbox 1017 5507 1108 5547; x_wconf 91' lang='lat' dir='ltr'><strong>eos</strong></span> <span class='ocrx_word' id='word_1_790' title='bbox 1161 5494 1427 5560; x_wconf 88' lang='lat' dir='ltr'><strong>putaverit</strong></span> <span class='ocrx_word' id='word_1_791' title='bbox 1480 5492 1672 5546; x_wconf 74' lang='lat' dir='ltr'><strong>animze</strong></span> <span class='ocrx_word' id='word_1_792' title='bbox 1722 5502 1972 5546; x_wconf 84' lang='lat' dir='ltr'><strong>naturam</strong></span> 
     </span>
    </p>
   </div>
   <div class='ocr_carea' id='block_1_106' title="bbox 490 5576 679 5615">
    <p class='ocr_par' dir='ltr' id='par_1_106' title="bbox 490 5576 679 5615">
     <span class='ocr_line' id='line_1_108' title="bbox 490 5576 679 5615; baseline 0 -3"><span class='ocrx_word' id='word_1_793' title='bbox 490 5576 679 5615; x_wconf 71' lang='lat' dir='ltr'><strong>SlIISSC.</strong></span> 
     </span>
    </p>
   </div>
   <div class='ocr_carea' id='block_1_107' title="bbox 416 5573 1974 5701">
    <p class='ocr_par' dir='ltr' id='par_1_107' title="bbox 416 5573 1974 5701">
     <span class='ocr_line' id='line_1_109' title="bbox 416 5573 679 5631; baseline 0 -19"><span class='ocrx_word' id='word_1_794' title='bbox 416 5573 679 5631; x_wconf 81' lang='lat' dir='ltr'><strong>posuisse.</strong></span> 
     </span>
     <span class='ocr_line' id='line_1_110' title="bbox 489 5629 1974 5701; baseline 0 -16"><span class='ocrx_word' id='word_1_795' title='bbox 489 5629 600 5701; x_wconf 77' lang='lat'><strong>(95)</strong></span> <span class='ocrx_word' id='word_1_796' title='bbox 636 5632 726 5685; x_wconf 84' lang='lat' dir='ltr'><strong>Sic</strong></span> <span class='ocrx_word' id='word_1_797' title='bbox 755 5646 879 5687; x_wconf 89' lang='lat' dir='ltr'><strong>n.ss.</strong></span> <span class='ocrx_word' id='word_1_798' title='bbox 909 5632 1073 5701; x_wconf 84' lang='lat' dir='ltr'><strong>Alias,</strong></span> <span class='ocrx_word' id='word_1_799' title='bbox 1130 5651 1145 5684; x_wconf 70' lang='grc' dir='ltr'>ί</span> <span class='ocrx_word' id='word_1_800' title='bbox 1186 5633 1264 5687; x_wconf 82' lang='lat' dir='ltr'><strong>vel</strong></span> <span class='ocrx_word' id='word_1_801' title='bbox 1315 5632 1377 5686; x_wconf 87' lang='lat' dir='ltr'><strong>ad</strong></span> <span class='ocrx_word' id='word_1_802' title='bbox 1414 5631 1714 5699; x_wconf 77' lang='lat' dir='ltr'><strong>vivendum,</strong></span> <span class='ocrx_word' id='word_1_803' title='bbox 1762 5640 1819 5686; x_wconf 80' lang='grc' dir='ltr'><strong>ιιι</strong></span> <span class='ocrx_word' id='word_1_804' title='bbox 1862 5631 1974 5686; x_wconf 90' lang='lat' dir='ltr'><strong>sin-</strong></span> 
     </span>
    </p>
   </div>
   <div class='ocr_carea' id='block_1_108' title="bbox 2148 4453 3637 4525">
    <p class='ocr_par' dir='ltr' id='par_1_108' title="bbox 2148 4453 3637 4525">
     <span class='ocr_line' id='line_1_111' title="bbox 2148 4453 3637 4525; baseline -0.001 -18"><span class='ocrx_word' id='word_1_805' title='bbox 2148 4453 2257 4525; x_wconf 84' lang='lat'><strong>(99)</strong></span> <span class='ocrx_word' id='word_1_806' title='bbox 2289 4454 2446 4525; x_wconf 73' lang='lat' dir='ltr'><strong>Posse</strong></span> <span class='ocrx_word' id='word_1_807' title='bbox 2467 4453 2683 4525; x_wconf 74' lang='lat' dir='ltr'><strong>intelligi</strong></span> <span class='ocrx_word' id='word_1_808' title='bbox 2706 4470 2805 4524; x_wconf 90' lang='lat' dir='ltr'><strong>quo</strong></span> <span class='ocrx_word' id='word_1_809' title='bbox 2839 4456 3032 4507; x_wconf 82' lang='lat' dir='ltr'><strong>scilicet</strong></span> <span class='ocrx_word' id='word_1_810' title='bbox 3051 4453 3511 4525; x_wconf 75' lang='lat' dir='ltr'><strong>secundumt’psos,</strong></span> <span class='ocrx_word' id='word_1_811' title='bbox 3531 4462 3637 4507; x_wconf 84' lang='lat' dir='ltr'><strong>etc.</strong></span> 
     </span>
    </p>
   </div>
   <div class='ocr_carea' id='block_1_109' title="bbox 2076 4523 3636 4587">
    <p class='ocr_par' dir='ltr' id='par_1_109' title="bbox 2076 4523 3636 4587">
     <span class='ocr_line' id='line_1_112' title="bbox 2076 4523 3636 4587; baseline -0.003 -9"><span class='ocrx_word' id='word_1_812' title='bbox 2076 4523 2325 4578; x_wconf 73' lang='lat' dir='ltr'><strong>SiChttnc</strong></span> <span class='ocrx_word' id='word_1_813' title='bbox 2354 4524 2615 4580; x_wconf 88' lang='lat' dir='ltr'><strong>locumad</strong></span> <span class='ocrx_word' id='word_1_814' title='bbox 2638 4523 2792 4578; x_wconf 88' lang='lat' dir='ltr'><strong>Iidem</strong></span> <span class='ocrx_word' id='word_1_815' title='bbox 2825 4525 3068 4577; x_wconf 87' lang='lat' dir='ltr'><strong>ontnium</strong></span> <span class='ocrx_word' id='word_1_816' title='bbox 3108 4538 3234 4576; x_wconf 93' lang='lat' dir='ltr'><strong>mss.</strong></span> <span class='ocrx_word' id='word_1_817' title='bbox 3270 4523 3636 4587; x_wconf 86' lang='lat' dir='ltr'><strong>restituimus;</strong></span> 
     </span>
    </p>
   </div>
   <div class='ocr_carea' id='block_1_110' title="bbox 2075 4593 3640 4661">
    <p class='ocr_par' dir='ltr' id='par_1_110' title="bbox 2075 4593 3640 4661">
     <span class='ocr_line' id='line_1_113' title="bbox 2075 4593 3640 4661; baseline -0.002 -14"><span class='ocrx_word' id='word_1_818' title='bbox 2075 4593 2207 4647; x_wconf 90' lang='lat' dir='ltr'><strong>libb.</strong></span> <span class='ocrx_word' id='word_1_819' title='bbox 2245 4593 2371 4646; x_wconf 88' lang='lat' dir='ltr'><strong>editi</strong></span> <span class='ocrx_word' id='word_1_820' title='bbox 2418 4593 2640 4657; x_wconf 85' lang='lat' dir='ltr'><strong>habent,</strong></span> <span class='ocrx_word' id='word_1_821' title='bbox 2689 4611 2707 4644; x_wconf 73' lang='grc' dir='ltr'>ι</span> <span class='ocrx_word' id='word_1_822' title='bbox 2764 4608 2918 4661; x_wconf 87' lang='lat' dir='ltr'><strong>posse</strong></span> <span class='ocrx_word' id='word_1_823' title='bbox 2955 4593 3177 4661; x_wconf 86' lang='lat' dir='ltr'><strong>intelligi</strong></span> <span class='ocrx_word' id='word_1_824' title='bbox 3214 4593 3640 4661; x_wconf 19' lang='lat' dir='ltr'><strong>velisentiriyut</strong></span> 
     </span>
    </p>
   </div>
   <div class='ocr_carea' id='block_1_111' title="bbox 2075 4660 3639 4731">
    <p class='ocr_par' dir='ltr' id='par_1_111' title="bbox 2075 4660 3639 4731">
     <span class='ocr_line' id='line_1_114' title="bbox 2075 4660 3639 4731; baseline -0.003 -14"><span class='ocrx_word' id='word_1_825' title='bbox 2075 4663 2261 4717; x_wconf 91' lang='lat' dir='ltr'><strong>volunt</strong></span> <span class='ocrx_word' id='word_1_826' title='bbox 2293 4663 2392 4716; x_wconf 88' lang='lat' dir='ltr'><strong>hoc</strong></span> <span class='ocrx_word' id='word_1_827' title='bbox 2414 4661 2658 4729; x_wconf 85' lang='lat' dir='ltr'><strong>intelligi,</strong></span> <span class='ocrx_word' id='word_1_828' title='bbox 2701 4682 2719 4714; x_wconf 75' lang='grc' dir='ltr'><strong><em>ι</em></strong></span> <span class='ocrx_word' id='word_1_829' title='bbox 2766 4660 3007 4731; x_wconf 82' lang='lat' dir='ltr'><strong>pluribus</strong></span> <span class='ocrx_word' id='word_1_830' title='bbox 3036 4661 3270 4716; x_wconf 86' lang='lat' dir='ltr'><strong>emissis.</strong></span> <span class='ocrx_word' id='word_1_831' title='bbox 3304 4660 3467 4714; x_wconf 87' lang='lat' dir='ltr'><strong>Paulo</strong></span> <span class='ocrx_word' id='word_1_832' title='bbox 3499 4660 3639 4713; x_wconf 87' lang='lat' dir='ltr'><strong>infra</strong></span> 
     </span>
    </p>
   </div>
   <div class='ocr_carea' id='block_1_112' title="bbox 2078 4730 3636 4803">
    <p class='ocr_par' dir='ltr' id='par_1_112' title="bbox 2078 4730 3636 4803">
     <span class='ocr_line' id='line_1_115' title="bbox 2078 4730 3636 4803; baseline -0.004 -18"><span class='ocrx_word' id='word_1_833' title='bbox 2078 4734 2232 4796; x_wconf 89' lang='lat' dir='ltr'><strong>mss.,</strong></span> <span class='ocrx_word' id='word_1_834' title='bbox 2266 4750 2285 4781; x_wconf 73' lang='grc' dir='ltr'>ι</span> <span class='ocrx_word' id='word_1_835' title='bbox 2320 4732 2361 4785; x_wconf 94' lang='lat' dir='ltr'><strong>si</strong></span> <span class='ocrx_word' id='word_1_836' title='bbox 2380 4735 2731 4800; x_wconf 79' lang='lat' dir='ltr'><strong>expargatior</strong></span> <span class='ocrx_word' id='word_1_837' title='bbox 2755 4730 2808 4786; x_wconf 88' lang='lat' dir='ltr'><strong>et</strong></span> <span class='ocrx_word' id='word_1_838' title='bbox 2839 4733 3190 4803; x_wconf 86' lang='lat' dir='ltr'><strong>segregatior.</strong></span> <span class='ocrx_word' id='word_1_839' title='bbox 3235 4750 3253 4781; x_wconf 77' lang='grc' dir='ltr'><strong><em>ι</em></strong></span> <span class='ocrx_word' id='word_1_840' title='bbox 3289 4730 3436 4783; x_wconf 86' lang='lat' dir='ltr'><strong>Alias</strong></span> <span class='ocrx_word' id='word_1_841' title='bbox 3458 4731 3636 4795; x_wconf 76' lang='lat' dir='ltr'><strong>deest,</strong></span> 
     </span>
    </p>
   </div>
   <div class='ocr_carea' id='block_1_113' title="bbox 2080 4803 2631 4871">
    <p class='ocr_par' dir='ltr' id='par_1_113' title="bbox 2080 4803 2631 4871">
     <span class='ocr_line' id='line_1_116' title="bbox 2080 4803 2631 4871; baseline 0.002 -19"><span class='ocrx_word' id='word_1_842' title='bbox 2080 4820 2097 4852; x_wconf 70' lang='grc' dir='ltr'>ι</span> <span class='ocrx_word' id='word_1_843' title='bbox 2142 4812 2195 4854; x_wconf 90' lang='lat' dir='ltr'><strong>et</strong></span> <span class='ocrx_word' id='word_1_844' title='bbox 2221 4803 2569 4871; x_wconf 84' lang='lat' dir='ltr'><strong>segregatior.</strong></span> <span class='ocrx_word' id='word_1_845' title='bbox 2614 4823 2631 4853; x_wconf 72' lang='grc' dir='ltr'><strong>ι</strong></span> 
     </span>
    </p>
   </div>
   <div class='ocr_carea' id='block_1_114' title="bbox 2153 4868 3639 4941">
    <p class='ocr_par' dir='ltr' id='par_1_114' title="bbox 2153 4868 3639 4941">
     <span class='ocr_line' id='line_1_117' title="bbox 2153 4868 3639 4941; baseline 0 -18"><span class='ocrx_word' id='word_1_846' title='bbox 2153 4873 2228 4941; x_wconf 82' lang='grc'>(1)</span> <span class='ocrx_word' id='word_1_847' title='bbox 2284 4868 2457 4923; x_wconf 65' lang='grc' dir='ltr'><strong>Άιὶιῖαὶ</strong></span> <span class='ocrx_word' id='word_1_848' title='bbox 2509 4871 2725 4924; x_wconf 77' lang='lat' dir='ltr'><strong>visibilis</strong></span> <span class='ocrx_word' id='word_1_849' title='bbox 2773 4882 2868 4932; x_wconf 81' lang='lat' dir='ltr'><strong>est,</strong></span> <span class='ocrx_word' id='word_1_850' title='bbox 2928 4881 2973 4924; x_wconf 87' lang='lat' dir='ltr'><strong>et</strong></span> <span class='ocrx_word' id='word_1_851' title='bbox 3026 4871 3148 4923; x_wconf 76' lang='lat' dir='ltr'><strong>aliis</strong></span> <span class='ocrx_word' id='word_1_852' title='bbox 3214 4869 3512 4941; x_wconf 68' lang='lat' dir='ltr'><strong>invisibilis.</strong></span> 
     </span>
    </p>
   </div>
   <div class='ocr_carea' id='block_1_115' title="bbox 2075 4939 3637 5007">
    <p class='ocr_par' dir='ltr' id='par_1_115' title="bbox 2075 4939 3637 5007">
     <span class='ocr_line' id='line_1_118' title="bbox 2075 4939 3637 5007; baseline -0.003 -11"><span class='ocrx_word' id='word_1_853' title='bbox 2075 4939 2264 4995; x_wconf 85' lang='lat' dir='ltr'><strong>omnes</strong></span> <span class='ocrx_word' id='word_1_854' title='bbox 2302 4956 2431 4994; x_wconf 89' lang='lat' dir='ltr'><strong>mss.</strong></span> <span class='ocrx_word' id='word_1_855' title='bbox 2469 4941 2635 5007; x_wconf 83' lang='lat' dir='ltr'><strong>Alias,</strong></span> <span class='ocrx_word' id='word_1_856' title='bbox 2678 4959 2695 4991; x_wconf 75' lang='grc' dir='ltr'>ι</span> <span class='ocrx_word' id='word_1_857' title='bbox 2735 4942 3022 4997; x_wconf 89' lang='lat' dir='ltr'><strong>invisibilis</strong></span> <span class='ocrx_word' id='word_1_858' title='bbox 3073 4949 3155 4995; x_wconf 80' lang='lat' dir='ltr'><strong>est</strong></span> <span class='ocrx_word' id='word_1_859' title='bbox 3185 4939 3367 5003; x_wconf 87' lang='lat' dir='ltr'><strong>alicui,</strong></span> <span class='ocrx_word' id='word_1_860' title='bbox 3419 4948 3474 4992; x_wconf 91' lang='lat' dir='ltr'><strong>et</strong></span> <span class='ocrx_word' id='word_1_861' title='bbox 3516 4940 3637 4992; x_wconf 83' lang='lat' dir='ltr'><strong>aliis</strong></span> 
     </span>
    </p>
   </div>
   <div class='ocr_carea' id='block_1_116' title="bbox 2075 5010 2477 5067">
    <p class='ocr_par' dir='ltr' id='par_1_116' title="bbox 2075 5010 2477 5067">
     <span class='ocr_line' id='line_1_119' title="bbox 2075 5010 2477 5067; baseline -0.015 0"><span class='ocrx_word' id='word_1_862' title='bbox 2075 5010 2302 5067; x_wconf 85' lang='lat' dir='ltr'><strong>visibilis</strong></span> <span class='ocrx_word' id='word_1_863' title='bbox 2327 5020 2427 5064; x_wconf 91' lang='lat' dir='ltr'><strong>est.</strong></span> <span class='ocrx_word' id='word_1_864' title='bbox 2461 5029 2477 5061; x_wconf 79' lang='grc' dir='ltr'><strong><em>ι</em></strong></span> 
     </span>
    </p>
   </div>
   <div class='ocr_carea' id='block_1_117' title="bbox 2147 5078 3632 5151">
    <p class='ocr_par' dir='ltr' id='par_1_117' title="bbox 2147 5078 3632 5151">
     <span class='ocr_line' id='line_1_120' title="bbox 2147 5078 3632 5151; baseline -0.001 -19"><span class='ocrx_word' id='word_1_865' title='bbox 2147 5082 2223 5149; x_wconf 73' lang='lat'><strong>(‘2)</strong></span> <span class='ocrx_word' id='word_1_866' title='bbox 2266 5080 2415 5151; x_wconf 68' lang='lat' dir='ltr'><strong>Sicut</strong></span> <span class='ocrx_word' id='word_1_867' title='bbox 2446 5081 2582 5151; x_wconf 73' lang='lat' dir='ltr'><strong>enim</strong></span> <span class='ocrx_word' id='word_1_868' title='bbox 2616 5081 2959 5151; x_wconf 69' lang='lat' dir='ltr'><strong>incongruum</strong></span> <span class='ocrx_word' id='word_1_869' title='bbox 2990 5089 3087 5151; x_wconf 64' lang='lat' dir='ltr'><strong>est,</strong></span> <span class='ocrx_word' id='word_1_870' title='bbox 3119 5088 3224 5132; x_wconf 90' lang='lat' dir='ltr'><strong>etc.</strong></span> <span class='ocrx_word' id='word_1_871' title='bbox 3271 5078 3424 5151; x_wconf 84' lang='lat' dir='ltr'><strong>“unc</strong></span> <span class='ocrx_word' id='word_1_872' title='bbox 3455 5078 3632 5151; x_wconf 77' lang='lat' dir='ltr'><strong>locum</strong></span> 
     </span>
    </p>
   </div>
   <div class='ocr_carea' id='block_1_118' title="bbox 2075 5147 3634 5218">
    <p class='ocr_par' dir='ltr' id='par_1_118' title="bbox 2075 5147 3634 5218">
     <span class='ocr_line' id='line_1_121' title="bbox 2075 5147 3634 5218; baseline -0.003 -15"><span class='ocrx_word' id='word_1_873' title='bbox 2075 5167 2104 5203; x_wconf 91' lang='lat' dir='ltr'><strong>e</strong></span> <span class='ocrx_word' id='word_1_874' title='bbox 2128 5147 2262 5203; x_wconf 82' lang='lat' dir='ltr'><strong>libro</strong></span> <span class='ocrx_word' id='word_1_875' title='bbox 2288 5166 2301 5201; x_wconf 93' lang='grc' dir='ltr'>ι</span> <span class='ocrx_word' id='word_1_876' title='bbox 2331 5147 2469 5216; x_wconf 78' lang='grc' dir='ltr'><strong>Περὶ</strong></span> <span class='ocrx_word' id='word_1_877' title='bbox 2493 5149 2691 5218; x_wconf 79' lang='grc' dir='ltr'><strong>ἀρχῶν</strong></span> <span class='ocrx_word' id='word_1_878' title='bbox 2736 5147 2942 5216; x_wconf 83' lang='lat' dir='ltr'><strong>profert</strong></span> <span class='ocrx_word' id='word_1_879' title='bbox 2990 5148 3351 5217; x_wconf 86' lang='lat' dir='ltr'><strong>Hieronymus</strong></span> <span class='ocrx_word' id='word_1_880' title='bbox 3392 5149 3441 5200; x_wconf 91' lang='lat' dir='ltr'><strong>in</strong></span> <span class='ocrx_word' id='word_1_881' title='bbox 3472 5147 3634 5218; x_wconf 84' lang='lat' dir='ltr'><strong>epist.</strong></span> 
     </span>
    </p>
   </div>
   <div class='ocr_carea' id='block_1_119' title="bbox 2076 5217 3636 5286">
    <p class='ocr_par' dir='ltr' id='par_1_119' title="bbox 2076 5217 3636 5286">
     <span class='ocr_line' id='line_1_122' title="bbox 2076 5217 3636 5286; baseline -0.005 -12"><span class='ocrx_word' id='word_1_882' title='bbox 2076 5221 2164 5284; x_wconf 78' lang='grc'><strong>58,</strong></span> <span class='ocrx_word' id='word_1_883' title='bbox 2195 5219 2327 5271; x_wconf 87' lang='lat' dir='ltr'><strong>alias</strong></span> <span class='ocrx_word' id='word_1_884' title='bbox 2362 5220 2419 5272; x_wconf 83' lang='lat'><strong>6|</strong></span> <span class='ocrx_word' id='word_1_885' title='bbox 2463 5228 2528 5272; x_wconf 87' lang='lat' dir='ltr'><strong>ad</strong></span> <span class='ocrx_word' id='word_1_886' title='bbox 2562 5217 2987 5272; x_wconf 77' lang='lat' dir='ltr'><strong>Pautmacltium.</strong></span> <span class='ocrx_word' id='word_1_887' title='bbox 3027 5219 3255 5286; x_wconf 89' lang='lat' dir='ltr'><strong>Ipsemet</strong></span> <span class='ocrx_word' id='word_1_888' title='bbox 3287 5218 3510 5270; x_wconf 77' lang='lat' dir='ltr'><strong>Rufinus</strong></span> <span class='ocrx_word' id='word_1_889' title='bbox 3559 5217 3636 5267; x_wconf 88' lang='lat' dir='ltr'><strong>in-</strong></span> 
     </span>
    </p>
   </div>
   <div class='ocr_carea' id='block_1_120' title="bbox 2078 5286 3640 5356">
    <p class='ocr_par' dir='ltr' id='par_1_120' title="bbox 2078 5286 3640 5356">
     <span class='ocr_line' id='line_1_123' title="bbox 2078 5286 3640 5356; baseline 0 -16"><span class='ocrx_word' id='word_1_890' title='bbox 2078 5290 2283 5343; x_wconf 80' lang='lat' dir='ltr'><strong>vectiva</strong></span> <span class='ocrx_word' id='word_1_891' title='bbox 2330 5291 2499 5356; x_wconf 85' lang='lat' dir='ltr'><strong>prima</strong></span> <span class='ocrx_word' id='word_1_892' title='bbox 2536 5291 2791 5341; x_wconf 86' lang='lat' dir='ltr'><strong>adversus</strong></span> <span class='ocrx_word' id='word_1_893' title='bbox 2822 5286 3209 5356; x_wconf 82' lang='lat' dir='ltr'><strong>llierOuymum</strong></span> <span class='ocrx_word' id='word_1_894' title='bbox 3245 5289 3441 5340; x_wconf 81' lang='lat' dir='ltr'><strong>fatetur</strong></span> <span class='ocrx_word' id='word_1_895' title='bbox 3468 5286 3640 5340; x_wconf 79' lang='lat' dir='ltr'><strong>fuisse</strong></span> 
     </span>
    </p>
   </div>
   <div class='ocr_carea' id='block_1_121' title="bbox 2082 5357 3633 5425">
    <p class='ocr_par' dir='ltr' id='par_1_121' title="bbox 2082 5357 3633 5425">
     <span class='ocr_line' id='line_1_124' title="bbox 2082 5357 3633 5425; baseline -0.002 -17"><span class='ocrx_word' id='word_1_896' title='bbox 2082 5377 2099 5408; x_wconf 76' lang='grc' dir='ltr'>ι</span> <span class='ocrx_word' id='word_1_897' title='bbox 2127 5358 2305 5425; x_wconf 86' lang='lat' dir='ltr'><strong>aliqua</strong></span> <span class='ocrx_word' id='word_1_898' title='bbox 2330 5362 2489 5410; x_wconf 89' lang='lat' dir='ltr'><strong>verba</strong></span> <span class='ocrx_word' id='word_1_899' title='bbox 2524 5359 2574 5409; x_wconf 93' lang='lat' dir='ltr'><strong>in</strong></span> <span class='ocrx_word' id='word_1_900' title='bbox 2605 5357 2793 5411; x_wconf 68' lang='lat' dir='ltr'><strong>Grzeco</strong></span> <span class='ocrx_word' id='word_1_901' title='bbox 2821 5360 3094 5410; x_wconf 84' lang='lat' dir='ltr'><strong>incautius</strong></span> <span class='ocrx_word' id='word_1_902' title='bbox 3118 5360 3348 5410; x_wconf 84' lang='lat' dir='ltr'><strong>fortasse</strong></span> <span class='ocrx_word' id='word_1_903' title='bbox 3385 5358 3584 5424; x_wconf 87' lang='lat' dir='ltr'><strong>posita,</strong></span> <span class='ocrx_word' id='word_1_904' title='bbox 3613 5374 3633 5405; x_wconf 72' lang='grc' dir='ltr'>ι</span> 
     </span>
    </p>
   </div>
   <div class='ocr_carea' id='block_1_122' title="bbox 2076 5426 3637 5496">
    <p class='ocr_par' dir='ltr' id='par_1_122' title="bbox 2076 5426 3637 5496">
     <span class='ocr_line' id='line_1_125' title="bbox 2076 5426 3637 5496; baseline -0.002 -17"><span class='ocrx_word' id='word_1_905' title='bbox 2076 5443 2192 5496; x_wconf 65' lang='lat' dir='ltr'><strong>quae</strong></span> <span class='ocrx_word' id='word_1_906' title='bbox 2231 5426 2635 5495; x_wconf 83' lang='lat' dir='ltr'><strong>interpretando</strong></span> <span class='ocrx_word' id='word_1_907' title='bbox 2664 5427 3037 5491; x_wconf 79' lang='lat' dir='ltr'><strong>declinaverit,</strong></span> <span class='ocrx_word' id='word_1_908' title='bbox 3082 5438 3174 5480; x_wconf 90' lang='lat' dir='ltr'><strong>aut</strong></span> <span class='ocrx_word' id='word_1_909' title='bbox 3206 5428 3270 5479; x_wconf 74' lang='lat' dir='ltr'><strong>ad</strong></span> <span class='ocrx_word' id='word_1_910' title='bbox 3308 5428 3637 5496; x_wconf 87' lang='lat' dir='ltr'><strong>catholicum</strong></span> 
     </span>
    </p>
   </div>
   <div class='ocr_carea' id='block_1_123' title="bbox 2077 5495 3599 5566">
    <p class='ocr_par' dir='ltr' id='par_1_123' title="bbox 2077 5495 3599 5566">
     <span class='ocr_line' id='line_1_126' title="bbox 2077 5495 3599 5566; baseline -0.001 -16"><span class='ocrx_word' id='word_1_911' title='bbox 2077 5495 2293 5550; x_wconf 86' lang='lat' dir='ltr'><strong>Sensum</strong></span> <span class='ocrx_word' id='word_1_912' title='bbox 2347 5496 2638 5550; x_wconf 76' lang='lat' dir='ltr'><strong>reduxerit.</strong></span> <span class='ocrx_word' id='word_1_913' title='bbox 2701 5496 2829 5548; x_wconf 67' lang='lat' dir='ltr'><strong>Vide</strong></span> <span class='ocrx_word' id='word_1_914' title='bbox 2901 5497 3338 5566; x_wconf 77' lang='lat' dir='ltr'><strong>Origrnianorum</strong></span> <span class='ocrx_word' id='word_1_915' title='bbox 3406 5495 3498 5551; x_wconf 84' lang='lat' dir='ltr'><strong>lib.</strong></span> <span class='ocrx_word' id='word_1_916' title='bbox 3560 5508 3599 5549; x_wconf 91' lang='lat' dir='ltr'><strong>Il</strong></span> 
     </span>
    </p>
   </div>
   <div class='ocr_carea' id='block_1_124' title="bbox 2079 5566 2826 5635">
    <p class='ocr_par' dir='ltr' id='par_1_124' title="bbox 2079 5566 2826 5635">
     <span class='ocr_line' id='line_1_127' title="bbox 2079 5566 2826 5635; baseline 0.001 -20"><span class='ocrx_word' id='word_1_917' title='bbox 2079 5576 2264 5635; x_wconf 63' lang='grc' dir='ltr'><strong>(μη-51..</strong></span> <span class='ocrx_word' id='word_1_918' title='bbox 2302 5566 2354 5631; x_wconf 72' lang='grc'><strong>2,</strong></span> <span class='ocrx_word' id='word_1_919' title='bbox 2390 5583 2534 5619; x_wconf 86' lang='lat' dir='ltr'><strong>nunt.</strong></span> <span class='ocrx_word' id='word_1_920' title='bbox 2577 5566 2638 5619; x_wconf 81' lang='grc' dir='ltr'><strong><em>Π</em></strong></span> <span class='ocrx_word' id='word_1_921' title='bbox 2665 5574 2716 5619; x_wconf 84' lang='lat' dir='ltr'><strong>et</strong></span> <span class='ocrx_word' id='word_1_922' title='bbox 2748 5566 2826 5619; x_wconf 84' lang='grc'><strong>18.</strong></span> 
     </span>
    </p>
   </div>
  </div>
