3952 6144
262 284 357 339 l29

1644 273 1840 328 LIBER
1875 270 2151 327 PRIMUS.

3414 264 3514 319 150

261 398 378 451 liter
407 396 804 467 (5)invisibilis
825 404 927 463 est,
954 410 1021 451 ne
1094 396 1213 449 nari
1255 394 1392 464 quod
1438 392 1671 461 Spiritus
1718 409 1844 447 satt-
1873 398 1920 455 Α
1949 389 2117 445 videri
2169 390 2235 443 ab
2282 387 2364 442 his
2391 387 2480 457 qui
2516 385 2661 457 digni
2698 391 2825 439 sunt
2854 390 3054 453 potest.
3108 381 3217 437 Cor
3254 396 3386 435 sane
3416 397 3514 449 pro

258 490 564 545 tibistatim
592 492 677 544 vel
698 490 917 560 impium
943 490 1021 544 vi-
1092 498 1205 543 ctus
1273 489 1433 557 possit
1511 489 1681 543 videre
1744 486 1840 541 Fi-

257 585 593 638 deaturesse
606 584 1016 638 velabsurdum:
1091 584 1238 638 lium.

255 676 530 729 rationem
564 676 766 745 quippe
812 676 1061 731 dabimus
1092 686 1491 745 consequenter
1534 676 1633 749 (Α).
1677 677 1835 732 Aliud

253 776 332 821 est
361 767 583 834 videre,
615 768 759 821 aliud
791 781 1155 837 cognoscere;
1186 768 1353 822 videri
1397 777 1450 823 et
1488 769 1672 823 videre
1710 784 1836 824 cor-

254 874 444 928 porum
477 873 573 915 res
595 869 700 923 est,
727 860 974 929 cognosci
1005 869 1057 914 et
1086 874 1415 929 cognoscere
1455 861 1838 916 intellectualis

254 956 469 1003 natura:
493 959 605 1002 est.
633 947 904 1018 Quidquid
940 965 1069 1018 ergo
1111 952 1386 1020 proprium
1415 966 1699 1020 corporum
1732 962 1835 1019 est,

251 1040 351 1094 hoc
380 1057 487 1097 nec
518 1042 591 1097 de
614 1042 771 1097 Patre
788 1053 893 1106 cst,
921 1058 1021 1098 nec
1044 1045 1107 1097 de
1136 1042 1275 1097 Filio
1298 1044 1662 1099 sentiendum.
1686 1044 1837 1110 Quod

250 1144 378 1183 vero
418 1131 490 1183 ad
531 1140 781 1185 naturam
831 1133 1069 1201 pertinet
1119 1132 1360 1197 deitatis,
1396 1134 1499 1188 hoc
1551 1133 1693 1186 inter
1733 1132 1835 1185 Pa-

252 1223 392 1268 trem
416 1226 475 1271 et
499 1216 703 1271 Filium
736 1231 969 1275 constat.
1002 1221 1241 1289 Denique
1263 1222 1425 1276 etiam
1455 1224 1567 1291 ipse
1588 1223 1636 1276 iu
1663 1221 1838 1276 Evan-

248 1307 391 1375 gelio
421 1324 539 1363 non
571 1310 726 1376 dixit,
753 1313 875 1381 quia
900 1326 1059 1366 nemo
1096 1314 1230 1367 vidit
1252 1313 1467 1369 Patrem
1505 1316 1607 1369 nisi
1644 1316 1833 1381 Filius,

250 1412 433 1467 neque
467 1400 677 1454 Filium
731 1402 835 1457 nisi
873 1402 1057 1467 Pater,
1108 1405 1199 1459 sed
1236 1406 1356 1459 ait;
1412 1425 1429 1458 ‹
1478 1405 1643 1462 Nemo
1690 1409 1838 1462 novit

246 1489 451 1544 Filium
484 1492 596 1546 nisi
625 1491 808 1558 Pater,
842 1509 1016 1564 neque
1042 1495 1257 1551 Patrem
1297 1499 1417 1566 quis
1446 1500 1591 1553 novit
1619 1500 1722 1554 nisi
1754 1496 1838 1551 I-‘i-

148 1622 153 1625 .
247 1580 355 1636 lius
384 1583 455 1635 ’3.
498 1604 521 1635 ι
568 1585 641 1639 Ex
664 1601 769 1655 quo
794 1586 1081 1641 manifeste
1109 1588 1386 1642 indicatur
1411 1590 1553 1658 quod
1576 1588 1833 1657 quidquid

248 1672 393 1727 inter
452 1684 688 1729 naturas
728 1691 1016 1745 corporeas
1063 1678 1235 1732 videri
1279 1690 1335 1733 et
1381 1680 1567 1734 videre
1612 1680 1833 1745 dicitur,

1951 491 2154 544 mente,
2182 480 2235 532 id
2261 488 2344 533 est
2379 492 2475 547 pro
2526 476 2878 531 intellectuali
2916 474 3117 526 virtute
3152 472 3418 524 nominari
3459 473 3512 525 in

1949 569 2201 623 omnibus
2230 567 2530 638 Scripturis
2580 568 2736 622 novis
2774 580 2837 619 ac
2865 563 3143 619 veteribus
3178 563 3512 617 abundanter

1948 660 2213 715 invenies.
2247 658 2359 713 Hoc
2393 660 2557 728 igitur
2589 660 2749 713 modo
2775 656 3023 726 quamvis
3081 654 3238 724 longe
3284 652 3513 708 interius

1947 766 2108 820 quam
2148 751 2368 819 dignum
2402 761 2522 815 est,
2564 756 2749 818 utpote
2779 762 2879 817 pro
2910 746 3224 800 inﬁrmitate
3267 745 3513 799 humana!

1947 840 2313 907 intelligentia:
2358 850 2605 893 naturam
2647 838 2740 892 Dei
2791 837 3177 907 intelligentes,
3213 852 3355 891 nunc
3384 836 3510 906 quid

1948 932 2049 985 sibi
2087 931 2215 985 velit
2252 945 2444 985 nomen
2474 930 2677 985 Christi
2731 930 3032 983 videamus.

2567 1039 2797 1095 CAPUT
2848 1039 2912 1094 ll.

2560 1131 2636 1186 De
2669 1128 2904 1185 Christo.

2016 1225 2067 1277 Ι.
2099 1224 2282 1278 Primo
2309 1223 2436 1277 illud
2473 1238 2571 1278 nos
2605 1232 2825 1292 oportet
2884 1223 3051 1287 scire,
3085 1224 3231 1291 quod
3258 1224 3401 1277 aliud
3429 1233 3513 1278 est

1946 1315 1999 1368 in
2030 1314 2249 1369 Christo
2278 1313 2498 1368 deitatis
2528 1312 2643 1381 ejus
2677 1322 2893 1379 natura,
2920 1312 3062 1381 quod
3089 1322 3173 1368 est
3204 1314 3512 1383 unigenitus

1943 1403 2117 1458 Filius
2156 1402 2338 1457 Patris
2375 1402 2494 1472 (7):
2547 1412 2601 1456 et
2627 1402 2733 1455 alia
2767 1404 3004 1457 humana
3034 1412 3225 1458 natura
3258 1419 3420 1473 quam
3457 1406 3510 1458 iu

1943 1496 2261 1551 novissimis
2305 1495 2642 1562 temporibus
2675 1508 2772 1563 pro
2807 1495 3206 1562 dispensatione
3252 1498 3509 1565 suscepit.

1943 1588 2175 1656 Propter
2203 1587 2347 1657 quod
2374 1587 2665 1641 videndum
2703 1586 2877 1655 primo
2912 1595 2994 1640 est
3043 1587 3172 1655 quid
3208 1587 3280 1641 sit
3318 1589 3505 1658 unige-

1943 1678 2086 1732 nitus
2122 1677 2291 1732 Filius
2324 1678 2439 1740 Dei,
2472 1678 2562 1746 qui
2598 1678 2781 1731 multis
2820 1676 3038 1744 quidem
3075 1687 3130 1732 et
3157 1678 3385 1733 diversis
3414 1696 3512 1732 no-

247 1762 351 1817 lioc
391 1766 551 1819 inter
594 1765 808 1821 Patrem
832 1744 898 1822 et
922 1768 1121 1822 Filium
1150 1784 1483 1841 cognoscere
1528 1772 1728 1825 dicitur
1784 1744 1840 1827 et
1876 1744 1915 1799 Β
1953 1772 2188 1826 minibus
2241 1788 2338 1840 pro
2371 1744 2536 1825 rebus
2587 1772 2671 1825 vel
2726 1772 3071 1841 opinionibus
3120 1771 3505 1839 appellantium

247 1858 547 1920 cognosci,
581 1872 677 1927 per
704 1859 959 1913 virtutem
986 1860 1251 1926 scientiae,
1276 1877 1382 1917 non
1413 1878 1509 1930 per
1552 1862 1837 1917 visibilita-

250 1945 321 1997 tis
352 1943 737 2015 fragilitatem.
785 1948 921 2015 Quia
956 1948 1123 2020 igitur
1169 1951 1237 2005 de
1290 1952 1607 2022 incorporea
1642 1962 1835 2007 natura

247 2044 302 2089 et
330 2036 633 2105 invisibili,
666 2054 764 2095 nec
788 2042 972 2098 videre
996 2043 1214 2111 proprie
1239 2044 1455 2108 dicitur,
1497 2061 1597 2100 nec
1624 2046 1831 2111 videri;

250 2126 472 2183 idcirco
524 2145 699 2199 neque
741 2130 901 2188 Pater
938 2148 966 2187 a
996 2134 1155 2201 Filio,
1202 2150 1377 2205 neque
1406 2136 1573 2192 Filius
1616 2153 1645 2191 a
1673 2136 1835 2193 Patre

247 2216 433 2271 videri
472 2220 528 2288 in
569 2220 862 2291 Evangelio
889 2224 1114 2291 dicitur,
1150 2226 1242 2281 sed
1275 2228 1549 2296 cognosci.

322 2306 385 2361 9.
414 2308 577 2375 Quod
603 2311 647 2365 si
676 2321 942 2381 proponat
987 2313 1145 2367 nobis
1178 2314 1397 2383 aliquis,
1431 2330 1601 2384 quare
1628 2316 1830 2370 dictum

242 2406 372 2454 est:
416 2415 438 2450 ι
477 2399 629 2455 Beati
662 2404 863 2457 mundo
889 2404 1072 2468 corde,
1101 2407 1357 2473 quoniam
1391 2407 1490 2475 ipsi
1552 2408 1717 2461 Deum
1752 2410 1833 2461 vi-

246 2490 474 2543 debunt
515 2494 600 2556 ’9;
645 2511 665 2543 ι
729 2493 903 2546 multo
956 2496 1127 2562 magis
1165 2496 1328 2547 etiam
1358 2510 1421 2548 ex
1456 2497 1577 2561 hoc,
1626 2508 1685 2551 ut
1737 2515 1835 2566 ego

240 2580 526 2646 arbitror,
556 2582 782 2636 assertio
809 2590 993 2636 nostra
1021 2584 1355 2638 ﬁrmabitur:
1387 2601 1508 2638 nam
1535 2588 1665 2653 quid
1689 2588 1834 2641 aliud

237 2684 333 2726 est
360 2672 543 2726 corde
571 2674 736 2727 Deum
786 2674 992 2734 videre.
1033 2676 1135 2729 nisi
1176 2677 1468 2729 secundum
1502 2678 1551 2731 id
1579 2680 1721 2745 quod
1747 2695 1837 2732 su-

235 2779 354 2833 pra
422 2765 773 2834 e-xposuiinus
811 2775 988 2821 mente
1035 2782 1157 2821 eum
1196 2767 1495 2837 intelligere
1550 2777 1713 2838 atque
1741 2784 1835 2824 co-

239 2857 577 2925 gnoscere?
618 2856 954 2924 Frequenter
996 2858 1140 2912 enim
1190 2859 1524 2913 sensibilium
1558 2861 1838 2915 membro-

244 2962 378 2999 rum
452 2949 668 3001 nomina
716 2949 781 3023 ad
813 2948 1047 3001 animam
1081 2948 1393 3003 referuntur
1416 2991 1430 3014 ,
1466 2953 1534 3005 ita
1570 2961 1629 3006 ut
1658 2953 1834 3007 oculis

248 3038 450 3091 cordis
483 3040 665 3093 videre
697 3041 931 3105 dicatur,
987 3042 1039 3094 id
1098 3050 1182 3095 est
1208 3043 1410 3097 virtute
1460 3043 1829 3114 intelligentia:

252 3127 475 3195 aliquid
507 3130 873 3186 intellectuale
897 3132 1167 3200 conjicere
1197 3133 1295 3204 (5).
1323 3134 1415 3188 Sic
1442 3143 1495 3188 et
1521 3136 1711 3189 audire
1742 3153 1833 3188 au-

259 3218 424 3272 ribus
461 3220 681 3283 dicitur,
712 3238 833 3275 cum
862 3237 1076 3278 sensum
1113 3224 1480 3294 intelligentiae
1514 3228 1832 3295 profundio—

256 3308 335 3363 ris
370 3311 632 3365 advertit.
660 3311 750 3366 Sic
772 3322 827 3367 et
858 3314 933 3368 uti
963 3328 1080 3368 eam
1105 3329 1263 3383 posse
1299 3316 1550 3371 dentibus
1580 3319 1831 3386 dicimus,

258 3410 385 3450 cum
425 3401 671 3466 mandit,
703 3410 757 3453 et
799 3417 990 3470 panem
1027 3405 1262 3457 comedit
1309 3406 1432 3459 vitae
1463 3406 1552 3475 qui
1580 3408 1645 3461 de
1689 3409 1830 3463 coelo

259 3485 567 3543 descendit.
620 3491 885 3545 Similiter
919 3501 973 3547 et
1003 3495 1217 3555 caeteris
1241 3495 1315 3548 uti
1352 3496 1717 3551 membrorum
1752 3497 1834 3551 of-

259 3574 399 3635 ﬁciis
420 3580 642 3645 dicitur,
664 3596 782 3652 ane
804 3598 869 3637 ex
894 3584 1160 3650 corporali
1186 3585 1547 3654 appellatione
1574 3587 1833 3642 translata

259 3672 566 3728 virtutibus
599 3674 795 3729 anima:
829 3685 1171 3744 coaptantur,
1208 3676 1349 3731 sicut
1380 3686 1435 3730 et
1466 3676 1721 3732 Salomon
1756 3680 1833 3732 di-

258 3765 328 3819 cit
356 3781 371 3817 :
417 3785 438 3818 ‹
473 3764 703 3822 Sensum
736 3766 975 3821 divinum
1013 3768 1253 3823 invenies
1281 3768 1346 3819 ³⁸.
1377 3787 1397 3820 ι
1440 3768 1657 3823 Sciebat
1681 3785 1833 3824 nam-

259 3871 364 3925 que
388 3860 500 3913 duo
535 3872 733 3927 genera
784 3872 905 3912 esse
953 3874 1206 3913 sensuum
1243 3859 1294 3912 in
1328 3860 1505 3926 nobis,
1539 3876 1702 3914 unum
1733 3877 1832 3932 ge-

260 3964 359 4005 nus
387 3966 646 4006 sensuum
675 3952 899 4005 mortale
930 3951 1028 4019 (6),
1068 3954 1446 4025 corruptibile,
1476 3955 1773 4009 humanum
1808 3974 1822 4021 ;

261 4038 404 4096 aliud
445 4058 620 4111 genus
658 4043 965 4097 immortale
987 4051 1041 4096 et
1077 4043 1467 4109 intellectuale,
1508 4046 1648 4112 quod
1681 4060 1828 4101 nunc

261 4131 506 4186 divinum
536 4133 850 4187 nominavit.
882 4134 996 4187 Hoc
1025 4148 1154 4203 ergo
1178 4150 1336 4189 sensu
1367 4135 1551 4189 divino
1575 4151 1677 4190 non
1701 4153 1831 4192 ocn-

263 4219 460 4292 lorum,
501 4225 594 4280 sed
652 4224 833 4279 cordis
874 4223 1106 4289 mundi,
1156 4240 1276 4294 quae
1308 4232 1393 4280 est
1435 4240 1587 4279 mens
1613 4264 1628 4292 ,
1687 4228 1831 4281 Deus

330 4409 373 4441 ⁸⁸
400 4408 598 4464 Matth.
624 4423 703 4470 ιι,
726 4406 816 4459 27.
894 4405 938 4438 ²⁰
969 4406 1161 4461 Matth.
1186 4421 1240 4473 v,
1265 4407 1321 4460 8.
1398 4406 1444 4438 ’θ
1474 4406 1636 4461 Prov.
1666 4423 1727 4473 ll,
1756 4408 1809 4464 5.

1966 4407 2126 4462 Prov.
2152 4419 2274 4471 vui,
2300 4402 2370 4456 25
2394 4416 2547 4469 seqq.

1948 1872 2311 1931 nuncupatur.
2366 1862 2639 1930 Sapientia
2709 1878 2945 1930 namque
2996 1863 3235 1925 dicitur,
3268 1864 3409 1917 sicut
3451 1872 3509 1917 et

1947 1953 2201 2007 Salomon
2222 1954 2392 2006 dixit:
2420 1972 2437 2003 ι
2459 1954 2716 2006 Dominus
2738 1955 3043 2007 creavitme
3066 1953 3273 2006 initium
3300 1954 3505 2007 viarum

1943 2058 2183 2106 suarum,
2235 2052 2290 2098 et
2313 2044 2365 2096 in
2396 2058 2558 2113 opera
2582 2059 2676 2098 sua
2718 2052 3004 2113 antequam
3032 2043 3232 2113 aliquid
3276 2044 3506 2106 faceret,

1942 2145 2067 2191 ante
2086 2134 2278 2190 saecula
2304 2135 2544 2191 fundavit
2570 2150 2674 2192 me.
2694 2136 2749 2189 In
2779 2136 2950 2200 initio,
2971 2138 3280 2205 priusquam
3305 2144 3506 2189 terram

1940 2227 2183 2296 faceret,
2242 2227 2559 2297 priusquam
2597 2229 2925 2298 produceret
2977 2228 3154 2284 fontes
3203 2244 3503 2298 aquarum,

1943 2328 2237 2389 antequam
2278 2316 2629 2370 ﬁrmarentur
2656 2326 2866 2371 montes
2891 2357 2907 2383 ,
2946 2326 3071 2371 ante
3107 2330 3295 2371 omnes
3322 2325 3505 2371 autem

1941 2413 2111 2468 colles
2142 2420 2368 2480 generat
2393 2424 2479 2462 me
2500 2409 2542 2439 ⁸¹
2569 2409 2666 2479 (8).
2703 2427 2721 2460 ι
2758 2409 2975 2463 Dicitur
3012 2418 3190 2462 autem
3222 2419 3277 2462 et
3306 2408 3508 2477 primo-

1941 2505 2178 2572 genitus,
2205 2503 2344 2556 sicut
2367 2502 2505 2555 dixit
2527 2501 2847 2570 Apostolus:
2885 2519 2901 2552 ι
2932 2500 3032 2566 Qui
3063 2510 3146 2555 est
3174 2500 3506 2569 primogeni-

1945 2603 2031 2647 tus
2058 2594 2234 2646 omnis
2268 2600 2536 2646 creaturae
2564 2591 2628 2642 ⁸⁸.
2665 2610 2683 2640 ι
2740 2591 2851 2643 Nec
2884 2600 3063 2644 tamen
3109 2590 3249 2643 alius
3277 2600 3361 2643 est
3396 2589 3509 2658 pri-

1945 2683 2253 2750 mogenitus
2286 2696 2384 2749 per
2415 2692 2666 2732 naturain
2709 2678 2870 2747 quam
2910 2679 3197 2746 sapientia,
3240 2679 3330 2732 sed
3369 2693 3507 2733 unus

1943 2782 2106 2841 atque
2138 2772 2273 2825 idem
2307 2781 2412 2823 est.
2453 2770 2688 2839 Denique
2714 2780 2767 2822 et
2796 2769 3069 2838 apostolus
3095 2769 3294 2823 Paulus
3327 2770 3461 2823 dicit
3490 2789 3504 2824 :

1949 2881 1968 2916 ι
1999 2864 2247 2919 Christus
2278 2862 2371 2917 Dei
2402 2862 2575 2916 virtus
2625 2869 2678 2914 et
2710 2861 2803 2914 Dei
2856 2861 3118 2928 sapientia
3145 2859 3211 2913 ⁸³.
3252 2878 3272 2912 ι

2010 2955 2065 3011 2.
2096 2953 2262 3008 Nemo
2294 2964 2471 3008 tamen
2504 2962 2654 3021 putet
2685 2952 2888 3020 aliquid
2918 2965 3016 3006 nos
3044 2951 3501 3005 insubstantivum

1940 3044 2124 3099 dicere
2177 3059 2299 3097 cum
2335 3058 2457 3096 eum
2490 3042 2583 3095 Dei
2644 3041 2966 3109 sapientiam
3021 3040 3396 3102 nominamus;
3448 3038 3504 3093 id

1936 3146 2044 3200 est,
2084 3142 2141 3188 ut
2169 3133 2403 3202 exempli
2466 3148 2628 3187 causa
2678 3132 2965 3195 ﬁnxerim,
3020 3130 3160 3199 quod
3217 3143 3338 3185 eam
3394 3145 3501 3183 non

1932 3225 2082 3278 velut
2125 3224 2324 3278 animal
2377 3223 2645 3292 quoddam
2702 3223 2944 3289 sapiens,
2977 3222 3071 3275 sed
3120 3236 3232 3275 rem
3265 3220 3500 3288 aliquam

1930 3331 2050 3387 quae
2088 3317 2360 3386 sapientes
2392 3316 2610 3379 eﬂiciat,
2659 3315 3043 3384 intelligamus,
3075 3315 3407 3383 prazbentem
3441 3326 3502 3366 se

1933 3418 1987 3462 et
2017 3408 2288 3462 mentibus
2336 3407 2666 3461 inserentem
2722 3420 2910 3459 eorum
2981 3407 3070 3473 qui
3119 3419 3347 3473 capaces
3390 3404 3503 3456 vir-

1934 3508 2106 3554 tutum
2143 3500 2260 3567 ejus
2309 3507 2473 3565 atque
2526 3497 2898 3566 intelligentia:
2937 3495 3071 3548 fiunt
3106 3496 3203 3565 (9).
3251 3494 3305 3548 Si
3362 3510 3496 3564 ergo

1932 3592 2099 3646 semel
2130 3598 2277 3644 recte
2310 3598 2589 3656 receptum
2624 3598 2731 3651 est,
2768 3586 3108 3657 unigenitan
3138 3586 3333 3640 Filium
3381 3585 3496 3650 Dei,

1932 3681 2255 3753 sapientiam
2303 3678 2419 3746 ejus
2449 3692 2568 3732 esse
2599 3676 3031 3730 substantialiter
3083 3677 3495 3739 subsistentem,

1932 3756 2115 3830 nescio
2152 3774 2196 3828 si
2233 3772 2346 3841 jam
2380 3769 2520 3824 ultra
2567 3769 2789 3838 evagari
2842 3783 3034 3822 sensus
3083 3777 3268 3821 noster
3301 3769 3497 3823 debeat

1932 3868 1999 3922 ad
2048 3863 2458 3934 suspicandum,
2517 3878 2583 3916 ue
2638 3860 2776 3915 forte
2814 3860 2927 3929 ipsa
2962 3857 3283 3923 ὑπόστασις,
3314 3860 3367 3916 id
3418 3869 3501 3915 est

1933 3956 2240 4013 substantia
2275 3954 2391 4023 ejus
2421 3951 2532 4024 (10)
2560 3966 2876 4021 corporeum
2899 3950 3104 4021 aliquid
3128 3950 3343 4017 habeat,
3374 3965 3495 4004 cum

1933 4063 2095 4103 omne
2121 4047 2267 4116 quod
2302 4059 2629 4113 corporeum
2660 4050 2764 4109 est,
2802 4040 2887 4096 vel
2936 4042 3149 4105 habitu,
3177 4039 3263 4093 vel
3296 4039 3499 4104 colore,

1937 4140 2016 4193 vel
2047 4138 2418 4209 magnitudine
2475 4137 2807 4205 designetur.
2843 4134 2910 4187 Et
2940 4134 3062 4201 quis
3108 4145 3345 4199 unquam
3378 4130 3496 4183 sani

1933 4222 2126 4285 sensus
2152 4229 2418 4290 habitum,
2449 4225 2533 4281 vel
2580 4225 2837 4286 colorem,
2878 4222 2963 4275 vel
2992 4233 3256 4275 mensura:
3287 4218 3497 4286 magni-

2656 4400 2698 4431 ³³
2724 4397 2885 4461 COLI,
2916 4396 2999 4456 15.
3076 4397 3120 4428 ³³
3147 4394 3164 4448 1
3187 4397 3310 4451 Cor.
3342 4397 3495 4461 1,24.

326 4574 401 4645 (5)
434 4572 569 4640 Quae
596 4572 933 4627 naturaliter.
978 4571 1069 4627 Sic
1103 4586 1233 4626 mss.
1281 4569 1449 4637 Alias,
1486 4589 1505 4623 ι
1536 4573 1627 4641 qui
1662 4582 1826 4629 natu—
1862 4581 1906 4636 Ι)
1940 4589 1958 4622 t
1988 4579 2042 4623 et
2072 4563 2455 4645 intellectuale,
2487 4561 2761 4644 {quodin
2802 4559 3320 4645 mssadesideriatur:
3349 4560 3492 4645 Infra

264 4648 468 4700 raliter.
516 4663 533 4693 ι

330 4716 419 4788 (4),
440 4713 716 4788 Rationem
766 4711 952 4788 quippe
981 4710 1224 4788 da_b_:'_mus
1252 4719 1643 4788 consequenter.
1682 4714 1827 4788 Ruti-

268 4779 359 4840 nus
386 4779 613 4838 'invect.
650 4785 676 4835 1
731 4779 991 4849 adversus
1044 4779 1431 4849 Hieronymum
1475 4784 1719 4848 queritur
1758 4785 1826 4839 ab

269 4852 501 4908 inimicis
527 4853 638 4906 suis
670 4851 916 4904 falsatam
945 4848 1112 4903 fuisse
1144 4848 1394 4903 hoc’loco
1424 4851 1826 4917 interpretatio-

271 4936 380 4978 nem
410 4938 605 4977 suam:
638 4943 655 4972 α
680 4921 786 4975 Pro
807 4935 893 4985 eo,
938 4920 1134 4986 inquit,
1163 4920 1304 4984 quod
1326 4934 1423 4972 nos
1457 4921 1776 4988 scripsimus
1802 4936 1817 4974 :

267 4998 518 5047 rationem
560 4993 749 5061 quippe
788 4991 1061 5061 dabimus
1090 4998 1501 5061 consequenter;
1552 4990 1627 5061 illi
1684 4992 1822 5044 scri-

270 5074 528 5128 pserunt:
570 5056 671 5114 non
688 5056 795 5113 tibi
831 5058 1278 5128 statimqimpiunt
1298 5056 1375 5109 vel
1413 5059 1700 5111 absurdum
1748 5061 1826 5113 vi-

270 5125 453 5200 deatur
482 5148 617 5195 esse,
642 5132 767 5200 quia
816 5130 952 5182 sicut
1008 5125 1453 5200 Filius__Patrem
1489 5144 1622 5200 _non
1665 5131 1821 5191 videt,

269 5199 333 5269 ita
359 5219 455 5257 nec
494 5195 728 5269 Spiritus
761 5212 971 5253 sanctus
1000 5198 1131 5269 videt
1170 5195 1444 5269 Filium.»
1486 5198 1683 5269 verum
1722 5213 1822 5252 nec

272 5268 319 5322 in
350 5273 507 5327 libris
531 5266 687 5323 antea
733 5270 914 5329 editis,
952 5282 1051 5321 nec
1087 5267 1138 5319 in
1168 5282 1295 5319 mss.
1336 5266 1498 5319 ullum
1532 5267 1692 5323 hodie
1722 5282 1819 5321 su-

274 5351 443 5403 perest
477 5341 739 5407 ejusmodi
781 5337 1196 5407 adulterationis
1230 5337 1534 5404 vestigium.

333 5412 408 5483 (5)
438 5404 693 5483 Siemss.
720 5409 875 5483 Alias
899 5448 915 5473 ,
960 5426 978 5458 t
1010 5406 1060 5483 id
1086 5416 1168 5459 est
1199 5422 1319 5483 cum
1366 5408 1565 5458 virtute
1616 5404 1814 5459 intelli-

276 5476 458 5545 gentiae
486 5480 689 5546 aliquid
717 5477 1094 5533 intellectualis
1118 5476 1407 5541 conjicere.
1443 5495 1460 5525 ι

334 5551 407 5621 (δ)
437 5551 501 5604 In
525 5543 671 5602 nobis
694 5563 854 5621 unum
877 5563 1036 5621 genus
1058 5562 1302 5598 sensuum
1326 5545 1561 5596 mortale.
1582 5543 1655 5595 lia
1683 5557 1811 5597 mss.

275 5616 411 5674 Alias
444 5623 597 5675 deest
652 5637 669 5668 ι
704 5620 754 5671 in
798 5619 955 5670 nobis
981 5656 995 5680 ,
1026 5634 1044 5665 ι
1102 5625 1155 5668 et
1208 5633 1227 5666 ι
1262 5629 1427 5682 genus
1471 5628 1749 5667 sensuum.
1788 5632 1807 5662 ι

278 5685 426 5746 Paulo
463 5701 579 5758 post
612 5689 736 5743 libri
777 5687 904 5741 editi
958 5694 1079 5756 post
1114 5703 1131 5735 ι
1170 5684 1499 5751 immortale,
1536 5702 1553 5733 ι
1588 5683 1814 5747 addunt,

1937 4655 2066 4694 mss.
2098 4656 2115 4689 ι
2150 4637 2488 4691 abundanter
2520 4630 2787 4687 invenies.
2823 4650 2843 4682 ι
2880 4630 3058 4694 Alias,
3093 4647 3111 4680 ι
3135 4630 3494 4687 abundantius

1935 4709 2201 4763 invenies.
2257 4724 2277 4756 ι
2333 4703 2499 4775 Paulo
2554 4713 2903 4775 post_m_ss_.,
2952 4718 2981 4775 _¢_
3007 4713 3153 4753 nunc
3202 4701 3330 4769 quid
3388 4704 3490 4756 sibi

1932 4779 2085 4833 velit.
2123 4797 2141 4829 ι
2177 4776 2344 4834 Alias,
2376 4792 2393 4824 ι
2429 4770 2580 4826 Tunc
2612 4771 2703 4840 qui
2741 4770 2840 4823 sibi
2883 4770 3029 4824 velit.
3061 4786 3080 4818 ι

2000 4850 2079 4917 (7)
2129 4847 2220 4917 Sic
2258 4859 2389 4898 mss.
2424 4843 2597 4903 Alias,
2629 4836 2674 4890 “‹
2720 4842 2866 4909 quod
2904 4840 3007 4892 alia
3036 4836 3486 4917 _est-_in_Christo

1929 4905 2148 4971 deitatis
2172 4916 2291 4984 ejus
2333 4922 2523 4966 natura
2558 4924 2678 4980 qua:
2730 4905 2901 4965 est...
2927 4947 2941 4961 .
2996 4914 3054 4961 et
3107 4905 3211 4960 alia
3250 4908 3488 4962 humana

1932 5002 2116 5056 quam,
2143 5004 2174 5056 4)
2205 4994 2310 5039 etc.
2468 5000 2473 5007 '

2001 5057 2077 5123 (8)
2104 5046 2239 5107 Mss.
2264 5093 2278 5115 ,
2323 5069 2340 5103 t
2376 5058 2598 5123 generat
2637 5063 2751 5123 _me.
2786 5069 2805 5102 ι
2842 5046 3036 5123 Alias,_
3064 5046 3297 5123 «_genuit
3329 5062 3431 5123 me.
3464 5066 3482 5097 ι

2001 5058 2077 5176 (83
2112 5058 2239 5107 Mss.
2264 5093 2278 5115 ,
2323 5069 2340 5103 t
2376 5058 2598 5121 generat
2642 5063 2743 5103 me.
2786 5069 2805 5102 ι
2842 5058 3010 5109 Alias,
3064 5062 3083 5096 ι
3112 5058 3297 5114 genuit
3329 5062 3431 5100 me.
3464 5066 3477 5097 l

1932 5124 2042 5194 Pau
2069 5139 2101 5177 ο
2141 5132 2262 5194 post
2306 5136 2458 5194 inss.,
2499 5137 2517 5169 ‹
2557 5118 2648 5171 Dei
2684 5120 2873 5194 _virt_us
2903 5124 2958 5170 et
3002 5115 3095 5170 Dei
3140 5118 3422 5186 sapientia.
3459 5137 3477 5168 ι

1923 5193 2092 5255 Alias,
2127 5188 2155 5244 ι’
2176 5193 2265 5246 Dei
2298 5191 2471 5243 virtus
2496 5197 2550 5241 et
2585 5188 2872 5253 sapientia.
2910 5204 2929 5237 ι

1994 5263 2071 5331 (9)
2104 5263 2196 5316 Sic
2227 5275 2355 5331 mss.
2386 5259 2555 5331 Ali-as,
2584 5276 2614 5331 _1
2650 5256 2876 5331 fuerint.
2908 5274 2926 5307 ο

1990 5323 2103 5400 (10)
2137 5331 2216 5383 Ne
2254 5330 2389 5398 forte
2430 5327 2539 5400 ἱρδᾳ
2575 5326 2900 5392 ὑπόστασις,
2956 5326 3010 5378 id
3057 5336 3130 5378 est
3179 5326 3393 5400 substqn
3422 5323 3470 5374 iu

1922 5392 2059 5470 ejus.
2084 5392 2167 5453 'lta
2201 5392 2329 5452 mss.
2362 5400 2414 5470 in
2443 5392 2640 5470 quibus
2664 5406 3214 5470 tamen_ante_vocem
3248 5392 3469 5470 b11639-

1924 5462 2006 5532 ᾰις
2033 5480 2303 5535 comparet
2334 5466 2435 5519 alia
2464 5462 2569 5519 vox
2602 5465 2787 5519 Grrcca
2832 5466 2909 5517 sic
2935 5463 3203 5535 delineata
3227 5503 3242 5527 ,
3271 5462 3480 5535 lPlI‘A,

1925 5529 2045 5608 quat
2075 5529 2201 5606 quid
2235 5538 2335 5590 sibi
2371 5536 2495 5608 \'_elit
2532 5550 2598 5608 ne
2649 5535 2960 5608 conjectura
3002 5533 3213 5608 (ιμίλιςιμι
3244 5543 3391 5608 _asse
3415 5529 3479 5594 Iti

1926 5600 2145 5677 possunt
2176 5645 2191 5669 ,
2237 5608 2336 5661 nisi
2392 5605 2528 5677 forte
2562 5603 2820 5677 lega_tur:_
2849 5601 2980 5677 ⁸ιδίσι.
3034 5602 3087 5677 lu
3136 5600 3286 5677 libris
3323 5610 3482 5675 antra

1927 5666 2088 5731 cditis
2120 5666 2331 5742 legitur,
2363 5692 2381 5724 ι
2409 5689 2472 5726 ne
2505 5666 2640 5724 forte
2676 5672 2788 5734 ipsa
2810 5670 2943 5725 idea:
2968 5668 3266 5726 substantia
3296 5666 3426 5732 ejus.
3461 5685 3480 5716 ι
