3952 6144
440 273 536 329 131

1667 268 1988 326 ORIGENIS
2019 273 2178 326 ΠΕΡΙ
2213 274 2444 327 ΑΡΧΩΝ

3585 280 3690 334 132

439 393 678 446 tudinem
707 391 814 463 54
867 391 918 446 in
951 390 1214 458 sapientia
1267 389 1554 458 requisivit
1601 405 1695 458 per
1729 391 1829 445 hoc
1862 391 2004 458 quod
2033 396 2079 451 Α
2113 390 2328 452 dicitur,
2356 391 2568 460 species
2602 392 2812 446 scilicet
2836 392 2887 444 in
2921 407 2979 446 se
3006 402 3060 447 et
3087 392 3239 447 initia
3269 396 3436 451 totius
3460 394 3692 464 prail'or-

437 485 700 552 sapientia
725 485 843 538 est?
865 483 1144 548 Quomodo
1165 490 1342 537 autem
1367 493 1520 535 extra
1547 481 1707 547 hujus
1728 484 2002 551 sapientiae

435 578 838 647 generationem
891 573 1058 627 fuisse
1087 571 1376 640 aliquando
1405 573 1574 625 Deum
1612 571 1828 626 Patrem
1863 572 1999 641 (ll),

436 671 517 724 vel
553 669 617 722 ad
663 675 916 736 punctum
942 666 1198 720 momenti
1230 665 1478 734 alicujus,
1513 665 1634 733 quis
1672 673 1848 732 potest
1879 679 2004 717 scrt-

440 764 539 816 tire
560 761 639 813 vel
669 759 914 822 credere,
941 757 1032 825 qui
1056 767 1238 810 tamen
1265 758 1408 826 pium
1429 758 1630 825 aliquid
1662 758 1731 811 de
1755 757 1864 810 Deo
1889 753 2002 826 (l2)

441 852 746 918 intelligere
778 849 1012 914 noverit,
1049 847 1129 900 vel
1163 849 1404 900 sentire?
1435 848 1542 901 Aut
1593 849 1734 901 enim
1769 864 1872 899 non
1904 861 2000 914 po-

437 943 601 996 tuisse
646 943 814 994 Deum
872 941 1014 992 dicet
1049 954 1313 1007 generare
1346 940 1663 1007 sapientiam
1714 947 2000 1007 antequam

435 1041 744 1103 generaret,
781 1040 838 1084 ttt
873 1046 990 1082 eam
1022 1044 1142 1097 qua}
1187 1041 1312 1083 ante
1351 1013 1455 1083 non
1486 1041 1645 1095 erat,
1695 1041 1879 1099 postea
1911 1045 2002 1097 ge-

435 1127 613 1180 nuerit
641 1137 700 1179 ut
734 1133 913 1189 esset;
947 1134 1040 1178 aut
1074 1125 1314 1192 potuisse
1365 1125 1583 1191 quidem
1613 1134 1685 1185 et,
1719 1125 1865 1191 quod
1895 1123 2001 1178 diei

433 1215 499 1268 de
533 1215 642 1269 Deo
698 1215 852 1268 nefas
883 1224 987 1280 est,
1019 1215 1255 1268 noluisse
1283 1229 1582 1283 generare:
1622 1216 1766 1283 quod
1792 1225 2002 1268 utrum-

433 1309 538 1371 que
577 1313 631 1356 ct
670 1305 968 1358 absurdum
995 1319 1112 1358 esse
1137 1313 1190 1356 et
1222 1304 1440 1372 impium
1465 1303 1716 1358 omnibus
1745 1310 1921 1372 patet;
1949 1303 2000 1358 id

434 1405 516 1448 est
540 1404 599 1448 ut
622 1405 716 1448 aut
740 1410 805 1448 ex
857 1411 921 1448 eo
945 1396 1086 1464 quod
1115 1412 1219 1449 non
1255 1394 1428 1463 potuit
1451 1394 1590 1448 Deus
1621 1394 1912 1462 proliceret
1943 1402 2000 1445 ut

435 1496 651 1555 posset,
684 1497 776 1540 aut
808 1503 929 1540 eum
966 1497 1147 1556 posset
1176 1527 1191 1550 ,
1244 1486 1615 1542 dissimularet
1666 1501 1729 1538 ac
1758 1483 2001 1538 dillerret

441 1594 702 1649 generare
753 1580 1096 1646 sapientiam.
1154 1579 1382 1647 Propter
1434 1579 1577 1646 quod
1634 1591 1732 1630 nos
1786 1589 2001 1643 semper

439 1672 606 1724 Deum
639 1667 855 1721 Patrem
892 1670 1139 1723 novimus
1181 1668 1440 1738 unigenili
1480 1666 1600 1721 Filii
1642 1668 1759 1730 sui,
1789 1681 1853 1720 ex
1884 1668 1998 1735 ipso

435 1761 653 1830 quidem
687 1761 820 1828 nati,
845 1771 897 1816 et
921 1762 1064 1830 quod
1093 1771 1178 1815 est
1203 1762 1271 1814 ab
1296 1761 1410 1829 ipso
1439 1760 1722 1823 trahentis,
1750 1760 1867 1813 sine
1893 1758 2002 1812 ullo

435 1864 613 1908 tamen
648 1853 821 1917 initio,
873 1868 980 1906 non
1009 1853 1182 1906 solum
1209 1868 1274 1906 eo
1305 1851 1448 1921 quod
1480 1851 1755 1920 aliquibus
1791 1861 2001 1920 tempo-

438 1962 556 1998 rum
585 1945 778 2013 spatiis
827 1945 1087 2014 distingui
1137 1953 1356 2014 potest,
1414 1946 1507 1997 sed
1541 1959 1606 1997 ne
1659 1943 1752 1996 illo
1782 1945 2000 2013 quidem

431 2037 574 2106 quod
605 2036 716 2090 sola
743 2035 858 2107 (15)
891 2036 1029 2104 apud
1053 2037 1398 2103 semetipsam
1431 2050 1583 2088 meus
1614 2035 1808 2088 intueri
1838 2035 2000 2101 solet,

431 2137 487 2181 et
537 2129 680 2179 nudo
705 2167 721 2192 ,
757 2136 811 2179 ut
843 2127 913 2179 ita
942 2126 1206 2191 dixerim,
1241 2125 1514 2180 intellectu
1545 2165 1560 2190 ,
1615 2135 1780 2194 atque
1821 2127 2005 2182 animo

432 2218 760 2284 conspicari.
798 2218 963 2272 Extra
999 2232 1158 2273 omne
1191 2231 1324 2284 ergo
1357 2219 1501 2285 quod
1531 2218 1613 2271 vel
1641 2218 1775 2282 dici,
1811 2217 1896 2270 vel
1925 2220 2003 2271 in-

435 2309 595 2379 telligi
624 2317 800 2378 potest
835 2309 1044 2362 initium
1074 2316 1384 2378 generatam
1411 2325 1533 2364 esse
1563 2309 1890 2363 credendum
1921 2317 2005 2363 est

433 2403 777 2470 sapientiam.
802 2401 859 2454 ln
895 2401 997 2455 hac
1026 2402 1139 2469 ipsa
1170 2416 1299 2470 ergo
1323 2401 1604 2469 sapientiae
1629 2401 2002 2465 subsistentia,

433 2491 556 2556 quia
581 2491 764 2544 omnis
789 2491 962 2543 virtus
990 2505 1053 2544 ac
1077 2487 1401 2542 deformatio
1430 2489 1621 2542 lutura-
1646 2489 1820 2544 inerat
1852 2505 2002 2545 crea-

434 2591 568 2635 turae
593 2623 606 2644 ,
644 2581 726 2634 vel
761 2597 946 2635 eorum
989 2595 1107 2649 quae
1140 2580 1517 2648 principaliter
1560 2581 1822 2634 exsistunt
1850 2622 1866 2647 ,
1919 2581 2001 2634 vel

428 2688 616 2726 eorum
643 2688 762 2741 quae
782 2672 1034 2726 accidunt
1062 2679 1462 2739 consequenter
1486 2671 1686 2724 virtute
1709 2671 2002 2740 praescion-

431 2765 518 2818 tize
553 2765 898 2834 praiformata
938 2772 1099 2833 atque
1141 2762 1427 2832 disposita,
1465 2777 1564 2830 pro
1595 2763 1677 2816 his
1723 2763 1854 2830 ipsis
1880 2777 2001 2832 quas

425 2853 480 2907 in
538 2857 657 2926 ipsa
692 2855 961 2924 sapientia
1011 2853 1160 2907 velut
1211 2853 1498 2920 descriptae
1530 2867 1594 2906 ac
1641 2853 2004 2922 prazliguratte

431 2945 646 3000 fuerant
669 2948 940 3000 creaturis
962 2945 1096 3014 (l4),
1122 2945 1356 3012 seipsam
1381 2959 1475 3012 per
1499 2943 1844 3000 Salomonem
1870 2945 2001 2998 dicit

426 3045 666 3091 creatam
712 3051 831 3090 esse
864 3035 1128 3104 sapientia
1159 3035 1372 3088 initium
1406 3034 1619 3088 viarum
1667 3035 1784 3102 Dei,
1822 3034 1998 3090 conti-

430 3140 566 3180 nens
590 3125 801 3181 scilicet
829 3125 881 3177 in
924 3124 1216 3194 semetipsa
1270 3126 1540 3180 universze
1595 3133 1856 3180 creatum
1915 3126 2000 3182 vel

433 3217 612 3282 initia,
669 3217 753 3269 vel
791 3215 1015 3283 formas,
1049 3216 1130 3270 vel
1166 3217 1394 3284 species.

536 3307 592 3358 5.
644 3304 799 3372 Quali
834 3313 1015 3357 autem
1073 3304 1234 3359 modo
1269 3302 1632 3358 intelleximus
1681 3303 1997 3374 sapientiam

431 3395 645 3449 initium
701 3397 910 3450 viarum
947 3395 1040 3449 Dei
1069 3410 1226 3460 esse,
1262 3404 1316 3450 et
1348 3397 1620 3465 quomodo
1670 3406 1852 3451 creata
1880 3410 2000 3452 esse

502 3535 546 3568 ³⁵
569 3535 724 3592 Joan.
753 3553 792 3604 t,
817 3537 870 3596 1,

431 3656 600 3713 Paulo
628 3665 745 3725 post
783 3671 936 3718 mss.,
973 3676 992 3708 ι
1039 3660 1092 3711 in
1124 3658 1390 3727 sapientia
1422 3659 1727 3728 requisivit.
1761 3680 1780 3712 ι
1814 3662 1985 3728 Alias,

435 3744 458 3778 ι
489 3729 542 3779 in
574 3729 836 3794 Sapietllla
871 3727 965 3797 Dei
998 3729 1304 3797 requisivit.
1343 3749 1363 3781 ι
1501 3727 1515 3728 ί
1817 3755 1829 3767 ·

502 3797 613 3868 (il)
647 3795 920 3868 Quomodo
953 3795 1125 3868 autent
1159 3810 1309 3868 extra
1341 3799 1500 3867 hujus
1535 3801 1807 3868 sapientia:
1839 3817 1993 3868 gene-

431 3866 688 3918 rationem
717 3866 876 3933 fuisse
913 3867 1195 3934 aliquando
1221 3866 1385 3920 Deum
1413 3866 1654 3932 Putrem,
1689 3878 1794 3921 etc.
1825 3866 1880 3922 Si
1905 3869 1990 3923 cui

433 3935 575 3989 forte
607 3945 851 4003 suspecta
892 3936 964 3988 sit
1002 3938 1105 4007 hoc
1135 3937 1252 3990 loco
1286 3935 1464 3991 Rulini
1497 3940 1651 4002 tides,
1682 3949 1735 3990 et
1767 3953 1993 4007 cXpres-

432 4007 576 4077 siora
611 4013 762 4073 putet
786 4019 948 4077 quam
981 4015 1039 4077 ut
1062 4005 1311 4077 Origenis
1360 4008 1486 4070 sint,
1534 4009 1645 4061 hzec
1673 4005 1991 4077 arguuienta

432 4076 628 4146 quibus
680 4076 952 4146 azternitas
978 4074 1118 4146 Filio
1153 4075 1248 4127 Dei
1276 4077 1608 4140 vindicatur,
1641 4077 1684 4130 is
1711 4074 1853 4146 legat
1886 4077 1992 4130 alia

433 4142 854 4214 ἰσοδυναμοῦντα
897 4142 1145 4212 Origenis
1188 4147 1348 4197 verba
1375 4161 1492 4212 quae
1528 4148 1690 4199 refert
1715 4142 1995 4201 marcellus
2031 4173 2034 4176 ~

429 4216 751 4282 Aucyrauus
777 4216 916 4282 apud
959 4215 1248 4268 Eusebium
1276 4215 1370 4268 lib.
1402 4217 1702 4269 tadversus
1742 4219 1992 4270 etttndem

430 4273 762 4358 lilarcellutn,
795 4273 914 4352 cap.
947 4285 1004 4358 ᾤ,
1043 4300 1168 4358 pag.
1193 4283 1263 4337 ‘22
1286 4300 1311 4358 :_
1337 4285 1428 4358 ΟὐΔ
1451 4285 1619 4358 γὰρ-ὁ
1647 4285 1778 4349 Θεὸς
1805 4288 1996 4358 Πατὴρ

426 4350 566 4429 εἷνᾼαι
607 4354 833 4429 ἤρξατο,
858 4350 1251 4429 ξκωλρόμένος,
1283 4355 1358 4429 ὡς
1384 4356 1432 4429 ot
1463 4350 1733 4429 γιξαόμενοι
1762 4350 1996 4429 saepe;

423 4423 731 4497 eivOptoiiot,
779 4423 882 4497 Ofb
931 4423 1022 4497 τοῦ
1169 4425 1426 4497 δύνασθαί
1456 4423 1538 4479 πω
1569 4423 1990 4497 πατέρεςγεῖ-ἱαι.

419 4497 514 4566 Εἰ*
533 4494 639 4566 [dp
657 4495 741 4566 ᾀεὶ
763 4493 962 4566 celato;
984 4496 1014 4566 ῥ
1033 4493 1182 4559 Θεὸς,
1204 4496 1296 4566 καὶ
1325 4497 1585 4566 πάρεστιν
1609 4493 1756 4566 ας)τῷ
1771 4496 1996 4566 δύναμις

423 4561 516 4638 tot;
545 4558 760 4638 Πατέρα
781 4563 954 4638 αιξῖρκί
965 4558 1124 4638 εἶναι,
1139 4558 1419 4638 καὶ-κα).ὺῦ
1442 4566 1599 4617 αὑτὸν
1614 4558 1756 4638 εἶναι
1779 4558 1996 4638 Πατέρα

422 4631 518 4685 τοῦ
552 4632 790 4683 τοιούτου
826 4631 956 4684 Υἰοῦ
978 4671 991 4694 ,
1024 4633 1074 4684 τι
1121 4633 1509 4696 ἀναϐάλλεται,
1541 4637 1633 4687 καὶ
1670 4637 1860 4688 ἑαυτὸν
1901 4631 1993 4688 ’τὸῦ

424 4701 590 4753 καλοῦ
616 4702 893 4771 amplo-xu
913 4742 925 4764 ,
963 4702 1055 4754 καὶ
1089 4703 1162 4765 ὡς
1198 4703 1341 4755 ἔστιν
1367 4706 1537 4757 εἰπεῖν
1555 4744 1569 4768 ,
1608 4705 1664 4769 ἐξ
1691 4701 1749 4758 οὗ
1776 4705 1934 4760 δύνατ

425 4724 590 4753 καΑου
616 4724 893 4771 στηρισκει
913 4742 925 4764 ,
963 4724 1055 4754 και
1089 4724 1162 4765 ως
1198 4724 1341 4755 εστιν
1367 4724 1537 4757 ειπειν
1555 4744 1569 4768 ν
1608 4724 1664 4769 ες
1691 4724 1749 4758 Ου
1776 4724 1934 4760 Ουνατ

425 4771 614 4846 Παςτὴρ
628 4769 790 4846 εἶναι
824 4770 954 4823 Υἰοῦ
979 4787 1002 4846 ;_
1040 4773 1111 4824 Τὸ
1133 4774 1272 4846 αὐτὸ
1314 4774 1559 4846 μέντοιγε
1617 4777 1710 4828 καὶ
1742 4776 1869 4846 περὶ
1901 4724 1994 4827 τῇ

425 4840 602 4912 ἀγίουᾷ
628 4841 940 4912 Πνεύματος
990 4843 1224 4896 λεκτέον.
1273 4862 1289 4893 ι
1316 4840 1445 4897 Νοιι
1475 4840 1615 4897 enim
1651 4847 1790 4898 Deus
1814 4840 1991 4912 'caepit

425 4925 546 4962 esse
577 4909 753 4977 Pater,
777 4909 842 4966 eo
870 4913 1012 4980 quod
1039 4954 1054 4978 ,
1101 4923 1159 4966 ut
1201 4915 1341 4966 inter
1370 4915 1620 4968 homines
1652 4915 1769 4968 ﬁeri
1827 4909 1988 4976 solet,

427 4982 579 5052 Pater
600 4995 726 5052 esse
758 4984 1094 5050 nequiverat.
1124 4983 1256 5036 Nam
1287 4983 1332 5036 si
1363 4999 1576 5050 semper
1600 4987 1876 5052 perlectus
1899 5000 1991 5036 ex-

427 5049 563 5121 stitit
599 5047 760 5114 Deus,
793 5047 1140 5121 potestasque
1175 5054 1223 5106 ei
1259 5055 1360 5107 luit
1394 5047 1494 5121 qua
1530 5047 1687 5106 lietel
1717 5055 1897 5115 Ρίίῑεΐο
1923 5069 1988 5107 ac

426 5118 624 5169 bonum
651 5132 732 5172 est
761 5121 906 5172 illum
933 5118 1066 5175 esse
1087 5124 1296 5177 Patrem
1327 5118 1448 5176 talis
1486 5122 1624 5183 Filii,
1657 5139 1752 5176 cur
1781 5123 1986 5186 dillert,

422 5197 475 5259 et
501 5201 566 5240 ex
602 5205 707 5254 quo
743 5191 862 5242 Filii
897 5200 1072 5257 potest
1113 5207 1234 5246 esse
1284 5193 1445 5246 Pater
1473 5235 1487 5259 ,
1545 5195 1782 5259 seipsum
1831 5204 1984 5247 tanto

424 5256 566 5328 hono
592 5260 810 5326 privat?
844 5256 986 5312 idem
1020 5263 1185 5314 etiam
1224 5256 1508 5316 dicendum
1541 5265 1606 5316 de
1630 5256 1828 5315 ﬁsancto
1862 5263 1986 5328 Spi-

424 5327 552 5378 ritu.
589 5346 607 5377 ι
645 5329 777 5381 Vide
803 5329 1019 5396 insuper
1051 5333 1148 5382 alia
1183 5333 1434 5398 ()rigenis
1465 5333 1578 5386 loca
1619 5348 1740 5398 quae
1775 5327 1986 5398 profert

419 5399 751 5472 Athanasius
775 5400 865 5455 lih.
898 5400 972 5451 De
1001 5401 1224 5454 decretis
1262 5401 1496 5454 Nica'ua:
1518 5419 1656 5470 ειμι,
1692 5419 1743 5472 p.
1779 5402 1903 5464 255,
1933 5412 1987 5455 et

421 5467 710 5590 quazzsiulra
741 5472 974 5537 reperies
1007 5471 1099 5522 liti.
1131 5487 1182 5524 tv
1206 5472 1281 5525 De
1310 5467 1606 5541 principiis,
1642 5467 1705 5524 in'
1743 5476 1885 5526 notis
1918 5474 1983 5526 ad

422 5550 474 5584 ιι.
509 5547 526 5566 ⁵
591 5576 601 5586 .

422 5550 474 5584 ιι.
509 5547 601 5586 28.

494 5607 601 5674 (l2)
647 5607 719 5661 De
751 5608 878 5661 Deo.
915 5609 1040 5663 “me
1067 5611 1261 5664 desunt
1307 5613 1358 5664 in
1413 5612 1542 5666 libb.
1593 5625 1749 5666 antea
1787 5612 1978 5675 editis,

417 5680 509 5725 sed
534 5689 744 5732 exstant
778 5680 826 5732 in
847 5682 1095 5735 omnibus
1122 5697 1252 5736 mss.
1278 5681 1443 5737 Paulo
1465 5695 1585 5750 post
1613 5701 1767 5751 ntss.,
1795 5703 1810 5732 ι
1838 5685 1979 5750 quod
2039 5697 2046 5703 ‘

2111 497 2269 533 mans
2299 491 2354 535 et
2391 483 2678 536 continens
2705 493 3004 549 creaturai;
3039 485 3139 538 hoc
3165 485 3327 539 etiam
3357 489 3516 541 modo
3551 486 3692 541 Ver-

2111 572 2236 624 bum
2275 571 2366 624 Dei
2398 586 2519 624 eam
2565 588 2690 626 esse
2723 573 3130 642 intelligendum
3165 584 3247 629 est
3284 589 3379 644 per
3406 577 3510 629 hoc
3539 577 3685 645 quod

2119 661 2230 728 ipsa
2279 662 2490 717 caeteris
2545 664 2833 729 omnibus,
2885 666 2934 718 id
2981 677 3064 722 est
3115 668 3380 722 universae
3419 679 3689 721 creaturae

2106 754 2494 822 mysteriorum
2541 766 2596 810 et
2629 772 2956 811 arcanorum
2993 760 3280 823 rationem,
3325 775 3444 828 qum
3491 751 3684 829 utique

2107 843 2252 897 intra
2299 846 2387 898 Dei
2418 847 2734 914 sapientiam
2785 851 3155 914 continentur,
3191 853 3394 919 aperiat
3429 867 3444 904 :
3499 866 3549 908 et
3589 870 3687 922 per

2104 936 2212 990 hoc
2244 936 2491 990 Verbum
2534 939 2752 1005 dicitur,
2799 943 2926 1009 quia
2960 944 3031 997 sit
3062 951 3316 1012 tanquam
3354 961 3685 1002 arcanorum

2117 1027 2317 1080 mentis
2344 1028 2630 1095 interpres.
2659 1028 2814 1085 Unde
2845 1041 2899 1084 et
2926 1045 3072 1086 recte
3105 1035 3235 1087 mihi
3261 1033 3439 1089 dictus
3469 1036 3686 1089 videtur

2109 1127 2290 1166 sermo
2333 1113 2422 1166 ille
2463 1115 2552 1182 qui
2586 1117 2638 1168 in
2688 1118 2910 1172 Actibus
2957 1120 3108 1174 Pauli
3153 1125 3388 1191 scriptus
3431 1134 3512 1178 est
3545 1125 3684 1192 (15),

2105 1206 2230 1272 quia
2289 1223 2308 1256 ι
2341 1205 2426 1258 hic
2457 1216 2537 1260 est
2577 1207 2812 1262 Verbum
2875 1212 3072 1265 animal
3113 1213 3334 1272 Vivens.
3372 1235 3391 1267 ι
3447 1216 3687 1272 Joannes

2109 1310 2238 1349 vero
2274 1296 2544 1352 excelsius
2570 1307 2624 1352 et
2653 1300 2970 1368 praeclarius
3003 1303 3052 1357 in
3097 1304 3253 1359 initio
3279 1306 3552 1378 Evangelii
3597 1309 3682 1366 sui

2101 1387 2254 1452 dicit,
2292 1390 2513 1457 pr0pria
2544 1392 2864 1447 deﬁnitione
2897 1394 3066 1447 Deum
3100 1412 3221 1450 esse
3253 1398 3518 1454 deliniens
3544 1401 3681 1456 Ver-

2103 1478 2250 1537 bmn.
2279 1479 2502 1534 dicens:
2546 1499 2564 1531 ι
2604 1482 2670 1536 Et
2705 1484 2847 1538 Deus
2881 1496 3000 1539 erat
3031 1485 3269 1540 Verbum
3295 1529 3310 1555 ,
3354 1501 3406 1543 et
3434 1491 3532 1545 hoc
3562 1501 3683 1546 erat

2105 1567 2158 1618 in
2195 1568 2350 1621 initio
2395 1571 2535 1636 apud
2588 1571 2757 1626 Deum
2807 1574 2872 1627 ".
2911 1593 2930 1627 ι
2981 1575 3082 1640 Qui
3119 1587 3300 1630 autern
3352 1579 3562 1634 initium
3590 1584 3685 1637 dat
3777 1631 3790 1642 .

2105 1655 2281 1712 Verbo
2309 1658 2424 1726 Dei,
2458 1661 2540 1714 vel
2567 1663 2848 1731 sapientiae
2898 1665 3025 1726 Dei,
3065 1667 3275 1722 intuere
3311 1686 3377 1724 ne
3413 1674 3584 1742 magis
3619 1676 3674 1729 in

2110 1751 2285 1818 ipsum
2318 1753 2617 1819 ingenitum
2669 1755 2880 1810 Patrem
2933 1759 3266 1827 impietatem
3297 1777 3452 1817 suam
3481 1764 3679 1830 jactel,

2110 1859 2233 1896 cum
2265 1858 2388 1896 eum
2427 1855 2584 1914 neget
2618 1860 2836 1915 semper
2869 1847 3096 1904 Patrem
3133 1850 3302 1905 fuisse
3345 1863 3396 1908 ct
3424 1856 3683 1921 genuisse

2109 1933 2372 2001 Verbum,
2410 1946 2464 1990 et
2496 1937 2754 1992 habuisse
2782 1941 3103 2007 sapientiam
3142 1943 3193 1996 in
3241 1945 3489 2002 omnibus
3519 1958 3677 2002 ante-

2109 2027 2344 2080 rioribus
2373 2069 2388 2093 ,
2431 2029 2513 2081 vel
2553 2032 2919 2097 temporibus,
2958 2034 3040 2087 vel
3069 2035 3283 2090 saaculis
3307 2077 3322 2104 ,
3360 2038 3442 2091 vel
3469 2039 3513 2093 si
3546 2042 3679 2109 quid

2105 2115 2241 2170 i‘llud
2270 2126 2355 2171 est
2389 2120 2530 2188 quod
2555 2121 2820 2174 nominari
2854 2132 3049 2190 potest.

2177 2211 2230 2264 4.
2265 2209 2359 2264 llic
2383 2226 2510 2281 ergo
2535 2212 2703 2266 Filius
2726 2215 2889 2267 etiam
2915 2217 3155 2272 eninium
3182 2233 3301 2286 qua;
3330 2230 3454 2275 snnt
3479 2224 3682 2279 veritas

2107 2310 2190 2354 est
2217 2309 2270 2355 et
2298 2303 2447 2367 vita;
2502 2313 2553 2357 et
2587 2313 2754 2359 recte.
2800 2304 2932 2361 Nam
2984 2312 3251 2376 quomodo
3289 2313 3529 2367 viverent
3558 2313 3675 2386 (l6)

2107 2407 2226 2461 quae
2259 2393 2400 2448 facta
2435 2405 2579 2460 sunt,
2613 2398 2715 2450 nisi
2745 2413 2812 2452 ex
2842 2400 2988 2453 vita?
3025 2400 3118 2454 Vel
3143 2406 3414 2470 quomodo
3449 2407 3683 2463 veritate

2107 2496 2424 2541 constarent
2455 2503 2516 2542 ea
2551 2504 2671 2557 quae
2694 2503 2842 2555 sunt,
2881 2494 2983 2548 nisi
3015 2509 3080 2548 ex
3111 2496 3340 2552 veritate
3387 2498 3682 2553 descende-

2111 2579 2392 2636 rent?Vel
2427 2585 2701 2650 quomodo
2736 2585 3090 2641 rationabiles
3120 2602 3341 2658 possent
3375 2608 3498 2647 esse
3545 2581 3706 2650 sub--

2107 2673 2360 2739 Stantiaa,
2413 2674 2517 2728 nisi
2569 2674 2804 2730 Verbum
2847 2681 2945 2732 -vel
2993 2683 3129 2737 ratio
3184 2690 3547 2752 praecederet?
3585 2689 3679 2745 Vel

2104 2765 2373 2832 quomodo
2401 2779 2654 2836 saperent
2675 2767 2808 2841 (Π),
2841 2773 2946 2828 nisi
2978 2785 3122 2830 esset
3146 2779 3450 2845 sapientia?
3479 2781 3676 2836 Verum

2105 2859 2368 2924 quoniam
2405 2857 2643 2916 futurum
2673 2872 2793 2918 erat
2833 2876 2890 2920 ut
2924 2867 3086 2920 etiam
3119 2869 3617 2942 deciderentaliqui
3645 2889 3676 2927 a

2106 2944 2237 3010 vita,
2274 2956 2330 3000 et
2354 2959 2583 3004 mortem
2609 2953 2714 3006 sibi
2748 2953 2847 3023 ipsi
2876 2958 3282 3013 consciscerent
3329 2960 3463 3030 (18),
3491 2978 3556 3015 ex
3610 2979 3677 3017 eo

2107 3032 2226 3100 ipso
2259 3037 2402 3104 quod
2459 3053 2491 3092 a
2544 3039 2658 3093 vita
2699 3041 3008 3098 deciderent
3047 3045 3198 3116 (non
3239 3049 3383 3102 enim
3417 3050 3563 3105 aliud
3593 3062 3680 3107 est

2109 3139 2444 3195 mors-quam
2492 3145 2522 3184 a
2552 3132 2660 3185 vita
2709 3133 3055 3207 discedere),
3093 3149 3147 3192 et
3176 3143 3363 3210 utique
3393 3158 3497 3197 non
3531 3153 3679 3200 esset

2108 3227 2470 3284 consequens,
2506 3231 2654 3275 utea
2685 3239 2804 3292 quae
2829 3227 2999 3280 semel
3025 3228 3091 3281 ad
3126 3230 3413 3284 vivendum
3452 3231 3674 3287 fuerant

2108 3321 2389 3376 procreata
2424 3329 2454 3368 a
2489 3314 2599 3372 Deo
2634 3320 2850 3386 penitus
2877 3323 3219 3390 deperireut,
3266 3325 3505 3392 oportuit
3548 3335 3675 3380 ante

2108 3414 2337 3459 mortem
2368 3422 2490 3463 esse
2516 3411 2676 3466 talem
2709 3412 2987 3480 virtutem,
3038 3430 3158 3484 qua:
3190 3415 3424 3472 futuram
3481 3418 3677 3473 dissol-

2099 3671 2393 3732 utrumqne
2423 3673 2476 3718 et
2506 3667 2796 3720 absurdum
2826 3681 3015 3722 esse...
3045 3671 3094 3722 id
3120 3679 3202 3725 est
3229 3681 3285 3724 ut
3319 3682 3412 3726 aut
3435 3688 3498 3726 ex
3527 3689 3614 3728 eo.
3650 3695 3668 3727 ι

2099 3735 2269 3796 Alias,
2314 3753 2332 3784 ‹
2366 3736 2490 3804 quia
2525 3744 2816 3806 utrumque
2863 3749 2921 3792 et
2949 3742 3240 3794 absurdum
3275 3759 3462 3797 csse...
3501 3746 3551 3797 id
3585 3757 3669 3800 est

2102 3813 2160 3854 ut
2186 3817 2271 3855 ΒΟ.
2316 3821 2336 3855 ι

2339 3872 2429 3926 Sic
2484 3889 2615 3929 mss.
2663 3874 2817 3930 Alias
2845 3915 2860 3942 ,
2903 3895 2922 3928 ι
2960 3879 3080 3933 sine
3130 3881 3220 3935 illo
3249 3882 3469 3950 quidem
3528 3887 3672 3953 quod

2100 3956 2234 3995 601a.
2277 3962 2295 3994 ι

2163 4012 2282 4091 (14).
2310 4012 2399 4091 _lta_
2419 4014 2586 4091 codex
2622 4015 2970 4091 Reniigianus
3001 4028 3050 4072 et
3087 4029 3234 4091 recte
3266 4025 3510 4078 omnino.
3541 4026 3666 4091 Alii,

2098 4099 2114 4131 ι
2148 4096 2246 4148 pro
2272 4083 2354 4163 his
2389 4084 2517 4151 ipsis
2545 4101 2672 4163 “quae
2702 4086 2754 4137 in
2788 4083 2901 4153 ipsa
2929 4090 3196 4163 sapientia
3229 4092 3374 4163 velut
3396 4083 3668 4163 descripta

2093 4161 2145 4205 ct
2169 4155 2508 4229 praeﬁgurata
2543 4155 2754 4208 fuerant
2781 4158 3068 4229 creaturis.
3104 4178 3124 4229 ρ
3163 4160 3327 4216 Paulo
3357 4177 3474 4228 pOSI
3502 4155 3662 4229 IIIS-5.,

2099 4237 2116 4270 ι
2153 4221 2288 4274 dicit
2316 4221 2553 4278 creatam
2586 4239 2705 4305 esse
2741 4228 3065 4305 sapientia.»
3099 4228 3259 4285 Libb.
3293 4221 3446 4300 editi,
3483 4252 3499 4284 t
3530 4221 3664 4288 dicit

2096 4303 2346 4362 creatam
2372 4309 2491 4346 esse
2525 4303 2866 4362 sapientiam.
2901 4315 2919 4346 ι

2171 4361 2284 4434 (l5)
2318 4361 2420 4434 Qui
2450 4363 2502 4414 in
2529 4361 2744 4416 Actibus
2773 4362 2930 4418 Pauli
2961 4367 3184 4434 scriptus
3211 4380 3307 4434 est,
3339 4380 3443 4426 etc.
3475 4374 3553 4426 De
3580 4376 3666 4430 his

2031 4405 2070 4459 υ
2098 4405 3665 4511 Ac‘titilis'fi'ddiii[lirigiglgniiié'in}:'iiiitilii,°52'p7§,"éi

2098 4501 2284 4552 eodem
2318 4500 2478 4560 libro.
2507 4517 2622 4570 cap.
2653 4505 2742 4566 '25,
2770 4503 3086 4559 Philastrius
3110 4500 3420 4565 haeresf87.
3439 4500 3662 4569 'Diversi

2098 4581 2253 4622 crant
2289 4570 2342 4623 hi
2389 4572 2560 4625 Actus
2589 4576 2655 4626 ab
2693 4575 2919 4628 Actibus
2961 4575 3110 4629 Pauli
3146 4587 3199 4631 et
3232 4579 3460 4635 Theclte.
3489 4583 3664 4637 Porro

2097 4640 2242 4713 quod
2295 4639 2346 4713 in
2401 4639 2661 4708 ejusmodi
2711 4647 3037 4713 apocryphis
3093 4650 3324 4704 Actibus
3361 4651 3664 4708 habebatur

2097 4709 2220 4782 quia
2265 4727 2282 4758 ε
2313 4710 2398 4782 hic
2437 4720 2520 4764 est
2553 4709 2773 4767 verbum
2819 4709 3021 4767 animal
3052 4718 3259 4782 vivens,
3294 4740 3312 4772 ι
3350 4720 3528 4774 nullus
3557 4727 3660 4776 du-

2098 4779 2210 4832 bito
2239 4779 2367 4849 quin
2402 4795 2656 4849 corrupte
2679 4787 2977 4837 derivatum
3008 4787 3077 4839 sit
3106 4803 3167 4839 ex
3197 4779 3281 4842 his
3311 4792 3376 4842 ad
3397 4790 3656 4847 Hebraeos

2094 4848 2442 4924 tv,__13:_§dw
2475 4853 2582 4923 γὰρ
2627 4857 2654 4907 ό
2684 4855 2851 4924 Λόγος
2876 4854 2968 4906 τοῦ
2992 4855 3146 4908 Θεοῦ.

2167 4917 2277 4988 (16)
2312 4917 2802 4985 Mss.,‘tvivereni.
2843 4944 2861 4975 ι
2893 4926 3062 4988 Alias,
3103 4948 3118 4976 ι
3161 4930 3358 4983 vivent.
3398 4949 3416 4982 ι

2169 4989 2279 5057 (17)
2309 4988 2581 5055 Supererat.
2620 4998 2695 5048 Ita
2744 4997 2915 5048 codex
2954 4997 3318 5055 Celtici-tinus.
3376 5000 3479 5052 Alii
3533 5015 3654 5055 cum

2093 5070 2255 5133 antea
2311 5062 2495 5133 editis,
2532 5082 2550 5112 ι
2584 5067 2819 5133 sapiens.
2853 5085 2871 5115 ι
2919 5067 3119 5118 Ibidem
3173 5086 3327 5130 mss.,
3387 5088 3405 5120 (
3465 5086 3655 5122 verum
3700 5109 3704 5112 ~

2091 5130 2346 5208 quoniam
2384 5131 2622 5187 futurum
2649 5130 2810 5188 crat.
2858 5153 2876 5186 ι
2919 5137 3066 5189 Alias
3104 5154 3119 5186 ι
3161 5153 3349 5192 verum
3381 5142 3654 5208 quomodo

2091 5199 2329 5251 luturum
2364 5211 2500 5255 erat.
2541 5223 2561 5255 ι

2161 5269 2270 5338 (18)
2301 5270 2413 5322 Sibi
2447 5275 2548 5340 ipsi
2600 5276 2997 5331 consciscerent.
3024 5278 3112 5331 Sic
3138 5290 3282 5333 recte
3304 5294 3494 5332 omnes
3525 5294 3654 5334 mss.

2089 5339 2239 5392 Alias
2264 5359 2296 5417 _t
2326 5339 2524 5417 illiriSIi
2553 5348 2978 5401 consciscerent.
3007 5367 3025 5399 ι
3063 5349 3226 5400 Paulo
3265 5358 3383 5417 post
3409 5350 3525 5400 libri
3559 5367 3660 5401 an-

2093 5419 2176 5461 tea
2210 5411 2360 5476 ctliti,
2399 5432 2415 5461 ι
2455 5425 2507 5464 et
2541 5426 2683 5468 esset
2719 5420 3048 5472 resurrectio
3087 5420 3138 5470 in
3179 5411 3402 5473 litiiitino
3432 5429 3485 5470 et
3532 5421 3657 5470 Sal-

2091 5490 2278 5532 vatore
2321 5494 2505 5536 nostro
2532 5523 2545 5547 ,
2572 5502 2693 5553 qua:
2741 5491 3090 5549 resurrectio,
3125 5502 3234 5541 etc.
3258 5532 3271 5548 ,
3309 5499 3418 5540 tum
3463 5491 3658 5541 deinde

2089 5554 2355 5614 quomodo
2404 5555 2642 5607 luturum
2675 5568 2813 5610 erat.
2854 5575 2872 5606 ι
2922 5560 3058 5626 βοά.
3096 5576 3226 5613 mss.
3276 5571 3332 5611 ut
3368 5562 3419 5610 in
3473 5573 3657 5611 nostto

2090 5629 2256 5673 ιυκιιι.
