3952 6144
269 332 364 385 155

1641 304 1841 361 LIBER
1881 299 2160 356 PRlMUS.

3413 290 3514 344 liii

271 461 411 505 veret
444 457 695 505 mortem.
738 455 793 499 et
831 450 973 499 esset
1009 437 1338 494 resurrectio
1362 447 1484 503 qua:
1529 431 1582 486 in
1616 430 1840 485 Domino
1869 431 1916 486 Α
1945 423 2236 494 quamdam
2283 420 2350 474 de
2381 418 2472 472 Dei
2525 416 2782 484 sapientia
2838 413 2940 466 hoc
2993 413 3150 466 modo
3205 411 3461 478 scriptun:
3493 429 3511 464 -.

269 555 318 599 et
342 542 624 597 Salvatore
654 545 844 590 nostro
879 533 1114 588 formata
1147 539 1250 593 est,
1277 542 1396 597 quae
1426 523 1751 580 resurrectio
1783 519 1836 573 in

271 641 379 707 ipsa
415 635 506 690 Dei
557 630 823 701 sapientia
877 636 932 681 et
967 624 1147 680 Verbo
1204 635 1270 674 ac
1326 617 1436 671 vita
1491 613 1833 670 consisteret.

270 701 402 782 'l‘um
433 725 634 778 deinde
661 719 914 790 quoniam
952 714 1193 768 futurum
1219 717 1338 764 erat
1367 716 1428 761 ut
1455 705 1622 775 aliqui
1652 718 1719 757 ex
1753 701 1838 756 his

268 820 357 891 qui
395 816 570 874 creati
625 821 769 874 sunt,
801 824 899 880 pro
948 823 1012 862 eo
1041 805 1186 876 quod
1241 817 1349 856 non
1389 798 1749 859 naturaliter,
1785 794 1837 848 id

270 921 348 969 est
374 905 814 966 substantialiter
844 903 1043 956 inesset
1069 899 1146 950 eis
1177 895 1398 958 bonum,
1435 889 1530 944 sed
1560 887 1837 948 accidens,

270 1018 372 1056 non
450 1000 699 1055 volentes
761 989 1204 1049 inconvertibiles
1254 997 1310 1040 et
1366 979 1840 1038 inconinunabiles

269 1107 484 1162 semper
505 1102 847 1160 permanere,
875 1099 938 1138 ac
963 1095 1178 1150 semper
1206 1080 1258 1133 in
1285 1077 1483 1133 eisdem
1509 1073 1663 1129 bonis
1689 1084 1841 1138 aequa

270 1201 330 1238 ac
361 1184 644 1238 moderata
674 1179 958 1234 libratione
989 1174 1209 1244 durare,
1253 1170 1345 1223 sed
1398 1165 1642 1222 conversi
1679 1174 1841 1230 atque

271 1276 464 1330 mutati
500 1276 567 1328 de
595 1282 736 1327 statu
772 1286 868 1325 suo
914 1266 1234 1322 deciderent
1265 1261 1399 1334 (19),
1435 1260 1520 1313 via
1553 1259 1728 1312 factus
1759 1265 1844 1309 est

271 1371 510 1424 Verbum
543 1367 655 1419 Dei.
689 1373 742 1419 et
785 1361 1074 1432 sapientia.
1108 1358 1238 1423 Quae
1266 1357 1350 1408 via
1385 1354 1590 1407 idcirco
1625 1349 1842 1410 dicitur,

269 1461 412 1530 quod
467 1459 536 1511 ad
568 1455 783 1510 Patrem
817 1453 976 1508 ducat
1011 1465 1103 1504 eos
1135 1448 1224 1516 qui
1277 1460 1374 1514 per
1403 1459 1522 1497 eam
1566 1441 1842 1496 incedunt.

269 1555 624 1620 Quzecunque
659 1563 788 1617 ergo
837 1545 1074 1601 diximus
1111 1542 1178 1597 de
1217 1538 1486 1608 sapientia
1538 1535 1676 1598 Dei,
1737 1534 1850 1586 hree

269 1645 668 1700 convenienter
714 1638 1044 1706 aptabuntur
1076 1645 1130 1689 et
1157 1631 1538 1700 intelligeutur
1563 1627 1724 1681 etiam
1753 1640 1850 1694 pro

269 1753 331 1793 eo
355 1737 510 1806 quod
545 1733 714 1788 Filius
745 1729 837 1784 Dei
868 1728 972 1781 vita
1006 1733 1108 1789 est,
1139 1733 1189 1778 et
1216 1739 1312 1792 pro
1338 1737 1403 1776 eo
1434 1719 1576 1790 quod
1617 1717 1847 1771 Verbum

271 1838 374 1894 est,
401 1837 461 1883 et
493 1842 590 1896 pro
617 1839 682 1878 eo
709 1821 853 1892 quod
900 1820 1104 1872 veritas
1152 1825 1254 1877 est,
1283 1826 1335 1867 et
1367 1828 1462 1881 pro
1491 1827 1554 1865 eo
1585 1809 1727 1880 quod
1767 1823 1852 1862 re—

271 1919 547 1977 surrectio
578 1925 696 1972 est:
731 1912 857 1982 quia
887 1911 971 1963 hae
991 1921 1181 1960 omnes
1212 1905 1602 1974 appellationes
1633 1917 1698 1955 ex
1731 1914 1854 1969 ope-

272 2015 425 2068 ribus
460 2011 578 2082 ejus
613 2024 674 2062 ac
710 2002 1006 2061 virtutibus
1036 1998 1331 2050 nominata:
1363 2005 1508 2059 sunt,
1539 2004 1593 2048 et
1621 1993 1673 2046 in
1709 1991 1852 2045 nulla

278 2109 479 2162 harum
510 2102 595 2156 vel
645 2100 746 2156 levi
786 2100 1040 2169 opinione
1079 2093 1304 2161 intelligi
1337 2087 1619 2158 corporale
1650 2082 1853 2152 aliquid

273 2207 477 2268 potest,
512 2194 656 2264 quod
685 2193 768 2246 vel
806 2187 1231 2260 magnitudinem
1269 2182 1560 2251 designare
1585 2178 1851 2238 videatur,

275 2264 358 2342 vel
396 2287 652 2343 habitum
683 2328 696 2353 ,
733 2282 836 2354 55
882 2281 963 2334 vel
1015 2279 1289 2332 colorem:
1345 2272 1602 2341 quoniam
1659 2268 1710 2322 hi
1740 2264 1852 2336 (20)

274 2380 365 2447 qui
402 2377 654 2430 videntur
680 2373 821 2441 apud
845 2385 942 2422 nos
967 2366 1249 2419 hominum
1276 2361 1396 2423 lilii,
1425 2357 1509 2412 vel
1533 2366 1854 2410 (-aeterorum

274 2469 622 2529 animalium,
667 2460 862 2516 semini
901 2471 1091 2512 eorum
1123 2472 1154 2508 a
1185 2454 1382 2522 quibus
1437 2445 1686 2504 scminati
1730 2451 1858 2497 sunt

274 2557 639 2628 respondent,
667 2550 748 2604 vel
773 2561 960 2603 earum
989 2557 1219 2613 quarum
1251 2542 1306 2594 in
1341 2551 1500 2592 utero
1545 2535 1857 2588 formantur

274 2668 343 2706 ac
375 2626 760 2708 _nutriuntur,
810 2640 1016 2694 habent
1067 2649 1130 2688 ex
1174 2635 1259 2687 his
1308 2629 1569 2700 quidquid
1622 2626 1749 2678 illud
1779 2630 1862 2676 est

273 2741 434 2810 quod
469 2739 521 2791 in
571 2738 748 2790 lucem
779 2735 921 2787 hanc
953 2733 1236 2782 assmnunt
1265 2737 1327 2776 ac
1366 2719 1618 2775 delerunt
1649 2729 1864 2784 proces-

276 2828 430 2884 suri.
479 2823 756 2880 Infandum
807 2829 988 2874 autem
1018 2826 1101 2872 est
1149 2825 1202 2868 et
1232 2810 1480 2865 illicitum
1504 2849 1518 2873 ,
1557 2807 1724 2860 Deum
1760 2803 1864 2856 Pa-

278 2933 428 2976 trem
459 2919 511 2972 in
538 2915 889 2986 generatione
923 2907 1183 2981 unigeniti
1212 2905 1334 2960 Filii
1365 2903 1446 2957 sui
1479 2910 1641 2968 atque
1661 2899 1713 2953 in
1740 2897 1867 2951 sub-

280 3010 536 3069 sistentia
561 3009 678 3074 ejus
703 3017 988 3073 exaequare
1014 3000 1172 3054 alicui
1207 2999 1290 3050 vel
1317 2995 1598 3051 hominum
1624 2991 1708 3046 vel
1737 2991 1866 3046 alio-

283 3119 414 3160 rum
453 3099 774 3172 generauti;
811 3095 904 3151 sed
939 3106 1166 3147 necesse
1215 3097 1298 3144 est
1331 3083 1531 3152 aliquid
1577 3090 1863 3150 exceptum

283 3212 412 3254 esse
445 3195 670 3263 Deoque
699 3192 920 3261 dignum
947 3187 1034 3243 cui
1066 3185 1218 3240 nulla
1269 3193 1496 3251 prorsus
1526 3173 1864 3244 comparatio

287 3305 398 3346 non
432 3289 487 3344 in
514 3289 678 3341 rebus
723 3284 922 3346 solum,
959 3279 1054 3335 sed
1104 3291 1170 3331 ne
1199 3277 1251 3329 in
1283 3270 1608 3343 cogitatione
1648 3267 1863 3335 quidem

289 3382 378 3437 vel
408 3395 573 3436 sensu
605 3374 835 3432 inveniri
863 3378 1061 3441 potest,
1098 3376 1156 3421 ut
1184 3367 1419 3420 humana
1452 3357 1712 3428 cogitatio
1744 3370 1867 3424 pos-

289 3477 360 3531 sit
415 3469 832 3542 apprehendere
881 3461 1150 3532 quomodo
1178 3454 1458 3525 ingenitus
1504 3451 1646 3504 Deus
1705 3447 1867 3500 Pater

290 3541 525 3624 efficitur
562 3557 825 3631 unigeniti
852 3555 976 3610 Filii
1010 3550 1143 3619 (21).
1176 3548 1269 3602 Est
1298 3557 1531 3612 namque
1557 3541 1631 3594 ita
1666 3551 1867 3592 aeterna

294 3676 357 3715 ac
404 3655 740 3724 sempiterna
771 3648 1051 3720 generatio
1106 3636 1533 3709 sicutsplcndor
1579 3640 1871 3702 generatur

296 3768 358 3806 ex
415 3721 540 3804 luce
593 3729 726 3814 (‘22).
774 3743 886 3797 Non
930 3738 1071 3793 enim
1105 3749 1201 3802 per
1252 3728 1599 3796 adoptionem
1635 3721 1871 3791 Spiritus

297 3842 471 3900 Filius
522 3840 581 3894 fit
613 3837 982 3896 extrinsecus,
1017 3828 1110 3883 sed
1137 3833 1328 3878 natura
1359 3819 1528 3874 Filius
1562 3823 1666 3872 est.

368 3937 422 3991 5.
463 3934 752 3989 Videamus
793 3935 969 3978 tamen
1009 3909 1434 3990 quomodo‘haec
1471 3924 1592 3979 qua:
1641 3895 1872 3961 dieimus

299 4031 463 4083 etiam
488 4025 695 4078 ‘tlivinae
731 4018 1022 4086 Scriptura!
1052 4008 1378 4065 auctoritate
1414 4002 1750 4057 muniantur.
1785 3996 1875 4050 Ait

301 4117 578 4188 apostolus
608 4111 805 4166 Paulus
843 4105 1172 4175 unigenitum
1203 4096 1400 4152 Filium
1429 4092 1720 4162 imaginem
1757 4099 1875 4140 esse

305 4213 393 4267 Dei
436 4207 757 4270 invisibilis,
809 4211 861 4257 et
900 4195 1319 4270 primogenitum
1369 4203 1493 4242 eum
1541 4197 1662 4238 esse
1709 4180 1875 4234 totius

305 4314 569 4358 t-reatnrze
590 4301 666 4350 3':
712 4298 778 4351 ad
806 4294 1064 4348 llebrreos
1107 4299 1233 4339 vero
1265 4280 1508 4336 serihens
1545 4272 1676 4327 dicit
1709 4270 1776 4324 de
1812 4284 1876 4322 eo

306 4402 427 4470 quia
471 4418 490 4448 ι
525 4396 594 4451 sit
633 4389 888 4461 splendor
923 4382 1128 4453 gloriae,
1174 4386 1226 4430 et
1261 4375 1428 4443 ligura
1465 4379 1720 4436 expressa
1754 4361 1880 4416 sub-

305 4493 522 4547 stantize
559 4489 675 4556 ejus
701 4484 765 4533 ³⁸.
808 4501 826 4534 ι
873 4476 1181 4533 Invenimus
1219 4463 1574 4523 nihilominus
1613 4458 1779 4514 etiam
1824 4455 1878 4509 in
1915 4493 1958 4547 Β

309 4581 610 4654 Sapientia,
669 4589 786 4645 quae
833 4572 1031 4625 dicitur
1063 4560 1410 4624 Salomonis,
1465 4551 1882 4621 descriptionem

377 4698 419 4730 ³⁸
449 4693 664 4749 Coloss.
693 4685 844 4743 1.15.
922 4681 965 4712 ³⁸
999 4678 1132 4732 lleb.
1159 4692 1198 4740 ι,
1222 4673 1275 4728 3.
1357 4669 1400 4701 ³⁷
1431 4668 1560 4736 Sap.
1587 4679 1686 4729 vn,
1712 4660 1804 4716 ‘25.

324 4806 334 4886 ;
381 4814 498 4886 (ιθ)
535 4810 608 4864 οε
644 4814 808 4886 eam
843 4815 938 4886 εειο
999 4783 1878 4886 φεςῖεξςτέηξε.Ξῖῇηίὶὲψεί³³⁵³⁸

319 4857 568 4941 [manica
585 4857 753 4933 editis
790 4871 929 4936 male
958 4864 1228 4941 omittitur
1265 4878 1285 4911 ι
1315 4857 1652 4941 deciderem.
1690 4859 1735 4902 γ

387 4919 794 5028 (ἓῖὶῖἓίξνὲίιξς.
819 4919 984 4998 Alias,
1021 4954 1038 4986 α
1071 4934 1332 5028 colorem.
1364 4921 1642 5028 Quotlnodo
1666 4919 1883 5028 qu‘iden:

512 5023 544 5028 ’“
629 5019 640 5028 “
714 5021 722 5028 ”
772 5012 794 5028 ⁸
925 5023 992 5028 "‘
1086 5022 1099 5028 ‘
1157 5007 1332 5028 "‘mn'
1384 5013 1445 5028 ον
1509 4995 1575 5028 lic
1622 4989 1862 5028 nnirnnir

324 4989 477 5080 tui“:
483 4989 1040 5076 ’i75516"ﬁ;f.-2.“ugg..
1083 5022 1103 5080 ε
1135 5002 1338 5080 habent
1374 4989 1463 5080 ’ἔδει⁸
1491 4994 1577 5048 his
1620 4989 1882 5080 quidquid

482 5061 806 5157 est“
832 5061 983 5157 ﬁlias
1091 5075 1302 5157 habent
1321 5085 1386 5122 ex
1412 5061 1879 5157 hismqnuigqpna'i‘ng

475 5128 745 5227 5:;q‘itod.
792 5173 815 5227 i_
835 5148 1000 5227 Paulo
1029 5143 1170 5199 infra
1199 5155 1354 5220 tiiss.,
1384 5157 1401 5188 ι
1421 5128 1885 5227 Iatquein—subsi-

329 5201 745 5297 'sltleli‘i‘ti'ancjit‘isij
792 5201 976 5281 Alias,
1015 5236 1031 5266 ι
1063 5224 1228 5297 atque
1265 5211 1318 5262 in
1342 5201 1656 5262 substantia
1689 5201 1880 5297 ejus.”

398 5269 1004 5376 (alii.gicwiectewtitss.
1051 5269 1197 5362 Alias
1224 5286 1517 5376 corrupte”,
1555 5289 1573 5322 ι
1617 5269 1888 5339 quomodo

334 5346 636 5442 urtigeitiitts
841 5359 1069 5413 ellicitur
1096 5352 1363 5442 unigeniti
1387 5346 1548 5442 Filiiﬁ
1581 5363 1600 5394 ι

716 5409 959 5500 splendor
977 5409 1250 5516 generlutiir
1269 5413 1620 5516 eﬁluce.'ll<ic
1639 5409 1773 5516 splis
1807 5422 1890 5460 so-

940 5500 1020 5516 -.ιλ
1075 5508 1118 5516 ...
1342 5489 1480 5516 ξιιμ...
1509 5497 1590 5516 ...η
1629 5497 1671 5516 ι..
1700 5491 1886 5516 mm...“

337 5487 752 5582 lari-giliie'radii'
777 5487 1025 5565 exemplo
1182 5487 1590 5582 significandam
1629 5490 1887 5582 mter-naml

755 5574 784 5582 Α.
1004 5564 1052 5582 μή
1101 5564 1111 5582 :
1199 5557 1518 5582 ‘--......_....:...~
1571 5566 1690 5582 ουκ-ευ
1749 5563 1868 5582 anni

339 5546 380 5566 ιιι
504 5546 568 5563 υυ
605 5546 740 5561 Ιυυιι
780 5546 928 5554 ..κν-,ν
959 5546 962 5547 ,
1233 5546 1258 5556 υ

339 5546 496 5636 Veii)?
547 5546 971 5648 generatioueni,
1004 5562 1134 5615 nihil
1186 5557 1522 5648 frequeijtius
1570 5566 1692 5602 esse
1745 5546 1889 5648 Iapud

654 5647 658 5648 '
883 5638 917 5648 ³⁵-
965 5645 973 5648 -
1025 5647 1060 5648 κ.
1137 5631 1195 5648 I1!
1222 5631 1342 5648 ι-.--
1443 5625 1517 5648 -.Σιι
1535 5622 1676 5648 ιιι;ιι.1
1831 5628 1865 5648 ιι

341 5620 1090 5720 Patres.
1137 5620 1346 5684 Videsis
1387 5622 1698 5692 Origenian.
1743 5620 1778 5670 Ι.
1830 5628 1891 5676 ll,

382 5763 393 5774 .
414 5717 468 5783 ὅν
496 5738 547 5770 ιι.
574 5717 663 5770 2L

703 5780 859 5838 codd.
891 5789 1018 5830 mss.
1045 5766 1406 5831 Corbciensis,
1437 5758 1804 5825 Remigianus,
1842 5760 1896 5805 et

1951 535 1969 568 ι
2015 515 2198 584 Vapor
2227 522 2314 567 est
2337 511 2506 575 enim,
2544 507 2741 576 inquit,
2776 505 2989 558 virtutis
3017 503 3130 565 Dei,
3159 512 3212 556 et
3246 503 3519 573 ὰπὸρῤοι-χι

1944 608 2131 678 gloria:
2151 601 2533 672 omnipotentis
2561 597 2851 667 purissima
2876 595 2942 650 ³⁷.
2975 613 2993 646 ι
3024 593 3145 647 Ideo
3171 608 3299 662 ergo
3332 592 3519 645 ineam

1947 695 2083 750 nihil
2111 691 2566 747 comniaeulatum
2595 688 2833 741 incidere
2856 694 3053 753 potest.
3080 682 3347 750 Splendor
3374 682 3517 736 enim

1945 797 2024 842 est
2052 788 2188 841 lucis
2219 793 2458 846 aeterme,
2493 790 2546 834 et
2578 779 2854 846 speculum
2883 775 3290 829 imrmculatum
3325 787 3520 843 opera-

1949 879 2109 934 tionis
2133 877 2249 940 Dei,
2277 883 2331 927 et
2357 873 2534 940 imago
2575 869 2830 924 bonitatis
2855 865 2990 934 ejus.
3025 864 3359 934 Sapientiam
3388 879 3520 917 vero

1947 969 2208 1030 dicimus,
2276 965 2420 1016 sicut
2483 960 2734 1029 superius
2794 957 3063 1018 diximus,
3114 953 3521 1008 subsistentiam

1948 1059 2233 1115 habentem
2291 1069 2398 1107 non
2455 1051 2617 1114 alibi,
2671 1050 2770 1103 nisi
2825 1049 2875 1100 in
2923 1063 2988 1102 eo
3036 1046 3126 1114 qui
3178 1054 3261 1099 est
3308 1042 3522 1096 initium

1949 1149 2222 1213 omnium;
2249 1161 2313 1200 ex
2339 1159 2446 1213 quo
2469 1152 2524 1196 et
2551 1148 2677 1194 nata
2711 1147 2794 1194 est
2830 1151 3057 1208 qua'que
3081 1135 3372 1204 sapientia,
3399 1134 3524 1201 quia

1951 1243 2065 1310 ipse
2092 1248 2172 1293 est
2198 1237 2389 1306 quiest
2419 1233 2567 1288 solus
2588 1240 2777 1285 natura
2801 1229 2992 1294 Filius,
3017 1227 3221 1280 ideirco
3251 1234 3308 1278 et
3335 1223 3527 1292 unige-

1953 1333 2100 1387 nitns
2127 1329 2346 1383 dicitur.

2025 1424 2078 1477 6.
2117 1420 2408 1475 Videamus
2447 1428 2577 1470 sane
2617 1413 2744 1483 quid
2775 1409 3001 1481 intelligi
3033 1407 3231 1464 debeat
3259 1405 3424 1460 etiam
3459 1403 3529 1457 de

1957 1518 2062 1573 hoc
2103 1513 2250 1584 quod
2295 1512 2472 1579 imago
2512 1505 2798 1560 invisibilis
2837 1504 3069 1566 dicitur,
3113 1507 3173 1553 ut
3208 1507 3261 1551 et
3293 1511 3390 1567 per
3427 1497 3531 1550 hoc

1956 1609 2304 1664 advertamus
2331 1601 2606 1671 quomodo
2631 1599 2772 1652 Deus
2800 1604 2948 1650 recte
2975 1592 3140 1647 Pater
3171 1591 3374 1644 dieitur
3403 1586 3530 1640 Filii

1957 1703 2068 1767 sui;
2109 1711 2162 1756 et
2199 1699 2608 1755 consideremus
2649 1693 2826 1760 primo
2859 1702 2924 1742 ex
2967 1685 3050 1739 his
3093 1697 3213 1752 quae
3243 1689 3534 1734 consuetu-

1886 1789 2080 1849 Bdine
2132 1792 2411 1847 hominum
2464 1785 2731 1855 imagines
2789 1778 3053 1850 appellari
3111 1776 3305 1832 solent.
3350 1773 3532 1842 Imago

1957 1883 2230 1938 interdum
2271 1881 2472 1935 dicitur
2508 1891 2571 1930 ea
2606 1889 2725 1943 quae
2764 1873 2818 1926 in
2856 1869 3081 1924 materia
3110 1867 3330 1936 aliqua,
3369 1865 3418 1916 id
3450 1871 3534 1916 est

1959 1976 2087 2046 ligni
2124 1973 2206 2027 vel
2244 1972 2468 2040 lapidis,
2507 1965 2725 2036 depingi
2765 1963 2847 2017 vel
2882 1960 3128 2028 exsculpi
3168 1958 3322 2013 solet.
3358 1956 3533 2008 Inter-

1958 2071 2084 2124 dum
2115 2067 2292 2132 imago
2319 2061 2521 2116 dicitur
2549 2058 2667 2124 ejus
2697 2056 2789 2124 qui
2812 2052 3020 2123 genuit,
3050 2053 3094 2104 is
3117 2050 3210 2118 qui
3242 2059 3405 2102 natus
3429 2055 3532 2112 est,

1959 2174 2079 2214 cum
2103 2158 2157 2212 in
2187 2156 2334 2210 nullo
2358 2151 2770 2208 similitudinem
2800 2143 2913 2215 (25)
2948 2143 3272 2197 lineamenta
3305 2141 3424 2209 ejus
3443 2137 3535 2206 qui

1959 2251 2148 2323 genuit
2181 2250 2234 2302 in
2277 2263 2342 2303 eo
2373 2247 2461 2314 qui
2502 2251 2657 2298 natus
2683 2248 2760 2294 est
2784 2277 2799 2304 ,
2830 2235 3192 2292 mentiuntur.
3233 2232 3372 2285 Puto
3403 2243 3535 2298 ergo

1962 2357 2119 2414 posse
2143 2341 2309 2411 priori
2328 2337 2544 2407 quidem
2571 2330 2820 2400 exemplo
2840 2330 3014 2398 aptari
3047 2339 3168 2379 eum
3194 2319 3286 2393 qui
3317 2324 3383 2376 ad
3407 2323 3539 2374 ima-

1959 2412 2136 2505 ginem
2155 2428 2630 2486 etsimilitudinem
2661 2421 2754 2474 Dei
2776 2422 2955 2474 factus
2980 2426 3083 2481 est,
3108 2415 3380 2468 hominem
3401 2412 3537 2482 (24:,

1962 2530 2160 2595 dequo
2191 2520 2498 2591 diligentius
2529 2516 2746 2570 favente
2779 2513 2888 2565 Deo
2918 2526 3042 2566 cum
3067 2510 3246 2562 locum
3281 2507 3454 2576 ipsam
3480 2507 3533 2558 in

1963 2617 2162 2673 Genesi
2205 2625 2477 2681 exponere
2523 2608 2882 2676 coeperimus,
2917 2602 3239 2655 videbimus.
3275 2597 3539 2652 Secunda:

1966 2721 2097 2760 vero
2137 2700 2523 2772 comparationi
2569 2699 2747 2765 imago
2793 2695 2914 2747 Filii
2963 2693 3091 2756 Dei,
3133 2692 3199 2742 de
3246 2703 3353 2758 quo
3395 2702 3538 2740 nunc

1968 2811 2149 2853 sermo
2180 2803 2296 2856 est,
2334 2788 2640 2858 comparari
2680 2793 2859 2856 potest
2903 2783 3069 2836 etiam
3102 2780 3400 2834 secundum
3441 2778 3546 2830 hoc

1971 2893 2113 2963 quod
2169 2887 2458 2946 invisibilis
2517 2884 2609 2938 Dei
2666 2884 2842 2950 imago
2894 2877 3184 2932 invisibilis
3229 2886 3344 2940 est,
3399 2875 3543 2930 sicut

1968 2983 2264 3039 secundum
2316 2975 2599 3033 historiam
2641 2972 2877 3026 dicimus
2919 2968 3209 3038 imaginem
3247 2967 3376 3019 Adae
3421 2980 3546 3020 esse

1972 3075 2135 3127 filium
2163 3069 2278 3137 ejus
2301 3067 2453 3122 Seth.
2487 3065 2562 3118 Ita
2598 3063 2742 3116 enim
2783 3058 3041 3126 scripturn
3069 3063 3184 3109 est:
3217 3072 3235 3104 ί
3269 3053 3333 3106 Et
3362 3054 3547 3122 genuit

1971 3167 2136 3220 Adam
2165 3158 2632 3224 Seth,secrtndum
2658 3152 2946 3221 imaginem
2971 3163 3146 3213 suam,
3169 3154 3222 3198 et
3249 3145 3542 3199 secundum

1972 3256 2204 3327 speciem
2249 3267 2403 3306 suam
2447 3249 2513 3304 ³⁸.
2563 3269 2582 3300 ι
2622 3247 2751 3312 Qua:
2796 3245 2976 3310 imago
3015 3239 3179 3293 etiam
3229 3245 3437 3290 naturae
3487 3248 3550 3285 ac

1974 3326 2293 3404 substantia:
2317 3343 2496 3397 Patris
2517 3352 2569 3394 et
2595 3338 2712 3392 Filii
2741 3330 3290 3390 continetmiitatem.
3317 3326 3372 3380 Si
3402 3327 3547 3378 enim

1975 3441 2156 3496 omnia
2190 3453 2311 3508 qua:
2339 3436 2467 3489 facit
2491 3433 2673 3492 Pater,
2704 3429 2820 3481 haec
2843 3434 2896 3480 et
2925 3423 3092 3477 Filius
3123 3421 3249 3474 facit
3280 3418 3548 3479 similiter,

1977 3539 2030 3588 in
2061 3548 2122 3586 eo
2143 3529 2286 3600 quod
2312 3526 2499 3581 omnia
2526 3525 2597 3577 ita
2631 3521 2759 3574 facit
2790 3517 2960 3573 Filius
2989 3514 3132 3567 sicut
3161 3511 3344 3572 Pater,
3376 3509 3552 3576 imago

1977 3625 2156 3680 Patris
2188 3624 2239 3676 in
2277 3620 2413 3675 Filio
2443 3617 2813 3676 deformatur,
2854 3610 2944 3678 qui
2974 3607 3163 3676 utique
3191 3611 3351 3656 natus
3393 3614 3456 3652 ex
3490 3615 3553 3651 eo

1979 3726 2060 3772 est
2101 3715 2249 3768 velut
2286 3709 2532 3782 quaedam
2573 3704 2826 3759 voluntas
2865 3700 2981 3768 ejus
3018 3713 3083 3752 ex
3137 3703 3317 3749 mente
3361 3706 3553 3762 proce-

1984 3813 2117 3865 dens
2148 3805 2279 3877 (25).
2311 3801 2514 3857 Etidco
2537 3812 2636 3867 ego
2662 3796 2904 3849 arbitror
2920 3789 3062 3861 quod
3096 3786 3341 3842 sufﬁcere
3361 3785 3554 3840 debeat

1982 3876 2233 3957 voluntas
2285 3893 2468 3950 Patris
2515 3890 2581 3944 ad
2629 3885 3032 3943 subsistendum
3088 3881 3194 3936 hoc
3249 3878 3391 3948 quod
3440 3876 3554 3929 vult

1983 3996 2166 4050 Pater.
2210 3989 2406 4044 Volens
2447 3987 2590 4039 enim
2634 3996 2740 4036 non
2789 3979 2894 4031 alia
2942 3977 3024 4028 via
3059 3975 3259 4032 utitur,
3301 3971 3401 4023 nisi
3437 3983 3557 4035 qua:

1982 4084 2210 4142 consilio
2237 4078 2528 4134 voluntatis
2545 4073 2841 4144 profertur.
2866 4071 2943 4122 Ita
2967 4083 3096 4137 ergo
3126 4074 3182 4118 et
3220 4061 3340 4116 Filii
3378 4061 3558 4114 subsi-

1983 4176 2178 4232 stentia
2204 4177 2498 4240 generatur
2534 4166 2602 4218 ab
2633 4178 2718 4217 eo.
2751 4158 2902 4224 Quod
2927 4167 3148 4209 necesse
3171 4159 3254 4203 est
3291 4151 3341 4200 in
3370 4147 3558 4215 primis

1985 4265 2185 4338 suscipi
2218 4261 2284 4317 ab
2321 4261 2406 4314 his
2440 4257 2529 4326 qui
2563 4253 2697 4308 nihil
2734 4250 3070 4322 ingenitum,
3107 4243 3159 4296 id
3191 4249 3274 4292 est
3312 4240 3556 4290 innatum

1987 4329 2181 4429 praeter
2203 4352 2371 4406 solum
2399 4349 2564 4400 Deum
2590 4344 2807 4396 Patrem
2837 4339 3074 4390 fatentur
3095 4331 3230 4402 (‘26).
3251 4329 3558 4384 Observan-

1989 4451 2114 4504 dum
2151 4454 2381 4508 namque
2411 4445 2512 4500 est,
2542 4448 2606 4486 ne
2631 4433 2752 4502 quis
2779 4430 3020 4482 incurrat
3049 4425 3101 4477 in
3137 4423 3257 4475 illas
3293 4418 3558 4472 absurdus

1993 4538 2205 4596 fabulas
2235 4545 2458 4596 eorum,
2496 4526 2588 4598 qui
2619 4522 2948 4594 prolationes
2981 4514 3242 4586 quasdam
3279 4510 3377 4566 sibi
3426 4507 3558 4577 ipsis

1882 4659 1926 4690 ³⁸
1956 4656 2092 4713 Gen.
2120 4667 2173 4716 v,
2199 4649 2256 4704 5.

1994 4776 2232 4828 monast.
2257 4765 2317 4820 S.
2345 4758 2594 4820 Michael,
2629 4755 2829 4828 habent
2863 4769 2883 4803 ‹
2924 4746 3357 4828 sitttilittidirium.
3398 4759 3417 4792 ι

2212 4813 2670 4911 Satias—ﬁlias,
2717 4844 2736 4875 ι
2774 4827 2955 4911 hqulio.
2989 4837 3007 4870 ι
3042 4816 3205 4905 Paulo
3231 4813 3560 4911 ittl't‘gltttssf,

1997 4932 2016 4964 ι
2061 4877 2250 4976 ima/gl:
2286 4904 2408 4976 Filii
2457 4902 2526 4956 de
2575 4877 2702 4966 quo.
2754 4893 2994 4974 )_Alia.s,
3051 4888 3085 4937 ι’
3113 4887 3302 4976 ‘imago
3332 4877 3566 4976 de

1990 4950 2116 5052 quii.
2149 4950 2368 5031 ibPaulo
2400 4950 2524 5042 post
2557 4950 2712 5027 niss.,
2738 4984 2754 5015 ι
2788 4950 3078 5052 inmaginem
3102 4955 3370 5052 édazesse
3397 4950 3561 5052 lili'um

2142 5049 2165 5052 “
2237 5048 2246 5052 ⁸
2371 5047 2381 5052 ⁵
2408 5045 2438 5052 ⁵·
2622 5039 2632 5048 ⁸
2701 5036 2813 5052 ’¹’·η
2862 5034 2891 5052 ελ
2922 5045 3000 5052 --η-
3092 5041 3164 5052 .m
3207 5039 3218 5052 ι
3249 5024 3352 5052 ιη...
3373 5020 3458 5052 Qu.
3490 5035 3500 5052 ι
3541 5035 3558 5052 ι

2136 5018 2324 5102 έρῖἰῖῗι
2339 5018 2529 5104 "aliis,
2558 5018 3003 5108 iisiutilituditi'em
3034 5027 3164 5081 Adae
3188 5024 3354 5076 filium
3373 5018 3558 5072 Seth.»

2213 5115 2248 5122 --
2291 5114 2300 5122 -
2533 5112 2542 5122 .
2740 5106 2749 5122 .
2954 5115 3058 5122 ηη,
3086 5111 3145 5122 η,
3173 5101 3342 5122 mm”
3376 5103 3558 5122 “ML

2058 5097 2371 5192 lébﬁii’ielnt
2392 5097 2642 5192 quadarn
2668 5106 2906 5192 volunltas
2920 5097 3058 5192 nejuls
3081 5111 3145 5148 ea:
3173 5101 3342 5144 mente
3375 5103 3564 5192 μνοία-

2058 5157 2170 5192 ΚαυΙ
2218 5157 2230 5167 ⁷
2255 5157 2360 5168 ""'
2392 5157 2628 5184 ’ν’-ι’--ν--π
2672 5157 2684 5160 -
2708 5157 2717 5159 ~
2969 5157 2986 5166 ,

1986 5194 2134 5246 deus.
2172 5187 2266 5241 Sic
2298 5184 2552 5237 Clemens
2581 5175 2880 5246 Alexianglr.
2910 5169 3131 5246 Pwthg.
3159 5178 3252 5246 ιειι.ἱ
3271 5175 3392 5246 cap.
3427 5157 3558 5246 luit”-

1988 5227 2966 5330 ἓιῖὲιῖοὲἶίαῖὦὲῗίῖαδδῖξξβούλημαι
3007 5227 3396 5330 ξέξουίηῖἓὶξτῗῗ
3427 5227 3563 5330 ἓῗὲ

2645 5299 2737 5369 liii.
2769 5329 2818 5377 v,
2851 5299 2974 5384 pag.
3006 5307 3105 5362 547
3145 5323 3157 5357 :
3188 5299 3400 5384 Οέλῃμα
3431 5308 3568 5384 grav:

1995 5363 2258 5384 ‘Uluutnce
2294 5363 2311 5374 υ
2349 5363 2606 5377 υιινπτυ--ν
2646 5363 2737 5369 η-.-
2806 5363 2818 5377 1
2852 5363 2863 5378 1
2923 5363 2952 5379 υ
3306 5363 3336 5368 Π

1988 5393 2403 5470 τοκρατορικόν.
2435 5387 2809 5443 Tertulliauus
2841 5381 2913 5434 De
2947 5385 3085 5431 orat.
3108 5389 3246 5470 Α(τεψῖ
3280 5368 3374 5470 af.
3399 5383 3416 5413 ι
3448 5363 3567 5428 Ipse

2221 5469 2225 5470 ν
2472 5469 2476 5470 ν
2590 5467 2598 5470 -
2678 5469 2684 5470 κ
2789 5454 2823 5470 ιι
2865 5452 2958 5470 ._:.
3033 5466 3040 5470 .
3108 5469 3111 5470 ,
3147 5458 3227 5470 η...
3381 5446 3557 5470 ιεὶηιικ-

1997 5435 2396 5524 ὲῖ·ἒίἴυ;γ()ι¹ηιιιεὶ8
2429 5469 2485 5513 et
2517 5435 2755 5527 potesms
2788 5452 3050 5527 Patris“:
3098 5435 3247 5527 Apugl
3283 5435 3563 5527 Athenas;

2000 5503 2114 5524 ει...
2431 5503 2485 5513 ν-
2552 5503 2751 5510 ..-ηψπ
2789 5503 2803 5504 ,,
3148 5503 3157 5506 _

2000 5549 2142 5592 orat.
2172 5539 2204 5590 5
2233 5543 2287 5586 et
2311 5533 2343 5584 4
2370 5503 2559 5588 contra
2587 5527 2820 5579 Arianos
2861 5537 2873 5572 :
2906 5515 3066 5588 βουλὴ
3093 5511 3184 5566 καὶ
3210 5503 3452 5576 βούλημα.
3473 5503 3567 5549 τοὺ

1999 5610 2115 5662 Πατ
2126 5606 2231 5676 ρὸς.

2074 5645 2324 5745 ἱῇἵῆτρηί
2370 5669 2500 5723 nihil
2544 5661 2831 5731 inge-nilum
2879 5657 2931 5709 id
2989 5663 3063 5706 est
3118 5645 3571 5718 ἱηηαιὲιηιρτωιετ

2208 5742 2218 5745 _
2408 5738 2438 5745 ..
2666 5731 2684 5745 ,ο
2872 5743 2892 5745 _,
2961 5724 3071 5745 n..,.
3098 5721 3111 5745 ι
3157 5719 3308 5745 νεα-ιη
3343 5705 3571 5745 Rufinus

2005 5705 2929 5802 δοῒιῖῖέἒ¹υῗτέἷῖιι”ὶλᾘῑ
2961 5705 3111 5788 Quod
3157 5710 3313 5766 vertit
3343 5705 3571 5759 Rufinus
