3952 6144
403 285 504 341 135
1626 282 1948 339 ORIGENIS

2079 288 2142 339 PI
2179 284 2410 340 ΑΡΧΩΝ
3533 291 3640 347 156

401 406 727 476 depingunt,
772 377 1093 459 utodivinam
1138 409 1384 456 naturam
1422 402 1477 456 in
1514 413 1698 473 partes
1727 417 1930 472 ,vocent
1955 449 1969 472 ,
2003 414 2047 467 Α
2080 407 2422 472 resurrectio,
2449 414 2845 474 consequenter
2868 405 3166 477 intelligere
3194 407 3446 465 debemus
3470 414 3632 465 etiam

410 507 461 550 et
490 498 668 559 Deum
703 497 912 549 Patrem
950 503 1207 562 quantum
1244 493 1295 546 in
1330 509 1389 547 se
1418 505 1498 548 est
1526 494 1807 559 dividant,
1846 511 1968 550 cum
2075 497 2375 564 splendoris
2405 509 2571 563 opus;
2617 508 2711 561 per
2751 494 3089 561 splendorem
3128 510 3359 564 namque
3390 497 3518 565 quid
3561 498 3639 551 sit

408 588 510 637 hoc
569 588 635 637 de
683 582 999 651 incorporea
1064 593 1256 634 natura
1313 583 1397 635 vel
1446 583 1636 639 leviter
1680 587 1967 654 suspicari,
2074 589 2161 641 lux
2201 589 2313 656 ipsa
2344 587 2660 654 intelligitur
2682 586 3004 641 etsentitur.
3038 586 3139 653 Qui
3172 586 3428 656 splendor
3463 588 3635 657 fragi-

404 694 509 733 non
559 679 730 734 solum
774 687 1028 732 extremae
1074 678 1369 746 impietatis
1418 680 1516 744 sit,
1568 695 1755 735 verum
1803 683 1966 743 etiam
2073 679 2211 733 libus
2252 694 2310 732 se
2352 686 2405 733 et
2442 679 2671 736 inﬁrmis
2720 678 3024 735 mortalium
3058 677 3230 732 oculis
3273 677 3533 745 placidius
3570 694 3637 732 ac

402 768 608 823 ultimae
645 768 998 837 insipientiae,
1043 782 1141 823 nec
1170 770 1393 825 omnino
1439 771 1505 825 ad
1552 772 1963 843 intelligentiam
2072 768 2243 822 lenius
2273 767 2526 834 oﬁerens,
2554 779 2606 825 et
2636 770 2893 838 paulatim
2926 768 3070 823 velut
3095 768 3331 822 edocens
3361 778 3417 822 et
3446 782 3639 823 assue-

399 874 734 927 consequens
794 868 852 911 ut
923 860 1259 928 incorporea:
1323 870 1535 917 naturae
1596 863 1966 919 substantialis
2072 859 2275 914 faciens
2312 860 2609 914 claritatem
2637 861 2856 914 luminis
2894 860 3038 929 pati,
3081 874 3203 913 cum
3239 859 3308 914 ab
3352 859 3432 913 eis
3461 859 3637 913 dimo-

398 948 592 1003 divisio
636 950 802 1016 possit
841 950 1089 1021 intelligi.
1135 951 1307 1023 Magis
1351 967 1480 1022 ergo
1529 955 1669 1008 sicut
1710 954 1964 1009 voluntas
2069 952 2206 1005 verit
2232 967 2389 1005 omne
2418 954 2560 1019 quod
2599 953 2769 1007 visum
2801 952 3025 1007 obducit
3065 959 3118 1005 et
3150 950 3407 1018 impedit,
3436 964 3636 1005 secun-

397 1041 636 1109 procedit
667 1054 697 1095 e
726 1051 909 1096 mente
931 1082 947 1109 ,
979 1053 1035 1097 et
1068 1059 1239 1112 neque
1272 1053 1480 1113 partem
1507 1045 1744 1114 aliquam
1770 1050 1963 1101 mentis
2066 1041 2193 1095 dum
2234 1043 2375 1110 quod
2414 1043 2673 1096 Dominus
2701 1043 2871 1096 dixit:
2904 1059 2922 1092 ι
2960 1041 3104 1108 Ejice
3129 1040 3336 1095 trabem
3365 1041 3432 1095 de
3468 1041 3631 1095 oculo

394 1141 576 1201 secat,
620 1147 792 1201 neque
843 1135 910 1188 ab
956 1149 1019 1188 ea
1073 1146 1357 1204 separatur
1394 1146 1487 1190 aut
1530 1137 1817 1204 dividitur,
1870 1138 1961 1191 tali
2070 1140 2159 1184 tuo
2192 1131 2266 1196 ‘3;
2306 1150 2324 1182 ι
2357 1146 2582 1200 capaces
2599 1146 2690 1186 eos
2707 1132 2947 1187 eﬁicitad
2972 1131 3368 1198 susclpiendam
3396 1131 3627 1200 gloriam

394 1225 623 1292 quadam
655 1225 836 1293 specie
868 1227 1139 1294 putandus
1167 1227 1423 1282 estPater
1461 1226 1654 1281 Filium
1687 1230 1958 1297 genuisse,
2064 1219 2232 1286 Ῑιιϐίε,
2262 1222 2427 1274 ﬁliam
2464 1220 2517 1275 Ῐη
2567 1221 2669 1276 hoc
2710 1221 2856 1276 νεΙυι
2893 1221 3113 1291 quidam
3150 1221 3414 1275 mediam?
3456 1222 3637 1276 hOlni-
3674 1292 3679 1297 V

393 1314 683 1383 imaginem
712 1314 917 1370 scilicet
948 1330 1133 1380 suam,
1164 1326 1219 1369 ut
1251 1317 1395 1370 sicut
1425 1317 1535 1385 ipse
1564 1316 1850 1370 invisibilis
1879 1326 1962 1370 est
2066 1328 2191 1365 num
2220 1326 2283 1365 ac
2304 1312 2441 1366 lucis
2466 1312 2710 1367 eﬁ‘ectus.

391 1418 490 1473 per
553 1415 842 1472 naturam,
902 1407 975 1460 ita
1029 1407 1314 1476 imaginem
1373 1420 1585 1476 quoque
1635 1407 1956 1461 invisibilem
2142 1405 2194 1458 8.
2249 1401 2445 1457 Verum
2501 1405 2755 1472 quoniam
2811 1401 2922 1473 (29)
2981 1418 3088 1457 non
3149 1402 3322 1459 solum
3368 1404 3631 1475 splendor

392 1498 663 1567 genuerit.
688 1497 923 1552 Verbum
953 1498 1095 1551 enim
1128 1508 1206 1552 cst
1240 1497 1347 1569 56
1370 1498 1558 1565 Filius,
1590 1506 1642 1552 et
1677 1498 1797 1553 ideo
1826 1498 1959 1552 nihil
2062 1495 2245 1566 gloriae
2294 1510 2415 1550 esse
2471 1498 2671 1550 dicitur
2728 1495 2797 1548 ab
2848 1495 3137 1563 Apostolo,
3196 1495 3289 1549 sed
3351 1505 3404 1550 et
3454 1497 3629 1566 ﬁgura

393 1594 528 1646 ineo
550 1591 807 1645 sensibile
831 1589 1233 1657 intelligendum
1253 1599 1355 1643 est.
1384 1589 1661 1657 Sapientia
1687 1596 1792 1651 est,
1818 1599 1871 1642 et
1902 1589 1954 1659 in
2061 1601 2313 1655 expressa
2345 1586 2665 1642 substantiae
2693 1587 2776 1641 vel
2806 1587 3173 1642 subsistentia:
3201 1585 3340 1653 ejus,
3362 1602 3465 1639 non
3491 1587 3624 1641 mihi

392 1684 654 1754 sapientia
691 1682 823 1736 nihil
852 1696 1171 1747 corporeum
1204 1681 1587 1748 suspicandum
1619 1688 1720 1735 est.
1750 1678 1955 1733 Lumen
2061 1680 2276 1733 videtur
2314 1677 2473 1733 otiosi
2513 1692 2634 1732 esse
2675 1677 2987 1732 intellectus
3027 1679 3312 1730 advertere
3354 1677 3627 1744 quomodo

391 1786 475 1831 est
496 1790 701 1838 verum,
727 1773 868 1842 quod
894 1773 1165 1825 illuminat
1198 1783 1412 1823 omnem
1440 1769 1711 1823 hominem
1736 1768 1958 1823 venien-
1989 1755 2031 1809 Β
2062 1770 2165 1825 alia
2200 1780 2397 1839 praeter
2428 1771 2597 1840 ipsam
2632 1771 2724 1825 Dei
2750 1769 3133 1832 substantiam,
3169 1782 3501 1836 quaecunque
3530 1768 3622 1820 illa

394 1875 500 1919 tem
532 1865 585 1917 in
628 1865 769 1916 hunc
797 1862 1053 1916 mundum
1085 1860 1149 1923 ³³,
1183 1858 1280 1913 sed
1314 1858 1449 1911 ιιίΙιίΙ
1479 1859 1643 1912 habet
1669 1872 1954 1911 commune
2060 1863 2362 1918 substantia
2392 1873 2445 1917 et
2469 1863 2824 1918 subsistentia
2853 1862 3073 1927 dicitur,
3108 1862 3273 1931 ﬁgura
3308 1860 3623 1915 substantia:

391 1956 456 2007 ad
486 1954 613 2008 solis
632 1952 789 2021 hujus
823 1951 1023 2004 lumen.
1054 1950 1230 2018 Imago
1255 1964 1386 2017 ergo
1411 1960 1495 2004 est
1531 1948 1823 2004 invisibilis
1856 1948 1949 2003 Dei
2058 1954 2175 2023 ejus
2204 1969 2323 2009 esse
2361 1954 2592 2008 dicatur.
2636 1953 2702 2007 Et
2736 1954 2859 2007 vide
2897 1967 2962 2006 ne
3000 1953 3138 2007 forte
3168 1952 3422 2021 quoniam
3450 1951 3621 2005 Filius

388 2044 566 2100 Patris
602 2042 848 2097 Salvator
878 2050 1091 2106 noster,
1126 2048 1388 2109 quantum
1421 2040 1488 2095 ad
1519 2040 1693 2110 ipsum
1730 2040 1950 2110 quidem
2060 2046 2181 2110 Dei,
2209 2046 2299 2115 qui
2334 2044 2572 2099 Verbum
2612 2044 2727 2113 ejus
2758 2053 2811 2097 et
2848 2044 3111 2112 sapientia
3150 2043 3363 2105 dicitur,
3391 2053 3443 2097 et
3472 2042 3621 2098 solus

388 2133 605 2187 Patrem
632 2131 834 2185 veritas
857 2128 1002 2199 ,(27);
1030 2137 1289 2196 quantum
1322 2135 1502 2180 autem
1537 2128 1603 2181 ad
1630 2141 1729 2180 nos
1753 2125 1949 2194 quibus

2058 2139 2211 2191 novit
2249 2137 2496 2200 Patrem,
2536 2146 2591 2191 et
2626 2136 2828 2191 revelat
2865 2136 3064 2203 quibus
3101 2135 3249 2201 vult,
3311 2136 3363 2189 id
3406 2142 3489 2189 est
3524 2134 3618 2202 qui

388 2223 591 2278 revelat
625 2221 835 2275 Patrem
856 2258 871 2284 ,
912 2222 1086 2287 imago
1131 2230 1216 2272 est
1246 2233 1342 2286 per
1390 2233 1552 2286 quam
1578 2219 1949 2287 cognoscimus

2058 2244 2287 2298 capaces
2319 2229 2466 2283 verbi
2498 2228 2666 2296 ipsius
2683 2236 2736 2283 et
2763 2227 3042 2296 sapientiae
3065 2226 3291 2287 fuerint,
3321 2226 3616 2281 secundum

387 2314 600 2371 Patrem
623 2355 637 2377 ,
672 2330 830 2383 quem
866 2328 1024 2367 nemo
1060 2312 1199 2366 alius
1231 2312 1378 2365 novit
1404 2311 1507 2365 nisi
1539 2309 1742 2375 Filius,
1776 2318 1829 2364 et
1862 2312 1949 2365 cui
2057 2323 2158 2377 hoc
2194 2324 2365 2391 ipsum
2399 2321 2541 2389 quod
2573 2318 2795 2390 intelligi
2821 2330 2984 2388 atque
3012 2319 3233 2389 agnosci
3261 2317 3393 2373 facit
3422 2318 3611 2378 Deum,

383 2406 793 2462 volueritFilius
812 2405 1069 2460 revelare.
1106 2402 1331 2456 Revelat
1354 2410 1530 2455 autem
1560 2416 1655 2470 per
1683 2403 1782 2457 IIOC
1807 2404 1949 2472 (μιοά
2058 2413 2281 2481 ﬁguram
2314 2413 2627 2466 substantia:
2665 2421 2827 2479 atque
2861 2410 3229 2465 subsistentia;
3260 2410 3375 2477 ejus
3404 2411 3618 2463 dicatur

386 2500 504 2569 ipse
532 2499 866 2567 intelligitur.
903 2497 947 2549 A
972 2512 1079 2566 quo
1110 2496 1221 2564 ipse
1255 2494 1398 2547 enim
1440 2492 1603 2547 fuerit
1642 2494 1949 2549 intellectus
2055 2506 2391 2574 exprimere:
2428 2504 2481 2558 id
2519 2512 2603 2558 est
2655 2520 2775 2559 cum
2830 2504 3177 2573 semetipsum
3218 2504 3448 2572 primum
3516 2503 3611 2555 de-

387 2600 790 2657 consequenter
832 2586 1158 2654 intelligitur
1196 2595 1258 2651 et
1278 2584 1467 2649 Pater,
1509 2585 1801 2638 secundum
1847 2587 1947 2640 hoc
2060 2596 2257 2651 scribit
2288 2595 2549 2665 sapientia
2587 2608 2647 2648 ea
2691 2610 2810 2663 quae
2842 2595 3086 2649 revelare
3120 2593 3232 2648 νιιΙι
3260 2594 3505 2657 ueteris,
3547 2608 3616 2645 ex

386 2682 526 2751 quod
548 2681 656 2750 ipse
682 2680 851 2735 dixit:
880 2697 897 2730 ι
929 2677 1028 2744 Qui
1054 2693 1137 2731 me
1160 2678 1313 2743 vidit,
1341 2677 1474 2730 vidit
1494 2685 1548 2731 et
1572 2676 1783 2731 Patrem
1810 2677 1875 2732 ‘°.
1909 2695 1929 2729 ι

2054 2686 2247 2757 quibus
2268 2688 2332 2739 ab
2365 2687 2469 2740 illis
2495 2687 2805 2754 agnoscitur
2830 2697 2882 2738 et
2901 2685 3222 2753 intelligitur
3248 2683 3409 2747 Deus,
3428 2692 3481 2737 et
3511 2683 3614 2736 hoc

453 2774 507 2829 7.
548 2773 652 2828 Sed
691 2773 945 2841 quoniam
986 2784 1291 2824 sermonem
1340 2768 1491 2822 Pauli
1525 2769 1847 2824 inseruimus
1882 2771 1947 2825 de
2055 2781 2266 2835 dicatur
2300 2778 2469 2847 ﬁgura
2506 2792 2762 2845 expressa
2804 2776 3117 2831 substantia»,
3157 2776 3271 2828 Dei,
3322 2773 3393 2828 υι
3427 2783 3613 2827 aute...

380 2866 597 2921 Christo
625 2864 850 2919 dicentis
888 2863 940 2916 in
967 2878 1029 2916 eo
1055 2862 1197 2930 quod
1242 2862 1318 2914 ait
1348 2862 1473 2930 quia
1515 2877 1535 2911 ‹
1569 2861 1828 2929 splendor
1863 2870 1946 2917 est
2052 2871 2261 2938 plenius
2290 2869 2465 2920 adhuc
2494 2867 2824 2937 intelligatur
2855 2866 3125 2935 quomodo
3158 2866 3405 2919 Salvator
3436 2864 3606 2931 ﬁgura

381 2957 561 3024 gloriae
590 2956 703 3020 Dei,
736 2965 791 3009 et
822 2954 988 3023 ﬁgura
1022 2968 1273 3020 expressa
1300 2952 1614 3007 substantia:
1642 2953 1757 3021 ejus
1784 2953 1827 2985 δι
1860 2972 1873 3007 :
1921 2972 1940 3006 ι

2052 2970 2135 3016 est
2171 2958 2489 3014 substantiae
2529 2958 2615 3012 vel
2659 2958 3023 3012 subsistentia:
3068 2957 3154 3011 Dei
3203 2954 3347 3026 (50),
3394 2965 3613 3008 utamur

383 3045 509 3112 quid
538 3059 605 3095 ex
637 3044 740 3096 hoc
775 3044 1114 3096 sentiendum
1146 3043 1217 3096 sit
1257 3040 1553 3093 videamus.
1595 3057 1613 3091 ι
1666 3043 1808 3095 Dens
1854 3041 1942 3095 lux
1977 3096 2014 3116 η
2052 3051 2217 3104 etiam
2254 3048 2529 3114 exemplo,
2567 3047 2708 3115 quod
2745 3047 2995 3116 quamvis
3028 3062 3139 3100 rem
3178 3062 3281 3099 non
3326 3045 3479 3114 plene
3513 3060 3614 3097 nec

381 3143 465 3190 est
488 3134 557 3198 ⁸⁸,
604 3151 621 3183 ι
654 3135 947 3187 secundum
988 3129 1272 3184 .ioaunem.
1315 3129 1583 3199 Splendor
1616 3147 1743 3202 ergo
1787 3132 1947 3201 hujus
1976 3096 2018 3153 C
2051 3143 2267 3212 proprie
2286 3139 2551 3209 signiﬁcet
2572 3141 2635 3192 de
2654 3154 2756 3207 qua
2775 3140 3197 3206 agimus,tamen
3213 3139 3279 3192 ad
3309 3139 3411 3191 hoc
3432 3137 3608 3191 solum

381 3225 516 3279 lucis
548 3233 633 3278 est
675 3224 982 3291 unigenitus
1023 3222 1219 3284 Filius,
1253 3236 1317 3274 ex
1361 3224 1475 3290 ipso
1509 3223 1947 3290 inseparabiliter
2052 3232 2298 3284 videatur
2323 3238 2679 3295 assumptum,
2717 3229 2859 3295 quod
2888 3228 3206 3281 exinaniens
3238 3242 3295 3279 se
3321 3227 3488 3281 Filius
3518 3228 3609 3296 qui

380 3316 527 3371 velut
557 3315 809 3385 splendor
827 3313 935 3386 (28)
967 3329 1032 3366 ex
1059 3314 1179 3367 luce
1204 3314 1523 3382 procedens.
1554 3323 1607 3368 ει
1636 3314 1945 3371 “luminalls
2050 3333 2165 3379 erat
2212 3324 2265 3376 in
2317 3321 2488 3374 forma
2533 3320 2657 3382 Dei,
2700 3333 2797 3387 per
2845 3319 3012 3388 ipsam
3061 3320 3143 3374 sui
3187 3318 3609 3372 exinanitionem

381 3409 686 3462 universam
717 3416 1043 3460 creaturam.
1074 3405 1380 3459 Secundum
1418 3407 1532 3460 hth
1567 3422 1800 3476 namque
1825 3423 1944 3477 quae
2048 3416 2226 3470 studet
2281 3413 2433 3466 nobis
2497 3409 2713 3464 deitatis
2768 3411 3154 3479 plenitudinem
3211 3411 3607 3463 demonstrare.

379 3500 628 3568 superius
652 3499 1005 3566 exposuimus
1025 3537 1038 3561 ,
1074 3498 1342 3566 quomodo
1372 3499 1453 3550 via
1478 3498 1577 3564 sit,
1607 3509 1661 3551 et
1686 3500 1845 3553 ducat
1873 3501 1941 3554 ad
2050 3502 2208 3556 Verbi
2238 3516 2399 3557 causa
2421 3541 2436 3565 ,
2482 3500 2526 3552 si
2566 3498 2706 3552 facta
2745 3509 2886 3553 esset
2916 3500 3091 3568 aliqua
3121 3508 3298 3553 statua
3337 3499 3458 3552 talis
3490 3514 3610 3567 quae

378 3588 682 3654 Patrem,et
706 3587 971 3657 quomodo
992 3586 1226 3643 Verbum
1252 3588 1324 3643 sit
1350 3603 1547 3642 arcana
1575 3591 1855 3656 sapientia:
1879 3606 1941 3646 ac
2048 3594 2416 3663 magnitudine
2445 3595 2525 3648 sui
2555 3593 2863 3646 universum
2895 3593 3082 3645 orbem
3112 3602 3268 3645 terra:
3290 3600 3516 3656 teneret,
3550 3601 3609 3644 et

377 3684 615 3737 scientia:
644 3681 896 3753 mysteria
924 3682 1290 3749 interpretans
1319 3696 1382 3736 ac
1407 3680 1686 3751 proferens
1710 3684 1943 3737 rationa-
2047 3703 2147 3757 pro
2206 3690 2289 3740 sui
2339 3686 2699 3740 immensitate
2740 3685 3070 3738 considerari
3114 3698 3141 3736 a
3195 3683 3339 3738 nullo
3388 3695 3605 3752 posset;

273 3816 284 3833 .
378 3774 470 3828 bili
498 3775 1088 3843 creaturze,quomodo
1116 3775 1283 3829 etiam
1319 3774 1521 3828 veritas
1543 3782 1597 3829 et
1638 3775 1744 3829 vita
1774 3783 1943 3831 estet
2049 3778 2204 3832 ﬁeret
2258 3786 2436 3830 autem
2490 3774 2595 3828 alia
2651 3782 2825 3828 statua
2879 3776 3249 3829 membrorum
3309 3777 3492 3830 habitu
3541 3791 3605 3829 ac

449 3929 492 3961 ³⁹
514 3927 670 3983 Joan.
699 3945 735 3993 κ
761 3929 815 3984 9.
891 3929 936 3961 ⁸ο
969 3929 1126 3984 Joan.
1153 3945 1261 3995 xtv,
1286 3930 1341 3984 9.
1417 3930 1685 3998 “1ch.1,
1708 3934 1762 3988 3.
1842 3934 1885 3967 δ’
1917 3934 2010 3990 lJc

1196 3945 1261 3995 Iv,
1286 3930 1341 3984 9.
1417 3930 1461 3962 “
1488 3931 1619 3987 lch.
1646 3950 1685 3998 ι,
1708 3934 1762 3988 3.
1842 3934 1885 3967 “
1917 3934 2116 3990 lJoan.
2145 3948 2183 3996 ι,
2208 3930 2261 3984 5.
2340 3927 2386 3959 ⁴³
2412 3927 2545 3981 Luc.
2576 3942 2650 3990 vi,
2674 3927 2757 3980 42.

378 4070 527 4145 nihil
558 4071 880 4145 ingenitum,
935 4071 993 4145 _id
1019 4079 1104 4125 est
1147 4071 1413 4145 innatum,
1450 4091 1470 4125 ι
1500 4073 1551 4127 id
1578 4073 1936 4145 llieronynms
2045 4086 2134 4131 tus
2166 4082 2424 4145 est,nam
2453 4076 2633 4123 ethoc
2663 4069 2849 4145 ultimo
2883 4084 3046 4145 sensu
3085 4068 3281 4122 Filium
3322 4069 3605 4145 ἀγένητον,

378 4139 655 4194 reddidit}
701 4142 834 4194 nihil
867 4142 1128 4195 infectum
1160 4159 1179 4191 ι
1221 4141 1274 4194 in
1310 4142 1470 4208 epist.
1498 4144 1563 4194 ad
1593 4139 1811 4197 Avitum
1846 4149 1935 4200 ubi
2044 4148 2096 4200 id
2148 4155 2232 4199 est
2283 4144 2580 4195 iucreatum
2638 4139 2982 4208 asseritilib.
3027 4155 3076 4191 vr
3134 4150 3316 4191 contra
3373 4139 3601 4205 Celsum,

374 4211 449 4262 ait
481 4228 495 4262 :
526 4229 545 4261 ι
579 4210 821 4265 Tertium
850 4212 1114 4279 dignitate
1153 4220 1207 4265 et
1236 4207 1442 4264 honore
1479 4222 1598 4279 post
1638 4213 1851 4267 Patrem
1884 4226 1939 4269 ct
2045 4215 2263 4268 num.7.
2293 4212 2427 4265 ilinc
2447 4210 2617 4277 liquet
2645 4224 2815 4260 avera
2843 4207 3090 4279 Drigenis
3113 4219 3292 4261 mente
3314 4210 3606 4263 abcrra~se

374 4279 591 4345 Filium,
629 4281 825 4352 asserit
850 4277 1111 4352 Spiritum
1148 4291 1432 4346 sanctum,
1470 4277 1536 4335 de
1558 4297 1666 4350 quo
1692 4298 1811 4335 cum
1854 4286 1934 4352 ig-
2048 4286 2430 4352 Hieronymum
2457 4279 2806 4352 eumvertit:
2844 4297 2861 4328 ί
2891 4277 3039 4352 iﬁlliqu
3083 4282 3296 4352 absque
3320 4278 3480 4352 Patre
3517 4280 3602 4352 iu-

375 4363 572 4403 norare
605 4366 663 4405 se
701 4351 845 4404 dicat
870 4347 1048 4421 utrum
1082 4350 1256 4421 factus
1288 4353 1445 4404 sitan
1474 4347 1729 4413 infe—ctus,
1754 4353 1806 4404 in
1840 4347 1937 4421 po-
1971 4413 2003 4421 _
2045 4347 2411 4421 fectum'esse.
2448 4368 2465 4398 ι
2500 4348 2687 4400 Melius
2711 4360 2856 4400 certe
2889 4347 3130 4421 Ruﬁnus,
3172 4366 3190 4397 ι
3227 4347 3359 4421 nihil
3394 4350 3604 4416 ingeni-

378 4421 699 4474 sterioribus
724 4422 850 4487 quid
883 4420 949 4473 de
979 4434 1044 4473 eo
1080 4420 1308 4474 sentiret
1335 4422 1777 4488 expressit,nihil
1809 4413 1937 4476 ahs-
1971 4413 2013 4467 Ι)
2045 4436 2176 4482 tum,
2211 4422 2260 4473 id
2289 4430 2373 4472 est
2396 4419 2643 4488 innatum
2678 4427 2871 4488 praeter
2900 4416 3070 4470 solum
3102 4418 3279 4488 Deum
3296 4413 3534 4469 Patrem.
3579 4436 3597 4467 ι

374 4502 479 4563 que
546 4489 651 4541 Deo
678 4484 845 4563 Patre
879 4490 1131 4563 iniectum
1161 4484 1768 4563 essecoulirmans.)At
1793 4493 1931 4546 bona
2070 4562 2073 4563 ν
2107 4491 2216 4563 (‘27)
2249 4484 2775 4563 SUSDQQ‘IPHLBWM
2804 4486 2959 4538 ﬁdem
2989 4488 3090 4563 hoc
3113 4485 3242 4563 1090,
3258 4486 3439 4563 τηρεῖτε
3479 4502 3603 4563 995‘

375 4556 691 4627 llierouymi
718 4559 872 4610 venia
898 4559 1150 4619 dixerim,
1183 4559 1360 4625 decipi
1392 4575 1449 4613 se
1483 4576 1673 4627 passus
1703 4572 1786 4614 est
1814 4578 1933 4614 am-
2037 4554 2147 4615 sint
2174 4554 2294 4627 qu..-
2321 4556 2514 4611 scribit
2546 4554 2903 4627 llieronymus
2924 4558 3083 4627 epist.
3112 4557 3178 4609 ad
3217 4555 3468 4627 Avitum,
3503 4560 3602 4627 do-

374 4626 550 4691 bigua:
574 4623 726 4699 vocis
755 4627 1015 4694 ἀγένητον
1033 4623 1425 4699 signiﬁcatione
1446 4623 1565 4699 quae
1589 4646 1692 4682 non
1720 4646 1935 4699 semper
2037 4645 2162 4685 cere
2191 4623 2479 4696 Origeuem
2505 4664 2520 4687 ,
2576 4642 2593 4675 ι
2648 4623 2842 4699 Fili_um
2868 4626 2972 4699 _qui
3010 4625 3079 4677 sit
3119 4627 3293 4693 imago
3318 4625 3601 4699 invisibilis

381 4712 399 4743 ε
432 4709 546 4745 rem
573 4696 820 4767 inlectam
846 4714 879 4767 Α»
910 4693 1164 4763 exprimit
1192 4712 1211 4767 _:
1251 4712 1278 4747 a
1301 4693 1543 4763 γεννὰω,
1581 4716 1598 4747 ι
1629 4700 1787 4767 gigno
1830 4693 1851 4750 ἱ
1879 4702 1937 4754 ﬁt
2039 4700 2237 4760 Patris,
2295 4693 2687 4767 comparatum
2732 4693 2878 4767 Patri
2907 4731 2923 4767 ,_
2973 4708 3078 4746 non
3126 4709 3247 4767 esse
3279 4694 3596 4760 veritatem;

374 4765 661 4838 yswntdg,
687 4782 704 4813 ι
739 4765 989 4838 genitus;
1036 4783 1053 4813 ι
1084 4780 1111 4838 a
1140 4764 1381 4838 γίνομαιΔ
1404 4782 1422 4815 t
1456 4782 1572 4838 sum
1601 4763 1871 4833 ,veisisto,
1909 4789 1928 4820 ι

2038 4771 2177 4838 apud
2207 4781 2306 4820 nos
2337 4774 2518 4838 autem
2543 4764 2633 4832 qui
2657 4763 2749 4838 Dei
2780 4764 3296 4838 omnipotentisnou
3314 4778 3598 4838 possumus

378 4836 437 4906 lit
470 4835 692 4902 γενητός
720 4873 733 4894 ,
763 4836 862 4906 hoc
892 4844 977 4887 est
1021 4833 1403 4906 t__ltabens_ab
1447 4837 1629 4903 aliquo
1675 4848 1733 4889 ut
1781 4840 1867 4891 sit.
1911 4856 1929 4887 ι
2038 4833 2291 4906 recipere
2322 4835 2634 4895 veritatem,
2670 4833 3041 4906 imaginariam
3071 4834 3351 4906 veritatem
3382 4834 3588 4897 videri;

376 4904 562 4975 itaque
585 4901 611 4975 ,_
642 4912 699 4954 ut
736 4901 996 4975 observat
1022 4902 1254 4975 AHuetius
1281 4901 1589 4975 Origeninh.
1617 4907 1651 4957 l.
1682 4921 1719 4959 ιι
1745 4947 1759 4970 ,
1790 4921 1844 4975 q.
1877 4906 1931 4974 2,
2040 4916 2099 4961 ut
2152 4901 2410 4975 majestas
2455 4918 2517 4957 ac
2566 4904 2878 4975 magnitudo
2907 4901 3597 4975 tuajgoriquuddanunodo

377 4988 432 5023 n.
457 4973 551 5035 ‘25,
570 4972 615 5025 si
648 4973 863 5045 proprie
892 4972 1302 5045 loquivelimus,
1326 4970 1647 5045 DeusPater
1666 4985 1749 5029 est
1777 4970 1936 5045 ἀγένὲ
2038 4970 2453 5045 circumscripta
2511 4974 2781 5045 sentiatur
2814 4972 2900 5045 ind
2923 4970 3093 5045 Filio;
3124 4970 3316 5045 _Ddum
3378 4972 3593 5045 Patrem

378 5056 551 5110 νητος,
580 5051 634 5094 et
658 5041 939 5110 ἀγένητος,
966 5043 1087 5108 quia
1119 5056 1292 5109 neque
1327 5045 1395 5095 ab
1435 5042 1545 5095 ullo
1583 5046 1797 5111 genitus
1825 5041 1933 5109 est,
2037 5060 2157 5100 esse
2185 5045 2367 5096 lumen
2394 5041 2937 5110 incomprehensibile
2962 5057 2977 5101 ;
3009 5043 3283 5096 Christum
3308 5042 3596 5096 collatione

375 5125 550 5182 neque
582 5113 649 5163 ab
677 5112 785 5164 ullo
821 5115 981 5165 habet
1011 5121 1067 5164 ut
1096 5114 1341 5182 exsistat.
1376 5112 1509 5165 item
1537 5111 1704 5165 Filius
1723 5124 1936 5182 estyav-
2039 5115 2217 5167 Patris
2258 5112 2596 5182 splendorem
2626 5126 2746 5165 esse
2774 5126 3121 5180 pcrparvnm,
3161 5114 3252 5179 qui
3300 5114 3439 5180 apud
3496 5128 3593 5165 nos

375 5180 562 5252 νηειτός.Δ
589 5198 609 5229 ι
647 5181 886 5249 genitus,
932 5200 961 5252 ε
986 5195 1106 5233 nam
1131 5180 1419 5251 gignitura
1447 5182 1627 5236 Patre.
1666 5182 1762 5235 Est
1803 5180 1931 5237 item
2036 5199 2137 5252 pro
2166 5181 2539 5236 imbecillitate
2592 5192 2775 5252 nostra
2823 5196 3059 5252 magnus
3108 5197 3228 5235 esse
3263 5183 3531 5235 videatur.
3567 5201 3589 5234 ι

374 5249 620 5318 γενητὸς,
682 5266 806 5302 nam
856 5264 885 5320 a
938 5249 1098 5304 Patre
1138 5248 1225 5303 isi'e
1279 5262 1533 5319 tanquam
1590 5268 1619 5303 a
1670 5253 1934 5320 principio
2036 5248 2143 5307 Sed
2175 5253 2299 5305 vide
2329 5261 2484 5306 notas
2510 5253 2576 5304 ad
2615 5248 2923 5317 Origenian.
2978 5248 3075 5305 lib.
3129 5267 3189 5316 ιι,
3237 5268 3293 5320 q.
3335 5252 3402 5317 2,
3446 5268 3501 5303 n.
3560 5252 3593 5304 8

380 5320 541 5373 habet
570 5331 626 5372 ut
651 5321 743 5391 sit.
776 5319 1012 5391 Spiritus
1035 5334 1160 5373 vero
1179 5331 1398 5374 sanctus
1424 5336 1526 5373 non
1553 5331 1634 5375 est
1654 5319 1931 5391 γεννητός,

651 5321 743 5391 sit.
776 5319 1012 5391 Spiritus
1035 5334 1160 5373 vero
1179 5331 1398 5374 sanctus
1424 5336 1526 5373 non
1553 5331 1634 5375 est
1654 5319 1931 5391 γεννητός,
2032 5333 2089 5378 et
2116 5321 2202 5375 16.

377 5391 469 5462 sed
503 5389 1077 5462 γενητόςεβθιιίιοιηριιι
1109 5391 1390 5462 enimnon
1423 5391 1604 5453 habet,
1643 5392 1737 5444 sed
1770 5389 1929 5444 habet
2106 5391 2216 5462 (28)
2250 5390 2325 5444 lta
2352 5406 2482 5446 mss.
2510 5389 2679 5462 Alias,
2724 5408 2741 5441 ι
2785 5398 2839 5443 et
2863 5401 2920 5443 ut
2946 5390 3217 5461 splendor.
3249 5410 3268 5443 ι

377 5473 410 5531 a_
438 5458 598 5531 Patre
621 5458 675 5511 et
706 5460 923 5531 lj‘iliout
945 5459 1188 5531 exsistat.
1227 5460 1366 5529 Ergo
1397 5475 1521 5531 cum
1553 5463 1655 5514 hoc
1701 5463 1818 5531 loco
1858 5464 1934 5514 ait
2104 5458 2216 5531 (29)
2251 5462 2324 5531 ita
2349 5477 2477 5515 mss.
2506 5461 2677 5531 Alias,
2709 5478 2724 5508 ι
2766 5458 3001 5530 quando.
3043 5479 3061 5511 ι

377 5473 407 5509 a
438 5472 598 5512 ratre
621 5472 675 5511 et
706 5472 843 5511 rmo
868 5472 923 5509 ut
945 5472 1188 5511 exsrstat.
1227 5472 1366 5529 largo
1397 5475 1521 5514 cum
1553 5472 1655 5514 hoc
1701 5472 1818 5514 loco
1858 5472 1934 5514 ait
2126 5472 2216 5531 29)
2251 5472 2324 5513 tta
2349 5477 2477 5515 mss.
2506 5472 2677 5523 Alias,
2709 5478 2724 5508 ι
2766 5472 3001 5530 quando.
3043 5479 3061 5511 ι

332 5535 340 5540 ’
376 5526 635 5601 0rigenes
665 5528 798 5601 nihil
821 5529 1025 5596 absque
1058 5527 1219 5601 Patre
1241 5546 1361 5601 esse
1386 5530 1670 5601 ἀγένητον,
1710 5530 1929 5583 Patrem
2103 5472 2216 5600 ἔδυ)
2247 5528 2336 5582 Sic
2364 5547 2492 5601 mss.
2517 5530 2686 5593 Alias,
2730 5550 2749 5579 ι
2789 5542 2841 5583 et
2870 5531 3218 5585 subsistentia
3245 5530 3381 5599 ejus.
3419 5550 3438 5582 ι
3473 5531 3591 5586 Mox

375 5597 545 5671 solum
576 5598 837 5671 ἀγένητον
877 5612 996 5650 esse
1038 5598 1175 5671 vult,
1209 5600 1333 5671 quia
1374 5597 1635 5671 solus'ab
1671 5601 1775 5653 alio
1825 5613 1930 5651 non
2032 5597 2231 5661 mssa}
2270 5616 2371 5671 non
2398 5600 2553 5667 plene
2583 5616 2678 5653 nec
2713 5601 2953 5671 proprie,
2991 5618 3008 5651 ι
3047 5602 3201 5667 alias,
3241 5597 3405 5655 (non
3435 5606 3593 5670 plane

379 5664 537 5720 habet
564 5664 742 5735 It‘sit,
770 5683 874 5724 non
911 5681 1037 5722 vero
1064 5669 1187 5735 quia
1209 5664 1354 5722 solus
1376 5669 1609 5725 infectus
1632 5681 1685 5726 et
1716 5671 1927 5724 iucrea-
2036 5683 2134 5741 nec
2164 5664 2410 5737 prOprieI
2443 5688 2460 5719 ι
