  <div class='ocr_page' id='page_1' title='image "/cluster/home/n/w/nwhite01/storage/ocr_20150623/11/mdp.39015013266690/082.png"; bbox 0 0 3952 6144; ppageno 0'>
   <div class='ocr_carea' id='block_1_1' title="bbox 293 320 390 377">
    <p class='ocr_par' dir='ltr' id='par_1_1' title="bbox 293 320 390 377">
     <span class='ocr_line' id='line_1_1' title="bbox 293 320 390 377; baseline -0.021 0"><span class='ocrx_word' id='word_1_1' title='bbox 293 320 390 377; x_wconf 73' lang='grc' dir='ltr'>ίὸῒ</span> 
     </span>
    </p>
   </div>
   <div class='ocr_carea' id='block_1_2' title="bbox 1655 320 2160 379">
    <p class='ocr_par' dir='ltr' id='par_1_2' title="bbox 1655 320 2160 379">
     <span class='ocr_line' id='line_1_2' title="bbox 1655 320 2160 379; baseline 0 0"><span class='ocrx_word' id='word_1_2' title='bbox 1655 321 1855 379; x_wconf 77' lang='lat' dir='ltr'><strong>LIBER</strong></span> <span class='ocrx_word' id='word_1_3' title='bbox 1885 320 2160 379; x_wconf 78' lang='lat' dir='ltr'><strong>PRIMUS.</strong></span> 
     </span>
    </p>
   </div>
   <div class='ocr_carea' id='block_1_3' title="bbox 3391 333 3491 388">
    <p class='ocr_par' dir='ltr' id='par_1_3' title="bbox 3391 333 3491 388">
     <span class='ocr_line' id='line_1_3' title="bbox 3391 333 3491 388; baseline 0.01 -1"><span class='ocrx_word' id='word_1_4' title='bbox 3391 333 3491 388; x_wconf 72' lang='grc'><strong>153</strong></span> 
     </span>
    </p>
   </div>
   <div class='ocr_carea' id='block_1_4' title="bbox 290 426 3491 518">
    <p class='ocr_par' dir='ltr' id='par_1_4' title="bbox 290 426 3491 518">
     <span class='ocr_line' id='line_1_4' title="bbox 290 426 3491 518; baseline 0.002 -22"><span class='ocrx_word' id='word_1_5' title='bbox 290 443 462 497; x_wconf 78' lang='lat' dir='ltr'><strong>vultus</strong></span> <span class='ocrx_word' id='word_1_6' title='bbox 497 442 867 510; x_wconf 79' lang='lat' dir='ltr'><strong>lineamentis,</strong></span> <span class='ocrx_word' id='word_1_7' title='bbox 911 445 1088 513; x_wconf 86' lang='lat' dir='ltr'><strong>specie</strong></span> <span class='ocrx_word' id='word_1_8' title='bbox 1132 462 1196 501; x_wconf 89' lang='lat' dir='ltr'><strong>ac</strong></span> <span class='ocrx_word' id='word_1_9' title='bbox 1249 448 1472 502; x_wconf 86' lang='lat' dir='ltr'><strong>materia</strong></span> <span class='ocrx_word' id='word_1_10' title='bbox 1513 461 1611 517; x_wconf 86' lang='lat' dir='ltr'><strong>per</strong></span> <span class='ocrx_word' id='word_1_11' title='bbox 1653 445 1835 501; x_wconf 84' lang='lat' dir='ltr'><strong>omnia</strong></span> <span class='ocrx_word' id='word_1_12' title='bbox 1867 447 1913 504; x_wconf 84' lang='grc' dir='ltr'>Α</span> <span class='ocrx_word' id='word_1_13' title='bbox 1941 443 2018 497; x_wconf 91' lang='lat' dir='ltr'><strong>ait</strong></span> <span class='ocrx_word' id='word_1_14' title='bbox 2067 426 2285 497; x_wconf 86' lang='lat' dir='ltr'><strong>virtutis</strong></span> <span class='ocrx_word' id='word_1_15' title='bbox 2333 445 2426 498; x_wconf 88' lang='lat' dir='ltr'><strong>Dei</strong></span> <span class='ocrx_word' id='word_1_16' title='bbox 2473 461 2726 516; x_wconf 83' lang='lat' dir='ltr'><strong>vaporem</strong></span> <span class='ocrx_word' id='word_1_17' title='bbox 2767 461 2885 502; x_wconf 89' lang='lat' dir='ltr'><strong>esse</strong></span> <span class='ocrx_word' id='word_1_18' title='bbox 2917 448 3259 518; x_wconf 86' lang='lat' dir='ltr'><strong>sapientiam.</strong></span> <span class='ocrx_word' id='word_1_19' title='bbox 3290 449 3491 504; x_wconf 72' lang='lat' dir='ltr'><strong>latent--</strong></span> 
     </span>
    </p>
   </div>
   <div class='ocr_carea' id='block_1_5' title="bbox 288 535 1842 608">
    <p class='ocr_par' dir='ltr' id='par_1_5' title="bbox 288 535 1842 608">
     <span class='ocr_line' id='line_1_5' title="bbox 288 535 1842 608; baseline 0.003 -21"><span class='ocrx_word' id='word_1_20' title='bbox 288 535 477 590; x_wconf 88' lang='lat' dir='ltr'><strong>similis</strong></span> <span class='ocrx_word' id='word_1_21' title='bbox 502 537 705 606; x_wconf 84' lang='lat' dir='ltr'><strong>absque</strong></span> <span class='ocrx_word' id='word_1_22' title='bbox 739 540 1121 608; x_wconf 90' lang='lat' dir='ltr'><strong>magnitudinis</strong></span> <span class='ocrx_word' id='word_1_23' title='bbox 1143 540 1538 604; x_wconf 81' lang='lat' dir='ltr'><strong>immensitate,</strong></span> <span class='ocrx_word' id='word_1_24' title='bbox 1571 553 1666 608; x_wconf 88' lang='lat' dir='ltr'><strong>pro</strong></span> <span class='ocrx_word' id='word_1_25' title='bbox 1691 555 1756 594; x_wconf 92' lang='lat' dir='ltr'><strong>eo</strong></span> <span class='ocrx_word' id='word_1_26' title='bbox 1785 548 1842 592; x_wconf 89' lang='grc' dir='ltr'><strong>ιιι</strong></span> 
     </span>
    </p>
   </div>
   <div class='ocr_carea' id='block_1_6' title="bbox 285 625 1838 696">
    <p class='ocr_par' dir='ltr' id='par_1_6' title="bbox 285 625 1838 696">
     <span class='ocr_line' id='line_1_6' title="bbox 285 625 1838 696; baseline -0.001 -18"><span class='ocrx_word' id='word_1_27' title='bbox 285 627 376 694; x_wconf 88' lang='lat' dir='ltr'><strong>qui</strong></span> <span class='ocrx_word' id='word_1_28' title='bbox 412 626 558 680; x_wconf 85' lang='lat' dir='ltr'><strong>illam</strong></span> <span class='ocrx_word' id='word_1_29' title='bbox 593 627 906 681; x_wconf 89' lang='lat' dir='ltr'><strong>immensam</strong></span> <span class='ocrx_word' id='word_1_30' title='bbox 936 627 1279 682; x_wconf 91' lang='lat' dir='ltr'><strong>considerare</strong></span> <span class='ocrx_word' id='word_1_31' title='bbox 1317 636 1478 696; x_wconf 91' lang='lat' dir='ltr'><strong>atque</strong></span> <span class='ocrx_word' id='word_1_32' title='bbox 1507 625 1700 679; x_wconf 89' lang='lat' dir='ltr'><strong>intueri</strong></span> <span class='ocrx_word' id='word_1_33' title='bbox 1733 639 1838 678; x_wconf 93' lang='lat' dir='ltr'><strong>non</strong></span> 
     </span>
    </p>
   </div>
   <div class='ocr_carea' id='block_1_7' title="bbox 285 718 1837 784">
    <p class='ocr_par' dir='ltr' id='par_1_7' title="bbox 285 718 1837 784">
     <span class='ocr_line' id='line_1_7' title="bbox 285 718 1837 784; baseline 0.001 -15"><span class='ocrx_word' id='word_1_34' title='bbox 285 729 522 784; x_wconf 83' lang='lat' dir='ltr'><strong>possent,</strong></span> <span class='ocrx_word' id='word_1_35' title='bbox 553 718 692 772; x_wconf 90' lang='lat' dir='ltr'><strong>hanc</strong></span> <span class='ocrx_word' id='word_1_36' title='bbox 723 719 986 782; x_wconf 86' lang='lat' dir='ltr'><strong>videntes,</strong></span> <span class='ocrx_word' id='word_1_37' title='bbox 1017 719 1161 772; x_wconf 86' lang='lat' dir='ltr'><strong>illam</strong></span> <span class='ocrx_word' id='word_1_38' title='bbox 1195 733 1253 774; x_wconf 89' lang='lat' dir='ltr'><strong>se</strong></span> <span class='ocrx_word' id='word_1_39' title='bbox 1284 719 1486 773; x_wconf 83' lang='lat' dir='ltr'><strong>vidisse</strong></span> <span class='ocrx_word' id='word_1_40' title='bbox 1511 719 1837 772; x_wconf 77' lang='lat' dir='ltr'><strong>conﬁteren-</strong></span> 
     </span>
    </p>
   </div>
   <div class='ocr_carea' id='block_1_8' title="bbox 287 808 1838 880">
    <p class='ocr_par' dir='ltr' id='par_1_8' title="bbox 287 808 1838 880">
     <span class='ocr_line' id='line_1_8' title="bbox 287 808 1838 880; baseline 0.004 -23"><span class='ocrx_word' id='word_1_41' title='bbox 287 818 374 860; x_wconf 88' lang='lat' dir='ltr'><strong>tur</strong></span> <span class='ocrx_word' id='word_1_42' title='bbox 397 808 534 880; x_wconf 80' lang='grc'>(51),</span> <span class='ocrx_word' id='word_1_43' title='bbox 573 824 670 876; x_wconf 92' lang='lat' dir='ltr'><strong>pro</strong></span> <span class='ocrx_word' id='word_1_44' title='bbox 696 823 760 862; x_wconf 91' lang='lat' dir='ltr'><strong>eo</strong></span> <span class='ocrx_word' id='word_1_45' title='bbox 797 813 938 878; x_wconf 90' lang='lat' dir='ltr'><strong>quod</strong></span> <span class='ocrx_word' id='word_1_46' title='bbox 967 812 1143 865; x_wconf 88' lang='lat' dir='ltr'><strong>omnia</strong></span> <span class='ocrx_word' id='word_1_47' title='bbox 1177 811 1540 864; x_wconf 85' lang='lat' dir='ltr'><strong>membrorum</strong></span> <span class='ocrx_word' id='word_1_48' title='bbox 1577 819 1632 865; x_wconf 89' lang='lat' dir='ltr'><strong>et</strong></span> <span class='ocrx_word' id='word_1_49' title='bbox 1662 808 1838 863; x_wconf 82' lang='lat' dir='ltr'><strong>vultus</strong></span> 
     </span>
    </p>
   </div>
   <div class='ocr_carea' id='block_1_9' title="bbox 283 897 1837 971">
    <p class='ocr_par' dir='ltr' id='par_1_9' title="bbox 283 897 1837 971">
     <span class='ocr_line' id='line_1_9' title="bbox 283 897 1837 971; baseline 0.003 -21"><span class='ocrx_word' id='word_1_50' title='bbox 283 897 640 963; x_wconf 80' lang='lat' dir='ltr'><strong>lineamenta,</strong></span> <span class='ocrx_word' id='word_1_51' title='bbox 683 900 766 954; x_wconf 91' lang='lat' dir='ltr'><strong>vel</strong></span> <span class='ocrx_word' id='word_1_52' title='bbox 799 902 969 969; x_wconf 85' lang='lat' dir='ltr'><strong>ipsam</strong></span> <span class='ocrx_word' id='word_1_53' title='bbox 1005 902 1239 970; x_wconf 84' lang='lat' dir='ltr'><strong>speciem</strong></span> <span class='ocrx_word' id='word_1_54' title='bbox 1270 903 1659 971; x_wconf 87' lang='lat' dir='ltr'><strong>materiamque</strong></span> <span class='ocrx_word' id='word_1_55' title='bbox 1685 902 1837 955; x_wconf 86' lang='lat' dir='ltr'><strong>simi-</strong></span> 
     </span>
    </p>
   </div>
   <div class='ocr_carea' id='block_1_10' title="bbox 283 989 1825 1060">
    <p class='ocr_par' dir='ltr' id='par_1_10' title="bbox 283 989 1825 1060">
     <span class='ocr_line' id='line_1_10' title="bbox 283 989 1825 1060; baseline 0.001 -19"><span class='ocrx_word' id='word_1_56' title='bbox 283 989 512 1042; x_wconf 90' lang='lat' dir='ltr'><strong>litudine</strong></span> <span class='ocrx_word' id='word_1_57' title='bbox 560 1003 780 1058; x_wconf 88' lang='lat' dir='ltr'><strong>prorsus</strong></span> <span class='ocrx_word' id='word_1_58' title='bbox 816 992 1109 1046; x_wconf 87' lang='lat' dir='ltr'><strong>indiscreta</strong></span> <span class='ocrx_word' id='word_1_59' title='bbox 1153 1000 1428 1058; x_wconf 79' lang='lat' dir='ltr'><strong>servaret;</strong></span> <span class='ocrx_word' id='word_1_60' title='bbox 1475 993 1562 1045; x_wconf 88' lang='lat' dir='ltr'><strong>tali</strong></span> <span class='ocrx_word' id='word_1_61' title='bbox 1598 994 1825 1060; x_wconf 89' lang='lat' dir='ltr'><strong>quadam</strong></span> 
     </span>
    </p>
   </div>
   <div class='ocr_carea' id='block_1_11' title="bbox 282 1081 1835 1152">
    <p class='ocr_par' dir='ltr' id='par_1_11' title="bbox 282 1081 1835 1152">
     <span class='ocr_line' id='line_1_11' title="bbox 282 1081 1835 1152; baseline 0.003 -18"><span class='ocrx_word' id='word_1_62' title='bbox 282 1081 640 1135; x_wconf 82' lang='lat' dir='ltr'><strong>similitudine</strong></span> <span class='ocrx_word' id='word_1_63' title='bbox 665 1081 983 1136; x_wconf 81' lang='lat' dir='ltr'><strong>exiuauiens</strong></span> <span class='ocrx_word' id='word_1_64' title='bbox 1017 1097 1076 1136; x_wconf 92' lang='lat' dir='ltr'><strong>se</strong></span> <span class='ocrx_word' id='word_1_65' title='bbox 1101 1082 1270 1137; x_wconf 90' lang='lat' dir='ltr'><strong>Filius</strong></span> <span class='ocrx_word' id='word_1_66' title='bbox 1313 1083 1404 1138; x_wconf 88' lang='lat' dir='ltr'><strong>Dei</strong></span> <span class='ocrx_word' id='word_1_67' title='bbox 1440 1084 1505 1138; x_wconf 91' lang='lat' dir='ltr'><strong>de</strong></span> <span class='ocrx_word' id='word_1_68' title='bbox 1531 1083 1835 1152; x_wconf 73' lang='lat' dir='ltr'><strong>azqualitate</strong></span> 
     </span>
    </p>
   </div>
   <div class='ocr_carea' id='block_1_12' title="bbox 280 1170 1833 1244">
    <p class='ocr_par' dir='ltr' id='par_1_12' title="bbox 280 1170 1833 1244">
     <span class='ocr_line' id='line_1_12' title="bbox 280 1170 1833 1244; baseline 0.003 -21"><span class='ocrx_word' id='word_1_69' title='bbox 280 1170 496 1236; x_wconf 86' lang='lat' dir='ltr'><strong>Patris,</strong></span> <span class='ocrx_word' id='word_1_70' title='bbox 536 1181 592 1226; x_wconf 87' lang='lat' dir='ltr'><strong>et</strong></span> <span class='ocrx_word' id='word_1_71' title='bbox 625 1173 768 1225; x_wconf 87' lang='lat' dir='ltr'><strong>viam</strong></span> <span class='ocrx_word' id='word_1_72' title='bbox 819 1173 976 1228; x_wconf 87' lang='lat' dir='ltr'><strong>nobis</strong></span> <span class='ocrx_word' id='word_1_73' title='bbox 1009 1174 1334 1244; x_wconf 79' lang='lat' dir='ltr'><strong>cognitionis</strong></span> <span class='ocrx_word' id='word_1_74' title='bbox 1361 1173 1478 1242; x_wconf 87' lang='lat' dir='ltr'><strong>ejus</strong></span> <span class='ocrx_word' id='word_1_75' title='bbox 1508 1175 1798 1229; x_wconf 88' lang='lat' dir='ltr'><strong>ostendens</strong></span> <span class='ocrx_word' id='word_1_76' title='bbox 1819 1216 1833 1237; x_wconf 97' lang='lat'><strong>,</strong></span> 
     </span>
    </p>
   </div>
   <div class='ocr_carea' id='block_1_13' title="bbox 282 1264 1831 1334">
    <p class='ocr_par' dir='ltr' id='par_1_13' title="bbox 282 1264 1831 1334">
     <span class='ocr_line' id='line_1_13' title="bbox 282 1264 1831 1334; baseline 0.001 -18"><span class='ocrx_word' id='word_1_77' title='bbox 282 1265 456 1333; x_wconf 80' lang='lat' dir='ltr'><strong>ﬁgura</strong></span> <span class='ocrx_word' id='word_1_78' title='bbox 489 1277 742 1330; x_wconf 81' lang='lat' dir='ltr'><strong>expressa</strong></span> <span class='ocrx_word' id='word_1_79' title='bbox 781 1265 1100 1319; x_wconf 83' lang='lat' dir='ltr'><strong>substantiae</strong></span> <span class='ocrx_word' id='word_1_80' title='bbox 1131 1267 1247 1333; x_wconf 77' lang='lat' dir='ltr'><strong>eius</strong></span> <span class='ocrx_word' id='word_1_81' title='bbox 1278 1264 1541 1332; x_wconf 84' lang='lat' dir='ltr'><strong>eilicitur;</strong></span> <span class='ocrx_word' id='word_1_82' title='bbox 1575 1277 1632 1318; x_wconf 91' lang='lat' dir='ltr'><strong>ut</strong></span> <span class='ocrx_word' id='word_1_83' title='bbox 1657 1266 1748 1334; x_wconf 88' lang='lat' dir='ltr'><strong>qui</strong></span> <span class='ocrx_word' id='word_1_84' title='bbox 1781 1267 1831 1318; x_wconf 89' lang='lat' dir='ltr'><strong>in</strong></span> 
     </span>
    </p>
   </div>
   <div class='ocr_carea' id='block_1_14' title="bbox 283 1353 1834 1425">
    <p class='ocr_par' dir='ltr' id='par_1_14' title="bbox 283 1353 1834 1425">
     <span class='ocr_line' id='line_1_14' title="bbox 283 1353 1834 1425; baseline 0 -19"><span class='ocrx_word' id='word_1_85' title='bbox 283 1353 659 1424; x_wconf 78' lang='lat' dir='ltr'><strong>magnitudine</strong></span> <span class='ocrx_word' id='word_1_86' title='bbox 690 1353 907 1406; x_wconf 87' lang='lat' dir='ltr'><strong>deitatis</strong></span> <span class='ocrx_word' id='word_1_87' title='bbox 931 1369 1041 1408; x_wconf 62' lang='lat' dir='ltr'><strong>suae</strong></span> <span class='ocrx_word' id='word_1_88' title='bbox 1069 1356 1299 1422; x_wconf 82' lang='lat' dir='ltr'><strong>positam</strong></span> <span class='ocrx_word' id='word_1_89' title='bbox 1323 1354 1545 1425; x_wconf 83' lang='lat' dir='ltr'><strong>gloriam</strong></span> <span class='ocrx_word' id='word_1_90' title='bbox 1581 1355 1729 1408; x_wconf 74' lang='lat' dir='ltr'><strong>mira:</strong></span> <span class='ocrx_word' id='word_1_91' title='bbox 1754 1355 1834 1406; x_wconf 88' lang='grc' dir='ltr'>Ιιι-</span> 
     </span>
    </p>
   </div>
   <div class='ocr_carea' id='block_1_15' title="bbox 279 1444 1834 1514">
    <p class='ocr_par' dir='ltr' id='par_1_15' title="bbox 279 1444 1834 1514">
     <span class='ocr_line' id='line_1_15' title="bbox 279 1444 1834 1514; baseline -0.001 -15"><span class='ocrx_word' id='word_1_92' title='bbox 279 1446 359 1499; x_wconf 90' lang='lat' dir='ltr'><strong>cis</strong></span> <span class='ocrx_word' id='word_1_93' title='bbox 387 1459 497 1499; x_wconf 93' lang='lat' dir='ltr'><strong>non</strong></span> <span class='ocrx_word' id='word_1_94' title='bbox 530 1454 837 1512; x_wconf 82' lang='lat' dir='ltr'><strong>poteramus</strong></span> <span class='ocrx_word' id='word_1_95' title='bbox 887 1445 1154 1512; x_wconf 88' lang='lat' dir='ltr'><strong>aspicere,</strong></span> <span class='ocrx_word' id='word_1_96' title='bbox 1209 1461 1302 1512; x_wconf 88' lang='lat' dir='ltr'><strong>per</strong></span> <span class='ocrx_word' id='word_1_97' title='bbox 1356 1447 1456 1500; x_wconf 89' lang='lat' dir='ltr'><strong>hoc</strong></span> <span class='ocrx_word' id='word_1_98' title='bbox 1503 1445 1644 1514; x_wconf 90' lang='lat' dir='ltr'><strong>quod</strong></span> <span class='ocrx_word' id='word_1_99' title='bbox 1684 1444 1834 1498; x_wconf 88' lang='lat' dir='ltr'><strong>nobis</strong></span> 
     </span>
    </p>
   </div>
   <div class='ocr_carea' id='block_1_16' title="bbox 275 1533 1835 1605">
    <p class='ocr_par' dir='ltr' id='par_1_16' title="bbox 275 1533 1835 1605">
     <span class='ocr_line' id='line_1_16' title="bbox 275 1533 1835 1605; baseline -0.001 -15"><span class='ocrx_word' id='word_1_100' title='bbox 275 1537 537 1605; x_wconf 86' lang='lat' dir='ltr'><strong>splendor</strong></span> <span class='ocrx_word' id='word_1_101' title='bbox 566 1533 817 1603; x_wconf 73' lang='lat' dir='ltr'><strong>edicitur,</strong></span> <span class='ocrx_word' id='word_1_102' title='bbox 849 1538 1118 1590; x_wconf 70' lang='lat' dir='ltr'><strong>intuenda:</strong></span> <span class='ocrx_word' id='word_1_103' title='bbox 1159 1536 1295 1591; x_wconf 88' lang='lat' dir='ltr'><strong>locis</strong></span> <span class='ocrx_word' id='word_1_104' title='bbox 1329 1537 1522 1591; x_wconf 72' lang='lat' dir='ltr'><strong>divinae</strong></span> <span class='ocrx_word' id='word_1_105' title='bbox 1563 1538 1702 1590; x_wconf 88' lang='lat' dir='ltr'><strong>viam</strong></span> <span class='ocrx_word' id='word_1_106' title='bbox 1739 1552 1835 1604; x_wconf 91' lang='lat' dir='ltr'><strong>per</strong></span> 
     </span>
    </p>
   </div>
   <div class='ocr_carea' id='block_1_17' title="bbox 274 1625 1832 1707">
    <p class='ocr_par' dir='ltr' id='par_1_17' title="bbox 274 1625 1832 1707">
     <span class='ocr_line' id='line_1_17' title="bbox 274 1625 1832 1707; baseline 0 -28"><span class='ocrx_word' id='word_1_107' title='bbox 274 1625 584 1690; x_wconf 81' lang='lat' dir='ltr'><strong>splendoris</strong></span> <span class='ocrx_word' id='word_1_108' title='bbox 615 1625 888 1694; x_wconf 85' lang='lat' dir='ltr'><strong>capiamus</strong></span> <span class='ocrx_word' id='word_1_109' title='bbox 915 1637 1214 1707; x_wconf 84' lang='lat' dir='ltr'><strong>aspectum.</strong></span> <span class='ocrx_word' id='word_1_110' title='bbox 1241 1626 1583 1694; x_wconf 89' lang='lat' dir='ltr'><strong>Comparatio</strong></span> <span class='ocrx_word' id='word_1_111' title='bbox 1611 1642 1741 1682; x_wconf 89' lang='lat' dir='ltr'><strong>sane</strong></span> <span class='ocrx_word' id='word_1_112' title='bbox 1764 1628 1832 1681; x_wconf 90' lang='lat' dir='ltr'><strong>de</strong></span> 
     </span>
    </p>
   </div>
   <div class='ocr_carea' id='block_1_18' title="bbox 274 1720 1826 1790">
    <p class='ocr_par' dir='ltr' id='par_1_18' title="bbox 274 1720 1826 1790">
     <span class='ocr_line' id='line_1_18' title="bbox 274 1720 1826 1790; baseline 0.001 -18"><span class='ocrx_word' id='word_1_113' title='bbox 274 1727 474 1774; x_wconf 66' lang='lat' dir='ltr'><strong>statutis</strong></span> <span class='ocrx_word' id='word_1_114' title='bbox 509 1720 620 1788; x_wconf 73' lang='lat'><strong>(5&#39;2)</strong></span> <span class='ocrx_word' id='word_1_115' title='bbox 655 1721 806 1787; x_wconf 90' lang='lat' dir='ltr'><strong>quasi</strong></span> <span class='ocrx_word' id='word_1_116' title='bbox 839 1720 892 1773; x_wconf 90' lang='lat' dir='ltr'><strong>in</strong></span> <span class='ocrx_word' id='word_1_117' title='bbox 929 1721 1085 1774; x_wconf 85' lang='lat' dir='ltr'><strong>rebus</strong></span> <span class='ocrx_word' id='word_1_118' title='bbox 1119 1721 1490 1775; x_wconf 87' lang='lat' dir='ltr'><strong>materialibus</strong></span> <span class='ocrx_word' id='word_1_119' title='bbox 1522 1720 1727 1790; x_wconf 89' lang='lat' dir='ltr'><strong>posita,</strong></span> <span class='ocrx_word' id='word_1_120' title='bbox 1759 1721 1826 1774; x_wconf 91' lang='lat' dir='ltr'><strong>ad</strong></span> 
     </span>
    </p>
   </div>
   <div class='ocr_carea' id='block_1_19' title="bbox 277 1811 1830 1882">
    <p class='ocr_par' dir='ltr' id='par_1_19' title="bbox 277 1811 1830 1882">
     <span class='ocr_line' id='line_1_19' title="bbox 277 1811 1830 1882; baseline 0.001 -18"><span class='ocrx_word' id='word_1_121' title='bbox 277 1812 416 1864; x_wconf 87' lang='lat' dir='ltr'><strong>nihil</strong></span> <span class='ocrx_word' id='word_1_122' title='bbox 443 1811 586 1865; x_wconf 86' lang='lat' dir='ltr'><strong>aliud</strong></span> <span class='ocrx_word' id='word_1_123' title='bbox 631 1812 909 1881; x_wconf 90' lang='lat' dir='ltr'><strong>recipitur,</strong></span> <span class='ocrx_word' id='word_1_124' title='bbox 941 1827 1104 1881; x_wconf 88' lang='lat' dir='ltr'><strong>quam</strong></span> <span class='ocrx_word' id='word_1_125' title='bbox 1139 1815 1204 1867; x_wconf 90' lang='lat' dir='ltr'><strong>ad</strong></span> <span class='ocrx_word' id='word_1_126' title='bbox 1237 1813 1336 1867; x_wconf 93' lang='lat' dir='ltr'><strong>hoc</strong></span> <span class='ocrx_word' id='word_1_127' title='bbox 1361 1814 1508 1882; x_wconf 86' lang='lat' dir='ltr'><strong>quod</strong></span> <span class='ocrx_word' id='word_1_128' title='bbox 1540 1812 1709 1868; x_wconf 89' lang='lat' dir='ltr'><strong>Filius</strong></span> <span class='ocrx_word' id='word_1_129' title='bbox 1739 1813 1830 1866; x_wconf 89' lang='lat' dir='ltr'><strong>Dei</strong></span> 
     </span>
    </p>
   </div>
   <div class='ocr_carea' id='block_1_20' title="bbox 273 1894 1830 1974">
    <p class='ocr_par' dir='ltr' id='par_1_20' title="bbox 273 1894 1830 1974">
     <span class='ocr_line' id='line_1_20' title="bbox 273 1894 1830 1974; baseline 0.001 -18"><span class='ocrx_word' id='word_1_130' title='bbox 273 1903 612 1957; x_wconf 79' lang='lat' dir='ltr'><strong>brevissima:</strong></span> <span class='ocrx_word' id='word_1_131' title='bbox 642 1894 880 1959; x_wconf 82' lang='lat' dir='ltr'><strong>insertus</strong></span> <span class='ocrx_word' id='word_1_132' title='bbox 901 1904 1117 1959; x_wconf 87' lang='lat' dir='ltr'><strong>humani</strong></span> <span class='ocrx_word' id='word_1_133' title='bbox 1142 1907 1386 1974; x_wconf 87' lang='lat' dir='ltr'><strong>corporis</strong></span> <span class='ocrx_word' id='word_1_134' title='bbox 1408 1904 1593 1961; x_wconf 62' lang='lat' dir='ltr'><strong>forma:</strong></span> <span class='ocrx_word' id='word_1_135' title='bbox 1614 1921 1678 1958; x_wconf 77' lang='lat' dir='ltr'><strong>ex</strong></span> <span class='ocrx_word' id='word_1_136' title='bbox 1699 1920 1830 1973; x_wconf 87' lang='lat' dir='ltr'><strong>ope-</strong></span> 
     </span>
    </p>
   </div>
   <div class='ocr_carea' id='block_1_21' title="bbox 274 1996 1830 2065">
    <p class='ocr_par' dir='ltr' id='par_1_21' title="bbox 274 1996 1830 2065">
     <span class='ocr_line' id='line_1_21' title="bbox 274 1996 1830 2065; baseline 0.003 -17"><span class='ocrx_word' id='word_1_137' title='bbox 274 2011 396 2050; x_wconf 90' lang='lat' dir='ltr'><strong>rum</strong></span> <span class='ocrx_word' id='word_1_138' title='bbox 433 1996 756 2065; x_wconf 82' lang='lat' dir='ltr'><strong>virtutisque</strong></span> <span class='ocrx_word' id='word_1_139' title='bbox 784 1997 1140 2054; x_wconf 87' lang='lat' dir='ltr'><strong>similitudine</strong></span> <span class='ocrx_word' id='word_1_140' title='bbox 1179 1999 1356 2053; x_wconf 78' lang='lat' dir='ltr'><strong>Patris</strong></span> <span class='ocrx_word' id='word_1_141' title='bbox 1403 1999 1457 2053; x_wconf 94' lang='lat' dir='ltr'><strong>in</strong></span> <span class='ocrx_word' id='word_1_142' title='bbox 1491 2013 1550 2053; x_wconf 87' lang='lat' dir='ltr'><strong>se</strong></span> <span class='ocrx_word' id='word_1_143' title='bbox 1600 2001 1830 2053; x_wconf 86' lang='lat' dir='ltr'><strong>immen-</strong></span> 
     </span>
    </p>
   </div>
   <div class='ocr_carea' id='block_1_22' title="bbox 269 2086 1827 2161">
    <p class='ocr_par' dir='ltr' id='par_1_22' title="bbox 269 2086 1827 2161">
     <span class='ocr_line' id='line_1_22' title="bbox 269 2086 1827 2161; baseline 0.001 -21"><span class='ocrx_word' id='word_1_144' title='bbox 269 2103 384 2140; x_wconf 84' lang='lat' dir='ltr'><strong>sam</strong></span> <span class='ocrx_word' id='word_1_145' title='bbox 420 2086 530 2157; x_wconf 79' lang='lat'><strong>(55)</strong></span> <span class='ocrx_word' id='word_1_146' title='bbox 566 2102 628 2139; x_wconf 86' lang='lat' dir='ltr'><strong>ac</strong></span> <span class='ocrx_word' id='word_1_147' title='bbox 671 2087 987 2142; x_wconf 88' lang='lat' dir='ltr'><strong>invisibilem</strong></span> <span class='ocrx_word' id='word_1_148' title='bbox 1035 2089 1455 2160; x_wconf 81' lang='lat' dir='ltr'><strong>magnitudinem</strong></span> <span class='ocrx_word' id='word_1_149' title='bbox 1495 2091 1827 2161; x_wconf 78' lang='lat' dir='ltr'><strong>designabat,</strong></span> 
     </span>
    </p>
   </div>
   <div class='ocr_carea' id='block_1_23' title="bbox 269 2179 1828 2252">
    <p class='ocr_par' dir='ltr' id='par_1_23' title="bbox 269 2179 1828 2252">
     <span class='ocr_line' id='line_1_23' title="bbox 269 2179 1828 2252; baseline 0.003 -19"><span class='ocrx_word' id='word_1_150' title='bbox 269 2194 370 2246; x_wconf 86' lang='lat' dir='ltr'><strong>per</strong></span> <span class='ocrx_word' id='word_1_151' title='bbox 403 2181 506 2234; x_wconf 93' lang='lat' dir='ltr'><strong>hoc</strong></span> <span class='ocrx_word' id='word_1_152' title='bbox 538 2179 680 2248; x_wconf 91' lang='lat' dir='ltr'><strong>quod</strong></span> <span class='ocrx_word' id='word_1_153' title='bbox 715 2180 926 2234; x_wconf 90' lang='lat' dir='ltr'><strong>dicebat</strong></span> <span class='ocrx_word' id='word_1_154' title='bbox 951 2183 1016 2236; x_wconf 91' lang='lat' dir='ltr'><strong>ad</strong></span> <span class='ocrx_word' id='word_1_155' title='bbox 1039 2182 1331 2252; x_wconf 85' lang='lat' dir='ltr'><strong>discipulos</strong></span> <span class='ocrx_word' id='word_1_156' title='bbox 1363 2185 1652 2252; x_wconf 89' lang='lat' dir='ltr'><strong>suos,quia</strong></span> <span class='ocrx_word' id='word_1_157' title='bbox 1685 2202 1703 2234; x_wconf 78' lang='grc' dir='ltr'><strong>ι</strong></span> <span class='ocrx_word' id='word_1_158' title='bbox 1730 2184 1828 2250; x_wconf 81' lang='lat' dir='ltr'><strong>Qui</strong></span> 
     </span>
    </p>
   </div>
   <div class='ocr_carea' id='block_1_24' title="bbox 269 2270 1829 2342">
    <p class='ocr_par' dir='ltr' id='par_1_24' title="bbox 269 2270 1829 2342">
     <span class='ocr_line' id='line_1_24' title="bbox 269 2270 1829 2342; baseline 0.004 -21"><span class='ocrx_word' id='word_1_159' title='bbox 269 2285 359 2324; x_wconf 86' lang='lat' dir='ltr'><strong>me</strong></span> <span class='ocrx_word' id='word_1_160' title='bbox 388 2270 552 2335; x_wconf 85' lang='lat' dir='ltr'><strong>videt,</strong></span> <span class='ocrx_word' id='word_1_161' title='bbox 581 2270 727 2326; x_wconf 89' lang='lat' dir='ltr'><strong>videt</strong></span> <span class='ocrx_word' id='word_1_162' title='bbox 756 2282 811 2327; x_wconf 91' lang='lat' dir='ltr'><strong>et</strong></span> <span class='ocrx_word' id='word_1_163' title='bbox 843 2272 1059 2327; x_wconf 89' lang='lat' dir='ltr'><strong>Patrem</strong></span> <span class='ocrx_word' id='word_1_164' title='bbox 1080 2273 1159 2340; x_wconf 72' lang='lat'><strong>“;</strong></span> <span class='ocrx_word' id='word_1_165' title='bbox 1208 2292 1227 2326; x_wconf 80' lang='grc' dir='ltr'><strong>ι</strong></span> <span class='ocrx_word' id='word_1_166' title='bbox 1265 2284 1320 2326; x_wconf 92' lang='lat' dir='ltr'><strong>et</strong></span> <span class='ocrx_word' id='word_1_167' title='bbox 1349 2291 1364 2328; x_wconf 91' lang='lat'>:</span> <span class='ocrx_word' id='word_1_168' title='bbox 1400 2291 1419 2325; x_wconf 83' lang='grc' dir='ltr'><strong>ι</strong></span> <span class='ocrx_word' id='word_1_169' title='bbox 1450 2273 1558 2342; x_wconf 84' lang='lat' dir='ltr'><strong>Ego</strong></span> <span class='ocrx_word' id='word_1_170' title='bbox 1586 2287 1641 2328; x_wconf 90' lang='lat' dir='ltr'><strong>et</strong></span> <span class='ocrx_word' id='word_1_171' title='bbox 1673 2273 1829 2328; x_wconf 88' lang='lat' dir='ltr'><strong>Pater</strong></span> 
     </span>
    </p>
   </div>
   <div class='ocr_carea' id='block_1_25' title="bbox 269 2363 1827 2430">
    <p class='ocr_par' dir='ltr' id='par_1_25' title="bbox 269 2363 1827 2430">
     <span class='ocr_line' id='line_1_25' title="bbox 269 2363 1827 2430; baseline 0.004 -17"><span class='ocrx_word' id='word_1_172' title='bbox 269 2377 437 2415; x_wconf 94' lang='lat' dir='ltr'><strong>unum</strong></span> <span class='ocrx_word' id='word_1_173' title='bbox 461 2376 647 2418; x_wconf 87' lang='lat' dir='ltr'><strong>sumus</strong></span> <span class='ocrx_word' id='word_1_174' title='bbox 662 2363 729 2418; x_wconf 71' lang='grc'><strong>⁸⁸.</strong></span> <span class='ocrx_word' id='word_1_175' title='bbox 761 2383 780 2415; x_wconf 76' lang='grc' dir='ltr'><strong>ι</strong></span> <span class='ocrx_word' id='word_1_176' title='bbox 817 2364 1022 2430; x_wconf 83' lang='lat' dir='ltr'><strong>Quibus</strong></span> <span class='ocrx_word' id='word_1_177' title='bbox 1047 2365 1209 2418; x_wconf 89' lang='lat' dir='ltr'><strong>etiam</strong></span> <span class='ocrx_word' id='word_1_178' title='bbox 1241 2364 1369 2418; x_wconf 90' lang='lat' dir='ltr'><strong>illud</strong></span> <span class='ocrx_word' id='word_1_179' title='bbox 1399 2365 1576 2418; x_wconf 89' lang='lat' dir='ltr'><strong>simile</strong></span> <span class='ocrx_word' id='word_1_180' title='bbox 1623 2365 1827 2419; x_wconf 85' lang='lat' dir='ltr'><strong>intelli-</strong></span> 
     </span>
    </p>
   </div>
   <div class='ocr_carea' id='block_1_26' title="bbox 267 2451 1833 2522">
    <p class='ocr_par' dir='ltr' id='par_1_26' title="bbox 267 2451 1833 2522">
     <span class='ocr_line' id='line_1_26' title="bbox 267 2451 1833 2522; baseline 0.003 -17"><span class='ocrx_word' id='word_1_181' title='bbox 267 2451 507 2520; x_wconf 81' lang='lat' dir='ltr'><strong>gendum</strong></span> <span class='ocrx_word' id='word_1_182' title='bbox 533 2461 616 2506; x_wconf 88' lang='lat' dir='ltr'><strong>est</strong></span> <span class='ocrx_word' id='word_1_183' title='bbox 646 2457 786 2520; x_wconf 91' lang='lat' dir='ltr'><strong>quod</strong></span> <span class='ocrx_word' id='word_1_184' title='bbox 838 2453 936 2519; x_wconf 84' lang='lat' dir='ltr'><strong>ait,</strong></span> <span class='ocrx_word' id='word_1_185' title='bbox 986 2454 1113 2522; x_wconf 85' lang='lat' dir='ltr'><strong>quia</strong></span> <span class='ocrx_word' id='word_1_186' title='bbox 1147 2471 1166 2505; x_wconf 77' lang='grc' dir='ltr'><strong>ι</strong></span> <span class='ocrx_word' id='word_1_187' title='bbox 1222 2453 1380 2508; x_wconf 87' lang='lat' dir='ltr'><strong>Pater</strong></span> <span class='ocrx_word' id='word_1_188' title='bbox 1411 2453 1464 2506; x_wconf 88' lang='lat' dir='ltr'><strong>itt</strong></span> <span class='ocrx_word' id='word_1_189' title='bbox 1517 2469 1601 2508; x_wconf 86' lang='lat' dir='ltr'><strong>me</strong></span> <span class='ocrx_word' id='word_1_190' title='bbox 1637 2463 1741 2518; x_wconf 82' lang='lat' dir='ltr'><strong>est,</strong></span> <span class='ocrx_word' id='word_1_191' title='bbox 1777 2464 1833 2509; x_wconf 87' lang='lat' dir='ltr'><strong>et</strong></span> 
     </span>
    </p>
   </div>
   <div class='ocr_carea' id='block_1_27' title="bbox 265 2541 788 2610">
    <p class='ocr_par' dir='ltr' id='par_1_27' title="bbox 265 2541 788 2610">
     <span class='ocr_line' id='line_1_27' title="bbox 265 2541 788 2610; baseline -0.004 -15"><span class='ocrx_word' id='word_1_192' title='bbox 265 2556 372 2610; x_wconf 86' lang='lat' dir='ltr'><strong>ego</strong></span> <span class='ocrx_word' id='word_1_193' title='bbox 404 2543 456 2596; x_wconf 93' lang='lat' dir='ltr'><strong>in</strong></span> <span class='ocrx_word' id='word_1_194' title='bbox 492 2542 652 2597; x_wconf 88' lang='lat' dir='ltr'><strong>Patre</strong></span> <span class='ocrx_word' id='word_1_195' title='bbox 669 2541 738 2596; x_wconf 73' lang='lat'><strong>“.</strong></span> <span class='ocrx_word' id='word_1_196' title='bbox 771 2561 788 2593; x_wconf 79' lang='grc' dir='ltr'><strong>ι</strong></span> 
     </span>
    </p>
   </div>
   <div class='ocr_carea' id='block_1_28' title="bbox 341 2631 1832 2701">
    <p class='ocr_par' dir='ltr' id='par_1_28' title="bbox 341 2631 1832 2701">
     <span class='ocr_line' id='line_1_28' title="bbox 341 2631 1832 2701; baseline 0.001 -14"><span class='ocrx_word' id='word_1_197' title='bbox 341 2633 408 2687; x_wconf 82' lang='grc'>9.</span> <span class='ocrx_word' id='word_1_198' title='bbox 437 2631 730 2686; x_wconf 77' lang='lat' dir='ltr'><strong>Videamus</strong></span> <span class='ocrx_word' id='word_1_199' title='bbox 757 2648 900 2686; x_wconf 90' lang='lat' dir='ltr'><strong>nunc</strong></span> <span class='ocrx_word' id='word_1_200' title='bbox 940 2633 1107 2686; x_wconf 87' lang='lat' dir='ltr'><strong>etiam</strong></span> <span class='ocrx_word' id='word_1_201' title='bbox 1142 2633 1271 2685; x_wconf 91' lang='lat' dir='ltr'><strong>illud</strong></span> <span class='ocrx_word' id='word_1_202' title='bbox 1309 2633 1542 2701; x_wconf 86' lang='lat' dir='ltr'><strong>qualiter</strong></span> <span class='ocrx_word' id='word_1_203' title='bbox 1591 2636 1832 2688; x_wconf 82' lang='lat' dir='ltr'><strong>sentien—</strong></span> 
     </span>
    </p>
   </div>
   <div class='ocr_carea' id='block_1_29' title="bbox 263 2719 1836 2792">
    <p class='ocr_par' dir='ltr' id='par_1_29' title="bbox 263 2719 1836 2792">
     <span class='ocr_line' id='line_1_29' title="bbox 263 2719 1836 2792; baseline 0.001 -16"><span class='ocrx_word' id='word_1_204' title='bbox 263 2723 408 2776; x_wconf 90' lang='lat' dir='ltr'><strong>dum</strong></span> <span class='ocrx_word' id='word_1_205' title='bbox 434 2731 538 2785; x_wconf 90' lang='lat' dir='ltr'><strong>est,</strong></span> <span class='ocrx_word' id='word_1_206' title='bbox 562 2723 702 2789; x_wconf 90' lang='lat' dir='ltr'><strong>quod</strong></span> <span class='ocrx_word' id='word_1_207' title='bbox 735 2723 786 2775; x_wconf 92' lang='lat' dir='ltr'><strong>in</strong></span> <span class='ocrx_word' id='word_1_208' title='bbox 823 2719 1096 2790; x_wconf 89' lang='lat' dir='ltr'><strong>Sapientia</strong></span> <span class='ocrx_word' id='word_1_209' title='bbox 1130 2721 1440 2777; x_wconf 91' lang='lat' dir='ltr'><strong>Salomonis</strong></span> <span class='ocrx_word' id='word_1_210' title='bbox 1485 2724 1743 2792; x_wconf 89' lang='lat' dir='ltr'><strong>scriptum</strong></span> <span class='ocrx_word' id='word_1_211' title='bbox 1764 2724 1836 2779; x_wconf 83' lang='lat' dir='ltr'><strong>le-</strong></span> 
     </span>
    </p>
   </div>
   <div class='ocr_carea' id='block_1_30' title="bbox 266 2809 1836 2883">
    <p class='ocr_par' dir='ltr' id='par_1_30' title="bbox 266 2809 1836 2883">
     <span class='ocr_line' id='line_1_30' title="bbox 266 2809 1836 2883; baseline 0.004 -23"><span class='ocrx_word' id='word_1_212' title='bbox 266 2809 475 2878; x_wconf 85' lang='lat' dir='ltr'><strong>gimus,</strong></span> <span class='ocrx_word' id='word_1_213' title='bbox 517 2811 607 2878; x_wconf 92' lang='lat' dir='ltr'><strong>qui</strong></span> <span class='ocrx_word' id='word_1_214' title='bbox 647 2809 716 2862; x_wconf 89' lang='lat' dir='ltr'><strong>ita</strong></span> <span class='ocrx_word' id='word_1_215' title='bbox 745 2809 822 2862; x_wconf 91' lang='lat' dir='ltr'><strong>ait</strong></span> <span class='ocrx_word' id='word_1_216' title='bbox 851 2809 918 2864; x_wconf 90' lang='lat' dir='ltr'><strong>de</strong></span> <span class='ocrx_word' id='word_1_217' title='bbox 969 2810 1260 2879; x_wconf 84' lang='lat' dir='ltr'><strong>sapientia,</strong></span> <span class='ocrx_word' id='word_1_218' title='bbox 1305 2811 1428 2880; x_wconf 92' lang='lat' dir='ltr'><strong>quia</strong></span> <span class='ocrx_word' id='word_1_219' title='bbox 1489 2829 1510 2864; x_wconf 77' lang='grc' dir='ltr'><strong>ι</strong></span> <span class='ocrx_word' id='word_1_220' title='bbox 1553 2827 1720 2883; x_wconf 90' lang='lat' dir='ltr'><strong>vapor</strong></span> <span class='ocrx_word' id='word_1_221' title='bbox 1752 2823 1836 2867; x_wconf 90' lang='lat' dir='ltr'><strong>est</strong></span> 
     </span>
    </p>
   </div>
   <div class='ocr_carea' id='block_1_31' title="bbox 261 2901 1836 2974">
    <p class='ocr_par' dir='ltr' id='par_1_31' title="bbox 261 2901 1836 2974">
     <span class='ocr_line' id='line_1_31' title="bbox 261 2901 1836 2974; baseline 0.003 -20"><span class='ocrx_word' id='word_1_222' title='bbox 261 2901 492 2972; x_wconf 85' lang='lat' dir='ltr'><strong>quidam</strong></span> <span class='ocrx_word' id='word_1_223' title='bbox 519 2901 629 2972; x_wconf 73' lang='lat'><strong>(54)</strong></span> <span class='ocrx_word' id='word_1_224' title='bbox 657 2901 867 2955; x_wconf 87' lang='lat' dir='ltr'><strong>virtutis</strong></span> <span class='ocrx_word' id='word_1_225' title='bbox 898 2902 1016 2964; x_wconf 88' lang='lat' dir='ltr'><strong>Dei,</strong></span> <span class='ocrx_word' id='word_1_226' title='bbox 1047 2912 1101 2956; x_wconf 94' lang='lat' dir='ltr'><strong>et</strong></span> <span class='ocrx_word' id='word_1_227' title='bbox 1123 2903 1417 2967; x_wconf 71' lang='lat' dir='ltr'><strong>aporrhma</strong></span> <span class='ocrx_word' id='word_1_228' title='bbox 1445 2904 1836 2974; x_wconf 89' lang='lat' dir='ltr'><strong>omnipotentis</strong></span> 
     </span>
    </p>
   </div>
   <div class='ocr_carea' id='block_1_32' title="bbox 265 2989 1824 3062">
    <p class='ocr_par' dir='ltr' id='par_1_32' title="bbox 265 2989 1824 3062">
     <span class='ocr_line' id='line_1_32' title="bbox 265 2989 1824 3062; baseline 0.002 -19"><span class='ocrx_word' id='word_1_229' title='bbox 265 2989 460 3061; x_wconf 68' lang='lat' dir='ltr'><strong>gloria:</strong></span> <span class='ocrx_word' id='word_1_230' title='bbox 489 2991 804 3059; x_wconf 89' lang='lat' dir='ltr'><strong>purissima,</strong></span> <span class='ocrx_word' id='word_1_231' title='bbox 836 2999 890 3044; x_wconf 88' lang='lat' dir='ltr'><strong>et</strong></span> <span class='ocrx_word' id='word_1_232' title='bbox 919 2991 1172 3059; x_wconf 89' lang='lat' dir='ltr'><strong>splendor</strong></span> <span class='ocrx_word' id='word_1_233' title='bbox 1200 2990 1334 3046; x_wconf 92' lang='lat' dir='ltr'><strong>lucis</strong></span> <span class='ocrx_word' id='word_1_234' title='bbox 1357 3000 1593 3058; x_wconf 65' lang='lat' dir='ltr'><strong>aeternae,</strong></span> <span class='ocrx_word' id='word_1_235' title='bbox 1627 3001 1680 3046; x_wconf 89' lang='lat' dir='ltr'><strong>et</strong></span> <span class='ocrx_word' id='word_1_236' title='bbox 1703 3007 1824 3062; x_wconf 89' lang='lat' dir='ltr'><strong>spe-</strong></span> 
     </span>
    </p>
   </div>
   <div class='ocr_carea' id='block_1_33' title="bbox 265 3080 1898 3173">
    <p class='ocr_par' dir='ltr' id='par_1_33' title="bbox 265 3080 1898 3173">
     <span class='ocr_line' id='line_1_33' title="bbox 265 3080 1898 3173; baseline -0.001 -36"><span class='ocrx_word' id='word_1_237' title='bbox 265 3083 451 3137; x_wconf 90' lang='lat' dir='ltr'><strong>culum</strong></span> <span class='ocrx_word' id='word_1_238' title='bbox 478 3080 879 3136; x_wconf 88' lang='lat' dir='ltr'><strong>immaculatum</strong></span> <span class='ocrx_word' id='word_1_239' title='bbox 907 3081 1293 3150; x_wconf 88' lang='lat' dir='ltr'><strong>inoperationis</strong></span> <span class='ocrx_word' id='word_1_240' title='bbox 1317 3083 1436 3137; x_wconf 83' lang='lat' dir='ltr'><strong>sive</strong></span> <span class='ocrx_word' id='word_1_241' title='bbox 1473 3085 1689 3138; x_wconf 90' lang='lat' dir='ltr'><strong>virtutis</strong></span> <span class='ocrx_word' id='word_1_242' title='bbox 1714 3083 1824 3148; x_wconf 85' lang='lat' dir='ltr'><strong>Dei,</strong></span> <span class='ocrx_word' id='word_1_243' title='bbox 1853 3113 1898 3173; x_wconf 67' lang='grc' dir='ltr'><em>α</em></span> 
     </span>
    </p>
   </div>
   <div class='ocr_carea' id='block_1_34' title="bbox 264 3171 1828 3246">
    <p class='ocr_par' dir='ltr' id='par_1_34' title="bbox 264 3171 1828 3246">
     <span class='ocr_line' id='line_1_34' title="bbox 264 3171 1828 3246; baseline 0.003 -21"><span class='ocrx_word' id='word_1_244' title='bbox 264 3181 315 3226; x_wconf 92' lang='lat' dir='ltr'><strong>ct</strong></span> <span class='ocrx_word' id='word_1_245' title='bbox 347 3175 528 3246; x_wconf 89' lang='lat' dir='ltr'><strong>imago</strong></span> <span class='ocrx_word' id='word_1_246' title='bbox 566 3174 822 3230; x_wconf 91' lang='lat' dir='ltr'><strong>bonitatis</strong></span> <span class='ocrx_word' id='word_1_247' title='bbox 862 3171 1058 3242; x_wconf 74' lang='lat' dir='ltr'><strong>eius&quot;.</strong></span> <span class='ocrx_word' id='word_1_248' title='bbox 1090 3190 1108 3224; x_wconf 82' lang='grc' dir='ltr'><strong>ι</strong></span> <span class='ocrx_word' id='word_1_249' title='bbox 1159 3172 1286 3239; x_wconf 84' lang='lat' dir='ltr'><strong>Quae</strong></span> <span class='ocrx_word' id='word_1_250' title='bbox 1323 3189 1452 3244; x_wconf 90' lang='lat' dir='ltr'><strong>ergo</strong></span> <span class='ocrx_word' id='word_1_251' title='bbox 1485 3174 1572 3228; x_wconf 92' lang='lat' dir='ltr'><strong>hic</strong></span> <span class='ocrx_word' id='word_1_252' title='bbox 1616 3175 1683 3228; x_wconf 93' lang='lat' dir='ltr'><strong>de</strong></span> <span class='ocrx_word' id='word_1_253' title='bbox 1721 3176 1828 3229; x_wconf 90' lang='lat' dir='ltr'><strong>Deo</strong></span> 
     </span>
    </p>
   </div>
   <div class='ocr_carea' id='block_1_35' title="bbox 273 3265 1827 3337">
    <p class='ocr_par' dir='ltr' id='par_1_35' title="bbox 273 3265 1827 3337">
     <span class='ocr_line' id='line_1_35' title="bbox 273 3265 1827 3337; baseline -0.002 -16"><span class='ocrx_word' id='word_1_254' title='bbox 273 3266 482 3333; x_wconf 81' lang='lat' dir='ltr'><strong>deﬁnit,</strong></span> <span class='ocrx_word' id='word_1_255' title='bbox 512 3283 578 3321; x_wconf 79' lang='lat' dir='ltr'><strong>ex</strong></span> <span class='ocrx_word' id='word_1_256' title='bbox 623 3265 861 3334; x_wconf 59' lang='lat' dir='ltr'><strong>(singulis</strong></span> <span class='ocrx_word' id='word_1_257' title='bbox 906 3265 1205 3333; x_wconf 90' lang='lat' dir='ltr'><strong>quibusque</strong></span> <span class='ocrx_word' id='word_1_258' title='bbox 1244 3275 1388 3319; x_wconf 87' lang='lat' dir='ltr'><strong>certa</strong></span> <span class='ocrx_word' id='word_1_259' title='bbox 1437 3266 1681 3333; x_wconf 68' lang='lat' dir='ltr'><strong>quaedam</strong></span> <span class='ocrx_word' id='word_1_260' title='bbox 1723 3265 1827 3337; x_wconf 80' lang='lat'><strong>57</strong></span> 
     </span>
    </p>
   </div>
   <div class='ocr_carea' id='block_1_36' title="bbox 275 3355 1830 3426">
    <p class='ocr_par' dir='ltr' id='par_1_36' title="bbox 275 3355 1830 3426">
     <span class='ocr_line' id='line_1_36' title="bbox 275 3355 1830 3426; baseline 0 -16"><span class='ocrx_word' id='word_1_261' title='bbox 275 3359 452 3412; x_wconf 88' lang='lat' dir='ltr'><strong>iaesse</strong></span> <span class='ocrx_word' id='word_1_262' title='bbox 510 3357 788 3425; x_wconf 77' lang='lat' dir='ltr'><strong>sapientiae</strong></span> <span class='ocrx_word' id='word_1_263' title='bbox 830 3355 924 3409; x_wconf 90' lang='lat' dir='ltr'><strong>Dei</strong></span> <span class='ocrx_word' id='word_1_264' title='bbox 968 3355 1214 3425; x_wconf 88' lang='lat' dir='ltr'><strong>designat</strong></span> <span class='ocrx_word' id='word_1_265' title='bbox 1261 3355 1550 3410; x_wconf 88' lang='lat' dir='ltr'><strong>:virtutem</strong></span> <span class='ocrx_word' id='word_1_266' title='bbox 1597 3371 1830 3426; x_wconf 84' lang='lat' dir='ltr'><strong>namque</strong></span> 
     </span>
    </p>
   </div>
   <div class='ocr_carea' id='block_1_37' title="bbox 274 3445 1828 3517">
    <p class='ocr_par' dir='ltr' id='par_1_37' title="bbox 274 3445 1828 3517">
     <span class='ocr_line' id='line_1_37' title="bbox 274 3445 1828 3517; baseline -0.002 -13"><span class='ocrx_word' id='word_1_267' title='bbox 274 3451 362 3506; x_wconf 90' lang='lat' dir='ltr'><strong>Dei</strong></span> <span class='ocrx_word' id='word_1_268' title='bbox 395 3450 661 3512; x_wconf 88' lang='lat' dir='ltr'><strong>nominat,</strong></span> <span class='ocrx_word' id='word_1_269' title='bbox 691 3459 745 3503; x_wconf 91' lang='lat' dir='ltr'><strong>et</strong></span> <span class='ocrx_word' id='word_1_270' title='bbox 777 3447 1002 3517; x_wconf 88' lang='lat' dir='ltr'><strong>gloriam</strong></span> <span class='ocrx_word' id='word_1_271' title='bbox 1030 3456 1084 3500; x_wconf 90' lang='lat' dir='ltr'><strong>et</strong></span> <span class='ocrx_word' id='word_1_272' title='bbox 1116 3445 1290 3501; x_wconf 91' lang='lat' dir='ltr'><strong>lucem</strong></span> <span class='ocrx_word' id='word_1_273' title='bbox 1321 3457 1602 3511; x_wconf 72' lang='lat' dir='ltr'><strong>aeternam,</strong></span> <span class='ocrx_word' id='word_1_274' title='bbox 1629 3457 1682 3500; x_wconf 92' lang='lat' dir='ltr'><strong>et</strong></span> <span class='ocrx_word' id='word_1_275' title='bbox 1711 3447 1828 3503; x_wconf 88' lang='lat' dir='ltr'><strong>ino-</strong></span> 
     </span>
    </p>
   </div>
   <div class='ocr_carea' id='block_1_38' title="bbox 273 3537 1824 3612">
    <p class='ocr_par' dir='ltr' id='par_1_38' title="bbox 273 3537 1824 3612">
     <span class='ocr_line' id='line_1_38' title="bbox 273 3537 1824 3612; baseline -0.003 -18"><span class='ocrx_word' id='word_1_276' title='bbox 273 3541 613 3612; x_wconf 88' lang='lat' dir='ltr'><strong>peratiouem</strong></span> <span class='ocrx_word' id='word_1_277' title='bbox 658 3549 713 3593; x_wconf 90' lang='lat' dir='ltr'><strong>et</strong></span> <span class='ocrx_word' id='word_1_278' title='bbox 761 3538 1080 3593; x_wconf 87' lang='lat' dir='ltr'><strong>bonitatem.</strong></span> <span class='ocrx_word' id='word_1_279' title='bbox 1124 3537 1214 3590; x_wconf 84' lang='lat' dir='ltr'><strong>Ait</strong></span> <span class='ocrx_word' id='word_1_280' title='bbox 1270 3545 1449 3590; x_wconf 90' lang='lat' dir='ltr'><strong>autem</strong></span> <span class='ocrx_word' id='word_1_281' title='bbox 1504 3537 1824 3606; x_wconf 88' lang='lat' dir='ltr'><strong>sapientiam</strong></span> 
     </span>
    </p>
   </div>
   <div class='ocr_carea' id='block_1_39' title="bbox 274 3627 1823 3701">
    <p class='ocr_par' dir='ltr' id='par_1_39' title="bbox 274 3627 1823 3701">
     <span class='ocr_line' id='line_1_39' title="bbox 274 3627 1823 3701; baseline 0 -18"><span class='ocrx_word' id='word_1_282' title='bbox 274 3647 527 3701; x_wconf 83' lang='lat' dir='ltr'><strong>vaporem</strong></span> <span class='ocrx_word' id='word_1_283' title='bbox 570 3645 690 3684; x_wconf 90' lang='lat' dir='ltr'><strong>esse</strong></span> <span class='ocrx_word' id='word_1_284' title='bbox 748 3645 853 3685; x_wconf 91' lang='lat' dir='ltr'><strong>non</strong></span> <span class='ocrx_word' id='word_1_285' title='bbox 909 3628 1090 3698; x_wconf 70' lang='lat' dir='ltr'><strong>gloriae</strong></span> <span class='ocrx_word' id='word_1_286' title='bbox 1146 3627 1593 3696; x_wconf 88' lang='lat' dir='ltr'><strong>Omnipotcntis,</strong></span> <span class='ocrx_word' id='word_1_287' title='bbox 1648 3641 1823 3699; x_wconf 92' lang='lat' dir='ltr'><strong>neque</strong></span> 
     </span>
    </p>
   </div>
   <div class='ocr_carea' id='block_1_40' title="bbox 277 3719 1824 3790">
    <p class='ocr_par' dir='ltr' id='par_1_40' title="bbox 277 3719 1824 3790">
     <span class='ocr_line' id='line_1_40' title="bbox 277 3719 1824 3790; baseline -0.001 -14"><span class='ocrx_word' id='word_1_288' title='bbox 277 3737 490 3779; x_wconf 69' lang='lat' dir='ltr'><strong>arternze</strong></span> <span class='ocrx_word' id='word_1_289' title='bbox 520 3722 678 3786; x_wconf 92' lang='lat' dir='ltr'><strong>lucis,</strong></span> <span class='ocrx_word' id='word_1_290' title='bbox 709 3737 808 3776; x_wconf 90' lang='lat' dir='ltr'><strong>nec</strong></span> <span class='ocrx_word' id='word_1_291' title='bbox 838 3719 1228 3790; x_wconf 88' lang='lat' dir='ltr'><strong>inoperationis</strong></span> <span class='ocrx_word' id='word_1_292' title='bbox 1254 3719 1454 3786; x_wconf 82' lang='lat' dir='ltr'><strong>Patris,</strong></span> <span class='ocrx_word' id='word_1_293' title='bbox 1492 3735 1592 3776; x_wconf 90' lang='lat' dir='ltr'><strong>nec</strong></span> <span class='ocrx_word' id='word_1_294' title='bbox 1614 3721 1824 3776; x_wconf 64' lang='lat' dir='ltr'><strong>bonitao</strong></span> 
     </span>
    </p>
   </div>
   <div class='ocr_carea' id='block_1_41' title="bbox 276 3813 1820 3889">
    <p class='ocr_par' dir='ltr' id='par_1_41' title="bbox 276 3813 1820 3889">
     <span class='ocr_line' id='line_1_41' title="bbox 276 3813 1820 3889; baseline -0.001 -18"><span class='ocrx_word' id='word_1_295' title='bbox 276 3820 342 3872; x_wconf 89' lang='lat' dir='ltr'><strong>tis</strong></span> <span class='ocrx_word' id='word_1_296' title='bbox 368 3819 527 3889; x_wconf 85' lang='lat' dir='ltr'><strong>ejus;</strong></span> <span class='ocrx_word' id='word_1_297' title='bbox 565 3830 739 3885; x_wconf 90' lang='lat' dir='ltr'><strong>neque</strong></span> <span class='ocrx_word' id='word_1_298' title='bbox 770 3815 914 3870; x_wconf 90' lang='lat' dir='ltr'><strong>enim</strong></span> <span class='ocrx_word' id='word_1_299' title='bbox 943 3815 1272 3869; x_wconf 86' lang='lat' dir='ltr'><strong>conveniens</strong></span> <span class='ocrx_word' id='word_1_300' title='bbox 1298 3822 1414 3868; x_wconf 90' lang='lat' dir='ltr'><strong>erat</strong></span> <span class='ocrx_word' id='word_1_301' title='bbox 1440 3813 1598 3868; x_wconf 89' lang='lat' dir='ltr'><strong>alicui</strong></span> <span class='ocrx_word' id='word_1_302' title='bbox 1630 3815 1820 3870; x_wconf 89' lang='lat' dir='ltr'><strong>horum</strong></span> 
     </span>
    </p>
   </div>
   <div class='ocr_carea' id='block_1_42' title="bbox 273 3906 1820 3979">
    <p class='ocr_par' dir='ltr' id='par_1_42' title="bbox 273 3906 1820 3979">
     <span class='ocr_line' id='line_1_42' title="bbox 273 3906 1820 3979; baseline -0.001 -15"><span class='ocrx_word' id='word_1_303' title='bbox 273 3911 473 3966; x_wconf 85' lang='lat' dir='ltr'><strong>ascribi</strong></span> <span class='ocrx_word' id='word_1_304' title='bbox 523 3923 813 3979; x_wconf 88' lang='lat' dir='ltr'><strong>vaporem;</strong></span> <span class='ocrx_word' id='word_1_305' title='bbox 862 3908 955 3963; x_wconf 91' lang='lat' dir='ltr'><strong>sed</strong></span> <span class='ocrx_word' id='word_1_306' title='bbox 979 3921 1099 3961; x_wconf 91' lang='lat' dir='ltr'><strong>cum</strong></span> <span class='ocrx_word' id='word_1_307' title='bbox 1147 3906 1294 3960; x_wconf 91' lang='lat' dir='ltr'><strong>omni</strong></span> <span class='ocrx_word' id='word_1_308' title='bbox 1347 3906 1675 3976; x_wconf 87' lang='lat' dir='ltr'><strong>proprietate</strong></span> <span class='ocrx_word' id='word_1_309' title='bbox 1709 3907 1820 3977; x_wconf 85' lang='lat'><strong>(55)</strong></span> 
     </span>
    </p>
   </div>
   <div class='ocr_carea' id='block_1_43' title="bbox 1943 536 3486 610">
    <p class='ocr_par' dir='ltr' id='par_1_43' title="bbox 1943 536 3486 610">
     <span class='ocr_line' id='line_1_43' title="bbox 1943 536 3486 610; baseline 0.002 -21"><span class='ocrx_word' id='word_1_310' title='bbox 1943 536 2112 602; x_wconf 87' lang='lat' dir='ltr'><strong>geuda</strong></span> <span class='ocrx_word' id='word_1_311' title='bbox 2152 545 2381 606; x_wconf 90' lang='lat' dir='ltr'><strong>estergo</strong></span> <span class='ocrx_word' id='word_1_312' title='bbox 2415 540 2587 592; x_wconf 91' lang='lat' dir='ltr'><strong>virtus</strong></span> <span class='ocrx_word' id='word_1_313' title='bbox 2634 539 2746 600; x_wconf 88' lang='lat' dir='ltr'><strong>Dei,</strong></span> <span class='ocrx_word' id='word_1_314' title='bbox 2795 555 2898 609; x_wconf 91' lang='lat' dir='ltr'><strong>qua</strong></span> <span class='ocrx_word' id='word_1_315' title='bbox 2937 541 3112 609; x_wconf 88' lang='lat' dir='ltr'><strong>viget,</strong></span> <span class='ocrx_word' id='word_1_316' title='bbox 3170 557 3273 610; x_wconf 89' lang='lat' dir='ltr'><strong>qua</strong></span> <span class='ocrx_word' id='word_1_317' title='bbox 3303 541 3486 592; x_wconf 81' lang='lat' dir='ltr'><strong>omnia</strong></span> 
     </span>
    </p>
   </div>
   <div class='ocr_carea' id='block_1_44' title="bbox 1941 625 3491 695">
    <p class='ocr_par' dir='ltr' id='par_1_44' title="bbox 1941 625 3491 695">
     <span class='ocr_line' id='line_1_44' title="bbox 1941 625 3491 695; baseline 0.003 -19"><span class='ocrx_word' id='word_1_318' title='bbox 1941 625 2174 680; x_wconf 89' lang='lat' dir='ltr'><strong>visibilia</strong></span> <span class='ocrx_word' id='word_1_319' title='bbox 2203 636 2258 680; x_wconf 88' lang='lat' dir='ltr'><strong>et</strong></span> <span class='ocrx_word' id='word_1_320' title='bbox 2282 626 2574 682; x_wconf 87' lang='lat' dir='ltr'><strong>invisibilia</strong></span> <span class='ocrx_word' id='word_1_321' title='bbox 2605 628 2690 680; x_wconf 87' lang='lat' dir='ltr'><strong>vel</strong></span> <span class='ocrx_word' id='word_1_322' title='bbox 2720 628 2988 695; x_wconf 90' lang='lat' dir='ltr'><strong>instituit,</strong></span> <span class='ocrx_word' id='word_1_323' title='bbox 3012 629 3093 682; x_wconf 88' lang='lat' dir='ltr'><strong>vel</strong></span> <span class='ocrx_word' id='word_1_324' title='bbox 3118 629 3375 691; x_wconf 83' lang='lat' dir='ltr'><strong>continet,</strong></span> <span class='ocrx_word' id='word_1_325' title='bbox 3406 625 3491 682; x_wconf 91' lang='lat' dir='ltr'><strong>vel</strong></span> 
     </span>
    </p>
   </div>
   <div class='ocr_carea' id='block_1_45' title="bbox 1939 717 3491 789">
    <p class='ocr_par' dir='ltr' id='par_1_45' title="bbox 1939 717 3491 789">
     <span class='ocr_line' id='line_1_45' title="bbox 1939 717 3491 789; baseline 0.005 -24"><span class='ocrx_word' id='word_1_326' title='bbox 1939 717 2356 785; x_wconf 74' lang='lat' dir='ltr'><strong>gubernat,qute</strong></span> <span class='ocrx_word' id='word_1_327' title='bbox 2383 719 2449 772; x_wconf 91' lang='lat' dir='ltr'><strong>ad</strong></span> <span class='ocrx_word' id='word_1_328' title='bbox 2477 718 2650 772; x_wconf 87' lang='lat' dir='ltr'><strong>omnia</strong></span> <span class='ocrx_word' id='word_1_329' title='bbox 2677 719 2946 774; x_wconf 82' lang='lat' dir='ltr'><strong>suﬂicicus</strong></span> <span class='ocrx_word' id='word_1_330' title='bbox 2974 730 3073 783; x_wconf 88' lang='lat' dir='ltr'><strong>est,</strong></span> <span class='ocrx_word' id='word_1_331' title='bbox 3107 735 3336 789; x_wconf 91' lang='lat' dir='ltr'><strong>quorum</strong></span> <span class='ocrx_word' id='word_1_332' title='bbox 3365 735 3491 788; x_wconf 89' lang='lat' dir='ltr'><strong>pro-</strong></span> 
     </span>
    </p>
   </div>
   <div class='ocr_carea' id='block_1_46' title="bbox 1937 807 3489 877">
    <p class='ocr_par' dir='ltr' id='par_1_46' title="bbox 1937 807 3489 877">
     <span class='ocr_line' id='line_1_46' title="bbox 1937 807 3489 877; baseline 0.005 -18"><span class='ocrx_word' id='word_1_333' title='bbox 1937 807 2233 860; x_wconf 87' lang='lat' dir='ltr'><strong>videntiam</strong></span> <span class='ocrx_word' id='word_1_334' title='bbox 2284 809 2442 877; x_wconf 86' lang='lat' dir='ltr'><strong>gerit,</strong></span> <span class='ocrx_word' id='word_1_335' title='bbox 2497 808 2712 877; x_wconf 89' lang='lat' dir='ltr'><strong>quibus,</strong></span> <span class='ocrx_word' id='word_1_336' title='bbox 2768 811 2908 865; x_wconf 90' lang='lat' dir='ltr'><strong>velut</strong></span> <span class='ocrx_word' id='word_1_337' title='bbox 2973 811 3084 875; x_wconf 88' lang='lat' dir='ltr'><strong>uni,</strong></span> <span class='ocrx_word' id='word_1_338' title='bbox 3124 814 3196 864; x_wconf 89' lang='lat' dir='ltr'><strong>ita</strong></span> <span class='ocrx_word' id='word_1_339' title='bbox 3235 813 3489 867; x_wconf 87' lang='lat' dir='ltr'><strong>omnibus</strong></span> 
     </span>
    </p>
   </div>
   <div class='ocr_carea' id='block_1_47' title="bbox 1940 899 3486 968">
    <p class='ocr_par' dir='ltr' id='par_1_47' title="bbox 1940 899 3486 968">
     <span class='ocr_line' id='line_1_47' title="bbox 1940 899 3486 968; baseline 0.003 -15"><span class='ocrx_word' id='word_1_340' title='bbox 1940 901 2109 955; x_wconf 89' lang='lat' dir='ltr'><strong>adest.</strong></span> <span class='ocrx_word' id='word_1_341' title='bbox 2146 899 2312 967; x_wconf 86' lang='lat' dir='ltr'><strong>Hujus</strong></span> <span class='ocrx_word' id='word_1_342' title='bbox 2335 915 2463 968; x_wconf 87' lang='lat' dir='ltr'><strong>ergo</strong></span> <span class='ocrx_word' id='word_1_343' title='bbox 2504 901 2664 954; x_wconf 85' lang='lat' dir='ltr'><strong>totius</strong></span> <span class='ocrx_word' id='word_1_344' title='bbox 2699 903 2914 956; x_wconf 88' lang='lat' dir='ltr'><strong>virtutis</strong></span> <span class='ocrx_word' id='word_1_345' title='bbox 2953 912 3110 956; x_wconf 74' lang='lat' dir='ltr'><strong>tanta:</strong></span> <span class='ocrx_word' id='word_1_346' title='bbox 3154 915 3208 956; x_wconf 90' lang='lat' dir='ltr'><strong>et</strong></span> <span class='ocrx_word' id='word_1_347' title='bbox 3253 915 3358 958; x_wconf 88' lang='lat' dir='ltr'><strong>lam</strong></span> <span class='ocrx_word' id='word_1_348' title='bbox 3384 904 3486 958; x_wconf 76' lang='lat' dir='ltr'><strong>im—</strong></span> 
     </span>
    </p>
   </div>
   <div class='ocr_carea' id='block_1_48' title="bbox 1939 997 3488 1068">
    <p class='ocr_par' dir='ltr' id='par_1_48' title="bbox 1939 997 3488 1068">
     <span class='ocr_line' id='line_1_48' title="bbox 1939 997 3488 1068; baseline 0.005 -22"><span class='ocrx_word' id='word_1_349' title='bbox 1939 1012 2134 1050; x_wconf 77' lang='lat' dir='ltr'><strong>meusae</strong></span> <span class='ocrx_word' id='word_1_350' title='bbox 2166 1011 2353 1065; x_wconf 87' lang='lat' dir='ltr'><strong>vapor,</strong></span> <span class='ocrx_word' id='word_1_351' title='bbox 2392 1006 2464 1058; x_wconf 90' lang='lat' dir='ltr'><strong>et,</strong></span> <span class='ocrx_word' id='word_1_352' title='bbox 2497 1006 2554 1048; x_wconf 88' lang='grc' dir='ltr'><strong>ιιι</strong></span> <span class='ocrx_word' id='word_1_353' title='bbox 2587 997 2659 1050; x_wconf 91' lang='lat' dir='ltr'><strong>ita</strong></span> <span class='ocrx_word' id='word_1_354' title='bbox 2697 997 2895 1060; x_wconf 90' lang='lat' dir='ltr'><strong>dicam,</strong></span> <span class='ocrx_word' id='word_1_355' title='bbox 2937 999 3093 1066; x_wconf 85' lang='lat' dir='ltr'><strong>vigor</strong></span> <span class='ocrx_word' id='word_1_356' title='bbox 3126 999 3237 1066; x_wconf 88' lang='lat' dir='ltr'><strong>ipse</strong></span> <span class='ocrx_word' id='word_1_357' title='bbox 3276 999 3327 1053; x_wconf 92' lang='lat' dir='ltr'><strong>in</strong></span> <span class='ocrx_word' id='word_1_358' title='bbox 3364 1015 3488 1068; x_wconf 87' lang='lat' dir='ltr'><strong>pro-</strong></span> 
     </span>
    </p>
   </div>
   <div class='ocr_carea' id='block_1_49' title="bbox 1935 1085 3488 1158">
    <p class='ocr_par' dir='ltr' id='par_1_49' title="bbox 1935 1085 3488 1158">
     <span class='ocr_line' id='line_1_49' title="bbox 1935 1085 3488 1158; baseline 0.005 -20"><span class='ocrx_word' id='word_1_359' title='bbox 1935 1087 2052 1156; x_wconf 87' lang='lat' dir='ltr'><strong>pria</strong></span> <span class='ocrx_word' id='word_1_360' title='bbox 2086 1087 2442 1142; x_wconf 82' lang='lat' dir='ltr'><strong>subsistentia</strong></span> <span class='ocrx_word' id='word_1_361' title='bbox 2482 1085 2738 1152; x_wconf 75' lang='lat' dir='ltr'><strong>cﬂ‘ectus,</strong></span> <span class='ocrx_word' id='word_1_362' title='bbox 2769 1089 3013 1156; x_wconf 90' lang='lat' dir='ltr'><strong>quamvis</strong></span> <span class='ocrx_word' id='word_1_363' title='bbox 3045 1105 3109 1142; x_wconf 73' lang='lat' dir='ltr'><strong>ex</strong></span> <span class='ocrx_word' id='word_1_364' title='bbox 3149 1091 3258 1158; x_wconf 88' lang='lat' dir='ltr'><strong>ipsa</strong></span> <span class='ocrx_word' id='word_1_365' title='bbox 3290 1092 3488 1145; x_wconf 87' lang='lat' dir='ltr'><strong>virtute</strong></span> 
     </span>
    </p>
   </div>
   <div class='ocr_carea' id='block_1_50' title="bbox 1933 1174 3488 1247">
    <p class='ocr_par' dir='ltr' id='par_1_50' title="bbox 1933 1174 3488 1247">
     <span class='ocr_line' id='line_1_50' title="bbox 1933 1174 3488 1247; baseline 0.005 -21"><span class='ocrx_word' id='word_1_366' title='bbox 1933 1174 2082 1227; x_wconf 88' lang='lat' dir='ltr'><strong>velut</strong></span> <span class='ocrx_word' id='word_1_367' title='bbox 2103 1175 2347 1231; x_wconf 83' lang='lat' dir='ltr'><strong>voluntas</strong></span> <span class='ocrx_word' id='word_1_368' title='bbox 2381 1190 2446 1230; x_wconf 76' lang='lat' dir='ltr'><strong>ex</strong></span> <span class='ocrx_word' id='word_1_369' title='bbox 2478 1186 2658 1228; x_wconf 88' lang='lat' dir='ltr'><strong>mente</strong></span> <span class='ocrx_word' id='word_1_370' title='bbox 2681 1179 2953 1244; x_wconf 74' lang='lat' dir='ltr'><strong>procedat,</strong></span> <span class='ocrx_word' id='word_1_371' title='bbox 2986 1187 3158 1230; x_wconf 88' lang='lat' dir='ltr'><strong>tamen</strong></span> <span class='ocrx_word' id='word_1_372' title='bbox 3182 1188 3234 1232; x_wconf 90' lang='lat' dir='ltr'><strong>et</strong></span> <span class='ocrx_word' id='word_1_373' title='bbox 3262 1179 3373 1247; x_wconf 90' lang='lat' dir='ltr'><strong>ipsa</strong></span> <span class='ocrx_word' id='word_1_374' title='bbox 3397 1194 3488 1233; x_wconf 85' lang='lat' dir='ltr'><strong>vo-</strong></span> 
     </span>
    </p>
   </div>
   <div class='ocr_carea' id='block_1_51' title="bbox 1937 1263 3487 1335">
    <p class='ocr_par' dir='ltr' id='par_1_51' title="bbox 1937 1263 3487 1335">
     <span class='ocr_line' id='line_1_51' title="bbox 1937 1263 3487 1335; baseline 0.005 -21"><span class='ocrx_word' id='word_1_375' title='bbox 1937 1263 2113 1317; x_wconf 87' lang='lat' dir='ltr'><strong>luntas</strong></span> <span class='ocrx_word' id='word_1_376' title='bbox 2145 1264 2235 1318; x_wconf 86' lang='lat' dir='ltr'><strong>Dei</strong></span> <span class='ocrx_word' id='word_1_377' title='bbox 2261 1265 2609 1318; x_wconf 87' lang='lat' dir='ltr'><strong>nihilominus</strong></span> <span class='ocrx_word' id='word_1_378' title='bbox 2639 1265 2731 1317; x_wconf 88' lang='lat' dir='ltr'><strong>Dei</strong></span> <span class='ocrx_word' id='word_1_379' title='bbox 2765 1265 2936 1318; x_wconf 87' lang='lat' dir='ltr'><strong>virtus</strong></span> <span class='ocrx_word' id='word_1_380' title='bbox 2969 1265 3193 1318; x_wconf 73' lang='lat' dir='ltr'><strong>edicitur</strong></span> <span class='ocrx_word' id='word_1_381' title='bbox 3224 1269 3358 1335; x_wconf 82' lang='lat'><strong>(56).</strong></span> <span class='ocrx_word' id='word_1_382' title='bbox 3392 1266 3487 1320; x_wconf 78' lang='lat' dir='ltr'><strong>Ef-</strong></span> 
     </span>
    </p>
   </div>
   <div class='ocr_carea' id='block_1_52' title="bbox 1939 1353 3485 1426">
    <p class='ocr_par' dir='ltr' id='par_1_52' title="bbox 1939 1353 3485 1426">
     <span class='ocr_line' id='line_1_52' title="bbox 1939 1353 3485 1426; baseline 0.005 -22"><span class='ocrx_word' id='word_1_383' title='bbox 1939 1353 2115 1407; x_wconf 77' lang='lat' dir='ltr'><strong>ﬁcitur</strong></span> <span class='ocrx_word' id='word_1_384' title='bbox 2151 1355 2310 1423; x_wconf 84' lang='lat' dir='ltr'><strong>igitur</strong></span> <span class='ocrx_word' id='word_1_385' title='bbox 2332 1355 2504 1408; x_wconf 89' lang='lat' dir='ltr'><strong>virtus</strong></span> <span class='ocrx_word' id='word_1_386' title='bbox 2534 1355 2702 1409; x_wconf 87' lang='lat' dir='ltr'><strong>altera</strong></span> <span class='ocrx_word' id='word_1_387' title='bbox 2754 1355 2806 1408; x_wconf 93' lang='lat' dir='ltr'><strong>in</strong></span> <span class='ocrx_word' id='word_1_388' title='bbox 2840 1371 2932 1410; x_wconf 84' lang='lat' dir='ltr'><strong>Sua</strong></span> <span class='ocrx_word' id='word_1_389' title='bbox 2979 1358 3310 1426; x_wconf 85' lang='lat' dir='ltr'><strong>proprietate</strong></span> <span class='ocrx_word' id='word_1_390' title='bbox 3355 1359 3485 1411; x_wconf 82' lang='lat' dir='ltr'><strong>sub-</strong></span> 
     </span>
    </p>
   </div>
   <div class='ocr_carea' id='block_1_53' title="bbox 1935 1440 3484 1514">
    <p class='ocr_par' dir='ltr' id='par_1_53' title="bbox 1935 1440 3484 1514">
     <span class='ocr_line' id='line_1_53' title="bbox 1935 1440 3484 1514; baseline 0.005 -22"><span class='ocrx_word' id='word_1_391' title='bbox 1935 1442 2152 1504; x_wconf 82' lang='lat' dir='ltr'><strong>sistens,</strong></span> <span class='ocrx_word' id='word_1_392' title='bbox 2220 1451 2276 1494; x_wconf 93' lang='lat' dir='ltr'><strong>ut</strong></span> <span class='ocrx_word' id='word_1_393' title='bbox 2335 1444 2412 1495; x_wconf 86' lang='lat' dir='ltr'><strong>ait</strong></span> <span class='ocrx_word' id='word_1_394' title='bbox 2464 1457 2644 1495; x_wconf 86' lang='lat' dir='ltr'><strong>sermo</strong></span> <span class='ocrx_word' id='word_1_395' title='bbox 2691 1440 3000 1513; x_wconf 75' lang='lat' dir='ltr'><strong>Scripturte,</strong></span> <span class='ocrx_word' id='word_1_396' title='bbox 3045 1460 3209 1512; x_wconf 86' lang='lat' dir='ltr'><strong>vapor</strong></span> <span class='ocrx_word' id='word_1_397' title='bbox 3265 1447 3484 1514; x_wconf 88' lang='lat' dir='ltr'><strong>quidam</strong></span> 
     </span>
    </p>
   </div>
   <div class='ocr_carea' id='block_1_54' title="bbox 1935 1533 3484 1604">
    <p class='ocr_par' dir='ltr' id='par_1_54' title="bbox 1935 1533 3484 1604">
     <span class='ocr_line' id='line_1_54' title="bbox 1935 1533 3484 1604; baseline 0.006 -24"><span class='ocrx_word' id='word_1_398' title='bbox 1935 1533 2116 1598; x_wconf 80' lang='lat' dir='ltr'><strong>primae</strong></span> <span class='ocrx_word' id='word_1_399' title='bbox 2130 1543 2183 1584; x_wconf 89' lang='lat' dir='ltr'><strong>et</strong></span> <span class='ocrx_word' id='word_1_400' title='bbox 2211 1533 2458 1600; x_wconf 70' lang='lat' dir='ltr'><strong>ingenita:</strong></span> <span class='ocrx_word' id='word_1_401' title='bbox 2483 1533 2697 1587; x_wconf 85' lang='lat' dir='ltr'><strong>virtutis</strong></span> <span class='ocrx_word' id='word_1_402' title='bbox 2724 1535 2835 1601; x_wconf 90' lang='lat' dir='ltr'><strong>Dei,</strong></span> <span class='ocrx_word' id='word_1_403' title='bbox 2863 1537 2959 1589; x_wconf 90' lang='lat' dir='ltr'><strong>hoc</strong></span> <span class='ocrx_word' id='word_1_404' title='bbox 2977 1535 3192 1603; x_wconf 89' lang='lat' dir='ltr'><strong>quidem</strong></span> <span class='ocrx_word' id='word_1_405' title='bbox 3217 1539 3355 1604; x_wconf 85' lang='lat' dir='ltr'><strong>quod</strong></span> <span class='ocrx_word' id='word_1_406' title='bbox 3380 1546 3484 1599; x_wconf 91' lang='lat' dir='ltr'><strong>est,</strong></span> 
     </span>
    </p>
   </div>
   <div class='ocr_carea' id='block_1_55' title="bbox 1936 1621 3483 1694">
    <p class='ocr_par' dir='ltr' id='par_1_55' title="bbox 1936 1621 3483 1694">
     <span class='ocr_line' id='line_1_55' title="bbox 1936 1621 3483 1694; baseline 0.005 -20"><span class='ocrx_word' id='word_1_407' title='bbox 1936 1621 2058 1674; x_wconf 92' lang='lat' dir='ltr'><strong>inde</strong></span> <span class='ocrx_word' id='word_1_408' title='bbox 2089 1623 2332 1688; x_wconf 86' lang='lat' dir='ltr'><strong>trahens;</strong></span> <span class='ocrx_word' id='word_1_409' title='bbox 2357 1639 2460 1676; x_wconf 93' lang='lat' dir='ltr'><strong>non</strong></span> <span class='ocrx_word' id='word_1_410' title='bbox 2487 1631 2570 1677; x_wconf 90' lang='lat' dir='ltr'><strong>est</strong></span> <span class='ocrx_word' id='word_1_411' title='bbox 2593 1634 2771 1678; x_wconf 92' lang='lat' dir='ltr'><strong>autem</strong></span> <span class='ocrx_word' id='word_1_412' title='bbox 2800 1628 3014 1694; x_wconf 90' lang='lat' dir='ltr'><strong>quando</strong></span> <span class='ocrx_word' id='word_1_413' title='bbox 3036 1626 3145 1694; x_wconf 86' lang='lat'><strong>(57)</strong></span> <span class='ocrx_word' id='word_1_414' title='bbox 3168 1641 3274 1680; x_wconf 92' lang='lat' dir='ltr'><strong>non</strong></span> <span class='ocrx_word' id='word_1_415' title='bbox 3302 1627 3483 1682; x_wconf 81' lang='lat' dir='ltr'><strong>fuerit.</strong></span> 
     </span>
    </p>
   </div>
   <div class='ocr_carea' id='block_1_56' title="bbox 1937 1715 3488 1788">
    <p class='ocr_par' dir='ltr' id='par_1_56' title="bbox 1937 1715 3488 1788">
     <span class='ocr_line' id='line_1_56' title="bbox 1937 1715 3488 1788; baseline 0.005 -21"><span class='ocrx_word' id='word_1_416' title='bbox 1937 1715 1992 1768; x_wconf 86' lang='lat' dir='ltr'><strong>Si</strong></span> <span class='ocrx_word' id='word_1_417' title='bbox 2023 1717 2164 1770; x_wconf 88' lang='lat' dir='ltr'><strong>enim</strong></span> <span class='ocrx_word' id='word_1_418' title='bbox 2194 1718 2314 1786; x_wconf 87' lang='lat' dir='ltr'><strong>quis</strong></span> <span class='ocrx_word' id='word_1_419' title='bbox 2347 1717 2578 1772; x_wconf 86' lang='lat' dir='ltr'><strong>voluerit</strong></span> <span class='ocrx_word' id='word_1_420' title='bbox 2601 1717 2782 1772; x_wconf 86' lang='lat' dir='ltr'><strong>dicere</strong></span> <span class='ocrx_word' id='word_1_421' title='bbox 2817 1719 2972 1786; x_wconf 87' lang='lat' dir='ltr'><strong>quasi</strong></span> <span class='ocrx_word' id='word_1_422' title='bbox 3003 1720 3149 1788; x_wconf 90' lang='lat' dir='ltr'><strong>prius</strong></span> <span class='ocrx_word' id='word_1_423' title='bbox 3175 1735 3280 1774; x_wconf 90' lang='lat' dir='ltr'><strong>non</strong></span> <span class='ocrx_word' id='word_1_424' title='bbox 3315 1732 3455 1774; x_wconf 82' lang='lat' dir='ltr'><strong>cxstl</strong></span> <span class='ocrx_word' id='word_1_425' title='bbox 3475 1755 3488 1763; x_wconf 65' lang='grc' dir='ltr'>ς</span> 
     </span>
    </p>
   </div>
   <div class='ocr_carea' id='block_1_57' title="bbox 1863 1788 3487 1876">
    <p class='ocr_par' dir='ltr' id='par_1_57' title="bbox 1863 1788 3487 1876">
     <span class='ocr_line' id='line_1_57' title="bbox 1863 1788 3487 1876; baseline 0.006 -18"><span class='ocrx_word' id='word_1_426' title='bbox 1863 1788 1904 1844; x_wconf 77' lang='grc' dir='ltr'><strong>Β</strong></span> <span class='ocrx_word' id='word_1_427' title='bbox 1939 1809 2081 1871; x_wconf 84' lang='lat' dir='ltr'><strong>terit,</strong></span> <span class='ocrx_word' id='word_1_428' title='bbox 2132 1811 2224 1862; x_wconf 90' lang='lat' dir='ltr'><strong>sed</strong></span> <span class='ocrx_word' id='word_1_429' title='bbox 2269 1820 2454 1876; x_wconf 89' lang='lat' dir='ltr'><strong>postea</strong></span> <span class='ocrx_word' id='word_1_430' title='bbox 2503 1809 2570 1863; x_wconf 90' lang='lat' dir='ltr'><strong>ad</strong></span> <span class='ocrx_word' id='word_1_431' title='bbox 2615 1811 3017 1864; x_wconf 88' lang='lat' dir='ltr'><strong>subsistentiam</strong></span> <span class='ocrx_word' id='word_1_432' title='bbox 3071 1812 3298 1876; x_wconf 87' lang='lat' dir='ltr'><strong>venerit,</strong></span> <span class='ocrx_word' id='word_1_433' title='bbox 3340 1813 3487 1867; x_wconf 85' lang='lat' dir='ltr'><strong>dicat</strong></span> 
     </span>
    </p>
   </div>
   <div class='ocr_carea' id='block_1_58' title="bbox 1936 1899 3487 1968">
    <p class='ocr_par' dir='ltr' id='par_1_58' title="bbox 1936 1899 3487 1968">
     <span class='ocr_line' id='line_1_58' title="bbox 1936 1899 3487 1968; baseline 0.003 -16"><span class='ocrx_word' id='word_1_434' title='bbox 1936 1913 2153 1952; x_wconf 90' lang='lat' dir='ltr'><strong>causam</strong></span> <span class='ocrx_word' id='word_1_435' title='bbox 2179 1913 2344 1965; x_wconf 90' lang='lat' dir='ltr'><strong>quare</strong></span> <span class='ocrx_word' id='word_1_436' title='bbox 2377 1899 2470 1968; x_wconf 91' lang='lat' dir='ltr'><strong>qui</strong></span> <span class='ocrx_word' id='word_1_437' title='bbox 2496 1913 2615 1954; x_wconf 90' lang='lat' dir='ltr'><strong>eam</strong></span> <span class='ocrx_word' id='word_1_438' title='bbox 2645 1899 2938 1954; x_wconf 90' lang='lat' dir='ltr'><strong>subsistere</strong></span> <span class='ocrx_word' id='word_1_439' title='bbox 2989 1901 3116 1954; x_wconf 81' lang='lat' dir='ltr'><strong>fecit</strong></span> <span class='ocrx_word' id='word_1_440' title='bbox 3153 1901 3330 1965; x_wconf 84' lang='lat' dir='ltr'><strong>Pater,</strong></span> <span class='ocrx_word' id='word_1_441' title='bbox 3359 1914 3487 1957; x_wconf 89' lang='lat' dir='ltr'><strong>ante</strong></span> 
     </span>
    </p>
   </div>
   <div class='ocr_carea' id='block_1_59' title="bbox 1933 1988 3482 2059">
    <p class='ocr_par' dir='ltr' id='par_1_59' title="bbox 1933 1988 3482 2059">
     <span class='ocr_line' id='line_1_59' title="bbox 1933 1988 3482 2059; baseline 0.002 -14"><span class='ocrx_word' id='word_1_442' title='bbox 1933 1992 2036 2045; x_wconf 91' lang='lat' dir='ltr'><strong>hoc</strong></span> <span class='ocrx_word' id='word_1_443' title='bbox 2062 2005 2164 2043; x_wconf 92' lang='lat' dir='ltr'><strong>non</strong></span> <span class='ocrx_word' id='word_1_444' title='bbox 2192 1988 2401 2044; x_wconf 84' lang='lat' dir='ltr'><strong>fecerit.</strong></span> <span class='ocrx_word' id='word_1_445' title='bbox 2432 1990 2585 2056; x_wconf 86' lang='lat' dir='ltr'><strong>Quod</strong></span> <span class='ocrx_word' id='word_1_446' title='bbox 2627 1991 2668 2045; x_wconf 92' lang='lat' dir='ltr'><strong>si</strong></span> <span class='ocrx_word' id='word_1_447' title='bbox 2701 1991 2916 2059; x_wconf 88' lang='lat' dir='ltr'><strong>aliquod</strong></span> <span class='ocrx_word' id='word_1_448' title='bbox 2957 1991 3124 2044; x_wconf 84' lang='lat' dir='ltr'><strong>semel</strong></span> <span class='ocrx_word' id='word_1_449' title='bbox 3148 1992 3358 2046; x_wconf 90' lang='lat' dir='ltr'><strong>initium</strong></span> <span class='ocrx_word' id='word_1_450' title='bbox 3391 1995 3482 2048; x_wconf 89' lang='lat' dir='ltr'><strong>de-</strong></span> 
     </span>
    </p>
   </div>
   <div class='ocr_carea' id='block_1_60' title="bbox 1933 2082 3480 2152">
    <p class='ocr_par' dir='ltr' id='par_1_60' title="bbox 1933 2082 3480 2152">
     <span class='ocr_line' id='line_1_60' title="bbox 1933 2082 3480 2152; baseline 0.002 -16"><span class='ocrx_word' id='word_1_451' title='bbox 1933 2084 2110 2144; x_wconf 83' lang='lat' dir='ltr'><strong>derit,</strong></span> <span class='ocrx_word' id='word_1_452' title='bbox 2145 2097 2251 2150; x_wconf 91' lang='lat' dir='ltr'><strong>quo</strong></span> <span class='ocrx_word' id='word_1_453' title='bbox 2294 2082 2452 2135; x_wconf 88' lang='lat' dir='ltr'><strong>initio</strong></span> <span class='ocrx_word' id='word_1_454' title='bbox 2479 2098 2642 2151; x_wconf 86' lang='lat' dir='ltr'><strong>vapor</strong></span> <span class='ocrx_word' id='word_1_455' title='bbox 2676 2083 2778 2136; x_wconf 87' lang='lat' dir='ltr'><strong>iste</strong></span> <span class='ocrx_word' id='word_1_456' title='bbox 2810 2100 2874 2137; x_wconf 84' lang='lat' dir='ltr'><strong>ex</strong></span> <span class='ocrx_word' id='word_1_457' title='bbox 2908 2083 2996 2137; x_wconf 89' lang='lat' dir='ltr'><strong>Dei</strong></span> <span class='ocrx_word' id='word_1_458' title='bbox 3030 2084 3232 2138; x_wconf 90' lang='lat' dir='ltr'><strong>virtute</strong></span> <span class='ocrx_word' id='word_1_459' title='bbox 3268 2099 3480 2152; x_wconf 90' lang='lat' dir='ltr'><strong>proces-</strong></span> 
     </span>
    </p>
   </div>
   <div class='ocr_carea' id='block_1_61' title="bbox 1930 2172 3484 2241">
    <p class='ocr_par' dir='ltr' id='par_1_61' title="bbox 1930 2172 3484 2241">
     <span class='ocr_line' id='line_1_61' title="bbox 1930 2172 3484 2241; baseline 0.003 -15"><span class='ocrx_word' id='word_1_460' title='bbox 1930 2174 2084 2235; x_wconf 82' lang='lat' dir='ltr'><strong>serit,</strong></span> <span class='ocrx_word' id='word_1_461' title='bbox 2145 2173 2337 2224; x_wconf 91' lang='lat' dir='ltr'><strong>iterum</strong></span> <span class='ocrx_word' id='word_1_462' title='bbox 2397 2172 2850 2241; x_wconf 84' lang='lat' dir='ltr'><strong>interrogabimus</strong></span> <span class='ocrx_word' id='word_1_463' title='bbox 2895 2187 3062 2240; x_wconf 82' lang='lat' dir='ltr'><strong>quare</strong></span> <span class='ocrx_word' id='word_1_464' title='bbox 3109 2189 3214 2228; x_wconf 89' lang='lat' dir='ltr'><strong>non</strong></span> <span class='ocrx_word' id='word_1_465' title='bbox 3259 2185 3313 2228; x_wconf 84' lang='lat' dir='ltr'><strong>et</strong></span> <span class='ocrx_word' id='word_1_466' title='bbox 3358 2186 3484 2230; x_wconf 89' lang='lat' dir='ltr'><strong>ante</strong></span> 
     </span>
    </p>
   </div>
   <div class='ocr_carea' id='block_1_62' title="bbox 1933 2263 3482 2332">
    <p class='ocr_par' dir='ltr' id='par_1_62' title="bbox 1933 2263 3482 2332">
     <span class='ocr_line' id='line_1_62' title="bbox 1933 2263 3482 2332; baseline 0.001 -14"><span class='ocrx_word' id='word_1_467' title='bbox 1933 2265 2059 2318; x_wconf 93' lang='lat' dir='ltr'><strong>illud</strong></span> <span class='ocrx_word' id='word_1_468' title='bbox 2090 2264 2230 2332; x_wconf 91' lang='lat' dir='ltr'><strong>quod</strong></span> <span class='ocrx_word' id='word_1_469' title='bbox 2261 2264 2395 2316; x_wconf 71' lang='lat' dir='ltr'><strong>dixit</strong></span> <span class='ocrx_word' id='word_1_470' title='bbox 2419 2263 2663 2328; x_wconf 89' lang='lat' dir='ltr'><strong>initium;</strong></span> <span class='ocrx_word' id='word_1_471' title='bbox 2699 2273 2754 2316; x_wconf 87' lang='lat' dir='ltr'><strong>et</strong></span> <span class='ocrx_word' id='word_1_472' title='bbox 2779 2264 2850 2316; x_wconf 88' lang='lat' dir='ltr'><strong>ita</strong></span> <span class='ocrx_word' id='word_1_473' title='bbox 2880 2279 3090 2332; x_wconf 87' lang='lat' dir='ltr'><strong>semper</strong></span> <span class='ocrx_word' id='word_1_474' title='bbox 3132 2265 3198 2318; x_wconf 89' lang='lat' dir='ltr'><strong>de</strong></span> <span class='ocrx_word' id='word_1_475' title='bbox 3239 2267 3482 2321; x_wconf 81' lang='lat' dir='ltr'><strong>anterio-</strong></span> 
     </span>
    </p>
   </div>
   <div class='ocr_carea' id='block_1_63' title="bbox 1933 2353 3485 2424">
    <p class='ocr_par' dir='ltr' id='par_1_63' title="bbox 1933 2353 3485 2424">
     <span class='ocr_line' id='line_1_63' title="bbox 1933 2353 3485 2424; baseline 0.001 -16"><span class='ocrx_word' id='word_1_476' title='bbox 1933 2356 2083 2410; x_wconf 91' lang='lat' dir='ltr'><strong>ribus</strong></span> <span class='ocrx_word' id='word_1_477' title='bbox 2115 2356 2482 2424; x_wconf 86' lang='lat' dir='ltr'><strong>inquirentes,</strong></span> <span class='ocrx_word' id='word_1_478' title='bbox 2513 2363 2564 2407; x_wconf 90' lang='lat' dir='ltr'><strong>et</strong></span> <span class='ocrx_word' id='word_1_479' title='bbox 2607 2353 2772 2408; x_wconf 88' lang='lat' dir='ltr'><strong>verbo</strong></span> <span class='ocrx_word' id='word_1_480' title='bbox 2805 2355 3246 2423; x_wconf 81' lang='lat' dir='ltr'><strong>interrogationis</strong></span> <span class='ocrx_word' id='word_1_481' title='bbox 3289 2372 3485 2412; x_wconf 91' lang='lat' dir='ltr'><strong>ascen-</strong></span> 
     </span>
    </p>
   </div>
   <div class='ocr_carea' id='block_1_64' title="bbox 1931 2443 3487 2518">
    <p class='ocr_par' dir='ltr' id='par_1_64' title="bbox 1931 2443 3487 2518">
     <span class='ocr_line' id='line_1_64' title="bbox 1931 2443 3487 2518; baseline 0 -18"><span class='ocrx_word' id='word_1_482' title='bbox 1931 2447 2143 2509; x_wconf 89' lang='lat' dir='ltr'><strong>dentes,</strong></span> <span class='ocrx_word' id='word_1_483' title='bbox 2164 2446 2540 2514; x_wconf 85' lang='lat' dir='ltr'><strong>perveniemus</strong></span> <span class='ocrx_word' id='word_1_484' title='bbox 2571 2446 2621 2497; x_wconf 92' lang='lat' dir='ltr'><strong>in</strong></span> <span class='ocrx_word' id='word_1_485' title='bbox 2648 2443 2796 2498; x_wconf 92' lang='lat' dir='ltr'><strong>illum</strong></span> <span class='ocrx_word' id='word_1_486' title='bbox 2827 2446 3158 2500; x_wconf 88' lang='lat' dir='ltr'><strong>intellectum</strong></span> <span class='ocrx_word' id='word_1_487' title='bbox 3187 2487 3203 2511; x_wconf 95' lang='lat'><strong>,</strong></span> <span class='ocrx_word' id='word_1_488' title='bbox 3250 2457 3308 2502; x_wconf 89' lang='lat' dir='ltr'><strong>ut</strong></span> <span class='ocrx_word' id='word_1_489' title='bbox 3348 2463 3487 2518; x_wconf 75' lang='lat' dir='ltr'><strong>quo-</strong></span> 
     </span>
    </p>
   </div>
   <div class='ocr_carea' id='block_1_65' title="bbox 1933 2535 3484 2606">
    <p class='ocr_par' dir='ltr' id='par_1_65' title="bbox 1933 2535 3484 2606">
     <span class='ocr_line' id='line_1_65' title="bbox 1933 2535 3484 2606; baseline 0.003 -18"><span class='ocrx_word' id='word_1_490' title='bbox 1933 2537 2075 2589; x_wconf 90' lang='lat' dir='ltr'><strong>niam</strong></span> <span class='ocrx_word' id='word_1_491' title='bbox 2105 2551 2316 2602; x_wconf 88' lang='lat' dir='ltr'><strong>semper</strong></span> <span class='ocrx_word' id='word_1_492' title='bbox 2349 2544 2556 2604; x_wconf 86' lang='lat' dir='ltr'><strong>poterat</strong></span> <span class='ocrx_word' id='word_1_493' title='bbox 2582 2535 2718 2589; x_wconf 90' lang='lat' dir='ltr'><strong>Deus</strong></span> <span class='ocrx_word' id='word_1_494' title='bbox 2753 2544 2807 2588; x_wconf 90' lang='lat' dir='ltr'><strong>et</strong></span> <span class='ocrx_word' id='word_1_495' title='bbox 2842 2536 3077 2601; x_wconf 85' lang='lat' dir='ltr'><strong>volebat,</strong></span> <span class='ocrx_word' id='word_1_496' title='bbox 3101 2553 3374 2606; x_wconf 90' lang='lat' dir='ltr'><strong>nunquam</strong></span> <span class='ocrx_word' id='word_1_497' title='bbox 3401 2538 3484 2592; x_wconf 89' lang='lat' dir='ltr'><strong>vel</strong></span> 
     </span>
    </p>
   </div>
   <div class='ocr_carea' id='block_1_66' title="bbox 1935 2620 3483 2692">
    <p class='ocr_par' dir='ltr' id='par_1_66' title="bbox 1935 2620 3483 2692">
     <span class='ocr_line' id='line_1_66' title="bbox 1935 2620 3483 2692; baseline 0.006 -21"><span class='ocrx_word' id='word_1_498' title='bbox 1935 2620 2198 2681; x_wconf 82' lang='lat' dir='ltr'><strong>decuerit,</strong></span> <span class='ocrx_word' id='word_1_499' title='bbox 2225 2620 2304 2673; x_wconf 87' lang='lat' dir='ltr'><strong>vel</strong></span> <span class='ocrx_word' id='word_1_500' title='bbox 2332 2635 2490 2674; x_wconf 89' lang='lat' dir='ltr'><strong>causa</strong></span> <span class='ocrx_word' id='word_1_501' title='bbox 2525 2621 2699 2689; x_wconf 89' lang='lat' dir='ltr'><strong>aliqua</strong></span> <span class='ocrx_word' id='word_1_502' title='bbox 2729 2624 2992 2676; x_wconf 79' lang='lat' dir='ltr'><strong>exsistere</strong></span> <span class='ocrx_word' id='word_1_503' title='bbox 3017 2627 3267 2692; x_wconf 90' lang='lat' dir='ltr'><strong>potuerit,</strong></span> <span class='ocrx_word' id='word_1_504' title='bbox 3298 2634 3354 2680; x_wconf 89' lang='grc' dir='ltr'><strong>ιιι</strong></span> <span class='ocrx_word' id='word_1_505' title='bbox 3376 2641 3483 2680; x_wconf 88' lang='lat' dir='ltr'><strong>non</strong></span> 
     </span>
    </p>
   </div>
   <div class='ocr_carea' id='block_1_67' title="bbox 1937 2710 3471 2784">
    <p class='ocr_par' dir='ltr' id='par_1_67' title="bbox 1937 2710 3471 2784">
     <span class='ocr_line' id='line_1_67' title="bbox 1937 2710 3471 2784; baseline 0.005 -21"><span class='ocrx_word' id='word_1_506' title='bbox 1937 2711 2038 2763; x_wconf 90' lang='lat' dir='ltr'><strong>hoc</strong></span> <span class='ocrx_word' id='word_1_507' title='bbox 2067 2710 2207 2777; x_wconf 89' lang='lat' dir='ltr'><strong>quod</strong></span> <span class='ocrx_word' id='word_1_508' title='bbox 2237 2710 2430 2762; x_wconf 88' lang='lat' dir='ltr'><strong>bonum</strong></span> <span class='ocrx_word' id='word_1_509' title='bbox 2455 2710 2686 2776; x_wconf 87' lang='lat' dir='ltr'><strong>volebat,</strong></span> <span class='ocrx_word' id='word_1_510' title='bbox 2717 2728 2926 2780; x_wconf 84' lang='lat' dir='ltr'><strong>semper</strong></span> <span class='ocrx_word' id='word_1_511' title='bbox 2951 2715 3198 2768; x_wconf 89' lang='lat' dir='ltr'><strong>habuerit</strong></span> <span class='ocrx_word' id='word_1_512' title='bbox 3229 2718 3364 2784; x_wconf 88' lang='grc'>(58).</span> <span class='ocrx_word' id='word_1_513' title='bbox 3389 2717 3471 2770; x_wconf 76' lang='lat' dir='ltr'><strong>Ex</strong></span> 
     </span>
    </p>
   </div>
   <div class='ocr_carea' id='block_1_68' title="bbox 1935 2801 3487 2872">
    <p class='ocr_par' dir='ltr' id='par_1_68' title="bbox 1935 2801 3487 2872">
     <span class='ocr_line' id='line_1_68' title="bbox 1935 2801 3487 2872; baseline 0.007 -22"><span class='ocrx_word' id='word_1_514' title='bbox 1935 2816 2040 2868; x_wconf 83' lang='lat' dir='ltr'><strong>quo</strong></span> <span class='ocrx_word' id='word_1_515' title='bbox 2067 2801 2369 2854; x_wconf 90' lang='lat' dir='ltr'><strong>ostenditur</strong></span> <span class='ocrx_word' id='word_1_516' title='bbox 2401 2815 2616 2868; x_wconf 84' lang='lat' dir='ltr'><strong>semper</strong></span> <span class='ocrx_word' id='word_1_517' title='bbox 2645 2801 2810 2855; x_wconf 78' lang='lat' dir='ltr'><strong>fuisse</strong></span> <span class='ocrx_word' id='word_1_518' title='bbox 2838 2817 3089 2872; x_wconf 83' lang='lat' dir='ltr'><strong>vaporem</strong></span> <span class='ocrx_word' id='word_1_519' title='bbox 3120 2807 3283 2859; x_wconf 91' lang='lat' dir='ltr'><strong>istum</strong></span> <span class='ocrx_word' id='word_1_520' title='bbox 3311 2807 3487 2861; x_wconf 89' lang='lat' dir='ltr'><strong>virtu-</strong></span> 
     </span>
    </p>
   </div>
   <div class='ocr_carea' id='block_1_69' title="bbox 1935 2889 3481 2964">
    <p class='ocr_par' dir='ltr' id='par_1_69' title="bbox 1935 2889 3481 2964">
     <span class='ocr_line' id='line_1_69' title="bbox 1935 2889 3481 2964; baseline 0.01 -24"><span class='ocrx_word' id='word_1_521' title='bbox 1935 2889 2003 2943; x_wconf 93' lang='lat' dir='ltr'><strong>tis</strong></span> <span class='ocrx_word' id='word_1_522' title='bbox 2035 2890 2124 2944; x_wconf 92' lang='lat' dir='ltr'><strong>Dei</strong></span> <span class='ocrx_word' id='word_1_523' title='bbox 2156 2889 2359 2942; x_wconf 90' lang='lat' dir='ltr'><strong>nullum</strong></span> <span class='ocrx_word' id='word_1_524' title='bbox 2389 2890 2672 2944; x_wconf 85' lang='lat' dir='ltr'><strong>habentem</strong></span> <span class='ocrx_word' id='word_1_525' title='bbox 2705 2891 2920 2945; x_wconf 90' lang='lat' dir='ltr'><strong>initium</strong></span> <span class='ocrx_word' id='word_1_526' title='bbox 2947 2894 3048 2948; x_wconf 91' lang='lat' dir='ltr'><strong>nisi</strong></span> <span class='ocrx_word' id='word_1_527' title='bbox 3083 2896 3254 2964; x_wconf 91' lang='lat' dir='ltr'><strong>ipsum</strong></span> <span class='ocrx_word' id='word_1_528' title='bbox 3295 2897 3481 2956; x_wconf 91' lang='lat' dir='ltr'><strong>Deum.</strong></span> 
     </span>
    </p>
   </div>
   <div class='ocr_carea' id='block_1_70' title="bbox 1933 2980 3486 3056">
    <p class='ocr_par' dir='ltr' id='par_1_70' title="bbox 1933 2980 3486 3056">
     <span class='ocr_line' id='line_1_70' title="bbox 1933 2980 3486 3056; baseline 0.008 -24"><span class='ocrx_word' id='word_1_529' title='bbox 1933 2980 2115 3048; x_wconf 82' lang='lat' dir='ltr'><strong>Neque</strong></span> <span class='ocrx_word' id='word_1_530' title='bbox 2139 2981 2361 3035; x_wconf 86' lang='lat' dir='ltr'><strong>decebat</strong></span> <span class='ocrx_word' id='word_1_531' title='bbox 2409 2982 2553 3034; x_wconf 91' lang='lat' dir='ltr'><strong>aliud</strong></span> <span class='ocrx_word' id='word_1_532' title='bbox 2582 2998 2701 3038; x_wconf 87' lang='lat' dir='ltr'><strong>esse</strong></span> <span class='ocrx_word' id='word_1_533' title='bbox 2727 2985 2962 3051; x_wconf 88' lang='lat' dir='ltr'><strong>tuitiutn,</strong></span> <span class='ocrx_word' id='word_1_534' title='bbox 3003 2986 3103 3040; x_wconf 90' lang='lat' dir='ltr'><strong>nisi</strong></span> <span class='ocrx_word' id='word_1_535' title='bbox 3131 2987 3307 3056; x_wconf 90' lang='lat' dir='ltr'><strong>ipsum</strong></span> <span class='ocrx_word' id='word_1_536' title='bbox 3342 2991 3486 3044; x_wconf 90' lang='lat' dir='ltr'><strong>unde</strong></span> 
     </span>
    </p>
   </div>
   <div class='ocr_carea' id='block_1_71' title="bbox 1933 3075 3481 3149">
    <p class='ocr_par' dir='ltr' id='par_1_71' title="bbox 1933 3075 3481 3149">
     <span class='ocr_line' id='line_1_71' title="bbox 1933 3075 3481 3149; baseline 0.008 -24"><span class='ocrx_word' id='word_1_537' title='bbox 1933 3081 1987 3126; x_wconf 90' lang='lat' dir='ltr'><strong>et</strong></span> <span class='ocrx_word' id='word_1_538' title='bbox 2033 3082 2115 3126; x_wconf 88' lang='lat' dir='ltr'><strong>est</strong></span> <span class='ocrx_word' id='word_1_539' title='bbox 2164 3081 2219 3126; x_wconf 92' lang='lat' dir='ltr'><strong>et</strong></span> <span class='ocrx_word' id='word_1_540' title='bbox 2267 3075 2545 3138; x_wconf 91' lang='lat' dir='ltr'><strong>nascitur,</strong></span> <span class='ocrx_word' id='word_1_541' title='bbox 2599 3077 2787 3130; x_wconf 91' lang='lat' dir='ltr'><strong>Deum.</strong></span> <span class='ocrx_word' id='word_1_542' title='bbox 2827 3076 3134 3132; x_wconf 87' lang='lat' dir='ltr'><strong>Secundum</strong></span> <span class='ocrx_word' id='word_1_543' title='bbox 3166 3081 3481 3149; x_wconf 83' lang='lat' dir='ltr'><strong>Apostolum</strong></span> 
     </span>
    </p>
   </div>
   <div class='ocr_carea' id='block_1_72' title="bbox 1929 3162 3480 3237">
    <p class='ocr_par' dir='ltr' id='par_1_72' title="bbox 1929 3162 3480 3237">
     <span class='ocr_line' id='line_1_72' title="bbox 1929 3162 3480 3237; baseline 0.006 -25"><span class='ocrx_word' id='word_1_544' title='bbox 1929 3175 2057 3215; x_wconf 89' lang='lat' dir='ltr'><strong>vero</strong></span> <span class='ocrx_word' id='word_1_545' title='bbox 2079 3162 2367 3222; x_wconf 90' lang='lat' dir='ltr'><strong>dicentem,</strong></span> <span class='ocrx_word' id='word_1_546' title='bbox 2400 3163 2525 3230; x_wconf 87' lang='lat' dir='ltr'><strong>quia</strong></span> <span class='ocrx_word' id='word_1_547' title='bbox 2551 3164 2800 3227; x_wconf 75' lang='lat' dir='ltr'><strong>Christus</strong></span> <span class='ocrx_word' id='word_1_548' title='bbox 2832 3163 2924 3218; x_wconf 87' lang='lat' dir='ltr'><strong>Dei</strong></span> <span class='ocrx_word' id='word_1_549' title='bbox 2959 3165 3126 3218; x_wconf 89' lang='lat' dir='ltr'><strong>virtus</strong></span> <span class='ocrx_word' id='word_1_550' title='bbox 3149 3175 3236 3219; x_wconf 88' lang='lat' dir='ltr'><strong>cst</strong></span> <span class='ocrx_word' id='word_1_551' title='bbox 3253 3165 3300 3198; x_wconf 76' lang='lat'><strong>&quot;‘</strong></span> <span class='ocrx_word' id='word_1_552' title='bbox 3323 3207 3338 3233; x_wconf 94' lang='lat'><strong>,</strong></span> <span class='ocrx_word' id='word_1_553' title='bbox 3367 3167 3480 3237; x_wconf 87' lang='lat' dir='ltr'><strong>jam</strong></span> 
     </span>
    </p>
   </div>
   <div class='ocr_carea' id='block_1_73' title="bbox 1931 3250 3481 3321">
    <p class='ocr_par' dir='ltr' id='par_1_73' title="bbox 1931 3250 3481 3321">
     <span class='ocr_line' id='line_1_73' title="bbox 1931 3250 3481 3321; baseline 0.006 -17"><span class='ocrx_word' id='word_1_554' title='bbox 1931 3266 2038 3306; x_wconf 91' lang='lat' dir='ltr'><strong>non</strong></span> <span class='ocrx_word' id='word_1_555' title='bbox 2067 3250 2240 3305; x_wconf 90' lang='lat' dir='ltr'><strong>solum</strong></span> <span class='ocrx_word' id='word_1_556' title='bbox 2266 3267 2432 3321; x_wconf 88' lang='lat' dir='ltr'><strong>vapor</strong></span> <span class='ocrx_word' id='word_1_557' title='bbox 2465 3251 2680 3306; x_wconf 86' lang='lat' dir='ltr'><strong>virtutis</strong></span> <span class='ocrx_word' id='word_1_558' title='bbox 2708 3251 2824 3318; x_wconf 87' lang='lat' dir='ltr'><strong>Dei,</strong></span> <span class='ocrx_word' id='word_1_559' title='bbox 2867 3255 2959 3308; x_wconf 88' lang='lat' dir='ltr'><strong>sed</strong></span> <span class='ocrx_word' id='word_1_560' title='bbox 2989 3256 3160 3309; x_wconf 90' lang='lat' dir='ltr'><strong>virtus</strong></span> <span class='ocrx_word' id='word_1_561' title='bbox 3191 3271 3254 3310; x_wconf 80' lang='lat' dir='ltr'><strong>ex</strong></span> <span class='ocrx_word' id='word_1_562' title='bbox 3277 3256 3481 3312; x_wconf 86' lang='lat' dir='ltr'><strong>virtute</strong></span> 
     </span>
    </p>
   </div>
   <div class='ocr_carea' id='block_1_74' title="bbox 1929 3340 2293 3396">
    <p class='ocr_par' dir='ltr' id='par_1_74' title="bbox 1929 3340 2293 3396">
     <span class='ocr_line' id='line_1_74' title="bbox 1929 3340 2293 3396; baseline 0.003 -2"><span class='ocrx_word' id='word_1_563' title='bbox 1929 3340 2158 3395; x_wconf 89' lang='lat' dir='ltr'><strong>dicenda</strong></span> <span class='ocrx_word' id='word_1_564' title='bbox 2189 3351 2293 3396; x_wconf 85' lang='lat' dir='ltr'><strong>est.</strong></span> 
     </span>
    </p>
   </div>
   <div class='ocr_carea' id='block_1_75' title="bbox 2001 3477 3481 3556">
    <p class='ocr_par' dir='ltr' id='par_1_75' title="bbox 2001 3477 3481 3556">
     <span class='ocr_line' id='line_1_75' title="bbox 2001 3477 3481 3556; baseline 0.006 -24"><span class='ocrx_word' id='word_1_565' title='bbox 2001 3479 2086 3532; x_wconf 81' lang='lat' dir='ltr'><strong>lt).</strong></span> <span class='ocrx_word' id='word_1_566' title='bbox 2119 3477 2404 3534; x_wconf 87' lang='lat' dir='ltr'><strong>Videamus</strong></span> <span class='ocrx_word' id='word_1_567' title='bbox 2430 3481 2591 3534; x_wconf 88' lang='lat' dir='ltr'><strong>etiam</strong></span> <span class='ocrx_word' id='word_1_568' title='bbox 2629 3483 2693 3536; x_wconf 92' lang='lat' dir='ltr'><strong>de</strong></span> <span class='ocrx_word' id='word_1_569' title='bbox 2721 3497 2788 3536; x_wconf 91' lang='lat' dir='ltr'><strong>eo</strong></span> <span class='ocrx_word' id='word_1_570' title='bbox 2815 3485 2958 3551; x_wconf 90' lang='lat' dir='ltr'><strong>quod</strong></span> <span class='ocrx_word' id='word_1_571' title='bbox 2980 3483 3176 3538; x_wconf 92' lang='lat' dir='ltr'><strong>dictum</strong></span> <span class='ocrx_word' id='word_1_572' title='bbox 3208 3495 3310 3552; x_wconf 90' lang='lat' dir='ltr'><strong>est,</strong></span> <span class='ocrx_word' id='word_1_573' title='bbox 3342 3501 3481 3556; x_wconf 79' lang='lat' dir='ltr'><strong>quo-</strong></span> 
     </span>
    </p>
   </div>
   <div class='ocr_carea' id='block_1_76' title="bbox 1929 3571 3485 3648">
    <p class='ocr_par' dir='ltr' id='par_1_76' title="bbox 1929 3571 3485 3648">
     <span class='ocr_line' id='line_1_76' title="bbox 1929 3571 3485 3648; baseline 0.006 -24"><span class='ocrx_word' id='word_1_574' title='bbox 1929 3571 2071 3624; x_wconf 89' lang='lat' dir='ltr'><strong>niam</strong></span> <span class='ocrx_word' id='word_1_575' title='bbox 2096 3571 2207 3640; x_wconf 86' lang='lat'><strong>(59)</strong></span> <span class='ocrx_word' id='word_1_576' title='bbox 2240 3589 2260 3622; x_wconf 87' lang='grc'>‹</span> <span class='ocrx_word' id='word_1_577' title='bbox 2295 3575 2576 3641; x_wconf 87' lang='lat' dir='ltr'><strong>aporrhoea</strong></span> <span class='ocrx_word' id='word_1_578' title='bbox 2606 3583 2688 3628; x_wconf 91' lang='lat' dir='ltr'><strong>est</strong></span> <span class='ocrx_word' id='word_1_579' title='bbox 2719 3575 3002 3644; x_wconf 78' lang='lat' dir='ltr'><strong>puris-ima</strong></span> <span class='ocrx_word' id='word_1_580' title='bbox 3027 3577 3208 3644; x_wconf 76' lang='lat' dir='ltr'><strong>gloria:</strong></span> <span class='ocrx_word' id='word_1_581' title='bbox 3227 3577 3485 3648; x_wconf 83' lang='lat' dir='ltr'><strong>Omnipo-</strong></span> 
     </span>
    </p>
   </div>
   <div class='ocr_carea' id='block_1_77' title="bbox 1933 3665 3482 3736">
    <p class='ocr_par' dir='ltr' id='par_1_77' title="bbox 1933 3665 3482 3736">
     <span class='ocr_line' id='line_1_77' title="bbox 1933 3665 3482 3736; baseline 0.006 -20"><span class='ocrx_word' id='word_1_582' title='bbox 1933 3666 2127 3728; x_wconf 87' lang='lat' dir='ltr'><strong>tentis;</strong></span> <span class='ocrx_word' id='word_1_583' title='bbox 2174 3682 2191 3714; x_wconf 81' lang='grc' dir='ltr'><strong>ι</strong></span> <span class='ocrx_word' id='word_1_584' title='bbox 2226 3673 2280 3717; x_wconf 92' lang='lat' dir='ltr'><strong>et</strong></span> <span class='ocrx_word' id='word_1_585' title='bbox 2328 3665 2475 3732; x_wconf 86' lang='lat' dir='ltr'><strong>prius</strong></span> <span class='ocrx_word' id='word_1_586' title='bbox 2524 3665 2735 3730; x_wconf 90' lang='lat' dir='ltr'><strong>quidem</strong></span> <span class='ocrx_word' id='word_1_587' title='bbox 2768 3665 3172 3718; x_wconf 87' lang='lat' dir='ltr'><strong>consideremus</strong></span> <span class='ocrx_word' id='word_1_588' title='bbox 3231 3668 3360 3736; x_wconf 93' lang='lat' dir='ltr'><strong>quid</strong></span> <span class='ocrx_word' id='word_1_589' title='bbox 3397 3679 3482 3724; x_wconf 88' lang='lat' dir='ltr'><strong>est</strong></span> 
     </span>
    </p>
   </div>
   <div class='ocr_carea' id='block_1_78' title="bbox 1929 3754 3478 3826">
    <p class='ocr_par' dir='ltr' id='par_1_78' title="bbox 1929 3754 3478 3826">
     <span class='ocr_line' id='line_1_78' title="bbox 1929 3754 3478 3826; baseline 0.005 -20"><span class='ocrx_word' id='word_1_590' title='bbox 1929 3755 2098 3826; x_wconf 84' lang='lat' dir='ltr'><strong>gloria</strong></span> <span class='ocrx_word' id='word_1_591' title='bbox 2129 3755 2512 3823; x_wconf 91' lang='lat' dir='ltr'><strong>omnipotentis</strong></span> <span class='ocrx_word' id='word_1_592' title='bbox 2547 3754 2662 3817; x_wconf 86' lang='lat' dir='ltr'><strong>Dei,</strong></span> <span class='ocrx_word' id='word_1_593' title='bbox 2696 3755 2889 3809; x_wconf 83' lang='lat' dir='ltr'><strong>deinde</strong></span> <span class='ocrx_word' id='word_1_594' title='bbox 2915 3756 3078 3810; x_wconf 88' lang='lat' dir='ltr'><strong>etiam</strong></span> <span class='ocrx_word' id='word_1_595' title='bbox 3102 3757 3228 3824; x_wconf 89' lang='lat' dir='ltr'><strong>quid</strong></span> <span class='ocrx_word' id='word_1_596' title='bbox 3258 3758 3330 3814; x_wconf 87' lang='lat' dir='ltr'><strong>sit</strong></span> <span class='ocrx_word' id='word_1_597' title='bbox 3359 3760 3478 3824; x_wconf 75' lang='lat' dir='ltr'><strong>eius</strong></span> 
     </span>
    </p>
   </div>
   <div class='ocr_carea' id='block_1_79' title="bbox 1929 3845 3479 3917">
    <p class='ocr_par' dir='ltr' id='par_1_79' title="bbox 1929 3845 3479 3917">
     <span class='ocr_line' id='line_1_79' title="bbox 1929 3845 3479 3917; baseline 0.005 -17"><span class='ocrx_word' id='word_1_598' title='bbox 1929 3846 2214 3916; x_wconf 80' lang='lat' dir='ltr'><strong>aporrhcca</strong></span> <span class='ocrx_word' id='word_1_599' title='bbox 2267 3845 2589 3900; x_wconf 87' lang='lat' dir='ltr'><strong>sentiemus.</strong></span> <span class='ocrx_word' id='word_1_600' title='bbox 2661 3845 3120 3911; x_wconf 86' lang='lat' dir='ltr'><strong>Quemadmodum</strong></span> <span class='ocrx_word' id='word_1_601' title='bbox 3171 3859 3322 3917; x_wconf 89' lang='lat' dir='ltr'><strong>pater</strong></span> <span class='ocrx_word' id='word_1_602' title='bbox 3371 3868 3479 3909; x_wconf 80' lang='lat' dir='ltr'><strong>non</strong></span> 
     </span>
    </p>
   </div>
   <div class='ocr_carea' id='block_1_80' title="bbox 1927 3936 3478 4010">
    <p class='ocr_par' dir='ltr' id='par_1_80' title="bbox 1927 3936 3478 4010">
     <span class='ocr_line' id='line_1_80' title="bbox 1927 3936 3478 4010; baseline 0.003 -18"><span class='ocrx_word' id='word_1_603' title='bbox 1927 3945 2102 4007; x_wconf 88' lang='lat' dir='ltr'><strong>potest</strong></span> <span class='ocrx_word' id='word_1_604' title='bbox 2131 3951 2251 3992; x_wconf 87' lang='lat' dir='ltr'><strong>esse</strong></span> <span class='ocrx_word' id='word_1_605' title='bbox 2277 3936 2399 4007; x_wconf 88' lang='lat' dir='ltr'><strong>quis</strong></span> <span class='ocrx_word' id='word_1_606' title='bbox 2429 3936 2472 3990; x_wconf 91' lang='lat' dir='ltr'><strong>si</strong></span> <span class='ocrx_word' id='word_1_607' title='bbox 2505 3936 2644 3990; x_wconf 83' lang='lat' dir='ltr'><strong>ﬁlius</strong></span> <span class='ocrx_word' id='word_1_608' title='bbox 2670 3952 2773 3990; x_wconf 91' lang='lat' dir='ltr'><strong>non</strong></span> <span class='ocrx_word' id='word_1_609' title='bbox 2810 3939 2881 3992; x_wconf 91' lang='lat' dir='ltr'><strong>sit</strong></span> <span class='ocrx_word' id='word_1_610' title='bbox 2925 3937 3059 4010; x_wconf 77' lang='lat'><strong>(40),</strong></span> <span class='ocrx_word' id='word_1_611' title='bbox 3101 3955 3274 4010; x_wconf 82' lang='lat' dir='ltr'><strong>neque</strong></span> <span class='ocrx_word' id='word_1_612' title='bbox 3307 3940 3478 3996; x_wconf 86' lang='lat' dir='ltr'><strong>domi-</strong></span> 
     </span>
    </p>
   </div>
   <div class='ocr_carea' id='block_1_81' title="bbox 340 4074 1827 4152">
    <p class='ocr_par' dir='ltr' id='par_1_81' title="bbox 340 4074 1827 4152">
     <span class='ocr_line' id='line_1_81' title="bbox 340 4074 1827 4152; baseline 0.004 -23"><span class='ocrx_word' id='word_1_613' title='bbox 340 4075 560 4132; x_wconf 75' lang='lat' dir='ltr'><strong>“Joan.</strong></span> <span class='ocrx_word' id='word_1_614' title='bbox 586 4092 694 4143; x_wconf 79' lang='lat' dir='ltr'><strong>xiv,</strong></span> <span class='ocrx_word' id='word_1_615' title='bbox 716 4074 771 4129; x_wconf 89' lang='lat'><strong>9.</strong></span> <span class='ocrx_word' id='word_1_616' title='bbox 803 4074 846 4107; x_wconf 71' lang='grc'><strong>⁵⁸</strong></span> <span class='ocrx_word' id='word_1_617' title='bbox 868 4074 1021 4130; x_wconf 83' lang='lat' dir='ltr'><strong>Joan.</strong></span> <span class='ocrx_word' id='word_1_618' title='bbox 1043 4090 1100 4140; x_wconf 70' lang='grc' dir='ltr'><strong>ς,</strong></span> <span class='ocrx_word' id='word_1_619' title='bbox 1121 4074 1209 4130; x_wconf 85' lang='grc'><strong>50.</strong></span> <span class='ocrx_word' id='word_1_620' title='bbox 1283 4075 1329 4106; x_wconf 70' lang='grc'>⁸⁸</span> <span class='ocrx_word' id='word_1_621' title='bbox 1356 4074 1484 4130; x_wconf 90' lang='lat' dir='ltr'><strong>ibid.</strong></span> <span class='ocrx_word' id='word_1_622' title='bbox 1510 4075 1598 4132; x_wconf 84' lang='lat'><strong>58.</strong></span> <span class='ocrx_word' id='word_1_623' title='bbox 1671 4077 1716 4110; x_wconf 72' lang='grc'>⁸⁷</span> <span class='ocrx_word' id='word_1_624' title='bbox 1739 4078 1827 4152; x_wconf 64' lang='lat' dir='ltr'><strong>Sa;</strong></span> 
     </span>
    </p>
   </div>
   <div class='ocr_carea' id='block_1_82' title="bbox 1931 4074 2695 4152">
    <p class='ocr_par' dir='ltr' id='par_1_82' title="bbox 1931 4079 2695 4150">
     <span class='ocr_line' id='line_1_82' title="bbox 1931 4079 2695 4150; baseline -0.003 -14"><span class='ocrx_word' id='word_1_625' title='bbox 1931 4099 1985 4147; x_wconf 87' lang='grc' dir='ltr'>ιι,</span> <span class='ocrx_word' id='word_1_626' title='bbox 2009 4082 2100 4150; x_wconf 75' lang='lat' dir='ltr'><strong>as,</strong></span> <span class='ocrx_word' id='word_1_627' title='bbox 2123 4081 2213 4136; x_wconf 77' lang='lat' dir='ltr'><strong>ac.</strong></span> <span class='ocrx_word' id='word_1_628' title='bbox 2288 4079 2334 4113; x_wconf 76' lang='grc' dir='ltr'>ι·</span> <span class='ocrx_word' id='word_1_629' title='bbox 2355 4080 2374 4135; x_wconf 88' lang='grc' dir='ltr'><strong>ι</strong></span> <span class='ocrx_word' id='word_1_630' title='bbox 2392 4079 2519 4138; x_wconf 89' lang='lat' dir='ltr'><strong>Cor.</strong></span> <span class='ocrx_word' id='word_1_631' title='bbox 2544 4095 2582 4146; x_wconf 88' lang='grc' dir='ltr'>ι,</span> <span class='ocrx_word' id='word_1_632' title='bbox 2605 4079 2695 4134; x_wconf 76' lang='lat' dir='ltr'><strong>at.</strong></span> 
     </span>
    </p>
   </div>
   <div class='ocr_carea' id='block_1_83' title="bbox 340 4219 1822 4294">
    <p class='ocr_par' dir='ltr' id='par_1_83' title="bbox 340 4219 1822 4294">
     <span class='ocr_line' id='line_1_83' title="bbox 340 4219 1822 4294; baseline 0.001 -16"><span class='ocrx_word' id='word_1_633' title='bbox 340 4225 454 4294; x_wconf 78' lang='lat'><strong>(5|)</strong></span> <span class='ocrx_word' id='word_1_634' title='bbox 503 4223 578 4276; x_wconf 82' lang='lat' dir='ltr'><strong>lta</strong></span> <span class='ocrx_word' id='word_1_635' title='bbox 629 4237 756 4274; x_wconf 85' lang='lat' dir='ltr'><strong>mss.</strong></span> <span class='ocrx_word' id='word_1_636' title='bbox 810 4219 982 4294; x_wconf 86' lang='lat' dir='ltr'><strong>Alias,</strong></span> <span class='ocrx_word' id='word_1_637' title='bbox 1021 4237 1040 4269; x_wconf 77' lang='grc' dir='ltr'><strong>ι</strong></span> <span class='ocrx_word' id='word_1_638' title='bbox 1075 4227 1325 4286; x_wconf 89' lang='lat' dir='ltr'><strong>possunt,</strong></span> <span class='ocrx_word' id='word_1_639' title='bbox 1387 4220 1528 4274; x_wconf 91' lang='lat' dir='ltr'><strong>hanc</strong></span> <span class='ocrx_word' id='word_1_640' title='bbox 1575 4220 1822 4280; x_wconf 88' lang='lat' dir='ltr'><strong>videntes</strong></span> 
     </span>
    </p>
   </div>
   <div class='ocr_carea' id='block_1_84' title="bbox 277 4293 1480 4348">
    <p class='ocr_par' dir='ltr' id='par_1_84' title="bbox 277 4293 1480 4348">
     <span class='ocr_line' id='line_1_84' title="bbox 277 4293 1480 4348; baseline -0.01 0"><span class='ocrx_word' id='word_1_641' title='bbox 277 4295 414 4348; x_wconf 84' lang='lat' dir='ltr'><strong>illam</strong></span> <span class='ocrx_word' id='word_1_642' title='bbox 453 4295 650 4347; x_wconf 85' lang='lat' dir='ltr'><strong>vidisse</strong></span> <span class='ocrx_word' id='word_1_643' title='bbox 675 4293 1035 4344; x_wconf 87' lang='lat' dir='ltr'><strong>considerent.</strong></span> <span class='ocrx_word' id='word_1_644' title='bbox 1071 4307 1089 4340; x_wconf 82' lang='grc' dir='ltr'><strong>ι</strong></span> <span class='ocrx_word' id='word_1_645' title='bbox 1469 4295 1480 4304; x_wconf 93' lang='grc'>·</span> 
     </span>
    </p>
   </div>
   <div class='ocr_carea' id='block_1_85' title="bbox 337 4357 1824 4420">
    <p class='ocr_par' dir='ltr' id='par_1_85' title="bbox 337 4357 1824 4420">
     <span class='ocr_line' id='line_1_85' title="bbox 337 4357 1824 4420; baseline 0.001 -6"><span class='ocrx_word' id='word_1_646' title='bbox 337 4365 451 4420; x_wconf 76' lang='lat'><strong>(52)</strong></span> <span class='ocrx_word' id='word_1_647' title='bbox 487 4362 815 4414; x_wconf 79' lang='lat' dir='ltr'><strong>Camuaratio</strong></span> <span class='ocrx_word' id='word_1_648' title='bbox 839 4375 962 4411; x_wconf 80' lang='lat' dir='ltr'><strong>sane</strong></span> <span class='ocrx_word' id='word_1_649' title='bbox 982 4361 1044 4411; x_wconf 83' lang='lat' dir='ltr'><strong>de</strong></span> <span class='ocrx_word' id='word_1_650' title='bbox 1075 4359 1288 4419; x_wconf 71' lang='lat' dir='ltr'><strong>statuis,</strong></span> <span class='ocrx_word' id='word_1_651' title='bbox 1311 4368 1416 4412; x_wconf 87' lang='lat' dir='ltr'><strong>etc.</strong></span> <span class='ocrx_word' id='word_1_652' title='bbox 1445 4357 1666 4412; x_wconf 81' lang='lat' dir='ltr'><strong>Multum</strong></span> <span class='ocrx_word' id='word_1_653' title='bbox 1698 4360 1824 4416; x_wconf 87' lang='lat' dir='ltr'><strong>Hie-</strong></span> 
     </span>
    </p>
   </div>
   <div class='ocr_carea' id='block_1_86' title="bbox 279 4429 1890 4504">
    <p class='ocr_par' dir='ltr' id='par_1_86' title="bbox 279 4429 1890 4504">
     <span class='ocr_line' id='line_1_86' title="bbox 279 4429 1890 4504; baseline 0.002 -23"><span class='ocrx_word' id='word_1_654' title='bbox 279 4450 502 4504; x_wconf 79' lang='lat' dir='ltr'><strong>rnnvmo</strong></span> <span class='ocrx_word' id='word_1_655' title='bbox 528 4431 798 4504; x_wconf 86' lang='lat' dir='ltr'><strong>displicuit</strong></span> <span class='ocrx_word' id='word_1_656' title='bbox 827 4432 938 4504; x_wconf 59' lang='lat' dir='ltr'><strong>haic</strong></span> <span class='ocrx_word' id='word_1_657' title='bbox 976 4430 1306 4504; x_wconf 82' lang='lat' dir='ltr'><strong>comparatio</strong></span> <span class='ocrx_word' id='word_1_658' title='bbox 1326 4444 1496 4504; x_wconf 77' lang='lat' dir='ltr'><strong>quam</strong></span> <span class='ocrx_word' id='word_1_659' title='bbox 1524 4429 1663 4504; x_wconf 81' lang='lat' dir='ltr'><strong>inter</strong></span> <span class='ocrx_word' id='word_1_660' title='bbox 1685 4434 1817 4504; x_wconf 15' lang='lat' dir='ltr'><strong>AOri-</strong></span> <span class='ocrx_word' id='word_1_661' title='bbox 1849 4437 1890 4490; x_wconf 86' lang='grc' dir='ltr'>ι)</span> 
     </span>
    </p>
   </div>
   <div class='ocr_carea' id='block_1_87' title="bbox 277 4498 1812 4572">
    <p class='ocr_par' dir='ltr' id='par_1_87' title="bbox 277 4498 1812 4572">
     <span class='ocr_line' id='line_1_87' title="bbox 277 4498 1812 4572; baseline 0.001 -19"><span class='ocrx_word' id='word_1_662' title='bbox 277 4501 417 4572; x_wconf 62' lang='lat' dir='ltr'><strong>genis</strong></span> <span class='ocrx_word' id='word_1_663' title='bbox 473 4518 686 4556; x_wconf 87' lang='lat' dir='ltr'><strong>errores</strong></span> <span class='ocrx_word' id='word_1_664' title='bbox 705 4501 977 4572; x_wconf 90' lang='lat' dir='ltr'><strong>_vitandos</strong></span> <span class='ocrx_word' id='word_1_665' title='bbox 1022 4500 1232 4563; x_wconf 88' lang='lat' dir='ltr'><strong>reponit</strong></span> <span class='ocrx_word' id='word_1_666' title='bbox 1255 4499 1479 4572; x_wconf 81' lang='lat' dir='ltr'><strong>episiola</strong></span> <span class='ocrx_word' id='word_1_667' title='bbox 1505 4498 1570 4550; x_wconf 90' lang='lat' dir='ltr'><strong>ad</strong></span> <span class='ocrx_word' id='word_1_668' title='bbox 1600 4501 1812 4555; x_wconf 85' lang='lat' dir='ltr'><strong>Avitum</strong></span> 
     </span>
    </p>
   </div>
   <div class='ocr_carea' id='block_1_88' title="bbox 280 4567 1811 4636">
    <p class='ocr_par' dir='ltr' id='par_1_88' title="bbox 280 4567 1811 4636">
     <span class='ocr_line' id='line_1_88' title="bbox 280 4567 1811 4636; baseline -0.001 -12"><span class='ocrx_word' id='word_1_669' title='bbox 280 4567 355 4629; x_wconf 81' lang='lat' dir='ltr'><strong>his</strong></span> <span class='ocrx_word' id='word_1_670' title='bbox 387 4573 604 4628; x_wconf 86' lang='lat' dir='ltr'><strong>verbis:</strong></span> <span class='ocrx_word' id='word_1_671' title='bbox 641 4590 658 4621; x_wconf 85' lang='grc' dir='ltr'><strong>ι</strong></span> <span class='ocrx_word' id='word_1_672' title='bbox 702 4570 931 4622; x_wconf 87' lang='lat' dir='ltr'><strong>Duarum</strong></span> <span class='ocrx_word' id='word_1_673' title='bbox 965 4576 1266 4620; x_wconf 85' lang='lat' dir='ltr'><strong>statuarum</strong></span> <span class='ocrx_word' id='word_1_674' title='bbox 1297 4567 1512 4633; x_wconf 87' lang='lat' dir='ltr'><strong>majoris</strong></span> <span class='ocrx_word' id='word_1_675' title='bbox 1535 4578 1588 4622; x_wconf 91' lang='lat' dir='ltr'><strong>et</strong></span> <span class='ocrx_word' id='word_1_676' title='bbox 1617 4585 1811 4636; x_wconf 78' lang='lat' dir='ltr'><strong>parvu-</strong></span> 
     </span>
    </p>
   </div>
   <div class='ocr_carea' id='block_1_89' title="bbox 281 4637 1809 4708">
    <p class='ocr_par' dir='ltr' id='par_1_89' title="bbox 281 4637 1809 4708">
     <span class='ocr_line' id='line_1_89' title="bbox 281 4637 1809 4708; baseline -0.001 -14"><span class='ocrx_word' id='word_1_677' title='bbox 281 4644 334 4697; x_wconf 79' lang='lat' dir='ltr'><strong>l;e</strong></span> <span class='ocrx_word' id='word_1_678' title='bbox 365 4665 377 4699; x_wconf 89' lang='lat'><strong>:</strong></span> <span class='ocrx_word' id='word_1_679' title='bbox 412 4645 575 4698; x_wconf 88' lang='lat' dir='ltr'><strong>ttnius</strong></span> <span class='ocrx_word' id='word_1_680' title='bbox 602 4655 721 4708; x_wconf 75' lang='lat' dir='ltr'><strong>qua:</strong></span> <span class='ocrx_word' id='word_1_681' title='bbox 765 4643 1021 4691; x_wconf 89' lang='lat' dir='ltr'><strong>mundttm</strong></span> <span class='ocrx_word' id='word_1_682' title='bbox 1055 4637 1308 4708; x_wconf 88' lang='lat' dir='ltr'><strong>impleat,</strong></span> <span class='ocrx_word' id='word_1_683' title='bbox 1352 4647 1404 4691; x_wconf 90' lang='lat' dir='ltr'><strong>ct</strong></span> <span class='ocrx_word' id='word_1_684' title='bbox 1440 4639 1809 4706; x_wconf 85' lang='lat' dir='ltr'><strong>magnitudine</strong></span> 
     </span>
    </p>
   </div>
   <div class='ocr_carea' id='block_1_90' title="bbox 278 4705 1800 4782">
    <p class='ocr_par' dir='ltr' id='par_1_90' title="bbox 278 4705 1800 4782">
     <span class='ocr_line' id='line_1_90' title="bbox 278 4705 1800 4782; baseline 0.001 -19"><span class='ocrx_word' id='word_1_685' title='bbox 278 4730 361 4768; x_wconf 86' lang='lat' dir='ltr'><strong>sua</strong></span> <span class='ocrx_word' id='word_1_686' title='bbox 401 4705 804 4782; x_wconf 84' lang='lat' dir='ltr'><strong>quodammodo</strong></span> <span class='ocrx_word' id='word_1_687' title='bbox 835 4705 1122 4782; x_wconf 77' lang='lat' dir='ltr'><strong>invisibilis</strong></span> <span class='ocrx_word' id='word_1_688' title='bbox 1154 4707 1255 4782; x_wconf 91' lang='lat' dir='ltr'><strong>sit,</strong></span> <span class='ocrx_word' id='word_1_689' title='bbox 1309 4715 1364 4759; x_wconf 91' lang='lat' dir='ltr'><strong>et</strong></span> <span class='ocrx_word' id='word_1_690' title='bbox 1417 4705 1637 4782; x_wconf 55' lang='lat' dir='ltr'><strong>alter-ips</strong></span> <span class='ocrx_word' id='word_1_691' title='bbox 1682 4725 1800 4777; x_wconf 83' lang='lat' dir='ltr'><strong>qua:</strong></span> 
     </span>
    </p>
   </div>
   <div class='ocr_carea' id='block_1_91' title="bbox 280 4776 1800 4846">
    <p class='ocr_par' dir='ltr' id='par_1_91' title="bbox 280 4776 1800 4846">
     <span class='ocr_line' id='line_1_91' title="bbox 280 4776 1800 4846; baseline -0.003 -12"><span class='ocrx_word' id='word_1_692' title='bbox 280 4787 371 4836; x_wconf 87' lang='lat' dir='ltr'><strong>sub</strong></span> <span class='ocrx_word' id='word_1_693' title='bbox 401 4776 594 4838; x_wconf 72' lang='lat' dir='ltr'><strong>oculos</strong></span> <span class='ocrx_word' id='word_1_694' title='bbox 620 4779 795 4842; x_wconf 88' lang='lat' dir='ltr'><strong>cadat,</strong></span> <span class='ocrx_word' id='word_1_695' title='bbox 825 4778 972 4846; x_wconf 88' lang='lat' dir='ltr'><strong>ponit</strong></span> <span class='ocrx_word' id='word_1_696' title='bbox 997 4776 1332 4844; x_wconf 77' lang='lat' dir='ltr'><strong>exemplum;</strong></span> <span class='ocrx_word' id='word_1_697' title='bbox 1363 4779 1526 4844; x_wconf 88' lang='lat' dir='ltr'><strong>priori</strong></span> <span class='ocrx_word' id='word_1_698' title='bbox 1563 4776 1800 4839; x_wconf 79' lang='lat' dir='ltr'><strong>Patrem,</strong></span> 
     </span>
    </p>
   </div>
   <div class='ocr_carea' id='block_1_92' title="bbox 285 4846 1812 4917">
    <p class='ocr_par' dir='ltr' id='par_1_92' title="bbox 285 4846 1812 4917">
     <span class='ocr_line' id='line_1_92' title="bbox 285 4846 1812 4917; baseline 0 -15"><span class='ocrx_word' id='word_1_699' title='bbox 285 4851 555 4917; x_wconf 79' lang='lat' dir='ltr'><strong>posteriori</strong></span> <span class='ocrx_word' id='word_1_700' title='bbox 583 4851 774 4903; x_wconf 84' lang='lat' dir='ltr'><strong>Filium</strong></span> <span class='ocrx_word' id='word_1_701' title='bbox 802 4860 1143 4914; x_wconf 89' lang='lat' dir='ltr'><strong>comparans.</strong></span> <span class='ocrx_word' id='word_1_702' title='bbox 1182 4846 1402 4917; x_wconf 51' lang='lat' dir='ltr'><strong>{Cruda</strong></span> <span class='ocrx_word' id='word_1_703' title='bbox 1434 4848 1610 4916; x_wconf 88' lang='lat' dir='ltr'><strong>itaque</strong></span> <span class='ocrx_word' id='word_1_704' title='bbox 1639 4861 1693 4902; x_wconf 89' lang='lat' dir='ltr'><strong>ct</strong></span> <span class='ocrx_word' id='word_1_705' title='bbox 1728 4851 1812 4902; x_wconf 88' lang='lat' dir='ltr'><strong>in-</strong></span> 
     </span>
    </p>
   </div>
   <div class='ocr_carea' id='block_1_93' title="bbox 287 4914 1814 4992">
    <p class='ocr_par' dir='ltr' id='par_1_93' title="bbox 287 4914 1814 4992">
     <span class='ocr_line' id='line_1_93' title="bbox 287 4914 1814 4992; baseline -0.001 -20"><span class='ocrx_word' id='word_1_706' title='bbox 287 4914 488 4992; x_wconf 77' lang='lat' dir='ltr'><strong>digesta</strong></span> <span class='ocrx_word' id='word_1_707' title='bbox 517 4922 568 4972; x_wconf 90' lang='lat' dir='ltr'><strong>in</strong></span> <span class='ocrx_word' id='word_1_708' title='bbox 599 4919 1038 4992; x_wconf 38' lang='lat' dir='ltr'><strong>Graecohnecesse</strong></span> <span class='ocrx_word' id='word_1_709' title='bbox 1064 4914 1350 4992; x_wconf 83' lang='lat' dir='ltr'><strong>es_t__l&#39;uerit</strong></span> <span class='ocrx_word' id='word_1_710' title='bbox 1380 4917 1490 4992; x_wconf 77' lang='lat' dir='ltr'><strong>haec</strong></span> <span class='ocrx_word' id='word_1_711' title='bbox 1527 4914 1814 4992; x_wconf 81' lang='lat' dir='ltr'><strong>compara-</strong></span> 
     </span>
    </p>
   </div>
   <div class='ocr_carea' id='block_1_94' title="bbox 290 4985 1816 5058">
    <p class='ocr_par' dir='ltr' id='par_1_94' title="bbox 290 4985 1816 5058">
     <span class='ocr_line' id='line_1_94' title="bbox 290 4985 1816 5058; baseline 0.001 -19"><span class='ocrx_word' id='word_1_712' title='bbox 290 4985 371 5056; x_wconf 67' lang='lat' dir='ltr'><strong>uti,</strong></span> <span class='ocrx_word' id='word_1_713' title='bbox 399 4991 495 5047; x_wconf 89' lang='lat' dir='ltr'><strong>sed</strong></span> <span class='ocrx_word' id='word_1_714' title='bbox 518 5001 700 5058; x_wconf 88' lang='lat' dir='ltr'><strong>postea</strong></span> <span class='ocrx_word' id='word_1_715' title='bbox 727 5005 754 5042; x_wconf 91' lang='lat' dir='ltr'><strong>a</strong></span> <span class='ocrx_word' id='word_1_716' title='bbox 785 4988 981 5058; x_wconf 71' lang='lat' dir='ltr'><strong>ltulino</strong></span> <span class='ocrx_word' id='word_1_717' title='bbox 997 4985 1234 5058; x_wconf 79' lang='lat' dir='ltr'><strong>emollita</strong></span> <span class='ocrx_word' id='word_1_718' title='bbox 1255 5026 1270 5050; x_wconf 94' lang='lat'><strong>,</strong></span> <span class='ocrx_word' id='word_1_719' title='bbox 1299 4987 1446 5058; x_wconf 81' lang='lat' dir='ltr'><strong>etad</strong></span> <span class='ocrx_word' id='word_1_720' title='bbox 1485 4985 1816 5041; x_wconf 82' lang='lat' dir='ltr'><strong>commodio-</strong></span> 
     </span>
    </p>
   </div>
   <div class='ocr_carea' id='block_1_95' title="bbox 290 5055 1813 5127">
    <p class='ocr_par' dir='ltr' id='par_1_95' title="bbox 290 5055 1813 5127">
     <span class='ocr_line' id='line_1_95' title="bbox 290 5055 1813 5127; baseline 0 -18"><span class='ocrx_word' id='word_1_721' title='bbox 290 5055 388 5115; x_wconf 84' lang='lat' dir='ltr'><strong>rem</strong></span> <span class='ocrx_word' id='word_1_722' title='bbox 420 5055 642 5116; x_wconf 77' lang='lat' dir='ltr'><strong>sensum</strong></span> <span class='ocrx_word' id='word_1_723' title='bbox 668 5057 985 5127; x_wconf 85' lang='lat' dir='ltr'><strong>quibusdam</strong></span> <span class='ocrx_word' id='word_1_724' title='bbox 1017 5055 1214 5127; x_wconf 81' lang='lat' dir='ltr'><strong>additis</strong></span> <span class='ocrx_word' id='word_1_725' title='bbox 1235 5095 1248 5118; x_wconf 94' lang='lat'><strong>,</strong></span> <span class='ocrx_word' id='word_1_726' title='bbox 1273 5056 1588 5127; x_wconf 88' lang='lat' dir='ltr'><strong>quibusdam</strong></span> <span class='ocrx_word' id='word_1_727' title='bbox 1633 5060 1813 5112; x_wconf 86' lang='lat' dir='ltr'><strong>detra-</strong></span> 
     </span>
    </p>
   </div>
   <div class='ocr_carea' id='block_1_96' title="bbox 286 5125 1813 5196">
    <p class='ocr_par' dir='ltr' id='par_1_96' title="bbox 286 5125 1813 5196">
     <span class='ocr_line' id='line_1_96' title="bbox 286 5125 1813 5196; baseline -0.001 -15"><span class='ocrx_word' id='word_1_728' title='bbox 286 5132 377 5185; x_wconf 88' lang='lat' dir='ltr'><strong>ctis</strong></span> <span class='ocrx_word' id='word_1_729' title='bbox 418 5125 698 5184; x_wconf 59' lang='lat' dir='ltr'><strong>revocata.</strong></span> <span class='ocrx_word' id='word_1_730' title='bbox 739 5127 866 5182; x_wconf 80' lang='lat' dir='ltr'><strong>Vide</strong></span> <span class='ocrx_word' id='word_1_731' title='bbox 925 5125 1224 5195; x_wconf 82' lang='lat' dir='ltr'><strong>Origenian.</strong></span> <span class='ocrx_word' id='word_1_732' title='bbox 1283 5126 1377 5178; x_wconf 90' lang='lat' dir='ltr'><strong>lib.</strong></span> <span class='ocrx_word' id='word_1_733' title='bbox 1407 5141 1485 5190; x_wconf 86' lang='lat' dir='ltr'><strong>tt,</strong></span> <span class='ocrx_word' id='word_1_734' title='bbox 1536 5138 1725 5196; x_wconf 62' lang='lat' dir='ltr'><strong>quaest.</strong></span> <span class='ocrx_word' id='word_1_735' title='bbox 1756 5129 1813 5192; x_wconf 79' lang='lat'><strong>2,</strong></span> 
     </span>
    </p>
   </div>
   <div class='ocr_carea' id='block_1_97' title="bbox 285 5205 497 5255">
    <p class='ocr_par' dir='ltr' id='par_1_97' title="bbox 285 5205 497 5255">
     <span class='ocr_line' id='line_1_97' title="bbox 285 5205 497 5255; baseline 0.014 -6"><span class='ocrx_word' id='word_1_736' title='bbox 285 5212 414 5254; x_wconf 89' lang='lat' dir='ltr'><strong>num.</strong></span> <span class='ocrx_word' id='word_1_737' title='bbox 443 5205 497 5255; x_wconf 77' lang='lat'><strong>8.</strong></span> 
     </span>
    </p>
   </div>
   <div class='ocr_carea' id='block_1_98' title="bbox 344 5265 1810 5338">
    <p class='ocr_par' dir='ltr' id='par_1_98' title="bbox 344 5265 1810 5338">
     <span class='ocr_line' id='line_1_98' title="bbox 344 5265 1810 5338; baseline -0.001 -16"><span class='ocrx_word' id='word_1_738' title='bbox 344 5272 449 5338; x_wconf 79' lang='lat'><strong>(55)</strong></span> <span class='ocrx_word' id='word_1_739' title='bbox 477 5270 570 5324; x_wconf 90' lang='lat' dir='ltr'><strong>Sic</strong></span> <span class='ocrx_word' id='word_1_740' title='bbox 584 5282 770 5322; x_wconf 89' lang='lat' dir='ltr'><strong>omnes</strong></span> <span class='ocrx_word' id='word_1_741' title='bbox 797 5282 930 5324; x_wconf 89' lang='lat' dir='ltr'><strong>mss.</strong></span> <span class='ocrx_word' id='word_1_742' title='bbox 955 5265 1118 5332; x_wconf 88' lang='lat' dir='ltr'><strong>Alias,</strong></span> <span class='ocrx_word' id='word_1_743' title='bbox 1152 5284 1170 5316; x_wconf 80' lang='grc' dir='ltr'><strong>ι</strong></span> <span class='ocrx_word' id='word_1_744' title='bbox 1194 5279 1456 5338; x_wconf 86' lang='lat' dir='ltr'><strong>apparens</strong></span> <span class='ocrx_word' id='word_1_745' title='bbox 1486 5267 1538 5318; x_wconf 89' lang='lat' dir='ltr'><strong>in</strong></span> <span class='ocrx_word' id='word_1_746' title='bbox 1566 5267 1725 5321; x_wconf 90' lang='lat' dir='ltr'><strong>terris</strong></span> <span class='ocrx_word' id='word_1_747' title='bbox 1759 5267 1810 5320; x_wconf 92' lang='lat' dir='ltr'><strong>in</strong></span> 
     </span>
    </p>
   </div>
   <div class='ocr_carea' id='block_1_99' title="bbox 288 5336 1812 5408">
    <p class='ocr_par' dir='ltr' id='par_1_99' title="bbox 288 5336 1812 5408">
     <span class='ocr_line' id='line_1_99' title="bbox 288 5336 1812 5408; baseline 0.001 -20"><span class='ocrx_word' id='word_1_748' title='bbox 288 5336 492 5394; x_wconf 84' lang='lat' dir='ltr'><strong>humani</strong></span> <span class='ocrx_word' id='word_1_749' title='bbox 542 5339 800 5408; x_wconf 21' lang='lat' dir='ltr'><strong>corporis!</strong></span> <span class='ocrx_word' id='word_1_750' title='bbox 827 5340 994 5390; x_wconf 89' lang='lat' dir='ltr'><strong>l&#39;orma</strong></span> <span class='ocrx_word' id='word_1_751' title='bbox 1036 5352 1100 5389; x_wconf 78' lang='lat' dir='ltr'><strong>ex</strong></span> <span class='ocrx_word' id='word_1_752' title='bbox 1138 5351 1364 5403; x_wconf 90' lang='lat' dir='ltr'><strong>operum</strong></span> <span class='ocrx_word' id='word_1_753' title='bbox 1410 5336 1609 5390; x_wconf 90' lang='lat' dir='ltr'><strong>virtute</strong></span> <span class='ocrx_word' id='word_1_754' title='bbox 1655 5347 1812 5407; x_wconf 90' lang='lat' dir='ltr'><strong>atque</strong></span> 
     </span>
    </p>
   </div>
   <div class='ocr_carea' id='block_1_100' title="bbox 286 5406 1599 5468">
    <p class='ocr_par' dir='ltr' id='par_1_100' title="bbox 286 5406 1599 5468">
     <span class='ocr_line' id='line_1_100' title="bbox 286 5406 1599 5468; baseline 0 -10"><span class='ocrx_word' id='word_1_755' title='bbox 286 5406 751 5463; x_wconf 46' lang='lat' dir='ltr'><strong>siinilituditie&#39;DL-i</strong></span> <span class='ocrx_word' id='word_1_756' title='bbox 781 5406 959 5460; x_wconf 87' lang='lat' dir='ltr'><strong>Patris</strong></span> <span class='ocrx_word' id='word_1_757' title='bbox 991 5408 1040 5459; x_wconf 92' lang='lat' dir='ltr'><strong>in</strong></span> <span class='ocrx_word' id='word_1_758' title='bbox 1075 5408 1416 5468; x_wconf 88' lang='lat' dir='ltr'><strong>immensam,</strong></span> <span class='ocrx_word' id='word_1_759' title='bbox 1449 5423 1466 5455; x_wconf 85' lang='grc' dir='ltr'><strong>ι</strong></span> <span class='ocrx_word' id='word_1_760' title='bbox 1496 5417 1599 5458; x_wconf 88' lang='lat' dir='ltr'><strong>etc.</strong></span> 
     </span>
    </p>
   </div>
   <div class='ocr_carea' id='block_1_101' title="bbox 347 5475 1813 5549">
    <p class='ocr_par' dir='ltr' id='par_1_101' title="bbox 347 5475 1813 5549">
     <span class='ocr_line' id='line_1_101' title="bbox 347 5475 1813 5549; baseline -0.003 -15"><span class='ocrx_word' id='word_1_761' title='bbox 347 5479 450 5548; x_wconf 73' lang='grc'>(54)</span> <span class='ocrx_word' id='word_1_762' title='bbox 486 5479 658 5549; x_wconf 83' lang='lat' dir='ltr'><strong>Vapor</strong></span> <span class='ocrx_word' id='word_1_763' title='bbox 701 5489 774 5532; x_wconf 74' lang='lat' dir='ltr'><strong>est</strong></span> <span class='ocrx_word' id='word_1_764' title='bbox 806 5477 1045 5546; x_wconf 84' lang='lat' dir='ltr'><strong>quidam.</strong></span> <span class='ocrx_word' id='word_1_765' title='bbox 1077 5475 1223 5529; x_wconf 83' lang='lat' dir='ltr'><strong>Alias</strong></span> <span class='ocrx_word' id='word_1_766' title='bbox 1247 5515 1263 5541; x_wconf 93' lang='lat'><strong>,</strong></span> <span class='ocrx_word' id='word_1_767' title='bbox 1295 5492 1313 5524; x_wconf 79' lang='grc' dir='ltr'><strong>ι</strong></span> <span class='ocrx_word' id='word_1_768' title='bbox 1351 5491 1515 5544; x_wconf 84' lang='lat' dir='ltr'><strong>vapor</strong></span> <span class='ocrx_word' id='word_1_769' title='bbox 1561 5487 1645 5530; x_wconf 88' lang='lat' dir='ltr'><strong>est</strong></span> <span class='ocrx_word' id='word_1_770' title='bbox 1697 5479 1813 5545; x_wconf 59' lang='lat' dir='ltr'><strong>qui&#39;</strong></span> 
     </span>
    </p>
   </div>
   <div class='ocr_carea' id='block_1_102' title="bbox 289 5546 468 5602">
    <p class='ocr_par' dir='ltr' id='par_1_102' title="bbox 289 5546 468 5602">
     <span class='ocr_line' id='line_1_102' title="bbox 289 5546 468 5602; baseline 0.034 -6"><span class='ocrx_word' id='word_1_771' title='bbox 289 5546 413 5602; x_wconf 87' lang='lat' dir='ltr'><strong>dem.</strong></span> <span class='ocrx_word' id='word_1_772' title='bbox 434 5546 468 5601; x_wconf 65' lang='grc' dir='ltr'><strong>ἰ</strong></span> 
     </span>
    </p>
   </div>
   <div class='ocr_carea' id='block_1_103' title="bbox 350 5614 1812 5690">
    <p class='ocr_par' dir='ltr' id='par_1_103' title="bbox 350 5614 1812 5690">
     <span class='ocr_line' id='line_1_103' title="bbox 350 5614 1812 5690; baseline -0.001 -20"><span class='ocrx_word' id='word_1_773' title='bbox 350 5617 452 5690; x_wconf 79' lang='grc'>(55)</span> <span class='ocrx_word' id='word_1_774' title='bbox 492 5618 581 5674; x_wconf 91' lang='lat' dir='ltr'><strong>Sic</strong></span> <span class='ocrx_word' id='word_1_775' title='bbox 623 5635 755 5672; x_wconf 91' lang='lat' dir='ltr'><strong>mss.</strong></span> <span class='ocrx_word' id='word_1_776' title='bbox 803 5617 970 5677; x_wconf 86' lang='lat' dir='ltr'><strong>Alias,</strong></span> <span class='ocrx_word' id='word_1_777' title='bbox 1026 5631 1044 5664; x_wconf 86' lang='grc'><strong><em>‹</em></strong></span> <span class='ocrx_word' id='word_1_778' title='bbox 1098 5614 1327 5690; x_wconf 89' lang='lat' dir='ltr'><strong>aliquem</strong></span> <span class='ocrx_word' id='word_1_779' title='bbox 1375 5614 1812 5690; x_wconf 70' lang='lat' dir='ltr'><strong>horumascrihi</strong></span> 
     </span>
    </p>
   </div>
   <div class='ocr_carea' id='block_1_104' title="bbox 290 5684 1818 5754">
    <p class='ocr_par' dir='ltr' id='par_1_104' title="bbox 290 5684 1818 5754">
     <span class='ocr_line' id='line_1_104' title="bbox 290 5684 1818 5754; baseline 0 -16"><span class='ocrx_word' id='word_1_780' title='bbox 290 5684 540 5754; x_wconf 63' lang='lat' dir='ltr'><strong>Vaporem,</strong></span> <span class='ocrx_word' id='word_1_781' title='bbox 575 5692 668 5742; x_wconf 87' lang='lat' dir='ltr'><strong>sed</strong></span> <span class='ocrx_word' id='word_1_782' title='bbox 703 5701 964 5739; x_wconf 91' lang='lat' dir='ltr'><strong>tumcum</strong></span> <span class='ocrx_word' id='word_1_783' title='bbox 1011 5687 1354 5754; x_wconf 71' lang='lat' dir='ltr'><strong>proprietate.</strong></span> <span class='ocrx_word' id='word_1_784' title='bbox 1409 5703 1427 5734; x_wconf 81' lang='grc' dir='ltr'><strong>ι</strong></span> <span class='ocrx_word' id='word_1_785' title='bbox 1475 5684 1638 5737; x_wconf 85' lang='lat' dir='ltr'><strong>Paulo</strong></span> <span class='ocrx_word' id='word_1_786' title='bbox 1697 5696 1818 5752; x_wconf 83' lang='lat' dir='ltr'><strong>post</strong></span> 
     </span>
    </p>
   </div>
   <div class='ocr_carea' id='block_1_105' title="bbox 292 5750 1816 5828">
    <p class='ocr_par' dir='ltr' id='par_1_105' title="bbox 292 5750 1816 5828">
     <span class='ocr_line' id='line_1_105' title="bbox 292 5750 1816 5828; baseline -0.001 -19"><span class='ocrx_word' id='word_1_787' title='bbox 292 5750 428 5823; x_wconf 39' lang='lat' dir='ltr'><strong>Ius-sq</strong></span> <span class='ocrx_word' id='word_1_788' title='bbox 455 5777 472 5809; x_wconf 78' lang='grc' dir='ltr'><strong>ι</strong></span> <span class='ocrx_word' id='word_1_789' title='bbox 506 5750 608 5828; x_wconf 87' lang='lat' dir='ltr'><strong>qua</strong></span> <span class='ocrx_word' id='word_1_790' title='bbox 639 5762 801 5826; x_wconf 82' lang='lat' dir='ltr'><strong>viget,</strong></span> <span class='ocrx_word' id='word_1_791' title='bbox 825 5771 928 5825; x_wconf 80' lang='lat' dir='ltr'><strong>qua</strong></span> <span class='ocrx_word' id='word_1_792' title='bbox 956 5750 1135 5807; x_wconf 77' lang='lat' dir='ltr'><strong>omnia</strong></span> <span class='ocrx_word' id='word_1_793' title='bbox 1160 5750 1412 5818; x_wconf 87' lang='lat' dir='ltr'><strong>visibilia,</strong></span> <span class='ocrx_word' id='word_1_794' title='bbox 1453 5772 1471 5805; x_wconf 82' lang='grc' dir='ltr'><strong>ι</strong></span> <span class='ocrx_word' id='word_1_795' title='bbox 1501 5767 1605 5824; x_wconf 82' lang='lat' dir='ltr'><strong>etc.</strong></span> <span class='ocrx_word' id='word_1_796' title='bbox 1637 5750 1816 5808; x_wconf 58' lang='grc' dir='ltr'>Ιιίιιιι-</span> 
     </span>
    </p>
   </div>
   <div class='ocr_carea' id='block_1_106' title="bbox 587 5846 1178 5914">
    <p class='ocr_par' dir='ltr' id='par_1_106' title="bbox 587 5846 1178 5914">
     <span class='ocr_line' id='line_1_106' title="bbox 587 5846 1178 5914; baseline -0.014 0"><span class='ocrx_word' id='word_1_797' title='bbox 587 5850 855 5914; x_wconf 69' lang='grc' dir='ltr'><strong>Ρλτιιοι..</strong></span> <span class='ocrx_word' id='word_1_798' title='bbox 901 5849 1018 5908; x_wconf 77' lang='lat' dir='ltr'><strong>Gn.</strong></span> <span class='ocrx_word' id='word_1_799' title='bbox 1069 5846 1178 5907; x_wconf 80' lang='lat' dir='ltr'><strong>XI.</strong></span> 
     </span>
    </p>
   </div>
   <div class='ocr_carea' id='block_1_107' title="bbox 1929 4219 3476 4292">
    <p class='ocr_par' dir='ltr' id='par_1_107' title="bbox 1929 4219 3476 4292">
     <span class='ocr_line' id='line_1_107' title="bbox 1929 4219 3476 4292; baseline -0.002 -13"><span class='ocrx_word' id='word_1_800' title='bbox 1929 4236 2013 4280; x_wconf 91' lang='lat' dir='ltr'><strong>tea</strong></span> <span class='ocrx_word' id='word_1_801' title='bbox 2050 4226 2206 4281; x_wconf 90' lang='lat' dir='ltr'><strong>editis</strong></span> <span class='ocrx_word' id='word_1_802' title='bbox 2244 4225 2412 4290; x_wconf 90' lang='lat' dir='ltr'><strong>deest,</strong></span> <span class='ocrx_word' id='word_1_803' title='bbox 2449 4240 2468 4273; x_wconf 84' lang='grc'><strong><em>‹</em></strong></span> <span class='ocrx_word' id='word_1_804' title='bbox 2505 4237 2607 4292; x_wconf 85' lang='lat' dir='ltr'><strong>qua</strong></span> <span class='ocrx_word' id='word_1_805' title='bbox 2652 4221 2816 4289; x_wconf 84' lang='lat' dir='ltr'><strong>viget.</strong></span> <span class='ocrx_word' id='word_1_806' title='bbox 2841 4241 2877 4292; x_wconf 15' lang='grc' dir='ltr'>γι</span> <span class='ocrx_word' id='word_1_807' title='bbox 2926 4219 3091 4274; x_wconf 86' lang='lat' dir='ltr'><strong>Paulo</strong></span> <span class='ocrx_word' id='word_1_808' title='bbox 3148 4219 3286 4274; x_wconf 85' lang='lat' dir='ltr'><strong>inl‘ra</strong></span> <span class='ocrx_word' id='word_1_809' title='bbox 3316 4236 3476 4292; x_wconf 85' lang='lat' dir='ltr'><strong>mss.,</strong></span> 
     </span>
    </p>
   </div>
   <div class='ocr_carea' id='block_1_108' title="bbox 1935 4289 3476 4361">
    <p class='ocr_par' dir='ltr' id='par_1_108' title="bbox 1935 4289 3476 4361">
     <span class='ocr_line' id='line_1_108' title="bbox 1935 4289 3476 4361; baseline -0.001 -15"><span class='ocrx_word' id='word_1_810' title='bbox 1935 4315 1955 4346; x_wconf 73' lang='grc' dir='ltr'><strong>ι</strong></span> <span class='ocrx_word' id='word_1_811' title='bbox 1994 4297 2186 4361; x_wconf 92' lang='lat' dir='ltr'><strong>quibus</strong></span> <span class='ocrx_word' id='word_1_812' title='bbox 2229 4289 2537 4354; x_wconf 27' lang='lat' dir='ltr'><strong>velut&#39;ttni,‘</strong></span> <span class='ocrx_word' id='word_1_813' title='bbox 2579 4294 2651 4344; x_wconf 90' lang='lat' dir='ltr'><strong>ita</strong></span> <span class='ocrx_word' id='word_1_814' title='bbox 2682 4291 2937 4361; x_wconf 92' lang='lat' dir='ltr'><strong>_omnihus</strong></span> <span class='ocrx_word' id='word_1_815' title='bbox 2995 4292 3167 4344; x_wconf 84' lang='lat' dir='ltr'><strong>adest.</strong></span> <span class='ocrx_word' id='word_1_816' title='bbox 3231 4308 3250 4341; x_wconf 77' lang='grc' dir='ltr'><strong>ι</strong></span> <span class='ocrx_word' id='word_1_817' title='bbox 3304 4289 3476 4356; x_wconf 83' lang='lat' dir='ltr'><strong>Alias,</strong></span> 
     </span>
    </p>
   </div>
   <div class='ocr_carea' id='block_1_109' title="bbox 1935 4359 3051 4432">
    <p class='ocr_par' dir='ltr' id='par_1_109' title="bbox 1935 4359 3051 4432">
     <span class='ocr_line' id='line_1_109' title="bbox 1935 4359 3051 4432; baseline -0.005 -16"><span class='ocrx_word' id='word_1_818' title='bbox 1935 4385 1954 4416; x_wconf 76' lang='grc' dir='ltr'><strong>ι</strong></span> <span class='ocrx_word' id='word_1_819' title='bbox 1990 4359 2182 4432; x_wconf 79' lang='lat' dir='ltr'><strong>quibus</strong></span> <span class='ocrx_word' id='word_1_820' title='bbox 2203 4364 2348 4416; x_wconf 90' lang='lat' dir='ltr'><strong>velut</strong></span> <span class='ocrx_word' id='word_1_821' title='bbox 2372 4363 2519 4413; x_wconf 88' lang='lat' dir='ltr'><strong>unita</strong></span> <span class='ocrx_word' id='word_1_822' title='bbox 2549 4359 2798 4432; x_wconf 79' lang='lat' dir='ltr'><strong>omnibus</strong></span> <span class='ocrx_word' id='word_1_823' title='bbox 2827 4361 2997 4412; x_wconf 88' lang='lat' dir='ltr'><strong>adest.</strong></span> <span class='ocrx_word' id='word_1_824' title='bbox 3032 4379 3051 4410; x_wconf 79' lang='grc' dir='ltr'><strong>ι</strong></span> 
     </span>
    </p>
   </div>
   <div class='ocr_carea' id='block_1_110' title="bbox 1991 4427 3477 4505">
    <p class='ocr_par' dir='ltr' id='par_1_110' title="bbox 1991 4427 3477 4505">
     <span class='ocr_line' id='line_1_110' title="bbox 1991 4427 3477 4505; baseline -0.003 -19"><span class='ocrx_word' id='word_1_825' title='bbox 1991 4427 2314 4505; x_wconf 76' lang='lat' dir='ltr'><strong>(56)__Virtus</strong></span> <span class='ocrx_word' id='word_1_826' title='bbox 2346 4432 2582 4505; x_wconf 74' lang='lat' dir='ltr'><strong>e/ﬁcitur.</strong></span> <span class='ocrx_word' id='word_1_827' title='bbox 2604 4428 2735 4505; x_wconf 84' lang='lat' dir='ltr'><strong>_Post</strong></span> <span class='ocrx_word' id='word_1_828' title='bbox 2765 4432 2876 4505; x_wconf 65' lang='lat' dir='ltr'><strong>haec</strong></span> <span class='ocrx_word' id='word_1_829' title='bbox 2897 4432 3058 4505; x_wconf 64' lang='lat' dir='ltr'><strong>verba</strong></span> <span class='ocrx_word' id='word_1_830' title='bbox 3088 4429 3142 4481; x_wconf 88' lang='lat' dir='ltr'><strong>in</strong></span> <span class='ocrx_word' id='word_1_831' title='bbox 3174 4435 3329 4505; x_wconf 78' lang='lat' dir='ltr'><strong>antea</strong></span> <span class='ocrx_word' id='word_1_832' title='bbox 3360 4427 3477 4505; x_wconf 72' lang='lat' dir='ltr'><strong>edi-</strong></span> 
     </span>
    </p>
   </div>
   <div class='ocr_carea' id='block_1_111' title="bbox 1923 4498 3472 4562">
    <p class='ocr_par' dir='ltr' id='par_1_111' title="bbox 1923 4498 3472 4562">
     <span class='ocr_line' id='line_1_111' title="bbox 1923 4498 3472 4562; baseline -0.005 -1"><span class='ocrx_word' id='word_1_833' title='bbox 1923 4498 2008 4560; x_wconf 48' lang='lat' dir='ltr'><strong>tis‘</strong></span> <span class='ocrx_word' id='word_1_834' title='bbox 2031 4498 2270 4562; x_wconf 90' lang='lat' dir='ltr'><strong>additur,</strong></span> <span class='ocrx_word' id='word_1_835' title='bbox 2312 4518 2330 4549; x_wconf 76' lang='grc' dir='ltr'><strong>ι</strong></span> <span class='ocrx_word' id='word_1_836' title='bbox 2371 4498 2541 4551; x_wconf 79' lang='lat' dir='ltr'><strong>virtus</strong></span> <span class='ocrx_word' id='word_1_837' title='bbox 2569 4499 2728 4550; x_wconf 87' lang='lat' dir='ltr'><strong>altera</strong></span> <span class='ocrx_word' id='word_1_838' title='bbox 2758 4516 2776 4551; x_wconf 92' lang='lat'><strong>.:</strong></span> <span class='ocrx_word' id='word_1_839' title='bbox 2819 4499 2888 4551; x_wconf 91' lang='lat' dir='ltr'><strong>ita</strong></span> <span class='ocrx_word' id='word_1_840' title='bbox 2913 4498 3111 4552; x_wconf 89' lang='lat' dir='ltr'><strong>dictum</strong></span> <span class='ocrx_word' id='word_1_841' title='bbox 3137 4507 3219 4551; x_wconf 91' lang='lat' dir='ltr'><strong>est</strong></span> <span class='ocrx_word' id='word_1_842' title='bbox 3243 4499 3385 4553; x_wconf 91' lang='lat' dir='ltr'><strong>sicut</strong></span> <span class='ocrx_word' id='word_1_843' title='bbox 3417 4499 3472 4554; x_wconf 89' lang='lat' dir='ltr'><strong>in</strong></span> 
     </span>
    </p>
   </div>
   <div class='ocr_carea' id='block_1_112' title="bbox 1916 4568 3476 4642">
    <p class='ocr_par' dir='ltr' id='par_1_112' title="bbox 1916 4568 3476 4642">
     <span class='ocr_line' id='line_1_112' title="bbox 1916 4568 3476 4642; baseline -0.003 -14"><span class='ocrx_word' id='word_1_844' title='bbox 1916 4571 2208 4642; x_wconf 81' lang='lat' dir='ltr'><strong>Evangelio</strong></span> <span class='ocrx_word' id='word_1_845' title='bbox 2238 4589 2253 4642; x_wconf 67' lang='grc' dir='ltr'><strong><em>ς</em></strong></span> <span class='ocrx_word' id='word_1_846' title='bbox 2285 4571 2420 4642; x_wconf 73' lang='lat' dir='ltr'><strong>alius</strong></span> <span class='ocrx_word' id='word_1_847' title='bbox 2448 4569 2643 4642; x_wconf 85' lang='lat' dir='ltr'><strong>estqui</strong></span> <span class='ocrx_word' id='word_1_848' title='bbox 2677 4568 3053 4642; x_wconf 72' lang='lat' dir='ltr'><strong>testimonium</strong></span> <span class='ocrx_word' id='word_1_849' title='bbox 3073 4569 3255 4642; x_wconf 44' lang='lat' dir='ltr'><strong>deume</strong></span> <span class='ocrx_word' id='word_1_850' title='bbox 3290 4570 3476 4642; x_wconf 63' lang='lat' dir='ltr'><strong>reddet</strong></span> 
     </span>
    </p>
   </div>
   <div class='ocr_carea' id='block_1_113' title="bbox 1919 4637 3472 4706">
    <p class='ocr_par' dir='ltr' id='par_1_113' title="bbox 1919 4637 3472 4706">
     <span class='ocr_line' id='line_1_113' title="bbox 1919 4637 3472 4706; baseline -0.003 -10"><span class='ocrx_word' id='word_1_851' title='bbox 1919 4637 2096 4697; x_wconf 58' lang='lat' dir='ltr'><strong>l’atcr:</strong></span> <span class='ocrx_word' id='word_1_852' title='bbox 2129 4641 2191 4694; x_wconf 86' lang='lat' dir='ltr'><strong>Et</strong></span> <span class='ocrx_word' id='word_1_853' title='bbox 2216 4641 2281 4694; x_wconf 89' lang='lat' dir='ltr'><strong>de</strong></span> <span class='ocrx_word' id='word_1_854' title='bbox 2317 4640 2523 4706; x_wconf 89' lang='lat' dir='ltr'><strong>Spiritu</strong></span> <span class='ocrx_word' id='word_1_855' title='bbox 2557 4640 2630 4690; x_wconf 88' lang='lat' dir='ltr'><strong>ait</strong></span> <span class='ocrx_word' id='word_1_856' title='bbox 2659 4657 2670 4691; x_wconf 90' lang='lat'>:</span> <span class='ocrx_word' id='word_1_857' title='bbox 2703 4637 2910 4690; x_wconf 84' lang='lat' dir='ltr'><strong>Mittam</strong></span> <span class='ocrx_word' id='word_1_858' title='bbox 2935 4638 3083 4693; x_wconf 88' lang='lat' dir='ltr'><strong>vobis</strong></span> <span class='ocrx_word' id='word_1_859' title='bbox 3105 4637 3269 4690; x_wconf 91' lang='lat' dir='ltr'><strong>alium</strong></span> <span class='ocrx_word' id='word_1_860' title='bbox 3302 4637 3472 4692; x_wconf 81' lang='lat' dir='ltr'><strong>Para—</strong></span> 
     </span>
    </p>
   </div>
   <div class='ocr_carea' id='block_1_114' title="bbox 1916 4707 3472 4767">
    <p class='ocr_par' dir='ltr' id='par_1_114' title="bbox 1916 4707 3472 4767">
     <span class='ocr_line' id='line_1_114' title="bbox 1916 4707 3472 4767; baseline -0.001 -2"><span class='ocrx_word' id='word_1_861' title='bbox 1916 4715 2133 4767; x_wconf 87' lang='lat' dir='ltr'><strong>cletum.</strong></span> <span class='ocrx_word' id='word_1_862' title='bbox 2179 4729 2197 4762; x_wconf 78' lang='grc' dir='ltr'><strong>ι</strong></span> <span class='ocrx_word' id='word_1_863' title='bbox 2225 4711 2330 4763; x_wconf 80' lang='lat' dir='ltr'><strong>Sed</strong></span> <span class='ocrx_word' id='word_1_864' title='bbox 2364 4714 2474 4763; x_wconf 70' lang='lat' dir='ltr'><strong>hmc</strong></span> <span class='ocrx_word' id='word_1_865' title='bbox 2514 4709 2690 4761; x_wconf 89' lang='lat' dir='ltr'><strong>omnia</strong></span> <span class='ocrx_word' id='word_1_866' title='bbox 2722 4725 2841 4762; x_wconf 90' lang='lat' dir='ltr'><strong>cum</strong></span> <span class='ocrx_word' id='word_1_867' title='bbox 2889 4707 3064 4760; x_wconf 85' lang='lat' dir='ltr'><strong>desint</strong></span> <span class='ocrx_word' id='word_1_868' title='bbox 3117 4708 3170 4761; x_wconf 89' lang='lat' dir='ltr'><strong>in</strong></span> <span class='ocrx_word' id='word_1_869' title='bbox 3223 4710 3472 4763; x_wconf 90' lang='lat' dir='ltr'><strong>omnibus</strong></span> 
     </span>
    </p>
   </div>
   <div class='ocr_carea' id='block_1_115' title="bbox 1919 4778 3080 4842">
    <p class='ocr_par' dir='ltr' id='par_1_115' title="bbox 1919 4778 3080 4842">
     <span class='ocr_line' id='line_1_115' title="bbox 1919 4778 3080 4842; baseline -0.005 -6"><span class='ocrx_word' id='word_1_870' title='bbox 1919 4799 2074 4842; x_wconf 87' lang='lat' dir='ltr'><strong>m5s.,</strong></span> <span class='ocrx_word' id='word_1_871' title='bbox 2110 4780 2399 4834; x_wconf 85' lang='lat' dir='ltr'><strong>resecauda</strong></span> <span class='ocrx_word' id='word_1_872' title='bbox 2429 4795 2549 4832; x_wconf 84' lang='lat' dir='ltr'><strong>esse</strong></span> <span class='ocrx_word' id='word_1_873' title='bbox 2577 4793 2606 4830; x_wconf 91' lang='lat' dir='ltr'><strong>e</strong></span> <span class='ocrx_word' id='word_1_874' title='bbox 2634 4787 2779 4831; x_wconf 81' lang='lat' dir='ltr'><strong>textu</strong></span> <span class='ocrx_word' id='word_1_875' title='bbox 2811 4778 3080 4830; x_wconf 79' lang='lat' dir='ltr'><strong>duximus.</strong></span> 
     </span>
    </p>
   </div>
   <div class='ocr_carea' id='block_1_116' title="bbox 1987 4849 3474 4924">
    <p class='ocr_par' dir='ltr' id='par_1_116' title="bbox 1987 4849 3474 4924">
     <span class='ocr_line' id='line_1_116' title="bbox 1987 4849 3474 4924; baseline -0.001 -20"><span class='ocrx_word' id='word_1_876' title='bbox 1987 4850 2093 4924; x_wconf 84' lang='lat'><strong>(57)</strong></span> <span class='ocrx_word' id='word_1_877' title='bbox 2125 4853 2216 4904; x_wconf 81' lang='lat' dir='ltr'><strong>Sic</strong></span> <span class='ocrx_word' id='word_1_878' title='bbox 2263 4865 2390 4904; x_wconf 88' lang='lat' dir='ltr'><strong>mss.</strong></span> <span class='ocrx_word' id='word_1_879' title='bbox 2427 4849 2595 4912; x_wconf 86' lang='lat' dir='ltr'><strong>Alias,</strong></span> <span class='ocrx_word' id='word_1_880' title='bbox 2645 4867 2662 4898; x_wconf 82' lang='grc' dir='ltr'><strong>ι</strong></span> <span class='ocrx_word' id='word_1_881' title='bbox 2707 4849 2846 4902; x_wconf 89' lang='lat' dir='ltr'><strong>intra</strong></span> <span class='ocrx_word' id='word_1_882' title='bbox 2897 4861 3013 4912; x_wconf 91' lang='lat' dir='ltr'><strong>ens,</strong></span> <span class='ocrx_word' id='word_1_883' title='bbox 3069 4862 3174 4902; x_wconf 91' lang='lat' dir='ltr'><strong>non</strong></span> <span class='ocrx_word' id='word_1_884' title='bbox 3214 4854 3298 4902; x_wconf 92' lang='lat' dir='ltr'><strong>est</strong></span> <span class='ocrx_word' id='word_1_885' title='bbox 3343 4857 3474 4903; x_wconf 90' lang='lat' dir='ltr'><strong>ante</strong></span> 
     </span>
    </p>
   </div>
   <div class='ocr_carea' id='block_1_117' title="bbox 1957 4925 2214 4975">
    <p class='ocr_par' dir='ltr' id='par_1_117' title="bbox 1957 4925 2214 4975">
     <span class='ocr_line' id='line_1_117' title="bbox 1957 4925 2214 4975; baseline -0.012 0"><span class='ocrx_word' id='word_1_886' title='bbox 1957 4925 2153 4975; x_wconf 83' lang='lat' dir='ltr'><strong>nando.</strong></span> <span class='ocrx_word' id='word_1_887' title='bbox 2196 4939 2214 4972; x_wconf 77' lang='grc' dir='ltr'><strong>ι</strong></span> 
     </span>
    </p>
   </div>
   <div class='ocr_carea' id='block_1_118' title="bbox 1919 4939 3472 5065">
    <p class='ocr_par' dir='ltr' id='par_1_118' title="bbox 1919 4939 3472 5065">
     <span class='ocr_line' id='line_1_118' title="bbox 1919 4939 3472 5065; baseline -0.005 -18"><span class='ocrx_word' id='word_1_888' title='bbox 1919 4939 2226 5065; x_wconf 59' lang='grc' dir='ltr'><strong>φ’(ἓὲξοὲιέ</strong></span> <span class='ocrx_word' id='word_1_889' title='bbox 2257 5002 2382 5041; x_wconf 90' lang='lat' dir='ltr'><strong>mss.</strong></span> <span class='ocrx_word' id='word_1_890' title='bbox 2411 4987 2575 5065; x_wconf 80' lang='lat' dir='ltr'><strong>A_l2as,</strong></span> <span class='ocrx_word' id='word_1_891' title='bbox 2608 5005 2626 5038; x_wconf 82' lang='grc' dir='ltr'><strong>ι</strong></span> <span class='ocrx_word' id='word_1_892' title='bbox 2659 4988 2880 5040; x_wconf 90' lang='lat' dir='ltr'><strong>verbum</strong></span> <span class='ocrx_word' id='word_1_893' title='bbox 2909 4985 3353 5065; x_wconf 79' lang='lat' dir='ltr'><strong>interrogationis</strong></span> <span class='ocrx_word' id='word_1_894' title='bbox 3379 5002 3472 5041; x_wconf 79' lang='lat' dir='ltr'><strong>as-</strong></span> 
     </span>
    </p>
   </div>
   <div class='ocr_carea' id='block_1_119' title="bbox 1915 5057 3476 5126">
    <p class='ocr_par' dir='ltr' id='par_1_119' title="bbox 1915 5057 3476 5126">
     <span class='ocr_line' id='line_1_119' title="bbox 1915 5057 3476 5126; baseline -0.003 -11"><span class='ocrx_word' id='word_1_895' title='bbox 1915 5057 2204 5115; x_wconf 67' lang='lat' dir='ltr'><strong>cei&#39;idemes</strong></span> <span class='ocrx_word' id='word_1_896' title='bbox 2235 5059 2577 5124; x_wconf 88' lang='lat' dir='ltr'><strong>pervenimus</strong></span> <span class='ocrx_word' id='word_1_897' title='bbox 2715 5067 2772 5109; x_wconf 92' lang='lat' dir='ltr'><strong>ut</strong></span> <span class='ocrx_word' id='word_1_898' title='bbox 2795 5057 3063 5126; x_wconf 91' lang='lat' dir='ltr'><strong>quomodo</strong></span> <span class='ocrx_word' id='word_1_899' title='bbox 3121 5071 3336 5125; x_wconf 89' lang='lat' dir='ltr'><strong>semper</strong></span> <span class='ocrx_word' id='word_1_900' title='bbox 3365 5073 3476 5126; x_wconf 83' lang='lat' dir='ltr'><strong>po-</strong></span> 
     </span>
    </p>
   </div>
   <div class='ocr_carea' id='block_1_120' title="bbox 1915 5125 3474 5195">
    <p class='ocr_par' dir='ltr' id='par_1_120' title="bbox 1915 5125 3474 5195">
     <span class='ocr_line' id='line_1_120' title="bbox 1915 5125 3474 5195; baseline -0.001 -11"><span class='ocrx_word' id='word_1_901' title='bbox 1915 5139 2055 5184; x_wconf 87' lang='lat' dir='ltr'><strong>terat</strong></span> <span class='ocrx_word' id='word_1_902' title='bbox 2084 5141 2138 5183; x_wconf 89' lang='lat' dir='ltr'><strong>ct</strong></span> <span class='ocrx_word' id='word_1_903' title='bbox 2163 5129 2395 5188; x_wconf 84' lang='lat' dir='ltr'><strong>volebat,</strong></span> <span class='ocrx_word' id='word_1_904' title='bbox 2427 5142 2696 5195; x_wconf 86' lang='lat' dir='ltr'><strong>nunquam</strong></span> <span class='ocrx_word' id='word_1_905' title='bbox 2726 5127 2806 5179; x_wconf 88' lang='lat' dir='ltr'><strong>vel</strong></span> <span class='ocrx_word' id='word_1_906' title='bbox 2822 5125 3011 5180; x_wconf 85' lang='lat' dir='ltr'><strong>decuit</strong></span> <span class='ocrx_word' id='word_1_907' title='bbox 3033 5163 3122 5181; x_wconf 91' lang='lat'><strong>....</strong></span> <span class='ocrx_word' id='word_1_908' title='bbox 3150 5136 3208 5180; x_wconf 89' lang='lat' dir='ltr'><strong>ut</strong></span> <span class='ocrx_word' id='word_1_909' title='bbox 3230 5140 3337 5181; x_wconf 87' lang='lat' dir='ltr'><strong>non</strong></span> <span class='ocrx_word' id='word_1_910' title='bbox 3367 5125 3474 5182; x_wconf 84' lang='lat' dir='ltr'><strong>hoc</strong></span> 
     </span>
    </p>
   </div>
   <div class='ocr_carea' id='block_1_121' title="bbox 1915 5197 2907 5270">
    <p class='ocr_par' dir='ltr' id='par_1_121' title="bbox 1915 5197 2907 5270">
     <span class='ocr_line' id='line_1_121' title="bbox 1915 5197 2907 5270; baseline -0.006 -17"><span class='ocrx_word' id='word_1_911' title='bbox 1915 5201 2054 5270; x_wconf 89' lang='lat' dir='ltr'><strong>quod</strong></span> <span class='ocrx_word' id='word_1_912' title='bbox 2080 5198 2322 5270; x_wconf 85' lang='lat' dir='ltr'><strong>_volebat,</strong></span> <span class='ocrx_word' id='word_1_913' title='bbox 2349 5212 2559 5266; x_wconf 89' lang='lat' dir='ltr'><strong>semper</strong></span> <span class='ocrx_word' id='word_1_914' title='bbox 2584 5197 2848 5270; x_wconf 84' lang='lat' dir='ltr'><strong>habuerit.</strong></span> <span class='ocrx_word' id='word_1_915' title='bbox 2889 5214 2907 5247; x_wconf 75' lang='grc' dir='ltr'><strong>ι</strong></span> 
     </span>
    </p>
   </div>
   <div class='ocr_carea' id='block_1_122' title="bbox 1985 5266 2724 5336">
    <p class='ocr_par' dir='ltr' id='par_1_122' title="bbox 1985 5266 2724 5336">
     <span class='ocr_line' id='line_1_122' title="bbox 1985 5266 2724 5336; baseline -0.009 -12"><span class='ocrx_word' id='word_1_916' title='bbox 1985 5267 2097 5336; x_wconf 78' lang='grc'>(59)</span> <span class='ocrx_word' id='word_1_917' title='bbox 2130 5271 2294 5328; x_wconf 83' lang='lat' dir='ltr'><strong>Alias,</strong></span> <span class='ocrx_word' id='word_1_918' title='bbox 2327 5285 2344 5316; x_wconf 82' lang='grc' dir='ltr'><strong>ι</strong></span> <span class='ocrx_word' id='word_1_919' title='bbox 2379 5266 2666 5336; x_wconf 72' lang='grc' dir='ltr'>ιιιιοιιιοάρ.</span> <span class='ocrx_word' id='word_1_920' title='bbox 2705 5285 2724 5317; x_wconf 74' lang='grc' dir='ltr'><strong>ι</strong></span> 
     </span>
    </p>
   </div>
   <div class='ocr_carea' id='block_1_123' title="bbox 1987 5267 3469 5411">
    <p class='ocr_par' dir='ltr' id='par_1_123' title="bbox 1987 5267 3469 5411">
     <span class='ocr_line' id='line_1_123' title="bbox 1987 5267 2724 5336; baseline -0.009 -12"><span class='ocrx_word' id='word_1_921' title='bbox 1987 5271 2075 5336; x_wconf 78' lang='grc'>(59</span> <span class='ocrx_word' id='word_1_922' title='bbox 2130 5271 2294 5328; x_wconf 83' lang='lat' dir='ltr'><strong>Alias,</strong></span> <span class='ocrx_word' id='word_1_923' title='bbox 2327 5285 2344 5316; x_wconf 82' lang='grc' dir='ltr'><strong>ι</strong></span> <span class='ocrx_word' id='word_1_924' title='bbox 2379 5267 2666 5335; x_wconf 83' lang='lat' dir='ltr'><strong>quomodo.</strong></span> <span class='ocrx_word' id='word_1_925' title='bbox 2705 5285 2724 5317; x_wconf 74' lang='grc' dir='ltr'><strong>ι</strong></span> 
     </span>
     <span class='ocr_line' id='line_1_124' title="bbox 1987 5267 3469 5411; baseline -0.002 -19"><span class='ocrx_word' id='word_1_926' title='bbox 1987 5267 2097 5411; x_wconf 66' lang='grc' dir='ltr'>(ιιοζ</span> <span class='ocrx_word' id='word_1_927' title='bbox 2126 5337 2575 5411; x_wconf 60' lang='lat' dir='ltr'><strong>Quemadmodum</strong></span> <span class='ocrx_word' id='word_1_928' title='bbox 2601 5335 2762 5411; x_wconf 61' lang='lat' dir='ltr'><strong>Pater</strong></span> <span class='ocrx_word' id='word_1_929' title='bbox 2785 5354 2898 5411; x_wconf 72' lang='lat' dir='ltr'><strong>non</strong></span> <span class='ocrx_word' id='word_1_930' title='bbox 2911 5345 3074 5404; x_wconf 76' lang='lat' dir='ltr'><strong>potest</strong></span> <span class='ocrx_word' id='word_1_931' title='bbox 3117 5353 3228 5411; x_wconf 70' lang='lat' dir='ltr'><strong>esse</strong></span> <span class='ocrx_word' id='word_1_932' title='bbox 3244 5338 3380 5408; x_wconf 80' lang='lat' dir='ltr'><strong>quis,</strong></span> <span class='ocrx_word' id='word_1_933' title='bbox 3421 5340 3469 5389; x_wconf 70' lang='lat' dir='ltr'><strong>si</strong></span> 
     </span>
    </p>
   </div>
   <div class='ocr_carea' id='block_1_124' title="bbox 1916 5405 3470 5475">
    <p class='ocr_par' dir='ltr' id='par_1_124' title="bbox 1916 5405 3470 5475">
     <span class='ocr_line' id='line_1_125' title="bbox 1916 5405 3470 5475; baseline -0.001 -14"><span class='ocrx_word' id='word_1_934' title='bbox 1916 5405 2092 5462; x_wconf 64' lang='lat' dir='ltr'><strong>Filius</strong></span> <span class='ocrx_word' id='word_1_935' title='bbox 2118 5426 2226 5461; x_wconf 83' lang='lat' dir='ltr'><strong>non</strong></span> <span class='ocrx_word' id='word_1_936' title='bbox 2262 5407 2349 5469; x_wconf 80' lang='lat' dir='ltr'><strong>sit,</strong></span> <span class='ocrx_word' id='word_1_937' title='bbox 2382 5415 2488 5462; x_wconf 88' lang='lat' dir='ltr'><strong>etc.</strong></span> <span class='ocrx_word' id='word_1_938' title='bbox 2518 5405 2614 5458; x_wconf 89' lang='lat' dir='ltr'><strong>llic</strong></span> <span class='ocrx_word' id='word_1_939' title='bbox 2645 5405 2791 5459; x_wconf 90' lang='lat' dir='ltr'><strong>locus</strong></span> <span class='ocrx_word' id='word_1_940' title='bbox 2820 5408 2902 5460; x_wconf 89' lang='lat' dir='ltr'><strong>vel</strong></span> <span class='ocrx_word' id='word_1_941' title='bbox 2940 5411 3116 5475; x_wconf 90' lang='lat' dir='ltr'><strong>potius</strong></span> <span class='ocrx_word' id='word_1_942' title='bbox 3148 5405 3284 5462; x_wconf 80' lang='lat' dir='ltr'><strong>alter</strong></span> <span class='ocrx_word' id='word_1_943' title='bbox 3318 5418 3470 5460; x_wconf 88' lang='lat' dir='ltr'><strong>certe</strong></span> 
     </span>
    </p>
   </div>
   <div class='ocr_carea' id='block_1_125' title="bbox 1918 5475 3465 5548">
    <p class='ocr_par' dir='ltr' id='par_1_125' title="bbox 1918 5475 3465 5548">
     <span class='ocr_line' id='line_1_126' title="bbox 1918 5475 3465 5548; baseline -0.006 -16"><span class='ocrx_word' id='word_1_944' title='bbox 1918 5481 2017 5548; x_wconf 85' lang='lat' dir='ltr'><strong>ipsi</strong></span> <span class='ocrx_word' id='word_1_945' title='bbox 2050 5477 2344 5533; x_wconf 86' lang='lat' dir='ltr'><strong>consimilis</strong></span> <span class='ocrx_word' id='word_1_946' title='bbox 2383 5478 2672 5548; x_wconf 70' lang='lat' dir='ltr'><strong>reici-tura</strong></span> <span class='ocrx_word' id='word_1_947' title='bbox 2705 5475 2974 5548; x_wconf 82' lang='lat' dir='ltr'><strong>Methodio</strong></span> <span class='ocrx_word' id='word_1_948' title='bbox 3001 5477 3170 5548; x_wconf 80' lang='lat' dir='ltr'><strong>_cujus</strong></span> <span class='ocrx_word' id='word_1_949' title='bbox 3200 5487 3465 5548; x_wconf 59' lang='lat' dir='ltr'><strong>excerpis</strong></span> 
     </span>
    </p>
   </div>
   <div class='ocr_carea' id='block_1_126' title="bbox 1917 5544 3470 5616">
    <p class='ocr_par' dir='ltr' id='par_1_126' title="bbox 1917 5544 3470 5616">
     <span class='ocr_line' id='line_1_127' title="bbox 1917 5544 3470 5616; baseline -0.005 -14"><span class='ocrx_word' id='word_1_950' title='bbox 1917 5544 2079 5602; x_wconf 76' lang='lat' dir='ltr'><strong>liabet</strong></span> <span class='ocrx_word' id='word_1_951' title='bbox 2113 5548 2333 5600; x_wconf 78' lang='lat' dir='ltr'><strong>Photius</strong></span> <span class='ocrx_word' id='word_1_952' title='bbox 2377 5550 2500 5599; x_wconf 88' lang='lat' dir='ltr'><strong>cod.</strong></span> <span class='ocrx_word' id='word_1_953' title='bbox 2535 5545 2687 5616; x_wconf 10' lang='lat'><strong>2557:</strong></span> <span class='ocrx_word' id='word_1_954' title='bbox 2729 5548 2790 5598; x_wconf 77' lang='grc' dir='ltr'><strong>Εἰ</strong></span> <span class='ocrx_word' id='word_1_955' title='bbox 2835 5547 2934 5598; x_wconf 83' lang='grc' dir='ltr'>οὐκ</span> <span class='ocrx_word' id='word_1_956' title='bbox 2985 5546 3098 5598; x_wconf 75' lang='grc' dir='ltr'><strong>ἔστι</strong></span> <span class='ocrx_word' id='word_1_957' title='bbox 3142 5544 3470 5616; x_wconf 63' lang='grc' dir='ltr'><strong>δημιοιιργὸς</strong></span> 
     </span>
    </p>
   </div>
   <div class='ocr_carea' id='block_1_127' title="bbox 1915 5615 3470 5735">
    <p class='ocr_par' dir='ltr' id='par_1_127' title="bbox 1915 5615 3470 5735">
     <span class='ocr_line' id='line_1_128' title="bbox 1915 5615 3470 5735; baseline -0.003 -64"><span class='ocrx_word' id='word_1_958' title='bbox 1915 5619 2042 5671; x_wconf 81' lang='grc' dir='ltr'><strong>ἄνευ</strong></span> <span class='ocrx_word' id='word_1_959' title='bbox 2087 5617 2597 5686; x_wconf 78' lang='grc' dir='ltr'><strong>δημιουργημάτων,</strong></span> <span class='ocrx_word' id='word_1_960' title='bbox 2631 5615 2662 5683; x_wconf 83' lang='grc' dir='ltr'>ἢ</span> <span class='ocrx_word' id='word_1_961' title='bbox 2699 5617 2924 5684; x_wconf 81' lang='grc' dir='ltr'><strong>ποιητὴς</strong></span> <span class='ocrx_word' id='word_1_962' title='bbox 2959 5615 3082 5669; x_wconf 68' lang='grc' dir='ltr'><strong>ἄνευ</strong></span> <span class='ocrx_word' id='word_1_963' title='bbox 3130 5615 3470 5735; x_wconf 52' lang='grc' dir='ltr'><strong>ποιηζάτων,</strong></span> 
     </span>
     <span class='ocr_line' id='line_1_129' title="bbox 1915 5684 3470 5735; baseline 0 0"><span class='ocrx_word' id='word_1_964' title='bbox 1915 5687 2033 5735; x_wconf 83' lang='grc' dir='ltr'>οὐδὲ</span> <span class='ocrx_word' id='word_1_965' title='bbox 2063 5687 2448 5735; x_wconf 72' lang='grc' dir='ltr'><strong>παντοκράτωρ</strong></span> <span class='ocrx_word' id='word_1_966' title='bbox 2473 5687 2599 5735; x_wconf 80' lang='grc' dir='ltr'><strong>ἄνευ</strong></span> <span class='ocrx_word' id='word_1_967' title='bbox 2635 5684 2740 5735; x_wconf 80' lang='grc' dir='ltr'><strong>τῶν</strong></span> <span class='ocrx_word' id='word_1_968' title='bbox 2779 5685 3179 5735; x_wconf 62' lang='grc' dir='ltr'><strong>κοατουιιένων·</strong></span> <span class='ocrx_word' id='word_1_969' title='bbox 3231 5701 3258 5735; x_wconf 79' lang='grc' dir='ltr'>τ</span> <span class='ocrx_word' id='word_1_970' title='bbox 3292 5701 3319 5735; x_wconf 88' lang='grc' dir='ltr'>ν</span> <span class='ocrx_word' id='word_1_971' title='bbox 3364 5686 3470 5735; x_wconf 76' lang='grc' dir='ltr'><strong>γὰο</strong></span> 
     </span>
    </p>
   </div>
   <div class='ocr_carea' id='block_1_128' title="bbox 1915 5684 3472 5755">
    <p class='ocr_par' dir='ltr' id='par_1_128' title="bbox 1915 5684 3472 5755">
     <span class='ocr_line' id='line_1_130' title="bbox 1915 5684 3472 5755; baseline -0.002 -17"><span class='ocrx_word' id='word_1_972' title='bbox 1915 5687 2033 5738; x_wconf 83' lang='grc' dir='ltr'>οὐδὲ</span> <span class='ocrx_word' id='word_1_973' title='bbox 2063 5684 2448 5755; x_wconf 61' lang='grc' dir='ltr'><strong>παιὸτοκρἀτώρ</strong></span> <span class='ocrx_word' id='word_1_974' title='bbox 2473 5687 2599 5738; x_wconf 79' lang='grc' dir='ltr'><strong>ἄνευ</strong></span> <span class='ocrx_word' id='word_1_975' title='bbox 2635 5684 2740 5735; x_wconf 80' lang='grc' dir='ltr'>τῶν</span> <span class='ocrx_word' id='word_1_976' title='bbox 2771 5685 3179 5755; x_wconf 53' lang='grc' dir='ltr'><strong>κρατουμένων·</strong></span> <span class='ocrx_word' id='word_1_977' title='bbox 3231 5684 3319 5736; x_wconf 79' lang='grc' dir='ltr'>τὸν</span> <span class='ocrx_word' id='word_1_978' title='bbox 3364 5686 3472 5754; x_wconf 72' lang='grc' dir='ltr'><strong>γὰρ</strong></span> 
     </span>
    </p>
   </div>
   <div class='ocr_carea' id='block_1_129' title="bbox 1917 5753 3477 5825">
    <p class='ocr_par' dir='ltr' id='par_1_129' title="bbox 1917 5753 3477 5825">
     <span class='ocr_line' id='line_1_131' title="bbox 1917 5753 3477 5825; baseline 0.002 -19"><span class='ocrx_word' id='word_1_979' title='bbox 1917 5754 2238 5825; x_wconf 76' lang='grc' dir='ltr'><strong>δημιουργὸν</strong></span> <span class='ocrx_word' id='word_1_980' title='bbox 2275 5753 2368 5806; x_wconf 11' lang='grc' dir='ltr'><strong>ἠδιά</strong></span> <span class='ocrx_word' id='word_1_981' title='bbox 2389 5753 2445 5806; x_wconf 71' lang='grc' dir='ltr'><strong>τὲ</strong></span> <span class='ocrx_word' id='word_1_982' title='bbox 2490 5753 2959 5824; x_wconf 64' lang='grc' dir='ltr'><strong>δημιουργήματα,</strong></span> <span class='ocrx_word' id='word_1_983' title='bbox 2991 5754 3202 5824; x_wconf 73' lang='grc' dir='ltr'><strong>ἀνάγκη</strong></span> <span class='ocrx_word' id='word_1_984' title='bbox 3253 5755 3348 5809; x_wconf 70' lang='grc' dir='ltr'><strong>καὶ</strong></span> <span class='ocrx_word' id='word_1_985' title='bbox 3380 5753 3477 5812; x_wconf 70' lang='grc' dir='ltr'><strong>τὸν</strong></span> 
     </span>
    </p>
   </div>
   <div class='ocr_carea' id='block_1_130' title="bbox 3121 5851 3164 5910">
    <p class='ocr_par' dir='ltr' id='par_1_130' title="bbox 3121 5851 3164 5910">
     <span class='ocr_line' id='line_1_132' title="bbox 3121 5851 3164 5910; baseline 0 0"><span class='ocrx_word' id='word_1_986' title='bbox 3121 5851 3164 5910; x_wconf 77' lang='grc'><strong>5</strong></span> 
     </span>
    </p>
   </div>
  </div>
