3952 6144
259 311 345 370 Nl
1617 311 1814 367 LIBER
1857 310 2130 370 PRIMUS.

3376 314 3476 370 in

254 434 427 505 gloria:
453 435 750 503 purissima
782 450 902 492 esse
938 434 1207 507 sapientia
1233 450 1353 505 quae
1379 444 1467 490 est
1495 434 1665 491 Filius
1690 436 1808 491 Dei.
1839 441 1887 497 Α
1914 436 1969 490 in
1997 435 2129 507 ipsis
2163 442 2307 490 sunt.
2345 434 2552 491 Horum
2595 441 2778 490 autem
2820 439 3153 505 potentatum
3199 431 3337 504 gerit
3378 447 3475 501 per

252 524 439 581 Audiat
473 526 566 595 qui
616 527 733 583 hinc
761 527 833 581 ita
873 527 986 582 vult
1034 528 1319 596 suspicari,
1383 526 1523 597 quod
1579 528 1809 583 manife-

254 616 485 672 stissime
546 615 825 687 Scriptura
852 620 1164 687 pronuntiat
1193 618 1398 682 dicens,
1425 618 1549 687 quia
1584 617 1808 674 «Omnia

252 711 300 763 in
328 709 592 778 sapientia
627 710 799 763 fecisti
825 710 867 741 ‘9
892 710 955 779 ;ίι
978 720 1033 764 et
1063 725 1156 777 per
1187 709 1534 779 Evangelium
1560 708 1807 775 docetur,

253 802 371 870 quia
420 819 440 851 ι
477 801 657 855 omnia
699 818 794 870 per
827 802 998 870 ipsum
1058 801 1201 853 facta
1259 811 1403 862 sunt,
1434 812 1489 856 et
1532 801 1650 855 sine
1694 800 1810 869 ipso

256 892 462 947 factum
504 901 588 947 est
615 893 744 947 nihil
771 894 845 958 °°;
885 912 902 945 ι
933 902 986 947 et
1022 894 1276 961 intelligat
1303 909 1366 947 ex
1389 894 1510 960 hoc,
1539 893 1663 963 quia
1703 908 1809 947 non

256 995 434 1054 potest
456 986 733 1053 antiquior
760 1001 878 1041 esse
913 988 961 1040 in
1004 988 1110 1041 Deo
1148 986 1542 1055 Omnipotentis
1570 985 1811 1054 appella~

250 1075 320 1130 tio
346 1092 518 1145 quam
547 1075 756 1140 Patris;
787 1093 883 1147 per
911 1077 1107 1131 Filium
1150 1079 1293 1132 enim
1335 1077 1679 1146 omnipotens
1722 1085 1807 1132 est

246 1166 426 1223 Pater.
472 1168 579 1223 Sed
617 1170 869 1239 quoniam
909 1169 1136 1240 gloriam
1180 1169 1452 1240 dixit(45)
1484 1184 1603 1225 esse
1632 1169 1812 1223 omni-

243 1262 502 1332 potentis,
528 1262 678 1333 cujus
707 1262 887 1329 gloriae
923 1264 1213 1330 aporrhtna
1257 1273 1339 1319 est
1375 1263 1662 1331 sapientia,
1706 1264 1811 1318 hoc

245 1355 473 1425 intelligi
509 1359 687 1418 datur,
711 1355 849 1422 quod
892 1354 1054 1409 etiam
1086 1355 1139 1408 in
1186 1356 1593 1425 omnipotentize
1641 1355 1814 1425 gloria

244 1447 561 1502 societatem
605 1449 803 1501 haheat
842 1445 1134 1517 sapientia,
1171 1458 1269 1512 per
1324 1462 1485 1516 quam
1528 1447 1671 1502 Deus
1699 1463 1817 1501 om-

242 1540 499 1609 nipotens
548 1538 763 1592 dicitur.
848 1535 950 1591 Per
1009 1535 1321 1604 sapientiam
1373 1537 1515 1592 enim
1571 1553 1689 1608 quae
1735 1549 1817 1593 est

243 1631 516 1708 Christus,
550 1640 696 1684 tenet
728 1630 870 1683 Deus
901 1626 1143 1681 omnium
1199 1635 1557 1695 potentatum,
1591 1645 1694 1684 non
1724 1643 1815 1684 so-

245 1721 343 1775 lum
378 1719 717 1776 dominantis
794 1717 1137 1781 auctoritate,
1184 1733 1368 1772 verum
1411 1719 1573 1774 etiam
1628 1718 1818 1792 subje-

239 1823 450 1867 ctorum
478 1820 776 1882 spontaneo
805 1811 1086 1868 famulatu.
1111 1811 1174 1871 Ut
1197 1823 1375 1868 autem
1398 1827 1561 1867 unam
1588 1823 1640 1867 et
1667 1827 1815 1868 eam-
1848 1789 1890 1844 Β

243 1901 354 1954 (ιειιι
384 1903 833 1972 onmipotentiam
864 1903 1043 1961 Patris
1079 1921 1143 1961 ac
1177 1905 1295 1959 Filii
1333 1920 1455 1960 esse
1487 1919 1809 1974 cognoscas,

242 1990 383 2046 sicut
448 2007 587 2046 unus
614 2002 772 2063 atque
804 1995 941 2049 idem
972 2005 1056 2051 est
1082 2010 1202 2051 cum
1243 1994 1402 2051 Patre
1459 1995 1597 2050 Deus
1627 2006 1681 2051 et
1707 1996 1812 2050 Do-

243 2089 454 2153 minus,
505 2091 625 2143 audi
652 2091 751 2145 hoc
789 2094 947 2147 modo
972 2091 1231 2147 Joannem
1279 2093 1332 2148 in
1383 2092 1700 2164 Apocalypsi
1732 2094 1813 2148 di-

241 2193 456 2237 centem
490 2198 506 2236 :
548 2202 565 2234 r
606 2182 727 2238 llaec
757 2184 887 2240 dicit
921 2186 1180 2240 Dominus
1214 2186 1355 2242 Deus
1384 2187 1473 2255 qui
1507 2195 1611 2249 est,
1642 2193 1696 2241 et
1718 2186 1811 2255 qui

238 2283 379 2337 erat,
412 2283 462 2326 et
498 2275 591 2343 qui
632 2285 889 2332 venturus
915 2285 997 2333 est
1022 2280 1363 2348 omnipotens
1384 2279 1451 2332 δι.
1484 2296 1502 2330 ι
1538 2278 1642 2345 Qui
1666 2278 1811 2332 enim

241 2374 506 2420 venturus
533 2376 614 2420 est
642 2367 778 2437 (46),
818 2369 941 2437 quis
964 2381 1045 2424 est
1069 2371 1207 2425 alius
1241 2370 1347 2424 nisi
1396 2369 1690 2425 Christus?
1744 2369 1811 2424 Et

241 2459 388 2513 sicut
416 2476 574 2514 nemo
598 2460 759 2516 debet
783 2462 979 2516 oﬂ'eudi
1005 2478 1125 2517 cum
1161 2463 1301 2517 Deus
1338 2464 1411 2516 sit
1455 2461 1640 2525 Pater,
1665 2464 1810 2530 quod

239 2548 414 2604 etiam
449 2550 701 2605 Salvator
731 2561 813 2605 est
844 2552 1019 2617 Deus;
1062 2555 1135 2605 ita
1187 2561 1243 2606 et
1288 2568 1412 2607 cum
1466 2554 1812 2622 omnipotens

237 2646 454 2701 dicitur
478 2645 643 2698 Pater
666 2644 804 2715 (47),
830 2645 991 2699 etiam
1022 2645 1198 2699 nullus
1228 2645 1391 2699 debet
1414 2645 1635 2709 oﬂ'endi,
1672 2646 1813 2713 quod

236 2738 418 2792 etiam
465 2734 636 2791 Filius
683 2735 773 2789 Dei
808 2737 1155 2803 omnipotens
1210 2737 1430 2792 dicitur.
1483 2736 1596 2791 lloc
1658 2738 1815 2790 modo

239 2842 487 2896 namque
516 2843 698 2882 verum
732 2828 838 2882 erit
868 2828 993 2881 illud
1020 2829 1162 2897 quod
1191 2828 1303 2899 ipse
1335 2829 1466 2883 dicit
1486 2830 1548 2883 ad
1575 2829 1810 2892 Patrem,

247 2924 387 2991 quia
425 2923 642 2977 «Omnia
672 2937 788 2977 mea
829 2930 915 2974 tua
947 2932 1072 2977 sunt
1098 2932 1150 2977 et
1182 2934 1267 2977 tua
1295 2939 1437 2988 mea,
1461 2933 1516 2977 et
1542 2924 1813 2994 gloriﬁca-

242 3027 333 3071 tus
373 3030 495 3070 sum
521 3015 574 3069 in
610 3015 688 3070 eis
713 3015 783 3071 ".
826 3035 846 3069 ι
874 3014 930 3071 Si
961 3031 1089 3071 vero
1115 3016 1295 3070 omnia
1320 3031 1438 3085 qua:
1460 3015 1637 3070 Patris
1662 3025 1808 3083 sunt,

1913 527 2147 583 Verbum
2171 542 2348 595 suum,
2380 527 2634 598 quoniam
2672 529 2725 583 in
2753 528 2970 583 nomine
2992 524 3117 582 Jesu
3148 540 3310 582 omne
3334 538 3476 594 genu

1911 618 2156 674 ﬂectetur
2184 627 2238 674 et
2278 620 2599 687 caelestium,
2641 627 2695 675 et
2737 620 3097 684 terrestrium,
3132 627 3187 676 et
3230 617 3474 672 inferno-

1911 726 2049 763 rum.
2106 711 2172 764 Et
2220 710 2265 765 si
2313 725 2470 767 omne
2500 725 2635 781 genu
2665 708 2901 765 ﬂectitur
2937 709 3085 773 Jesu,
3140 709 3258 763 sine
3312 707 3477 763 dubio

1915 800 2075 857 Jcsus
2100 812 2182 855 est
2214 802 2298 856 cui
2336 803 2579 871 subjecta
2607 812 2736 856 sunt
2777 803 2981 865 omnia,
3022 811 3077 855 et
3118 801 3234 870 ipse
3265 809 3342 854 est
3382 800 3475 869 qui

1914 904 2247 965 potentatum
2277 895 2387 963 agit
2424 895 2475 948 in
2506 896 2781 960 omnibus,
2809 906 2862 949 et
2891 911 2984 966 per
3022 909 3182 965 quem
3231 894 3475 962 subjecta

1912 995 2038 1042 sunt
2063 985 2211 1040 Patri
2247 986 2427 1041 omnia
2471 985 2604 1058 (50);
2637 1002 2733 1056 per
2773 987 3090 1056 sapientiam
3144 1000 3396 1055 namque,
3423 985 3476 1039 id

1913 1082 1996 1131 est
2028 1077 2192 1130 verbo
2225 1087 2277 1130 et
2308 1076 2534 1144 ratione,
2576 1092 2679 1130 non
2724 1077 2775 1130 vi
2808 1092 2872 1131 ac
2905 1075 3248 1141 necessitate,
3284 1085 3477 1131 cuncta

1915 1168 2155 1239 subjecta
2181 1178 2325 1223 sunt.
2353 1169 2419 1223 Et
2444 1169 2563 1223 ideo
2597 1169 2650 1222 in
2686 1184 2750 1223 eo
2783 1169 2898 1238 ipso
2943 1183 3048 1237 quo
3105 1168 3315 1223 obtinet
3346 1184 3480 1249 _om-

1914 1262 2027 1326 nia,
2048 1261 2218 1332 gloria
2253 1277 2352 1315 sua
2382 1272 2501 1325 est;
2530 1270 2584 1316 et
2615 1263 2733 1316 haec
2762 1270 2847 1315 est
2874 1261 3272 1329 omnipotentia!
3300 1263 3479 1331 puris.

1915 1353 2047 1407 sima
2074 1364 2128 1407 et
2154 1352 2520 1421 limpidissima
2547 1353 2737 1424 gloria,
2773 1368 2895 1408 cum
2923 1352 3129 1407 ratione
3171 1362 3225 1407 et
3262 1354 3480 1424 sapien-

1919 1445 2011 1508 tia,
2041 1459 2145 1498 non
2197 1446 2247 1498 vi
2298 1461 2362 1500 ac
2402 1446 2741 1509 necessitate,
2793 1458 2989 1500 cuncta
3038 1443 3279 1511 subjecta
3324 1455 3475 1500 sunt.

1922 1537 2220 1591 Purissima
2268 1553 2395 1591 vero
2448 1553 2510 1591 ac
2562 1538 2937 1607 limpidissima
2970 1537 3138 1608 gloria
3172 1539 3475 1606 sapientiai,

1916 1634 2048 1683 satis
2081 1630 2468 1683 convenienter
2495 1630 2694 1684 dictum
2720 1639 2805 1685 est
2830 1630 2895 1684 ad
2924 1630 3327 1685 distinctionem
3362 1630 3479 1701 ejus

1918 1722 2123 1792 glorFae,
2159 1736 2279 1790 qua:
2307 1736 2413 1774 non
2449 1736 2601 1790 pure,
2647 1736 2745 1776 nec
2786 1722 3001 1777 sincere
3048 1722 3219 1793 gloria
3256 1725 3475 1781 dicitur.

1921 1815 2107 1871 Omnis
2141 1830 2269 1871 vero
2298 1824 2493 1868 natura
2542 1813 2654 1887 (51)
2702 1829 2819 1885 quae
2879 1817 3249 1871 convertibilis
3295 1827 3377 1872 est
3424 1827 3481 1873 et

1920 1906 2320 1960 commutabilis
2345 1943 2361 1969 ,
2401 1905 2617 1959 etiamsi
2651 1904 2981 1975 glorificatur
3006 1908 3058 1961 in
3097 1907 3347 1977 operibus
3387 1908 3479 1979 ju-

1919 1998 2077 2053 stitire
2118 2000 2202 2053 vel
2226 1998 2521 2068 sapientia),
2549 2014 2645 2069 per
2668 2000 2769 2054 hoc
2794 2000 2965 2069 ipsum
3001 2010 3176 2056 tamen
3214 2004 3354 2070 quod
3382 2018 3477 2058 ac-

1919 2090 2659 2160 cidentemhabetjustitiam
2710 2093 2797 2148 vel
2840 2094 3187 2162 sapientiam,
3229 2106 3283 2149 et
3334 2098 3479 2163 quod

1920 2185 2021 2239 hoc
2067 2183 2208 2252 quod
2264 2182 2482 2247 accidit,
2536 2185 2702 2237 etiam
2747 2182 3001 2238 decidere
3044 2192 3258 2253 potest.
3306 2185 3476 2254 gloria

1917 2277 2032 2345 ejus
2060 2278 2270 2332 sincera
2302 2292 2365 2331 ac
2414 2275 2789 2347 limpidissima
2825 2294 2949 2333 esse
3004 2295 3109 2334 non
3142 2288 3339 2346 potest.
3376 2278 3478 2333 Sa-

1917 2373 2118 2442 pientia
2146 2386 2278 2425 vero
2322 2371 2417 2425 Dei
2456 2384 2574 2439 quae
2615 2380 2703 2425 est
2755 2371 3070 2441 unigenitus
3113 2370 3283 2425 Filius
3332 2372 3475 2441 ejus.

1917 2466 2169 2535 quoniam
2201 2466 2254 2519 in
2278 2464 2526 2520 omnibus
2578 2462 3011 2519 inconvertibilis
3047 2474 3129 2518 cst
3180 2476 3233 2518 et
3266 2464 3475 2518 incom-

1920 2557 2211 2623 mutabilis,
2253 2565 2305 2611 et
2350 2556 2716 2610 substantiale
2752 2557 2804 2611 in
2848 2571 2914 2611 eo
2942 2570 3102 2612 ornne
3156 2555 3353 2610 bonum
3392 2565 3479 2610 est

1919 2649 2062 2715 quod
2098 2648 2280 2714 utique
2326 2645 2527 2700 mutari
2573 2656 2736 2715 atque
2786 2647 3028 2700 converti
3080 2662 3354 2716 nunquam
3381 2662 3479 2716 po-

1922 2745 2047 2801 test,
2102 2736 2305 2791 idcirco
2357 2752 2494 2806 pura
2539 2737 2656 2807 ejus
2708 2751 2771 2792 ac
2814 2738 3024 2792 sincera
3074 2737 3243 2807 gloria
3276 2738 3479 2808 praedi-

1920 2840 2097 2885 Cilllll'.

1989 2921 2078 2975 11.
2120 2919 2304 2977 Tertio
2352 2920 2549 2978 dicitur
2589 2920 2853 2994 sapientia
2911 2938 3031 2980 esse
3071 2922 3326 2993 splendor
3354 2922 3469 2998 (52)

1916 3015 2052 3071 lucis
2078 3026 2322 3081 aeternae;
2351 3015 2507 3083 cujus
2542 3017 2618 3071 rei
2644 3017 2897 3071 virtutem
2928 3016 3039 3084 jam
3076 3018 3130 3071 in
3164 3018 3477 3086 praeceden-

242 3108 451 3165 Christi
487 3115 631 3175 sunt,
668 3107 810 3163 inter
831 3110 1012 3163 omnia
1045 3124 1174 3162 vero
1206 3124 1323 3176 quae
1354 3117 1500 3173 sunt,
1531 3109 1686 3162 Pater
1727 3122 1809 3165 est
1838 3147 1879 3202 Ο
1917 3109 2055 3166 tibus
2082 3108 2190 3179 59
2221 3109 2587 3178 exposuimus,
2625 3125 2744 3163 cum
2792 3110 2923 3164 solis
2954 3110 3395 3177 similitudinem,
3419 3118 3479 3165 et

244 3203 408 3257 etiam
457 3201 818 3270 omnipotens,
873 3202 992 3255 sine
1049 3201 1215 3256 dubio
1268 3201 1430 3255 etiam
1498 3201 1813 3272 unigenitus

246 3292 419 3347 Filius
443 3293 600 3347 debet
626 3306 746 3348 esse
772 3294 1137 3363 omnipotens,
1164 3304 1220 3349 ut
1261 3294 1440 3350 omnia
1491 3310 1612 3363 qua:
1654 3294 1814 3347 habet

250 3384 433 3450 Pater,
474 3385 641 3438 etiam
666 3382 841 3438 Filius
889 3382 1106 3437 habeat.
1138 3404 1156 3436 ‹
1196 3385 1261 3439 Ει
1303 3384 1633 3455 glorilicatus
1670 3399 1810 3445 smn,

249 3478 446 3549 inquit,
505 3478 558 3532 in
607 3476 790 3532 eis.ln
840 3479 1058 3531 nomine
1107 3483 1248 3531 enim
1292 3476 1421 3532 Jesu
1474 3492 1635 3532 omne
1679 3489 1814 3545 genu

247 3573 497 3625 ﬂectetur
524 3569 848 3630 caelestium,
879 3569 1238 3634 terrestrium,
1266 3578 1321 3623 et
1370 3567 1726 3632 infernorum,
1757 3578 1812 3621 et

248 3664 424 3716 omnis
451 3661 634 3732 lingua
676 3660 1047 3724 conﬁtebitur,
1087 3661 1212 3727 quia
1258 3659 1516 3714 Dominus
1558 3659 1715 3715 Jesus
1762 3661 1816 3714 in

252 3754 420 3822 gloria
448 3762 533 3808 est
571 3750 663 3806 Dei
713 3751 891 3806 Patris
924 3752 989 3805 ⁵³.
1043 3769 1062 3802 ι
1098 3750 1266 3821 lgitur
1313 3754 1598 3821 aporrhoea
1630 3754 1816 3823 gloria:

256 3843 344 3898 Dei
378 3844 677 3899 secundum
714 3844 815 3897 hoc
857 3842 1000 3912 quod
1042 3845 1383 3911 omnipotens
1424 3854 1527 3906 est,
1582 3860 1714 3914 pura
1754 3861 1818 3901 ac

254 3935 615 4005 litnpidaipsa
646 3935 905 4004 Sapientia
936 3943 1037 3998 est,
1083 3935 1376 4003 glorilicata
1412 3935 1518 4009 (48)
1564 3944 1817 4006 tanquam

255 4029 552 4097 aporrhma
578 4028 1007 4097 omnipotentite,
1030 4028 1113 4081 vel
1148 4028 1351 4098 εισι-ξω.
1383 4027 1454 4082 Ut
1498 4040 1673 4082 autem
1707 4044 1818 4083 ma-

256 4120 526 4175 nifestius
550 4118 890 4187 intelligatur
922 4132 1040 4186 quae
1069 4117 1138 4171 sit
1176 4118 1345 4186 gloria
1396 4119 1815 4186 omnipotentiae,

252 4211 411 4264 etiam
441 4212 551 4265 hoc
575 4209 847 4263 addimus.
880 4207 1021 4263 Deus
1045 4205 1205 4261 Pater
1227 4207 1337 4278 (49)
1364 4210 1699 4276 omnipotens
1715 4218 1817 4274 est,

253 4315 316 4354 eo
340 4301 489 4370 quod
520 4310 857 4369 potentatum
893 4300 1135 4354 omnium
1186 4308 1353 4363 tenet,
1398 4299 1448 4351 id
1481 4307 1583 4363 est,
1614 4299 1734 4353 coeli
1767 4310 1818 4352 et

256 4401 432 4457 terrae,
468 4392 601 4447 solis
631 4401 685 4447 et
708 4391 847 4447 lunae
876 4402 928 4448 et
957 4393 1261 4459 stellarum,
1307 4393 1655 4459 omniumque
1699 4406 1818 4461 qua:

319 4554 365 4586 δ’
386 4553 537 4610 Psal.
565 4568 680 4620 cm,
700 4553 793 4609 24.
867 4553 913 4585 ⁸⁰
932 4550 1090 4607 Joan.
1112 4569 1151 4619 ι,
1176 4554 1230 4607 5.
1324 4554 1365 4586 ⁸¹
1395 4554 1556 4623 Apoc.
1582 4572 1618 4622 ι,
1646 4556 1698 4612 8.

1793 4555 1838 4586 “
1861 4551 2017 4609 Joan.
2053 4564 2185 4612 xvtt,
2210 4544 2296 4600 10.

1916 3194 2185 3256 radiorum
2218 3200 2333 3269 ejus
2357 3200 2698 3269 splendorem
2727 3200 3125 3255 introduximus
3166 3210 3222 3255 et
3265 3218 3362 3271 pro
3387 3202 3474 3254 vi-

1916 3291 2064 3347 ribus
2087 3292 2285 3345 nostris
2310 3292 2645 3344 ostendimus
2694 3292 2961 3359 quomodo
2997 3292 3097 3345 hoc
3131 3292 3354 3347 deberet
3388 3292 3472 3346 in-

1919 3384 2106 3454 telligi.
2154 3383 2429 3438 Addemus
2478 3391 2655 3437 tamen
2699 3384 2861 3438 etiam
2898 3385 2997 3439 hoc
3031 3402 3219 3441 unttm.
3263 3386 3476 3453 Sempi-

1918 3484 2129 3529 ternum
2168 3475 2253 3529 vel
2295 3486 2554 3530 aaternum
2586 3474 2799 3544 proprie
2833 3474 3034 3527 dicitur
3091 3477 3234 3543 quod
3294 3491 3473 3546 neque

1917 3566 2124 3620 initium
2164 3577 2222 3620 ut
2256 3576 2397 3621 esset
2424 3567 2633 3630 habuit,
2659 3577 2833 3629 neque
2865 3578 3080 3616 cessare
3106 3581 3345 3633 unquam
3375 3581 3475 3631 po-

1920 3669 2025 3714 test
2049 3674 2167 3713 esse
2184 3661 2326 3728 quod
2350 3669 2451 3713 est.
2478 3657 2591 3712 Hoc
2614 3670 2790 3714 autem
2819 3660 3131 3730 designatur
3154 3660 3290 3727 apud
3311 3657 3477 3713 Joan-

1920 3768 2040 3807 nem
2069 3769 2192 3807 cum
2225 3753 2354 3806 dicit
2387 3754 2644 3822 quoniam
2679 3771 2696 3803 ‹
2732 3754 2874 3807 Deus
2910 3753 3000 3807 lux
3032 3763 3116 3808 est
3143 3753 3208 3807 5‘.
3234 3773 3253 3805 ι
3285 3754 3476 3824 Splen-

1918 3846 2016 3900 dor
2044 3854 2224 3899 autem
2256 3843 2389 3898 lucis
2411 3844 2527 3911 ejus
2559 3844 2824 3913 sapientia
2870 3861 2964 3898 sua
2993 3855 3095 3906 est,
3152 3861 3255 3899 non
3298 3846 3470 3899 solum

1917 3937 2215 3993 secundum
2269 3936 2410 4006 quod
2464 3936 2549 3990 lux
2601 3945 2703 4002 est,
2750 3935 2841 3990 sed
2887 3948 2940 3991 et
2990 3937 3280 3992 secundum
3331 3939 3477 4009 quod

1918 4031 2247 4101 sempiterna
2294 4029 2382 4083 lux
2419 4039 2521 4091 est,
2555 4029 2626 4086 ita
2679 4038 2735 4082 ut
2779 4039 3013 4083 aeternus
3058 4038 3112 4083 et
3158 4032 3477 4086 aeternitatis

1923 4121 2177 4190 splemlor
2223 4120 2294 4173 sit
2325 4121 2587 4187 sapientia
2638 4134 2753 4173 sua.
2784 4119 2932 4185 Quod
2964 4120 3007 4171 si
3043 4119 3249 4186 integre
3280 4119 3476 4173 intelli-

1922 4219 2098 4277 gatur,
2132 4207 2415 4262 manifeste
2441 4206 2698 4271 declarat,
2733 4208 2856 4275 quia
2883 4208 3228 4260 subsistentia
3261 4206 3380 4260 Filii
3406 4211 3473 4260 ab

1921 4301 2040 4368 ipso
2069 4298 2232 4353 Patre
2255 4298 2554 4363 descendit,
2580 4300 2673 4351 sed
2710 4314 2811 4349 non
2855 4297 3242 4364 temporaliter,
3299 4312 3475 4366 neque

1920 4390 1988 4444 ab
2013 4390 2118 4442 ullo
2146 4389 2250 4442 alio
2282 4389 2457 4452 initio,
2491 4387 2613 4450 nisi,
2648 4397 2707 4441 ut
2735 4387 2989 4453 diximus,
3026 4386 3092 4441 ab
3127 4386 3241 4456 ipso
3272 4387 3403 4443 Deo.

2374 4544 2419 4575 ⁸³
2447 4544 2583 4598 Phil.
2611 4561 2668 4610 ll,
2699 4545 2783 4609 10,
2813 4546 2897 4601 11.
2973 4547 3019 4577 ³⁵
3044 4545 3060 4598 l
3084 4545 3234 4602 Joan.
3261 4563 3300 4613 1,
3324 4548 3379 4604 5.

325 4696 434 4769 (45)
465 4694 542 4747 lta
573 4710 703 4749 mss.
734 4693 901 4769 Alias,
939 4713 958 4744 ι
1002 4695 1284 4769 quomodo
1314 4694 1538 4769 gloriam
1584 4694 1740 4769 digit.
1786 4714 1805 4747 ι
1839 4698 1889 4757 D
1913 4707 2004 4769 per
2038 4704 2187 4760 quem
2221 4685 2450 4769 subjecta
2488 4692 2614 4769 sunt
2660 4681 2815 4738 Patri
2859 4685 3053 4769 omnia.
3109 4685 3234 4741 llaec
3267 4688 3474 4768 .desunt

262 4764 426 4821 Paulo
456 4776 579 4835 post
615 4780 767 4829 mss.,
805 4783 822 4814 ι
854 4765 907 4817 in
932 4765 1335 4835 omnipotentite
1372 4765 1559 4834 gloria.
1592 4781 1610 4814 ›
1643 4765 1812 4827 Alias,

269 4856 286 4886 ο
333 4838 382 4890 in
424 4833 820 4904 oinnipotentia
858 4836 1061 4904 glorize.
1104 4852 1122 4883 ι
1156 4833 1296 4887 Infra
1327 4851 1483 4897 mss.,
1524 4851 1542 4884 ι
1576 4836 1815 4889 omnium

270 4917 623 4974 petentatum.
668 4925 685 4958 ι
720 4907 889 4966 Alias,
924 4922 941 4955 ι
984 4905 1492 4972 omnipotentatum.
1530 4923 1549 4955 ι

330 4976 435 5049 (46)
475 4977 528 5029 1η
563 4986 717 5049 antea
750 4977 908 5028 editis
944 4984 1084 5042 post,
1116 4991 1134 5025 ι
1167 4984 1427 5049 venturus
1464 4984 1566 5035 est,
1611 4992 1630 5024 ι
1669 4975 1821 5049 addi-

267 5045 367 5106 tur,
416 5045 440 5100 ἰ
511 5047 889 5115 omnipotens,
948 5064 964 5096 ι
1010 5058 1130 5114 quae
1183 5060 1285 5099 vox
1340 5045 1394 5098 in
1439 5060 1569 5098 mss.
1622 5046 1820 5101 nostris

268 5118 424 5175 deest,

332 5188 439 5250 (Η)
466 5185 673 5241 Dicitur
701 5183 885 5239 Pater.
916 5184 1007 5240 Sic
1053 5200 1182 5239 mss.
1229 5184 1376 5239 Alias
1425 5200 1573 5247 vero,
1608 5202 1626 5234 ι
1672 5184 1809 5238 Deus

269 5254 437 5324 Pater.
475 5276 494 5307 ι
531 5259 671 5310 lnl'ra
696 5272 849 5316 mss.,
881 5275 898 5307 ‹
939 5258 1079 5309 inter
1122 5256 1461 5324 omnia_vero
1491 5271 1613 5324 qua:
1660 5264 1806 5315 sunt,

272 5322 422 5380 Pater
457 5328 721 5381 estetiam
866 5337 921 5379 ut
943 5326 1141 5378 omnia.
1172 5343 1191 5375 ι
1222 5320 1393 5394 Alias,
1423 5343 1440 5375 ι
1476 5320 1613 5378 inter
1632 5326 1811 5378 omnia

271 5410 378 5461 qua:
408 5408 533 5453 sunt
564 5399 756 5458 Patris,
789 5408 870 5449 est
894 5397 1056 5451 etiam
1214 5406 1268 5448 et
1292 5397 1493 5451 omnia.
1530 5413 1549 5446 ι

301 5463 447 5586 ,1148)
484 5470 572 5522 Sic
597 5484 726 5523 mss.
752 5469 922 5532 Alias,
954 5483 971 5516 ι
1006 5468 1114 5534 ipsa
1158 5473 1241 5525 est
1276 5467 1539 5536 sapientia
1576 5464 1668 5519 Dei
1702 5467 1814 5535 glo-

301 5550 491 5586 tlcata.
525 5557 544 5586 ι

273 5546 409 5590 tmen
420 5550 491 5591 ta.
525 5557 544 5589 ι

337 5597 446 5675 (49)
493 5608 634 5663 Deus
680 5606 860 5670 Pater,
904 5614 1011 5661 etc.
1057 5595 1199 5662 Vide
1255 5604 1566 5677 Origenian.
1619 5604 1712 5661 lib.
1749 5621 1809 5673 tt,

275 5686 455 5742 quiest.
491 5680 542 5740 1.
567 5694 714 5731 num.
749 5680 770 5731 1
797 5686 851 5732 et
880 5677 933 5731 2.

342 5743 451 5818 (50)
477 5746 544 5802 Et
564 5750 674 5819 ipse
695 5757 770 5802 est
795 5750 880 5819 qui
906 5757 1227 5818 potentatum
1257 5747 1360 5819 agit
1398 5750 1451 5803 in
1500 5744 1735 5801 omnibus
1767 5752 1812 5798 et

1926 4764 1978 4816 in
2007 4757 2163 4813 antea
2198 4758 2375 4820 editis,
2406 4757 2499 4808 sed
2558 4757 2608 4805 in
2660 4769 2787 4811 mss.
2827 4758 3083 4826 omnibus,
3107 4757 3469 4826 reperiuntur.

1997 4828 2107 4903 (51)
2133 4828 2314 4903 omnis
2348 4843 2461 4879 vero
2488 4835 2701 4903 natura,
2742 4837 2847 4879 etc.
2888 4824 3040 4903 Hunc
3075 4824 3249 4881 locum
3286 4830 3374 4903 qui
3416 4832 3467 4883 in

1930 4895 2100 4954 antea
2118 4899 2278 4952 editis
2315 4896 2753 4963 corruptissimus
2778 4904 2885 4959 est,
2910 4895 2988 4948 sic
3022 4912 3212 4949 sanum
3245 4908 3300 4952 et
3331 4900 3469 4953 inte-

1926 4986 2079 5040 grum
2128 4970 2413 5040 restituunt
2456 4981 2584 5019 mss.
2634 4966 2803 5032 Alias,
2842 4984 2861 5016 r
2906 4967 3079 5040 otnnis
3119 4982 3246 5040 vero
3280 4978 3467 5024 natura

1926 5036 2045 5109 qua:
2068 5037 2433 5093 convertibilis
2460 5045 2543 5089 est
2566 5036 3042 5109 etconnnutabilis
3086 5039 3249 5090 etiam
3286 5041 3473 5109 siglo-

1929 5107 2190 5176 rideatur,
2238 5109 2571 5177 gloriﬁcatur
2621 5107 2673 5159 in
2719 5107 2973 5176 operibus
3002 5108 3225 5174 justiti:e
3264 5107 3470 5164 velis..-

1925 5182 2138 5249 pieutiae
2169 5195 2261 5246 per
2286 5178 2465 5233 Jesum
2492 5176 2765 5249 Christum
2796 5181 2935 5245 quod
2986 5180 3318 5234 accidentetn
3378 5182 3473 5233 ha-

1922 5248 2010 5304 bet
2029 5251 2296 5319 justitiam
2325 5249 2403 5302 Vel
2430 5248 2768 5314 sapientiam,
2795 5258 2849 5300 et
2877 5250 3042 5319 quod
3067 5249 3276 5303 accidet
3306 5250 3470 5304 etiam

1921 5317 2170 5376 decidere
2200 5328 2393 5389 potest.
2421 5319 2602 5374 Gloria
2642 5328 2818 5371 tamen
2856 5333 2972 5386 ejus
3004 5317 3216 5373 sincera
3248 5334 3311 5373 ac
3342 5319 3472 5372 lim-

1920 5392 2193 5459 pidissima
2248 5391 2493 5445 decidere
2527 5397 2755 5456 potest.»

1993 5462 2106 5531 (ὅῖ)
2159 5461 2250 5514 Sic
2284 5477 2423 5531 mss.
2484 5460 2651 5531 Alias,
2693 5477 2711 5509 ‹
2765 5461 2902 5513 Deus
2965 5458 3226 5527 sapientia
3290 5467 3373 5511 est
3420 5468 3479 5513 et

1924 5529 2197 5597 splendor.
2233 5550 2249 5579 ι
2280 5529 2444 5583 Paulo
2475 5530 2613 5583 infra
2660 5544 2812 5592 mss.,
2852 5546 2870 5576 t
2919 5544 3091 5597 neque
3128 5540 3348 5581 cessare
3379 5543 3481 5581 uno

1920 5618 2079 5670 quam
2131 5612 2304 5667 potest
2356 5615 2476 5655 esse
2506 5599 2648 5668 quod
2683 5609 2787 5650 est.
2839 5597 2950 5653 Hoc
3009 5609 3189 5649 autem
3228 5597 3479 5668 designa-

1923 5684 2029 5723 tur.
2063 5690 2081 5723 ι
2119 5672 2281 5729 Alias.
2321 5687 2339 5720 ‹
2380 5684 2554 5737 neque
2588 5682 2806 5721 cessare
2842 5682 3075 5737 unqttatn
3108 5674 3307 5733 potest.
3336 5671 3478 5739 Quid

1923 5752 2098 5795 autem
2131 5745 2225 5793 hoc
2255 5742 2327 5793 sit
2355 5741 2684 5810 designatur.
2727 5753 2745 5785 ο
