3952 6144
288 233 388 289 HS

1649 228 1851 284 LIBER
1887 225 2164 282 PRIMUS.

3408 210 3519 270 146’

287 356 466 410 lumen
497 355 817 419 vernm'est,
853 352 939 408 vel
973 353 1194 419 ostium,
1222 353 1306 405 vel
1346 352 1576 423 justitia,
1603 353 1688 408 vel
1717 367 1845 408 san-
1874 355 1918 411 Α
1949 349 2170 406 Graecos
2220 355 2275 402 et
2328 344 2591 400 barbaros
2624 340 2989 412 philosophari
3017 340 3295 402 vii-lentur;
3327 347 3501 391 tamen

287 447 565 512 etiﬁcatio,
597 445 684 499 vel
729 445 1053 513 redemptio,
1082 455 1135 499 et
1173 444 1276 498 alia
1311 443 1616 508 innumera,
1645 451 1699 497 et
1724 442 1845 512 qui-

288 540 385 592 bus
420 538 608 593 causis
650 537 1072 608 unumquodque
1100 538 1290 591 horum
1322 537 1648 603 nominetur,
1680 551 1846 604 expo-

284 645 436 685 nere.
485 631 590 683 Sed
625 631 866 686 contenti
898 630 980 684 his
1019 630 1085 684 de
1131 629 1327 699 quibus
1379 629 1628 697 superius
1672 628 1838 681 disse-

285 723 524 788 ruimus,
556 730 952 792 consequenter
977 724 1139 775 etiam
1173 720 1378 787 reliqua
1406 720 1802 788 perquiramus.

879 831 1108 888 CAPUT
1149 831 1237 885 111.

795 902 874 956 De
903 901 1104 972 Spiritu
1129 910 1328 958 sancto.

343 996 400 1053 1.
436 997 790 1066 Consequens
851 996 1012 1064 igitur
1068 1003 1150 1049 est
1210 1010 1370 1059 nunc,
1405 1002 1463 1050 ut
1513 994 1579 1048 de
1638 994 1839 1062 Spiritu

278 1099 475 1144 sancto
525 1103 691 1158 quam
750 1101 1034 1157 possumus
1087 1087 1325 1141 breviter
1372 1087 1729 1155 requiramus.
1776 1086 1841 1139 Et

277 1195 472 1235 omnes
503 1181 722 1249 quidem
753 1179 843 1247 qui
894 1183 1276 1248 quoquomodo
1300 1179 1693 1247 providentiam
1723 1193 1841 1231 esse

277 1271 550 1336 sentiunt,
586 1269 751 1324 Deum
777 1283 896 1324 esse
931 1270 1231 1337 ingenitum
1273 1271 1362 1336 qui
1391 1269 1642 1323 universa
1680 1282 1840 1322 crea-

280 1365 352 1416 vit
402 1371 572 1431 atque
625 1363 912 1431 disposuit,
973 1361 1326 1424 conﬁtentur,
1375 1375 1610 1430 eumque
1642 1376 1840 1430 paren-

278 1463 382 1507 tem
413 1453 532 1527 (60)
568 1453 936 1510 universitatis
967 1462 1281 1523 agnoscunt.
1322 1452 1454 1506 lluic
1496 1461 1671 1506 tamen
1719 1467 1839 1507 esse

277 1544 474 1600 Filium
525 1563 629 1599 non
665 1561 763 1600 nos
796 1544 898 1600 soli
939 1545 1372 1615 pronuntiamus,
1413 1543 1659 1614 quamvis
1707 1543 1840 1598 satis

279 1637 380 1692 hoc
418 1648 476 1692 et
510 1637 704 1691 mirum
738 1646 790 1692 et
835 1638 1166 1692 incredulum
1196 1638 1444 1692 videatur
1475 1637 1547 1691 iis
1575 1639 1664 1706 qui
1697 1637 1836 1706 apud

348 1749 466 1818 (.60)
499 1747 598 1818 §ic
634 1764 786 1812 mss.,
824 1750 964 1803 male
990 1749 1386 1811 Genebrardns,
1421 1766 1440 1798 ‹
1466 1757 1791 1816 potentem.)

345 1817 462 1890 (61)
493 1817 688 1890 Tamen
719 1836 748 1870 a
775 1820 1045 1890 nonnullis
1072 1820 1224 1871 etiam
1256 1818 1686 1890 ipsorﬁumﬂhabila
1719 1819 1832 1890 ejus

277 1887 488 1943 videtur
545 1888 739 1957 opinio.
803 1887 952 1942 Plato
1003 1888 1224 1957 ejusque
1269 1889 1524 1956 discipuli
1594 1889 1832 1957 speciem

274 1959 571 2026 quamdam
603 1955 1286 2020 Trinitatisinformarunt,
1325 1955 1568 2026 duasque
1612 1955 1675 2012 ac
1721 1970 1832 2014 tres

276 2029 582 2082 distinxere
616 2028 865 2082 universe
899 2029 1048 2089 deos,
1078 2043 1108 2082 e
1149 2030 1347 2098 quibus
1377 2028 1582 2098 primus
1614 2037 1700 2081 est
1733 2043 1829 2096 pa-

277 2113 407 2152 rens
449 2108 804 2161 cancrorum;
841 2099 1103 2151 secundus
1148 2096 1344 2151 artifex
1381 2096 1446 2150 et
1507 2098 1828 2166 principium

273 2169 523 2221 omnium
554 2181 766 2228 rerum;
800 2167 990 2221 tertius
1017 2183 1042 2220 a
1076 2167 1296 2221 Platone
1340 2167 1569 2221 obscure
1616 2168 1830 2236 signiﬁ-

273 2247 461 2301 catus,
489 2251 516 2288 a
544 2237 815 2305 plerisque
839 2237 1019 2290 mundi
1047 2252 1164 2290 esse
1194 2238 1371 2290 anima
1397 2237 1616 2291 dicitur.
1639 2238 1694 2291 ln
1713 2239 1829 2304 epi-

271 2307 418 2359 stola
469 2306 702 2376 secunda
755 2306 820 2376 ad
871 2306 1180 2376 Dionysium
1222 2307 1301 2376 sie
1333 2306 1493 2361 habet
1523 2325 1534 2359 :
1559 2308 1828 2376 Φραστέον

268 2376 338 2457 δή
373 2392 462 2457 σοι
492 2374 558 2427 δι’
579 2373 870 2457 αἰνιγμῶν,
899 2373 1054 2457 ἵνὀἇν
1098 2393 1149 2427 τι
1192 2378 1231 2457 ἡ
1267 2375 1444 2457 δέλςεος
1480 2376 1514 2457 ᾗ
1557 2373 1825 2457 ξξντουίἢ

271 2442 378 2516 γῆς
407 2448 469 2516 ὲν
501 2442 740 2516 πτυχαῖς
767 2444 932 2516 πάθῃ,
1018 2442 1279 2516 ἀνοιγνοὶις
1313 2445 1384 2516 μὴ
1407 2442 1536 2514 γνῷ.
1563 2442 1690 2499 ’Ὧδε
1720 2442 1828 2516 γὰρ

264 2513 412 2584 ἐχὲι,
445 2515 580 2583 Περὶ
601 2515 688 2584 τον
714 2514 922 2584 πάντῳν
965 2513 1183 2584 βασιλέᾳ
1215 2513 1528 2584 πάντνὲστὶ,
1562 2517 1654 2568 καὶ
1691 2513 1829 2568 sicei-

263 2581 361 2638 νου
391 2581 560 2634 ’ἐνεκά
584 2583 780 2641 πάντα,
819 2582 908 2632 καὶ
935 2584 1107 2634 ἐκεῖνο
1126 2581 1292 2634 αἴτιον
1322 2583 1570 2635 ἁπάντων
1596 2584 1700 2637 τῶν
1727 2603 1828 2638 κα-

258 2652 380 2724 λῷν
400 2669 415 2681 ·
458 2651 705 2724 δεύτερον
745 2651 801 2703 δὲ
834 2667 911 2724 ’πε
923 2651 972 2720 pl.
1004 2650 1070 2703 τὰ
1094 2649 1351 2724 ίόΞ-ύτερα,
1377 2653 1474 2724 καὶ
1500 2652 1676 2720 τρίτον
1706 2656 1831 2724 περὶ

258 2722 342 2775 τὰ
375 2720 561 2791 τρίτα.
599 2719 627 2771 ι
650 2719 936 2773 Dicendum
981 2730 1064 2775 est
1093 2719 1264 2791 igitur
1297 2721 1388 2774 tibi
1413 2719 1557 2774 nunc
1584 2738 1676 2790 per
1702 2719 1832 2776 teni-

265 2789 463 2857 gmata
502 2793 769 2858 quaedam,
811 2797 866 2842 ut
914 2791 958 2843 si
991 2791 1119 2856 quid
1165 2789 1288 2842 huic
1322 2791 1528 2844 tabella!
1567 2789 1652 2844 vel
1684 2793 1821 2846 mari

260 2860 354 2914 vel
389 2872 532 2912 terra
567 2861 858 2926 contingat,
892 2860 1128 2929 quieam
1158 2858 1346 2927 legerit
1395 2860 1692 2929 intelligere
1724 2878 1827 2916 non

267 2930 476 2998 possit.
513 2929 602 2983 Est
631 2939 804 2980 autem
839 2930 930 2982 ita.
967 2928 1121 2983 Circa
1154 2931 1392 2982 omnium
1429 2928 1608 2996 regem
1634 2941 1824 2986 cuncta

265 3009 433 3064 sunt;
473 3000 640 3067 ipsius
681 2998 853 3066 gratia
893 2999 1107 3062 omnia;
1158 2998 1272 3067 ipse
1319 2999 1658 3067 pulchrorum
1703 3017 1822 3055 om-

271 3071 432 3124 nium
469 3083 662 3131 causa;
695 3070 838 3122 circa
871 3068 1164 3122 secundum
1198 3069 1467 3135 secunda;
1496 3072 1652 3124 tertia
1685 3073 1828 3126 circa

270 3140 521 3193 tertium.
547 3157 568 3191 ι
603 3136 698 3191 llis
726 3137 906 3190 verbis
954 3147 1062 3191 tres
1095 3138 1405 3207 divinitatis
1447 3153 1708 3207 perSOItas
1752 3144 1830 3196 si-

273 3208 530 3278 gnificari
562 3209 764 3278 putavit
791 3207 1050 3260 Eusebius
1093 3206 1185 3260 lib.
1211 3219 1288 3275 xu
1321 3204 1829 3278 Prwpar.evangel.:

277 3279 450 3331 «llaec
501 3276 771 3343 Platonis,
815 3277 1036 3346 inquit,
1107 3279 1272 3332 verba
1317 3277 1428 3347 qui,
1457 3276 1826 3347 explicandam

271 3347 579 3416 philosophi
622 3359 856 3400 mentem
899 3360 1206 3416 suscepere,
1243 3349 1308 3401 ad
1352 3346 1582 3414 primum
1639 3348 1825 3414 Deum,

273 3415 680 3486 secundumque
712 3417 1034 3485 principium
1059 3415 1318 3479 referunt,
1350 3431 1449 3471 nec
1475 3433 1582 3472 non
1618 3421 1685 3472 ad
1719 3431 1822 3473 ter-

273 3487 435 3553 tium,
464 3502 626 3556 quam
661 3487 840 3539 mundi
878 3487 1422 3557 animamDeinnque
1479 3488 1699 3541 tertium
1725 3489 1824 3557 ipsi

271 3555 494 3624 quoque
519 3557 785 3624 appellare
813 3557 1008 3610 solent.
1035 3573 1053 3606 ι
1086 3555 1227 3608 Idem
1251 3555 1402 3609 Plato
1424 3557 1648 3626 epistola
1673 3555 1824 3612 serta

273 3627 336 3694 ad
370 3626 646 3678 Hermian:
695 3635 748 3678 et
803 3627 1052 3680 Erastum
1095 3634 1150 3678 et
1178 3626 1478 3692 Coriscum,
1511 3629 1646 3682 duos
1673 3631 1821 3694 deos,

273 3693 487 3765 Patrem
522 3705 576 3748 et
603 3694 824 3760 Filium,
856 3696 1113 3750 disertius
1151 3696 1440 3763 significat,
1471 3712 1591 3750 cum
1632 3693 1826 3765 episto-

273 3762 372 3834 lam
403 3781 560 3834 suam
607 3766 788 3834 legere
827 3765 944 3819 illos
972 3765 1144 3833 jubet,
1172 3762 1236 3834 ad
1270 3780 1404 3834 quos
1449 3782 1566 3820 eam
1612 3762 1820 3832 scribit,

269 3832 861 3908 éuopygvmg,_oﬁou6ﬁ
891 3835 1096 3908 redita
1131 3833 1203 3908 μὴ
1229 3832 1478 3908 -ὰμοιξσῳ,
1503 3838 1604 3908 -καὶ
1628 3839 1692 3907 τῇ
1722 3838 1822 3908 τῆς

272 3904 506 3972 σπουδῆς
548 3905 746 3974 ἀδελφῇ
800 3904 1037 3974 παιδείᾳ,
1079 3904 1283 3957 καὶτὸν
1312 3904 1418 3959 τῶν
1433 3904 1822 3961 “πάντων”Θεδν

268 3975 366 4048 ius
374 3974 511 4042 μόνα.
529 3974 707 4048 ’ζῶντες
724 3973 890 4048 ὅνὶων
922 3973 1014 4048 καὶ
1032 3975 1146 4048 sibi;
1176 3973 1495 4048 μελλόντῳν,
1509 3979 1601 4031 τοῦ
1617 3995 1674 4031 τε
1695 3980 1821 4048 ἡγε-

273 4043 429 4123 μόνος
483 4044 765 4123 καιαίιςίου
792 4044 1007 4123 Πατέρα
1030 4043 1228 4123 Κύριον
1245 4045 1598 4123 ἐπομνύντας.
1618 4043 1818 4101 «Etiam

267 4115 621 4182 jurejurando
659 4115 995 4182 interposito,
1031 4115 1135 4169 non
1181 4115 1301 4168 sine
1349 4117 1577 4184 eleganti
1611 4119 1814 4178 studio.

271 4192 424 4250 atque
460 4185 620 4250 hujus
658 4186 821 4240 Studii
870 4199 1058 4240 sorore
1081 4184 1363 4252 disciplina
1399 4201 1414 4239 :
1459 4187 1708 4239 testando
1735 4204 1821 4242 re-

271 4266 383 4324 rum
403 4256 652 4308 omnium
678 4255 888 4320 ducem,
907 4270 1026 4324 qua:
1053 4263 1282 4324 sunt,7et
1300 4269 1418 4322 quae
1442 4253 1632 4308 futurae
1655 4266 1779 4308 sunt
1802 4273 1817 4324 ;

269 4335 328 4393 :t__c
358 4323 517 4378 ducis
545 4333 601 4379 et
645 4327 891 4393 principii
925 4323 1154 4378 Patrem
1196 4323 1500 4378 Dominum.
1525 4343 1544 4375 ι
1575 4323 1818 4382 Plotinus

1865 1707 1908 1761 B

1945 457 1974 496 a
2007 439 2281 495 nonnullis
2312 439 2472 492 etiam
2504 437 2742 504 ipsorum
2769 434 2954 488 habita
2984 433 3098 501 ejus
3142 432 3352 484 videtur
3379 430 3501 497 opi-

1947 532 2035 588 nio
2060 528 2194 603 (6i),
2225 544 2348 586 cum
2395 528 2562 582 verho
2619 527 2735 587 Dei,
2786 525 2867 577 vel
2916 524 3123 576 ratione
3165 529 3346 577 creata
3381 533 3502 574 esse

1944 624 2126 678 omnia
2171 621 2516 677 conﬁtentur.
2546 618 2652 672 Nos
2701 632 2831 671 vero
2885 615 3175 672 secundum
3206 613 3366 666 ﬁdem
3397 612 3497 664 do-

1944 719 2133 772 ctrinae
2170 715 2304 784 ejus,
2344 729 2503 782 quam
2549 711 2807 765 divinitus
2856 710 3150 778 aspiratam
3195 721 3293 777 pro
3342 715 3499 759 certo

1946 810 2227 870 habemus,
2261 805 2672 860 eminentiorem
2732 801 3167 869 divinioremque
3225 797 3495 850 rationem

1944 901 2008 952 de
2035 897 2170 953 Filio
2199 896 2315 961 Dei,
2350 897 2548 950 nullius
2571 894 2798 948 alterius
2830 891 3210 962 possibilitatis
3233 904 3354 942 esse
3382 902 3500 942 cre-

1941 989 2117 1044 dimus
2156 1002 2450 1058 exponere,
2482 998 2646 1054 atque
2693 987 2746 1040 in
2810 985 3087 1037 hominum
3135 981 3495 1049 cognitionem

1943 1080 2213 1148 proferre,
2257 1078 2363 1133 nisi
2393 1078 2509 1147 ejus
2535 1077 2700 1132 solius
2735 1076 3030 1143 Scriptum
3080 1087 3199 1140 quae
3237 1087 3266 1124 a
3292 1071 3498 1140 Spiritu

1941 1184 2130 1228 sancto
2155 1173 2418 1242 inspirata
2453 1181 2554 1231 est,
2596 1170 2646 1223 id
2680 1177 2783 1232 est,
2812 1167 3139 1232 evangelicae
3168 1177 3329 1232 atque
3361 1180 3496 1232 apo—

1941 1263 2162 1328 stolicae,
2190 1277 2291 1320 nec
2333 1276 2438 1316 non
2492 1259 2628 1326 legis
2673 1273 2736 1311 ac
2776 1258 3181 1326 prophetarum,
3211 1257 3350 1310 sicut
3381 1256 3497 1324 ipse

1939 1357 2188 1413 Christus
2251 1353 2506 1410 asseruit.
2540 1351 2612 1404 De
2655 1349 3006 1405 subsistentia
3070 1363 3198 1400 vero
3253 1347 3493 1414 Spiritus

1940 1451 2112 1505 sancti
2162 1463 2230 1505 ne
2278 1449 2638 1516 suspicionem
2685 1446 2899 1515 quidem
2930 1442 3094 1494 ullam
3139 1439 3338 1492 habere
3369 1440 3490 1508 quis

1939 1541 2115 1610 potuit
2142 1539 2274 1613 (62),
2300 1549 2498 1609 praeter
2518 1555 2610 1595 eos
2640 1538 2726 1608 qui
2759 1537 2810 1590 in
2838 1535 2955 1604 lege
2979 1543 3036 1588 et
3064 1531 3342 1602 prophetis
3367 1545 3492 1582 ver-

1940 1631 2048 1686 sati
2071 1641 2215 1696 sunt,
2261 1633 2343 1686 vel
2378 1648 2468 1688 eos
2496 1634 2584 1700 qui
2627 1647 2684 1686 se
2718 1629 2938 1684 Christo
2969 1625 3193 1679 credere
3223 1622 3490 1676 conﬁten-

1940 1747 2079 1812 quod
2117 1756 2296 1799 autem
2331 1744 2605 1798 conditum
2659 1750 2763 1804 est,
2791 1739 3002 1794 tertius.
3031 1755 3048 1787 ι
3083 1736 3210 1800 Qua:
3239 1735 3488 1812 triAatoti-

1939 1803 2056 1870 dem
2090 1815 2388 1883 appellabat
2420 1803 2756 1883 nominibus,
2779 1823 3032 1883 voca_ns_r
3056 1803 3481 1883 avnm,_ﬁlinm,

1939 1872 2255 1954 nepotem,»
2312 1884 2555 1946 πάππον,
2607 1872 2846 1949 ἔκγονον,
2897 1876 3178 1954 ᾴπὸγονον.
3240 1872 3482 1951 Tertium

1938 1949 2122 2024 itaque
2170 1955 2489 2009 numerabat
2547 1955 2709 2024 Deum
2762 1949 3242 2024 m_undum_ipsnm,
3277 1949 3375 2024 hoc
3403 1953 3485 2023 est

1937 2014 2174 2078 aniinam
2217 2024 2425 2088 mundi,
2453 2025 2569 2078 sive
2601 2022 2653 2076 id
2687 2021 2827 2090 quod
2853 2034 2918 2072 ex
2944 2017 3213 2090 animaet
3244 2014 3483 2090 vastissi-

1940 2110 2029 2148 mo
2052 2084 2421 2148 universitatis
2442 2084 2914 2160 eorporefunum,
2944 2084 3340 2160 Platonicorum
3371 2084 3484 2147 api.

1939 2164 2122 2224 nione.
2152 2165 2351 2217 animal
2385 2153 2633 2218 efﬁcit-nr.
2676 2153 2752 2214 ’At
2783 2173 2927 2221 vero,
2959 2168 3015 2208 ut
3046 2155 3247 2224 optime
3285 2153 3477 2206 obser-

1935 2243 2024 2288 vat
2077 2234 2323 2288 Petavius
2364 2233 2453 2288 lib.
2487 2248 2502 2285 l
2546 2231 2621 2284 De
2647 2229 2923 2292 Trinitate,
2985 2241 3105 2294 cap.
3142 2226 3191 2288 1,
3244 2239 3390 2276 num.
3424 2225 3479 2288 4,

1935 2320 2039 2358 non
2097 2305 2330 2372 requales
2371 2303 2514 2366 illos,
2541 2313 2620 2372 et,
2647 2313 2703 2355 ut
2733 2299 2904 2372 Gratci
2937 2297 3246 2372 loquuntur,
3283 2294 3472 2362 ὁμοτί-

1937 2391 2089 2444 μους,
2126 2368 2232 2427 tres
2265 2375 2393 2444 deos
2422 2387 2543 2427 esse
2567 2371 2716 2444 Plato
2746 2368 2930 2444 voluit,
2964 2369 3326 2444 uti_pe_rsonas
3360 2374 3476 2444 tres

1933 2432 2090 2510 pares
2113 2452 2167 2496 et
2189 2442 2427 2512 aequales
2447 2457 2564 2497 esse
2597 2441 2648 2494 in
2684 2455 2788 2512 uno
2825 2438 2932 2491 Deo
2957 2432 3225 2491 catholica
3251 2432 3477 2512 proﬁte-

1935 2503 2024 2566 iur
2058 2513 2216 2578 ﬁdes;
2242 2503 2334 2566 sed
2359 2528 2524 2566 unum
2554 2512 2696 2564 inter
2729 2510 2847 2563 illos
2895 2521 3180 2578 summum,
3205 2519 3272 2557 ao
3295 2503 3478 2578 seipse

1934 2573 2264 2645 contentum,
2311 2597 2410 2635 nec
2465 2581 2570 2634 alio
2617 2587 2970 2648 spectantem,
3005 2586 3058 2630 et
3101 2577 3168 2628 ab
3213 2573 3383 2631 Omni,
3420 2584 3472 2624 ιις

1936 2658 2148 2719 vocant,
2175 2651 2372 2719 σχέσει,
2405 2651 2507 2703 hoc
2537 2658 2639 2711 est,
2674 2665 2693 2698 ι
2717 2649 3037 2719 habitudine
3077 2660 3145 2719 ac
3179 2654 3425 2719 respectu
3453 2662 3469 2691 ι

1937 2711 2184 2780 liberum,
2209 2711 2293 2772 "ac
2329 2711 2584 2789 sulatum,
2613 2732 2770 2786 quem
2806 2715 3106 2789 τξ,ἁγαοὸν,
3135 2715 3236 2766 hoc
3287 2720 3369 2763 est
3398 2711 3477 2789 ip:

1934 2797 2163 2842 summet
2191 2789 2388 2842 bonum
2417 2780 2666 2852 vocabat,
2699 2780 3052 2852 eumdemque
3104 2801 3121 2833 ‹
3144 2795 3361 2835 causam
3392 2780 3476 2852 vel

1933 2857 2257 2927 principium
2281 2859 2530 2911 essentia:
2557 2856 2754 2927 omnis,
2789 2865 2842 2908 et
2875 2851 3118 2927 supraid
3149 2864 3307 2927 omne
3333 2851 3473 2927 quod

1933 2920 2016 2982 est
2038 2920 2295 2980 erectum.
2318 2945 2336 2977 ι
2374 2927 2506 2981 lluic
2537 2926 2831 2981 secundum
2864 2923 3158 2992 subjiciunt
3193 2921 3283 2992 cui
3312 2920 3474 2973 totius

1932 2997 2301 3050 universitatis
2353 2997 2656 3064 procuratio
2717 2991 2988 3055 convenit,
3017 3010 3129 3064 qua
3157 2991 3374 3061 quidem
3406 3004 3468 3042 ex

1855 3057 1897 3114 C
1929 3076 2086 3136 parte
2112 3068 2291 3134 seipso
2311 3057 2709 3136 quodammodo
2741 3065 2916 3136 minor
2952 3057 3056 3136 est.
3093 3057 3221 3114 Nam
3258 3074 3360 3127 qua
3383 3074 3475 3136 sn-

1930 3129 2209 3204 periorem'
2231 3151 2295 3190 ac
2328 3129 2590 3205 potiorem
2626 3135 2872 3203 respicit,
2914 3141 2968 3205 et
2992 3133 3106 3199 ejus
3142 3129 3476 3205 contempla-

1929 3200 2074 3259 tione
2105 3221 2166 3258 ac
2199 3200 2343 3259 velut
2383 3207 2577 3260 haustu
2613 3200 2874 3273 pascitur,
2940 3204 3094 3271 longe
3144 3200 3474 3273 feliciorest

1927 3289 1990 3330 ac
2019 3276 2277 3333 divinior.
2301 3277 2437 3346 Ergo
2467 3269 2736 3346 posterior
2769 3273 2859 3327 ille
2887 3269 3272 3346 deus'multum
3302 3269 3472 3336 priori

1925 3346 2086 3415 cedit,
2111 3360 2274 3415 aquo
2308 3341 2598 3415 ingenitus
2629 3345 2826 3399 dicitur
2848 3360 2862 3406 ;
2888 3360 2992 3415 non
3021 3356 3084 3394 eo
3118 3341 3276 3415 mde
3300 3353 3406 3406 quo
3439 3353 3467 3390 a

1925 3413 2084 3468 Patre
2128 3410 2322 3468 Filium
2367 3410 2602 3484 genitum
2639 3429 2767 3484 esse
2831 3413 3142 3484 credimus:
3175 3410 3273 3484 hoc
3310 3419 3394 3461 est
3441 3426 3471 3457 «ε

1925 3485 2252 3549 substantia,
2285 3495 2343 3537 ut
2369 3479 2448 3538 sit
2489 3483 2790 3554 ὁμοούσιος,
2842 3481 3164 3554 sed_itideni
3207 3479 3382 3554 plane,
3415 3489 3474 3529 ut

1923 3554 2103 3615 Arius,
2119 3555 2342 3623 ejusque
2365 3550 2632 3622 discipuli,
2666 3554 2856 3605 Filium
2887 3568 2913 3602 a
2943 3550 3104 3603 Patre
3127 3551 3289 3602 verbo
3315 3555 3473 3623 tenus

1925 3618 2165 3693 genituni
2206 3618 2568 3687 afﬁrmabant,
2621 3624 2794 3690 reipsa
2827 3636 2979 3693 vero_
3010 3629 3249 3672 creatum
3291 3625 3347 3670 et
3388 3618 3470 3693 l'a_-

1925 3688 2092 3747 ctum.
2126 3692 2340 3763 Tertius
2395 3709 2556 3763 porro
2615 3688 2746 3746 detis
2807 3688 3093 3742 manifeste
3132 3697 3348 3763 creatus
3404 3688 3470 3763 ab

1923 3763 2113 3816 iisdem
2165 3756 2454 3817 Platonicis
2482 3770 2734 3833 putatur,
2769 3775 2928 3830 quem
2971 3767 3026 3812 et
3054 3756 3470 3833 minitantemi-

1923 3841 2074 3888 nant.
2129 3829 2500 3898 Quamobrem
2556 3829 2862 3886 inferiorem
2921 3840 3210 3897 utrumque
3255 3829 3472 3898 deuina

1922 3895 2176 3969 supremo
2207 3913 2448 3959 creatum
2477 3918 2599 3958 esse
2647 3917 2714 3955 ex
2763 3900 3006 3954 Platonis
3038 3895 3322 3969 opinione,
3355 3895 3469 3969 Ma-

1921 3961 2137 4027 crobius
2164 3973 2258 4027 lib.
2292 3992 2330 4038 ι,
2361 3975 2414 4028 in
2441 3972 2621 4028 Somn.
2655 3971 2821 4041 Scip.,
2858 3985 2977 4039 cap.
3007 3961 3095 4031 14,
3127 3961 3357 4020 aﬂirmat
3387 3968 3470 4020 his

1921 4043 2143 4098 verbis:
2182 4062 2200 4095 ε
2228 4044 2391 4110 Deus,
2440 4045 2631 4112 inquit,
2675 4045 2766 4112 qui
2809 4042 2980 4110 prima
3013 4053 3176 4094 causa
3223 4046 3279 4093 et
3307 4045 3471 4112 estet

1920 4121 2161 4179 vocatur,
2210 4130 2348 4170 unus
2379 4106 2638 4170 omnium
2677 4106 2903 4181 qumque
2935 4119 3081 4169 sunt.
3117 4121 3347 4181 queque
3388 4106 3472 4181 νίτ

1918 4185 2132 4254 dentur,
2147 4175 2420 4254 princeps
2452 4193 2506 4238 et
2528 4185 2681 4252 origo
2697 4175 2830 4236 'estf
2852 4180 2950 4233 llic
3007 4175 3472 4254 super-abundanti

1919 4243 2222 4317 Inajestat'is
2271 4243 2598 4308 fecunditate
2615 4243 2693 4306 Ue
2726 4267 2785 4304 se
2814 4256 3050 4303 mentem
3075 4243 3314 4317 creavit.
3341 4243 3468 4317 Hinc

1917 4314 2073 4376 mens
2105 4340 2223 4392 qua:
2255 4323 2379 4388 νοῦς
2411 4333 2654 4380 vocatur,
2677 4336 2782 4390 qua
2837 4318 3050 4392 Putrem
3081 4314 3320 4392 inspicit,
3350 4315 3468 4381 ple-

271 4388 402 4446 Enn.
435 4408 495 4456 ν,
523 4394 612 4447 lib.
645 4385 685 4456 i,
720 4409 768 4448 c.
795 4385 908 4449 (fet
932 4395 983 4463 7,
1017 4395 1246 4464 primum
1272 4394 1339 4448 de
1371 4393 1541 4448 tribus
1573 4394 1660 4449 his
1691 4395 1816 4451 Pla-
1847 4391 1892 4447 D
1918 4407 2042 4447 nam
2078 4385 2714 4464 similitudinemservat:
2743 4385 3286 4464 auc‘toris;_animam
3337 4399 3467 4464 vero

271 4465 468 4518 tunicis
500 4464 605 4518 diis
641 4475 823 4518 censet
870 4481 995 4520 esse
1051 4479 1319 4518 summum
1369 4479 1433 4518 ac
1487 4465 1810 4534 perfectum,

271 4547 416 4605 quem
488 4534 769 4605 κρείττονα
813 4535 933 4588 νοῦν
987 4543 1166 4597 vocat,
1219 4545 1534 4605 (tuentem)
1566 4537 1818 4593 videlicet

277 4603 596 4667 tpotiorein.
628 4623 647 4656 ι
703 4605 1009 4660 Secundum
1077 4603 1309 4676 appellat
1359 4604 1480 4659 νοῦν
1545 4605 1813 4676 δεύτερον,

275 4685 545 4748 iuuentem
599 4675 953 4748 posteriorem
973 4694 993 4728 ι
1023 4690 1052 4728 a
1076 4675 1286 4748 gpriore
1331 4677 1562 4744 genitan
1589 4687 1643 4730 et
1674 4675 1815 4732 illius

277 4743 608 4812 imaginem.
639 4743 879 4799 Tertium
930 4743 1114 4815 porro,
1160 4743 1393 4798 animam
1439 4761 1558 4800 esse
1581 4761 1700 4812 quae
1747 4751 1815 4804 ab

275 4816 502 4892 secunda
529 4826 708 4868 mente
734 4817 992 4892 gignitur,
1025 4815 1246 4892 ejusque
1277 4824 1358 4869 est
1382 4815 1556 4892 λογος.
1589 4817 1816 4892 Proclus

275 4876 356 4934 lil).
384 4899 418 4937 ιι
459 4876 762 4938 Comment:
777 4876 844 4937 ἇιί
873 4876 1464 4956 Τὶιιι’ίειὶηι,ί’Νιιιιιοιιὶἰ’
1485 4876 1812 4956 Pythagorei

275 4957 588 5029 senteniiam
609 4957 858 5029 breviter
885 4964 934 5029 c_t
966 4955 1201 5029 dilucide
1239 4955 1316 5029 sic
1356 4955 1564 5029 refert:
1594 4956 1815 5029 Νουμή-

273 5033 369 5098 νιος
562 5022 679 5098 γὰρ
713 5028 861 5096 τρεῖς
895 5026 1220 5098 ἀνυμνήοας-
1267 5023 1440 5098 Θξοξις,
1472 5022 1814 5098 πατέρανξιὲν

276 5090 422 5171 ξαλςῖ
440 5090 810 5171 τὸν-λιτρῶῖονς
837 5090 1060 5171 ποιητὴν
1090 5090 1145 5147 δὲ
1175 5094 1266 5147 τὸν
1291 5094 1440 5171 ᾷειξτε
1449 5113 1537 5166 ρον
1556 5113 1584 5171 °_
1605 5090 1812 5168 ἑτοίήμα

275 5159 324 5237 es
343 5163 430 5237 ςεὸν
463 5159 642 5236 τρίτον
660 5181 674 5194 ·
697 5167 725 5218 ὁ
752 5165 857 5237 γὰρ
885 5159 1229 5237 κῶμος-κατ’
1262 5165 1421 5237 αὐτὸν
1445 5159 1472 5216 ὃ
1494 5165 1675 5237 κτρίτος
1697 5159 1812 5220 Hoc!

279 5228 398 5314 υεόὲ.
426 5228 602 5314 ’Ὡᾶτξ
638 5237 693 5314 _6_
714 5228 840 5314 ξάτθ
879 5228 1036 5314 auri-iv
1066 5228 1433 5314 ήδημεουλργὸς,
1486 5228 1675 5314 ergo;
1723 5239 1811 5314 ὅτε

280 5305 496 5378 πρῷτος,
519 5305 614 5378 aeq).
628 5305 909 5378 ὁδεύῖτερος
927 5307 1076 5378 θεάςξ
1109 5305 1171 5358 τὸ
1195 5306 1250 5359 δὲ
1266 5305 1759 5378 δημιουργούμενον
1781 5312 1811 5364 ὁ

280 5372 459 5452 τρξτρς.
502 5372 836 5452 «Nuntienius
878 5388 991 5452 tres
1045 5376 1194 5452 deos}
1224 5372 1545 5446 praédicans,
1601 5372 1808 5444 patrem

283 5445 478 5517 quidem
529 5445 765 5516 appellat
810 5447 1071 5517 primum;
1105 5445 1365 5517 factorem
1392 5456 1570 5499 autem
1615 5461 1808 5503 secun-

284 5509 426 5590 dum;
454 5509 773 5590 opus—vero,
811 5509 1066 5590 iertium.
1102 5515 1331 5590 Mundus
1369 5517 1512 5590 enim
1556 5531 1623 5570 ex
1668 5518 1808 5590 illius

284 5586 538 5650 opinione,
581 5587 776 5641 tertius
819 5597 901 5641 est
951 5589 1103 5640 deus.
1152 5587 1336 5655 Itaque
1382 5586 1580 5655 duplex
1627 5589 1696 5641 ab
1745 5603 1809 5642 eo

288 5657 613 5713 constituitur
663 5655 881 5725 artifex,
939 5656 1144 5727 primus
1206 5669 1259 5711 et
1307 5659 1578 5712 secundus
1640 5660 1810 5724 deus;

1919 4464 1985 4517 de
2019 4472 2078 4524 se
2108 4472 2275 4528 creat,
2310 4460 2609 4530 posteriora
2658 4461 2976 4528 respiciens.
3025 4457 3238 4530 Rursus
3282 4457 3465 4508 anima

1916 4545 2124 4601 partem
2157 4525 2269 4601 qua
2311 4525 2572 4601 intuetur,
2603 4525 2873 4594 induitur;
2907 4543 2968 4582 ac
3005 4525 3262 4601 paulatim
3290 4541 3467 4595 regre-

1917 4598 2102 4659 iliente
2134 4598 2381 4671 respectu
2407 4603 2460 4656 in
2491 4600 2752 4655 fabricam
2797 4614 3111 4669 corporum,
3137 4598 3462 4663 incorporea
3550 4634 3555 4639 ι

1917 4675 2032 4741 ipsa
2067 4676 2378 4740 degenerat.
2404 4691 2422 4724 ι
2477 4672 2619 4743 Ergo
2663 4673 2880 4726 trinitas
2914 4671 3314 4743 Platonicorum
3350 4678 3464 4743 toto

1916 4739 2055 4801 ocelo
2087 4739 2579 4799 aChristianoruui
2633 4743 3023 4797 catholicorum
3068 4739 3336 4794 Trinitate
3381 4740 3462 4792 di-

1914 4819 2108 4873 stabat.

1986 4887 2098 4958 (632i
2132 4885 2569 4958 Dersubsiste‘ntia
2599 4901 2715 4958 uero
2742 4882 2968 4958 Spiritus
2996 4881 3163 4958 sancti
3192 4895 3253 4932 ne
3284 4879 3460 4958 suspi-

1914 4949 2114 5012 cio‘uem
2143 4957 2350 5024 quidem
2385 4956 2548 5010 ullam
2600 4949 2794 5008 habere
2836 4953 2953 5024 quis
3003 4953 3190 5024 potuit,
3217 4961 3332 5024 etc.
3358 4949 3459 5002 Μι-

1914 5043 2032 5081 rum
2067 5019 2179 5080 haec
2205 5025 2487 5095 Origenem
2539 5019 2866 5095 protulisse.
2894 5019 3060 5095 Iidem
3100 5021 3242 5095 enim
3276 5019 3460 5095 Plato-

1913 5099 2018 5152 nici
2046 5097 2264 5165 quibus,
2299 5091 2357 5149 ut
2387 5106 2513 5150 nota
2539 5091 2869 5164 pra-cedenti
2895 5092 3326 5155 observavimus,
3347 5091 3462 5165 _ali-

1912 5159 2077 5236 quani
2113 5159 2268 5220 Verbi
2299 5166 2392 5220 Dei
2430 5159 2653 5236 putabat
2681 5165 3194 5236 fuisseopinionem,
3235 5159 3455 5236 tertium

1911 5231 2167 5306 quiddam
2225 5238 2276 5289 in
2313 5251 2410 5290 sua
2430 5231 2676 5290 trinitate
2707 5234 2996 5306 ponebant,
3028 5233 3173 5306 qu_od_
3218 5231 3456 5282 animant

1911 5301 2161 5362 solebant
2213 5307 2507 5376 appellare.
2561 5301 2953 5376 Quid—vetatisi
2990 5319 3057 5376 ex
3081 5301 3338 5376 Origene,
3368 5313 3457 5352 se-

1911 5379 2074 5433 cundi
2131 5377 2213 5432 dei
2249 5370 2476 5431 nomine
2517 5370 2704 5430 verum
2742 5377 2836 5429 Dei
2899 5375 3130 5428 Verbum
3171 5370 3458 5423 intellexe--

1912 5457 2060 5513 runt,
2085 5447 2232 5516 ipsos
2259 5449 2460 5516 pariter
2493 5446 2635 5500 tertii
2663 5447 2767 5509 dei,
2788 5443 3193 5516 nempeanima:
3216 5439 3455 5516 nomine,

1912 5509 2175 5586 Spiritum
2227 5509 2473 5572 sanctum
2511 5515 2861 5586 designasse?
2895 5509 2989 5586 Vel
3019 5526 3150 5582 ergo
3197 5510 3350 5586 prius
3377 5509 3484 5562 dia-

1912 5585 2034 5644 cére
2058 5605 2162 5645 non
2193 5588 2396 5654 debuit,
2427 5587 2510 5642 vel
2548 5587 2773 5640 alterum
2812 5585 3338 5637 debuitcoiicedere.
