3952 6144
346 239 445 296 147

1565 239 1884 296 ORIGENIS
1917 242 2074 294 ΠΕΡΙ
2110 239 2338 292 ΑΡΧΩΝ

3462 240 3567 298 MS

333 370 422 413 tur
452 358 587 432 (65).
618 359 752 416 Nam
793 363 859 417 de
887 363 995 418 Deo
1039 363 1256 433 quidem
1308 361 1468 416 Patre
1495 361 1744 430 quamvis
1777 361 1897 431 qui-
1926 366 1974 422 Α
2001 358 2180 415 libello
2203 359 2295 429 qui
2324 355 2563 414 Pastoris
2589 357 2786 414 dicitur
2814 357 2989 425 angeli
3017 357 3366 426 pmniteutize,
3401 372 3566 428 quem

337 455 458 503 item
501 454 744 524 proloqui
780 471 938 510 nemo
965 455 1159 518 valeat,
1197 463 1374 508 tamen
1408 452 1669 522 possibile
1694 464 1778 508 est
1806 453 1893 505 in-

338 543 611 600 tellectum
672 547 907 616 aliquem
958 547 1074 616 capi
1125 561 1193 600 cx
1260 545 1547 600 occasione
1601 544 1893 600 visibilium

339 644 713 689 creaturarum
751 646 806 692 et
834 649 898 690 ex
934 637 1018 691 bis
1047 651 1167 706 quae
1205 637 1440 691 humana
1481 651 1635 690 mens
1667 645 1898 691 natura-

338 723 464 781 liter
503 728 695 794 sentit;
741 727 960 793 insuper
1010 728 1180 782 etiam
1235 729 1302 784 de
1355 727 1657 796 Scripturis
1696 727 1898 783 sanctis

336 817 652 872 confirmari
681 818 937 888 possibile
957 827 1058 873 est.
1097 817 1274 874 Sedet
1299 819 1364 874 de
1391 819 1530 874 Filio
1562 819 1678 883 Dei,
1708 833 1899 888 quani-

338 910 423 962 vis
446 924 603 963 nemo
629 911 839 965 noverit
876 909 1072 964 Filium
1108 910 1212 966 nisi
1243 911 1424 975 Pater,
1461 920 1640 965 tamen
1670 927 1732 966 ex
1763 911 1899 965 divi-

337 1000 422 1053 nis
451 998 747 1069 Scripturis
778 1003 942 1057 etiam
972 1004 1036 1058 de
1062 1002 1179 1072 ipso
1205 1003 1438 1071 qualiter
1466 1003 1657 1058 sentiri
1683 1004 1896 1072 debeat,

334 1105 487 1145 meus
540 1091 777 1148 humana
829 1092 1120 1161 formatur,
1173 1103 1228 1150 et
1277 1110 1383 1149 non
1431 1096 1607 1151 solum
1633 1113 1702 1152 ex
1727 1098 1896 1162 Novo,

341 1180 435 1233 sed
485 1181 647 1234 etiam
703 1197 770 1236 ex
825 1181 1008 1237 Veteri
1061 1182 1429 1250 Testamento.
1459 1201 1559 1255 per
1601 1201 1665 1241 ea
1722 1202 1898 1257 quaea

335 1273 546 1326 sanctis
591 1284 744 1340 gesta
792 1275 858 1328 ad
912 1275 1190 1330 Christum
1225 1275 1526 1346 ﬁguraliter
1557 1279 1897 1347 referuntur,

343 1378 410 1418 cx
446 1364 643 1432 quibus
667 1366 880 1420 adverti
903 1368 986 1421 vel
1011 1367 1192 1422 divina
1214 1367 1562 1436 ejusnatura,
1593 1371 1678 1426 vel
1703 1373 1896 1427 buma-

339 1472 408 1510 na
440 1473 560 1526 quae
588 1457 656 1512 ab
688 1474 755 1512 eo
782 1471 1056 1530 assumpta
1084 1475 1188 1528 est,
1219 1471 1423 1532 potest.

405 1546 461 1600 2.
499 1547 572 1603 De
601 1547 806 1618 Spiritu
856 1565 987 1605 vero
1019 1560 1214 1605 sancto
1263 1553 1406 1620 quod
1439 1553 1534 1618 sit,
1567 1555 1751 1611 multa;
1802 1571 1899 1612 nos

341 1638 644 1710 Scriptura:
697 1641 1022 1707 docuerunt,
1049 1644 1189 1698 sicut
1225 1646 1388 1700 David
1427 1646 1480 1701 in
1510 1665 1540 1702 L
1566 1647 1774 1714 psalmo
1821 1651 1903 1704 di-

2003 451 2229 507 Hermas
2277 449 2391 520 (68)
2433 450 2790 520 conscripsit,
2853 449 2926 503 ita
2990 447 3270 503 refertur:
3312 467 3330 500 c
3371 448 3563 505 Primo

2001 543 2240 597 omnium
2296 544 2480 608 crede,
2529 542 2657 614 quia
2697 556 2838 598 unus
2895 549 2979 596 est
3032 541 3179 595 Deus
3239 540 3331 608 qui
3381 542 3567 595 omnia

2003 635 2208 690 creavit
2229 645 2387 704 atque
2409 635 2740 703 composuit;
2776 633 2887 703 qui,
2911 647 3032 686 cum
3057 631 3190 686 nihil
3225 640 3364 686 esset
3392 631 3566 701 prius,

2003 741 2124 781 esse
2162 726 2291 781 fecit
2321 726 2538 792 omnia;
2568 726 2658 795 qui
2681 735 2767 779 est
2793 724 2971 780 omnia
3003 725 3242 791 capiens,
3280 723 3397 793 ipse
3434 737 3569 775 vero

2004 829 2033 868 a
2054 815 2522 885 nemine'capilur.
2551 834 2568 868 ι
2589 815 2693 869 Sed
2720 823 2774 867 et
2804 815 2856 868 iu
2893 813 3075 868 Enoch
3100 812 3236 867 libro
3263 813 3349 867 his
3370 811 3568 866 similia

2007 905 2408 959 describuntur.
2443 905 2828 961 Verumtamen
2865 919 3036 975 usque
3079 905 3144 958 ad
3177 919 3416 973 praesens
3441 903 3568 958 nul-

2004 993 2118 1048 lum
2163 1010 2469 1051 sermonem
2512 996 2564 1050 in
2600 995 2820 1065 scriptis
2866 994 3069 1049 sanctis
3112 993 3353 1046 invenire
3385 992 3570 1060 potui-

2006 1101 2126 1142 mus
2155 1102 2253 1158 per
2291 1103 2452 1158 quem
2507 1088 2743 1157 Spiritus
2789 1087 3257 1155 sanctusJactura
3310 1100 3430 1141 esse
3481 1083 3570 1139 vel

2012 1191 2267 1236 creatura
2303 1181 2598 1244 diceretur,
2632 1194 2697 1234 ne
2721 1195 2785 1233 eo
2803 1179 3021 1248 quidem
3055 1179 3214 1233 modo
3246 1192 3352 1246 quo
3386 1181 3451 1232 de
3474 1190 3567 1231 sa-

2006 1273 2208 1342 pientia
2247 1272 2454 1327 referre
2497 1266 2840 1326 Salomouem
2892 1286 3054 1338 supra
3097 1269 3433 1331 edocuimns,
3481 1269 3568 1322 vel

2007 1381 2127 1436 quae
2152 1364 2220 1418 dc
2263 1363 2382 1417 Vita
2415 1363 2551 1432 (69),
2579 1363 2660 1417 vel
2693 1361 2889 1425 Verbo,
2930 1361 3156 1430 aliisque
3187 1360 3568 1430 appellationi-

2005 1458 2106 1512 bus
2132 1456 2252 1510 Filii
2294 1456 2386 1509 Dci
2412 1454 2757 1525 intelligenda
2779 1467 2900 1508 esse
2922 1452 3294 1507 tractavimus.
3332 1449 3574 1520 Spiritus

2011 1548 2176 1618 igitur
2199 1547 2292 1602 Dei
2317 1547 2406 1616 qui
2439 1561 2599 1616 super
2631 1561 2800 1616 aquas
2841 1545 3116 1598 ferebatur
3156 1544 3226 1608 ⁸⁵,
3264 1543 3403 1597 sicut
3433 1542 3574 1596 scri-

2009 1649 2155 1707 ptum
2191 1646 2274 1691 est
2320 1636 2372 1689 in
2419 1635 2687 1706 principio
2740 1634 2965 1688 factura:
3010 1633 3226 1697 mundi,
3265 1640 3392 1702 puto
3426 1631 3573 1699 quod

335 1736 417 1790 cit
443 1750 456 1788 :
485 1733 576 1786 «Et
597 1733 858 1801 Spiritum
883 1744 1130 1788 sanctum
1157 1745 1304 1790 tuum
1325 1738 1621 1794 neauferas
1645 1755 1675 1794 a
1697 1757 1782 1795 me
1798 1743 1895 1796 ".3

2014 1745 2109 1782 non
2138 1729 2205 1782 sit
2231 1727 2367 1781 alius
2392 1742 2550 1796 quam
2573 1725 2811 1795 Spiritus
2838 1733 3082 1786 sanctus,
3112 1723 3404 1777 secundum
3424 1721 3570 1789 quod

337 1825 406 1880 Et
455 1825 509 1878 in
546 1823 769 1879 Daniele
813 1826 1014 1879 dicitur
1043 1846 1056 1882 :
1089 1845 1109 1878 ι
1133 1826 1368 1895 Spiritus
1401 1842 1625 1886 sanctus
1679 1833 1771 1902 qui
1820 1845 1902 1889 est

336 1917 392 1970 in
428 1914 610 1970 te“.i
671 1915 724 1968 lu
781 1913 934 1969 Novo
993 1931 1123 1971 vero
1185 1917 1532 1975 Testamento
1570 1921 1901 1976 abundanti-

343 2009 443 2061 bus
471 2006 581 2078 (6l)
620 2007 943 2063 testimoniis
968 2009 1280 2076 edocemur,
1313 2024 1436 2066 cum
1483 2011 1721 2082 Spiritus
1773 2029 1902 2068 san-

339 2111 461 2155 Cttts
512 2113 677 2168 super
720 2099 998 2154 Christum
1049 2102 1394 2158 desvendisse
1446 2105 1789 2174 describitur,
1848 2117 1903 2162 et

338 2205 464 2246 cum
517 2191 632 2259 ipse
665 2190 923 2246 Dominus
949 2192 1237 2248 insulllavit
1265 2195 1316 2250 in
1363 2198 1640 2265 apostolos
1669 2209 1790 2266 post
1822 2215 1904 2254 re-

339 2284 751 2350 surrectionem,
781 2283 1006 2342 dicens:
1037 2305 1056 2339 ι
1086 2288 1330 2357 Accipite
1362 2289 1621 2359 Spiritum
1643 2291 1749 2363 61
1775 2307 1902 2346 san-

337 2373 572 2426 ctum“.
602 2391 620 2424 ι
663 2372 730 2427 Ει
758 2375 826 2428 ad
853 2374 1081 2430 Mariam
1113 2378 1180 2432 ab
1206 2379 1398 2448 angelo
1430 2380 1631 2435 dicitur
1665 2399 1678 2438 :
1719 2405 1742 2430 ι
1769 2383 1896 2451 Spi-

337 2463 478 2519 ritus
515 2476 739 2520 sanctus
782 2468 1129 2536 superveniet
1184 2469 1238 2526 in
1295 2479 1348 2525 te
1365 2471 1429 2525 “.
1457 2490 1476 2526 ι
1534 2471 1734 2528 Paulus
1776 2488 1904 2528 vero

337 2556 492 2625 dicit,
551 2561 722 2629 «quia
782 2576 940 2617 nemo
989 2572 1168 2632 potest
1223 2565 1408 2620 dicere
1464 2567 1750 2621 Dominum
1814 2566 1905 2622 Je-

336 2665 459 2704 sum
491 2649 600 2723 (65)
629 2651 734 2707 nisi
770 2652 822 2706 in
859 2652 1063 2724 Spiritu
1100 2665 1291 2711 sancto
1309 2657 1378 2710 ⁸³.
1409 2675 1428 2708 ι
1469 2657 1535 2711 Et
1581 2660 1635 2712 in
1678 2659 1903 2715 Actibus

339 2742 709 2810 apostolorum
759 2759 856 2813 per
908 2745 1312 2816 impositiouem
1345 2763 1600 2803 manuum
1640 2751 1902 2820 apostoli-

335 2849 526 2888 esrum
559 2833 794 2904 Spiritus
833 2847 1051 2892 sanctus
1081 2839 1310 2893 dabatur
1340 2841 1392 2895 in
1439 2842 1795 2912 baptismo“.
1826 2843 1901 2897 Ex

338 2926 540 2994 quibus
576 2928 828 2982 Omnibus
853 2929 1145 2985 didicimus
1172 2930 1286 3002 (66)
1319 2943 1481 2989 tantm
1523 2950 1645 2988 esse
1673 2937 1906 2991 auctori-

341 3016 470 3070 tatis
496 3027 550 3070 et
581 3018 862 3087 dignitatis
919 3022 1277 3075 substantiam
1331 3021 1570 3091 Spiritus
1604 3027 1803 3089 sancti,
1842 3037 1902 3081 ut

339 3108 598 3163 salutaris
626 3109 924 3178 baptismus
960 3127 1063 3164 non
1097 3111 1255 3166 aliter
1284 3113 1386 3167 nisi
1425 3116 1904 3170 excellentissimze
1936 3095 1976 3150 C

337 3203 585 3255 omnium
637 3200 922 3256 Trinitatis
975 3203 1326 3268 auctoritate,
1362 3205 1413 3259 id
1459 3217 1564 3271 est,
1621 3208 1819 3272 Patris,
1850 3217 1906 3263 et

341 3292 489 3359 Filii,
522 3303 576 3349 et
609 3293 846 3364 Spiritus
902 3297 1076 3350 sancti
1110 3298 1587 3366 cognominatione
1635 3303 1909 3370 complea-

343 3395 453 3454 tur,
483 3397 537 3441 et
566 3388 809 3460 ingenito
854 3390 961 3445 Deo
989 3389 1158 3458 Patri,
1189 3399 1242 3445 et
1284 3392 1566 3462 unigenito
1617 3392 1734 3459 ejus
1769 3395 1908 3449 Filio

342 3493 542 3534 nomen
575 3495 791 3549 quoque
815 3480 1050 3550 Spiritus
1085 3481 1260 3537 sancti
1288 3482 1590 3552 copuletur.
1617 3484 1748 3550 Quis
1778 3501 1906 3555 ergo

341 3588 450 3629 non
476 3576 824 3644 Obstupescat
856 3586 1057 3644 quanta
1086 3575 1342 3644 majestas
1387 3577 1460 3630 sit
1495 3577 1732 3646 Spiritus
1782 3594 1910 3633 san-

342 3668 438 3729 cti,
472 3681 592 3721 cum
625 3681 746 3722 eum
779 3668 869 3736 qui
909 3668 1106 3723 dixerit
1158 3670 1383 3725 verbum
1431 3668 1483 3723 in
1509 3669 1704 3724 Filium
1733 3672 1908 3726 homi-

341 3759 451 3819 nis.
491 3760 676 3814 audiat
707 3776 930 3829 sperare
955 3762 1168 3816 veniam
1199 3777 1384 3833 posse,
1411 3778 1536 3817 eum
1565 3780 1696 3819 vero
1729 3765 1822 3833 qui
1855 3767 1908 3818 in

345 3848 612 3915 Spiritum
637 3859 884 3904 sanctum
917 3850 1400 3921 blasphemaverit,
1431 3853 1644 3908 veniam
1671 3871 1775 3909 non
1809 3855 1907 3908 ha-

343 3939 475 3994 bere
503 3955 679 4010 neque
712 3941 762 3993 in
795 3944 1046 4010 praesenti
1072 3943 1292 4010 szeculo,
1325 3959 1500 4015 neque
1525 3947 1576 4000 in
1609 3945 1816 4000 futuro?

421 4032 478 4088 '5.
525 4032 681 4101 Quod
727 4041 910 4092 autem
962 4051 991 4088 a
1023 4035 1134 4091 Deo
1167 4035 1422 4092 universa
1447 4047 1628 4093 creata
1655 4039 1783 4101 sint,
1814 4053 1913 4092 nec

342 4127 420 4185 sit
444 4127 550 4182 ulla
583 4138 836 4182 creatura
867 4143 988 4198 quae
1011 4145 1114 4184 non
1153 4130 1222 4186 ab
1248 4147 1315 4187 eo
1345 4131 1446 4186 hoc
1475 4132 1652 4201 ipsum
1682 4140 1740 4185 ut
1761 4143 1913 4188 esset

344 4221 641 4293 acceperit,
676 4236 742 4276 ex
774 4221 961 4277 inultis
987 4223 1286 4292 Scriptura:
1330 4224 1729 4280 assertionibus
1765 4241 1912 4280 coui-

345 4318 637 4382 probatur,
672 4316 970 4386 repudiatis
1001 4327 1163 4388 atque
1191 4319 1427 4390 depulsis
1458 4321 1540 4375 his
1575 4337 1696 4390 qua:
1722 4339 1751 4376 a
1787 4323 1909 4392 qni-

2002 1840 2099 1895 ego
2126 1823 2423 1890 intelligere
2452 1837 2694 1888 possum,
2722 1821 2937 1876 sicutet
2976 1837 3100 1875 cum
3135 1821 3253 1890 ipsa
3300 1819 3417 1873 loca
3468 1835 3572 1874 ex-

2003 1930 2325 1985 ponercinus
2361 1912 2496 1982 (70),
2533 1914 2903 1976 ostendimus,
2960 1927 3068 1966 non
3130 1921 3309 1966 tamen
3371 1925 3574 1965 secun-

2003 2011 2128 2063 dum
2157 2007 2461 2072 historiam,
2491 2005 2582 2061 sed
2616 2006 2913 2061 secundum
2949 2005 3365 2076 intelligentiam
3409 2004 3576 2074 spiri-

2007 2101 2192 2154 talem.

2072 2192 2124 2246 4.
2163 2191 2388 2258 Quidam
2429 2204 2557 2246 sane
2575 2205 2638 2245 ex
2660 2189 3079 2260 praecessoribus
3107 2188 3306 2242 nostris
3334 2189 3385 2242 in
3415 2186 3578 2242 Novo

2002 2286 2348 2341 Testamento
2376 2285 2758 2346 observarunt,
2807 2283 2949 2348 quod
2978 2282 3149 2336 sicubi
3181 2279 3417 2349 Spiritus
3466 2293 3568 2332 no-

2003 2380 2240 2432 minatur
2289 2377 2406 2432 sine
2433 2375 2732 2443 adjectione
2762 2389 2824 2428 ea
2843 2389 2962 2444 quae
3005 2373 3244 2443 assignet
3276 2371 3450 2442 qualis
3498 2370 3573 2424 sit

2003 2471 2246 2540 spiritus,
2271 2471 2338 2525 de
2376 2478 2562 2523 sancto
2593 2468 2794 2536 Spiritu
2833 2468 2993 2522 debet
3020 2465 3271 2535 intelligi,
3305 2476 3362 2518 ut
3386 2473 3511 2532 puta
3544 2481 3561 2517 :

2009 2581 2027 2612 ι
2061 2561 2290 2615 Fructus
2324 2570 2502 2614 autem
2537 2559 2770 2628 Spiritus
2793 2568 2877 2612 est
2925 2558 3190 2620 Charitas,
3245 2555 3492 2627 gaudium
3516 2555 3581 2606 et

2003 2667 2106 2722 pax
2138 2651 2203 2717 ⁸⁵,
2244 2671 2262 2704 ›
2289 2661 2394 2706 etc.
2423 2650 2555 2704 Item
2591 2661 2648 2705 et
2683 2650 2754 2704 ibi
2784 2668 2798 2704 :
2835 2668 2853 2702 t
2891 2649 3022 2703 Cum
3059 2649 3336 2718 emperitis
3355 2646 3579 2716 spiritu,

2005 2757 2149 2796 nunc
2179 2757 2348 2796 carne
2371 2741 2692 2810 perﬁcitnini
2717 2739 2784 2794 ⁸⁷.
2824 2759 2842 2792 ι
2887 2737 2996 2792 Nos
3025 2754 3152 2792 vero
3177 2740 3341 2793 etiam
3381 2739 3433 2791 in
3475 2733 3574 2789 Ve-

2009 2835 2107 2890 teri
2139 2834 2488 2888 Testamento
2519 2843 2773 2902 putamus
2796 2829 3372 2886 distinctionemistam
3402 2842 3564 2896 posse

2006 2927 2234 2993 servari,
2269 2927 2414 2980 sicut
2448 2942 2569 2980 cum
2595 2927 2764 2980 dicit:
2803 2943 2820 2975 ι
2848 2924 2946 2992 Qui
2977 2925 3066 2977 dat
3101 2924 3350 2993 spiritum
3377 2920 3578 2990 populo

2007 3019 2098 3089 qui
2135 3029 2218 3072 est
2250 3033 2417 3085 super
2450 3027 2687 3081 terram,
2726 3027 2782 3071 et
2809 3018 3060 3086 spiritum
3097 3017 3182 3069 his
3230 3015 3321 3084 qui
3357 3013 3577 3067 calcant

2011 3126 2131 3165 eam
2165 3112 2229 3164 “.
2256 3129 2273 3160 ι
2301 3111 2432 3164 Sine
2452 3109 2618 3164 dubio
2652 3111 2795 3164 enim
2821 3108 3000 3163 omnis
3027 3109 3114 3177 qui
3144 3107 3318 3162 calcat
3348 3116 3577 3169 terram,

2009 3203 2167 3257 id-est
2204 3211 2420 3256 terrena
2452 3213 2507 3256 et
2539 3203 2845 3271 corporalia
2868 3244 2884 3270 ,
2927 3203 3198 3272 particeps
3223 3210 3307 3256 est
3334 3197 3578 3269 Spiritus

2009 3297 2181 3350 sancti
2209 3312 2239 3350 a
2277 3298 2382 3350 Deo
2404 3312 2528 3349 eum
2565 3297 2865 3362 accipiens.

2012 3390 2203 3459 Ἔλεγε
2224 3389 2280 3442 δὲ
2313 3391 2341 3442 ὁ
2374 3387 2618 3460 Ἐϐραῖος
2649 3387 2760 3460 (71)
2835 3384 3582 3444 Dieebatautcmetl—lebrzeus

2008 3483 2077 3536 τὰ
2108 3486 2164 3538 ὲν
2202 3483 2278 3554 τῷ
2323 3483 2518 3554 Ἡσαΐᾳ
2555 3482 2648 3536 δύο
2677 3501 2764 3534 σε-
2835 3482 3117 3550 magister,
3157 3479 3300 3547 quod
3345 3478 3448 3531 duo
3484 3475 3576 3531 illa

2012 3579 2187 3652 ραφὶμ
2205 3577 2546 3648 ἐξαπτέρυγα
2576 3593 2766 3647 κεκρα-
2835 3575 3105 3643 seraphim
3155 3588 3276 3641 qua:
3326 3572 3378 3625 in
3435 3570 3577 3624 Isaia

2010 3673 2143 3742 γότα
2181 3673 2364 3742 ἕτερῡν
2397 3670 2531 3742 πρὸς
2557 3668 2763 3741 ἕτερον,
2836 3670 2984 3725 senis
3043 3668 3145 3721 alis
3196 3664 3584 3720 describuntur

2011 3765 2102 3818 καὶ
2154 3763 2408 3832 λέγοντα·
2465 3783 2483 3813 ι
2541 3761 2758 3830 Ἄγιος,

2012 3858 2184 3926 ἅγιος,
2221 3857 2372 3926 ἅγιος
2421 3856 2627 3928 Κύριος
2670 3856 2764 3908 Σιε-

2013 3948 2178 4013 6αὼθ,
2193 3949 2310 4004 »τὸν
2328 3945 2604 4016 Μονογενῆ
2622 3943 2759 4001 εἶναι

2010 4045 2104 4099 τοῦ
2143 4043 2278 4098 Θεοῦ
2315 4042 2410 4096 καὶ
2447 4041 2509 4095 τὸ
2538 4040 2763 4112 Πνεῦμα

2010 4137 2073 4190 τὸ
2118 4136 2291 4205 ἆγιονο
2329 4137 2493 4208 ἡμεῖς
2541 4133 2764 4205 οἰόμεθα

2013 4230 2094 4282 ὅτι
2138 4229 2231 4282 καὶ
2272 4231 2328 4283 ὲν
2368 4231 2434 4301 τῇ
2484 4227 2594 4300 ᾠδῇ
2635 4229 2764 4299 Ἀμ-

2015 4320 2246 4392 6ακούμο
2285 4341 2303 4373 ‹
2345 4323 2434 4376 Ἔν
2493 4321 2640 4393 μέσῳ
2674 4321 2766 4374 δύο

341 4407 572 4462 busdam
609 4407 745 4463 falso
792 4410 1169 4479 perhibentur,
1193 4411 1275 4466 vel
1301 4412 1366 4468 de
1407 4415 1633 4468 materia
1672 4415 1782 4469 Deo
1815 4429 1905 4469 co-

2015 4413 2166 4479 ζώων
2208 4414 2534 4486 γνιιισθήσῃ,
2581 4433 2600 4465 ι
2640 4413 2768 4485 περὶ

343 4511 572 4562 interna,
599 4501 683 4553 vel
716 4500 782 4552 de
815 4501 1067 4569 iugenitis
1099 4502 1403 4568 animabus,
1427 4504 1624 4574 quibus
1653 4520 1758 4558 non
1800 4515 1908 4560 tam

344 4591 674 4645 subsistendi
705 4604 975 4656 naturam,
1025 4608 1187 4662 quam
1232 4599 1593 4666 mqualitatem
1626 4611 1792 4669 atque
1821 4616 1911 4654 or-

347 4679 530 4737 dinem
573 4684 686 4752 (67)
740 4702 770 4740 a
820 4686 930 4740 Deo
984 4687 1208 4742 insitum
1254 4689 1460 4745 volunt.
1503 4689 1636 4744 Nam
1672 4701 1728 4744 et
1764 4691 1816 4745 in
1849 4706 1917 4746 eo

421 4799 474 4850 ".
493 4796 636 4852 Psal.
659 4814 709 4861 L,
736 4799 822 4855 13.
899 4800 944 4831 ⁸ο
969 4799 1102 4854 Dan.
1128 4783 1277 4862 ιν,’6.
1355 4803 1396 4835 ⁶¹
1421 4803 1574 4857 Joan.
1601 4822 1695 4872 xx,
1715 4804 1803 4859 22.
1881 4805 1903 4836 ‘

421 4870 470 4922 ξι.
551 4869 595 4901 ⁸⁸
622 4867 800 4926 Galat.
828 4885 879 4931 γ,
905 4871 997 4924 22.
1074 4871 1265 4928 "-Gal.
1288 4888 1366 4932 ιιι.
1391 4875 1443 4928 5.
1521 4875 1565 4907 ⁸³
1591 4877 1697 4932 lsa.
1725 4890 1858 4932 xui.
1886 4875 1905 4930 Ξ

2018 4823 2152 4932 ﬁnit,
2175 4808 2263 4864 55.
2313 4808 2387 4897 ﬁ“
2416 4807 2583 4864 lCor.
2609 4823 2706 4872 xu,
2726 4808 2780 4863 3.
2856 4807 2900 4839 ⁸⁸
2923 4808 3045 4861 Act.
3072 4820 3187 4872 vttt,
3215 4803 3299 4859 νδ.

2115 4896 2193 4932 sa.
2216 4895 2288 4932 vi.
2313 4896 2368 4932 θ.

350 4883 390 4933 1,
417 4870 470 4922 ει.
551 4869 595 4901 ⁸⁸
622 4867 800 4926 Galat.
828 4885 879 4931 ν,
905 4871 997 4924 22.
1074 4871 1265 4928 "-Gal.
1288 4888 1366 4939 ut,
1391 4875 1443 4928 5.

421 4958 534 5032 (65)
561 4958 636 5032 l_la
670 4975 799 5016 mss.
834 4962 1004 5030 Alias,
1043 4983 1060 5013 ι
1089 4964 1429 5032 profitentur.
1457 4985 1476 5018 ι

421 5030 534 5096 (64)
577 5029 656 5084 Ita
692 5047 822 5086 mss.
849 5033 1024 5097 Alias,
1063 5029 1491 5092 (abundantius.
1516 5056 1534 5088 ι

422 5103 532 5170 (65')
576 5099 667 5155 Sic
703 5117 828 5157 mss.
860 5103 1031 5170 Alias,
1061 5121 1079 5154 ε
1112 5103 1372 5162 Dominus
1393 5104 1572 5161 Jesus.
1607 5126 1626 5160 ι

421 5170 667 5245 (66)-5ίρ
687 5187 827 5245 _ms_s.
849 5173 1016 5234 Alias,
1041 5191 1060 5245 ς
1087 5175 1331 5245 dicimus.
1371 5196 1389 5229 ι
1419 5177 1584 5231 Paulo
1607 5185 1725 5245 post
1757 5194 1910 5244 mss.,

351 5263 369 5291 ι
411 5241 887 5315 excislleiitissimm
908 5244 1154 5315 omnium
1179 5243 1475 5302 Trinitatis.
1513 5268 1530 5298 ι
1562 5241 1732 5315 Alias,
1761 5267 1780 5301 ί
1817 5241 1912 5306 ex;

345 5313 1204 5372 cellentissiuneomnitrinitatis.
1251 5337 1270 5368 ι

421 5383 534 5454 (67)
577 5382 670 5454 Sic
721 5399 854 5439 mss.
905 5385 1074 5447 Alias,
1128 5403 1146 5435 ι
1179 5387 1374 5452 quibus
1423 5397 1528 5441 tam
1578 5388 1906 5445 subsistendi

349 5467 510 5513 quam
539 5453 660 5509 vitae
693 5455 1012 5523 qualitatem
1045 5467 1206 5524 atque
1239 5458 1510 5512 ordinem.
1542 5478 1562 5511 ι

374 5595 383 5600 η
422 5524 534 5596 (68)
577 5524 669 5600 Sic
699 5541 831 5600 mss.
857 5527 1007 5579 Alias
1041 5527 1321 5600 mendose,
1357 5555 1374 5579 ι
1401 5529 1691 5598 pastoralis
1719 5530 1916 5590 dicitur

352 5595 628 5666 deangeli
661 5597 930 5664 positione
965 5611 1124 5664 quem
1165 5595 1414 5654 Hermes.
1451 5618 1470 5650 ι

421 5663 545 5746 (6“)—
576 5663 671 5723 Sicf
702 5683 831 5724 mss.
867 5663 1036 5735 Alias,
1069 5688 1084 5718 ι
1123 5683 1228 5743 quo
1260 5668 1323 5724 de
1349 5671 1476 5726 vita.
1517 5689 1535 5728 ι

2019 4508 2254 4578 Χριστοῦ
2289 4508 2381 4561 καὶ
2408 4507 2560 4575 ἁγίου
2600 4507 2770 4560 Πνεύ-

2024 4619 2210 4672 ματος.

2833 3762 3123 3816 clamantia
3158 3759 3482 3820 adinvicem,
3527 3763 3586 3810 et

2834 3853 3066 3908 dicentia
3100 3870 3149 3907 ε(
3175 3851 3426 3913 Sanctus,
3452 3864 3547 3902 san
3566 3877 3585 3889 η

2833 3957 2990 4010 ctus,
3057 3955 3276 3999 sanctus
3325 3943 3587 3996 Dominus

2837 4040 2979 4094 Dens
3048 4038 3286 4093 Sabaoth
3335 4036 3410 4103 ‘9;
3459 4055 3478 4088 ι
3516 4035 3584 4088 de

2836 4134 3112 4204 unigenito
3181 4131 3319 4185 Filio
3377 4129 3470 4184 Dei
3527 4140 3585 4183 et

2836 4225 3040 4295 Spiritu
3073 4235 3264 4280 sancto
3287 4232 3472 4278 essent
3498 4222 3584 4274 in-

2838 4320 3144 4390 telligenda.
3184 4316 3292 4372 Nos
3329 4332 3458 4372 vero
3486 4332 3586 4385 pu-

2839 4422 3013 4467 tamus
3056 4411 3217 4466 etiatn
3266 4411 3395 4464 illud
3439 4409 3587 4477 quod

2841 4508 2892 4560 in
2923 4505 3364 4561 canticoAbacuc
3384 4504 3590 4556 dictum

2839 4610 2921 4654 est
2953 4617 2966 4653 :
3005 4617 3023 4650 ι
3051 4598 3105 4652 In
3136 4599 3312 4652 medio
3344 4596 3419 4652 vel
3451 4597 3590 4649 duo-

2027 4711 2145 4750 rum
2201 4695 2541 4761 animalium,
2605 4694 2683 4749 uel
2732 4695 2960 4749 duarum
3016 4692 3249 4747 vitarum
3285 4705 3589 4761 cognosce.

2018 4879 2060 4912 ⁶⁹
2091 4879 2193 4934 lsa.
2216 4895 2288 4946 vr,
2313 4881 2368 4933 5.

3377 4804 3422 4835 ⁸⁵
3448 4801 3584 4858 Gen.

2091 4969 2204 5037 (70)
2245 4969 2319 5022 lta
2358 4984 2488 5023 mss.
2520 4968 2704 5030 Alias,
2747 4986 2767 5015 ι
2813 4979 3158 5034 exponerem.
3205 4981 3223 5016 ι
3262 4961 3428 5037 Paulo
3465 4975 3588 5032 post

2023 5035 2219 5106 mss.,t
2253 5041 2469 5108 quidam
2509 5054 2635 5092 sane
2668 5054 2734 5093 ex
2774 5037 3187 5104 praeceSsoribus
3231 5035 3442 5108 nostris

2018 5106 2395 5164 observarunt.
2411 5130 2428 5161 ι
2453 5111 2622 5174 Alias,
2639 5110 2855 5178 quidam
2872 5121 3002 5178 sane
3015 5121 3078 5178 ei:
3100 5106 3590 5178 prtedecessoribus

2020 5179 2317 5236 nostris....

2377 5175 2688 5234 observant.
2727 5196 2745 5230 ι
2780 5175 2944 5229 Paulo
2988 5175 3126 5228 infra
3177 5191 3328 5237 mss.,
3363 5194 3381 5226 ι
3418 5176 3591 5242 parti-

2027 5266 2154 5318 ceps
2172 5259 2251 5304 est
2289 5250 2526 5318 Spiritus
2542 5249 2710 5302 sancti
2739 5265 2768 5302 a
2795 5247 2902 5300 Deo
2926 5262 3047 5300 eum
3086 5245 3410 5317 accipiens.)
3430 5245 3585 5300 Alias

2019 5319 2192 5382 deest,
2227 5338 2244 5371 ι
2277 5320 2510 5388 Spiritus
2535 5320 2728 5372 sancti.
2765 5337 2782 5368 ι

2091 5391 2206 5461 (71)
2250 5383 2460 5459 Ἕζλεγε
2476 5389 2596 5461 δὲνό
2613 5388 2892 5456 Ἐϐραῖος,
2921 5396 3026 5441 etc.
3043 5385 3232 5461 Graece
3254 5383 3592 5461 hancprofert

2017 5457 2362 5515 Justitiiatius
2389 5457 2451 5513 atl
2486 5460 2687 5514 calcent
2719 5461 2958 5527 epistola:
2988 5459 3054 5512 ad
3097 5457 3304 5510 Menam
3339 5457 3580 5524 patriar-

2018 5533 2174 5585 chain
2238 5529 2914 5597 Constantinopolitanuni.
2975 5529 3308 5596 Hieronymo

3393 5535 3575 5578 ίιυιθιη

2021 5600 2356 5655 stomachum
2395 5601 2466 5653 ita
2508 5595 2675 5653 nio—vit
2715 5600 2827 5654 haec
2873 5599 3121 5669 Origenis
3167 5595 3585 5669 interpretatio.

2023 5681 2083 5752 ut
2114 5671 2330 5742 impiam
2357 5670 2504 5728 illam
2533 5680 2586 5728 et
2621 5666 2995 5727 detestandam
3040 5668 3273 5738 appellet
3303 5667 3395 5724 lib.
3429 5681 3490 5723 ut
3527 5666 3590 5720 in
