3952 6144
316 258 415 314 H9

1684 250 1883 304 [ΑΒΕΙῖ
1916 248 2192 303 PRIMUS.

3430 230 3533 287 {50

312 377 387 429 ris
408 374 461 408 "
490 374 624 445 (72),
658 392 677 425 ι
707 373 771 428 de
799 370 1017 427 Christo
1039 379 1094 424 et
1118 372 1183 425 de
1217 368 1422 439 Spiritu
1450 377 1638 423 sancto
1666 369 1861 423 sentiri
1895 376 1943 429 Α
1968 382 2097 422 sane
2128 366 2266 435 quod
2296 363 2546 427 dicimus,
2581 361 2662 415 vel
2692 378 2710 410 ι
2744 374 2976 428 semper,
3016 375 3033 408 ι
3065 356 3145 409 vel
3181 374 3198 407 ι
3229 364 3366 422 erat,
3398 375 3417 407 ι
3448 354 3530 407 vel

309 468 526 521 debere.
566 465 751 522 Omnis
772 464 915 518 enim
938 462 1163 517 scientia
1194 461 1260 516 de
1283 461 1443 515 Patre
1476 458 1749 514 revelante
1775 458 1864 511 Fi-

308 558 378 611 lio
410 558 464 611 in
501 556 703 625 Spiritu
729 564 919 608 sancto
950 552 1315 623 cognoscitur,
1339 560 1398 604 ut
1425 549 1584 604 ambo
1614 552 1728 603 haec
1749 563 1868 613 qua:

306 650 607 704 secundum
660 646 975 717 prophetam
1013 645 1097 699 vel
1138 642 1458 708 animantia,
1492 641 1577 695 vel
1618 642 1741 693 vita:
1782 641 1868 695 di-

306 751 531 802 cuntur,
564 755 726 793 causa
759 738 1004 793 scientia:
1038 736 1130 791 Dei
1168 736 1343 790 Patris
1377 735 1667 789 exsistant.
1716 733 1868 787 Sicut

306 833 452 886 enim
505 832 571 886 de
618 830 753 884 Filio
786 832 1004 893 dicitur,
1047 829 1173 897 quia
1207 846 1225 878 ι
1259 842 1415 881 nemo
1445 828 1597 881 novit
1647 825 1862 879 Patrem

306 926 410 980 nisi
445 924 641 987 Filius,
668 933 722 978 et
749 924 833 978 cui
864 918 1096 997 voluerit
1124 921 1290 976 Filius
1322 919 1663 983 revelare“;
1699 936 1718 970 ι
1753 919 1866 970 luce

305 1016 501 1071 eadem
532 1015 691 1069 etiam
720 1013 785 1067 de
808 1012 1012 1079 Spiritu
1038 1024 1227 1065 sancto
1259 1010 1390 1063 dicit
1411 1006 1718 1077 Apostolus,
1743 1020 1864 1059 cum

306 1107 428 1159 ait:
472 1124 492 1158 ι
535 1106 702 1159 Nobis
743 1113 923 1156 autem
968 1101 1226 1155 revelavit
1261 1098 1401 1153 Deus
1449 1112 1545 1166 per
1597 1095 1861 1165 Spiritum

304 1213 464 1252 suum
501 1197 646 1268 (73);
682 1196 919 1265 Spiritus
969 1192 1113 1248 enim
1146 1192 1324 1245 omnia
1374 1197 1646 1244 scrutatur
1698 1187 1864 1241 etiam

304 1288 411 1341 alta
445 1288 540 1342 Dei
562 1289 659 1339 ⁷².ι
685 1287 791 1341 Sed
816 1293 871 1340 et
894 1300 1083 1338 rursus
1104 1284 1157 1336 in
1178 1281 1465 1351 Evangelio
1494 1281 1558 1334 de
1584 1280 1783 1333 divinis
1804 1294 1867 1333 ac

304 1378 752 1448 prol'undioribus
801 1374 1062 1429 doctrinis
1113 1385 1551 1428 commemorans
1618 1367 1867 1422 Salvator

305 1486 443 1541 quas
474 1469 711 1524 nondum
743 1482 939 1536 capere
990 1472 1245 1535 poterant
1278 1461 1528 1531 discipuli
1555 1462 1658 1524 sui,
1692 1460 1763 1513 ita
1792 1458 1870 1512 ait

302 1563 369 1615 ad
402 1559 685 1631 apostolos
722 1575 735 1611 :
775 1577 794 1609 ι
830 1558 1022 1610 Adhuc
1044 1554 1212 1608 multa
1243 1552 1416 1607 habeo
1462 1566 1583 1619 quae
1612 1550 1763 1605 vobis
1792 1549 1870 1602 di-

303 1665 445 1714 cam,
482 1652 578 1705 sed
613 1665 715 1703 non
741 1646 1071 1718 potestisilla
1095 1645 1250 1699 modo
1280 1658 1505 1713 capere;
1538 1658 1659 1696 cum
1685 1650 1863 1694 autem

1973 458 2016 513 si
2049 457 2187 526 quod
2215 454 2359 508 aliud
2410 452 2515 507 tale
2558 450 2866 519 temporalis
2892 444 3300 518 signiﬁcationis
3330 457 3526 498 nomen

1973 545 2323 601 adsciscimns
2350 542 2484 615 (76),
2516 540 2831 610 simpliciter
2860 547 3049 593 etcum
3069 537 3222 591 venia
3256 532 3526 603 accipien-

1972 638 2096 691 dmn
2133 646 2242 700 est;
2276 636 2526 705 quoniam
2554 632 2825 687 nominum
2846 630 3060 700 quidem
3105 628 3294 682 horum
3329 624 3530 696 signiﬁ-

1973 729 2211 782 cationes
2236 725 2557 794 temporales
2590 730 2735 786 sunt,
2760 736 2822 776 ea
2853 731 3031 774 autem
3055 720 3118 774 de
3141 720 3330 788 quibus
3359 717 3534 788 loqui-

1973 836 2111 882 mur,
2142 826 2365 872 tractatu
2393 815 2602 884 quidem
2646 813 2917 868 sermonis
2962 811 3327 881 teinporaliter
3358 810 3535 863 nontio.

1972 918 2191 972 nantur,
2246 915 2440 960 natura
2491 915 2669 959 autem
2722 904 2804 958 sui
2860 918 3075 958 onmem
3127 902 3528 973 intelligentiam

1980 1016 2173 1054 sensus
2203 997 2514 1067 temporalis
2546 987 2834 1049 excedunt.

2041 1092 2092 1146 5.
2123 1090 2343 1145 Rectum
2368 1096 2546 1142 tamen
2567 1087 2775 1141 videtur
2805 1084 3078 1152 inquirere
3100 1083 3225 1153 quid
3248 1097 3420 1137 causa:
3440 1081 3530 1141 sit.

1973 1183 2110 1251 quod
2157 1182 2244 1250 qui
2288 1189 2637 1250 regeneratnr
2671 1190 2769 1248 per
2797 1177 2962 1229 Deum
2997 1176 3051 1228 in
3103 1175 3353 1241 salutem,
3394 1188 3531 1243 Opus

1972 1274 2137 1330 habet
2165 1282 2219 1327 et
2249 1272 2408 1326 Patre
2443 1280 2496 1325 et
2547 1269 2684 1325 Filio
2705 1278 2758 1324 et
2786 1268 2988 1337 Spiritu
3017 1277 3231 1333 sancto,
3268 1283 3373 1321 non
3405 1282 3529 1336 per-

1974 1374 2228 1434 cepturus
2253 1362 2479 1417 salutem
2507 1359 2607 1414 nisi
2639 1362 2707 1414 sit
2742 1360 2945 1428 integra
2974 1358 3216 1412 Trinitas
3241 1374 3255 1411 :
3284 1371 3383 1411 nec
3409 1370 3529 1425 pos-

1974 1456 2128 1513 sibile
2164 1456 2235 1509 sit
2264 1454 2585 1524 participem
2618 1451 2732 1506 ﬁeri
2770 1451 2948 1506 Patris
2979 1451 3060 1506 vel
3097 1451 3219 1505 Filii
3258 1451 3374 1505 sine
3404 1448 3531 1519 Spi-

1975 1550 2078 1602 ritu
2109 1557 2300 1602 sancto
2330 1545 2465 1617 (77).
2494 1546 2568 1599 De
2613 1546 2809 1614 quibus
2841 1543 3191 1599 discutientes
3231 1543 3347 1605 sine
3372 1543 3542 1598 dubio,

1977 1639 2339 1694 necessarium
2373 1638 2477 1694 erit
2509 1647 2567 1692 ut
2598 1637 2967 1707 Operationem
3022 1636 3308 1705 specialem
3356 1634 3523 1706 Spiri-

303 1743 524 1797 vencrit
558 1741 869 1796 consolator
901 1738 1140 1808 Spiritus
1160 1734 1511 1801 sanctus,ille
1542 1748 1638 1789 vos
1659 1732 1871 1787 docebit
1901 1735 1943 1788 Β
1974 1741 2057 1784 tus
2088 1730 2279 1795 sancti,
2299 1738 2355 1783 et
2388 1729 2670 1797 specialem
2699 1728 2873 1783 Patris
2896 1744 2959 1783 ac
2986 1727 3107 1783 Filii
3136 1726 3540 1793 describamus.

303 1836 516 1899 omnia,
542 1832 975 1887 etcommonebit
1005 1829 1183 1884 omnia
1211 1843 1330 1898 quze
1356 1827 1465 1881 dixi
1506 1823 1854 1881 vobis73'7‘a

302 1930 366 1984 Et
414 1929 492 1984 ita
533 1927 865 1982 sentiendum
905 1935 987 1980 est
1008 1924 1163 1995 'quod
1197 1924 1333 1978 sicut
1379 1921 1550 1975 Filius
1587 1920 1677 1991 qui
1715 1919 1865 1973 solus

303 2020 593 2089 cognoscit
629 2019 866 2084 Patrem,
914 2017 1120 2070 revelat
1167 2017 1251 2069 cui
1298 2014 1443 2075 vult;
1494 2013 1569 2066 ita
1620 2012 1864 2081 Spiritus

304 2123 535 2167 sanctus
562 2110 652 2180 qui
683 2110 831 2164 solus
856 2117 1131 2163 scrutatur
1170 2108 1334 2162 etiam
1369 2105 1473 2159 alta
1510 2104 1623 2168 Dei,
1661 2101 1866 2157 revelat

303 2205 482 2258 Deum
512 2201 622 2274 (74)
648 2202 730 2255 cui
779 2202 910 2256 vult.
951 2219 969 2251 ι
1006 2200 1239 2269 Spiritus
1278 2198 1423 2252 enim
1463 2196 1553 2250 ubi
1597 2194 1708 2249 vult
1750 2194 1863 2262 spi-

305 2294 479 2348 rat".
517 2313 534 2346 ι
570 2292 751 2363 Neque
782 2293 924 2348 enim
956 2292 1250 2362 putandum
1282 2290 1389 2360 62
1411 2297 1493 2342 est
1517 2286 1656 2356 quod
1695 2285 1862 2340 etiam

304 2384 553 2453 Spiritus
581 2385 715 2439 Filio
740 2385 1013 2451 revelante
1028 2383 1322 2452 cognoscit.
1345 2381 1399 2434 Si
1424 2379 1566 2434 enim
1594 2378 1867 2433 revelante

303 2476 453 2532 Filio
479 2477 762 2545 cognoscit
804 2476 1018 2529 Patrem
1062 2474 1299 2543 Spiritus
1344 2481 1607 2534 sanctus,
1637 2485 1766 2539 ergo
1800 2484 1866 2523 ex

304 2568 624 2638 ignorantia
653 2567 717 2618 ad
751 2566 1034 2619 scientiam
1073 2565 1253 2627 venit;
1304 2562 1446 2630 quod
1479 2562 1663 2630 utique
1687 2571 1740 2614 et
1764 2561 1866 2614 im-

302 2658 466 2726 pium
491 2656 691 2725 pariter
718 2663 771 2708 et
797 2654 1018 2707 stultum
1043 2662 1148 2714 est,
1171 2652 1428 2719 Spiritum
1447 2658 1688 2703 sanctum
1712 2650 1873 2703 conﬁ-

307 2748 513 2812 teri,et
529 2746 883 2816 ignorantiam
898 2745 945 2799 ei
966 2745 1257 2799 ascribere.
1280 2742 1397 2796 Non
1422 2742 1564 2796 enim
1586 2756 1703 2795 cum
1729 2740 1872 2794 aliud

307 2836 526 2905 aliquid
556 2844 696 2888 esset
733 2844 1023 2904 antequam
1069 2832 1304 2902 Spiritus
1336 2840 1575 2895 sanctus,
1619 2846 1716 2901 per
1747 2846 1874 2901 pro-

303 2927 516 2981 fectum
542 2928 688 2980 venit
731 2927 783 2978 itt
839 2926 939 2979 hoc
979 2933 1034 2978 ut
1069 2933 1212 2978 esset
1242 2922 1478 2991 Spiritus
1512 2933 1769 2986 sanctus;
1814 2930 1874 2975 ut

303 3016 440 3085 quis
470 3016 665 3070 audeat
696 3016 896 3081 dicere,
924 3015 1049 3084 quia
1086 3024 1209 3068 tunc
1238 3015 1454 3083 quidem
1484 3028 1607 3067 cum
1632 3015 1867 3067 nondum

306 3117 461 3161 esset
503 3106 736 3175 Spiritus
761 3105 870 3177 (75)
901 3117 1143 3168 sanctus,
1174 3105 1462 3175 ignorabat
1498 3104 1737 3170 Patrem,
1772 3120 1868 3173 po-

307 3210 430 3253 stea
460 3213 587 3252 vero
620 3213 781 3267 quam
825 3199 1026 3265 recepit
1053 3198 1355 3258 scientiam,
1393 3196 1628 3265 Spiritus
1650 3204 1869 3251 sanctus

308 3289 541 3344 eﬂ‘ectus
567 3299 683 3352 est;
715 3292 856 3357 quod
890 3288 934 3342 si
967 3299 1128 3350 esset,
1152 3304 1421 3358 nunquam
1451 3289 1638 3358 utique
1670 3289 1721 3343 in
1751 3292 1871 3342 uni-

313 3390 429 3434 tate
472 3380 777 3445 Trinitatis,
817 3380 867 3434 id
896 3388 978 3435 est
1012 3380 1103 3434 Dei
1145 3380 1325 3435 Patris
1357 3381 1783 3435 inconvertibilis
1817 3389 1871 3434 et

311 3473 440 3528 Filii
477 3474 611 3543 ejus,
658 3473 821 3527 etiam
866 3472 981 3542 ipse
1017 3470 1253 3541 Spiritus
1300 3482 1521 3527 sanctus
1552 3472 1866 3538 haberetur,

310 3566 415 3621 nisi
450 3566 577 3635 quia
614 3575 669 3621 et
694 3566 807 3636 ipse
830 3579 1044 3634 semper
1071 3573 1189 3620 erat
1224 3564 1456 3634 Spiritus
1481 3574 1724 3621 sanctus.
1757 3566 1872 3623 lloc

1965 1821 2101 1893 [(78)
2132 1823 2251 1873 Ὅτι
2276 1823 2304 1873 ὁ
2339 1820 2437 1891 μὲν
2460 1819 2590 1882 Θεὸς
2629 1818 2723 1873 καὶ

1963 1913 2149 1984 Πατὴρ
2184 1910 2417 1980 συνέχων
2439 1910 2506 1963 τὰ
2553 1910 2728 1966 πάντα

1966 2005 2157 2074 φθάνει
2220 2005 2299 2065 εἰς
2353 2003 2582 2055 ’ἑκαστον
2615 2001 2722 2055 τῶν

1964 2096 2129 2151 ὄντων
2166 2094 2478 2166 μεταδιδοὺς
2502 2094 2718 2164 ἑκάστῳ

1964 2189 2073 2242 ἀπὸ
2117 2188 2212 2241 τοῦ
2256 2188 2384 2241 ἰδίου
2434 2188 2494 2240 τὸ
2542 2183 2717 2241 εἶναι’

1963 2282 2039 2335 ὢν
2093 2282 2199 2353 γάρ
2255 2284 2436 2335 ἐστιν’
2485 2281 2720 2334 ἐλάττων

1963 2376 2021 2429 δὲ
2076 2376 2209 2447 πρὸς
2261 2376 2350 2430 τὸν
2409 2374 2627 2447 Πατέρα
2690 2374 2719 2426 ὁ

1968 2467 2096 2531 Υἱὸς
2126 2467 2340 2537 φθάνων
2370 2468 2463 2520 ἐπὶ
2486 2468 2623 2539 μόνα
2649 2465 2719 2520 τὰ

1966 2560 2173 2628 λογικά·
2205 2560 2453 2633 δεύτερος
2477 2563 2583 2631 γάρ
2605 2562 2721 2613 ἐστι

1969 2650 2061 2703 τοῦ
2088 2651 2327 2721 Πατρός·
2361 2651 2440 2704 ἔτι
2472 2652 2528 2704 δὲ
2561 2647 2723 2721 ἦττον

1970 2742 2031 2794 τὸ
2079 2743 2297 2813 Πνεῦμα
2329 2744 2391 2795 τὸ
2431 2744 2583 2811 ἅγιον
2633 2742 2725 2795 ἐπὶ

1978 2834 2169 2903 μόνους
2223 2836 2347 2899 τοὺς
2391 2835 2580 2903 ἁγίους
2628 2835 2728 2887 διῖ-

1973 2925 2300 2996 κνούμενονο
2370 2927 2510 2980 ὥστε
2587 2926 2725 2980 κατὰ

1971 3019 2126 3073 τοῦτο
2186 3020 2383 3091 μείζων
2422 3023 2453 3093 ή
2501 3019 2725 3091 δύναμις

1966 3111 2060 3164 τοῦ
2136 3114 2346 3185 Πατρὸς
2401 3113 2551 3185 παρὰ
2631 3112 2733 3173 τὸν,

2795 1824 3045 1877 Arbitror
3085 1835 3214 1889 ergo
3263 1815 3538 1884 Operatio-

2795 1923 2915 1962 nem
2954 1906 3168 1970 quidem
3204 1918 3325 1957 esse
3360 1901 3529 1955 Patris

2795 2000 2854 2045 et
2898 1991 3020 2045 Filii
3077 1999 3184 2044 tam
3236 1991 3287 2044 in
3338 1987 3535 2049 sanctis

2793 2093 2953 2147 quam
2979 2078 3030 2129 in
3059 2076 3456 2145 peccatoribus,
3481 2075 3531 2125 in

2793 2172 3107 2227 hominibus
3181 2168 3533 2223 rationalibus

2790 2274 2844 2320 et
2874 2266 2927 2319 in
2967 2262 3128 2317 mutis
3167 2260 3488 2316 animalibus
3517 2275 3537 2323 ;

2789 2357 2883 2413 sed
2926 2365 2980 2411 et
3022 2357 3075 2409 in
3130 2355 3214 2408 his
3254 2367 3373 2421 qua:
3421 2351 3537 2405 sine

2792 2450 2969 2506 anima
3015 2458 3161 2511 sunt,
3195 2456 3250 2501 et
3279 2448 3332 2500 in
3354 2445 3532 2499 omni-

2791 2546 2893 2601 bus
2932 2542 3152 2599 omnino
3197 2554 3314 2609 quae
3367 2548 3533 2603 sunt;

2794 2639 3159 2707 operationem
3195 2647 3323 2688 vero
3367 2631 3538 2701 Spiri-

2797 2740 2883 2786 tus
2951 2730 3126 2785 sancti
3194 2738 3533 2795 nequaquam

2796 2837 3017 2893 prorsus
3033 2819 3269 2873 incidere
3292 2817 3379 2872 vel
3403 2816 3455 2869 in
3473 2830 3535 2870 ea

2797 2930 2916 2985 qua:
2939 2915 3054 2969 sine
3085 2912 3262 2965 anima
3291 2908 3535 2971 sunt,vel

2796 3012 2851 3065 in
2871 3023 2933 3063 ea
2962 3022 3078 3076 qua:
3107 3001 3398 3059 animantia
3422 3002 3539 3071 qui.

2794 3104 2934 3167 dem,
2962 3100 3055 3156 sed
3089 3106 3233 3154 muta
3271 3096 3537 3162 sunt;sed

2793 3211 2860 3251 ne
2897 3198 2948 3251 in
2982 3194 3088 3249 illis
3124 3192 3339 3262 quidem
3391 3190 3541 3242 inve-

1965 3205 2094 3259 Υἱὸν
2138 3207 2232 3259 καὶ
2292 3207 2353 3259 τὸ
2396 3206 2621 3278 Πνεῦμα
2663 3204 2726 3258 τὸ

1968 3293 2139 3363 ἆγιοψ
2192 3296 2391 3349 πλείων
2436 3296 2492 3349 δὲ
2543 3299 2575 3367 ἡ
2621 3296 2716 3349 τοῦ
2790 3291 2894 3345 niri
2929 3285 3037 3361 (79)
3067 3286 3161 3355 qui
3193 3280 3543 3339 rationabiles

1971 3387 2098 3441 Υἰοῦ
2136 3389 2285 3460 παρὰ
2317 3390 2375 3442 τὸ
2401 3390 2628 3460 Πνεῦμα
2660 3390 2721 3443 τὸ
2793 3383 3007 3453 quidem
3043 3388 3188 3447 sunt,
3216 3376 3312 3431 sed
3341 3375 3392 3428 in
3425 3388 3538 3425 tua.

1969 3480 2151 3549 ἆγιονο
2201 3482 2291 3534 καὶ
2332 3482 2492 3536 πάλιν
2536 3480 2722 3549 διαφέ-
2794 3478 2908 3531 litia
2940 3475 3124 3545 positi,
3163 3486 3265 3526 nec
3312 3467 3535 3523 omnino

1972 3591 2139 3643 ρουσα
2189 3574 2385 3645 μᾶλλον
2431 3574 2523 3628 τοῦ
2568 3573 2720 3643 ἁγίου
2796 3572 2860 3625 ad
2897 3570 3118 3624 meliora
3165 3560 3432 3620 conversi.
3481 3559 3538 3617 In

378 3704 426 3738 7°
470 3702 668 3759 llabac.
712 3714 796 3767 ιιι,
821 3699 876 3754 5.
903 3701 948 3733 τι
978 3700 1110 3757 Luc.
1140 3717 1197 3771 κ,
1223 3702 1314 3757 22.
1389 3706 1434 3737 ⁷³
1468 3705 1633 3763 lCor.
1662 3725 1723 3778 ιι,
1752 3709 1837 3765 10.

1984 3713 2029 3745 ⁷’⁶
2052 3713 2208 3769 Joan.
2234 3731 2345 3783 xvi,
2370 3715 2457 3783 l2,
2482 3715 2579 3781 l5;
2612 3729 2721 3779 xw,
2743 3711 2831 3766 26.
2906 3711 2951 3741 ⁷⁵
2982 3708 3135 3764 .loan.
3164 3722 3247 3774 ιιι,
3273 3705 3329 3761 8.

309 3845 528 3908 Isaiam,
562 3854 615 3899 et
642 3844 800 3913 epist.
843 3843 932 3909 4|,
973 3843 1106 3899 alias
1137 3845 1228 3910 65,
1275 3847 1349 3900 ad
1376 3846 1781 3905 Pammachium
1820 3863 1878 3907 et

312 3922 611 3991 Oceanum.
643 3915 748 3969 Sed
780 3916 904 3968 vide
935 3930 1042 3991 quo
1070 3926 1549 3991 pactoexeusetur
1589 3919 1872 3991 Origenia-

313 4003 506 4041 norum
524 3986 615 4037 lib.
648 4002 710 4048 ιι,
738 3995 928 4053 quaest.
962 3985 1015 4049 ⁸2,
1042 4002 1187 4040 num.
1214 3988 1303 4042 26.

386 4056 503 4127 (7'2)
544 4054 609 4108 In
635 4057 801 4107 medio
826 4054 907 4108 vel
942 4057 1166 4127 duorum
1195 4058 1505 4113 animalium
1533 4061 1615 4114 vel
1648 4062 1873 4117 duarum

310 4125 549 4200 vitantur
569 4127 914 4200 cognosceris.
933 4125 1225 4200 Yerterunt
1256 4128 1398 4183 LXX
1424 4134 1745 4200 interpretes
1770 4151 1783 4186 :
1818 4137 1876 4189 ὲν

317 4198 469 4269 μέσῳ
497 4195 588 4248 δύο
611 4194 761 4259 ζώων
792 4194 1099 4269 γνῳσοήςῃ.
1144 4214 1162 4247 ι
1196 4199 1251 4251 lit
1281 4200 1454 4269 tnedio
1490 4194 1716 4254 duorum
1752 4204 1875 4256 ani-

314 4264 540 4339 inali'mn
572 4268 935 4339 cognosceris.
974 4283 992 4316 ι
1018 4264 1074 4318 Si
1096 4282 1229 4339 vero
1255 4283 1349 4339 pro
1380 4267 1532 4331 ζώων
1554 4270 1697 4339 legas
1725 4272 1878 4335 ζωῶν

313 4353 340 4389 a
370 4338 512 4403 ζωή,
548 4334 863 4388 vertendum
899 4343 1000 4399 est,
1030 4352 1049 4385 ι
1093 4336 1145 4389 in
1178 4334 1352 4393 medio
1386 4334 1872 4395 duarum'vitarum

314 4407 684 4475 cognosceris.
731 4424 749 4457 ι
795 4404 1057 4459 llehraica
1084 4409 1259 4475 verba
1301 4420 1501 4462 sonant
1536 4425 1550 4461 :
1591 4429 1609 4461 ι
1650 4411 1704 4464 ἰιι
1736 4412 1875 4465 inte-

313 4474 442 4532 riori
500 4492 759 4549 annorum
817 4474 1228 4549 viviﬁca‘illnd.
1287 4496 1306 4530 ι
1353 4478 1521 4533 Paulo
1569 4493 1687 4549 post
1721 4498 1875 4549 mss,

320 4565 341 4599 ι
380 4547 565 4601 omnis
592 4547 733 4598 enim
766 4545 988 4599 scientia
1034 4547 1100 4600 de
1142 4547 1322 4605 Patre.
1381 4569 1399 4602 ι
1446 4545 1614 4612 Alias,
1651 4570 1669 4603 ι
1704 4545 1882 4607 omnis

312 4621 464 4672 enim
520 4616 781 4684 sapientia
819 4617 885 4668 de
947 4616 1124 4688 Patre.
1165 4636 1182 4668 ι
1212 4619 1377 4674 Paulo
1407 4631 1525 4688 post
1562 4622 1681 4675 libri
1723 4623 1875 4686 editi,

319 4707 339 4739 ι
371 4699 422 4741 ιιι
442 4689 602 4740 ambo
630 4701 747 4754 quae
765 4687 1055 4741 secumlum
1089 4687 1189 4741 hoc
1219 4689 1299 4741 vel
1329 4687 1617 4745 animantia
1644 4692 1726 4746 vel
1760 4694 1881 4746 vitae

316 4760 594 4815 dicuntur.
624 4772 784 4810 causa
820 4756 1099 4823 sapientia:
1130 4756 1217 4812 Dei
1248 4757 1423 4814 Patris
1460 4761 1745 4816 exsistant.
1783 4781 1801 4813 ι

385 4828 504 4899 (75)
546 4828 634 4881 Sic
685 4841 814 4899 mss.
868 4825 1273 4899 Libricditipr
1311 4840 1578 4884 sanctum.
1622 4851 1639 4882 ι
1674 4832 1874 4885 lbidctn

322 4896 447 4953 libri
483 4899 610 4951 editi
650 4914 663 4949 :
702 4915 720 4947 ι
766 4897 836 4949 De
882 4896 1082 4969 divinis
1130 4898 1567 4965 profundioribus
1598 4902 1877 4969 discipulis

320 4982 877 5038 commemorans.....
899 4966 1069 5038 ait_ad
1111 4969 1493 5037 discipulos...
1525 4971 1614 5024 sed
1643 4966 1748 5024 non
1783 4989 1874 5038 po-

324 5043 478 5093 testis
509 5048 727 5103 portare
759 5037 937 5091 modo.
978 5036 1109 5090 Cum
1142 5048 1322 5093 autem
1362 5041 1576 5095 venerit
1619 5036 1875 5095 Paraeto-

322 5118 424 5175 tus,
476 5109 526 5161 id
570 5116 652 5162 est
695 5106 1005 5165 consolator
1036 5106 1269 5171 Spiritus
1315 5120 1536 5164 sanctus
1714 5123 1767 5166 et
1803 5115 1873 5165 ita

322 5179 604 5233 sciendum
641 5189 742 5233 est.
772 5196 790 5229 ι
809 5176 913 5231 Sed
944 5192 1130 5232 omnes
1153 5180 1311 5233 codd.
1350 5196 1479 5235 tnss.
1517 5190 1575 5236 ut
1603 5184 1657 5236 in
1688 5193 1873 5237 nostro

322 5257 423 5302 ICXI
436 5264 490 5301 ll.

324 5384 335 5394 ι
388 5317 501 5388 (74)
537 5317 731 5394 Deum.
766 5316 927 5371 Deest
963 5315 1014 5370 in
1061 5327 1218 5374 antea
1257 5319 1439 5384 editis,
1470 5317 1565 5375 sed
1602 5321 1876 5393 reperitur

324 5389 373 5439 in
404 5389 653 5443 omnibus
675 5402 803 5442 mss.

389 5457 500 5530 (75)
517 5456 763 5528 Spiritus.
786 5454 1134 5512 Desideratur
1151 5460 1200 5514 in
1215 5470 1369 5515 antea
1384 5459 1564 5527 editis,
1584 5462 1678 5517 sed
1692 5476 1797 5516 non
1821 5462 1870 5516 in

325 5540 443 5581 mss.

392 5598 501 5667 (76)
542 5598 619 5654 lta
658 5614 789 5654 mss.
828 5597 980 5655 Libh.
1000 5601 1156 5666 editi,
1202 5620 1221 5654 ι
1265 5600 1603 5657 adducimus.
1642 5619 1661 5653 ι
1708 5600 1873 5655 Paulo

328 5677 445 5731 post
468 5686 617 5738 Inss.,
648 5680 909 5726 «tractatu
936 5673 1148 5742 quidem
1171 5671 1871 5742 sertnonis.iEtliti,ttractu

1971 3859 2187 3926 quidem
2225 3859 2514 3915 sermonis.
2556 3878 2573 3912 ι

2041 3928 2152 3997 (77)
2196 3929 2318 3983 Νοη
2340 3942 2674 3998 percepturus
2706 3929 2923 3984 salutem
2954 3927 3053 3981 nisi
3090 3926 3159 3998 sit
3194 3926 3395 3998 integro
3421 3922 3539 3998 Tn}

1973 3994 2146 4064 nam;
2186 4017 2278 4053 nec
2326 3994 2573 4068 possibile
2618 4004 2686 4059 sit
2729 4000 3035 4067 participem
3067 3996 3183 4065 ﬁeri
3227 3994 3410 4068 Putris
3459 3994 3539 4048 vel

1973 4068 2099 4122 Filii
2130 4074 2239 4124 sine
2272 4065 2472 4140 Spiritu
2492 4082 2688 4125 sancto.
2719 4065 2843 4125 llaec
2876 4065 3251 4124 desiderantur
3282 4065 3335 4118 in
3378 4072 3536 4118 antea

1973 4141 2151 4201 editis,
2179 4143 2269 4194 sed
2302 4150 2516 4195 exstant
2547 4143 2598 4196 in
2626 4142 2876 4196 omnibus
2903 4156 2951 4191 ιιι
2965 4154 3039 4191 ss.

2041 4210 2151 4280 (78)
2190 4213 2305 4264 ’Ότι
2326 4215 2358 4265 ό
2376 4211 2491 4280 μὲν
2516 4213 2657 4277 Θεὸς
2678 4210 2773 4263 καὶ
2798 4206 3031 4280 Πατὴρ,
3050 4216 3155 4260 etc.
3183 4202 3535 4280 Grtnca_h:nc,

1974 4272 2416 4343 uncis'conclusa,
2439 4272 3005 4336 cxlnibetJustinianus
3024 4279 3313 4343 imperator
3330 4273 3394 4326 ad
3421 4272 3537 4327 cal-

1907 4360 1952 4417 D
1980 4366 2094 4403 cem
2132 4350 2372 4417 epistolae
2401 4351 2465 4403 ad
2502 4349 2745 4411 Menam;
2781 4364 2840 4401 ea
2873 4358 3052 4401 autem
3081 4353 3265 4417 utpote
3293 4359 3412 4411 quae
3442 4360 3538 4397 ca~

1991 4415 2196 4473 tholicre
2222 4420 2287 4473 de
2310 4418 2571 4472 Trinitate
2601 4417 2724 4472 ﬁdei
2765 4417 3044 4471 adversari
3076 4415 3415 4477 videbantur,
3455 4428 3539 4467 re-

1988 4491 2189 4543 sccavit
2232 4490 2501 4553 interpres
2553 4488 2800 4552 Ruﬁnus,
2851 4496 2945 4541 aut
2989 4486 3176 4541 saltem
3215 4484 3535 4554 quibusdam

1987 4560 2186 4613 additis
2215 4570 2270 4612 et
2302 4558 2622 4627 quibusdam
2658 4558 2909 4627 detractis
2948 4555 3228 4621 emollivit,
3260 4556 3329 4608 et‘!
3349 4555 3417 4609 ad
3441 4570 3534 4609 ca-

1990 4628 2244 4682 tholicum
2277 4626 2491 4683 sensum
2531 4630 2823 4683 revocavit.
2863 4626 2938 4682 Ne
2974 4628 3096 4696 quis
3129 4640 3258 4680 vero
3285 4636 3535 4694 suSpecta

1986 4697 2179 4751 habeat
2210 4697 2393 4753 Graeca
2428 4699 2527 4752 ista
2556 4714 2675 4767 qum
2718 4698 2918 4768 prolert
2957 4698 3316 4768 Justinianus,
3347 4710 3528 4768 operte

1985 4769 2215 4839 pretium
2249 4777 2333 4823 est
2367 4769 2556 4823 audire
2574 4765 2973 4839 'llieronymum
3001 4769 3089 4836 qui
3118 4765 3439 4839 epistolam
3466 4767 3536 4839 ad

1983 4838 2198 4892 Avitum
2228 4839 2276 4892 id
2308 4840 2465 4893 etiam
2492 4840 2699 4894 crimini
2726 4836 2882 4893 vertit
2902 4839 3115 4908 Origeni
3146 4837 3285 4905 quod
3308 4836 3535 4908 dixerit:

1991 4926 2008 4958 ι
2035 4908 2225 4962 Filium
2252 4924 2466 4979 quoque
2498 4910 2760 4964 minorem
2795 4911 2975 4973 Patre,
3003 4906 3067 4962 eo
3092 4908 3234 4976 quod
3262 4906 3536 4979 secundus

1983 4979 2049 5031 ab
2084 4979 2173 5033 illo
2206 4980 2298 5041 sit,
2331 4976 2666 5050 et'Spiritum
2701 4989 2943 5034 sanctum
2975 4980 3284 5050 inferiorem
3314 4976 3450 5050 Filio
3480 4978 3532 5029 iu

1984 5052 2185 5119 sanctis
2213 5046 2516 5119 quibusque
2538 5050 2759 5117 versari;
2778 5058 2935 5119 atque
2952 5051 3055 5104 hoc
3071 5049 3259 5119 ordine
3278 5046 3534 5119 majorem

1984 5116 2158 5173 Patris
2178 5116 2542 5174 fortitudinem
2562 5133 2681 5173 esse
2703 5116 2865 5188 quani
2884 5120 3004 5174 Filii
3018 5130 3068 5174 et
3089 5118 3322 5189 Spiritus
3339 5118 3534 5181 sancti,

1981 5200 2034 5241 et
2069 5204 2281 5244 rursum
2312 5192 2568 5259 majorem
2614 5189 2735 5245 Filii
2784 5190 3151 5245 fortitudinem
3204 5203 3325 5243 esse
3369 5202 3534 5259 quam

1983 5259 2215 5327 Spiritus
2246 5255 2455 5328 sancti;
2479 5269 2534 5313 et
2567 5269 2961 5331 consequenter
3000 5261 3171 5328 ipsius
3202 5255 3531 5331 sanctiSpi—

1982 5324 2120 5383 ritus
2143 5331 2401 5399 majorem
2441 5324 2561 5385 esse
2583 5324 2839 5385 virtutem
2865 5324 3074 5386 caeteris
3099 5344 3221 5396 quae
3252 5337 3440 5399 sa‘ncta
3464 5324 3541 5378 di-

1976 5396 2377 5526 ἓξιιὲῗὲἔνίύο
2401 5399 2837 5471 Origeniauorum
2866 5400 2960 5456 lib.
2990 5417 3047 5464 ιι,
3078 5407 3267 5468 quaest.
3298 5396 3355 5459 2,
3380 5409 3539 5448 nutu.

2079 5482 2133 5524 et
2154 5482 2242 5527 ‘28.

2019 5541 2161 5624 ,(79)
2202 5544 2292 5599 Sic
2340 5556 2469 5600 mss.
2510 5540 2680 5607 Alias.
2720 5559 2739 5594 ι
2778 5540 2860 5597 vel
2910 5540 2962 5599 in
2999 5536 3355 5617 illisqnidem
3389 5534 3545 5599 ipse,

1981 5627 2106 5670 nm.
2146 5632 2164 5666 ι
