3952 6144
299 187 395 246 tat
1504 168 1837 267 .ORIGENIS
1871 195 2030 248 ΠΕΡΙ
2066 194 2293 251 APan
3403 190 3507 246 452

295 308 610 382 Πνεύματος
636 312 670 386 ἡ
700 312 925 384 δύναμις
952 331 1048 367 πα-
1118 312 1223 368 illis
1271 312 1400 367 solis
1430 312 1684 369 'arbitror
1733 330 1854 371 esse

1972 324 2035 370 est
2081 324 2135 370 et
2182 322 2327 383 patet
2372 313 2643 384 quomodo
2684 326 2751 368 ex
2778 309 3193 381 participatione
3218 306 3379 365 Verbi
3418 310 3505 365 vel

305 404 375 477 ρὰ
403 403 471 458 τὰ
497 404 631 459 ἄλλά
662 405 809 477 ἅγια.
829 405 885 462 Id
908 422 982 460 est
1026 422 1042 462 :
1114 420 1248 476 Opus
1276 403 1510 475 Spiritus
1545 408 1723 463 sancti
1758 408 1849 478 qui

294 500 542 553 Arbitror
600 498 766 554 Deum
836 502 1041 571 quidem
1105 497 1216 568 jam
1259 514 1317 554 se
1363 499 1428 555 ad
1472 499 1694 555 meliora
1723 515 1854 556 cou-

297 588 540 655 Patrem,
565 607 683 644 cum
721 592 894 645 omnia
915 608 1041 667 con-
1112 601 1416 661 vertunt,et
1440 607 1537 664 per
1555 594 1670 648 vias
1697 593 1853 649 Chri-

299 682 489 747 tineat,
535 682 605 735 ad
643 683 1041 753 unumquodque
1111 686 1179 740 sli
1211 683 1336 742 Jesu
1362 686 1640 755 incedunt,
1668 688 1719 742 id
1747 698 1850 756 est,

298 774 498 827 entiam
554 775 856 842 pervenire,
927 790 1040 829 esse
1112 778 1203 849 qui
1228 787 1354 832 sunt
1381 778 1435 832 in
1456 779 1851 848 bonisactibus,

296 867 572 935 unicuique
592 867 965 935 impertientem
979 868 1041 922 de
1112 879 1168 925 et
1194 869 1247 924 in
1278 869 1391 924 Deo
1414 879 1749 940 permanent.

296 972 393 1010 suo
426 971 446 1009 :
474 959 580 1026 ipse
598 959 739 1011 enim
778 970 855 1013 est
889 960 1101 1029 quiest.
1134 959 1314 1015 Minor
1342 978 1457 1016 vero
1493 960 1656 1017 Patre
1678 961 1854 1016 Filius

297 1047 367 1100 ad
398 1047 507 1101 sola
536 1047 876 1102 rationabilia
906 1048 1179 1117 pervenit;
1220 1061 1298 1104 est
1348 1052 1489 1105 enim
1518 1051 1778 1106 secundus
1822 1068 1854 1103 a

298 1134 483 1190 Patre.
514 1137 697 1192 Adhuc
722 1139 881 1192 etiam
903 1140 1076 1194 minor
1090 1138 1321 1205 Spiritus
1352 1150 1583 1209 sanctus,
1610 1141 1679 1195 ad
1717 1140 1857 1196 solos

296 1237 506 1280 sanctos
533 1227 801 1298 pertingit.
838 1226 923 1281 Ita
948 1244 1011 1282 ea:
1039 1230 1138 1283 hoc
1163 1230 1336 1299 major
1359 1240 1437 1285 est
1478 1239 1710 1301 potestas
1742 1229 1857 1284 Pa-

218 1333 225 1341 ’
299 1316 395 1371 tris
427 1334 585 1388 quam
611 1316 740 1373 Filii
770 1328 821 1373 et
855 1318 1084 1388 Spiritus
1112 1322 1304 1378 sancti.
1338 1322 1576 1393 Amplior
1615 1323 1740 1376 item
1764 1340 1859 1393 po-

301 1419 460 1463 testas
489 1408 622 1465 Filii
641 1428 793 1481 quam
812 1409 1042 1482 Spiritus
1066 1416 1234 1467 sancti
1255 1431 1272 1478 ;
1296 1430 1357 1469 ac
1382 1431 1591 1469 rursum
1605 1425 1859 1485 praestan-

299 1500 406 1553 tior
434 1510 509 1553 est
535 1501 705 1554 sancti
735 1500 970 1571 Spiritus
1009 1504 1174 1560 virtus
1200 1522 1357 1576 quam
1392 1506 1620 1560 aliorum
1648 1514 1858 1561 sancto-

300 1606 417 1644 rum
447 1591 694 1663 entiam]

1958 410 2188 465 rationis
2205 407 2452 464 homines
2477 414 2754 476 peccatum
2781 403 2980 459 habere
3004 403 3285 466 dicuntur;
3317 401 3509 454 videli—

1957 513 2042 556 cet
2072 518 2137 559 ex
2175 518 2281 571 quo
2308 500 2612 556 intellectus
2640 509 2799 568 atque
2830 497 3069 554 scientiae
3109 508 3338 563 capaces
3379 493 3510 548 εσθ-

1957 596 2049 657 cti,
2106 610 2226 649 curm
2268 594 2380 665 jam
2431 593 2514 647 eis
2556 593 2679 647 boni
2709 590 2818 664 (85)
2851 590 2934 646 vel
2970 588 3094 643 mali
3126 588 3508 644 discretionem

1959 686 2097 740 ratio
2136 686 2460 741 intrinsecus
2499 686 2698 739 inserta
2727 683 3090 755 suggesserit;
3122 692 3177 736 et
3210 696 3332 736 cum
3369 680 3513 734 scire

1952 779 2063 848 jam
2094 779 2360 849 cmperint
2386 779 2512 849 quid
2539 778 2610 833 sit
2639 777 2861 839 malum,
2891 776 2938 831 si
2978 775 3084 846 63
3113 771 3319 828 faciunt
3353 771 3512 836 illud,

1959 883 2177 942 peccato
2204 871 2507 927 elliciuntur
2530 869 2745 925 obnoxii
2785 887 2800 922 :
2833 875 2888 922 et
2928 867 3032 921 hoc
3067 872 3152 921 est
3175 864 3316 934 quod
3353 861 3510 928 dicit,

1960 965 2084 1033 quia
2118 962 2516 1018 excusationem
2543 977 2647 1016 non
2681 961 2884 1016 habent
2901 958 3148 1014 homines
3171 971 3267 1026 pro
3290 962 3514 1024 peccato

1961 1070 2080 1118 suo,
2112 1068 2177 1109 ex
2223 1069 2330 1118 quo
2362 1053 2441 1109 eis
2479 1053 2694 1108 divinus
2738 1044 2914 1107 sermo
2943 1050 3025 1104 vel
3059 1050 3195 1103 ratio
3228 1046 3514 1103 ostendere

1960 1143 2185 1213 coeperit
2214 1142 2267 1196 iu
2300 1144 2462 1198 corde
2495 1141 2871 1197 discretionem
2901 1139 3023 1194 boni
3058 1149 3111 1192 et
3141 1137 3290 1202 mali,
3316 1144 3374 1190 ut
3415 1152 3514 1206 per

1960 1228 2101 1283 banc
2128 1227 2238 1301 (84)
2270 1229 2502 1284 debeant.
2546 1228 2792 1299 refugere
2819 1236 2870 1283 et
2900 1243 3090 1282 cavere
3119 1224 3263 1296 quod
3311 1225 3513 1281 malum

1962 1329 2076 1385 est;
2123 1321 2246 1389 quia
2282 1338 2301 1372 ί
2329 1320 2521 1376 scienti
2568 1320 2763 1375 bonum
2801 1328 2854 1375 et
2886 1334 2991 1373 non
3036 1316 3280 1383 facienti,
3321 1330 3518 1387 pecca-

1962 1419 2072 1465 tum
2111 1420 2196 1468 cst
2230 1411 2392 1467 illi".
2418 1432 2438 1466 ι
2470 1412 2599 1468 ltem
2618 1411 2761 1481 quod
2781 1424 2969 1466 omnes
2997 1410 3248 1465 homines
3272 1424 3377 1463 non
3393 1416 3519 1463 sunt

1960 1511 2111 1558 extra
2164 1504 2600 1558 communionem
2655 1502 2772 1570 Dei,
2820 1502 2924 1558 hoc
2964 1503 3123 1558 modo
3170 1500 3516 1572 Evangelium

1961 1593 2138 1661 docet,
2161 1594 2372 1649 dicente
2425 1594 2708 1649 Salvatore
2734 1613 2748 1648 :
2779 1613 2798 1646 ί
2825 1593 3072 1664 Regnum
3117 1593 3211 1648 Dei
3265 1608 3385 1648 cum
3419 1596 3523 1647 ob-

375 1682 431 1736 6.
469 1682 602 1755 Quia
631 1694 810 1739 autem
839 1686 1082 1754 operatio
1104 1686 1283 1743 Patris
1312 1696 1367 1745 et
1404 1689 1523 1745 Filii
1562 1699 1619 1746 ει
1651 1692 1702 1745 in
1731 1705 1860 1747 san-
1891 1679 1934 1735 Β
1961 1685 2266 1741 servatione
2309 1700 2412 1742 non
2470 1687 2651 1751 venit;
2691 1700 2864 1755 neque
2897 1686 3098 1752 dicent,
3127 1700 3254 1740 ecce
3282 1684 3391 1750 hic,
3424 1691 3520 1739 aut

303 1772 407 1827 ctis
438 1779 493 1826 ct
523 1774 574 1826 in
603 1775 977 1842 peccatoribus
1006 1776 1097 1842 sit,
1123 1776 1501 1834 manifestatur
1529 1795 1598 1836 ex
1629 1795 1693 1836 eo
1716 1781 1859 1851 quod

305 1877 498 1918 omnes
518 1864 608 1933 qui
638 1865 993 1922 rationabiles
1022 1879 1174 1936 sunt,
1206 1868 1396 1939 Verbi,
1421 1871 1476 1926 id
1517 1881 1602 1927 est
1634 1873 1860 1929 rationis

302 1953 595 2024 participes
622 1955 898 2028 sunt-(80),
921 1968 978 2013 et
999 1974 1096 2029 per
1109 1961 1211 2015 hoc
1229 1961 1370 2016 velut
1386 1963 1632 2033 quaedam
1651 1965 1859 2020 semina

305 2045 467 2100 insita
517 2045 624 2102 sibi
660 2057 851 2118 gerunt
899 2051 1175 2116 sapientiae
1224 2063 1280 2108 et
1318 2051 1564 2123 iustitiae,
1593 2056 1734 2124 quod
1777 2064 1862 2111 est

246 2142 252 2148 ‘
302 2139 573 2197 Christus.
612 2140 694 2196 Ex
732 2157 798 2199 eo
837 2153 1018 2200 autem
1056 2147 1146 2216 qui
1185 2161 1311 2202 vere
1338 2157 1442 2213 est,
1473 2150 1565 2219 qui
1596 2150 1731 2205 dixit
1765 2164 1862 2220 per

300 2229 540 2301 Moysem
565 2248 580 2284 :
610 2249 632 2284 ε
663 2231 777 2305 Ego
810 2249 929 2290 sum
966 2237 1057 2306 qui
1088 2252 1207 2292 sum
1236 2238 1303 2303 ⁷⁸,
1341 2258 1361 2292 ι
1387 2239 1567 2295 omnia
1608 2256 1865 2310 quaecun-

304 2338 411 2392 que
449 2331 577 2378 sunt
614 2326 947 2397 participant
976 2344 993 2382 :
1025 2343 1147 2399 quae
1176 2330 1525 2400 participatio
1559 2332 1654 2387 Dei
1686 2332 1864 2388 Patris

302 2412 552 2473 pervenit
588 2414 642 2468 in
673 2429 867 2493 omnes
895 2424 1004 2471 tam
1034 2415 1212 2484 justos
1238 2433 1400 2488 quam
1439 2428 1777 2488 peccatores,
1809 2431 1865 2475 et

306 2504 667 2561 rationabiles
709 2514 872 2575 atque
902 2506 1322 2576 irrationabiles,
1371 2517 1427 2563 et
1461 2510 1515 2563 in
1543 2512 1723 2566 omnia
1750 2527 1866 2567 om-

315 2595 450 2650 nino
499 2610 620 2665 qua:
670 2604 819 2653 sunt.
850 2598 1096 2652 Oswndit
1129 2613 1261 2653 sane
1292 2610 1347 2655 et
1380 2600 1671 2670 Apostolus
1718 2604 1864 2673 quod

309 2700 500 2740 omnes
533 2685 772 2742 habeant
801 2689 1146 2759 participium
1186 2689 1426 2757 Christi,
1467 2693 1692 2749 dicens:
1732 2712 1751 2747 ι
1788 2693 1865 2751 Ne

306 2779 511 2833 dixeris
540 2779 595 2832 in
620 2778 785 2835 corde
809 2787 901 2835 tuo
934 2798 948 2835 :
976 2780 1109 2848 Quis
1138 2785 1396 2840 ascendet
1422 2786 1473 2841 in
1499 2787 1693 2843 cmlum
1728 2786 1813 2861 (81
1822 2790 1866 2861 ,ν

306 2869 362 2926 id
397 2878 481 2926 est
508 2870 785 2925 Christum
838 2872 1140 2939 deducere;
1177 2885 1270 2930 aut
1315 2877 1438 2946 quis
1483 2880 1775 2936 descendet
1813 2883 1865 2937 in

310 2963 566 3031 abyssum
590 2960 613 3014 Τ
651 2961 703 3014 id
734 2972 818 3016 est
854 2961 1127 3017 Christum
1150 2982 1180 3019 a
1207 2968 1437 3022 mortuis
1461 2985 1736 3027 revocare.
1762 2974 1868 3029 Sed

311 3052 440 3120 quid
473 3052 604 3108 dicit
637 3051 954 3132 Scriptura?
983 3053 1156 3122 Prope
1187 3065 1271 3110 est
1299 3058 1522 3113 verbum
1550 3061 1601 3115 in
1635 3078 1729 3117 ore
1756 3074 1869 3132 tuo,
1895 3038 1938 3096 δ

312 3151 369 3198 et
394 3143 448 3197 in
480 3143 640 3199 corde
668 3142 843 3200 tuo".
869 3128 894 3193 ί
916 3143 996 3198 Ex
1029 3158 1135 3212 quo
1170 3144 1225 3199 in
1251 3147 1414 3201 corde
1438 3150 1676 3204 omnium
1704 3128 1871 3223 signi;

317 3235 450 3290 ficat
481 3248 604 3290 esse
633 3232 906 3289 Christum
940 3235 1233 3291 secundum
1262 3237 1314 3291 id
1349 3240 1492 3308 quod
1520 3239 1754 3298 Verbum
1786 3249 1871 3303 vel

318 3324 461 3380 ratio
479 3334 582 3389 est,
606 3325 759 3394 cujus
778 3327 1192 3397 participatione
1217 3327 1571 3386 rationabiles
1600 3342 1743 3388 sunt.
1765 3335 1871 3392 Sed

314 3425 372 3470 et
421 3416 551 3473 illud
592 3418 734 3487 quod
766 3419 821 3472 in
857 3417 1151 3487 Evangelio
1180 3419 1380 3473 dictum
1418 3430 1500 3476 est
1532 3439 1546 3476 :
1581 3442 1599 3475 σ
1623 3423 1739 3480 Nisi
1782 3442 1874 3483 ve-

317 3508 518 3563 nissem
553 3519 607 3564 et
632 3509 846 3565 locutus
875 3508 1097 3565 fuissem
1124 3510 1224 3576 eis,
1257 3522 1538 3581 peccatum
1570 3531 1679 3571 non
1712 3519 1877 3575 habe-

316 3609 461 3667 rent,
507 3616 652 3657 nunc
705 3611 883 3656 autem
927 3601 1332 3657 excusationem
1382 3619 1488 3660 non
1529 3605 1730 3664 habent
1776 3627 1875 3682 pro

317 3702 541 3765 peccato
570 3708 667 3748 suo
682 3694 727 3727 ⁷³
757 3693 903 3767 (82);
932 3713 951 3748 ι
986 3694 1076 3749 his
1112 3694 1205 3766 qui
1245 3697 1510 3753 rationem
1536 3710 1756 3767 norunt,
1787 3719 1878 3758 us-

319 3798 425 3852 que
471 3785 537 3839 ad
582 3786 725 3855 quod
758 3794 964 3855 tempus
1002 3796 1279 3853 peccatum
1323 3788 1483 3843 homo
1517 3806 1622 3845 non
1656 3792 1875 3862 habeat,

322 3885 379 3933 et
400 3891 467 3933 ex
501 3890 606 3947 qua
650 3886 811 3935 actate
853 3880 1122 3935 obnoxius
1154 3889 1374 3948 peccato
1414 3880 1504 3947 sit,
1534 3884 1875 3943 manifestum

1964 1775 2071 1843 ibi;
2103 1777 2197 1832 sed
2225 1791 2452 1845 regnum
2496 1776 2591 1833 Dci
2622 1777 2762 1831 intra
2797 1792 2891 1832 vos
2927 1776 3094 1831 est“.
3120 1794 3140 1828 ι
3174 1773 3279 1830 Sed
3304 1781 3359 1830 et
3388 1773 3519 1827 illud

1962 1867 2252 1923 videndum
2279 1878 2361 1923 est
2389 1883 2457 1923 ne
2484 1867 2619 1922 forte
2661 1869 2801 1923 idem
2830 1868 3094 1938 signiﬁcet
3136 1866 3281 1937 quod
3323 1865 3377 1921 in
3417 1866 3523 1920 Ge-

1963 1959 2080 2015 nesi
2115 1960 2375 2030 scriptum
2421 1969 2526 2025 est,
2556 1974 2679 2015 cum
2712 1959 2786 2012 ait
2821 1977 2835 2015 :
2875 1976 2893 2008 ε
2926 1957 2992 2011 Et
3036 1956 3328 2013 insulllavit
3353 1957 3406 2010 in
3440 1955 3525 2012 l'a-

1965 2052 2102 2106 ciem
2137 2051 2253 2120 ejus
2274 2051 2686 2121 iuspiratiouem
2712 2052 2859 2113 vita},
2885 2059 2938 2104 et
2962 2051 3136 2105 factus
3163 2058 3246 2104 est
3281 2049 3442 2104 homo
3466 2049 3521 2103 in

1965 2142 2196 2195 animam
2236 2143 2417 2196 vivam
2434 2142 2501 2196 3‘.
2531 2160 2550 2193 ι
2595 2140 2746 2208 Quod
2797 2141 2842 2195 si
2893 2139 3217 2210 generaliter
3250 2141 3304 2193 in
3335 2153 3522 2193 omnes

1965 2234 2210 2291 homines
2235 2235 2417 2289 datum
2441 2249 2559 2290 esse
2590 2233 3129 2304 intelligitur,omnes
3149 2231 3401 2287 homines
3421 2231 3523 2286 ha-

1967 2326 2093 2381 bent
2122 2326 2464 2396 participium
2495 2326 2583 2380 Dei
2617 2326 2753 2396 (85).

2038 2420 2090 2475 7.
2123 2417 2180 2473 Si
2214 2432 2341 2474 vero
2375 2419 2477 2473 hoc
2501 2418 2569 2474 de
2607 2417 2810 2487 Spiritu
2845 2416 2938 2472 Dei
2980 2416 3181 2471 dictum
3218 2414 3526 2482 intelligen-

1968 2510 2092 2564 dum
2147 2520 2250 2577 est,
2308 2511 2562 2580 quoniam
2607 2520 2661 2565 et
2712 2511 2879 2564 Adam
2926 2512 3278 2581 prophetasse
3307 2506 3419 2579 (86)
3456 2508 3525 2564 de

1968 2602 2235 2658 nonnullis
2267 2603 2555 2669 invenitur,
2600 2618 2728 2676 ergo
2747 2603 2858 2673 jam
2905 2619 3008 2657 non
3040 2600 3383 2673 generaliter,
3428 2600 3524 2655 sed

1967 2695 2169 2749 sanctis
2220 2694 2528 2765 quibusque
2583 2697 2765 2751 datum
2816 2695 2986 2764 accipi
3040 2702 3236 2763 potest.
3287 2692 3527 2760 Denique

1968 2787 2128 2841 etiam
2158 2786 2345 2842 diluvii
2377 2796 2618 2859 tempore
2647 2805 2768 2843 cum
2816 2787 2992 2841 omnis
3037 2802 3165 2842 caro
3195 2786 3526 2855 corrupisset

1969 2878 2111 2932 viam
2143 2877 2260 2942 Dei,
2297 2887 2550 2948 tanquam
2578 2881 2646 2935 de
2678 2879 2910 2950 indignis
2937 2878 3047 2951 (87)
3071 2886 3127 2933 et
3151 2876 3528 2949 peccatoribus

1971 2971 2232 3038 scriptum
2265 2980 2349 3024 est
2381 2970 2581 3026 dixisse
2612 2970 2775 3025 Deum
2805 2987 2821 3025 :
2858 2969 3002 3025 «Non
3030 2969 3365 3040 permanebit
3395 2965 3523 3038 Spi-

1973 3059 2108 3114 ritus
2134 3076 2283 3116 meus
2312 3063 2363 3116 iu
2393 3062 2702 3118 hominibus
2737 3065 2854 3118 istis
2898 3063 2950 3117 in
2980 3074 3265 3125 mternum,
3309 3069 3529 3132 propter

1972 3152 2112 3222 quod
2146 3166 2276 3206 caro
2332 3156 2541 3209 sunt“.
2570 3176 2588 3209 ›
2642 3155 2699 3210 1η
2740 3171 2847 3225 quo
2892 3154 3175 3209 manifeste
3222 3154 3529 3209 ostenditur

1971 3245 2111 3312 quod
2148 3245 2215 3300 ab
2262 3246 2499 3315 indignis
2526 3250 2830 3318 quibusque
2863 3248 3106 3302 aufertur
3143 3245 3378 3316 Spiritus
3410 3244 3525 3299 Dei.

1973 3336 2031 3391 lu
2059 3336 2283 3394 Psalmis
2307 3339 2416 3411 (88)
2437 3356 2647 3411 quoque
2667 3341 2922 3396 scribitur
2955 3358 2969 3395 :
2998 3358 3018 3391 ί
3040 3339 3266 3394 Auferes
3282 3338 3526 3408 spiritum

1976 3442 2180 3496 eorum,
2211 3439 2267 3484 et
2299 3430 2572 3498 deficient,
2597 3441 2651 3487 et
2680 3432 2733 3485 in
2761 3440 2959 3485 terram
2986 3445 3138 3486 suam
3170 3439 3528 3486 revertentur.

1970 3522 2198 3578 Emittes
2221 3522 2481 3592 Spiritum
2507 3534 2677 3589 tuum,
2708 3534 2761 3579 et
2785 3526 3133 3589 creabuutnr,
3163 3532 3217 3579 et
3242 3522 3531 3578 renovabis

1974 3613 2165 3670 faciem
2189 3616 2431 3683 terrae”;
2470 3634 2489 3669 ›
2530 3618 2671 3688 quod
2708 3617 2988 3674 manifeste
3008 3621 3074 3674 de
3102 3618 3306 3689 Spiritu
3341 3625 3531 3671 sancto

1975 3706 2308 3777 designatur,
2339 3708 2434 3779 qui
2463 3710 2663 3765 ablatis
2711 3721 2876 3780 atque
2914 3710 3197 3766 exstinctis
3234 3708 3532 3781 peccatori-

1973 3796 2073 3852 bus
2108 3808 2162 3853 et
2191 3799 2442 3870 indignis,
2475 3802 2592 3871 ipse
2618 3803 2719 3858 sibi
2752 3819 2953 3858 novum
2984 3804 3240 3874 populum
3271 3813 3447 3870 creet,
3476 3813 3534 3859 et

1975 3898 2198 3944 renovet
2234 3889 2426 3946 faciem
2480 3901 2656 3963 terrae,
2705 3910 2830 3949 cum
2879 3910 2977 3965 per
3027 3896 3257 3967 gratiam
3297 3888 3535 3965 Spiritus

390 4043 441 4128 εἰ
470 4039 640 4128 lix-od:
661 4055 741 4128 tn,
762 4040 854 4128 l4.
880 4041 1158 4128 _"’“R'am.
1180 4060 1233 4107 χ,
1269 4043 1323 4109 6,
1345 4046 1399 4114 7,
1501 4048 1596 4128 ﬂ"
1616 4046 1771 4106 Joan.
1793 4068 1868 4108 1v.

1978 4093 1991 4108 .
2065 4055 2314 4115 "Iacob.
2369 4072 2444 4125 tv,
2467 4057 2554 4114 l7.
2628 4059 2675 4091 '°
2710 4058 2839 4116 Luc.
2866 4061 3110 4128 “11,20,
3155 4062 3220 4118 21
3321 4061 3534 4120 "Gen.

319 4113 459 4182 11,7.
532 4112 576 4145 "
601 4110 734 4167 Gen.
760 4126 835 4181 vr,
878 4112 931 4166 '5.
964 4111 1009 4144 ⁸³
1040 4112 1238 4172 Psalm.
1259 4110 1477 4181 011,29,
1499 4117 1587 4172 50.

393 4273 633 4359 (δοχεῖς
669 4275 1051 4359 omne‘sfudd.
1083 4293 1215 4333 mss.
1256 4279 1443 4359 Alias,
1501 4297 1520 4331 ι
1577 4281 1698 4349 quia
1756 4300 1868 4359 qua;

1975 4287 2079 4342 355
2104 4300 2119 4339 :
2147 4286 2315 4359 [lupi
2346 4287 2623 4359 Ἑϐραίοις(
2638 4287 2694 4341 δὲ
2725 4289 2774 4340 οἱ
2817 4288 3107 4359 προφῆται
3128 4286 3352 4359 δυνάμει
3394 4286 3535 4359 Θεᾳῦ

320 4345 763 4422 Operatio_Patris
788 4354 842 4399 et
871 4345 986 4400 Filii
1124 4348 1519 4422 manifestatur
1537 4345 1607 4405 ex'
1634 4367 1700 4407 eo
1731 4345 1872 4422 quod

322 4416 674 4486 rationabiles
705 4431 893 4469 omnes
931 4418 1020 4485 qui
1058 4426 1211 4482 sunt,
1237 4417 1398 4475 Verbi
1431 4421 1552 4486 Dei,
1588 4422 1640 4476 id
1669 4416 1761 4478 est
1782 4440 1873 4478 ra—

322 4485 488 4540 tionis
508 4485 795 4554 participes
829 4495 970 4539 sunt.
1013 4504 1031 4538 ι

395 4556 507 4625 (81)
543 4555 638 4633 Sic
665 4571 794 4610 mss.
823 4557 993 4620 Alias,
1030 4574 1050 4607 ‹
1091 4558 1212 4627 quis
1251 4561 1606 4617 ascendit....
1639 4570 1730 4616 aut
1753 4564 1875 4633 quis

324 4625 626 4683 descendit.
656 4643 676 4677 ι

422 4693 512 4761 82)
549 4693 628 4765 Ita
657 4709 788 4751 mss.
815 4692 985 4757 Alias,
1020 4713 1039 4745 ι
1077 4694 1142 4748 de
1174 4709 1397 4765 peccato
1420 4715 1538 4753 suo.
1581 4720 1599 4751 ι

325 4834 340 4847 ,
397 4762 513 4846 (8Q
550 4762 642 4818 Sic
668 4778 856 4819 omnes
890 4779 1021 4819 mss.
1056 4762 1235 4831 Alias,
1277 4786 1296 4818 ι
1335 4770 1628 4838 capacibus
1671 4770 1880 4829 elfectis

348 4848 434 4889 am
465 4849 566 4888 818.
597 4850 617 4884 ι

320 4849 642 4977 μῐῗ8ῗὶ88ἶο
672 4917 801 4959 mss.
835 4903 1003 4969 Alias,
1032 4904 1160 4972 «qui
1194 4906 1593 4977 excusationem
1628 4924 1734 4964 nou
1782 4913 1881 4965 ba-

326 4973 460 5053 bent
492 4973 571 5053 de
588 4983 807 5053 peccato
838 4989 958 5053 suo2
982 4989 1180 5053 ex.quo
1211 4975 1380 5053 eis_....
1405 4978 1689 5053 ostendere
1717 4985 1883 5053 coepit

328 5046 502 5116 corde
522 5043 901 5116 discretionem
944 5043 1070 5099 boni
1100 5054 1153 5116 et
1184 5047 1331 5116 mali,
1365 5048 1726 5116 et'perghanc.
1752 5070 1772 5104 ι

326 5141 333 5159 ,
398 5112 514 5190 (85)
541 5112 634 5190 Sic
660 5128 790 5190 mss.
816 5114 986 5177 Alias,
1005 5132 1037 5190 Δι
1056 5124 1110 5169 et
1135 5114 1421 5190 insulllavit
1446 5112 1500 5169 in
1540 5113 1735 5190 faciem
1760 5120 1880 5190 ejus

329 5182 952 5257 spi'raculumAvitaa,Aet
999 5182 1173 5257 factus
1217 5197 1298 5240 est
1336 5186 1497 5257 homo
1538 5186 1588 5239 in
1643 5182 1877 5245 animam

329 5251 809 5379 viveptgtn.tQuod
840 5255 884 5310 si
920 5254 1244 5324 generaliter
1272 5268 1356 5311 est
1404 5256 1455 5312 in
1495 5272 1683 5313 omnes
1714 5260 1887 5315 homi-

329 5344 425 5379 nes
468 5342 515 5379 la
558 5339 622 5379 en
655 5363 669 5377 .
692 5342 711 5375 ι

328 5344 425 5384 nes
451 5328 669 5379 habent.
692 5342 711 5375 ι

399 5397 511 5469 (86)
553 5392 817 5469 Quoniam
838 5402 884 5448 et
902 5392 1071 5469 Adam
1092 5393 1445 5469 prophetasse.
1477 5397 1567 5452 Sic
1589 5413 1716 5454 mss.
1736 5399 1884 5455 Alias

329 5464 500 5533 vero,
527 5484 546 5516 ‹
570 5468 837 5533 quomodo
878 5475 931 5519 et
965 5464 1134 5517 Adam
1166 5465 1533 5534 pmphetasse.
1561 5487 1580 5519 ι
1615 5469 1880 5525 Adamum

332 5532 901 5607 proptretaIsseMtradit
951 5534 1103 5607 idem
1161 5532 1687 5607 Origenesrhomilia
1731 5539 1767 5594 2
1823 5541 1878 5595 iu

329 5604 628 5675 (λιιιήιίςψη.
658 5605 905 5672 Clemens
935 5604 1334 5662 Alexandrinus
1366 5623 1383 5661 ι
1430 5606 1706 5678 Stromat.,
1750 5625 1873 5692 pag.

1978 4359 2070 4410 καὶ
2101 4357 2373 4430 ὲπεπνᾳίᾳζ
2422 4357 2536 4430 capo
2573 4358 2684 4430 μὲνΔ
2707 4357 2995 4430 τοῦ-νόμω
3018 4358 3199 4430 ἓἈδάμ
3228 4357 3319 4430 ἐπί
3348 4376 3405 4430 τε
3435 4358 3537 4429 τῆς

1977 4427 2257 4499 γυναικὸςἱ
2283 4426 2373 4499 est
2394 4444 2454 4480 τε
2468 4426 2584 4497 ’τῆς
2621 4426 2774 4490 ζώων
2807 4426 3095 4499 ὀνομασίας
3143 4426 3531 4499 τὲροθεσπίσαξ.

1982 4516 2001 4547 ‹
2029 4499 2184 4566 Apud
2216 4497 2468 4551 Hebratos
2506 4512 2684 4550 autem
2719 4499 2807 4552 Dei
2849 4497 3050 4552 virtute
3093 4506 3147 4551 et
3177 4497 3534 4566 inspiratione

1977 4567 2251 4635 propheta:
2278 4566 2566 4638 exstitere,
2590 4576 2713 4620 ante
2732 4567 2913 4638 legem
2949 4570 3165 4638 quidem
3199 4568 3438 4638 Adamus
3465 4572 3533 4624 de

1978 4638 2228 4701 muliere,
2278 4645 2333 4690 et
2380 4636 2434 4689 in
2482 4636 2837 4690 animantium
2869 4636 3310 4692 denominatione
3352 4637 3531 4692 futura

1977 4706 2309 4775 significans.
2338 4706 2654 4778 {Adamum
2693 4721 2905 4776 quoque
2952 4709 3091 4762 haud
3142 4708 3372 4778 obscure
3405 4723 3534 4778 pro-

1976 4774 2190 4844 plietam
2238 4774 2472 4847 appellat
2503 4774 2748 4832 Justinus
2795 4774 3003 4847 martyr
3033 4777 3305 4844 Apologia,
3352 4774 3527 4847 p.75.

1973 4847 2104 4917 item
2160 4845 2636 4917 pseudo-Clemens
2701 4847 2795 4901 lib.
2837 4862 2854 4900 ι
2905 4845 3203 4917 Iiecognit.,
3238 4845 3386 4902 nuru.
3434 4848 3528 4911 47,

1975 4913 2198 4969 Petrum
2228 4916 2435 4968 inducit
2460 4913 2816 4985 affirmantem
2847 4934 2866 4966 ι
2888 4919 3028 4985 quod
3047 4913 3257 4970 certum
3286 4918 3355 4971 sit
3385 4919 3533 4972 Ada-

1975 4986 2484 5057 mum_prophetam
2548 4984 2732 5041 fuisse.
2763 5006 2782 5039 ›
2841 4984 2935 5057 llis
2981 4986 3118 5042 adde
3166 4987 3529 5057 Epiphaniqu

1974 5061 2104 5129 tom,
2136 5053 2181 5120 l,
2199 5053 2323 5129 pag.
2354 5054 2408 5117 6,
2440 5057 2720 5129 προφήτης
2745 5053 2974 5129 γὰρῆν,
2992 5067 3045 5110 et
3073 5053 3290 5111 Suidam
3320 5059 3374 5111 in
3401 5073 3536 5129 voce

1987 5123 2177 5195 Ἀδάμ,
2208 5123 2300 5197 ubi
2329 5123 2524 5197 praeter
2550 5123 2792 5197 omnium
2822 5123 3228 5197 disciplinarum
3263 5127 3534 5181 inventio-

1976 5208 2098 5247 nem
2134 5195 2447 5263 prOpbetias
2474 5197 2638 5249 etiam
2672 5196 2744 5249 illi
2773 5195 2980 5252 tribuit.

2050 5262 2164 5337 (87)
2191 5264 2280 5318 διο
2311 5279 2498 5337 omnes
2534 5280 2665 5337 mss.
2697 5267 2868 5336 Alias,
2904 5284 2924 5318 ι
2944 5268 3085 5323 viam
3119 5281 3295 5335 suam,
3324 5267 3391 5322 de
3424 5264 3535 5321 illis

1979 5335 2231 5406 tanquam
2261 5338 2327 5389 de
2361 5335 2610 5406 indignis.
2638 5355 2657 5389 ι

2049 5404 2158 5476 (88)
2198 5405 2291 5460 Sic
2321 5420 2450 5460 mss.
2480 5403 2685 5460 omnes.
2717 5405 2884 5473 Alias,
2926 5425 2945 5460 ι
2971 5407 3022 5462 in
3053 5406 3282 5477 psalmo.
3307 5425 3327 5459 ι
3366 5403 3533 5461 Paulo

1972 5485 2094 5546 post
2124 5492 2274 5544 mss.,
2295 5494 2314 5527 ι
2336 5483 2391 5530 et
2424 5477 2474 5529 in
2507 5488 2707 5531 terram
2733 5493 2883 5531 suam
2921 5487 3281 5533 revertentur.
3306 5496 3327 5530 ι
3359 5477 3534 5546 Alius,

1979 5567 1998 5599 ι
2024 5549 2075 5604 in
2103 5548 2374 5617 pulverem
2401 5562 2552 5603 suum
2590 5558 2952 5605 revertentur.
2983 5568 3027 5601 ι

3938 1350 3952 1367 .1

3936 1444 3952 1479 ἒ

3934 1629 3952 1665 ,1

3938 1724 3952 1758 Il

3933 1816 3952 1843 ﬂ

3938 1911 3952 1945 ἒ.

3934 2004 3952 2039 ἐ

3934 2098 3952 2132 il

3932 2188 3952 2224 ti

3930 2276 3952 2318 Α

3934 2374 3952 2409 it

3934 2476 3949 2505 ἁ
