3952 6144
197 201 286 263 εδδ
1539 196 1740 252 LIBER

1847 194 2050 253 ilMUS.

3287 188 3386 238 ιω

196 320 507 389 deponentes
532 322 759 369 veterem
789 312 1059 367 hominem
1103 326 1222 366 cum
1256 311 1464 366 actibus
1500 312 1632 378 suis,
1668 312 1718 363 in
1750 317 1795 372 Α
1826 310 1952 364 mini
1982 308 2107 365 Jesu
2140 306 2339 361 Christi
2373 304 2697 375 praecipuum
2724 298 2992 369 quoddam
3020 293 3381 349 ministerium

196 408 411 463 novitate
452 406 577 459 vitae
627 404 893 473 cmperint
942 402 1241 457 ambulare.
1291 403 1357 457 Et
1411 403 1531 457 ideo
1562 405 1626 457 de
1665 417 1729 456 eo

195 506 541 569 competenter
578 496 797 561 dicitur,
831 494 957 563 quia
993 509 1099 548 non
1152 493 1204 547 in
1253 493 1523 560 onmibns,
1557 508 1732 562 neque

194 591 237 646 in
265 591 341 644 his
380 590 471 656 qui
508 602 635 641 caro
661 595 806 651 sunt,
841 586 935 639 sed
984 585 1036 638 in
1068 585 1150 639 his
1180 599 1408 653 quorum
1454 593 1595 638 terra
1642 599 1727 637 re-

194 687 362 733 novata
408 678 593 742 fuerit,
627 678 860 747 Spiritus
897 685 1122 731 sanctus
1158 676 1442 730 habitabit.
1494 675 1733 743 Denique

193 773 375 827 idcirco
430 788 533 841 per
586 772 982 839 impositionem
1048 786 1303 823 manuum
1365 770 1745 838 apostolorum-

191 873 292 935 pnst
322 865 656 933 baptismum
689 864 863 932 gratia
898 872 954 917 et
984 862 1245 916 revelatio
1288 863 1459 915 sancti
1500 863 1733 929 Spiritus

191 956 513 1011 tradebatur.
549 954 652 1009 Sed
679 963 732 1010 et
755 955 1008 1009 Salvator
1031 965 1213 1009 noster
1241 965 1359 1022 post
1384 953 1734 1008 resurrectio-

188 1064 315 1110 nem,
340 1062 468 1103 cum
506 1057 686 1101 vetera
713 1047 822 1117 jam
857 1047 1206 1110 transissent,
1235 1056 1288 1100 et
1322 1044 1464 1098 facta
1508 1045 1735 1099 fuissent

185 1140 347 1193 eninia
383 1154 549 1204 nova,
582 1153 752 1193 novus
795 1138 909 1207 ipse
952 1138 1111 1194 homo
1149 1148 1202 1192 et
1248 1138 1634 1208 primogenitus
1665 1152 1733 1191 ex

188 1231 396 1285 mortuis
431 1230 713 1285 renovatis
732 1229 844 1298 (89)
869 1243 1083 1298 quoque
1110 1242 1204 1298 per
1228 1228 1386 1282 ﬁdem
1413 1242 1520 1280 sum
1552 1240 1734 1281 resnr-

184 1323 430 1376 rectionis
488 1322 747 1393 apostolis
799 1322 875 1374 ait
909 1335 923 1374 :
956 1321 1243 1391 (Accipite
1294 1320 1557 1390 Spiritum
1613 1334 1737 1372 san-

182 1414 394 1469 ctum“.
423 1434 442 1467 ι
496 1415 611 1469 Hoc
655 1422 739 1468 est
772 1414 1026 1467 nimirum
1076 1415 1215 1481 quod
1247 1421 1301 1466 et
1329 1414 1443 1481 ipse
1489 1410 1738 1466 Salvator

183 1503 432 1559 Dominus
482 1506 540 1558 in
592 1504 884 1574 Evangelio
932 1502 1333 1571 designabat“,
1381 1516 1503 1556 cum
1550 1500 1734 1554 vinum

181 1613 363 1652 novum
393 1597 451 1651 in
482 1606 635 1650 utres
673 1597 814 1649 mitti
852 1608 1012 1664 posse
1042 1602 1256 1648 veteres
1284 1594 1605 1663 denegabat,
1640 1591 1736 1647 sed

1838 403 1891 454 in
1919 414 2009 453 eos
2037 400 2235 468 quibus
2270 395 2586 450 naturaliter
2617 403 2674 445 ut
2710 387 3066 444 rationabiles
3096 387 3227 450 sint,
3250 400 3384 438 con-

1837 492 1957 553 fert,
1992 506 2085 559 per
2114 490 2253 558 quod
2298 488 2365 541 ad
2413 487 2526 540 haec
2556 500 2677 553 qua:
2721 492 2844 539 sunt
2882 488 3169 551 praestatur
3213 477 3294 531 eis
3329 483 3388 528 ut

1837 585 1973 638 bene
2000 584 2127 636 sint.
2156 581 2249 635 Est
2280 589 2334 634 et
2362 578 2466 632 alia
2496 591 2709 646 quoque
2739 576 2901 631 etiam
2938 572 3171 640 Spiritus
3210 566 3386 621 sancti

1838 676 2007 743 gratia
2036 688 2153 742 qua:
2182 670 2355 739 dignis
2382 677 2692 738 praestatur,
2719 666 3021 719 ministrata
3050 661 3263 730 quidem
3292 671 3387 725 per

1838 766 2131 829 Christum,
2158 764 2432 832 inoperata
2463 770 2643 814 autem
2672 776 2699 812 a
2726 758 2884 811 Patre
2910 754 3199 810 secundum
3226 752 3389 806 meri-

1841 870 1951 912 tum
1981 868 2167 911 eerum
2194 858 2283 926 qui
2319 868 2543 924 capaces
2570 852 2688 920 ejus
2714 849 3042 904 elﬁciuntur.
3073 845 3225 913 Quod
3271 858 3389 897 ma-

1839 949 2184 1005 nifestissime
2230 948 2434 1002 indicat
2476 943 2750 1014 apostolus
2792 942 3010 1007 Paulus,
3044 952 3205 992 unam
3237 950 3388 990 eam-

1824 1044 2066 1111 .demque
2114 1044 2366 1096 virtutem
2418 1036 2703 1092 Trinitatis
2734 1046 3017 1104 exponens
3067 1032 3121 1085 in
3161 1044 3226 1082 eo
3266 1028 3389 1081 dum

1840 1134 1969 1187 dicit
1997 1152 2011 1187 :
2043 1132 2380 1189 «Divisiones
2435 1137 2561 1183 sunt
2612 1128 2879 1181 donorum
2914 1124 3049 1195 (95),
3088 1119 3199 1192 64.
3249 1119 3391 1172 idem

1841 1238 2018 1282 autem
2054 1226 2320 1295 Spiritus;
2369 1232 2423 1278 et
2453 1222 2744 1277 divisiones
2777 1227 2904 1273 sunt
2943 1214 3391 1274 ministeriorum,

1842 1321 1980 1375 idem
2030 1329 2208 1372 autem
2258 1316 2547 1379 Dominus;
2580 1320 2634 1367 et
2683 1311 2977 1365 divisiones
3023 1303 3392 1373 operationum

1843 1420 1988 1476 sunt,
2018 1412 2156 1465 idem
2182 1418 2357 1463 autem
2383 1407 2525 1460 Deus
2547 1405 2638 1475 qui
2661 1410 2917 1471 operatur
2937 1396 3114 1453 omnia
3141 1395 3192 1447 in
3217 1392 3397 1447 omni—

1841 1504 1963 1558 bus.
1993 1501 2296 1571 Unicuique
2328 1507 2505 1553 autem
2551 1499 2708 1551 datur
2746 1490 3112 1550 manifestatio
3160 1487 3396 1557 Spiritus

1843 1595 2134 1651 secundum
2166 1593 2217 1647 id
2246 1593 2388 1662 quod
2427 1590 2721 1660 expedit”.
2746 1607 2765 1640 ›
2810 1586 2888 1639 Ex
2920 1598 3025 1653 quo
3056 1578 3391 1635 manifestis-

176 1689 389 1757 jubebat
439 1697 592 1743 utres
636 1688 751 1742 ﬁeri
800 1703 969 1742 novos
994 1686 1128 1757 (90),
1183 1686 1235 1739 id
1283 1697 1367 1741 est
1401 1685 1648 1740 homines
1683 1686 1737 1739 in
1769 1672 1815 1733 Β
1843 1690 1976 1745 sime
2009 1688 2324 1758 designatur
2354 1684 2495 1755 quod
2522 1682 2667 1739 nulla
2704 1690 2787 1736 est
2810 1680 2862 1734 in
2891 1677 3161 1732 Trinitate
3190 1673 3398 1728 discre-

182 1783 409 1836 novitate
430 1782 564 1835 vitae
587 1780 885 1845 ambulare,
909 1788 968 1834 ut
986 1781 1166 1833 vinum
1199 1794 1413 1842 novum,
1435 1778 1487 1832 id
1514 1786 1594 1832 est
1618 1776 1738 1847 Spi-

182 1874 304 1928 titus
333 1874 514 1928 sancti
559 1874 743 1942 gratia:
767 1874 1103 1941 susciperent
1129 1873 1446 1926 novitatem.
1474 1871 1583 1925 Hoc
1606 1886 1737 1935 ergo

182 1974 324 2032 pacto
353 1965 606 2034 operatio
638 1966 849 2019 virtutis
882 1966 972 2018 Dei
1000 1965 1177 2018 Patris
1208 1974 1259 2017 et
1296 1964 1412 2018 Filii
1447 1964 1738 2016 indiscrete

182 2070 332 2123 super
360 2072 582 2112 omnem
616 2059 955 2126 protenditur
980 2059 1092 2129 (9|)
1118 2064 1428 2112 creaturam
1457 2075 1470 2110 :
1503 2056 1737 2126 Spiritus

181 2149 342 2202 sancti
376 2165 509 2203 vero
553 2150 1018 2222 participationem
1050 2167 1079 2204 a
1109 2152 1314 2206 sanctis
1365 2153 1737 2204 tantummodo

180 2239 359 2293 haberi
412 2241 737 2297 invenimus.
792 2242 1016 2314 Propter
1060 2248 1200 2313 quod
1256 2243 1454 2298 dicitur
1480 2260 1495 2295 :
1525 2261 1544 2293 ‹
1572 2240 1737 2295 Nemo

178 2342 346 2400 potest
379 2336 566 2389 dicere
598 2328 903 2389 Dominum'
929 2336 1113 2391 Jesum
1148 2336 1252 2391 nisi
1291 2336 1341 2390 in
1382 2336 1581 2403 Spiritu
1608 2351 1735 2389 san-

176 2426 369 2479 ιωδδ.»
406 2426 476 2479 Et
505 2428 594 2480 vix
626 2428 913 2495 aliquando
938 2428 1040 2496 ipsi
1067 2429 1292 2495 apostoli
1320 2427 1430 2498 (92)
1468 2428 1611 2498 digni
1643 2428 1738 2481 ha-

175 2518 371 2574 bentur
405 2522 596 2575 audire
622 2539 635 2573 :
669 2539 688 2571 ‹
710 2522 1008 2588 Accipietis
1032 2524 1287 2576 virtutem
1313 2523 1740 2590 supervenientis
1766 2516 1769 2517 ⁷

173 2611 418 2678 Spiritus
460 2611 628 2664 sancti
667 2611 719 2663 in
772 2610 989 2662 v0537.»
1024 2610 1250 2680 Propter
1282 2613 1420 2679 quod
1464 2623 1519 2665 et
1550 2627 1742 2665 conse-

172 2717 352 2769 quens
391 2710 544 2767 puto,
573 2702 693 2769 quia
731 2692 822 2769 qui
869 2704 1175 2770 peccaverit
1218 2703 1433 2771 quidem
1464 2704 1517 2756 in
1550 2702 1742 2755 Filium

173 2796 424 2849 hominis
460 2797 610 2849 venia
636 2796 827 2866 dignus
854 2805 968 2859 est;
1003 2812 1100 2864 pro
1128 2811 1192 2850 eo
1222 2797 1366 2864 quod
1396 2797 1439 2850 is
1465 2797 1552 2864 qui
1582 2794 1742 2850 Verbi

174 2890 263 2943 Dei
298 2888 385 2942 vel
421 2889 643 2942 rationis
667 2898 748 2942 est
775 2889 1068 2957 particeps,
1095 2888 1139 2941 si
1171 2889 1381 2941 desinat
1407 2888 1743 2942 rationabili-

180 2990 258 3036 ter
286 2983 503 3047 vivere,
546 2982 757 3035 videtur
812 2983 863 3034 in
916 2982 1270 3049 ignorantiam
1324 2981 1405 3033 vel
1455 2980 1739 3034 stultitiam

184 3074 475 3137 decidisse,
521 3083 574 3129 et
621 3087 836 3142 propter
882 3073 982 3127 hoc
1035 3076 1245 3128 veniam
1294 3076 1616 3141 preiiiercri;
1650 3072 1737 3141 qui

186 3179 355 3221 autem
391 3169 584 3238 dignus
611 3170 722 3238 jam
754 3168 971 3222 habitus
998 3178 1082 3221 est
1111 3167 1283 3220 sancti
1315 3165 1547 3235 Spiritus
1574 3167 1742 3234 parti-

190 3260 473 3331 cipatione,
516 3271 569 3314 et
606 3271 751 3315 retro
794 3261 954 3314 fuerit
990 3275 1304 3322 conversus,
1351 3261 1435 3315 hic
1486 3262 1659 3328 reipsa
1689 3270 1744 3316 et

191 3367 343 3420 opere
378 3354 787 3423 blasphemasse
832 3353 1030 3406 dicitur
1071 3353 1121 3405 in
1162 3351 1420 3419 Spiritttm
1471 3362 1738 3405 sanctum.

191 3438 261 3495 Ne
287 3446 409 3513 quis
432 3462 565 3499 sane
591 3447 867 3501 existimet
894 3460 990 3498 nos
1016 3460 1078 3498 ex
1111 3460 1175 3497 eo
1195 3446 1334 3513 quod
1361 3444 1596 3497 diximus
1619 3444 1742 3510 Spi-

197 3534 343 3588 ritum
388 3546 638 3591 sanctum
688 3536 815 3591 solis
863 3537 1068 3590 sanctis
1098 3535 1363 3604 praestari,
1405 3534 1585 3587 Patris
1616 3550 1745 3588 vero

196 3633 245 3677 ct
284 3626 405 3681 Filii
457 3629 718 3683 beneﬁcia
770 3627 854 3682 vel
903 3628 1301 3696 inoperationes
1350 3627 1631 3696 pervenire
1679 3628 1745 3680 ad

197 3715 353 3770 bonos
398 3730 456 3774 et
504 3720 690 3787 malos,
723 3720 896 3789 justos
944 3730 999 3774 et
1040 3720 1290 3786 iujnstos,
1326 3719 1625 3785 praetulisse
1652 3735 1746 3787 per

200 3804 289 3862 hoc
316 3810 468 3865 Patri
498 3822 551 3864 et
582 3811 722 3865 Filio
757 3812 1015 3881 Spiritum
1063 3821 1333 3871 sanetum,
1373 3811 1457 3864 vel
1490 3810 1744 3879 majorem

196 3900 304 3965 ejus
356 3920 460 3972 per
502 3905 605 3959 hoc
661 3919 904 3957 asserere
960 3904 1327 3971 dignitatem:
1369 3906 1507 3973 quod
1564 3905 1748 3971 utique

200 3992 343 4047 valde
374 3996 767 4065 inconsequens
796 4006 898 4049 est.
934 3996 1331 4065 Proprietatem
1364 4011 1593 4065 namque
1620 4012 1748 4065 gra-

200 4082 278 4138 tia:
309 4084 425 4153 ejus
474 4088 756 4156 operisque
789 4089 1187 4157 descripsimus.
1218 4088 1383 4141 Porro
1414 4097 1593 4141 autem
1618 4088 1748 4140 nihil

202 4173 248 4227 in
290 4178 563 4234 Trinitate
602 4180 773 4248 majus
832 4182 1077 4234 minusve
1129 4180 1421 4234 dicendum
1469 4187 1578 4240 est,
1623 4194 1747 4232 cum

203 4267 342 4323 unius
381 4270 686 4326 divinitatis
721 4271 843 4327 fons
889 4274 1053 4325 verbo
1093 4287 1157 4326 ac
1204 4271 1417 4324 ratione
1446 4285 1541 4325 sua
1572 4278 1752 4323 teneat

205 4358 464 4424 universa,
490 4360 682 4429 spiritu
714 4377 845 4416 vero
883 4361 994 4415 oris
1023 4362 1103 4415 sui
1136 4376 1257 4430 quae
1280 4361 1438 4429 digna
1468 4369 1593 4415 sunt
1620 4376 1744 4415 san-
1778 4380 1822 4435 ι)

205 4448 893 4516 ctiﬁcatione,sanctiﬁcet,
942 4453 1083 4506 sicut
1130 4453 1181 4504 in
1232 4452 1437 4521 psalmo
1480 4451 1741 4518 scriptum

206 4547 309 4592 cst:
339 4559 357 4592 ι
385 4542 569 4595 Verbo
615 4542 822 4595 Domini
874 4542 999 4595 cceli
1041 4542 1235 4596 ﬁrmati
1287 4552 1429 4605 sunt,
1459 4551 1515 4597 et
1553 4541 1744 4610 spiritu

208 4631 298 4685 oris
319 4634 435 4701 ejus
464 4635 639 4688 omnis
666 4636 836 4689 virtus
859 4636 1125 4689 eorum”.
1143 4654 1159 4685 ι
1195 4635 1286 4689 Est
1317 4636 1477 4689 etiam
1501 4636 1743 4702 quaedam

212 4717 497 4791 inoperatio
551 4726 641 4780 Dei
681 4726 858 4780 Patris
904 4727 1174 4795 prmcipua
1219 4735 1416 4795 praeter
1465 4726 1607 4780 illam
1640 4743 1745 4797 qua

214 4816 440 4871 omnibus
475 4825 532 4869 ut
558 4825 740 4870 essent
768 4816 1089 4870 naturaliter
1123 4817 1395 4884 praestitit.
1433 4817 1529 4871 Est
1557 4826 1611 4870 et
1636 4818 1741 4871 Do-

269 4928 306 4959 "
327 4931 483 4987 Joan.
509 4948 600 4989 xx.
625 4931 713 4984 22.
788 4930 833 4962 ⁸⁵
870 4929 1271 4994 Mttllh.lx,16,
1321 4931 1405 4985 17.

215 4994 259 5063 4,
280 5000 327 5067 5,
349 5004 394 5062 6.
482 5004 525 5033 ⁹⁰
554 5002 683 5057 ibid.
719 5003 804 5058 11.
836 5003 880 5034 ⁹¹
907 5004 1036 5058 ibid.
1062 5004 1117 5059 6.

274 5146 371 5224 (89)
418 5150 720 5224 Renovatis.
744 5148 835 5204 Sic
878 5163 1066 5203 onmes
1102 5164 1232 5203 mss.
1262 5149 1428 5215 Alias,
1475 5166 1493 5200 t
1520 5164 1744 5203 renova-

218 5221 309 5275 ῑῐιτ.
336 5221 362 5274 ι’
394 5223 560 5277 male.

276 5288 373 5363 (90)
417 5293 493 5346 Ita
528 5296 669 5347 hunc
695 5290 866 5363 locum
894 5289 1185 5363 restituunt
1210 5306 1400 5346 omnes
1430 5288 1586 5363 codd.
1618 5305 1745 5363 mss.

219 5350 457 5418 in‘atitea
511 5364 672 5417 editis
726 5361 959 5429 legitur:
999 5361 1168 5413 «Cum
1225 5379 1417 5413 uovntn
1473 5361 1655 5411 vinum
1698 5362 1747 5413 in

222 5433 344 5503 lilljes
372 5449 543 5487 novos
569 5432 706 5503 mitti
733 5445 888 5499 posse
916 5440 970 5484 ct
999 5432 1049 5482 in
1083 5441 1288 5485 veteres
1315 5431 1634 5500 denegabat,
1658 5431 1749 5484 sed

226 5496 416 5557 videbat
452 5515 599 5557 utres
634 5496 747 5555 ﬁeri
788 5515 975 5553 novos.
1000 5518 1017 5549 ι

304 5571 355 5623 9|
420 5575 495 5628 ita
528 5588 661 5627 mss.
690 5572 856 5633 Alias,
900 5568 1289 5638 (pertenditur.
1317 5591 1334 5621 ι

282 5570 381 5712 i533;
421 5644 510 5700 Sic
545 5658 675 5698 mss.
713 5643 880 5708 Alias,
920 5657 939 5691 ι
968 5638 1204 5709 angeli,»
1247 5659 1327 5695 tua

304 5574 355 5623 91
420 5575 495 5628 ita
528 5588 661 5627 mss.
690 5574 856 5633 Alias,
900 5574 1289 5638 (pertenditur.
1317 5591 1334 5621 ι

301 5574 381 5711 .93;
421 5644 510 5700 Sic
545 5658 675 5698 mss.
713 5643 880 5708 Alias,
920 5657 939 5691 ι
968 5638 1204 5709 angeli,»
1247 5643 1401 5696 male.

1483 4932 1528 4963 ⁸⁸
1554 4932 1573 4987 1
1596 4931 1717 4986 Cor.
1744 4947 1843 4997 xu,
1866 4932 1921 4987 5.
1990 4932 2035 4965 ⁸⁷
2062 4931 2183 4987 Act.
2210 4948 2250 5000 ι,
2278 4932 2331 4989 8.

1846 1784 1941 1847 tio,
1968 1782 2061 1837 sed
2088 1782 2191 1836 hoc
2224 1779 2367 1849 quod
2413 1778 2613 1833 donum
2657 1774 2891 1844 Spiritus
2917 1770 3138 1835 dicitur,
3170 1762 3400 1820 manife-

1844 1882 2018 1930 statur
2044 1887 2138 1942 per
2163 1872 2456 1935 Filium,et
2482 1868 2798 1937 inoperatur
2827 1880 2923 1934 per
2958 1862 3127 1916 Deum
3160 1858 3397 1913 Patrem.

1850 1985 1869 2017 ι
1902 1965 2090 2020 Omnia
2117 1972 2295 2018 autem
2325 1968 2578 2031 cperatur
2605 1974 2743 2011 unus
2772 1965 2934 2021 atque
2967 1955 3107 2008 idem
3141 1950 3395 2020 Spiritus,

1847 2059 2088 2113 dividens
2117 2054 2403 2122 unicuique
2432 2050 2543 2117 (94)
2572 2058 2733 2120 prout
2762 2046 2876 2099 vult
2899 2046 2967 2098 θ’.
2995 2064 3012 2096 ι

1914 2150 1966 2205 8.
1999 2149 2092 2204 His
2119 2148 2279 2217 igitur
2311 2148 2378 2201 de
2412 2144 2619 2199 unitate
2649 2142 2849 2205 Patris,
2881 2149 2935 2194 et
2962 2137 3105 2201 Filii,
3141 2145 3196 2189 et
3225 2131 3399 2203 Spiri-

1851 2254 1932 2297 tus
1958 2242 2129 2298 sancti
2154 2238 2484 2311 protcstatis,
2515 2236 2798 2291 redeamus
2822 2246 2961 2286 nunc
3001 2228 3068 2283 ad
3103 2242 3225 2282 eum
3258 2225 3403 2279 ordi-

1844 2352 1966 2389 nem
2000 2350 2155 2404 quem
2193 2333 2460 2387 disserere
2492 2341 2857 2397 cmperamus.
2885 2324 3025 2378 Deus
3047 2322 3207 2375 Pater
3227 2318 3402 2372 enmi-

1845 2425 1944 2477 bus
1984 2429 2199 2490 praestat
2235 2430 2292 2475 ut
2336 2422 2475 2485 sint;
2510 2416 2853 2488 participatio
2888 2428 3019 2469 vero
3052 2410 3278 2474 Christi,
3315 2423 3401 2463 se-

1848 2516 2077 2569 cundum
2106 2515 2155 2567 id
2183 2515 2322 2582 quod
2348 2512 2584 2568 Verbum
2618 2512 2700 2565 vel
2733 2511 2874 2563 ratio
2907 2518 3007 2573 est,
3027 2504 3157 2559 facit
3188 2519 3248 2555 ea
3280 2517 3399 2556 esse

1850 2605 2213 2659 rationabilia.
2248 2605 2327 2658 Ex
2356 2620 2462 2674 quo
2509 2617 2849 2671 consequens
2889 2611 2972 2655 est.
3017 2613 3080 2653 ea
3119 2596 3203 2651 vel
3248 2593 3404 2648 laude

1853 2698 2011 2765 digna
2042 2711 2180 2759 esse,
2212 2696 2297 2750 vel
2341 2695 2517 2764 culpa,
2562 2693 2687 2761 quia
2718 2692 2933 2745 virtutis
2954 2697 3009 2743 et
3038 2687 3255 2742 malitiae
3280 2694 3406 2738 sunt

1853 2788 2091 2856 capacia.
2149 2785 2375 2854 Propter
2432 2786 2535 2839 hoc
2589 2792 2984 2852 censequcnter
3040 2779 3191 2833 adest
3242 2777 3404 2831 etiam

1851 2878 2024 2949 gratia
2069 2878 2304 2948 Spiritus
2346 2875 2541 2941 sancti,
2589 2885 2648 2928 ut
2700 2890 2762 2929 ea
2809 2887 2931 2942 quae
2971 2868 3408 2925 substantialiter

1850 2982 2036 3024 sancta
2066 2984 2169 3023 non
2212 2979 2356 3036 sunt,
2405 2968 2820 3039 participatione
2843 2965 3031 3034 ,ipsius
3069 2970 3255 3016 sancta
3292 2958 3405 3015 eﬁi-

1771 3036 1813 3098 (ἶ
1844 3063 2073 3116 ciantur.
2104 3062 2235 3116 Cum
2264 3078 2393 3131 ergo
2424 3060 2597 3130 primo
2645 3068 2703 3111 tit
2749 3058 2879 3123 sint,
2912 3056 3150 3111 habeant
3183 3070 3251 3109 ex
3297 3053 3406 3108 Deo

1841 3154 2034 3220 Patre;
2091 3154 2326 3208 secundo
2378 3164 2435 3207 ut
2495 3149 2841 3206 rationabilia
2895 3150 3023 3212 sint,
3060 3148 3294 3202 habeant
3336 3160 3406 3201 ex

1842 3243 2049 3310 Verbo;
2080 3246 2235 3299 tertio
2282 3255 2342 3298 ut
2380 3246 2484 3298 sint
2527 3252 2739 3306 sancta,
2791 3240 3025 3295 habeant
3079 3255 3146 3293 ex
3199 3237 3404 3308 Spiritu

1842 3345 2053 3397 sancto.
2085 3352 2296 3390 rursum
2323 3335 2523 3389 Christi
2556 3337 2850 3389 secundum
2888 3332 2990 3386 hoc
3022 3331 3163 3401 quod
3188 3329 3404 3397 justitia

1851 3431 1941 3484 Dei
1966 3439 2067 3493 est,
2109 3429 2323 3498 capacia
2360 3428 2666 3482 eﬁieiuutur
2691 3442 2753 3481 ea
2786 3442 2905 3495 qua:
2928 3426 3038 3493 jam
3068 3422 3404 3479 sanctiﬁcata

1846 3534 1968 3575 ante
2000 3522 2315 3590 fuerintper
2354 3520 2612 3589 Spiritum
2641 3530 2924 3584 sanctum;
2960 3527 3013 3573 et
3047 3518 3135 3587 qui
3179 3518 3231 3569 in
3263 3517 3408 3569 hunc

1846 3616 2065 3682 gradum
2110 3614 2376 3684 proﬁcere
2428 3614 2727 3668 meruerint
2773 3628 2868 3682 per
2923 3610 3405 3664 sanctiﬁcationem

1849 3706 2079 3775 Spiritus
2116 3704 2315 3768 sancti,
2362 3715 2762 3773 consequentur
2811 3702 3161 3756 nihilominus
3207 3700 3406 3754 donum

1848 3800 2126 3869 sapientiae
2183 3799 2481 3853 secundum
2533 3799 2788 3850 virtutem
2851 3806 2907 3850 et
2978 3794 3405 3865 inoperationem

1850 3892 2087 3962 Spiritus
2118 3892 2236 3947 Dei.
2270 3891 2338 3945 Et
2364 3892 2466 3947 hoc
2501 3900 2629 3960 puto
2668 3890 2892 3945 Paulum
2944 3889 3143 3953 dicere,
3175 3901 3300 3941 cum
3332 3885 3409 3938 ait

1848 3984 2165 4055 quibusdam
2195 3984 2313 4038 dari
2346 3998 2651 4038 sermonem
2695 3983 2994 4052 sapientiae,
3029 3980 3146 4035 aliis
3199 3992 3405 4034 sermo-

1850 4094 1967 4132 nem
2011 4077 2249 4131 scientiae
2285 4076 2582 4131 secundum
2618 4077 2866 4131 eumdem
2915 4074 3198 4143 Spiritum.
3229 4071 3296 4126 Et
3316 4071 3410 4124 de-

1850 4170 2068 4237 signans
2104 4183 2545 4237 unamquamque
2572 4168 2955 4222 discretionem
3002 4165 3289 4229 donorum,
3320 4178 3408 4216 re-

1852 4262 1954 4315 fert
1989 4262 2165 4315 omnia
2199 4262 2266 4315 ad
2294 4260 2669 4314 univcrsitatis
2705 4257 2936 4322 fontem,
2980 4266 3032 4310 et
3064 4256 3235 4309 dicit:
3270 4272 3290 4304 ς
3319 4252 3410 4309 Di-

1850 4355 2083 4407 visiones
2119 4363 2246 4408 sunt.
2290 4353 2747 4421 inoperationum,
2793 4349 2887 4404 sed
2946 4364 3084 4403 unus
3131 4348 3271 4401 Deus
3316 4349 3409 4415 qui

1847 4459 2104 4515 operatur
2129 4447 2308 4501 omnia
2334 4447 2385 4499 in
2413 4445 2782 4498 omnibus’U
2823 4443 2976 4499 Unde
3020 4452 3074 4497 et
3114 4442 3411 4510 inoperatio

1848 4539 2023 4593 Patris
2057 4555 2177 4609 quae
2206 4553 2326 4593 esse
2352 4538 2463 4608 (95)
2493 4547 2715 4606 przestat
2766 4536 3042 4598 omnibus,
3098 4534 3299 4590 clarior
3346 4549 3409 4587 ac

1848 4631 2278 4701 magnilicentior
2306 4629 2598 4693 invenitur,
2618 4643 2739 4684 cum
2766 4629 3138 4697 unusquisque
3168 4641 3263 4697 per
3286 4641 3413 4695 par-

1849 4724 2213 4794 ticipationem
2264 4722 2468 4779 Christi
2519 4724 2818 4777 secundum
2864 4720 2914 4774 id
2962 4722 3101 4791 quod
3146 4720 3407 4789 sapientia

1847 4828 1949 4883 est,
1982 4825 2035 4871 et
2059 4816 2352 4872 secundum
2388 4816 2441 4871 id
2473 4817 2619 4885 quod
2654 4814 2879 4870 scientia
2916 4826 2998 4870 est
3026 4823 3080 4869 et
3106 4812 3413 4868 sanctiﬁca-

2407 4932 2450 4964 ⁸⁸
2471 4930 2665 4986 Psahn.
2732 4948 2900 4996 xxxn,
2924 4932 2972 4987 6.
3049 4932 3093 4965 ⁸9
3120 4931 3141 4985 l
3164 4929 3287 4987 Cor.
3313 4947 3409 4998 xu,

1922 5148 2030 5221 (9'5)
2050 5147 2428 5221 APostivocem,
2473 5165 2491 5197 ‹
2519 5147 2798 5221 donorum.
2824 5166 2842 5198 )
2871 5145 2999 5201 libb.
3029 5147 3156 5202 editi
3178 5148 3406 5221 addunt.

1856 5218 1979 5271 «vel
2030 5219 2444 5283 donationum,»
2499 5218 2640 5285 quod
2688 5220 2738 5271 in
2791 5233 2920 5272 mss.
2968 5233 3073 5271 non
3122 5220 3409 5285 reperitur.

1853 5289 2019 5344 Paulo
2052 5289 2188 5342 infra
2213 5289 2349 5342 libb.
2382 5288 2509 5340 editi
2542 5305 2555 5340 :
2595 5307 2613 5340 ‹
2636 5289 2741 5342 Sed
2770 5289 2870 5342 hoc
2898 5288 3037 5357 quod
3070 5288 3266 5341 donum
3290 5289 3415 5356 Spi-

1856 5361 1991 5413 ritus
2034 5358 2125 5414 Dei
2174 5360 2532 5414 ministratur.
2563 5377 2582 5411 ι
2636 5359 2706 5411 At
2742 5374 2899 5421 mss.,
2949 5358 3083 5411 «sed
3131 5360 3232 5413 hoc
3264 5359 3407 5427 quod

1857 5430 2055 5483 denunt
2092 5430 2324 5498 Spiritus
2356 5428 2575 5491 dicitur,
2613 5428 3011 5483 manifestatur.
3036 5446 3054 5478 ι

1924 5499 2033 5641 ξω)
2076 5499 2150 5554 lta
2185 5516 2314 5555 mss.
2338 5499 2509 5563 Alias,
2542 5518 2559 5550 ι
2582 5499 2832 5568 singulis.
2855 5517 2873 5547 ι

1945 5570 2010 5624 95
2074 5570 2131 5625 lu
2180 5580 2334 5628 antea
2383 5570 2548 5625 editis
2588 5571 2759 5635 deest,
2801 5583 2873 5624 te

1855 5640 1866 5651 θ
1925 5569 2033 5641 (95)
2074 5570 2131 5625 ln
2180 5580 2334 5628 antea
2383 5570 2548 5625 editis
2588 5571 2759 5635 deest,
2801 5586 2820 5621 ι
2846 5582 3023 5636 esse,»
3060 5569 3200 5639 quod
3234 5572 3411 5627 exstat

1855 5658 1905 5698 Ill
1944 5658 2071 5698 11158.
