3952 6144
463 256 565 313 ιδε
1680 251 1999 310 ORIGENIS

2127 252 2190 304 PI
2228 248 2461 303 ΑΡΧΩΝ
3581 239 3697 295 156

463 374 538 424 tio
562 380 659 434 est,
703 372 915 439 prolicit
962 382 1014 427 et
1063 372 1116 425 in
1174 371 1395 426 altiores
1439 370 1779 440 profectuum
1822 370 2021 442 gradus
2048 373 2095 430 Α
2122 368 2477 423 similitudine
2506 362 2735 434 alicujus
2759 362 2986 431 exempli
3013 360 3091 415 uti
3124 376 3226 415 non
3252 359 3469 413 videtur
3485 356 3694 413 absur-

462 462 637 530 venit;
673 475 725 517 et
756 481 848 534 per
880 466 978 518 boc
1013 462 1153 532 quod
1185 462 1595 531 participatione
1628 463 1799 517 sancti
1845 462 2017 530 Spiri—

466 566 555 609 tus
589 554 766 610 factus
796 566 877 610 est
915 556 1035 623 quis
1064 554 1250 623 purior
1284 564 1445 624 atque
1478 555 1765 617 sincerior,
1797 552 2019 607 effectus

466 648 659 717 dignus
692 648 879 715 recipit
908 647 1186 716 sapientia:
1212 662 1274 701 ac
1303 648 1542 702 scientiae
1576 632 1827 716 gratiam,
1854 653 1909 698 ut
1934 646 2020 699 de-

457 738 636 807 pulsis
683 737 930 791 oumibus
992 737 1413 805 expurgatisque
1479 736 1795 806 pollutionis
1856 746 2019 805 atque

463 830 779 899 ignorantiae
819 827 1063 896 maculis,
1102 837 1306 883 tantum
1342 828 1643 898 profectum
1692 826 2019 881 sinceritatis

455 933 528 971 ac
560 917 810 987 puritatis
865 917 980 988 (96)
1027 918 1280 988 accipiat,
1332 928 1390 971 ut
1435 918 1535 972 ltoc
1569 918 1708 985 quod
1750 917 1955 981 accepit
1989 931 2017 970 a

461 1011 676 1065 Deout
724 1022 887 1076 esset,
932 1011 1038 1065 tale
1088 1012 1157 1064 sit
1205 1010 1364 1079 quale
1416 1011 1525 1063 Deo
1560 1009 1774 1078 dignum
1823 1016 1926 1071 est,
1955 1022 2019 1061 eo

450 1100 550 1166 qui
586 1108 644 1151 ut
674 1110 817 1153 esset
851 1115 983 1168 pure
1018 1100 1203 1168 utique
1234 1100 1482 1167 praestitit
1514 1099 1624 1169 (97)
1655 1113 1717 1153 ac
1749 1097 2015 1166 perfecte;

458 1200 519 1243 ut
550 1198 655 1242 tam
691 1192 912 1259 dignum
940 1192 1008 1244 sit
1036 1192 1086 1243 id
1118 1192 1258 1259 quod
1290 1200 1390 1253 est,
1425 1206 1584 1260 quam
1619 1201 1704 1244 est
1732 1189 1819 1243 ille
1844 1190 1930 1257 qui
1968 1188 2017 1241 id

456 1296 581 1334 esse
606 1280 751 1334 fecit.
773 1281 847 1333 Ita
874 1298 1104 1350 namque
1126 1290 1177 1336 et
1202 1283 1452 1336 virtutem
1483 1298 1695 1351 semper
1720 1297 1838 1336 esse
1859 1292 2020 1349 atque

457 1371 511 1423 in
553 1381 811 1425 aeternum
846 1388 1062 1427 manere
1089 1374 1347 1443 percipiet
1375 1390 1403 1424 a
1434 1377 1540 1428 Ι)εο
1573 1375 1618 1427 is
1644 1373 1734 1442 qui
1772 1374 1889 1427 talis
1912 1382 2016 1433 est.

458 1461 669 1530 qualem
703 1478 822 1517 eum
857 1480 975 1517 esse
1009 1464 1178 1518 voluit
1222 1465 1309 1519 ille
1351 1466 1439 1533 qui
1481 1465 1626 1518 fecit.
1665 1464 1819 1530 Quod
1850 1473 1905 1516 ut
1930 1478 2019 1517 ac-

449 1553 626 1616 cidat,
651 1564 703 1607 et
728 1564 783 1608 ut
810 1554 1178 1610 indesinenter
1200 1567 1360 1624 atque
1387 1556 1819 1626 inseparabiliter
1842 1557 2019 1610 adsint

460 1645 509 1698 ei
538 1646 627 1716 qui
657 1657 737 1699 cst
765 1661 827 1700 ea
858 1664 976 1715 quae
1000 1649 1065 1701 ab
1092 1650 1207 1718 ipso
1270 1647 1409 1702 facta
1457 1658 1601 1712 sunt,
1652 1650 1930 1717 sapientiae
1964 1649 2016 1702 id

458 1751 595 1805 opus
619 1748 700 1791 est
727 1738 992 1794 instruere
1022 1750 1180 1808 atque
1209 1740 1425 1794 erudire
1447 1756 1528 1805 ea,
1555 1751 1609 1795 et
1636 1741 1699 1793 ad
1734 1740 2018 1809 perfectio-
2051 1729 2093 1784 Β

454 1844 581 1884 nem
633 1830 927 1898 perducere
973 1846 1036 1885 ex
1098 1831 1333 1902 Spiritus
1385 1832 1555 1885 sancti
1608 1834 2018 1887 confirmatione

458 1930 619 1990 atque
655 1924 973 1977 iudesiuenti
1023 1924 1448 1978 sanctificatione
1492 1940 1585 1994 per
1633 1942 1796 1995 quam
1842 1926 2016 1980 solum

458 2013 624 2067 Deum
651 2031 844 2085 capere
871 2028 1113 2085 possunt.
1146 2017 1215 2072 lta
1250 2034 1379 2088 ergo
1406 2020 1725 2073 iudesiuenti
1760 2034 1885 2090 erga
1914 2034 2016 2073 nos

453 2120 619 2173 opere
644 2106 755 2175 (98)
807 2105 1001 2170 Patris,
1055 2118 1107 2162 et
1156 2109 1297 2171 Filii,
1345 2119 1399 2163 et
1446 2110 1683 2179 Spiritus
1713 2112 1885 2164 sancti
1924 2126 2019 2179 per

456 2197 701 2265 singulos
751 2213 991 2269 quosque
1038 2199 1377 2269 profecturum
1426 2201 1621 2270 gratius
1682 2204 2013 2268 instaurate,

449 2291 545 2343 vix
581 2290 623 2343 si
664 2292 799 2344 forte
830 2292 1118 2362 aliquando
1146 2294 1340 2348 intueri
1367 2311 1653 2364 possumus
1678 2306 1924 2350 sanctam
1954 2311 2016 2351 ac

455 2380 669 2436 beatam
702 2385 866 2436 vitam
895 2402 907 2437 :
937 2385 990 2437 in
1025 2401 1129 2454 qua
1171 2401 1293 2440 cum
1338 2396 1459 2455 post
1507 2402 1708 2454 agones
1736 2388 1929 2443 multos
1963 2391 2014 2443 in

446 2486 574 2525 eam
605 2474 872 2541 perveniri
920 2476 1177 2542 potuerit,
1221 2477 1293 2530 ita
1327 2479 1621 2547 perdurare
1661 2481 1916 2536 debemus
1959 2492 2017 2537 ut

456 2562 599 2616 nulla
628 2580 859 2633 tmqnam
888 2565 997 2635 (99)
1026 2581 1124 2620 nos
1179 2569 1305 2622 boui
1354 2569 1495 2624 illius
1530 2572 1749 2626 satietas
1797 2574 2012 2642 capiat;

456 2656 551 2708 sed
579 2667 781 2724 quanto
814 2659 986 2726 magis
1035 2659 1100 2713 de
1149 2659 1235 2711 illa
1287 2660 1623 2716 beatitudine
1667 2664 2011 2733 percipimus,

454 2760 609 2804 tanto
634 2753 803 2820 magis
837 2752 888 2805 in
920 2753 1076 2806 nobis
1105 2754 1184 2807 vel
1218 2755 1471 2811 dilatetur
1510 2758 1626 2825 ejus
1658 2761 2012 2826 desiderium,

452 2842 539 2895 vel
583 2856 866 2913 augeatur,
916 2846 1042 2898 dum
1098 2861 1310 2916 semper
1355 2850 1633 2905 ardentius
1674 2865 1728 2907 et
1768 2857 2016 2922 capacius

452 2934 797 3007 ‘l’atrem(l),
853 2947 907 2990 ει
960 2938 1176 3002 Filium,
1234 2956 1297 2993 ac
1338 2940 1594 3010 Spiritum
1639 2954 1883 3000 sauctmu
1931 2947 2014 3002 vel

455 3028 725 3094 capimus,
756 3027 837 3080 vel
872 3038 1139 3082 tenemus.
1176 3030 1233 3082 Si
1264 3044 1442 3085 autem
1472 3033 1757 3101 aliquando
1786 3038 2016 3093 satietas

456 3120 601 3187 capit
628 3119 860 3186 aliquem
890 3135 952 3173 ex
981 3120 1061 3174 his
1084 3123 1175 3189 qui
1208 3122 1257 3175 in
1282 3136 1493 3177 summo
1520 3125 1866 3197 perfectoque
1889 3145 2016 3184 con-

457 3210 693 3263 stiterint
723 3210 914 3277 gradu,
943 3228 1046 3265 non
1089 3213 1326 3267 arbitror
1360 3217 1501 3283 quod
1536 3218 1601 3270 ad
1634 3218 1866 3273 subitum
1896 3223 2015 3289 quis

456 3312 772 3366 cvacnetur,
803 3319 865 3357 ac
901 3303 1153 3358 decidat:
1181 3307 1271 3359 sed
1324 3308 1583 3375 paulatim
1627 3319 1681 3362 et
1716 3325 1809 3378 per
1840 3325 2017 3380 partes

459 3393 693 3447 tit-fluere
716 3410 835 3447 cum
869 3410 1087 3449 necesse
1112 3408 1232 3450 est:
1264 3398 1337 3449 ita
1390 3407 1449 3451 ut
1494 3397 1607 3451 fieri
1648 3401 1814 3468 possit
1852 3401 2017 3456 inter-

458 3485 604 3548 dum,
637 3495 694 3537 ut
745 3486 788 3539 si
833 3487 1012 3540 brevis
1050 3488 1245 3555 aliquis
1290 3487 1471 3557 lapsus
1514 3491 1790 3556 acciderit,
1823 3503 1875 3546 et
1912 3493 2017 3549 cito

458 3576 738 3646 resipiscat
765 3587 925 3645 atque
952 3578 1002 3632 itt
1028 3594 1084 3633 se
1116 3590 1440 3647 revertatur,
1469 3598 1573 3637 non
1603 3584 1815 3654 penitus
1841 3599 2018 3650 ruere,

456 3670 551 3723 sed
590 3685 840 3723 revocare
876 3672 1064 3740 pedem
1111 3682 1163 3726 ct
1214 3676 1392 3728 redire
1425 3676 1491 3729 ad
1542 3684 1737 3729 statum
1765 3692 1942 3741 suum,
1967 3686 2023 3731 et

458 3777 671 3815 rursum
704 3772 943 3818 statuere
989 3764 1162 3835 possit
1207 3765 1258 3819 id
1299 3768 1439 3836 quod
1489 3783 1585 3836 per
1636 3764 2017 3835 negligentiam

460 3851 636 3907 fuerat
660 3853 889 3922 lapsum.

1061 3970 1286 4026 CAPUT
1327 3970 1412 4027 1V.

843 4060 921 4114 De
957 4060 1301 4114 diminutione
1339 4062 1416 4114 vel
1460 4062 1631 4130 lapsu.

530 4150 581 4205 1.
607 4150 677 4206 Ut
702 4159 877 4206 autem
929 4153 1080 4207 istam
1126 4155 1535 4207 diminutionem
1570 4153 1651 4208 vel
1687 4152 1891 4222 lapsum
1926 4169 2020 4209 eo-

458 4259 577 4301 rum
610 4246 702 4313 qui
727 4262 785 4301 se
816 4246 1170 4316 negligentius
1197 4247 1409 4317 egerint
1443 4247 1811 4315 ostendamus,
1848 4248 2013 4303 etiam

528 4361 573 4392 θ’
596 4359 633 4413 11
659 4359 785 4416 Cor.
812 4377 892 4429 ιιι,
926 4360 1009 4417 18.

530 4496 640 4565 (96)
682 4498 753 4550 lla
791 4515 918 4554 mss.
956 4499 1123 4562 Alias,
1163 4499 1482 4568 «pietatiSJ

530 4569 640 4640 (117)
683 4571 772 4641 Sic
826 4584 952 4641 tttss.
1000 4570 1172 4631 Alias,
1213 4570 1621 4636 tprmslileril.)
1668 4569 1834 4625 Paulo
1886 4582 2009 4641 post

460 4639 595 4695 libb.
626 4639 753 4692 editi
789 4657 801 4691 :
835 4660 852 4688 ι
878 4640 951 4692 lta
983 4641 1286 4711 namqueei
1318 4641 1570 4692 virtutem
1604 4656 1816 4709 semper
1845 4639 2009 4711 atque

462 4715 514 4767 in
549 4717 807 4761 aeternum
844 4725 1058 4780 manere
1090 4709 1385 4780 perciperet
1429 4727 1457 4761 ιι
1504 4711 1609 4762 Deo
1649 4714 1737 4780 qui
1779 4714 1897 4766 talis
1922 4709 2011 4767 est

458 4780 672 4850 qualern
701 4793 827 4850 esse
850 4779 1015 4831 voluit
1067 4780 1152 4831 ille
1201 4781 1290 4850 qui
1340 4778 1484 4832 fecit.
1523 4778 1681 4844 Quod
1712 4791 1767 4834 ut
1794 4783 2007 4838 accidat

460 4848 621 4920 atque
663 4848 1024 4903 indesinenter
1056 4862 1215 4917 atque
1246 4849 1693 4920 inseparabiliter
1732 4853 1911 4905 adsint
1954 4863 2008 4906 et

459 4917 550 4986 qui
576 4927 656 4990 est
688 4928 738 4970 et
762 4934 823 4970 ea
857 4934 972 4985 qua:
1002 4921 1068 4971 ab
1098 4922 1209 4985 ipso
1239 4917 1380 4972 facta
1405 4929 1550 4990 sunt.
1577 4936 1767 4988 sapere
1795 4921 1845 4975 id
1872 4938 2005 4990 opus

458 5002 543 5043 est
589 4989 945 5068 ittstrttere....
1000 4991 1295 5057 perducere
1334 5004 1400 5043 ex
1445 4989 1740 5059 Spiritus,»
1785 4989 1918 5057 etc.;’
1953 5003 2011 5047 at

461 5077 592 5114 mss.
640 5066 697 5111 ιιι
732 5066 781 5110 in
824 5067 1001 5111 nostro
1045 5071 1210 5115 textu.

529 5130 643 5198 (τιὸ)
686 5128 777 5180 Sic
803 5144 931 5182 mss.
962 5130 1129 5193 Alias,
1179 5149 1197 5181 ι
1222 5145 1406 5199 opera.
1430 5148 1447 5181 ι
1484 5130 1683 5184 Ibidem
1716 5131 1848 5187 libb.
1884 5132 2016 5187 editi

460 5210 604 5268 pest,
639 5217 655 5247 ι
686 5199 1000 5270 instaurate,
1022 5218 1039 5250 ι
1079 5201 1304 5266 addunt,
1360 5218 1379 5252 ι
1402 5203 1585 5265 corde,
1612 5220 1631 5253 ι
1668 5204 1810 5270 quod
1860 5209 2018 5258 abest

461 5272 529 5323 ab
562 5269 812 5321 munibus
845 5285 970 5321 mss.

559 5340 646 5410 99)
683 5340 753 5391 Ita
787 5353 917 5394 tnss.
950 5338 1117 5401 Alias,
1155 5357 1173 5390 ι
1197 5341 1400 5409 utique.
1423 5362 1442 5397 ›

530 5340 610 5483 él)
651 5409 816 5474 Alias,
867 5410 1199 5463 «dilatentur
1228 5412 1342 5483 ejus
1370 5416 1442 5467 de:

562 5409 816 5477 l)’Alias,
867 5410 1199 5463 «dilatentur
1228 5412 1342 5483 ejus
1370 5412 1635 5467 desideria
1667 5412 1749 5467 vel
1779 5428 2019 5483 augean-

461 5482 553 5535 tur
586 5484 710 5534 dtnn
740 5493 951 5548 semper
984 5483 1259 5534 ardentius
1286 5482 1523 5547 Patrem,
1549 5503 1568 5535 ι
1597 5485 1694 5537 sed
1718 5482 1937 5539 mss.’ut
1963 5485 2017 5539 in

465 5564 649 5629 t_n_istro
694 5559 867 5629 textu.
919 5549 1085 5604 Paulo
1119 5559 1252 5629 post
1278 5569 1446 5629 iussi,
1500 5572 1518 5605 ι
1540 5555 1763 5629 satietas
1794 5555 1958 5629 capit.
1988 5573 2007 5607 ι

463 5622 630 5686 Alias,
666 5639 684 5672 t
706 5622 926 5677 satietas
953 5624 1179 5691 ceperit.
1205 5639 1223 5672 ι
1269 5623 1419 5691 Quod
1451 5634 1628 5680 autem
1664 5625 1764 5681 hoc
1792 5622 1911 5680 loco
1937 5626 2015 5683 ait

465 5692 722 5765 Origenes
748 5705 904 5761 posse
936 5692 1052 5751 ﬁeri
1088 5702 1145 5751 ut
1166 5694 1255 5766 qui
1288 5695 1355 5752 ad
1390 5709 1657 5755 summum
1680 5695 2012 5769 perfectutn~
2053 5747 2060 5753 .

2126 463 2271 515 dum.
2299 460 2471 529 lgitur'
2489 459 2531 514 si
2565 459 2637 513 sit
2664 457 2862 527 aliquis
2897 456 2989 526 qui
3030 454 3221 525 peritia
3251 454 3331 507 vel
3359 461 3494 517 arte,
3523 451 3690 505 verbi

2126 554 2296 623 gratia
2321 552 2629 623 geometriae
2654 551 2736 605 vel
2779 550 3078 613 medicinae,
3108 547 3365 617 paulatim
3392 546 3549 600 fuerit
3578 546 3695 598 im-

2125 645 2283 700 butus
2311 659 2588 716 usquequo
2612 644 2825 698 venerit
2843 643 2907 695 ad
2927 642 3251 712 perfectum,
3273 639 3442 692 multo
3465 637 3685 692 scilicet

2127 746 2363 805 tempore
2394 736 2818 791 institutionibus
2840 742 3002 804 atque
3026 730 3301 786 exercitiis
3328 728 3685 795 semetipsum

2127 828 2422 883 informans
2452 837 2507 882 ut
2537 827 2602 882 ad
2632 827 2899 895 integrum
2926 824 3256 895 supradictae
3281 822 3415 874 artis
3440 833 3693 873 assume-

2127 929 2207 973 ret
2240 919 2574 988 disciplinatu
2604 936 2616 970 :
2645 918 2770 971 huic
2818 930 3094 983 nunquam
3139 912 3382 983 profecto
3430 909 3692 964 accidere

2126 1015 2339 1083 poterit,
2360 1022 2553 1066 utcum
2579 1013 2782 1079 peritus
2809 1008 3111 1072 dormierit,
3131 1006 3348 1077 evigilct
3373 1004 3687 1073 imperitus.

2126 1106 2239 1159 Non
2270 1106 2411 1159 enim
2437 1120 2499 1157 ea
2522 1118 2641 1173 qua:
2676 1118 2769 1172 per
2794 1101 3069 1155 lazsionem
3116 1098 3350 1168 aliquam
3376 1096 3459 1150 vel
3486 1093 3693 1149 debili-

2127 1206 2290 1251 tatem
2322 1195 2592 1257 accidunt,
2628 1193 2679 1245 in
2725 1190 2957 1246 medium
3006 1188 3276 1241 adducere
3315 1193 3407 1237 aut
3444 1195 3695 1237 commeo

2125 1303 2336 1342 morare
2388 1301 2527 1339 nunc
2570 1283 2856 1347 convenit;
2910 1295 3085 1348 neque
3134 1278 3281 1332 enim
3337 1273 3693 1329 similitudini

2123 1380 2413 1451 propositze
2454 1376 2806 1447 exemploque
2836 1374 3183 1429 conveniunt.
3220 1370 3524 1425 Secundum
3551 1379 3697 1435 ergo

2125 1473 2175 1526 id
2210 1472 2349 1540 quod
2396 1471 2794 1541 proposuimus,
2843 1476 3148 1537 geometres
3178 1463 3266 1518 ille
3304 1461 3387 1515 vel
3416 1461 3689 1524 medicus,

2125 1564 2296 1618 donec
2333 1573 2552 1618 exercet
2602 1576 2659 1616 se
2699 1562 2751 1615 in
2801 1558 3244 1614 meditationibus
3288 1555 3422 1608 artis
3474 1568 3583 1607 suae
3628 1562 3691 1607 et

2127 1654 2539 1709 ralionabilibus
2584 1652 2870 1716 institbtis,
2915 1657 3195 1719 permanet
3241 1647 3378 1717 apud
3406 1645 3512 1718 65
3555 1659 3689 1698 eum

2122 1748 2284 1801 etiam
2332 1745 2556 1800 scientia
2603 1742 2921 1813 disciplina}.
2971 1743 3028 1796 Si
3082 1756 3209 1795 vero
3258 1739 3559 1793 dissimulet
3611 1740 3685 1790 ab

2123 1841 2417 1906 exercitiis,
2444 1850 2497 1893 et
2522 1839 2755 1909 negligat
2783 1840 2849 1891 ab
2893 1835 3178 1893 industria.
3209 1832 3463 1904 paulatim
3504 1832 3689 1903 primo

2124 1951 2218 2004 per
2246 1932 2621 2003 negligentiam
2649 1946 2814 2000 pauca
2844 1929 3121 1991 excidunt,
3152 1937 3265 1979 tum
3293 1925 3485 1980 deinde
3515 1926 3687 1979 etiam

2122 2026 2300 2097 plura,
2345 2036 2396 2079 et
2429 2025 2501 2077 ita
2534 2039 2628 2093 per
2658 2022 2879 2076 multmu
2924 2031 3133 2090 tempus
3155 2018 3230 2091 (‘2)
3261 2019 3458 2072 abeunt
3499 2017 3693 2070 omnia

2129 2121 2183 2173 in
2210 2118 2559 2181 oblivionem,
2598 2125 2756 2181 atque
2786 2117 3037 2169 universa
3070 2130 3131 2169 ex
3162 2113 3419 2167 memoria
3467 2111 3687 2181 penitus

2121 2212 2421 2265 abolentur.
2467 2209 2652 2263 Potest
2698 2223 2828 2262 sane
2868 2207 3004 2272 fieri,
3052 2215 3110 2259 ut
3157 2221 3279 2260 cum
3324 2205 3571 2259 decidere
3610 2202 3684 2255 ab

2123 2304 2275 2357 initio
2312 2302 2634 2373 cu;perit(3)
2678 2310 2732 2355 et
2777 2297 2937 2369 par'va
2989 2299 3166 2352 adhuc
3204 2295 3477 2365 corrumpi
3508 2294 3693 2364 negli-

2121 2396 2318 2467 gentia,
2356 2396 2401 2450 si
2431 2395 2781 2449 resuscitetur
2816 2403 2870 2446 et
2908 2392 3073 2447 citius
3116 2392 3167 2444 in
3207 2390 3553 2457 semetipsum
3592 2402 3682 2441 re-

2123 2501 2387 2554 vertatur,
2424 2497 2642 2558 reparet
2672 2486 2749 2557 (4)
2777 2502 2840 2541 ea
2886 2502 3007 2555 qua:
3054 2486 3231 2538 adlmc
3270 2498 3444 2551 nuper
3480 2481 3684 2535 amissa

2120 2590 2264 2642 sum,
2292 2592 2346 2635 et
2378 2580 2580 2635 recolat
2602 2595 2664 2632 ea
2698 2595 2820 2648 qmc
2854 2579 2920 2631 ab
2965 2592 3028 2631 eo
3066 2576 3281 2631 fuerant
3316 2573 3458 2628 tenui
3502 2573 3685 2627 adhuc

2120 2677 2414 2731 abolitione
2457 2674 2687 2729 sublata.
2718 2670 3139 2725 Transferamus
3171 2682 3312 2722 nunc
3348 2666 3460 2720 lucc
3492 2666 3556 2717 ad
3584 2678 3694 2718 eos

2121 2770 2209 2838 qui
2239 2784 2295 2823 se
2329 2770 2416 2822 Dei
2453 2768 2694 2822 scientim
2726 2782 2789 2819 ac
2819 2765 3099 2832 sapientia:
3142 2760 3486 2823 dediderunt,
3528 2755 3695 2825 cujus

2121 2862 2353 2917 eruditio
2402 2872 2564 2930 atque
2612 2857 2882 2912 industria
2933 2852 3449 2921 incomparabilibus
3494 2864 3685 2904 omnes

2122 2953 2359 3021 reliquas
2393 2952 2469 3021 (5)
2515 2949 2830 3018 disciplinas
2871 2948 3236 3016 supereminet
3274 2944 3467 3009 modis,
3511 2953 3563 2997 et
3598 2958 3693 2998 se-

2122 3046 2351 3101 cundum
2388 3042 2675 3112 propositae
2698 3039 3074 3095 similitudinis
3104 3037 3330 3093 formam
3359 3036 3440 3090 vel
3467 3049 3585 3104 qua?
3610 3034 3689 3089 sit

2122 3136 2413 3205 assumptio
2435 3134 2691 3200 scientia),
2712 3132 2794 3185 vel
2819 3148 2936 3202 qtae
2960 3132 3030 3185 sit
3053 3129 3168 3198 ejus
3195 3128 3416 3183 abolitio
3441 3139 3693 3182 contem-

2122 3231 2362 3299 plemar;
2396 3228 2629 3282 maxime
2659 3242 2779 3280 cum
2824 3226 3107 3279 audiamus
3136 3225 3204 3279 ab
3248 3220 3503 3292 Apostolo
3537 3222 3681 3288 quod

2121 3326 2187 3377 de
2222 3321 2474 3391 perfectis
2517 3317 2836 3387 dicitur(~’5),
2864 3318 3006 3386 quod
3048 3316 3185 3370 facie
3228 3315 3294 3368 ad
3343 3314 3532 3368 faciem
3561 3312 3685 3381 glo-

2124 3417 2256 3470 riam
2291 3413 2496 3468 Domini
2525 3427 2592 3467 ex
2615 3410 2994 3482 mysteriorum
3030 3408 3453 3463 revelationibus
3486 3421 3693 3474 specu-

2123 3510 2441 3565 labuntur”.

2189 3604 2243 3658 2.
2284 3604 2481 3658 Verum
2527 3615 2624 3655 nos
2673 3590 2914 3653 volentes
2960 3595 3137 3649 divina
3181 3593 3236 3648 in
3285 3608 3381 3648 nos
3414 3590 3684 3645 beneficia

2121 3698 2514 3755 demonstrare,
2544 3706 2663 3761 quae
2699 3690 2855 3743 nobis
2902 3703 2995 3756 per
3039 3686 3249 3741 Patrem
3296 3694 3350 3739 et
3382 3683 3578 3738 Filium
3628 3694 3697 3736 eL

2124 3770 2386 3856 Spiritum
2421 3793 2666 3838 sanctum
2718 3782 3047 3849 prtebcutar,
3087 3794 3205 3847 qua:
3231 3776 3471 3830 Trinitas
3517 3774 3695 3830 totius

2124 3891 2205 3935 est
2233 3877 2535 3933 sanctitatis
2566 3874 2705 3940 foas,
2737 3887 2966 3928 excessu
3013 3873 3241 3939 quodam
3276 3870 3355 3924 usi
3393 3871 3503 3923 haec
3544 3869 3688 3923 dixi-

2125 3986 2244 4025 mus
2278 3969 2379 4041 (7),
2406 3978 2459 4021 et
2483 3982 2782 4022 sermonem
2813 3967 2876 4019 de
2904 3966 3079 4018 anima
3108 3962 3198 4032 qui
3234 3961 3518 4026 inciderat,
3556 3964 3696 4014 stri-

2124 4064 2252 4117 ctim
2305 4063 2429 4114 licet
2471 4060 2886 4129 contingendam
2943 4057 3271 4127 putavimus,
3304 4054 3536 4107 vicinum
3596 4061 3686 4106 ut-

2123 4165 2243 4222 pote
2271 4151 2344 4224 (8)
2375 4153 2547 4206 locum
2595 4152 2659 4205 de
2706 4160 2896 4204 natura
2962 4146 3268 4202 rationabili
3331 4146 3687 4200 disserentes.

2121 4245 2488 4317 Opporturuius
2517 4255 2694 4298 tamen
2725 4243 2777 4296 in
2817 4243 2933 4296 loco
2977 4239 3197 4310 proprio
3225 4240 3289 4293 de
3334 4237 3479 4291 omni
3512 4236 3683 4290 ratio-

2043 4507 2088 4562 ι)
2117 4514 2219 4568 que
2244 4496 2596 4552 beatitudinis
2623 4496 2847 4567 gradum
2893 4494 3224 4568 pervenerit.
3259 4492 3385 4545 inde
3409 4490 3685 4568 paulatim

2118 4561 2332 4622 decidat
2367 4584 2430 4621 ac
2472 4561 2705 4629 ruat,'id
2746 4561 2958 4635 quidem
3008 4566 3252 4633 sequitur
3283 4578 3346 4617 ex
3377 4561 3491 4629 ejus
3531 4563 3685 4618 circa

2116 4639 2326 4693 arbitrii
2367 4639 2670 4689 libertatem
2697 4645 2751 4690 et
2783 4638 2834 4689 iu
2877 4636 3022 4689 omni
3069 4645 3209 4688 statu
3243 4645 3691 4699 perseverantem

2117 4711 2250 4763 bene
2271 4708 2349 4760 vel
2379 4710 2518 4759 tuale
2546 4708 2737 4775 agendi
2771 4705 3080 4775 facultatem
3111 4704 3348 4773 placitis,
3370 4702 3685 4775 sed_catlto-

2115 4776 2405 4900 110331ιῖεὲθῖ
2456 4771 2734 4899 repatgnat.
2787 4774 2920 4830 Vide
2971 4771 3415 4845 Origenianorum
3470 4771 3567 4827 lib.
3617 4788 3683 4837 It,

2115 4863 2304 4900 nuars.
2416 4888 2429 4900 .
2467 4863 2520 4899 ιι.
2588 4886 2600 4900 .

2156 4857 2304 4901 ιιιιεεῑ.
2343 4848 2429 4911 11,
2467 4863 2520 4899 ιι.
2550 4848 2600 4902 1.

2115 4864 2304 4920 (ιιιιιεεῑ.
2343 4864 2429 4911 τι,
2467 4864 2520 4899 ιι.
2550 4864 2600 4902 1.

2186 4917 2261 4989 (2)
2283 4916 2522 4989 Τεηιριιε.
2544 4916 2700 4971 Deest
2715 4917 2767 4971 in
2786 4915 3102 4979 libb.editis,
3120 4912 3213 4969 sed
3235 4912 3461 4967 habetur
3477 4911 3528 4967 in
3548 4927 3685 4970 mss.

2121 5034 2131 5051 ,
2196 4988 2271 5059 (5)
2314 4988 2404 5059 Sic
2436 5004 2563 5042 mss.
2593 4989 2760 5050 Alias,
2801 5006 2819 5039 ι
2858 4988 3043 5059 carpit.
3088 5005 3108 5038 ι

2220 5057 2272 5127 lt)
2318 5057 2554 5127 lleparet.
2592 5059 2665 5111 ita
2702 5073 2831 5111 mss.
2863 5058 3031 5127 Alias,
3068 5074 3087 5107 ι
3126 5063 3361 5127 repetat.
3399 5073 3419 5107 ι

2220 5066 2272 5129 4)
2318 5066 2554 5127 lieparet.
2592 5066 2665 5111 Ita
2702 5073 2831 5111 mss.
2863 5066 3031 5119 Alias,
3068 5074 3087 5107 ι
3126 5066 3361 5126 repetat.
3399 5073 3419 5107 ι

2196 5066 2272 5204 l5)
2312 5128 2402 5204 Sic
2450 5144 2577 5204 mss.
2608 5128 2791 5204 _Alias,
2833 5144 2852 5179 ι
2908 5125 3392 5204 dederunt,_cujus
3442 5123 3687 5204 conditio

2127 5197 2286 5269 atque
2316 5199 2577 5251 imlustria
2608 5197 3117 5269 incomparabilibus
3150 5197 3464 5269 reliquas”
3496 5202 3606 5269 etc.

2202 5266 2275 5344 (6)
2315 5270 2403 5323 Sic
2437 5284 2566 5322 mss.
2599 5266 2822 5332 Alias”
2859 5268 3002 5344 quod
3032 5267 3096 5319 de
3121 5266 3626 5344 perfectisdicitur.
3658 5285 3687 5316 ι

2126 5335 2324 5395 Ibidem
2374 5356 2526 5403 mss.,
2577 5357 2596 5391 ι
2644 5353 2708 5391 ex
2751 5335 3134 5407 mysteriorum
3175 5335 3616 5407 revelationibus.
3658 5356 3679 5387 ι

2125 5413 2295 5476 Alias,
2323 5411 2417 5463 «ab
2468 5404 2819 5463 interioribus
2852 5406 3328 5476 revelationibusn
3358 5404 3522 5458 Paulo
3559 5420 3683 5473 post

2127 5474 2289 5545 mss...
2324 5498 2343 5531 ι
2380 5495 2499 5547 qua:
2549 5480 2705 5533 nobis
2735 5494 2833 5547 per
2867 5479 3080 5547 Patrem
3113 5487 3166 5530 et
3199 5474 3412 5529 Filium.
3456 5493 3474 5526 ι
3512 5479 3687 5546 Alias"

2125 5571 2143 5605 ι
2181 5568 2299 5620 qua:
2328 5545 2481 5604 nobis
2510 5550 2578 5604 ad
2606 5545 2823 5603 Patrem
2853 5559 2909 5603 et
2940 5545 3154 5620 Filium.
3177 5565 3217 5620 __r

2216 5620 2265 5693 7)
2299 5622 2388 5685 Sic
2416 5635 2545 5677 mss.
2579 5620 2753 5693 Alias,
2780 5638 2798 5671 ι
2834 5621 2995 5674 etiam
3029 5618 3132 5672 hoc
3158 5616 3405 5671 dicimus.
3442 5630 3466 5672 ι

2216 5626 2265 5693 7)
2299 5626 2388 5685 Sic
2416 5635 2545 5677 mss.
2579 5626 2753 5685 Alias,
2780 5638 2798 5671 ι
2834 5626 2995 5674 etiam
3031 5626 3131 5672 hoc

2187 5626 2268 5768 28)
2305 5693 2394 5748 Sic
2424 5708 2553 5749 mss.
2585 5690 2756 5764 Alias,
2791 5708 2810 5745 t
2843 5699 2900 5744 ut
2929 5698 3078 5759 puta.
3112 5705 3131 5740 ι
