3952 6144
236 247 322 299 l5?

1574 240 1774 296 LIBER
1814 243 1924 297 PR]
1937 198 2095 297 .‘dUS'.

3326 230 3428 285 158

233 361 373 417 uabili
405 371 595 415 natura
629 376 748 431 quae
775 361 826 415 in
864 362 965 415 tria
1000 374 1197 430 genera
1228 360 1540 429 speciesque
1567 360 1762 415 distiu-
1792 364 1839 421 A
1868 358 2060 414 clinet:
2100 366 2321 427 propter
2339 356 2480 425 quod
2517 362 2662 408 recte
2687 350 2846 406 etiam
2870 346 3043 417 poenis
3071 354 3123 399 et
3148 342 3431 412 suppliciis

234 455 413 523 suitur,
454 452 562 505 Deo
596 455 751 507 nobis
790 468 887 521 per
928 451 1108 506 Jcsum
1142 452 1415 506 Christum
1444 460 1499 508 et
1528 458 1771 507 sanctum

235 546 475 617 Spiritum
512 548 864 612 concedente,
900 545 1319 615 disputabimus.

782 656 1005 755 eaeor
1046 699 1087 751 v
1123 699 1219 771 (9).

601 791 681 845 De
721 792 1121 845 rationabilibu:
1166 792 1387 846 naturis.

283 905 332 960 ί.
382 903 517 962 Post
594 921 712 961 eam
762 906 1200 961 dissertationem
1230 911 1402 977 fquam
1452 907 1520 961 de
1577 907 1774 972 Patre,

225 1008 271 1052 et
316 995 500 1062 Filio,
561 1006 619 1051 et
692 997 896 1065 Spiritu
973 1010 1213 1065 sancto,
1273 1010 1532 1069 quantum
1602 1002 1776 1055 valui-

225 1106 364 1154 mus,
426 1091 669 1147 breviter
701 1093 1045 1161 digessimus,
1095 1108 1435 1163 consequens
1491 1104 1575 1148 est
1613 1096 1775 1149 etiam

220 1185 277 1237 de
310 1186 524 1239 naturis
565 1184 977 1240 rationabilibus
1008 1225 1024 1249 ,
1070 1201 1133 1239 ae
1163 1187 1230 1241 de
1272 1187 1554 1254 speciebus
1589 1202 1775 1241 earum

219 1284 266 1327 et
303 1274 627 1339 ordinibus,
684 1275 768 1329 vel
819 1276 1013 1331 oliieiis
1078 1286 1186 1329 tam
1257 1289 1563 1331 sanctarum
1618 1292 1778 1346 quam

218 1365 369 1418 etiam
424 1367 788 1433 malignarum
839 1369 1137 1434 virtutum,
1190 1368 1286 1422 sed
1335 1377 1391 1422 et
1442 1371 1508 1422 tle
1559 1368 1643 1423 his
1687 1368 1779 1438 qui

220 1457 347 1509 inter
394 1457 495 1512 has
552 1460 720 1512 bonas
770 1468 824 1513 et
873 1460 1040 1513 malas
1094 1459 1251 1513 medii
1296 1459 1513 1527 quidam
1554 1469 1678 1512 sunt
1725 1469 1780 1514 et

219 1549 524 1621 adhue(l0)
548 1551 599 1603 in
631 1566 799 1621 agone
823 1553 1050 1621 atquein
1082 1553 1380 1607 certamine
1409 1553 1593 1621 positi,
1615 1566 1779 1621 pauca

215 1638 497 1697 disserere.
549 1640 952 1711 Quamplnrima
1004 1658 1235 1712 namque
1272 1644 1322 1696 in
1367 1646 1567 1698 sanctis
1621 1643 1782 1697 Scri-

1875 452 2288 523 subjaccl.Quod
2305 449 2466 503 etiam
2482 447 2544 500 de
2560 447 2675 515 ipso
2688 441 2958 497 diaboloet
2976 440 3058 492 his
3074 438 3161 506 qui
3182 452 3298 490 cum
3318 437 3435 501 ipso

1877 556 1999 601 Stltll
2023 558 2072 599 et
2090 546 2343 600 dicuntur
2357 542 2473 612 ejus
2500 538 2693 608 angeli,
2720 532 3051 590 sentiendum
3071 541 3152 585 est
3169 529 3302 597 (l3).
3327 527 3433 581 Ex-

1876 636 2139 707 ponenda:
2171 645 2345 688 tamen
2382 640 2508 685 sunt
2534 629 2696 683 etiam
2720 620 3102 695 appellationes
3130 634 3339 682 eorum,
3376 623 3435 669 nt

1875 728 2110 782 sciamus
2129 741 2245 793 quae
2277 725 2383 778 sint
2404 724 2500 776 ista
2525 721 2589 774 de
2607 718 2801 789 quibus
2828 729 3005 768 sermo
3032 713 3182 767 nobis
3216 725 3433 764 moven-

1878 821 1977 874 dus
2009 828 2109 870 cst.
2145 815 2345 870 Diaboli
2375 814 2537 883 igitur
2560 827 2776 871 nomen,
2798 818 2852 863 et
2878 808 3108 870 Satanae,
3133 814 3186 858 et
3212 801 3431 870 maligni

1878 910 1931 964 in
1956 909 2137 962 multis
2168 907 2458 971 Scriptura:
2480 904 2612 956 locis
2646 901 2975 967 designatur,
3008 896 3097 965 qui
3120 893 3439 949 etinimieus

1886 1003 1978 1057 Dei
2013 1015 2131 1055 esse
2164 996 2506 1051 describitur.
2541 991 2760 1045 Necnon
2788 996 2840 1040 et
2877 988 3091 1055 quidam
3119 984 3289 1053 angeli
3326 983 3443 1035 dia-

1878 1094 1985 1149 boli
2040 1093 2404 1151 nominantur,
2439 1086 2532 1141 sed
2579 1094 2634 1138 et
2665 1084 2914 1152 princeps
2949 1081 3059 1148 (14)
3104 1077 3285 1132 mundi
3342 1075 3441 1129 hu-

1874 1183 1992 1253 jus,
2044 1181 2133 1249 qui
2182 1188 2360 1231 utrmn
2412 1177 2525 1245 ipse
2577 1176 2650 1230 sit
2696 1174 2942 1227 diabolus
2989 1186 3055 1223 an
3110 1170 3248 1222 alius
3292 1167 3439 1234 quis,

1881 1273 2116 1327 nondum
2146 1268 2426 1323 manifeste
2449 1265 2777 1319 declaratum
2804 1274 2907 1317 est.
2926 1261 3201 1328 Principes
3225 1269 3441 1326 quoque

1882 1364 2042 1433 huius
2068 1363 2248 1414 mutuli
2286 1362 2504 1429 quidam
2536 1359 2788 1411 dicuntur
2816 1354 3130 1423 sapientiam
3154 1350 3439 1419 quamdam

1882 1458 2144 1512 habentes
2176 1469 2291 1522 qua:
2336 1453 2676 1513 destruetur;
2708 1448 2800 1502 sed
2837 1458 3015 1500 utrum
3051 1446 3151 1514 ipsi
3190 1444 3296 1496 sint
3350 1441 3439 1495 isti

1882 1550 2189 1620 principes,
2240 1548 2330 1616 qui
2383 1555 2437 1599 et
2488 1544 2563 1597 illi
2618 1553 2743 1596 sunt
2799 1540 3129 1607 principatus
3176 1536 3440 1589 adversus

1885 1659 2021 1712 quos
2052 1642 2203 1694 nobis
2241 1649 2323 1693 est
2369 1637 2698 1697 colluctatio,
2746 1648 2813 1686 an
2846 1632 2933 1684 alii
2984 1631 3114 1694 sint,
3145 1644 3251 1682 non
3284 1626 3442 1680 facile

220 1734 384 1802 pluris
431 1734 743 1787 invenimus
787 1733 1035 1787 ordinum
1067 1739 1424 1803 quorumdam
1467 1745 1628 1804 atque
1657 1735 1772 1789 oﬂi-
1808 1706 1851 1759 Β
1889 1736 2017 1788 mihi
2055 1732 2122 1786 ab
2170 1733 2347 1801 aliquo
2381 1729 2834 1800 pronuntiantlum
2860 1725 3088 1779 videtur.
3122 1722 3249 1775 P05t
3290 1719 3439 1786 prin«

216 1827 415 1879 ciorum
446 1835 561 1879 tam
595 1836 904 1881 sanctorum
953 1844 1113 1895 quam
1163 1831 1324 1883 etiam
1371 1830 1771 1883 contrariorum

217 1923 426 1973 nomina
460 1961 476 1985 ,
519 1934 639 1990 qua:
672 1921 781 1994 (11)
816 1924 965 1991 prius
1008 1933 1392 1992 preponentes,
1425 1931 1538 1977 tum
1587 1923 1778 1978 deinde

216 2004 336 2073 quid
394 2007 503 2061 sibi
556 2008 681 2061 velit
748 2010 938 2064 horum
999 2011 1355 2080 signiﬁcatio,
1419 2027 1517 2082 pro
1570 2013 1775 2069 viribus

216 2100 412 2153 nostris
444 2101 715 2155 discutere
744 2103 1190 2171 pertentabimus.
1241 2104 1379 2157 Sunt
1408 2105 1625 2173 quidam
1652 2122 1777 2159 san-

214 2191 280 2243 cti
328 2192 512 2261 angeli
566 2193 677 2257 Dei,
718 2208 856 2263 quos
899 2194 1095 2248 Paulus
1127 2195 1505 2252 ministeriales
1552 2198 1779 2266 spiritus

212 2282 443 2351 appellat
473 2284 539 2338 ad
580 2286 940 2339 ministerium
969 2285 1287 2350 destinatos,
1315 2295 1535 2357 propter
1564 2304 1658 2343 eos
1688 2290 1776 2358 qui

212 2377 584 2434 haereditatem
636 2382 853 2448 capiunt
896 2383 950 2435 in
1002 2382 1227 2435 salutem
1277 2382 1346 2437 “.
1403 2383 1557 2452 Apud
1604 2384 1778 2452 ipsum

209 2484 431 2537 quoque
480 2482 731 2526 sanctum
773 2472 998 2526 Paulum
1050 2474 1373 2538 invenimus,
1423 2475 1607 2528 nescio
1638 2476 1780 2529 unde

208 2572 547 2623 sumentem,
598 2561 1066 2628 cognominantem
1099 2572 1279 2614 tamen
1311 2565 1569 2631 quasdam
1604 2564 1778 2625 sedes,

204 2665 258 2708 et
303 2654 738 2714 dominationes,
788 2662 841 2706 et
878 2651 1236 2720 principatus,
1268 2661 1323 2706 et
1366 2662 1681 2720 potestates,
1731 2661 1786 2707 et

200 2754 333 2815 post
369 2745 840 2797 enumerationem
874 2744 1089 2807 horum,
1115 2743 1260 2797 velut
1306 2742 1407 2795 alia
1440 2745 1615 2796 adlmc
1643 2760 1786 2810 quie-

200 2841 336 2892 dam
375 2836 721 2890 rationabilia
754 2837 932 2892 olIicia
959 2847 1121 2907 atque
1148 2836 1367 2891 ordines
1401 2850 1522 2890 esse
1551 2838 1788 2892 sentiens

206 2940 416 2998 praeter
462 2943 556 2983 eos
585 2944 720 2997 quos
762 2945 921 2999 supra
964 2930 1196 2995 dixerat,
1230 2930 1305 2981 ait
1341 2931 1407 2982 de
1452 2928 1736 2986 Salvatore
1770 2953 1781 2987 :

212 3038 233 3071 ι
271 3019 377 3087 Qui
429 3029 512 3073 est
562 3035 725 3088 super
768 3035 983 3074 omnem
1017 3021 1401 3089 principatum,
1449 3032 1503 3074 et
1548 3030 1786 3089 potesta-
1812 3051 1855 3089 ρ

217 3126 348 3175 tem,
373 3120 431 3166 et
463 3113 734 3177 virtutem,
756 3123 810 3167 et
838 3114 1291 3176 dominationem,
1320 3125 1373 3167 et
1395 3130 1556 3170 onme
1586 3134 1783 3172 nomen

215 3205 355 3274 quod
381 3207 695 3258 nominatur
719 3220 821 3257 non
852 3206 1022 3259 solum
1050 3207 1101 3258 in
1128 3207 1231 3259 hoc
1257 3206 1472 3273 saaculo,
1506 3208 1597 3262 sed
1623 3210 1783 3263 etiam

219 3295 271 3349 in
299 3296 485 3349 futuro
510 3296 576 3347 “.
618 3315 639 3348 ι
682 3295 755 3349 Ex
791 3311 896 3364 quo
924 3296 1173 3349 videlicet
1206 3298 1445 3349 ostendit
1487 3312 1608 3351 esse
1638 3315 1784 3367 qiue—

220 3386 337 3441 datn
359 3399 559 3457 printer
574 3388 682 3440 haec
696 3402 815 3457 quae
832 3387 1295 3451 commemoravit,
1314 3402 1432 3454 qua:
1446 3389 1787 3444 nominentur

222 3482 435 3549 quidem
473 3482 524 3534 in
564 3482 664 3534 hoc
700 3482 924 3544 smculo,
957 3496 1062 3534 non
1100 3489 1275 3533 tamen
1323 3482 1390 3535 ab
1421 3482 1532 3549 ipso
1562 3497 1785 3536 enume-

228 3579 334 3624 rata
371 3588 516 3626 nunc
553 3572 775 3635 l‘uerint,
820 3571 957 3626 forte
998 3586 1099 3626 nec
1131 3571 1200 3625 ab
1251 3571 1361 3625 alio
1402 3572 1584 3641 aliquo
1627 3572 1788 3625 intel-

224 3664 357 3719 lecta
387 3682 401 3719 :
436 3680 560 3719 esse
588 3680 716 3719 vero
763 3664 869 3717 alia
906 3680 1025 3732 quae
1061 3666 1114 3718 in
1169 3665 1272 3719 hoc
1322 3665 1519 3719 stecnlo
1566 3666 1784 3733 quidem

226 3772 324 3811 non
370 3759 746 3813 nominentur.
781 3758 832 3811 in
867 3757 1048 3812 l'uturo
1078 3756 1189 3828 {12)
1223 3770 1400 3813 tamen
1436 3759 1788 3813 nominabun-

224 3855 324 3905 tur.

286 3941 343 3994 2.
386 3941 545 3996 Nunc
594 3940 787 3996 deinde
832 3940 1109 3994 sciendum
1138 3946 1241 4005 est,
1283 3939 1408 4008 quia
1441 3930 1601 3993 omne
1644 3937 1786 4007 quod

225 4034 546 4087 rationabile
595 4045 716 4097 εει,
766 4042 821 4086 et
874 4031 1103 4086 rationis
1159 4032 1419 4085 terminos
1476 4040 1788 4097 statutaque

224 4126 497 4187 declinat,
548 4127 664 4179 sine
733 4124 895 4179 dubio
960 4139 1054 4191 per
1106 4124 1600 4192 praavm'icationem
1658 4121 1785 4175 recti

222 4219 461 4289 iustique
489 4218 723 4273 edicitur
759 4218 812 4271 in
846 4226 1089 4286 peccato.
1124 4214 1219 4266 Est
1264 4229 1396 4282 ergo
1429 4214 1606 4267 omnis
1637 4229 1789 4264 crea-

225 4319 334 4364 tura
380 4310 722 4365 rationabilis
758 4310 932 4361 laudis
963 4317 1018 4362 et
1063 4308 1234 4376 culpae
1264 4322 1470 4375 capax;
1521 4304 1713 4369 laudis,
1742 4304 1786 4357 si

1878 1829 2087 1896 cipatus
2119 1835 2321 1892 autem,
2355 1824 2517 1877 etiam
2552 1831 2846 1890 potestates
2879 1818 3124 1886 quaedam
3162 1814 3443 1867 nominano

1878 1932 1967 1975 tur
2022 1922 2279 1974 adversus
2327 1933 2464 1987 quas
2510 1915 2825 1981 colluctatio
2871 1910 3024 1964 nobis
3061 1918 3164 1973 est,
3210 1915 3263 1959 et
3305 1918 3441 1973 agon

1882 2010 2111 2081 geritur,
2163 2011 2258 2064 sed
2308 2018 2363 2062 et
2393 2008 2655 2061 adversus
2702 2005 2974 2075 principes
3028 1998 3210 2052 mundi
3263 1994 3444 2062 hujus,

1880 2112 1934 2157 et
1955 2112 2193 2155 rectores
2216 2100 2555 2153 tenebrarum
2589 2096 2775 2149 harum
2803 2110 2817 2159 ;
2842 2091 3080 2161 quaedam
3103 2088 3263 2143 etiam
3288 2084 3448 2153 spiri-

1880 2196 2009 2249 talia
2029 2191 2243 2246 malitize
2261 2193 2312 2245 in
2337 2190 2640 2245 caelestibus
2660 2188 2727 2241 ab
2753 2187 2866 2253 ipso
2889 2184 3053 2237 Paulo
3075 2179 3441 2234 nominantur.

1879 2287 2019 2356 Quid
2071 2296 2251 2339 autem
2302 2283 2590 2338 dicendurm
2646 2288 2728 2334 est
2789 2278 2953 2332 etiam
3004 2274 3072 2327 de
3116 2264 3447 2340 spiritalibus

1880 2380 2132 2451 malignis
2163 2378 2274 2451 (15)
2305 2385 2358 2431 et
2386 2373 2716 2429 dzenionibus
2748 2366 3036 2421 immundis
3077 2363 3166 2432 qui
3196 2360 3247 2412 in
3279 2356 3450 2410 Evan-

1883 2474 2042 2545 geliis
2090 2467 2473 2527 nominantur?
2525 2463 2659 2518 Tum
2709 2461 2821 2532 66
2867 2457 3060 2512 deinde
3101 2451 3444 2521 appellantur

1884 2544 2048 2619 etiam
2100 2564 2346 2632 quaedam
2396 2558 2558 2612 simili
2607 2555 2825 2608 nomine
2872 2549 3137 2610 caelestia,
3186 2544 3278 2598 sed
3325 2554 3447 2609 quae

1886 2657 2140 2710 dicuntur
2181 2668 2317 2722 genu
2348 2649 2581 2709 ﬂectere,
2621 2646 2703 2699 vel
2744 2658 2865 2697 esse
2890 2642 3097 2695 ﬂexura
3147 2638 3198 2690 in
3231 2633 3448 2688 nomine

1889 2744 2038 2807 Jesu,
2080 2745 2170 2797 sed
2200 2752 2253 2795 et
2292 2739 2568 2794 terrestria
2605 2750 2660 2792 et
2690 2735 2900 2789 inferna
2930 2747 3049 2801 quae
3080 2745 3176 2797 per
3205 2727 3446 2780 ordinem

1888 2836 2088 2892 Paulus
2122 2835 2167 2867 ³⁸
2214 2840 2497 2886 enumerat
2533 2828 2666 2898 (l6).
2720 2828 2775 2880 ln
2822 2840 2888 2879 eo
2937 2837 3065 2876 sane
3111 2821 3227 2873 loco
3261 2821 3311 2871 in
3343 2833 3451 2888 quo

1891 2930 1958 2983 de
2007 2924 2362 2980 rationalibus
2415 2920 2624 2975 naturis
2676 2918 3017 2977 disserimus,
3070 2912 3299 2966 reticere
3344 2924 3450 2962 non

1889 3020 2162 3082 c0nvenit,
2197 3033 2298 3070 nec
2331 3016 2396 3068 de
2439 3014 2593 3067 nobis
2638 3011 2850 3077 quidem
2885 3006 3194 3061 hominibus
3216 3004 3307 3073 qui
3340 3004 3451 3055 uti-

1891 3126 1997 3180 que
2024 3108 2341 3163 rationabile
2374 3104 2569 3159 animal
2601 3117 2722 3157 esse
2754 3100 3017 3165 dicimur;
3074 3096 3167 3151 sed
3212 3110 3278 3149 ne
3322 3092 3453 3149 illud

1891 3202 2107 3273 quidem
2156 3201 2326 3255 otiose
2371 3195 2802 3268 pr:ctereundum
2848 3203 2954 3254 est,
2986 3189 3130 3257 quod
3178 3189 3341 3241 etiam
3381 3187 3448 3240 ile

1891 3297 2047 3351 nobis
2072 3293 2203 3360 ipsis
2249 3290 2559 3346 hominibus
2608 3286 2805 3341 diversi
2836 3285 3057 3353 quidam
3105 3281 3324 3335 ordines
3355 3294 3453 3332 no-

1892 3391 2187 3448 minantur,
2232 3400 2353 3438 eum
2404 3383 2651 3436 dicitur:
2710 3398 2729 3429 ι
2786 3376 2918 3431 Pars
2963 3373 3169 3429 Domini
3223 3370 3451 3440 populus

1893 3481 2007 3550 ejus
2034 3477 2218 3542 Jacob,
2246 3476 2512 3529 funiculus
2543 3470 2872 3525 hmreditatis
2902 3468 3016 3533 eius
3046 3463 3236 3520 Israel.
3267 3482 3286 3515 ι
3319 3461 3451 3515 Pars

1893 3583 2071 3625 autem
2122 3568 2432 3634 angi-lorum
2467 3565 2719 3617 dicuntur
2747 3570 2959 3613 caetera:
3004 3557 3270 3613 nationes,
3318 3568 3453 3621 quo-

1894 3664 2038 3717 niam
2073 3662 2287 3729 quidem
2326 3677 2345 3710 t
2402 3673 2526 3712 cum
2560 3657 2821 3709 divideret
2872 3650 3128 3705 Excelsus
3169 3660 3354 3715 gentes
3398 3656 3454 3700 et

1893 3757 2231 3824 dispergeret
2264 3752 2399 3804 tiiios
2446 3751 2644 3811 Adam,
2697 3747 2888 3801 statuit
2926 3746 3056 3797 fines
3088 3741 3323 3809 gentium
3370 3754 3454 3793 se-

1893 3851 2123 3901 cundum
2186 3858 2468 3898 numerum
2517 3842 2829 3909 angelorum
2881 3838 2973 3891 Dei
2994 3836 3103 3890 ⁸⁸.»
3136 3835 3199 3889 Et
3247 3834 3453 3889 idcirco

1893 3954 2012 3993 cum
2062 3936 2275 3991 caeteris
2323 3933 2678 3989 rationalibus
2731 3930 2843 4002 (t7)
2888 3930 3097 3983 naturis
3140 3928 3301 3982 etiam
3347 3924 3450 3979 hu-

1878 4045 2067 4084 mana:
2098 4030 2288 4083 animze
2326 4029 2463 4081 ratio
2495 4025 2817 4093 pervidenda
2860 4032 2961 4077 est.

1962 4124 2017 4177 '5.
2061 4123 2226 4192 Igitur
2258 4130 2336 4173 tot
2359 4131 2412 4174 et
2445 4120 2610 4172 tantis
2640 4118 2891 4172 ordinum
2923 4113 3329 4179 olliciorumqne
3356 4126 3456 4163 no-

1894 4218 2129 4271 minibus
2161 4216 2581 4283 cognominatis,
2629 4210 2820 4278 quibus
2856 4217 3062 4260 certum
3107 4215 3190 4260 est
3232 4208 3456 4258 subesse

1896 4310 2268 4369 substantias,
2320 4305 2700 4373 requirendum
2745 4310 2829 4354 est
2884 4310 3062 4352 utrum
3107 4296 3359 4359 conditor
3400 4302 3457 4350 et

225 4409 521 4460 secundum
564 4408 831 4460 rationem
862 4419 1021 4470 quam
1070 4403 1121 4455 in
1154 4417 1212 4456 se
1243 4402 1425 4464 habet,
1458 4401 1523 4453 ad
1566 4400 1786 4453 meliora
1820 4406 1863 4461 D
1893 4410 2105 4455 creator
2134 4397 2374 4450 omnium
2412 4395 2572 4457 Deus,
2605 4392 2865 4460 quosdam
2908 4389 3126 4457 quidem
3170 4402 3235 4440 ex
3268 4385 3351 4439 his
3377 4384 3453 4439 ita

228 4500 505 4567 proﬁciat;
538 4499 725 4568 cnlpze,
761 4498 804 4552 si
840 4497 1101 4552 rationem
1139 4495 1277 4551 recti
1315 4500 1661 4563 tcnoremque
1693 4494 1790 4547 de-

290 4641 686 4708 u|leb.l,l4.
761 4640 809 4673 οι
880 4638 1252 4709 Ειιιιεςηλι.
1328 4639 1373 4671 οε
1400 4637 1595 4707 Philip.
1623 4640 1797 4707 n,to.

290 4782 358 4855 (9)
393 4782 569 4835 Caute
617 4780 904 4834 admodum
956 4778 1241 4846 legendum
1288 4776 1498 4855 esthoc
1534 4777 1777 4855 quintum

235 4847 400 4917 caput.
456 4868 552 4904 nec
583 4869 686 4904 non
719 4866 950 4918 Sequens
996 4858 1229 4909 sextum,
1262 4847 1460 4914 quippe
1508 4848 1594 4899 ubi
1645 4847 1779 4899 nihil

234 4920 331 4977 fere
359 4934 449 4976 est
474 4924 615 4989 quod
647 4938 673 4975 a
701 4921 980 4974 Catholica:
1011 4918 1130 4971 lidci
1163 4933 1347 4969 norma
1400 4934 1507 4989 non
1537 4918 1780 4981 recedat;

237 5008 322 5045 nec
353 4987 724 5047 excusationis
758 4991 933 5045 locum
976 4989 1139 5043 ullum
1173 4989 1392 5041 haberet
1422 4987 1702 5056 Origenes,
1737 4991 1780 5042 si

237 5061 331 5115 huic
381 5078 489 5114 non
532 5080 549 5112 ι
580 5078 698 5115 cum
736 5076 927 5127 magno
961 5073 1100 5113 metu
1147 5069 1201 5112 et
1244 5057 1475 5117 cautela,
1513 5077 1531 5109 ι
1572 5068 1627 5109 ιιι
1660 5074 1781 5112 mox

235 5132 465 5186 dicturus
494 5145 594 5188 est.
618 5134 914 5185 discutiens
946 5130 1115 5199 magis
1143 5140 1194 5181 et
1215 5137 1557 5196 pertractans
1579 5146 1598 5178 ι
1624 5143 1783 5196 quam

239 5215 319 5266 pro
344 5213 498 5258 certo
534 5218 595 5255 ac
627 5204 849 5255 delinito
884 5219 903 5253 ι
935 5201 1233 5254 statuisset.

325 5272 404 5332 ιιι)
446 5274 618 5332 Alias,
659 5291 677 5321 ι
717 5282 771 5321 ιιι
800 5272 904 5322 hic.
946 5290 965 5322 ι

325 5276 381 5322 ltt
446 5274 618 5332 Alias,
659 5291 677 5321 ι
717 5282 771 5321 ιιι
800 5273 904 5322 hic.
946 5290 965 5322 ι

299 5273 405 5413 ini
444 5341 499 5396 lu
533 5343 693 5396 editis
727 5342 879 5394 libris
927 5342 1094 5407 deest,
1123 5353 1331 5413 cquae,
1378 5356 1398 5389 ο
1443 5344 1496 5413 et
1527 5346 1785 5407 prmterea

239 5408 604 5466 Geiietirardus
632 5413 854 5472 edidit,i
896 5428 989 5479 pro
1022 5411 1263 5463 virilibus
1296 5410 1514 5462 nostris.
1553 5427 1572 5459 ι

299 5483 404 5554 (12)
444 5483 510 5537 lu
565 5483 766 5551 futuro.
811 5478 971 5536 Deest
1016 5482 1070 5535 in
1101 5481 1229 5535 libb.
1266 5479 1448 5545 editis,
1490 5478 1583 5535 sed
1621 5478 1785 5533 habe-

243 5557 317 5605 tur
343 5556 393 5607 in
429 5570 554 5608 Ittss.

304 5623 411 5694 (15)
443 5626 534 5677 Sic
567 5637 696 5677 mss.
727 5621 900 5694 Alias,
933 5639 951 5672 ι
990 5620 1262 5676 sciendum
1303 5629 1401 5694 est.
1445 5638 1465 5672 ι

306 5687 409 5768 (ιι)
451 5694 721 5765 Princeps.
749 5692 839 5750 Sic
893 5702 1039 5753 recte
1083 5706 1249 5761 mss.;
1293 5692 1429 5749 male
1471 5703 1598 5746 vero
1644 5687 1774 5746 libb.

1898 4491 2105 4553 fecerit,
2135 4498 2349 4543 sanctos
2378 4502 2443 4541 ac
2470 4485 2679 4551 beatos,
2715 4493 2771 4538 ut
2805 4483 2937 4538 nihil
2978 4481 3186 4553 possint
3211 4479 3456 4550 recipere

1873 4639 1919 4672 ³⁸
1946 4637 2101 4692 Deut.
2126 4648 2299 4698 xxx",
2323 4632 2377 4699 8,
2402 4631 2455 4687 9.

1888 4774 2044 4835 editi,
2077 4793 2096 4825 ι
2135 4771 2428 4840 principes.
2484 4786 2503 4821 ι
2539 4767 2661 4840 Mox
2692 4781 2850 4830 mss.,
2888 4781 2911 4840 ε
2942 4762 3209 4840 principes
3240 4776 3451 4840 quoque

1889 4834 2044 4913 huius
2066 4834 2245 4897 mundi
2271 4834 2511 4909 quidam.
2529 4857 2546 4889 ι
2564 4838 2801 4913 ltraittea
2821 4834 2988 4913 peditis
3012 4850 3109 4902 pro
3130 4851 3149 4884 ι
3166 4834 3399 4913 quidam
3429 4855 3446 4913 ε

1894 4904 2091 4985 Ιθέίιιιι·
2127 4933 2145 4965 ι
2186 4904 2448 4985 ιξιιὶίιυιιι.Δ
2485 4930 2503 4963 ι
2530 4908 2871 4985 _lufr:_t_lihb,
2908 4915 3065 4958 antea
3114 4904 3264 4984 editi,
3301 4920 3320 4953 ι
3361 4905 3456 4957 sed

1894 4974 2074 5040 utrum
2104 4974 2349 5039 isli'sunt
2370 4981 2640 5053 principes
2675 4977 2746 5031 illi
2779 4978 2868 5047 qui
2899 4985 3024 5030 sunt
3050 4974 3453 5043 principatus...

1892 5073 1958 5112 an
1996 5057 2083 5109 alii
2122 5066 2264 5109 sunt.
2301 5073 2319 5105 ι

1964 5124 2073 5199 (εξ)
2113 5127 2201 5199 ξίε
2239 5140 2387 5186 mss.;
2424 5122 2554 5176 libb.
2575 5118 2729 5185 editi,
2766 5135 2784 5169 ι
2820 5115 3098 5198 spiritibus
3123 5116 3453 5199 malignis”

1858 5246 1861 5251 .
1892 5204 1909 5270 ‘_
1963 5186 2075 5270 (16)
2116 5196 2242 5270 Post
2282 5216 2309 5270 i_
2336 5190 2996 5270 enumerat_,__acanthina
3025 5186 3169 5270 serie
3205 5203 3304 5241 nec
3351 5187 3453 5270 ulla

1896 5256 2210 5334 interposita
2264 5266 2464 5331 virgula
2516 5262 2567 5314 in
2620 5261 2768 5334 libris
2821 5258 2982 5313 editis
3027 5257 3279 5334 legitur:
3330 5273 3347 5305 ι
3402 5256 3457 5307 In

1895 5338 2011 5391 loco
2038 5326 2168 5389 sane
2194 5338 2245 5388 in
2277 5326 2382 5404 qui)
2410 5336 2475 5385 de
2503 5332 2838 5404 naturalibus
2864 5326 3072 5404 naturis
3103 5328 3452 5404 disseremus,

1895 5408 2123 5462 reticere
2164 5422 2267 5459 non
2296 5393 2570 5466 convenit,
2603 5418 2723 5455 cmn
2756 5402 2822 5454 de
2852 5398 3003 5451 nobis
3026 5398 3244 5466 quidem
3282 5393 3453 5466 homi-

1893 5479 2051 5531 nibus
2080 5476 2170 5545 qui
2208 5476 2392 5539 utique
2418 5462 2757 5545 iratitinabi‘le
2795 5468 2992 5545 animal
3031 5462 3154 5522 esse
3195 5462 3454 5545 dicimu‘r2

1893 5525 2513 5616 iiéi-i‘r'aé'iabiiiiu'sfSed
2553 5525 2632 5595 ine
2681 5539 2811 5593 illud
2865 5537 3102 5606 quidem,
3152 5554 3172 5587 ι
3220 5541 3328 5587 etc.
3383 5525 3464 5590 At

1895 5632 2022 5670 mss.
2058 5627 2116 5669 ut
2144 5617 2193 5670 in
2228 5625 2412 5670 nostro
2445 5622 2615 5667 textu.

1956 5685 2064 5761 (t7)
2097 5686 2175 5742 Ita
2209 5701 2335 5743 mss.
2370 5685 2536 5752 Alias,
2574 5701 2592 5735 ι
2628 5674 3105 5739 irrationabilibus.
3142 5689 3162 5727 ι
