3952 6144
450 222 552 278 159

1695 215 2013 273 ORIGENIS
2050 217 2209 272 ΠΕΡΙ
2248 218 2478 272 ΑΡΧΩΝ

3566 210 3680 268 160

442 341 664 397 omnino
708 343 1036 399 contrarium
1080 339 1223 413 (l8):
1279 350 1333 396 et
1373 341 1632 409 quosdam
1687 342 1758 394 ita
1809 340 1999 396 fecerit
2028 345 2074 401 A
2101 357 2166 396 ex
2196 341 2552 409 perversitate
2601 337 2887 408 propositi,
2934 336 3029 393 sed
3084 350 3152 392 ex
3197 332 3524 390 conditionis
3571 348 3681 388 ne-

445 445 506 489 ut
545 435 752 504 possint
795 445 902 488 tam
951 435 1161 488 virtutis
1206 447 1364 498 quam
1414 431 1633 485 malitiae
1673 430 1808 486 eﬂici
1842 446 2004 501 capa-

445 541 538 582 ces
568 526 711 596 (I9);
740 537 831 580 aut
860 527 901 580 si
941 527 1229 593 putandum
1277 533 1361 579 est
1403 524 1544 592 quod
1576 523 1714 579 alios
1751 527 1823 579 ita
1859 525 2003 580 lece-

447 617 538 680 rit,
574 627 634 670 ut
667 616 883 670 omnino
912 616 1193 684 incapaces
1223 615 1332 670 sint
1359 616 1428 669 ad
1476 617 1752 680 virtutem,
1783 627 1842 671 et
1869 618 2004 672 alios

448 708 709 762 malitiam
755 707 966 774 quidem
1009 722 1351 776 nequaquam
1401 723 1562 777 posse
1598 711 1864 779 recipere,
1912 725 2004 766 so-

447 798 718 852 lummodo
757 807 931 852 autem
983 813 1142 867 posse
1192 801 1243 853 in
1268 801 1602 856 beatitudine
1644 817 1999 869 permanere;

447 892 580 945 alios
613 905 740 945 vero
787 891 922 945 tales
961 894 1054 961 qui
1103 895 1312 961 possint
1354 903 1586 964 utraque
1628 894 1889 964 recipere.
1939 895 2007 950 Ut

442 993 621 1036 autem
671 985 834 1038 etiam
879 999 948 1039 ex
997 987 1126 1054 ipsis
1169 985 1478 1040 nominibus
1514 987 1689 1055 prima
1721 987 1877 1040 nobis
1921 986 2005 1038 in-

443 1075 667 1142 quisitio
713 1087 1016 1143 moveatur,
1054 1077 1468 1132 consideremus
1519 1077 1566 1133 si
1614 1079 1786 1134 sancti
1828 1079 2004 1147 angeli

442 1183 509 1222 ex
537 1183 645 1236 quo
675 1177 823 1230 sunt,
851 1184 1062 1238 semper
1094 1170 1263 1223 sancti
1295 1171 1534 1235 fuerunt,
1567 1180 1620 1225 et
1657 1173 1831 1226 sancti
1857 1183 2005 1236 sunt,

443 1260 734 1327 sanctique
764 1269 941 1327 erunt,
971 1269 1023 1314 ct
1049 1276 1220 1330 neque
1254 1271 1573 1329 receperunt
1607 1279 1865 1332 unquam,
1914 1279 2008 1318 ne-

443 1364 548 1418 que
579 1351 817 1419 recipere
851 1362 1146 1421 potuerunt
1174 1355 1381 1423 peccati
1427 1355 1626 1408 locum.
1654 1354 1788 1407 Tum
1814 1353 2007 1410 deinde

443 1441 609 1495 etiam
644 1442 694 1495 hi
729 1443 817 1510 qui
849 1445 1018 1497 sancti
1053 1445 1385 1514 principatus
1425 1446 1786 1516 appellantur,
1827 1448 2007 1500 consi-

445 1531 701 1586 deremus
729 1533 771 1586 si
802 1534 982 1588 statim
1026 1545 1084 1588 ut
1124 1537 1290 1590 creati
1323 1553 1351 1591 a
1392 1537 1500 1592 Deo
1545 1549 1694 1602 sunt,
1729 1538 2003 1607 principa-

447 1629 561 1673 tum
594 1635 848 1677 exercere
889 1633 1170 1690 cceperunt
1220 1626 1270 1679 in
1309 1625 1520 1694 aliquos
1563 1627 1653 1695 qui
1705 1629 1784 1681 eis
1824 1638 2005 1682 essent

444 1711 690 1782 subjecti,
723 1723 778 1768 et
810 1714 928 1768 illos
977 1688 1108 1771 tales
1137 1727 1370 1784 creatos,
1405 1729 1459 1772 et
1487 1720 1552 1772 ad
1595 1721 1699 1774 hoc
1745 1723 1918 1776 factos
1951 1729 2006 1774 ut
2037 1688 2080 1748 Β

447 1815 630 1860 essent
659 1806 856 1860 subditi
902 1817 956 1862 et
995 1809 1222 1878 subjecti
1253 1809 1386 1881 (20).
1434 1813 1700 1866 Similiter
1729 1825 1908 1869 autem
1950 1824 2005 1868 et

444 1911 565 1965 qute
590 1897 926 1966 appellantur
952 1911 1269 1968 potestates,
1302 1913 1480 1956 utrum
1514 1903 1649 1959 tales
1709 1915 1762 1959 et
1805 1905 1858 1958 in
1905 1906 2006 1959 hoc

444 1988 621 2056 ipsum
668 1998 863 2044 (ξι-ειτηερ
891 2000 1034 2055 ευηι,
1069 2001 1127 2044 υῑ
1157 2002 1478 2048 exercerem.
1519 2002 1840 2064 potestatem
1869 2009 1884 2057 ς
1935 2010 2003 2048 an

442 2078 691 2132 meritum
723 2079 933 2148 aliquod
961 2081 1100 2135 istud
1124 2093 1285 2138 estet
1309 2084 1585 2152 prtemium
1617 2086 1858 2147 virtutis,
1896 2101 1994 2155 per

443 2172 586 2237 quod
611 2174 677 2226 ad
709 2181 1033 2243 potestatem
1068 2177 1223 2229 istam
1265 2177 1698 2248 dignitatemque
1720 2190 2004 2235 venerunt.

441 2262 659 2317 Necnoo
701 2273 756 2318 et
797 2264 851 2318 hi
900 2267 989 2334 qui
1055 2267 1234 2320 throni
1275 2268 1548 2332 dicuntur,
1583 2269 1666 2323 vel
1721 2271 1900 2335 sedes,
1936 2286 2004 2323 an

443 2354 604 2409 istam
677 2356 1026 2413 beatitudinis
1081 2359 1262 2412 sedem
1333 2361 1790 2430 stabilitatemque
1847 2363 2007 2417 simul

453 2461 576 2500 cum
630 2446 947 2502 substantiae
994 2464 1104 2503 suae
1151 2451 1448 2520 prolatione
1489 2455 1804 2517 meruerint,
1839 2462 1896 2506 ut
1940 2470 2005 2509 ex

440 2537 718 2593 voluntate
763 2541 876 2615 sola
910 2541 1014 2596 hoc
1065 2542 1371 2609 possideant
1406 2543 1714 2609 Creatoris;
1761 2545 1843 2598 vel
1888 2561 2009 2614 qua}

445 2632 785 2700 appellantur
829 2635 1247 2700 dominationes,
1305 2637 1406 2691 hoc
1456 2638 1596 2706 quod
1631 2641 2000 2703 dominantur,

443 2733 548 2772 non
574 2735 666 2787 per
686 2721 961 2789 profectus
982 2725 1060 2777 sui
1085 2725 1336 2778 meritum
1384 2728 1463 2781 eis
1509 2726 1672 2782 fuerit
1725 2731 2000 2793 additum,

455 2813 549 2866 sed
584 2815 909 2870 conditionis
947 2820 1301 2890 praerogativa
1341 2820 1594 2874 donatum
1617 2821 1686 2874 sit
1713 2831 1767 2876 et
1791 2821 1912 2877 ideo
1937 2825 2007 2877 sit

448 2905 519 2960 ab
543 2907 620 2962 eis
648 2908 1005 2978 inseparabile
1040 2913 1438 2981 quodammodo
1487 2929 1550 2969 ac
1580 2914 1824 2969 naturale
1874 2915 2005 2987 (Ἦ).

2105 433 2357 488 cessitate
2390 433 2642 485 dicuntur
2686 428 3033 485 descendere.
3064 426 3287 493 ,Eadem
3334 439 3551 494 quoque
3599 425 3678 478 de

2105 525 2439 594 Spiritalihus
2488 523 2758 593 nequitim,
2815 532 2872 576 et
2919 522 2987 576 de
3033 519 3365 590 spiritalibus
3398 517 3511 586 (9.4)
3556 533 3679 570 rna-

2106 619 2282 687 lignis,
2307 628 2361 671 et
2383 615 2712 672 daemonibus
2746 614 3038 670 immundis
3067 611 3470 681 consequentiae
3500 611 3677 679 ipsius

2108 713 2244 766 ratio
2274 721 2429 779 coget
2462 709 2707 779 intelligi.
2739 708 2890 774 Quod
2935 707 2980 761 si
3025 708 3140 760 lucc
3171 705 3244 759 ita
3289 704 3357 759 de
3406 703 3666 770 malignis

2106 804 2500 872 contrariisque
2569 800 2855 854 virtutibus
2916 797 3143 868 intelligi
3202 796 3413 850 videtur
3475 793 3676 848 absur-

2109 897 2255 960 dum,
2291 895 2433 949 sicut
2481 903 2629 948 certe
2673 892 2964 946 absurdum
3015 899 3116 951 est,
3144 897 3202 944 ut
3231 903 3395 943 causa
3447 887 3676 944 malitite

2109 987 2343 1058 ipsarum
2377 997 2579 1041 remota
2613 986 2680 1039 ab
2706 983 2920 1038 arbitrii
2958 982 3040 1037 sui
3076 983 3375 1051 proposito,
3401 979 3673 1051 conditori

2107 1095 2295 1134 earum
2328 1079 2639 1135 necessario
2687 1077 3015 1140 ascribatur,
3048 1073 3319 1145 quomodo
3351 1089 3458 1128 non
3503 1073 3674 1128 etiam

2107 1173 2176 1229 de
2238 1173 2389 1228 bonis
2445 1173 2759 1241 sanctisque
2809 1167 3098 1224 virtutibus
3155 1169 3404 1239 cogimur
3470 1166 3674 1221 similia

2107 1267 2376 1332 confiteri,
2409 1266 2460 1319 id
2501 1275 2602 1328 est,
2637 1265 2760 1332 quia
2796 1278 2901 1316 non
2947 1260 3306 1315 substantiale
3344 1260 3416 1314 sit
3447 1259 3499 1312 in
3537 1259 3679 1328 ipsis

2107 1356 2330 1420 bonum,
2360 1357 2502 1425 quod
2537 1355 2722 1424 utique
2765 1355 2815 1407 in
2859 1354 2974 1407 solo
3003 1352 3217 1406 Christo
3257 1361 3311 1406 et
3357 1352 3411 1405 in
3462 1351 3676 1419 Spiritu

2107 1459 2296 1503 sancto
2325 1449 2608 1501 evidenter
2641 1461 2763 1501 csse
2812 1445 3169 1510 ostendimus,
3204 1446 3321 1499 sine
3371 1444 3532 1499 dubio
3562 1445 3680 1498 uti-

2107 1559 2212 1614 que
2251 1553 2305 1598 et
2357 1544 2408 1597 in
2457 1543 2632 1596 Patre.
2673 1540 2786 1595 Non
2834 1538 2979 1592 enim
3016 1535 3303 1590 Trinitatis
3344 1545 3534 1590 natura
3572 1537 3677 1590 ha-

2108 1637 2237 1693 bere
2267 1637 2469 1705 aliquid
2519 1634 2926 1705 compositionis
2974 1645 3191 1687 ostensa
3229 1641 3330 1694 est,
3369 1639 3427 1684 tit
3456 1631 3571 1684 haec
3619 1629 3676 1683 ei

2111 1741 2510 1800 consequenter
2535 1730 2820 1784 videantur
2856 1729 3123 1782 accidere.
3157 1726 3311 1781 Unde
3340 1734 3587 1794 superest
3615 1733 3680 1777 ut

2112 1825 2166 1877 in
2215 1825 2360 1878 omni
2397 1833 2647 1876 creatura
2684 1823 2764 1875 sui
2795 1822 2974 1890 operis
3022 1836 3349 1890 suorumque
3426 1826 3675 1872 motuum

2112 1917 2275 1971 fuerit
2301 1917 2441 1986 quod
2471 1916 2694 1969 virtutes
2719 1915 2837 1970 istm
2867 1929 2987 1983 quae
3014 1912 3095 1966 vel
3121 1912 3481 1982 principatum
3511 1923 3680 1979 agere

2114 2009 2165 2063 in
2193 2010 2334 2074 aliis,
2366 2009 2446 2063 vcl
2484 2017 2801 2076 potestatem
2835 2021 3111 2070 exercere,
3139 2006 3221 2058 vel
3249 2003 3678 2057 dominationem

2112 2104 2386 2166 videntur,
2415 2117 2477 2156 ex
2513 2101 2724 2164 merito,
2761 2109 2815 2155 et
2849 2115 2954 2153 non
2997 2114 3092 2168 per
3123 2098 3448 2153 conditionis
3475 2111 3684 2166 prtero-

2113 2197 2346 2266 gativatn
2398 2194 2630 2264 praelatae
2674 2193 2783 2248 sint
2837 2202 2891 2245 et
2937 2191 3290 2261 superposita!
3347 2189 3430 2243 his
3481 2190 3684 2259 quibus

2113 2303 2378 2359 praeesse,
2433 2288 2516 2342 vel
2571 2287 2626 2340 in
2676 2301 2813 2355 quos
2875 2294 3194 2354 potestatem
3267 2297 3524 2336 exercere
3594 2282 3683 2336 di-

2113 2393 2330 2436 CUﬂllll‘.

2183 2469 2237 2523 4.
2299 2469 2402 2522 Sed
2452 2483 2519 2522 ne
2561 2467 2627 2522 de
2673 2467 2839 2521 tantis
2891 2481 2954 2520 ac
3001 2476 3108 2519 tam
3163 2463 3471 2518 dillicilibus
3515 2463 3684 2517 rebus

2113 2560 2514 2630 consequentiae
2583 2557 2752 2613 solius
2823 2557 3031 2612 ratione
3107 2557 3320 2612 invitati
3389 2557 3678 2610 videamur

2115 2665 2389 2714 asserere,
2477 2659 2638 2720 atque
2715 2663 2782 2703 ex
2877 2649 3206 2718 coniecturis
3305 2645 3680 2702 tantummodo

2116 2746 2166 2799 in
2241 2759 2520 2799 assensum
2607 2757 2802 2811 cogere
2881 2742 3184 2804 auditores,
3264 2741 3540 2795 videamus
3627 2738 3682 2793 si

2113 2839 2243 2906 quid
2303 2839 2464 2891 etiam
2527 2840 2594 2892 de
2650 2836 2948 2904 Scripturis
3005 2836 3207 2891 sanctis
3255 2848 3539 2905 possumus
3584 2848 3681 2887 as-

2117 2931 2373 2985 set-tionis
2466 2943 2775 2989 assumere,
2857 2943 3082 2996 quarum
3165 2935 3485 2980 auctoritate
3562 2925 3682 2999 hagc

444 2997 597 3062 Quod
638 3001 822 3069 utique
855 3001 903 3055 si
946 3003 1020 3055 ita
1065 3005 1411 3072 recipiamus,
1457 3017 1514 3059 ut
1548 3016 1804 3074 putentur
1835 3009 2007 3062 sancti

2120 3021 2427 3077 credibilius
2492 3029 2823 3074 astruautttr.
2895 3020 2961 3074 Et
3029 3019 3260 3088 primum
3327 3018 3540 3087 quidem
3611 2997 3685 3072 de

447 3091 646 3159 angeli,
682 3101 736 3145 et
765 3102 964 3148 sancta:
999 3103 1313 3163 potestates,
1346 3106 1401 3152 et
1443 3098 1613 3152 beatae
1655 3100 1835 3164 sedes,
1888 3101 2006 3168 glo-

447 3177 710 3250 rioszeque
742 3183 990 3250 virtutes,
1026 3195 1078 3240 et
1105 3188 1406 3257 magnifica:
1438 3189 1839 3245 dominationes
1882 3196 2006 3246 Sub-

443 3269 780 3325 stantialiter
808 3281 1100 3341 potestates
1125 3276 1260 3331 istas
1293 3293 1354 3331 ac
1385 3278 1674 3346 dignitates
1699 3280 2008 3351 gloriasque

446 3358 748 3428 possidere,
795 3377 1133 3434 consequens
1169 3368 1287 3422 sine
1339 3367 1501 3424 dubio
1533 3370 1802 3425 videbitur
1845 3375 2006 3426 etiam

445 3464 512 3502 ea
559 3465 676 3519 qua:
735 3452 786 3507 in
845 3458 1138 3512 contrariis
1191 3458 1380 3514 olIiciis
1437 3461 1707 3516 nominata
1757 3475 1881 3518 sunt
1941 3466 2007 3518 ad

447 3541 591 3596 hunc
637 3544 851 3599 modum
904 3548 1124 3621 intelligi
1173 3551 1405 3608 debere:
1461 3555 1532 3608 ita
1586 3565 1642 3608 ιιι
1675 3558 2008 3625 principatus

448 3635 523 3689 illi
558 3639 816 3694 adversus
841 3655 976 3710 quos
1012 3645 1170 3699 nobis
1205 3654 1288 3700 est
1317 3647 1653 3714 colluctatio,
1682 3649 1809 3703 illud
1836 3652 2007 3720 ipsum

447 3727 733 3783 obluctans
767 3745 831 3785 ac
866 3733 1126 3789 resistens
1166 3738 1310 3792 omni
1347 3739 1484 3793 bono
1519 3743 1850 3810 propositum
1901 3759 2006 3798 non

448 3820 789 3886 postmodum
841 3826 1114 3895 recepisse
1161 3830 1494 3887 declinantes
1540 3849 1569 3886 a
1619 3836 1760 3890 bono
1795 3852 1891 3904 per
1920 3853 2010 3890 ar-

449 3909 596 3964 bitrii
629 3911 929 3971 libertatem
957 3931 1215 3988 putentur
1239 3925 1375 3995 (29.),
1406 3929 1500 3982 sed
1536 3944 1656 3983 cum
1693 3931 1823 4000 ipsis
1853 3933 2009 3986 simul

450 4002 876 4060 substantialitcr
916 4011 1224 4079 exstitisse;
1279 4017 1529 4072 similiter
1558 4022 1724 4074 etiam
1774 4035 2012 4089 potesta-

453 4099 553 4154 tes,
589 4103 642 4148 et
669 4097 910 4166 virtutes,
943 4117 1041 4156 nec
1071 4117 1190 4159 esse
1223 4106 1273 4159 in
1305 4109 1385 4161 eis
1407 4110 1677 4178 junioretn
1711 4112 2010 4168 substantia

448 4199 542 4239 sua
561 4191 1022 4264 posterioremquc
1041 4197 1322 4254 malitiam.
1345 4201 1419 4255 llli
1438 4218 1653 4272 quoque
1669 4220 1807 4275 quos
1832 4207 2010 4259 mundi

453 4280 796 4340 tenebrarum
851 4301 1090 4347 rectores
1139 4303 1192 4348 et
1240 4297 1512 4368 principes
1560 4301 1873 4370 appellavit,
1911 4303 2010 4357 hoc

447 4375 591 4440 quod
636 4379 1010 4452 principantur
1051 4395 1104 4440 et
1152 4389 1396 4446 obtinent
1445 4394 1697 4451 tenebras
1729 4395 1862 4469 (25),
1901 4413 2007 4451 non

520 4489 565 4520 ⁹⁷
591 4491 786 4549 Ezech.
813 4510 939 4551 xxvi
969 4508 1022 4552 et
1051 4516 1234 4556 xxvm.

521 4629 630 4708 (ιβ)
664 4629 1047 4708 Requirendum
1091 4647 1164 4708 est
1212 4648 1387 4693 utrum
1433 4644 1670 4696 conditor
1711 4654 1759 4697 et
1806 4657 2010 4700 creator
2042 4653 2085 4708 ι)

455 4701 686 4783 omnium
732 4701 893 4783 Deus,
939 4705 1193 4783 quosdam
1217 4711 1434 4783 quidem
1471 4729 1535 4764 ex
1580 4714 1662 4767 his
1707 4715 1784 4768 ita
1829 4717 2006 4783 fecerit

451 4781 759 4852 erittctos_ac
805 4772 1003 4852 beatos.
1027 4784 1082 4852 ut
1117 4772 1248 4852 nihil
1295 4782 1494 4846 possint
1533 4786 1758 4852 recipere
1797 4772 2008 4839 omnino

453 4842 1094 4923 gontrariunt,hete-..Vide
1122 4842 1558 4923 Origenianorum
1608 4842 1700 4908 lib.
1734 4869 1792 4919 n,
1815 4867 2006 4923 quaest.

451 4911 507 4991 τί
534 4927 684 4991 num.
717 4911 871 4991 2,_l_)e
901 4911 1326 4991 libero_at'hit'rio,
1359 4932 1412 4991 et
1441 4933 1628 4989 quaest.
1659 4925 1714 4988 5,
1746 4911 1894 4978 norit.
1920 4927 2008 4991 ll,

457 4980 547 5062 ubi
577 4983 915 5062 .exlpe'nditur
960 4988 1087 5056 quid
1137 4989 1204 5040 de
1240 4980 1547 5060 angelorum
1596 4980 1848 5050 libertate
1896 4980 2012 5051 sta-'-

454 5052 626 5121 tuerit
649 5052 926 5121 Origenes.

528 5118 639 5262 (19)
670 5118 917 5203 Sicntss.
946 5127 1112 5188 Alias.
1146 5146 1166 5178 ‹
1197 5143 1318 5183 esse
1348 5144 1592 5198 capaces.
1632 5152 1650 5186 ›

551 5192 616 5242 '20
677 5190 740 5244 Et
772 5193 888 5247 illos
923 5197 1051 5250 tales
1085 5211 1305 5262 creatos,
1343 5210 1394 5254 et
1420 5203 1487 5253 ad
1528 5205 1622 5255 hoc

551 5190 639 5274 eo)
772 5193 888 5274 illos
923 5197 1051 5274 tales
1085 5211 1305 5274 creatos,
1343 5210 1394 5274 et
1414 5190 1487 5253 ed
1528 5205 1622 5255 hoc
1648 5208 1817 5274 [actos
1847 5214 1902 5256 ut
1927 5221 2014 5258 es-

457 5261 801 5334 sentaubditi
821 5273 868 5315 et
911 5267 1143 5334 subjecti.
1197 5261 1320 5323 llaec
1354 5273 1546 5326 desunt
1591 5261 1660 5326 in.
1689 5274 1820 5328 libb.
1851 5288 2010 5330 antea

459 5332 638 5392 editis,
665 5333 758 5385 sed
787 5331 1056 5388 habentur
1084 5340 1136 5391 in
1166 5341 1414 5394 Omnibus
1450 5358 1583 5398 mss.

529 5402 640 5474 (‘21)
672 5403 763 5456 Sic
792 5419 922 5474 mss.
969 5406 1134 5471 Alias,
1174 5426 1192 5459 ‹
1233 5424 1298 5462 au
1335 5426 1403 5464 ex
1441 5413 1720 5467 voluntate
1761 5414 1873 5468 sola
1905 5417 2018 5470 lucc

458 5472 769 5552 possideant
801 5472 1095 5552 Creatoris.
1119 5479 1237 5552 (νει
1258 5496 1375 5547 quae
1401 5485 1743 5552 appellantur
1771 5488 2020 5540 domina-

462 5544 654 5622 tiones,
691 5545 772 5597 ba:
802 5546 861 5622 _si
896 5550 1053 5622 _quod
1091 5544 1448 5622 ‘domin'antur'
1471 5544 1590 5606 -nou
1621 5569 1716 5622 per
1768 5555 1892 5610 facti
1933 5558 2017 5611 sui

465 5615 846 5696 meritumjeis
893 5615 1054 5670 fuerit
1104 5621 1374 5684 add.tum,
1421 5625 1515 5680 sed
1565 5615 1636 5681 de
1694 5627 2019 5682 conditionis

464 5695 836 5756 prtrrogattva,
874 5706 890 5739 ι
925 5698 1026 5743 ctr.

2116 3115 2272 3168 nmlis
2334 3113 2626 3166 virtutibus
2684 3113 2810 3181 quid
2878 3123 3065 3167 sancta
3143 3111 3423 3180 Scriptura
3493 3110 3682 3163 conti-

2115 3215 2273 3269 neat,
2315 3205 2693 3275 proleremus;
2736 3215 2846 3258 tum
2891 3205 3084 3259 deinde
3135 3205 3296 3259 etiam
3339 3203 3404 3256 (le
3459 3201 3678 3256 caeteris

2112 3294 2219 3364 67
2261 3293 2702 3362 investigabitnus
2724 3333 2739 3358 ,
2770 3293 3062 3348 secundum
3095 3295 3235 3362 quod
3273 3292 3527 3346 Dominus
3561 3305 3665 3344 nos

2115 3384 2278 3439 fuerit
2312 3385 2619 3440 illuminare
2653 3387 2935 3455 dignatus,
2985 3397 3046 3440 ut
3098 3387 3151 3439 iu
3197 3385 3359 3439 rebus
3395 3393 3501 3437 tam
3535 3381 3683 3436 dilli-

2115 3478 2308 3532 cilibus
2332 3479 2459 3547 qttid
2493 3480 2666 3549 magis
2698 3481 2919 3534 veritati
2953 3480 3021 3534 sit
3050 3479 3355 3548 proximum
3381 3517 3395 3541 ,
3423 3475 3506 3529 vel
3545 3476 3680 3544 quid

2115 3573 2410 3625 secundum
2457 3572 2672 3640 pietatis
2719 3575 2956 3643 regulam
2988 3571 3316 3642 opinandum
3351 3569 3456 3635 sit,
3485 3583 3684 3622 conse-

2115 3679 2362 3732 quamur.
2405 3661 2714 3719 Invenimus
2749 3680 2983 3734 namque
3012 3665 3064 3718 in
3103 3660 3382 3719 Ezechiele
3409 3660 3681 3730 propheta

2115 3756 2251 3808 duas
2281 3755 2545 3822 quasdam
2582 3755 2896 3824 prophetias
2941 3756 3174 3824 scriptas
3204 3770 3326 3808 esse
3371 3752 3438 3808 ad
3471 3751 3685 3822 princi-

2116 3863 2238 3917 pem
2263 3847 2392 3917 Tyri
2413 3847 2481 3914 θ’,
2500 3862 2731 3916 quarum
2764 3850 2935 3916 prima
2961 3846 3195 3916 fortasse
3214 3847 3483 3900 videbitur
3511 3845 3685 3899 alicui

2117 3947 2410 4006 antequam
2444 3939 2635 3993 audiat
2664 3949 2718 3993 et
2746 3940 3034 3993 secundam
3058 3981 3073 4005 ,
3107 3939 3214 3994 dici
3241 3939 3306 3992 de
3327 3938 3547 3993 homine
3573 3936 3684 3990 ali-

2117 4043 2223 4097 quo
2264 4031 2355 4099 qui
2388 4031 2640 4099 princeps
2678 4031 2842 4083 fuerit
2865 4029 3175 4100 Tyriorum.
3219 4029 3286 4084 Et
3320 4030 3438 4084 ideo
3466 4044 3563 4084 nos
3597 4027 3687 4080 in-

2121 4121 2276 4174 terim
2319 4123 2449 4176 nihil
2485 4124 2551 4178 de
2581 4124 2753 4192 prima
2788 4123 2880 4182 illa
2924 4137 3232 4189 sumemus;
3279 4121 3517 4176 secunda
3552 4133 3683 4172 vero

2118 4217 2374 4284 quoniam
2411 4216 2818 4271 evidentissime
2850 4215 2972 4270 talis
3019 4225 3133 4281 est,
3169 4224 3229 4269 ut
3279 4213 3410 4268 nihil
3454 4227 3685 4282 prorsus

2118 4307 2184 4357 de
2209 4306 2446 4373 homine,
2479 4308 2572 4361 sed
2607 4310 2675 4361 de
2705 4309 2905 4360 virtute
2939 4305 3116 4376 aliqua
3149 4305 3417 4376 superiori
3454 4303 3682 4372 intelligi

2119 4397 2311 4452 debeat
2339 4399 2450 4467 (~25)
2473 4415 2592 4469 quae
2615 4400 2831 4469 delapsa
2869 4399 3033 4454 fuerit
3076 4417 3104 4454 a
3132 4399 3500 4470 superioribus
3530 4405 3587 4452 et
3624 4398 3681 4452 in

2184 4644 2293 4716 (‘22)
2331 4643 2608 4697 Putentur.
2639 4645 2796 4698 Deest
2841 4645 2893 4698 in
2930 4655 3086 4699 antea
3114 4647 3297 4713 editis,
3333 4646 3424 4700 sed
3457 4645 3511 4700 in
3547 4663 3680 4707 mss.

2115 4720 2404 4783 reperitur.

2185 4784 2295 4856 (9.5)
2338 4783 2428 4840 Sic
2472 4793 2619 4841 recte
2652 4786 2871 4840 omnino
2919 4785 3076 4840 codd.
3118 4801 3272 4854 mss.,
3327 4785 3454 4840 editi
3501 4801 3680 4843 vero:

2123 4873 2142 4907 ι
2191 4857 2446 4910 Minorem
2495 4856 2798 4911 substantia
2847 4872 2942 4910 sua
2985 4857 3246 4910 malitiam
3302 4859 3678 4924 posteriorem.

2117 4927 2242 4980 lllos
2272 4941 2485 4994 quoque
2515 4927 2696 4980 mundi
2733 4928 3074 4980 tenebrarum
3111 4937 3351 4982 rectores
3393 4939 3448 4982 et
3477 4929 3682 4996 princ:—

2122 5012 2214 5064 pes
2247 4999 2554 5068 appellavit,
2587 5012 2652 5052 eo
2681 4998 2823 5066 quod
2854 4998 3187 5067 principatus
3214 5008 3266 5052 et
3311 4999 3400 5068 qui
3431 5000 3682 5054 obtinent

2122 5067 2391 5130 tenebras,
2432 5086 2449 5119 ι
2487 5079 2591 5122 etc.

2192 5135 2303 5208 ('24)
2336 5136 2409 5189 ita
2443 5154 2570 5192 mss.
2625 5138 2792 5200 Alias,
2844 5158 2863 5189 ‹
2916 5139 3210 5208 spiritibus.
3268 5158 3286 5191 ι
3343 5136 3509 5194 Paulo
3560 5149 3685 5208 post

2123 5207 2277 5269 mss.,
2312 5224 2338 5278 rt
2377 5210 2515 5276 quod
2543 5207 2586 5261 si
2619 5210 2731 5262 lucc
2759 5211 2828 5262 ita
2861 5207 3230 5278 de’tnalignis.
3267 5228 3286 5261 ι
3327 5209 3480 5264 Libb.
3512 5207 3669 5274 editi,

2127 5297 2144 5329 t
2182 5277 2387 5346 quodsi
2421 5279 2469 5331 itl
2505 5279 2571 5331 de
2602 5279 2776 5332 malis.
2816 5300 2832 5330 ι

2199 5348 2311 5414 (25)
2353 5346 2419 5400 Ut
2467 5349 2596 5401 nihil
2647 5365 2859 5416 prorsus
2888 5352 2950 5401 de
2990 5350 3216 5414 homine,
3262 5352 3353 5406 sed
3385 5353 3448 5406 de
3489 5353 3684 5406 virtute

2128 5416 2325 5490 aliqua
2361 5418 2581 5486 intelligi
2630 5420 2866 5490 debent,
2900 5420 3034 5475 Vide
3096 5424 3343 5476 eumdem
3387 5423 3681 5490 Origenem

2128 5488 2265 5561 infra
2315 5488 2409 5561 lib.
2453 5504 2513 5542 tu
2556 5489 2693 5556 Περὶ
2725 5489 2942 5560 ἀρχῶν,
2992 5506 3114 5561 cap.
3146 5493 3218 5555 ‘2,
3257 5504 3313 5547 et
3352 5488 3534 5547 bomil.
3567 5496 3599 5547 9
3631 5503 3683 5546 et

2130 5559 2195 5634 l_0
2249 5560 2320 5634 in
2354 5558 2652 5634 blumeros,
2705 5558 3101 5634 ubiisimiliter
3137 5566 3294 5634 docet
3342 5565 3682 5634 prophetiam

2129 5629 2427 5702 Ezechielis
2467 5644 2584 5702 cap.
2620 5629 2941 5685 xxvnt’nou
2992 5635 3056 5684 de
3093 5633 3308 5686 homine
3343 5629 3479 5694 rege
3527 5632 3681 5702 Tyri,

2065 5747 2071 5753 .
2131 5702 2220 5755 sed
2254 5715 2370 5754 esse
2405 5701 2807 5770 intelligendam
2845 5703 2908 5755 de
2941 5705 3133 5771 angelo
3161 5718 3317 5771 quem
3359 5705 3494 5760 Deus
3541 5701 3684 5758 cele-
