3952 6144
455 302 485 354 1
496 298 566 355 =33

1722 302 2041 359 ORIGENIS
2078 306 2234 359 [ΙΕΡί
2275 306 2501 360 ΑΡΧΩΝ

3572 304 3680 359 {Gl

459 420 727 474 videnlur
756 434 876 476 esse
906 419 1223 476 commissae.
1283 419 1451 486 Quam
1486 436 1619 477 sane
1660 422 1863 495 Tyrum
1883 463 1899 489 ,
1946 423 2027 479 vel
2054 429 2103 486 Α
2130 426 2284 481 docet
2315 442 2411 481 nos
2438 427 2503 480 de
2533 424 2746 480 diabolo
2772 426 2989 480 dicens:
3023 443 3040 475 ι
3072 420 3207 479 Ecce
3237 423 3392 479 video
3415 420 3676 477 Satanam

462 528 602 581 quas
634 510 921 584 Tyriorum
968 514 1177 568 animas
1222 516 1426 570 sentire
1464 516 1789 584 debeamus,
1837 526 2019 571 utrunt

466 601 607 657 hanc
636 618 757 672 qua:
792 607 842 657 in
894 604 1175 659 Phoenices
1218 608 1508 675 provinciae
1562 611 1874 677 regionibus
1917 609 2020 663 sila

458 704 576 756 est,
618 695 728 764 68
775 711 841 747 an
908 695 1068 748 aliam
1115 698 1349 766 aliquam
1400 699 1554 768 cujus
1598 700 1710 753 haec.
1759 716 1919 769 quam
1966 702 2018 757 in

462 783 624 836 terris
670 786 948 848 novimus,
993 785 1162 839 forma
1209 797 1347 851 est;
1376 798 1432 841 et
1481 789 1691 843 animas
1726 789 2019 860 Tyriorum

463 885 637 928 utrum
671 879 859 930 horum
886 919 900 940 ,
946 893 1013 931 an
1047 895 1235 932 eorum
1278 882 1369 949 qui
1405 882 1689 937 domestici
1724 894 1849 937 sunt
1883 885 2021 939 illius

463 966 584 1037 Tyri
632 984 748 1036 qua:
782 971 1105 1037 spiritaliter
1136 970 1474 1038 intelligitur,
1512 975 1561 1026 in
1602 975 1702 1027 hoc
1750 976 1867 1029 loco
1912 991 2017 1028 non

458 1060 674 1113 videtur
703 1064 1088 1130 requirendum
1114 1081 1128 1127 ;
1156 1082 1222 1120 ne
1262 1066 1399 1120 forte
1434 1068 1580 1121 velut
1614 1068 1663 1120 iu
1699 1069 1925 1121 transitu
1953 1069 2020 1123 de

461 1152 625 1206 tantis
652 1164 702 1205 et
732 1165 835 1205 tam
868 1156 1205 1210 absconditis
1232 1159 1392 1212 rebus
1415 1159 1697 1212 videamur
1722 1159 2015 1228 inquirere,

454 1247 600 1311 quod
635 1245 819 1308 utique
849 1247 1127 1311 proprium
1162 1247 1245 1299 vel
1270 1263 1404 1315 Opus
1429 1249 1615 1316 exigit,
1642 1249 1722 1301 vel
1751 1249 2015 1305 laborem.

528 1335 581 1387 5.
642 1333 875 1388 Rursum
926 1346 1103 1391 tamen
1152 1340 1312 1391 etiam
1366 1340 1429 1393 de
1480 1341 1584 1394 alia
1641 1345 1840 1395 virtute
1891 1357 2018 1395 cnu-

459 1429 628 1480 traria
653 1429 765 1497 (40)
790 1428 857 1482 ab
878 1430 1011 1483 Isaia
1042 1433 1297 1498 propheta
1328 1431 1450 1484 talia
1479 1434 1723 1501 quanlain
1742 1435 2014 1492 docemur.

449 1520 549 1574 Ait
570 1521 710 1572 enim
748 1535 761 1571 :
803 1540 821 1571 ‹
856 1520 1132 1585 Qnmnodo
1160 1523 1481 1593 ceridit(tl)
1514 1525 1578 1578 de
1608 1525 1747 1578 cmlo
1779 1523 2015 1589 Lucifer,

461 1612 552 1678 qui
601 1627 757 1665 mane
789 1613 1114 1666 oriebatur?
1152 1614 1476 1668 Confractus
1510 1625 1593 1669 est
1625 1626 1674 1670 et
1708 1617 1925 1670 collisus
1963 1618 2016 1669 in

463 1710 667 1753 terram
701 1703 791 1769 qui
827 1703 1146 1756 immittebat
1185 1704 1249 1757 ad
1296 1720 1484 1757 (mines
1524 1715 1728 1773 gentes.
1771 1704 1849 1759 Tu
1887 1722 2014 1761 vero

459 1792 650 1846 dixis'ti
688 1794 737 1846 in
774 1809 931 1847 sensu
975 1794 1085 1864 (49.)
1132 1805 1220 1848 tuo
1269 1813 1281 1849 :
1332 1796 1634 1849 Ascendam
1674 1798 1725 1851 in
1779 1799 2014 1863 caelum,

456 1900 625 1953 Super
655 1886 843 1939 stellas
867 1888 988 1939 εαξη
1023 1902 1212 1953 ponam
1240 1903 1414 1941 metnn
1443 1890 1715 1953 thronum,
1743 1890 1941 1944 sedebo
1965 1892 2014 1944 in

462 1992 642 2032 monte
681 1980 894 2033 excelso
944 1996 1103 2049 super
1132 1994 1340 2037 montes
1369 1984 1613 2037 excelsus
1662 1986 1752 2053 qui
1795 1995 1918 2039 sunt
1951 1987 2016 2041 ad

464 2072 779 2139 Aquilonem
813 2072 955 2141 (45),
996 2074 1281 2125 ascendam
1325 2090 1487 2143 super
1528 2077 1716 2139 nubes,
1743 2091 1834 2131 ero
1868 2078 2018 2131 sitni-

458 2162 529 2218 lis
562 2164 858 2217 Altissimo.
900 2164 1049 2220 Nunc
1075 2176 1250 2219 autem
1286 2167 1335 2219 in
1363 2167 1631 2220 iuferntnu
1660 2169 2014 2237 demergeris,

464 2263 520 2307 et
555 2254 605 2307 in
656 2254 1002 2309 fundamenta
1034 2267 1209 2311 terrae.
1252 2256 1351 2323 Qui
1389 2267 1439 2311 te
1472 2259 1745 2323 viderint,
1779 2259 2017 2313 admira-

460 2346 659 2398 buntur
684 2361 845 2415 super
888 2357 963 2413 te,
1001 2358 1056 2401 et
1085 2349 1304 2404 dicent:
1347 2348 1444 2404 Hic
1474 2360 1557 2404 est
1582 2352 1741 2404 homo
1771 2352 1861 2420 qui
1890 2367 2017 2405 exa-

454 2440 717 2493 cerliabat
774 2449 940 2493 totam
995 2450 1239 2505 terram,
1278 2442 1370 2510 qui
1420 2444 1667 2496 movebat
1699 2458 1873 2511 reges,
1921 2444 2014 2511 qui

460 2530 589 2582 fecit
623 2532 933 2584 universum
984 2534 1171 2585 orbem
1218 2534 1532 2599 desertum,
1582 2535 1674 2603 qui
1707 2537 1867 2588 urbes
1915 2534 2012 2589 dc-

460 2626 699 2686 struxit,
735 2638 833 2677 nec
878 2638 971 2677 eos
1017 2625 1108 2692 qui
1164 2627 1214 2678 in
1270 2626 1499 2679 vinculis
1547 2635 1712 2690 sunt,
1771 2628 2013 2681 resolvit.

456 2712 660 2768 Omnes
688 2730 839 2783 reges
868 2718 1107 2785 gentium
1140 2718 1473 2772 dormierunt
1498 2720 1549 2772 in
1585 2720 1809 2785 honore,
1848 2736 2015 2776 unus-

459 2809 690 2878 quisque
741 2811 791 2862 in
830 2808 989 2862 domo
1018 2824 1114 2862 sua
1148 2826 1163 2863 :
1217 2819 1270 2863 tu
1298 2825 1421 2863 vero
1448 2811 1748 2880 projicicris
1783 2813 1832 2865 in
1865 2828 2015 2866 mou-

461 2900 604 2952 tibus
630 2900 767 2952 sicut
792 2910 1035 2953 tnortuus
1057 2902 1416 2955 exsecrabilis
1434 2918 1553 2955 eum
1581 2903 1764 2957 multis
1789 2905 2013 2957 mortuis

456 2991 552 3059 qui
584 2992 861 3045 transfossi
897 3002 1025 3046 sunt
1064 2994 1289 3058 gladiis,
1317 3003 1369 3045 et
1408 2994 1804 3049 descenderunt
1830 2995 1881 3047 in
1928 2996 2012 3048 in-

460 3082 695 3135 fernum.
739 3082 890 3135 Sicut
915 3084 1294 3136 vestimentum
1323 3085 1582 3151 sanguine
1610 3096 1922 3139 concretum
1949 3094 2006 3138 et

460 3173 717 3226 infectum
744 3188 848 3225 non
880 3174 984 3225 erit
1011 3174 1288 3234 mundum,
1320 3174 1391 3226 ita
1423 3186 1519 3228 nec
1558 3184 1610 3227 tu
1639 3177 1857 3241 quidem
1896 3178 2006 3232 eris

458 3265 691 3318 mundus
724 3279 819 3332 pro
865 3278 928 3317 eo
972 3264 1113 3331 quod
1166 3273 1364 3316 terram
1399 3280 1571 3318 meam
1605 3267 1917 3333 perdidisti,
1952 3277 2007 3322 et

458 3358 712 3425 populum
746 3370 922 3409 meum
945 3357 1222 3419 occidisti,
1248 3372 1350 3409 non
1385 3359 1625 3411 manebis
1662 3359 1715 3411 in
1746 3368 2004 3413 attentum

456 3462 690 3515 tempus,
739 3464 920 3502 semen
968 3448 1281 3517 pessimum.
1339 3446 1585 3516 Praspara
1622 3449 1757 3503 ﬁlios
1794 3458 1911 3505 tuos
1938 3452 2004 3504 ad

461 3540 893 3596 interfectionem
927 3554 1023 3608 pro
1050 3540 1289 3608 peccatis
1314 3546 1484 3609 patris
1509 3542 1606 3604 tui,
1635 3555 1701 3595 ne
1728 3553 2009 3610 resurgant.

453 3646 511 3689 et
538 3644 737 3687 terram
768 3632 1077 3686 haereditate
1104 3633 1437 3700 pOssideant,
1459 3644 1512 3685 et
1540 3632 1780 3701 repleant
1806 3644 2003 3685 terram

455 3727 608 3782 bellis
628 3766 643 3792 ,
680 3736 734 3780 et
766 3727 1039 3794 insurgam
1068 3724 1117 3775 in
1146 3738 1258 3789 eos,
1298 3725 1428 3778 dicit
1459 3726 1716 3779 Dominus
1743 3724 2001 3786 Sabaoth,

454 3831 508 3873 et
537 3819 782 3886 deperire
815 3819 1005 3871 faciam
1039 3834 1232 3872 nomen
1271 3822 1533 3886 ipsorum,
1566 3828 1612 3871 et
1646 3819 1921 3886 reliquias,
1947 3828 2001 3872 et

455 3925 636 3962 semen
664 3923 846 3962 eorum
863 3909 956 3969 θ’.»
983 3909 1415 3963 Manifestissime
1443 3924 1538 3977 per
1565 3911 1676 3963 ba'c
1698 3911 2002 3963 ostenditur

454 4002 719 4057 cecidisse
752 4002 816 4054 de
860 4002 1012 4055 caelis
1046 4004 1228 4071 utique
1267 4001 1359 4070 qui
1411 4000 1561 4069 prius
1604 4012 1722 4055 erat
1764 4000 1999 4062 Lucifer,

452 4104 507 4147 et
535 4096 624 4163 qui
656 4108 813 4149 mane
858 4095 1150 4147 oriebatur.
1196 4094 1249 4146 Si
1284 4094 1450 4156 enim,
1498 4103 1551 4145 ut
1588 4103 1773 4161 putant
1814 4094 2000 4161 aiiqui,

458 4195 647 4239 natura
681 4185 791 4259 (44)
825 4187 1166 4239 tenebrarum
1194 4194 1344 4248 erat,
1372 4185 1640 4254 quomodo
1680 4194 1804 4238 ante
1836 4186 2002 4241 fuisse

452 4278 673 4334 Lucifer
703 4278 936 4333 dicitur?
991 4276 1079 4332 Vel
1112 4280 1377 4346 quomodo
1410 4288 1618 4346 poterat
1666 4278 1796 4331 oriri
1846 4294 2003 4333 mane

447 4374 535 4441 qni
575 4372 707 4427 nihil
736 4373 787 4426 iu
820 4386 879 4427 se
927 4372 1154 4425 habebat.
1187 4386 1253 4424 ex
1300 4370 1462 4425 lucc?
1515 4370 1620 4424 Sed
1669 4379 1724 4425 et
1754 4370 2003 4426 Saivator

514 4552 559 4582 ”
594 4550 693 4603 lsa.
725 4565 831 4612 xiv,
858 4548 921 4602 t9.
946 4564 1094 4618 seqq.
1172 4554 1187 4580 ³
1220 4550 1351 4605 Luc.
1381 4566 1433 4617 ι,
1466 4550 1549 4604 18.

443 4778 557 4827 xiv,
606 4764 673 4817 {'2
723 4778 914 4832 seqq.,
974 4778 1097 4816 mox
1152 4764 1393 4827 laudata,
1442 4768 1508 4819 de
1570 4768 1785 4822 diabolo
1832 4770 1995 4823 etiam

442 4835 640 4905 accipit
675 4832 811 4905 infra
845 4832 937 4885 lib.
973 4848 1023 4905 tv
1055 4834 1191 4902 Περὶ
1224 4832 1444 4905 ᾀρχῶν.
1472 4851 1591 4905 cap.
1614 4838 1680 4904 2,
1716 4852 1811 4892 nec
1837 4841 1997 4893 aliter

442 4903 681 4977 Iertull.
714 4902 805 4955 lib.
851 4917 884 4977 _v
924 4903 1170 4956 adversus
1213 4903 1473 4977 Marcion.
1496 4945 1512 4969 ,
1540 4902 1672 4977 'cap.
1712 4909 1770 4961 Η
1805 4918 1859 4962 et
1891 4910 1994 4974 i7;

442 4973 639 5026 Euseb.
672 4974 721 5025 in
752 4972 941 5041 psalm.
976 4989 1174 5038 LxXXI;
1214 4974 1469 5029 Ambros.
1506 4977 1556 5029 in
1582 4972 1988 5043 psalm.cxvm§

438 5042 768 5117 étIianasius
798 5043 1124 5117 pluribusin
1173 5044 1337 5117 locis,
1364 5046 1540 5117 AGreg.
1570 5046 1705 5115 Μαί.
1753 5042 1987 5117 saspius:

440 5113 766 5186 :l‘lieodoret.
822 5114 965 5186 bic;_
1002 5114 1239 5186 lsidorus
1285 5114 1459 5186 Pelus.
1496 5113 1588 5169 lzb.
1629 5113 1848 5186 {epist}
1885 5119 1987 5181 15;

439 5184 704 5237 Bernard.
737 5197 901 5236 serm.
935 5183 969 5236 5
1003 5185 1053 5236 in
1085 5184 1279 5238 vision.
1314 5185 1433 5239 lsai.
1491 5187 1597 5241 Sed
1645 5183 1752 5241 non
1794 5190 1990 5242 desunt

435 5252 542 5325 alii
576 5251 762 5306 Patres
788 5263 843 5325 et
885 5253 1175 5319 Scriptura:
1207 5269 1379 5309 sacra:
1405 5256 1732 5324 interpretes
1756 5259 1845 5325 qui
1873 5259 1987 5311 lucc

433 5323 763 5397 adlitteram
796 5322 1140 5397 intelligenda
1186 5334 1374 5397 putent
1407 5326 1473 5380 de
1516 5322 1637 5395 rege
1670 5322 1981 5397 Babylonis,

433 5394 525 5446 alii
554 5394 620 5447 de
655 5392 1216 5455 Nabuchodonosore,
1267 5395 1356 5448 alii
1390 5398 1457 5450 de
1507 5392 1845 5462 Balthasare,
1891 5398 1982 5451 alii

436 5468 503 5537 de
536 5463 941 5537 Setinacherib,
988 5466 1352 5537 unusquisque
1409 5467 1570 5537 juxta
1608 5484 1760 5537 suam
1811 5469 1981 5537 hypo-

435 5536 646 5587 thesim.
684 5531 795 5602 Ego
822 5547 949 5587 vero
970 5534 1035 5586 de
1066 5534 1378 5587 Baltbasare.
1407 5531 1610 5603 accipio
1630 5578 1645 5603 ,
1676 5536 1765 5604 qui
1792 5531 1982 5592 eadem

430 5614 588 5678 nocte
618 5618 721 5671 qua
751 5616 915 5678 capta
944 5615 1032 5678 est
1054 5606 1339 5678 dolo_urbs
1363 5604 1604 5676 Babylon
1632 5624 1662 5661 a
1693 5607 1860 5678 Cyro,
1894 5607 1980 5663 itt-

431 5671 690 5744 terleetus
712 5683 812 5727 est.
861 5672 991 5744 Vide
1018 5674 1290 5729 Danielem
1320 5690 1440 5744 cap.
1475 5671 1528 5727 ir.

498 5741 610 5811 (41)
650 5743 726 5796 lta
758 5758 889 5801 mss.
919 5742 1067 5799 Alias
1088 5783 1103 5810 ,
1139 5762 1157 5797 ι
1182 5741 1521 5816 descendit.»

1625 4553 1645 4583 ³
1678 4550 1865 4607 Matth.
1891 4569 2038 4620 xxiv,
2060 4554 2149 4607 27.

515 4691 632 4817 (40)
672 4691 849 4746 Etiam
881 4693 944 4745 de
967 4694 1074 4745 alia
1102 4694 1296 4747 virtute
1331 4696 1619 4749 contrwia.
1661 4697 1810 4751 Isaia:
1839 4700 2003 4754 verba
2035 4707 2080 4761 D

515 4778 557 4817 ν.
638 4764 673 4817 '2
723 4778 914 4817 seum.
974 4778 1097 4816 mox
1152 4764 1393 4817 laudata.
1442 4768 1508 4817 de
1570 4768 1785 4817 diabolo
1832 4770 1995 4817 etiam

2128 518 2386 573 cecidisse
2434 518 2500 573 de
2548 518 2683 573 ccelo
2728 519 2865 571 sicut
2897 517 3129 587 fulgur‘.
3161 535 3180 569 ι
3225 515 3338 570 Lux
3385 516 3525 571 enim
3556 526 3678 568 erat

2128 610 2437 677 aliquando.
2478 610 2583 663 Sed
2614 619 2667 663 et
2704 610 2959 662 Dominus
3001 621 3185 662 noster
3208 610 3297 677 qui
3339 609 3543 662 veritas
3569 617 3675 674 est,

2127 700 2347 769 gloriosi
2385 701 2646 753 adventus
2698 699 2779 753 sui
2822 698 2930 771 (45)
2976 699 3272 767 potentiam
3326 698 3677 751 nihilominus

2126 792 2322 860 fulguri
2376 790 2711 857 comparavit
2758 790 2982 842 dicens:
3023 806 3040 838 ε
3067 789 3219 841 Sicut
3263 788 3404 840 enim
3439 787 3618 853 fulgur
3648 804 3678 842 a

2127 897 2336 937 summo
2370 883 2507 934 tullo
2535 880 2698 949 fulget
2730 894 2898 946 usque
2920 880 2985 933 ad
3015 895 3281 931 summum
3312 879 3446 948 ejus,
3475 880 3547 931 ita
3576 880 3684 933 erit

2125 975 2384 1028 adventus
2434 972 2551 1025 Filii
2608 972 2889 1025 bominis‘.
2923 990 2941 1022 ›
3023 970 3087 1024 Et
3141 971 3487 1024 nihilominus
3539 972 3683 1025 hunc

2126 1063 2321 1132 fulguri
2345 1072 2650 1134 comparat,
2697 1072 2752 1114 et
2792 1063 2919 1115 dicit
2956 1077 3076 1114 eum
3114 1061 3374 1115 cecidisse
3402 1062 3466 1114 de
3501 1061 3679 1127 cmlo;

2125 1167 2183 1211 ut
2214 1158 2520 1212 ostenderet
2555 1172 2646 1227 per
2674 1157 2775 1210 hoc
2809 1154 2972 1207 fuisse
2998 1163 3051 1207 et
3084 1154 3256 1222 ipsum
3300 1153 3593 1221 aliquando
3624 1157 3679 1207 in

2123 1248 2283 1314 cmlo,
2307 1259 2358 1301 et
2410 1248 2660 1301 habuisse
2692 1246 2865 1300 locum
2916 1244 3056 1297 inter
3103 1255 3339 1306 sanctos,
3377 1255 3430 1297 et
3463 1246 3683 1311 partici-

2124 1355 2280 1409 passe
2310 1340 2377 1393 de
2408 1341 2507 1393 bac
2538 1340 2673 1401 luce,
2695 1340 2759 1390 de
2789 1353 2890 1406 qua
2918 1352 3103 1389 omnes
3131 1338 3299 1388 sancti
3328 1337 3682 1405 participant,

2124 1447 2187 1485 ex
2215 1448 2321 1499 qua
2347 1432 2521 1499 angeli
2561 1430 2697 1483 lucis
2727 1428 3060 1492 efliciuntur,
3092 1436 3147 1481 et
3183 1426 3411 1496 apostoli
3443 1428 3528 1479 lux
3560 1426 3682 1499 (46)

2124 1524 2305 1578 nnmdi
2341 1523 2595 1577 dicuntur
2645 1538 2674 1575 a
2726 1521 2971 1574 Domino.
3045 1520 3158 1574 lloc
3193 1534 3321 1587 ergo
3353 1522 3509 1573 modo
3559 1528 3685 1573 erat

2123 1616 2285 1669 etiam
2320 1615 2422 1668 iste
2450 1613 2541 1667 lux
2578 1614 2865 1681 aliquando
2894 1622 3180 1681 antequam
3226 1613 3685 1680 praevaricaretur

2123 1714 2177 1761 et
2208 1706 2427 1759 caderet
2466 1706 2516 1759 in
2552 1705 2693 1759 hunc
2722 1705 2933 1767 locum,
2965 1714 3019 1758 et
3052 1704 3223 1770 gloria
3254 1702 3367 1772 ejus
3397 1712 3685 1757 converte-

2124 1811 2274 1852 refur
2305 1798 2355 1851 in
2385 1798 2682 1867 pulverem,
2706 1798 2844 1865 quod
2868 1806 2947 1849 est
2976 1797 3191 1865 proprie
3218 1796 3521 1864 impiorum,
3541 1796 3684 1850 sicut

2124 1900 2179 1944 et
2213 1890 2471 1958 propheta
2497 1890 2645 1951 dicit,
2682 1904 2744 1940 ex
2772 1904 2879 1956 quo
2916 1896 2971 1940 et
3004 1890 3253 1955 princeps
3280 1885 3439 1953 hujus
3466 1888 3677 1949 mundi,

2126 1983 2176 2035 id
2212 1992 2294 2035 cst
2339 1990 2565 2034 terrente
2596 1978 2966 2045 habitationis,
2996 1978 3292 2047 appellatus
3312 1989 3431 2042 est;
3464 1978 3684 2046 princi-

2124 2082 2307 2142 patum
2371 2087 2601 2141 namque
2646 2072 2755 2140 egit
2808 2071 2858 2123 in
2903 2086 2993 2124 eos
3024 2071 3112 2137 qui
3147 2069 3262 2138 ejus
3309 2070 3527 2123 malitia":
3578 2073 3680 2125 ob-

2124 2164 2295 2216 secuti
2324 2171 2471 2225 suut,
2503 2163 2754 2229 quoniam
2786 2160 2893 2232 (47)
2935 2162 3151 2230 quidem
3187 2178 3207 2211 ι
3234 2171 3373 2215 totus
3406 2162 3490 2215 hic
3522 2177 3680 2215 mun-

2124 2256 2223 2310 dus
2280 2255 2556 2325 (mundum
2610 2264 2791 2308 autem
2831 2270 2969 2307 nunc
3041 2264 3311 2308 terrenum
3373 2255 3530 2308 istum
3579 2270 3682 2325 ap-

2123 2346 2262 2416 pello
2300 2332 2513 2416 locum}
2552 2344 2603 2397 in
2640 2344 2872 2411 maligno
2916 2343 3122 2411 positus
3155 2343 3297 2409 est’,
3330 2363 3348 2395 ›
3392 2354 3445 2399 et
3490 2347 3540 2399 in
3575 2347 3679 2400 hoc

2124 2447 2390 2507 apostata.
2432 2435 2584 2502 Quod
2626 2447 2801 2489 autem
2843 2446 3083 2503 aposmta
3121 2437 3191 2489 sit
3222 2437 3347 2501 iste,
3378 2438 3429 2491 id
3471 2448 3551 2491 est
3584 2453 3674 2492 re-

2123 2529 2267 2598 fuga,
2297 2528 2457 2581 etiam
2487 2526 2742 2580 Dominus
2766 2527 2932 2581 iuJob
2954 2528 3025 2581 ita
3055 2527 3184 2581 dicit
3215 2541 3231 2581 :
3258 2547 3275 2578 ι
3298 2528 3538 2582 Adduees
3559 2528 3675 2601 (i8)

2122 2631 2302 2675 autem
2354 2620 2645 2673 draconem
2699 2620 2750 2672 in
2809 2620 2966 2674 hamo
3028 2622 3405 2691 apostatam‘,
3440 2641 3458 2673 ι
3504 2622 3553 2674 id
3590 2631 3677 2675 est

2122 2714 2387 2783 refugam.
2428 2712 2648 2767 Certum
2680 2723 2763 2767 cst
2815 2726 2994 2768 autem
3037 2714 3160 2781 quia
3195 2718 3359 2768 draco
3411 2715 3524 2784 ipse
3552 2714 3672 2767 dia-

2120 2805 2277 2860 bolus
2322 2805 2657 2873 intelligitur.
2714 2805 2771 2857 Si
2819 2820 2949 2873 ergo
2984 2806 3271 2859 contrariae
3301 2808 3526 2859 virtutes
3570 2821 3675 2858 no-

2120 2899 2396 2951 minantur
2421 2906 2474 2950 et
2507 2896 2867 2950 immacutata:
2901 2895 3066 2949 fuisse
3091 2896 3377 2963 aliquando
3394 2897 3673 2958 dicuntur,

2122 2987 2526 3041 immaculatum
2559 2997 2738 3040 autem
2770 3000 2887 3039 esse
2914 2996 3106 3053 printer
3136 2985 3349 3040 Patrem
3376 2995 3431 3040 et
3471 2985 3672 3040 Filium

2129 3090 2183 3134 et
2216 3079 2475 3148 Spiritum
2507 3089 2748 3133 sanctum
2788 3078 2917 3131 nulli
2940 3078 3367 3132 substantialiter
3390 3078 3551 3143 inest,
3575 3080 3671 3134 sed

2115 3173 2378 3225 sanctitas
2411 3172 2461 3224 in
2492 3171 2637 3224 omni
2680 3178 2928 3223 creatura
2960 3169 3209 3222 accidens
3250 3184 3337 3223 res
3369 3177 3484 3231 est,
3527 3172 3671 3237 quod

2112 3278 2290 3320 autem
2318 3265 2544 3329 accidit,
2576 3272 2629 3317 et
2658 3262 2906 3317 decidere
2944 3271 3149 3331 potest,
3203 3273 3256 3315 et
3292 3262 3409 3315 ista:
3440 3263 3671 3317 virtutes

2113 3357 2402 3411 contraria:
2435 3354 2795 3410 immaculata:
2835 3353 3119 3423 aliquando
3149 3352 3401 3417 fuerunt,
3448 3364 3500 3408 et
3530 3358 3675 3408 inter

2114 3446 2233 3500 illas
2266 3448 2447 3515 utique
2494 3446 2711 3501 fuerunt
2751 3460 2868 3514 quae
2916 3444 3095 3498 adhuc
3144 3445 3502 3499 immaculata:
3550 3462 3673 3514 per-

2113 3548 2368 3601 manent,
2413 3552 2509 3606 per
2540 3539 2644 3591 hoc
2668 3535 2972 3589 ostenditur
3007 3549 3179 3602 neque
3214 3534 3670 3601 substantialiter,

2112 3630 2196 3683 vel
2250 3630 2569 3683 naturaliter
2620 3643 2742 3683 esse
2795 3627 3029 3694 aliquem
3077 3625 3188 3697 (49)
3237 3626 3668 3693 immaculatum,

2112 3737 2285 3788 neque
2334 3720 2766 3775 substantialiter
2796 3731 2915 3772 esse
2947 3717 3207 3786 pollutum
3250 3735 3263 3770 :

2182 3814 2247 3867 Et
2271 3831 2361 3884 per
2386 3816 2487 3868 hoc
2513 3826 2851 3881 consequens
3042 3824 3257 3865 HIERON.
3295 3825 3539 3864 INTERPB.

2110 3916 2191 3961 est
2234 3907 2285 3960 in
2325 3908 2478 3961 nobis
2514 3920 2651 3971 esse,
2692 3913 2851 3972 atque
2995 3902 3194 3968 Quibus
3249 3906 3376 3957 moti
3428 3906 3671 3971 disputa-

2110 4000 2163 4053 in
2190 4000 2385 4053 nostris
2408 3999 2657 4061 motibus,
2686 4007 2743 4050 ut
2766 3997 2846 4049 vel
2921 3996 3146 4048 tionibus
3190 3995 3301 4063 (50)
3343 3998 3669 4050 arbitramur

2110 4093 2254 4147 beati
2277 4093 2355 4147 vel
2376 4094 2545 4146 sancti
2564 4091 2848 4156 simus,vel
2919 4105 3015 4141 sua
3065 4099 3244 4153 sponte
3281 4091 3418 4144 alios
3458 4107 3567 4144 esse
3607 4092 3665 4144 in

2108 4199 2205 4254 per
2224 4173 2478 4239 desidiam
2505 4191 2553 4237 et
2580 4182 2849 4253 negligen-
2921 4196 3130 4233 numero
3159 4191 3458 4234 sanctorum
3487 4192 3533 4235 et
3562 4182 3667 4235 mi-

2110 4275 2847 4330 tiamabeatitndineinma-
2920 4276 3131 4329 nisterio
3202 4276 3334 4340 Dei;
3400 4277 3530 4331 alios
3598 4277 3662 4330 ob

2109 4366 2343 4423 litiamet
2366 4367 2711 4437 perditionem
2730 4382 2848 4419 ver-
2921 4368 3125 4436 culpam
3153 4369 3415 4438 propriam
3446 4368 3510 4421 de
3537 4385 3665 4422 um-

2224 4552 2244 4582 ³
2274 4549 2468 4603 lJoan.
2494 4564 2544 4615 ν,
2574 4548 2652 4603 l9.
2730 4549 2751 4579 ’⁵
2778 4549 2877 4604 .lob
2902 4567 2990 4613 χι,
3014 4550 3102 4605 20.

2203 4695 2291 4767 42)
2328 4695 2405 4767 ita
2438 4708 2574 4767 mss.
2590 4694 2744 4767 Alias
2764 4736 2779 4757 ,
2816 4712 2836 4745 ε
2861 4696 3038 4749 corde.
3069 4714 3087 4746 ι

2203 4696 2291 4767 42)
2332 4696 2405 4748 lta
2438 4708 2568 4748 mss.
2597 4696 2744 4749 Alias
2764 4736 2779 4757 ,
2816 4712 2836 4745 ε
2861 4696 3038 4749 corde.
3069 4714 3087 4746 ι

2179 4696 2291 4839 (45)
2320 4765 2483 4839 γιίὺι).
2514 4766 2718 4839 θόίιίμ
2746 4780 2907 4833 super
2930 4780 3116 4839 omnes
3146 4764 3387 4819 excelsos
3412 4766 3501 4834 qui
3528 4779 3658 4822 sunt

2107 4837 2161 4892 in
2190 4836 2489 4897 Aquilone;
2526 4852 2544 4885 ι
2594 4836 2689 4889 sed
2719 4850 2845 4888 mss.
2874 4844 2930 4889 ut
2965 4836 3017 4889 in
3050 4845 3229 4889 nostro
3252 4844 3421 4889 textu.

2193 4852 2232 4890 Α
2281 4852 2489 4897 unone;
2526 4852 2544 4885 ι
2594 4852 2689 4889 seu
2719 4852 2845 4888 mss.
2874 4852 2930 4889 ut
2965 4853 3017 4889 ιιι
3050 4852 3229 4889 nosuo
3252 4852 3421 4889 texru.

2175 4852 2285 4979 (43
2326 4904 2480 4979 Libb.
2511 4904 2680 4969 editi,
2733 4923 2751 4955 ι
2777 4916 2832 4957 ut
2879 4912 3104 4973 putant,
3141 4906 3318 4975 aliqua
3374 4914 3593 4962 natura.
3627 4928 3649 4958 ι

2101 4976 2333 5032 AttuSs.
2367 4985 2422 5028 ut
2453 4976 2505 5027 in
2536 4985 2725 5028 nostro
2752 4984 2920 5030 textu.

2170 5045 2283 5118 (45)
2322 5045 2440 5118 δαὶ.
2479 5044 2636 5118 Deest
2661 5046 2711 5118 in
2739 5055 2897 5097 antea
2924 5047 3101 5109 editis,
3121 5048 3213 5102 sed
3237 5056 3413 5101 exstat
3435 5046 3485 5099 in
3512 5060 3651 5101 mss.

2168 5115 2280 5187 (⁷46)
2318 5115 2454 5169 Lux.
2490 5116 2648 5169 Deest
2675 5117 2730 5170 in
2762 5125 2921 5170 antea
2959 5118 3155 5183 editis,
3186 5118 3281 5172 sed
3330 5120 3556 5172 habetur
3592 5119 3648 5171 in

2096 5202 2223 5243 mss.

2190 5256 2276 5326 47)
2318 5254 2471 5323 Mss.,
2505 5273 2524 5307 ς
2550 5256 2826 5326 quoniam.
2854 5274 2874 5307 ι
2909 5256 3081 5320 Alias,
3128 5258 3457 5325 «quomodo.
3482 5276 3501 5310 ι

2163 5327 2273 5399 (48)
2315 5327 2466 5391 Mss.,
2517 5329 2854 5380 «adduces.»
2911 5328 3079 5391 Alias,
3128 5331 3432 5383 «educes.»
3479 5328 3649 5383 Paulo

2090 5408 2215 5465 post
2243 5413 2398 5460 mss.,
2437 5414 2454 5446 ι
2481 5400 2768 5449 contraria:
2790 5399 3018 5451 virtutes
3043 5408 3406 5451 nom.nantnr.
3432 5418 3450 5449 ι
3486 5398 3645 5455 Libb.

2089 5467 2220 5521 editi
2242 5507 2255 5526 ,
2292 5469 2621 5537 «coutrarize
2656 5469 2885 5522 virtutes
2918 5471 3123 5537 refuga:
3154 5470 3518 5521 nominantur.
3548 5488 3569 5520 ι

2185 5537 2273 5603 49)
2316 5536 2476 5598 Mss.,
2519 5537 2850 5604 «aliquem.»
2913 5536 3071 5590 Libb.
3124 5539 3288 5599 editi,
3327 5540 3641 5606 «aliquid.»

2185 5539 2273 5603 49)
2316 5539 2438 5589 MSS.
2461 5575 2476 5598 ,
2519 5555 2536 5587 ι
2557 5539 2810 5604 aliquem.
2833 5556 2850 5587 ι
2913 5539 3071 5590 Libb.
3124 5539 3288 5599 editi,
3327 5559 3344 5588 ι
3369 5540 3594 5606 aliquid.
3617 5558 3640 5593 ι

2161 5539 2284 5678 (50)
2316 5606 2514 5678 Quibus
2543 5609 2669 5678 moti
2709 5607 3153 5675 disputationibus
3174 5644 3196 5678 ,4
3222 5618 3329 5660 etc.
3372 5607 3522 5661 Ilunc
3559 5608 3640 5662 loc

2089 5675 2210 5744 cum
2247 5676 2326 5729 sic
2354 5677 2513 5728 vertit
2544 5675 2895 5746 Hieronymus
2927 5677 3147 5745 epistola
3175 5676 3242 5729 94
3290 5680 3356 5731 ad
3386 5681 3639 5745 Avitum;

2090 5747 2227 5800 unde
2258 5747 2424 5815 liquet
2445 5761 2605 5816 quam
2628 5748 2802 5803 dubia:
2832 5749 2902 5801 sit
2931 5748 3053 5801 fidei
3090 5746 3355 5814 interpres
3386 5747 3638 5805 Rufinus.
