3952 6144
213 283 303 341 Ιῧε

1592 281 1791 338 LIBER
1824 279 2102 337 PRIMUS.

3315 280 3421 336 166

210 413 385 470 gamus
428 399 483 453 in
529 407 737 454 tantum
772 407 830 454 ut
862 399 944 454 ni-
1015 399 1264 453 ctimonia
1324 407 1655 460 corruentes,
1710 398 1764 449 in
1793 402 1840 458 Α
1869 396 2118 467 inimicos
2149 394 2251 449 sub
2284 393 2508 464 pedibus
2538 390 2647 444 suis
2676 389 2716 443 ⁸.
2755 408 2773 440 r
2802 388 2960 457 Quod
2989 388 3035 444 si
3065 403 3131 444 ne
3165 389 3262 444 ista
3292 380 3422 460 qni--

212 495 342 547 n.itts
360 492 661 562 profectus,
690 500 747 546 ιιι
769 493 839 546 ita
861 493 943 546 di-
1017 500 1218 543 tantam
1250 489 1610 558 negligentiam
1637 504 1755 542 ror-

214 582 662 647 xerim,ma|itia:,
685 583 729 637 si
750 582 870 652 quis
894 583 944 636 in
1018 586 1215 650 ruisse,
1257 595 1311 638 ut
1350 586 1507 637 etiam
1544 585 1596 637 in
1636 600 1760 639 con-

213 677 949 745 tantnmsuineglexerit,us-
1021 677 1209 731 traria:
1271 678 1607 747 fortitudines
1642 694 1757 733 ver-

211 786 303 839 que
320 771 389 824 ad
419 787 547 824 eum
570 778 763 825 statum
792 773 951 824 deve-
1021 782 1265 827 terentur.

214 861 349 925 niat,
399 870 458 913 ut
496 877 560 915 ea
599 876 717 931 qua:
754 862 950 915 dicitur

206 955 471 1009 contraria
488 955 660 1009 virtus
673 953 947 1008 eﬂicitttnr.

730 1046 839 1117 69
878 1044 1102 1101 CAPUT
1142 1045 1230 1099 Vl.

562 1136 640 1190 De
684 1138 787 1206 ﬁne
828 1137 904 1190 vel
955 1136 1416 1190 consummatione.

265 1228 317 1283 1.
353 1227 513 1284 Finis
564 1228 646 1283 vel
703 1229 1114 1292 consummatio,
1161 1242 1334 1281 rerum
1390 1226 1757 1297 perfectarum

205 1328 817 1388 consummatarumque
867 1334 986 1373 esse
1047 1320 1258 1373 videtur
1315 1319 1573 1372 indicium
1625 1319 1757 1388 (5t).

204 1411 327 1478 Quae
354 1425 440 1465 res
468 1411 639 1465 etiam
678 1427 775 1464 nos
803 1410 851 1463 itt
880 1410 981 1464 hoc
1012 1409 1128 1464 loco
1151 1419 1474 1475 commouet,
1505 1409 1645 1478 quod
1695 1411 1761 1463 ad

200 1506 312 1558 hac
349 1513 462 1558 tam
502 1504 674 1557 ardua
705 1513 755 1556 et
784 1503 1018 1556 dillieilia
1060 1502 1422 1570 intelligenda,
1453 1502 1494 1555 si
1527 1502 1646 1570 quis
1674 1502 1762 1557 ille

198 1606 279 1647 est
302 1596 392 1663 qui
434 1594 649 1664 legendi
684 1594 877 1648 horum
914 1602 968 1647 et
993 1594 1120 1647 talia
1162 1595 1523 1663 cognoscendi
1554 1596 1762 1649 deside-

200 1688 333 1739 rium
373 1688 613 1754 ceperit,
648 1686 943 1755 perfectum
980 1697 1031 1740 et
1054 1687 1322 1741 eruditum
1356 1701 1574 1741 sensum
1606 1686 1762 1741 debet

203 1780 461 1834 adhibere
495 1796 509 1832 :
541 1795 607 1835 ne
640 1780 779 1834 forte
805 1780 850 1834 si
888 1791 980 1833 aut
1017 1780 1217 1833 nullum
1255 1795 1407 1835 usum
1442 1780 1492 1833 in
1520 1779 1763 1849 hujusce-

200 1872 337 1924 modi
362 1871 765 1941 quaestionibus
812 1871 995 1925 habuit
1029 1871 1160 1941 (52),
1206 1886 1343 1925 vana
1375 1872 1619 1941 qumdam
1654 1873 1766 1926 hinc

200 1961 269 2015 illi
305 1974 359 2016 et
386 1961 663 2032 superﬂua
695 1962 1015 2027 videantur:
1061 1971 1152 2017 aut
1195 1964 1239 2017 si
1286 1964 1399 2032 jam
1446 1962 1764 2031 prrejndica-

200 2067 307 2108 tum
350 2065 409 2110 et
450 2064 783 2124 pra-ventum
829 2040 881 2108 iu
912 2055 1030 2109 aliis
1058 2055 1167 2125 (55)
1199 2056 1435 2109 animum
1467 2056 1626 2125 gerit,
1660 2056 1767 2109 bte-

195 2146 361 2199 retica
398 2146 520 2201 haec
551 2156 606 2201 et
628 2155 817 2200 contra
855 2145 1010 2200 ﬁdem
1050 2145 1473 2200 ecclesiasticam
1505 2144 1617 2214 (54)
1669 2160 1767 2216 pu-

193 2244 293 2300 tet,
330 2252 440 2291 non
479 2246 588 2290 tam
623 2238 831 2290 ratione
878 2236 1204 2291 convincens
1248 2250 1409 2306 quam
1462 2235 1629 2289 animi
1680 2236 1763 2290 sui

192 2326 519 2395 pra‘judicio
542 2329 822 2383 deliniens.
839 2328 966 2393 Qua:
991 2330 1204 2397 quidem
1230 2344 1257 2381 a
1276 2331 1427 2383 nobis
1451 2331 1613 2383 etiam
1640 2343 1763 2382 cum

199 2434 395 2488 magno
460 2430 601 2474 metu
649 2430 703 2474 et
748 2420 952 2474 cautela
1015 2422 1293 2485 dicuntur,
1346 2422 1764 2476 discutientihus

187 2509 370 2578 magis
402 2518 464 2564 et
490 2511 945 2578 pertractantibus
975 2526 1136 2577 quam
1160 2526 1256 2579 pro
1273 2520 1423 2565 certo
1456 2526 1520 2565 ac
1544 2513 1763 2566 delinito

186 2598 588 2652 statuentihus.
621 2596 913 2649 lndicatnm
944 2611 1175 2663 namque
1206 2611 1234 2649 a
1265 2596 1416 2649 nobis
1445 2596 1496 2647 in
1522 2599 1765 2664 superio-

190 2688 349 2743 ribus
379 2696 477 2742 est
514 2703 631 2757 quae
688 2687 795 2740 sint
841 2686 954 2754 (55)
986 2689 1051 2740 de
1103 2687 1293 2754 quibus
1341 2685 1624 2739 manifesto
1666 2686 1767 2741 (ἰοπ-

186 2788 383 2851 gmate
441 2778 836 2832 terminandum
889 2778 980 2838 sit,
1012 2778 1155 2847 quod
1195 2788 1244 2831 et
1288 2792 1385 2845 pro
1414 2777 1617 2831 viribus
1670 2791 1767 2832 nos

190 2871 396 2927 fecisse
435 2881 583 2941 puto,
638 2886 759 2924 cum
806 2871 893 2924 der
929 2869 1194 2923 Trinitate
1233 2866 1343 2939 (’56)
1396 2868 1762 2937 loqueremur.

197 2962 351 3019 Nunc
385 2974 572 3017 autem
624 2960 934 3029 disputandi
971 2960 1150 3028 specie
1203 2960 1378 3029 magis
1427 2975 1585 3027 quam
1629 2960 1766 3013 deli-

196 3054 416 3119 niendi,
468 3062 624 3123 prout
682 3068 984 3122 possumus,
1034 3065 1370 3105 exercemur.
1434 3048 1583 3104 Finis
1633 3064 1764 3118 ergo

203 3146 382 3200 mundi
419 3153 477 3200 et
525 3144 916 3199 consummatio
948 3143 1188 3207 dabitur,
1227 3158 1350 3197 eum
1392 3141 1759 3209 unusquisque

197 3252 288 3305 pro
325 3236 528 3291 met-ito
578 3243 919 3304 peccatorum
981 3233 1143 3287 etiam
1188 3232 1361 3300 poenis
1403 3231 1755 3301 subjicietur;

202 3328 330 3394 quod
385 3339 603 3397 tempus
654 3325 796 3380 Dens
851 3324 999 3379 solus
1054 3325 1320 3393 agnoscit,
1351 3326 1563 3394 quando
1592 3341 1761 3380 unus-

200 3420 430 3489 quisque
490 3418 635 3487 quod
707 3426 943 3470 meretur
995 3416 1278 3484 expendet.
1335 3415 1389 3467 lu
1439 3430 1600 3468 unum
1647 3415 1758 3485 (57)

206 3528 327 3567 sane
351 3514 525 3567 tinent
558 3520 805 3580 putamus
828 3507 941 3580 (58)
966 3509 1107 3577 quod
1131 3508 1343 3562 bonitas
1376 3508 1464 3560 Dei
1495 3523 1589 3576 per
1612 3506 1763 3563 Chri-

203 3612 333 3656 stum
359 3619 525 3658 snum
558 3602 866 3657 universam
910 3608 1128 3655 revocet
1161 3608 1488 3663 creaturam,
1520 3599 1760 3655 subactis

201 3705 255 3748 et
282 3696 518 3751 subditis
549 3696 710 3750 etiam
763 3693 1026 3748 inimicis.
1080 3691 1169 3747 Sic
1203 3693 1347 3747 enim
1389 3694 1518 3747 dicit
1569 3702 1757 3747 sancta

204 3786 493 3860 Scriptura
530 3807 542 3841 :
581 3807 598 3839 ι
633 3788 776 3842 Dixit
828 3787 1088 3841 Dominus
1123 3787 1351 3840 Domino
1396 3801 1535 3850 meo,
1561 3785 1702 3840 Sede
1726 3802 1757 3841 a

205 3882 404 3939 dextris
462 3882 619 3946 meis,
653 3882 822 3935 donec
862 3895 1054 3949 ponam
1091 3879 1341 3934 inimicos
1376 3889 1496 3933 tuos
1546 3878 1758 3933 scabel-

202 3971 313 4026 lutn
341 3974 539 4043 pedum
572 3972 845 4027 tuorum".
884 3990 902 4023 ι
936 3972 1094 4037 Quod
1122 3971 1166 4024 si
1195 3973 1372 4024 minus
1399 3969 1553 4023 nobis
1590 3970 1761 4022 mani-

204 4062 397 4120 festum
439 4059 521 4118 est
551 4067 675 4134 quid
726 4064 778 4118 in
806 4064 908 4117 hoc
958 4063 1159 4117 indicet
1187 4063 1530 4131 propheticus
1558 4076 1757 4121 sermo,

204 4154 366 4215 Paulo
396 4160 646 4228 apostolo
667 4158 936 4213 discamus
960 4155 1071 4225 (59)
1100 4158 1337 4221 apertius
1352 4156 1581 4219 dicente,
1614 4154 1755 4222 quod

208 4268 228 4298 ι
266 4263 483 4320 Oportet
515 4250 836 4321 (Christum)
868 4262 1113 4318 regnare,
1142 4250 1315 4301 donec
1346 4257 1533 4315 ,ponat
1568 4262 1757 4300 omnes

265 4383 288 4415 '
310 4385 458 4443 Psal.
482 4401 569 4453 cx,
598 4385 647 4439 l.
726 4387 747 4417 ⁶
772 4384 791 4438 1
814 4383 939 4438 Cor.
965 4396 1051 4450 xv,
1078 4380 1167 4436 25.
1243 4382 1262 4413 ⁷
1287 4381 1416 4436 ibid.
1439 4381 1530 4437 26.

264 4524 369 4601 (51)
402 4527 576 4601 Alias,
615 4544 635 4578 ι
666 4525 878 4579 videtur
909 4539 1030 4579 esse
1054 4523 1340 4593 judicium.
1384 4541 1403 4575 ι
1433 4522 1540 4578 Sed
1565 4537 1753 4579 omnes
1786 4527 1830 4582 D

211 4609 323 4652 mss.
351 4599 413 4651 nt
450 4599 501 4651 in
529 4607 713 4651 nostro
751 4603 917 4650 textu.

269 4666 369 4809 (52)
411 4668 533 4722 Lib.
561 4667 716 4731 editi,
745 4684 763 4717 ι
800 4664 1068 4718 habuerit.
1109 4677 1129 4711 ι
1164 4662 1314 4725 Mss.,
1364 4682 1382 4714 ι
1411 4663 1622 4719 habuit.
1660 4681 1678 4715 ι

290 4740 371 4809 53)
410 4736 481 4792 1η
522 4738 662 4791 aliis.
694 4737 854 4791 Deest
901 4737 951 4789 itt
989 4743 1146 4789 antea
1182 4734 1361 4798 editis,
1391 4736 1487 4788 sed
1525 4734 1678 4789 habet

215 4801 227 4814 ο
271 4734 371 4811 (53)
410 4736 481 4792 1η
522 4738 662 4791 aliis.
694 4737 854 4791 Deest
901 4737 951 4789 in
989 4743 1146 4789 antea
1182 4734 1361 4798 editis,
1391 4736 1487 4788 sed
1525 4734 1756 4789 habetur

216 4817 501 4947 l"(lsnlsfh‘ic
525 4893 679 4941 mss;
707 4883 761 4929 at
785 4874 914 4929 libb.
955 4876 1105 4941 editi,
1140 4892 1158 4925 ι
1193 4873 1537 4947 catholicam.
1577 4892 1595 4926 ι

217 5011 228 5026 ,
275 4945 380 5022 (55)
416 4948 548 5013 Qua:
574 4950 696 5001 sint.
734 4949 887 5000 Deest
916 4947 968 4999 in
999 4956 1156 4999 antea
1179 4946 1359 5007 editis,
1393 4945 1486 4999 sed
1523 4946 1756 4999 habetur

216 5027 484 5159 ωῶηξῗῦε
511 5086 552 5143 Τ
558 5088 786 5142 rinitate.
818 5083 909 5140 Sic
935 5100 1063 5141 mss.
1086 5084 1255 5149 Alias,
1285 5103 1302 5137 ι
1330 5084 1746 5151 ιιοιθιιιιίηειιε,ι

216 5161 357 5214 male.

274 5229 378 5298 (57)
410 5227 577 5283 Caute
609 5228 744 5298 lege.

239 5364 248 5375 _
274 5293 480 5375 (58)*1η
510 5293 686 5375 animi
706 5313 831 5375 sane
854 5297 1010 5367 ﬁnem
1031 5305 1293 5364 putamus,
1316 5304 1421 5375 etc.
1443 5293 1580 5375 _Vide
1606 5293 1751 5349 an-

218 5365 327 5436 tiu'tn
356 5365 453 5425 lib.
496 5383 532 5422 ιι
559 5365 1014 5436 Origenianorum,
1042 5376 1232 5435 quaest.
1265 5365 1570 5432 undecima,
1596 5381 1743 5419 num.

217 5432 264 5501 9,
288 5452 335 5493 et
360 5448 552 5508 qnmst.
586 5438 640 5502 5,
658 5432 814 5508 num.
840 5436 926 5491 50.

277 5504 389 5580 (59)
409 5509 499 5564 Sic
522 5522 679 5580 _ntss.
732 5507 901 5580 _A|_ias,
936 5524 955 5557 ι
1002 5507 1068 5560 ab
1091 5506 1347 5580 Apostolo
1389 5504 1684 5580 discamus.
1721 5523 1739 5555 ι

221 5569 500 5651 Ριιίιιιίροει
521 5577 654 5632 libb.
683 5577 835 5651 editi,
871 5569 897 5629 ι’
920 5581 1061 5651 quod
1087 5569 1215 5651 sane
1243 5578 1339 5629 ista
1369 5577 1587 5651 quidem
1612 5579 1753 5643 Apo-

219 5647 511 5767 goli...'nos
542 5649 761 5704 edocuit
796 5650 939 5718 quod
965 5649 1056 5703 sit.
1090 5665 1109 5701 ι
1137 5649 1205 5701 At
1231 5663 1359 5702 mss.
1394 5647 1528 5701 utin
1562 5656 1751 5699 nostro

260 5728 362 5777 Ilo.

1868 489 1989 541 detn
2037 485 2273 554 Apostoli
2309 494 2413 538 tam
2461 491 2641 552 aperta
2679 483 2942 536 sententia
2976 483 3108 536 satis
3155 498 3251 536 nos
3291 486 3421 536 edo-

1864 579 1994 639 cuit,
2020 577 2148 645 quid
2179 576 2248 628 sit
2277 574 2524 627 inimicos
2552 572 2675 641 poni
2704 573 2802 625 sub
2822 571 3064 638 pedibus,
3088 571 3207 623 audi
3242 571 3416 625 adhuc

1864 685 1987 724 eum
2033 669 2085 721 in
2134 665 2584 736 consequentibus
2632 681 2646 715 :
2681 679 2701 713 ι
2741 661 2965 730 Oportet
2992 663 3132 715 enim
3160 664 3206 715 ei
3234 663 3415 715 omnia

1865 775 1985 815 esse
2014 760 2252 827 snbjecta
2285 759 2326 809 ".
2368 776 2386 809 ι
2422 758 2549 823 Quae
2577 770 2706 825 ergo
2731 765 2812 808 est
2841 754 3102 819 subjectio
3130 770 3230 822 qua
3260 754 3418 807 Chri-

1870 861 1953 905 sto
1980 851 2178 903 debent
2225 863 2342 902 esse
2384 848 2559 901 omnia
2604 845 2884 911 subjecta?
2915 846 3019 913 ligo
3052 846 3282 899 arbitror
3305 844 3421 917 (64))

1866 944 1989 1011 quia
2023 943 2133 996 h:ec
2158 942 2267 1009 ipsa
2300 957 2400 1007 qua
2430 956 2523 993 nos
2551 954 2766 1008 quoque
2799 949 3051 1005 optamus
3075 939 3120 991 ei
3146 954 3263 991 esse
3290 939 3420 991 sub-

1866 1034 2010 1102 iecti,
2045 1048 2153 1099 qua
2188 1032 2406 1097 subjecti
2440 1030 2486 1083 ei
2517 1039 2640 1083 sunt
2672 1038 2723 1081 et
2749 1030 2972 1096 apostoli
2997 1038 3049 1080 et
3079 1042 3265 1082 omnes
3294 1043 3423 1081 sau-

1865 1117 2075 1183 cti,qtti
2109 1119 2277 1171 secuti
2326 1127 2451 1170 sunt
2510 1116 2808 1169 Chrisutut.
2864 1114 3228 1181 Sttbjeclionis
3274 1118 3422 1169 enim

1866 1224 2057 1261 nomen
2084 1223 2186 1276 qua
2215 1208 2429 1262 Christo
2456 1206 2788 1274 subjieintnr,
2819 1206 3039 1259 salutem
3064 1223 3181 1274 qtne
3208 1224 3234 1259 a
3264 1208 3389 1261 Chri
3408 1236 3421 1247 -

1866 1308 1950 1351 elo
1984 1306 2086 1366 est,
2119 1300 2318 1351 indicat
2345 1297 2748 1363 snhjectorum;
2799 1298 2937 1351 sicut
2983 1306 3037 1350 et
3082 1297 3247 1350 David
3277 1298 3419 1351 dice-

1866 1388 1957 1441 bat
1993 1402 2008 1440 :
2043 1407 2060 1439 t
2120 1388 2304 1439 Nonne
2357 1389 2463 1441 Deo
2494 1387 2738 1454 subjecta
2777 1388 2886 1440 erit
2939 1387 3121 1439 anima
3163 1386 3321 1439 mea?
3351 1386 3423 1441 ab

1868 1480 1984 1549 ipso
2019 1482 2157 1531 enim
2197 1479 2435 1533 salutare
2467 1496 2640 1533 Ineunt
2678 1479 2720 1532 ⁸.
2759 1499 2778 1532 r

1934 1572 1988 1626 2.
2026 1570 2209 1624 Talem
2266 1572 2428 1640 igitur
2460 1570 2615 1623 linem
2646 1571 2909 1636 videntes,
2936 1585 3057 1624 cum
3089 1584 3276 1624 omnes
3314 1569 3419 1625 ini-

1868 1662 1991 1715 mici
2047 1660 2273 1726 subjecti
2313 1670 2473 1713 erunt
2534 1660 2775 1723 Christo,
2818 1668 2870 1713 et
2928 1675 3046 1711 eum
3097 1659 3423 1712 novissimus

1793 1746 1835 1800 Β
1866 1753 2115 1807 inimicus
2146 1752 2461 1806 destruetur
2493 1767 2657 1814 mors,
2694 1762 2744 1805 et
2776 1767 2896 1805 cum
2933 1753 3175 1803 tradetur
3199 1767 3227 1802 a
3261 1750 3424 1804 Chri—

1865 1854 1948 1899 sto
1974 1845 2056 1898 (διιὶ
2093 1845 2271 1897 omnia
2300 1843 2541 1910 subjecta
2574 1857 2723 1909 sunt,
2755 1858 2974 1911 regnum
3018 1843 3126 1896 Deo
3157 1842 3318 1903 Patri,
3352 1844 3421 1895 ab

1864 1934 2352 2004 isto,iuquant,tali
2387 1934 2491 1986 line
2526 1948 2709 1985 rerum
2770 1933 3199 2001 contemplemur
3244 1933 3417 1986 initia.

1867 2029 2093 2097 Semper
2118 2027 2261 2080 enim
2314 2026 2426 2097 (61)
2463 2024 2656 2078 similis
2688 2032 2771 2076 est
2821 2026 2940 2076 linis
2989 2025 3161 2077 initiis
3187 2023 3333 2094 (b2);
3366 2032 3423 2077 et

1864 2117 1983 2171 ideo
2013 2116 2151 2169 sicut
2182 2129 2318 2168 unus
2348 2114 2585 2165 omnium
2614 2112 2760 2175 linis,
2788 2113 2856 2165 ita
2887 2128 3047 2164 unum
3079 2114 3315 2166 omnium
3348 2114 3426 2165 iu-

1863 2208 2029 2273 telligi
2058 2206 2216 2261 debet
2242 2205 2494 2268 initium;
2528 2211 2583 2255 et
2620 2204 2759 2255 sicut
2786 2201 3081 2254 tnnltorum
3114 2216 3249 2253 unus
3279 2201 3425 2267 linis,

1861 2299 1937 2354 ita
1987 2300 2053 2352 ab
2100 2312 2208 2351 uno
2264 2296 2420 2349 initio
2467 2293 2648 2347 multae
2672 2293 2985 2346 diﬂerentize
3018 2308 3081 2346 ac
3109 2297 3418 2357 varietates,

1862 2407 1979 2461 quas
2038 2404 2254 2444 rursum
2309 2402 2405 2458 per
2452 2387 2742 2441 bonitatem
2795 2385 2888 2439 Dei
2945 2393 3000 2438 et
3035 2383 3421 2451 subjectionem

1862 2484 2087 2552 Christi,
2133 2492 2294 2551 atque
2345 2480 2604 2533 unitatem
2654 2477 2885 2548 Spiritus
2932 2477 3104 2535 sancti
3156 2477 3209 2530 in
3260 2491 3424 2529 unum

1865 2575 2029 2628 linem
2066 2575 2157 2642 qtti
2190 2574 2260 2627 sit
2289 2572 2441 2626 initio
2472 2571 2664 2623 similis
2693 2578 3015 2623 revocantur
3045 2586 3058 2623 :
3088 2584 3274 2622 omnes
3314 2567 3422 2621 sei-

1864 2666 1995 2720 licet
2021 2669 2071 2719 hi
2100 2667 2188 2734 qui
2220 2665 2275 2718 in
2306 2665 2522 2718 nomine
2548 2663 2672 2717 Jesu
2702 2679 2837 2732 genu
2866 2663 3164 2724 ﬂectentes,
3200 2677 3294 2729 per
3317 2662 3420 2715 hoc

1866 2757 2042 2827 ipsum
2098 2755 2447 2823 subjectionis
2478 2770 2589 2808 sua;
2629 2754 2860 2821 insignia
2908 2752 3293 2816 declararunt;
3326 2752 3419 2820 qui

1865 2858 1992 2904 sunt
2023 2848 2349 2909 cmlestium,
2382 2847 2716 2899 terrestrium
2739 2855 2792 2898 et
2821 2844 3148 2915 infernarum
3174 2859 3190 2908 ;
3227 2844 3276 2897 in
3299 2844 3419 2913 qui-

1863 2940 1967 2995 bus
1996 2941 2169 2995 tribus
2191 2939 2680 3009 signiﬁcationibus
2712 2938 2885 2992 omnis
2914 2937 3234 2990 universitas
3277 2935 3418 2989 indi-

1872 3042 2047 3097 catur,
2090 3031 2145 3085 hi
2209 3031 2452 3085 videlicet
2500 3030 2591 3100 qtti
2627 3029 2691 3082 ab
2722 3029 2812 3082 illo
2850 3043 2954 3081 uno
3004 3027 3157 3079 initio
3187 3042 3281 3095 pro
3306 3024 3420 3079 suis

1868 3122 2240 3192 Unusquisque
2270 3122 2502 3175 m0tibus
2527 3129 2580 3174 et
2610 3120 2962 3174 varietatilms
2990 3114 3101 3187 (65)
3132 3133 3231 3185 per
3247 3117 3418 3172 diver-

1865 3229 1954 3269 sos
1983 3215 2201 3269 ordines
2229 3228 2324 3283 pro
2357 3215 2550 3266 merito
2595 3213 2891 3281 dispensati
2937 3221 3098 3276 sunt;
3130 3226 3235 3264 non
3270 3211 3415 3263 enim

1866 3305 1921 3359 in
1958 3304 2043 3358 bis
2067 3304 2283 3357 bonitas
2336 3302 2773 3357 snbstantialiter
2809 3301 3003 3363 inerat,
3039 3299 3180 3352 sicut
3220 3300 3271 3351 in
3310 3299 3418 3351 Deo

1865 3407 1918 3452 et
1947 3396 2164 3451 Christo
2196 3395 2337 3465 ejus,
2360 3406 2417 3449 et
2450 3396 2503 3449 in
2535 3395 2739 3464 Spiritu
2778 3404 2989 3448 sancto.
3019 3392 3071 3445 In
3125 3392 3223 3445 hac
3269 3391 3419 3443 enim

1866 3486 1982 3542 sola
2026 3485 2313 3550 Trinitate,
2345 3502 2463 3556 qua:
2512 3496 2595 3541 est
2641 3494 2831 3539 auctor
2886 3484 3151 3544 omnium,
3205 3480 3421 3534 bonitas

1863 3576 2293 3632 substantialiter
2320 3578 2459 3630 inest
2483 3593 2497 3641 ;
2525 3577 2703 3631 caeteri
2735 3591 2862 3629 vero
2906 3574 3242 3628 accidentetn
3296 3585 3418 3623 eam

1863 3683 1930 3722 ac
1954 3668 2292 3722 decidentem
2328 3667 2528 3720 habent
2560 3666 2697 3736 (64),
2721 3673 2775 3719 et
2805 3674 2932 3718 tunc
2954 3674 3079 3717 sunt
3106 3663 3157 3715 in
3183 3661 3420 3716 beatitu-

1864 3759 2007 3823 dine,
2040 3774 2161 3812 cum
2191 3759 2255 3811 de
2279 3758 2568 3811 sanctitate
2603 3772 2667 3811 ac
2696 3754 2957 3825 sapientia
2987 3763 3040 3809 et
3070 3753 3134 3807 de
3181 3753 3297 3821 ipsa
3332 3754 3417 3807 di-

1862 3852 2091 3905 vinitate
2119 3851 2466 3920 participant.
2504 3852 2560 3903 Si
2591 3865 2718 3904 vero
2745 3850 2813 3903 ab
2846 3846 3150 3915 hujusmodi
3192 3848 3415 3917 partici-

1858 3943 2073 4011 patione
2124 3943 2399 4013 negligant
2444 3953 2607 4011 atque
2665 3941 3006 3997 dissimulent
3044 3980 3059 4007 ,
3117 3950 3242 3994 tunc
3286 3939 3418 3994 vitio

1858 4036 2054 4108 [(65)
2090 4036 2177 4103 Ἐξ
2237 4036 2370 4100 ἰδίας
2431 4036 2607 4098 αἰτίας

1857 4106 1964 4191 ἕτρν
2097 4108 2466 4191 προσεχόντῳν
2489 4109 2609 4159 ἑαυ-

1858 4180 1970 4239 τοῖς
2025 4179 2093 4244 ἀγ
2102 4178 2312 4246 ρύπνως
2370 4178 2608 4246 γίνονται

1861 4246 2042 4315 τάχιον
2094 4246 2130 4317 ἢ
2179 4248 2392 4319 βράδιον
2440 4263 2606 4318 μετα-

2677 4061 2904 4128 propriaa
2926 4058 3141 4112 desidiae
3171 4056 3309 4110 alius
3336 4059 3419 4109 ci-

2683 4154 2812 4214 tius,
2845 4152 2985 4204 alius
3026 4148 3257 4213 tardius,
3300 4147 3419 4216 plus

2680 4246 2840 4311 alius,
2877 4243 3013 4298 alius
3064 4241 3263 4307 minus,
3304 4241 3421 4308 ipse

1604 4381 1627 4413 ⁸
1652 4381 1793 4436 Psal.
1822 4398 1930 4447 ut,
1957 4384 2007 4439 1.

1958 4594 2044 4646 till
2067 4594 2234 4646 Caute
2268 4594 2404 4646 leae.

1933 4598 2014 4665 (61
2067 4598 2234 4646 Caute
2268 4598 2404 4661 lege.

1932 4598 2044 4734 (62;
2077 4661 2287 4719 Semper
2308 4663 2442 4715 enim
2468 4660 2658 4734 similis
2672 4668 2749 4734 est
2774 4659 2893 4729 ﬁnis
2918 4657 3242 4734 initiis,_etc.
3264 4653 3416 4734 [lane

1861 4727 2037 4790 locum
2073 4735 2294 4800 respicit
2327 4743 2381 4785 et
2424 4733 2596 4799 carpit
2647 4727 3004 4801 Hieronymus
3034 4729 3192 4797 epist.
3231 4727 3300 4782 94
3346 4727 3416 4801 ad

1859 4806 2095 4867 Avitum,
2131 4796 2252 4857 eum
2289 4796 2575 4872 Ot'igeneitt
2618 4803 2820 4856 sentire
2849 4796 2979 4867 an”
3007 4796 3220 4872 rursum
3262 4796 3413 4872 nasci

1859 4892 1922 4929 ev
1970 4874 2075 4928 line
2124 4867 2465 4943 prtucipiuin,
2494 4885 2546 4925 et
2588 4887 2653 4926 ex
2689 4872 2954 4943 principio
2988 4871 3189 4927 linem;
3233 4876 3298 4943 et_
3336 4867 3414 4943 ita

1861 4956 2055 5000 cuncta
2091 4936 2313 5009 variari,
2350 4952 2406 4996 ut
2440 4953 2493 4996 et
2522 4945 2611 5010 qui
2654 4936 2799 4995 nunc
2838 4936 2999 4995 homo
3027 4951 3129 5004 est,
3156 4937 3326 5007 possit
3356 4936 3411 4990 itt

1861 5016 1966 5068 alto
2001 5016 2197 5067 mundo
2232 5017 2436 5069 damon
2464 5014 2611 5078 lieri;
2643 5021 2698 5065 et
2735 5011 2823 5080 qui
2857 5011 3063 5064 daemon
3095 5019 3198 5080 est,
3224 5016 3278 5062 et
3312 5020 3410 5080 ueg-

1860 5085 2153 5155 gltgentius
2173 5085 2366 5153 egerit,
2400 5085 2464 5155 in_
2484 5075 3007 5155 crassiora'corpora
3035 5078 3324 5155 relegetur,
3354 5075 3409 5155 id

1861 5148 1966 5220 Est,
2002 5164 2058 5206 ut
2096 5148 2258 5209 hont'o
2288 5148 2397 5207 liat.
2432 5152 2629 5220 Sicque
2672 5148 2960 5217 permiscet
2987 5151 3188 5220 omnia,
3232 5158 3291 5220 ut
3342 5148 3408 5220 de

1860 5217 2049 5294 angelo
2101 5226 2270 5293 possit
2295 5217 2555 5278 diabolus
2582 5222 2729 5288 lieri,
2762 5232 2818 5277 et
2850 5236 3039 5276 rursus
3067 5217 3313 5275 diabolus
3353 5217 3405 5270 in

1855 5296 2497 5364 angelumrevertatur.»
2648 5360 2694 5364 _7
2975 5360 2985 5364 Δ
3010 5358 3043 5364 __
3357 5350 3369 5364 ,

1925 5358 2037 5433 (0'5)
2097 5362 2167 5417 Et
2234 5363 2590 5418 varietatibus.
2642 5360 2736 5418 Sic
2766 5375 2898 5418 mss.
2959 5358 3148 5425 Alias,
3185 5374 3206 5409 ι
3257 5358 3404 5409 varie

1854 5449 1982 5488 aCll.
2022 5452 2041 5485 ι

1949 5504 2039 5573 64)
2070 5504 2235 5557 Caute
2275 5502 2410 5573 lege.

2083 5574 2182 5638 Ἐξ
2210 5562 2362 5639 tota}
2384 5572 2727 5640 altlac,'etc.
2746 5572 2937 5643 Graeca
2967 5566 3123 5643 uncis
3150 5562 3407 5643 conclusa

1856 5634 2074 5697 exstant
2115 5634 2180 5697 ad
2208 5634 2409 5698 calcent
2448 5634 2693 5712 epistola:
2735 5634 3409 5712 Justittianifintperatoris

1861 5716 1930 5768 ad
1956 5714 2163 5769 Menam
2194 5709 2561 5784 patriarcham
2585 5709 3266 5777 Constantinopolitandm.

1934 4522 2044 4734 (6οξ
2065 4523 2233 4577 Caute
2261 4522 2393 4591 lege.

1934 4596 2014 4665 (61
2067 4594 2234 4646 Caute
2268 4594 2393 4661 lege.

1934 4666 2019 4734 (62
2077 4661 2287 4719 Semper
2308 4663 2389 4715 eni
