3952 6144
515 291 616 352 167

509 405 763 477 mdis-ste,
779 403 872 459 καὶ
884 405 974 459 ἐπὶ
997 406 1193 470 πλεῖον,
1208 406 1249 477 ,ἢ

408 464 417 508 ς
510 478 597 529 ἐπ’
629 474 703 539 ὡς
723 464 959 529 ἔλαττον·
1005 476 1110 529 ἀπὸ
1133 464 1255 527 ταύί

512 564 611 616 της
665 546 761 615 τῆς
834 545 1012 608 αἰτίας
1074 545 1248 616 κρίσει

513 617 634 687 Θείᾳ
718 614 1246 687 συμπαραᾲμετρούσῃ

512 684 621 756 τοῖᾴ
663 686 882 739 ἑκάστου
910 684 1167 756 βελτίοσιν
1210 684 1242 756 ἢ

510 755 713 826 χείροσι
728 825 733 826 ί
748 757 1003 826 κινήμασι
1055 755 1149 808 καὶ
1180 755 1250 826 τὸ

513 823 627 878 ἐπ’
652 823 821 888 ἀξίαν,
840 825 881 894 Ab
909 825 1005 894 μέν
1037 842 1120 888 τις
1143 825 1252 888 ’ἐξει

510 900 565 946 ἐν
589 897 668 980 τῇ,
684 892 1251 980 ἔσομὲνῄῃδιακοσιίή-

508 981 586 1016 σει
611 963 759 1028 τάξιν
784 963 1074 1035 ἀγγελικὴν
1101 965 1133 1035 ἦ
1161 963 1251 1017 δύ-

504 1051 663 1105 ναμιν
689 1033 918 1105 ἀρχικὴν
948 1034 980 1104 ἢ
1008 1033 1251 1105 ἐξουσίαν

502 1103 599 1176 τῂν
632 1104 721 1176 ἐπί
746 1103 926 1176 τινοιν,
1049 1104 1249 1176 λθρόνον

504 1173 592 1226 τὸν
624 1174 715 1247 ἐστὶ
743 1173 1187 1247 βασιλευομένέρν,
1213 1176 1246 1247 ἢ

503 1244 729 1313 κυρείαν
750 1244 845 1313 τὴν
864 1243 1004 1296 κατὰ
1032 1243 1245 1298 suam;

502 1315 552 1367 oi
577 1313 635 1367 δὲ
659 1315 797 1367 πάνυ
822 1331 873 1365 τι
899 1314 1245 1378 ἐκπεσόντες,

502 1383 599 1454 την
648 1384 740 1435 ὲπ).
784 1386 894 1446 τοῖς
945 1384 1250 1505 εἰρηὶμένοις

503 1454 807 1505 οἰκονομίαν
844 1471 902 1505 τε
930 1494 943 1505 .
986 1471 1055 1505 κα
1130 1453 1250 1505 ϐοή-

503 1453 807 1540 οὶκονοθξαν
844 1471 902 1506 τε
930 1494 972 1540 ,v
986 1453 1078 1540 καὶ
1113 1453 1250 1540 βοή-

506 1524 654 1576 θειαν
685 1522 882 1588 ἕξουσι.
931 1524 1039 1575 Καὶ
1081 1522 1250 1587 οὕτως

506 1593 645 1646 κατὰ
669 1595 765 1661 μὲν
788 1593 847 1645 τὸ
878 1593 1121 1647 πλεῖστον
1147 1593 1251 1646 ἀπὸ

504 1662 611 1736 τῷν
657 1662 762 1736 (urb
815 1662 912 1736 τὰς
950 1664 1127 1736 Δἀρχὰς
1159 1665 1250 1716 καὶ

505 1732 746 1797 ἐξουσίας
770 1734 862 1787 καὶ
886 1732 1008 1805 τοὺέ
1032 1734 1250 1805 θρόνους

506 1805 717 1875 καὶτὰς
749 1804 1086 1875 κυριότητας;
1112 1804 1249 1873 τάχα

502 1872 559 1925 δὲ
591 1874 698 1926 ἔστ’
729 1872 830 1926 ὅτε
863 1874 954 1926 καὶ
997 1875 1112 1926 ἀντ’
1152 1872 1248 1926 αὖ·

503 1945 608 2016 τῶν
655 1946 974 2016 συστήσεται
1029 1943 1089 1997 τὸ
1139 1944 1246 2016 τῶν

501 2012 817 2103 ἀνρριςοπων
838 2014 1006 2103 ’γένος
1055 2016 1112 2067 ὲν
1169 2013 1247 2085 τῷ

500 2083 621 2137 καθ’
654 2085 748 2140 ἕνα
791 2084 997 2156 κόσμῳ.

743 2241 797 2296 [tl
837 2253 919 2297 est
951 2261 965 2297 ε

507 2383 587 2437 Ea:
625 2383 834 2449 propria
875 2399 1051 2437 eorum
1090 2401 1243 2452 cntpa

503 2454 589 2522 qui
616 2456 827 2506 minime
849 2454 949 2506 sibi
972 2454 1240 2522 vigilantes

502 2524 790 2584 attendunt,
811 2523 943 2590 ﬁunt
977 2525 1128 2578 citius
1150 2534 1244 2578 aut

501 2594 665 2646 serius
688 2594 1030 2662 delapsiones,
1072 2611 1242 2662 ea’que

504 2662 580 2714 uel
611 2660 836 2731 majores
857 2663 936 2717 vel
976 2660 1239 2729 minores;

500 2748 710 2800 eamque
747 2733 807 2784 ob
833 2748 1044 2786 causam
1069 2733 1239 2787 divino

500 2801 696 2863 iudicio
766 2802 908 2856 bonis
957 2803 1035 2856 vel
1089 2803 1238 2857 malis

499 2870 903 2941 nuiuscujutme
919 2874 1143 2926 motibus
1165 2875 1242 2926 di-

498 2957 653 3005 gnam
681 2952 1125 2995 commensurante
1155 2960 1238 2996 re-

499 3009 849 3081 tributionem,
902 3012 984 3064 hic
1035 3013 1237 3081 quidem

501 3086 554 3129 m
585 3079 764 3145 futura
809 3082 987 3132 mundi
1016 3079 1240 3148 disposi-

500 3149 639 3200 tione
665 3148 864 3201 habebit
889 3150 1120 3202 ordinem
1147 3166 1242 3202 an-

501 3216 740 3285 gelicum,
823 3228 916 3272 aut
998 3220 1241 3272 virtutem

499 3286 842 3357 principatus,
890 3300 976 3342 aut
1018 3299 1253 3356 potesta-.

503 3370 601 3408 tem
633 3358 686 3410 in
719 3357 940 3427 aliquos,
971 3367 1061 3411 aut
1101 3358 1243 3412 thro-

502 3442 620 3480 num
640 3442 796 3493 supra
812 3443 964 3494 regno
982 3428 1238 3492 subditos,

500 3505 589 3550 aut
614 3496 1019 3551 dominationem
1056 3498 1111 3551 in
1131 3514 1243 3551 ser-

497 3582 602 3622 vos.
634 3565 735 3630 Qui
765 3583 880 3620 vero
899 3585 999 3620 non
1026 3567 1242 3621 multum

498 3636 1065 3698 cxciderintmeebunt
1085 3654 1241 3704 quam

496 3706 727 3759 diximus
790 3708 1129 3771 meonomiam
1192 3719 1241 3760 et

497 3775 875 3845 adjumentum.
931 3778 1096 3845 Atque
1164 3778 1240 3829 ita

500 3844 570 3895 ut
605 3844 889 3912 plurimum
930 3844 1103 3900 exiis
1151 3847 1241 3915 qui

499 3924 617 3966 sunt
648 3915 741 3966 sub
775 3917 1145 3979 principatibus
1190 3926 1239 3968 et

499 3984 833 4047 potestatibus
871 3995 925 4038 et.
955 3985 1155 4038 tltronis
1192 3996 1242 4038 et

498 4051 956 4120 dominationibus,
1013 4054 1148 4122 forte
1190 4072 1248 4109 e-

567 4170 591 4203 ⁹
619 4168 721 4225 lsa.
746 4188 892 4239 vat,
910 4172 1000 4228 22.

1078 4173 1121 4205 ¹⁰
1140 4170 1296 4228 Joan.
1318 4188 1448 4240 xvn,
1470 4171 1562 4237 20,
1585 4170 1674 4231 Ἡ.

1761 294 1923 352 ORIG
1933 296 2086 352 ENIS
2122 298 2280 352 ΠΕΡΙ
2319 299 2543 352 ΑΡΧΩΝ

3635 307 3740 360 {fit

1322 405 1423 460 sibi
1450 422 1613 462 causa
1652 409 1736 464 sui
1770 410 1952 481 lapsus
1977 412 2058 466 vel
2086 417 2135 472 Α
2162 402 2907 493 tiamaliqaandoeorun:loco
2977 431 3081 485 que
3149 417 3489 488 profecerant
3574 420 3686 493 (69)
3713 453 3729 473 .

1322 514 1478 555 casus
1530 499 1777 558 efﬁcitur.
1821 503 1887 558 Et
1927 520 2061 574 quo-

1321 595 1487 659 niam,
1544 603 1602 648 ut
1654 595 1890 651 diximus
1921 597 2054 670 (66),

1319 701 1476 741 casus
1502 686 1600 741 iste
1621 686 1703 742 vel
1727 687 1930 757 lapsus.
1953 706 2059 759 quo

1320 780 1385 833 de
1418 788 1560 834 statu
1590 795 1686 835 suo
1715 782 1945 851 quisque
1969 783 2060 837 de-

1320 871 1504 938 clinat,
1528 873 1977 942 quamplurimum
2005 877 2057 931 in

1320 977 1380 1019 se
1452 964 1614 1020 habet
1686 967 2055 1023 diversitatem

1320 1067 1416 1122 pro
1444 1057 1637 1109 mentis
1684 1071 1747 1110 ac
1796 1060 2056 1127 prepositi

1323 1145 1577 1208 motibus,
1611 1149 1750 1215 quod
1801 1149 1940 1203 alius
1974 1152 2056 1203 le-

1320 1239 1456 1304 vius,
1487 1240 1623 1294 alius
1646 1243 1860 1309 gravius
1880 1244 1949 1297 ad
1979 1246 2058 1299 in-

1320 1333 1515 1389 feriora
1561 1337 1817 1402 declinat,
1854 1338 1908 1392 in
1955 1340 2058 1395 hoc

1315 1430 1423 1497 jam
1452 1429 1932 1498 justuu.judicium
1961 1434 2055 1488 Dei

1322 1526 1671 1591 providentiae
1696 1568 1711 1591 ,
1748 1538 1802 1582 ut
1849 1529 2059 1584 unicui-

1321 1633 1426 1684 que
1448 1622 1735 1675 secundum
1767 1623 2058 1679 diversita-

1323 1721 1427 1769 tem
1460 1725 1702 1770 motuum
1734 1734 1833 1787 pro
1863 1722 2056 1778 merito

1318 1806 1401 1859 sui
1427 1808 1678 1864 decessus
1716 1820 1770 1863 et
1818 1814 2056 1868 commo-

1321 1897 1480 1953 tionis
1511 1900 1617 1969 70
1641 1914 1911 1958 occurrat.
1976 1907 2055 1960 Ex

1317 1989 1400 2045 bis
1424 2005 1555 2046 sane
1581 1994 1670 2062 qui
1700 1997 1754 2049 lu
1782 1995 1872 2051 illo
1906 1999 2057 2054 initio

1314 2094 1748 2152 permanserunt,
1790 2089 1931 2156 quod
1976 2090 2057 2143 fu-

1314 2186 1438 2232 turo
1475 2178 1567 2232 lini
1593 2180 1774 2236 simile
1813 2198 1934 2238 esse
1962 2186 2056 2241 de-

1314 2273 1651 2341 scripsimus,
1710 2275 1931 2345 quidam
1987 2293 2055 2334 ex

1316 2367 1449 2435 ipsis
1470 2369 1544 2438 {in
1575 2371 1915 2427 ordinatione
1945 2374 2053 2445 (67)

1316 2476 1377 2514 ac
1420 2462 1825 2532 dispensatione
1870 2468 2053 2521 mutuli

1313 2553 1557 2609 ordinem
1598 2557 1903 2626 angelicum
1935 2574 2053 2613 sor-

1315 2650 1544 2714 tiuntur,
1609 2652 1698 2705 alii
1755 2652 2051 2722 virtutum,

1311 2741 1402 2794 alii
1465 2741 1901 2811 principatuum,
1958 2746 2052 2801 alii

1312 2844 1655 2904 potestatum,
1689 2840 1831 2907 quod
1876 2838 1928 2892 in
1955 2855 2052 2897 eos

1310 2926 1562 2981 videlicet
1583 2938 1871 2984 exerceant
1900 2941 2053 3000 pote-

1311 3026 1502 3072 statem
1537 3021 1628 3089 qui
1661 3023 1858 3079 habere
1892 3041 2054 3095 super

1311 3123 1472 3180 caput
1530 3115 1772 3184 indigent
1815 3128 2055 3187 potesta-
2082 3130 2125 3189 (ἶ

1314 3212 1421 3256 tem
1452 3224 1467 3260 :
1504 3207 1593 3260 alii
1628 3209 1939 3267 thronorum
1970 3231 2052 3269 or-

1308 3298 1342 3351 d
1371 3315 1514 3368 nem,
1563 3303 1613 3355 id
1642 3315 1744 3371 est,
1772 3306 2048 3376 judicandi

1315 3393 1396 3448 vel
1424 3399 1644 3466 regendi
1676 3414 1771 3455 eos
1812 3404 1906 3472 qui
1945 3404 2052 3461 hoc

1316 3489 1577 3561 indigent,
1627 3494 1889 3553 habentes
1938 3500 2053 3555 olli—

1315 3586 1488 3653 cinm;
1512 3588 1601 3642 alii
1628 3590 2049 3651 dominationem

1316 3680 1449 3755 (68)
1497 3685 1613 3738 sine
1673 3686 1839 3743 dubio
1890 3705 2051 3761 super

1313 3788 1534 3840 servos;
1574 3792 1695 3844 qua:
1744 3778 1925 3834 omnia
1972 3783 2052 3838 eis

1308 3886 1409 3938 pro
1433 3871 1627 3927 merito
1650 3882 1703 3927 et
1722 3875 2051 3942 profectibus

1314 3964 1426 4017 suis
1455 3964 1650 4031 quibus
1683 3965 1735 4019 iu
1764 3965 1856 4020 Dei
1882 3972 2051 4035 parti-

1316 4050 1634 4121 cipationem
1668 4054 2055 4115 imitationem-

1752 4174 1793 4205 “
1816 4172 1974 4231 Joan.
2000 4193 2122 4244 xvu,
2144 4181 2236 4249 22,
2260 4182 2347 4239 25.

2164 483 2502 536 constituetur
2535 499 2694 546 genus
2719 484 2905 536 huma-

2166 510 2906 625 iiii:};"§}2;aifé‘3f.§1222f"j
2977 510 3622 581 παυοίυειοτιιιθειιάίοεο
3652 514 3736 567 σε·

2981 601 3100 625 ηε..-
3129 603 3349 625 ---ιηιει
3366 605 3549 625 ___-__!_l
3564 606 3695 625 ημιε-

2981 601 3103 655 vina
3125 603 3726 673 contnlitprovidenlia.

2164 688 2227 743 Hi
2252 704 2380 744 vero
2412 691 2503 759 qui
2544 691 2610 745 de
2649 700 2790 745 statu
2830 690 3024 760 prima:
3071 693 3417 750 beatitudinis
3448 698 3579 750 ntoti
3610 698 3733 763 qui-

2164 783 2282 836 dem
2329 794 2456 838 sunt
2511 782 2642 854 (70),
2696 799 2802 837 non
2849 793 3023 838 tamen
3077 784 3725 854 irremediabilitertnoti,

2164 874 2268 927 illis
2296 890 2433 943 quos
2467 891 2627 945 supra
2657 876 3065 945 descripsimus,
3090 879 3293 933 sanctis
3320 880 3605 950 beatisque
3624 898 3724 935 or-

2164 963 2375 1019 dinibus
2425 965 2768 1035 dispensandi
2813 966 3039 1032 subjecti
3070 978 3194 1022 sunt
3232 984 3295 1023 ac
3323 972 3551 1040 regendi
3584 973 3725 1043 (71);

2163 1068 2388 1117 quorum
2413 1056 2681 1123 adjutorio
2711 1056 2819 1120 usi,
2845 1065 2898 1110 et
2933 1058 3359 1116 institutionibus
3387 1080 3449 1117 ac
3481 1045 3728 1135 discipli-

2164 1145 2248 1199 nis
2279 1144 2607 1201 salutaribus
2638 1145 2941 1213 reformati,
2966 1149 3142 1204 rcdire
3171 1165 3235 1207 ac
3267 1153 3477 1206 restitui
3508 1157 3572 1207 ad
3607 1167 3723 1211 sta-

2169 1242 2278 1287 tum
2306 1251 2416 1289 sua:
2440 1235 2794 1292 beatitudinis
2832 1239 3059 1306 possint.
3097 1240 3176 1295 Ex
3220 1244 3415 1312 quibus
3442 1247 3720 1314 existimo,

2164 1334 2326 1393 prout
2354 1341 2456 1395 ego
2506 1329 2711 1383 sentire
2742 1343 2980 1398 possum,
3027 1330 3170 1387 hunc
3216 1336 3460 1389 ordinem
3497 1339 3720 1394 lmmani

2162 1418 2377 1487 generis
2437 1419 2760 1485 institutum,
2796 1422 2885 1491 qui
2932 1422 3122 1493 utique
3171 1425 3223 1478 in
3266 1425 3446 1482 futuro
3498 1432 3717 1497 saeculo,

2161 1508 2246 1564 vel
2273 1511 2779 1579 supervenientibus
2810 1515 3041 1583 szeculis,
3072 1530 3194 1570 cum
3223 1518 3412 1572 coelum
3439 1536 3635 1576 novum
3662 1533 3723 1579 et

2165 1609 2304 1656 terra
2333 1616 2475 1657 nova
2503 1606 2799 1660 secundum
2838 1608 3029 1661 Isaiam
3058 1609 3080 1639 ⁹
3102 1609 3207 1662 erit
3240 1610 3373 1676 {72),
3403 1616 3722 1669 restituetur

2162 1691 2218 1745 in
2271 1691 2417 1745 illam
2452 1694 2712 1749 unitatem
2757 1712 2916 1765 quam
2963 1700 3227 1765 promittit
3262 1699 3516 1759 Dominus
3556 1715 3719 1764 Jesus
3801 1690 3807 1694 ’

2090 1777 2132 1831 Β
2162 1782 2346 1838 dicens
2396 1784 2461 1838 ad
2515 1786 2680 1839 Deum
2732 1785 2946 1841 Patrem
2979 1789 3043 1842 de
3079 1790 3192 1844 suis
3233 1792 3510 1861 discipulis
3536 1796 3651 1867 (75)
3703 1814 3718 1850 :

2170 1892 2189 1925 ι
2231 1873 2343 1929 Non
2374 1891 2470 1944 pro
2499 1876 2615 1933 istis
2650 1895 2781 1949 rogo
2807 1880 3005 1944 solum,
3034 1884 3127 1937 sed
3150 1894 3206 1938 et
3227 1898 3324 1953 pro
3348 1890 3597 1944 onmibus
3621 1893 3716 1960 qui

2163 1968 2422 2022 credituri
2448 1980 2577 2024 sunt
2620 1985 2717 2040 per
2745 1973 2969 2027 verbum
3000 1989 3187 2051 eorum
3232 1978 3283 2030 in
3315 1993 3418 2041 me,
3447 1990 3504 2034 ut
3528 1997 3717 2038 omnes

2162 2076 2328 2116 unum
2375 2062 2503 2130 sint,
2532 2065 2673 2119 sicut
2714 2081 2813 2134 ego
2840 2067 2892 2119 in
2925 2077 2995 2129 te,
3026 2066 3211 2130 Pater,
3245 2079 3299 2124 et
3329 2080 3381 2124 tu
3413 2071 3463 2124 in
3500 2089 3606 2137 me,
3641 2075 3714 2128 ita

2162 2165 2215 2209 et
2243 2154 2329 2209 isti
2365 2156 2416 2209 in
2455 2157 2607 2211 nobis
2643 2173 2804 2211 unum
2833 2158 2942 2213 sint
2988 2159 3052 2213 ¹⁰.
3089 2177 3109 2210 ι
3137 2159 3204 2213 Ει
3231 2161 3424 2214 iterum
3456 2162 3545 2216 ubi
3589 2163 3663 2217 ait
3694 2180 3710 2215 :

2168 2264 2188 2297 ι
2214 2246 2287 2302 Ut
2318 2247 2426 2302 sint
2457 2263 2644 2314 unum,
2675 2250 2815 2304 sicut
2853 2260 2908 2304 et
2946 2266 3044 2306 nos
3067 2266 3232 2305 unum
3280 2268 3492 2316 sumus,
3528 2268 3629 2323 ego
3659 2256 3713 2310 in

2162 2333 2314 2404 ipsis,
2346 2343 2400 2388 et
2426 2347 2481 2390 tu
2514 2336 2564 2390 in
2614 2351 2724 2399 me.
2752 2346 2810 2392 ut
2854 2339 2962 2393 sint
3000 2350 3057 2394 et
3108 2340 3207 2408 ipsi
3255 2345 3621 2397 consummati
3658 2344 3712 2397 in

2163 2440 2270 2478 uno
2320 2426 2382 2478 ιι.
2441 2444 2460 2477 ›
2506 2426 2571 2480 Et
2624 2427 2763 2482 sicut
2812 2429 3099 2484 caulirmat
3148 2432 3494 2489 nihilominus
3546 2437 3713 2490 etiam

2162 2515 2358 2570 Paulus
2389 2518 2663 2586 apostolus
2710 2520 2934 2575 dicens:
2971 2542 2991 2575 ι
3028 2524 3206 2579 Donec
3232 2539 3579 2579 occurramus
3604 2542 3718 2581 om-

2163 2621 2258 2662 nes
2287 2609 2338 2662 in
2373 2609 2633 2664 unitatem
2683 2611 2806 2665 lidei
2837 2612 2889 2664 in
2915 2614 3085 2667 virum
3118 2614 3435 2683 perfectum,
3463 2617 3515 2671 in
3555 2632 3713 2697 meu-

2161 2714 2340 2753 suram
2399 2704 2574 2757 aetatis
2632 2704 2979 2773 plenitudinis
3032 2706 3234 2762 Christi
3272 2710 3335 2761 η.
3377 2727 3399 2763 ι
3451 2708 3517 2763 Et
3568 2711 3712 2764 sicut

2161 2789 2299 2845 idem
2332 2792 2618 2861 Apostolus
2636 2796 2748 2864 jam
2776 2811 2874 2851 nos
2906 2796 3018 2867 (74)
3052 2798 3213 2852 etiam
3241 2799 3294 2853 in
3326 2800 3578 2869 praesenti
3603 2801 3712 2854 vita

2162 2880 2213 2933 in
2236 2881 2475 2937 Ecclesia
2512 2885 2740 2953 positos,
2772 2887 2824 2940 in
2852 2903 2954 2955 qua
2986 2889 3167 2957 utique
3212 2889 3376 2944 fttturi
3442 2890 3597 2960 regni
3629 2901 3715 2947 est

2158 2972 2354 3036 forma,
2389 2976 2455 3027 ad
2485 2976 2625 3030 hanc
2655 2978 2898 3033 eamdem
2931 2980 3152 3035 unitatis
3174 2981 3584 3036 similitudinem
3615 2999 3714 3040 co-

2161 3064 2409 3119 hortatur
2440 3067 2665 3122 dicens:
2698 3088 2716 3121 ι
2749 3068 2818 3124 Ut
2838 3072 3027 3125 eadem
3058 3073 3250 3127 dicatis
3276 3087 3484 3139 omnes,
3516 3074 3577 3130 et
3605 3092 3711 3132 non

2157 3157 2264 3210 sint
2288 3158 2338 3211 in
2372 3158 2524 3213 vobis
2555 3161 2868 3227 schismata,
2900 3163 3020 3218 sitis
3043 3176 3224 3218 autem
3256 3164 3479 3232 perfecti
3516 3167 3568 3220 in
3605 3184 3715 3224 uno

2157 3245 2446 3316 eodemque
2474 3263 2658 3314 sensu,
2712 3261 2873 3321 atque
2925 3252 2976 3306 in
3029 3268 3130 3307 una
3157 3255 3455 3325 eademque
3490 3267 3714 3313 senten-

2160 3338 2233 3391 tia
2259 3338 2322 3391 ¹³.
2357 3357 2377 3391 ι

2225 3429 2278 3484 5.
2310 3431 2601 3487 Sciendum
2631 3444 2813 3490 tamen
2839 3445 2921 3490 est
2953 3435 3066 3508 (75)
3096 3437 3359 3507 quosdam
3392 3441 3485 3509 qui
3512 3456 3578 3497 ex
3606 3458 3713 3498 uno

2155 3521 2443 3592 principio,
2477 3525 2619 3592 quod
2648 3540 2808 3595 supra
2824 3526 3082 3592 diximus,
3111 3529 3313 3598 delapsi
3336 3540 3483 3594 sunt,
3510 3531 3565 3587 in
3595 3543 3716 3587 tan-

2158 3621 2266 3665 tam
2313 3614 2683 3684 indignitatem
2733 3632 2796 3672 ac
2838 3617 3103 3673 malitiam
3150 3633 3211 3675 se
3249 3621 3464 3676 dedisse
3508 3621 3621 3694 (76)
3655 3630 3715 3676 ut

2157 3703 2360 3773 indigni
2397 3706 2564 3761 habiti
2599 3710 2711 3761 sint
2737 3709 3074 3766 institutione
3126 3712 3246 3778 hac,
3297 3713 3380 3767 vel
3406 3714 3715 3771 eruditione

2155 3810 2262 3864 qua
2293 3811 2390 3865 per
2425 3811 2642 3852 carnem
2692 3801 2987 3856 humanum
3029 3816 3199 3871 genus
3223 3802 3499 3874 adiutorio
3541 3806 3714 3859 virtu-

2158 3893 2271 3938 tum
2305 3886 2603 3943 coelestium
2626 3889 2928 3946 instituitur
2954 3903 3121 3962 atque
3141 3895 3404 3959 eruditur,
3428 3896 3524 3951 sed
3547 3909 3712 3952 econ-

2163 3979 2332 4033 trario
2355 3979 2517 4034 etiam
2547 3982 2849 4038 adversarii
2876 3994 3037 4054 atque
3090 3998 3460 4058 repugnantes
3496 3989 3582 4045 his
3617 3989 3711 4058 qui

2167 4068 2492 4125 erudiuntur
2541 4082 2706 4142 atque
2759 4072 3096 4141 imbuuntur,
3147 4079 3434 4133 exsistant.
3482 4079 3634 4135 Unde
3656 4088 3713 4134 et

2426 4184 2469 4216 “
2498 4184 2694 4256 Ephes.
2717 4204 2792 4255 tv,
2816 4189 2905 4244 i5.
2979 4190 3025 4223 ¹³
3054 4191 3220 4247 lCor.
3246 4207 3286 4259 ι,
3311 4191 3398 4247 10.

566 4261 677 4344 (b6)
698 4261 848 4353 Libb.
875 4265 1027 4353 editi,
1056 4282 1075 4316 ‹
1101 4265 1370 4335 quomodo
1404 4274 1460 4319 ut
1484 4264 1740 4330 dicimus,
1774 4285 1792 4318 ι
1827 4267 1896 4320 At
1920 4285 2052 4327 mss.
2086 4280 2131 4335 D
2159 4277 2240 4332 sic
2268 4277 2333 4331 ad
2364 4280 2642 4353 antiquum
2674 4283 2853 4338 redire
2883 4284 3202 4353 principium
3229 4302 3243 4351 ;
3274 4285 3345 4339 ita
3369 4287 3627 4340 duntaxat
3651 4298 3713 4344 ut

497 4342 558 4385 ut
585 4334 638 4386 in
658 4334 850 4387 nostro
880 4344 1050 4388 textu.

573 4401 684 4475 (67)
713 4404 803 4475 Sic
836 4421 968 4460 mss.
1000 4405 1166 4468 Alias,
1206 4423 1225 4456 ί
1270 4404 1351 4457 vel
1375 4404 1742 4473 ordinatione,
1781 4425 1800 4458 ι
1829 4410 1990 4466 male.

590 4473 678 4541 68)
708 4474 798 4528 Sic
832 4490 959 4529 mss.
987 4477 1156 4541 Alias,
1195 4494 1212 4525 ι
1246 4475 1701 4534 dominationum.
1742 4497 1762 4530 ι

590 4476 658 4526 68
708 4476 798 4528 Sic
832 4490 959 4529 mss.
987 4477 1156 4541 Alias,
1195 4494 1212 4525 ι
1246 4476 1701 4534 dominationum.
1742 4497 1762 4530 ι

567 4476 678 4614 (69)
713 4543 785 4595 Ita
825 4560 968 4619 mss.
1000 4545 1165 4607 Alias,
1210 4563 1228 4595 ι
1289 4545 1828 4618 immutationcmque
1867 4550 2049 4619 prore-

496 4621 644 4675 runt,
680 4630 699 4663 ι
735 4613 890 4664 male.

569 4679 680 4752 ('10)
712 4681 782 4732 Ili
805 4697 920 4734 vero
948 4682 1127 4752 qui__de
1153 4690 1295 4735 statu
1338 4684 1523 4750 prima:
1550 4684 1889 4743 beatitudinis
1920 4693 2047 4746 moti

497 4749 869 4822 quident__s_unt,
903 4749 1006 4804 etc.
1034 4749 1157 4805 Htec
1185 4762 1237 4805 et
1269 4749 1386 4819 (pne
1417 4765 1710 4822 sequuntur
1738 4762 2046 4814 summatim

500 4817 664 4873 refert
693 4817 1049 4889 Hieronymus
1077 4823 1235 4889 epist.
1266 4817 1328 4874 91
1365 4824 1428 4875 ad
1455 4817 1689 4887 A'vltunr
1708 4827 1794 4881 his
1828 4831 2004 4885 verbis
2028 4849 2042 4886 :

504 4909 522 4939 ι
563 4889 665 4954 Qui
700 4904 827 4943 vero

912 4894 1252 4967 uctuaveriut
1294 4902 1346 4944 et
1398 4893 1555 4946 motis
1583 4895 1806 4960 peuibus
1836 4914 2044 4967 nequa-

498 4975 663 5026 quam
692 4961 1019 5036 corruerint,
1057 4962 1414 5036 subjicientur
1443 4968 1666 5036 otmtino
1697 4961 2045 5036 dispensandi

505 5040 560 5107 et
599 5034 812 5097 regendi
857 5040 1016 5107 atque
1046 5033 1114 5107 ad
1145 5031 1361 5107 meliora
1393 5033 1746 5107 gubernandi,
1777 5031 2046 5107 principa-

498 5098 660 5164 tibus,
685 5098 1054 5166 pmcstatibus,
1080 5098 2044 5171 throuis,dominationibus}etfuisi-

503 5181 591 5220 tan
621 5182 690 5222 ex
716 5172 798 5246 his
830 5171 1098 5246 hominum
1126 5173 1397 5246 constabit
1422 5187 1608 5241 genus,
1635 5176 1692 5246 iu
1723 5191 1830 5230 uno
1859 5178 2043 5246 aliquo

498 5254 564 5291 ex
593 5240 834 5301 mundis;
885 5243 1097 5307 quando
1138 5242 1289 5310 juxta
1320 5239 1511 5295 Isaiam
1541 5244 1739 5298 caelum
1786 5256 1843 5300 et
1900 5239 2041 5302 terra

501 5312 817 5388 nova_lient.
850 5311 948 5375 Qui
982 5325 1111 5364 vero
1140 5327 1248 5365 non
1275 5312 1472 5388 fuerint
1511 5316 1710 5388 meriti,
1741 5326 1800 5370 ut
1823 5332 1920 5385 per
1949 5334 2045 5388 ge-

500 5393 599 5453 nus
650 5379 922 5453 hominum
980 5392 1322 5453 revertantur
1363 5382 1429 5434 ad
1477 5384 1767 5449 pristinum
1817 5379 2040 5453 statu'm,

497 5449 625 5502 tient
654 5449 914 5525 diabolus.
941 5458 992 5502 et
1017 5453 1191 5525 angeli
1225 5452 1361 5525 ejus,
1387 5463 1440 5505 et
1476 5455 1693 5521 pessimi
1720 5461 1994 5511 daemones

497 5533 561 5570 nc
588 5532 684 5584 pro
718 5520 980 5591 Varictate
1011 5523 1323 5591 meritorum
1351 5524 1401 5574 in
1445 5525 1671 5591 singulis
1714 5529 1928 5580 mundis
1961 5520 2044 5580 di;

496 5602 648 5641 versa
694 5589 866 5641 otlicia
907 5590 1223 5644 sortientur.
1256 5591 1508 5658 Ipsosque
1540 5589 1813 5649 mentiones
1846 5611 1911 5648 ac.
1951 5613 2040 5649 re-

496 5669 671 5729 ctores
708 5660 1075 5729 tenebrarum,
1108 5660 1160 5712 in
1199 5663 1378 5728 aliquo
1414 5668 1637 5729 mundo,
1672 5664 1751 5716 vel
1806 5666 2037 5725 mundis,

496 5741 538 5777 tu
569 5726 827 5782 voluerint
857 5730 920 5783 ad
968 5729 1188 5786 tut-liora
1226 5726 1487 5798 converti,
1528 5726 1641 5788 lieri
1681 5734 1945 5801 homines,
1981 5743 2036 5789 et
2077 5743 2083 5750 ‘

2153 4362 2256 4471 per
2279 4352 2540 4418 supplicia
2592 4362 2754 4421 atque
2808 4352 3095 4418 tormenta,
3136 4370 3255 4424 qua:
3287 4355 3368 4409 vel
3421 4356 3589 4409 multo
3619 4362 3708 4415 vel

2195 4418 2306 4471 revi
2360 4431 2601 4471 tempore
2661 4423 3040 4471 sustinuerint.
3089 4425 3140 4471 in
3192 4426 3466 4471 hominum
3508 4429 3704 4471 eruditi

2195 4418 2306 4473 revi
2360 4431 2601 4488 tempore
2661 4418 3041 4488 sustinuerint,
3089 4418 3466 4478 in'hominum
3508 4429 3707 4483 eruditi

2153 4489 2497 4567 corporibus,
2535 4506 2750 4567 rursum
2783 4494 3001 4567 veniant
3029 4495 3095 4547 ad
3129 4494 3437 4567 angelorum
3468 4494 3708 4567 fastigia.

2150 4556 2230 4630 Ex
2266 4573 2376 4630 quo
2403 4562 2753 4630 consequenti
2784 4564 2994 4616 ratione
3028 4556 3341 4628 monsti'ari,
3380 4578 3569 4618 omnes
3594 4556 3712 4620 vra-

2155 4627 2440 4683 tionabiles
2462 4627 2740 4685 creaturas
2765 4644 2831 4684 ex
2866 4633 3176 4688 hominibus
3223 4627 3360 4699 ﬁeri,
3391 4648 3500 4687 non
3541 4635 3710 4689 semel

2153 4707 2210 4751 et
2235 4699 2435 4774 subito,
2479 4700 2572 4753 sed
2610 4700 2964 4774 frequentius;
2997 4717 3204 4772 nosque
3221 4711 3275 4756 et
3306 4703 3527 4774 angelos
3556 4704 3707 4756 futu-

2152 4781 2242 4822 ros
2272 4768 2563 4843 daemones,
2619 4773 2666 4843 si
2709 4768 2991 4841 egerimus
3037 4768 3427 4843 negligentius';
3484 4782 3541 4827 et
3580 4787 3706 4827 rur-

2152 4850 2271 4913 sum
2302 4835 2577 4913 daemones
2599 4841 2643 4894 si
2676 4835 2945 4913 voluerint
2973 4835 3170 4912 capeie
3186 4835 3462 4909 'virtutes,
3510 4857 3706 4913 perve-

2153 4908 2377 4991 nit-Ead-
2407 4908 3072 4991 angelicamdignitatem.
3112 4933 3132 4964 ι
3230 4981 3262 4991 η
3308 4980 3338 4991 __
3510 4908 3593 4991 ‘H
3668 4979 3702 4991 Α.

2222 4977 2332 5047 (71)
2363 4978 2437 5032 Ita
2494 4995 2623 5037 mss.
2673 4977 2827 5035 Libli.
2890 4983 3043 5046 editi,
3089 5002 3108 5035 ι
3146 4980 3428 5036 ordinibus
3476 4978 3705 5048 subjecti

2146 5055 2277 5100 sunt
2304 5049 2371 5122 ad
2409 5052 2736 5122 regendum.
2773 5068 2794 5122 ι
2824 5051 2987 5122 Paulo
3015 5061 3135 5122 post
3166 5051 3328 5106 iidem
3371 5051 3508 5106 libb.
3544 5050 3698 5116 editi,

2157 5134 2176 5166 ς
2215 5118 2423 5192 restitui
2454 5118 2520 5172 ad
2549 5132 2748 5174 statum
2779 5118 3125 5180 beatitudinis
3150 5132 3390 5192 possunt.
3428 5140 3449 5174 ι
3475 5123 3546 5175 At
3570 5134 3703 5176 mss.

2149 5187 2282 5239 utin
2315 5200 2499 5243 nostro
2526 5200 2695 5247 textu.

2219 5255 2328 5328 (72)
2359 5257 2514 5313 Libb.
2547 5261 2694 5323 edui,
2722 5280 2739 5311 ι
2758 5261 3052 5316 secundum
3073 5260 3391 5331 omnesjam
3416 5260 3700 5332 coeperit.»

2146 5324 2272 5379 Mss.
2311 5324 2369 5380 ut
2399 5331 2451 5382 in
2482 5340 2669 5383 nostro
2697 5340 2864 5385 textu.

2216 5395 2327 5474 (Ῐᾷ)
2352 5399 2422 5474 I_ta
2461 5415 2591 5453 mss.
2624 5399 2743 5474 Lib.
2773 5402 2925 5466 editi,
2959 5420 2978 5454 ‹
3012 5417 3109 5474 pro
3130 5401 3245 5456 suis
3266 5400 3565 5474 discipulis.
3603 5419 3627 5456 ι

2215 5469 2326 5539 (μ)
2354 5469 2430 5521 lta
2458 5485 2589 5523 mss.
2620 5470 2792 5539 Alias,
2822 5489 2841 5523 ι
2876 5489 2994 5527 eos.
3013 5469 3045 5526 ἰ

2214 5536 2327 5621 (Ξὲ)
2358 5540 2427 5621 L‘"
2458 5536 2785 5621 res-Mes:
2813 5562 2831 5593 ε
2870 5558 3008 5621 esse
3054 5562 3073 5596 ’
3123 5614 3133 5621 .
3283 5619 3289 5621 λ

2217 5606 2328 5679 (76)
2352 5606 2418 5661 Se
2447 5610 2676 5663 dedisse.
2718 5613 2844 5666 Haec
2890 5615 3084 5670 desunt
3121 5614 3175 5669 in
3203 5619 3363 5669 antea
3390 5610 3576 5679 editis,
3598 5609 3695 5665 scd

2145 5688 2358 5733 exstant
2382 5681 2431 5732 in
2457 5682 2706 5735 omnibus
2736 5698 2865 5737 mss.
