3952 6144
385 259 479 317 t69
885 251 891 256 ’
1785 263 1981 319 LIBER
2022 260 2299 318 PRIMUS.

3521 270 3621 323 170

380 391 581 445 agones
611 377 877 447 quosdam
920 385 1082 447 atque
1106 382 1408 435 certamina
1443 380 1619 436 omnis
1646 380 1760 435 haec
1790 382 1949 437 habet
1986 392 2023 442 Α
2058 381 2160 435 culi
2185 380 2375 449 spatiis
2409 380 2519 449 (8i)
2546 420 2558 444 ,
2601 381 2797 449 quibus
2838 384 3101 452 dispersio
3145 384 3236 438 illa
3278 388 3438 441 unius
3476 391 3624 456 prin-

378 466 485 517 vita
520 467 855 531 mortalium,
886 469 1284 525 reluctantibus
1311 471 1519 524 scilicet
1545 480 1600 526 et
1642 487 1949 539 repugnan-

378 557 521 609 tibus
560 559 849 612 adversmn
891 575 989 615 nos
1042 562 1124 613 his
1158 563 1251 630 qui
1285 562 1403 615 sine
1443 563 1551 617 ullo
1598 575 1841 632 respectu
1884 563 1949 616 de

375 656 517 700 statu
548 649 758 704 meliori
789 651 991 719 delapsi
1020 661 1166 713 sunt,
1205 653 1293 721 qui
1329 653 1672 722 appellantur
1705 654 1949 707 diabolus

373 748 424 788 et
474 738 649 806 angeli
697 739 835 808 ejus,
891 740 1181 808 eaeterique
1234 742 1459 796 ordines
1516 742 1754 805 malitiae,
1814 758 1949 809 quos

374 828 672 896 Apostolus
700 830 765 883 de
800 832 1098 886 virtutibus
1132 833 1423 886 contrariis
1451 832 1773 888 nominavit.
1827 831 1944 884 .lam

375 934 507 973 vero
534 920 579 973 si
605 919 770 988 aliqui
805 937 871 974 ex
918 922 1009 977 his
1033 924 1319 977 ordinibus
1357 924 1467 992 (77)
1495 924 1584 992 qui
1613 924 1713 977 sub
1745 923 1947 991 princi-

372 1020 505 1079 patu
543 1011 743 1065 diaboli
800 1022 991 1082 agunt,
1029 1030 1093 1069 ac
1145 1015 1364 1069 malitiae
1402 1015 1520 1081 ejus
1566 1016 1948 1082 obtemperant

372 1105 509 1176 (78),
541 1114 801 1173 poterunt
825 1107 1121 1175 aliquando
1153 1108 1204 1160 in
1239 1108 1435 1161 futuris
1467 1107 1681 1161 smculis
1705 1106 1943 1159 converti

371 1197 437 1249 ad
473 1198 793 1263 bonitatem,
821 1213 918 1268 pro
967 1213 1031 1253 eo
1069 1200 1211 1267 quod
1239 1200 1397 1253 estin
1435 1198 1564 1267 ipsis
1595 1198 1751 1251 liberi
1781 1197 1977 1251 facul-.

372 1302 457 1346 tas
484 1293 737 1357 arbitrii;
791 1307 856 1346 an
892 1308 1021 1347 vero
1067 1308 1390 1361 permanens
1412 1305 1467 1346 et
1496 1293 1792 1347 inveterata
1828 1308 1954 1345 ma—i

372 1384 489 1437 litia
526 1384 674 1438 velut
727 1384 779 1437 in
820 1395 1071 1439 naturam
1102 1386 1397 1454 quamdam
1434 1400 1501 1440 ex
1552 1386 1946 1439 consuetudine

370 1484 748 1541 convertatur,
790 1477 955 1530 etiam
1001 1484 1054 1528 tu
1090 1478 1180 1545 qui
1234 1478 1369 1546 legis
1404 1478 1650 1546 probato,
1688 1476 1730 1530 si
1771 1476 1945 1529 omni-

371 1568 531 1621 mode
562 1581 737 1635 neque
769 1567 822 1620 in
863 1568 965 1622 his’
991 1584 1112 1637 qua:
1143 1569 1396 1623 videntur
1425 1569 1810 1637 temporalibus
1841 1583 1942 1623 δίη»

369 1659 534 1723 culis,
558 1673 732 1727 neque
759 1663 809 1713 in
838 1659 923 1713 bis
945 1674 1066 1728 quae
1094 1676 1197 1713 non
1223 1662 1475 1714 videntur
1497 1668 1550 1714 et
1578 1669 1776 1713 aeterna
1798 1667 1942 1725 sunt,

2057 473 2180 541 cipii
2209 482 2372 541 atque
2401 472 2596 525 divisio
2628 473 2690 523 ad
2725 489 2887 526 unum
2933 484 2987 527 et
3022 470 3269 530 eumdem
3316 478 3475 532 liuent
3514 479 3623 550 (85)

2058 578 2121 617 ac
2152 563 2564 617 similitudinem
2592 575 2913 631 reparetur:
2945 582 3010 618 an
3042 582 3212 635 proco
3236 570 3376 637 quod
3408 568 3625 623 habitus

2050 656 2274 723 quidem
2301 669 2487 709 eorum
2517 670 2635 723 qum
2676 656 2944 720 videntur,
3000 668 3267 723 transeat,
3301 675 3405 715 non
3444 670 3622 715 tamen

2056 761 2242 799 eorum
2270 745 2572 801 substantia
2603 747 2912 800 omnimode
2945 761 3350 818 corrumpatur.
3384 753 3449 806 Et
3487 752 3623 807 Pau-

2057 836 2142 891 lus
2168 838 2382 904 quidem
2412 839 2623 891 videtur
2656 838 2728 900 id,
2756 840 2896 905 quod
2917 841 3187 908 posterius
3204 843 3463 908 diximus,
3488 859 3623 897 con-

2064 929 2311 994 ﬁrmare,
2345 944 2465 982 cum
2491 930 2619 983 dicit
2657 949 2667 983 :
2701 949 2716 981 t
2761 930 2983 985 Transit
3024 934 3171 986 enim
3210 934 3426 990 habitus
3466 935 3623 1004 huius

2055 1021 2238 1073 ntundi
2260 1020 2323 1073 ¹⁸.
2348 1040 2363 1070 ι
2389 1020 2493 1074 Sed
2535 1029 2587 1074 et
2614 1019 2782 1074 David
2809 1038 2927 1075 cum
2956 1024 3118 1078 dicit:
3146 1044 3163 1075 t
3189 1025 3322 1080 (ΖωΙὶ
3349 1028 3618 1095 peribunt,

2056 1120 2108 1164 tu
2144 1121 2321 1165 autem
2349 1111 2717 1178 permanebis,
2756 1122 3020 1168 etomues
3047 1116 3189 1168 sicut
3235 1120 3619 1172 vestimentum

2052 1211 2394 1255 veteraseent
2420 1242 2433 1265 ,
2467 1210 2518 1256 et
2557 1203 2700 1257 velut
2750 1205 3006 1258 amictum
3042 1209 3275 1261 mutabis
3317 1224 3445 1271 eos,
3481 1213 3622 1266 sicut

2054 1294 2434 1346 vestimentum
2464 1295 2816 1347 mutabuntur
2838 1297 2934 1362 ¹³,ι
2972 1298 3163 1351 eadem
3194 1300 3408 1353 videtur
3437 1312 3623 1357 esten-—

2054 1386 2200 1438 dere.
2236 1384 2291 1437 Si
2320 1384 2461 1437 enim
2496 1385 2851 1439 mutabuntur
2881 1387 3004 1441 caeli
3029 1376 3059 1451 ,'
3090 1390 3274 1458 utique
3322 1407 3427 1445 non
3479 1397 3621 1463 perit

2053 1474 2193 1542 quod
2247 1480 2519 1538 mutatur;
2558 1482 2613 1527 et
2660 1474 2706 1527 si
2738 1475 2955 1530 habitus
3009 1479 3193 1531 mundi
3249 1482 3462 1547 transit,
3513 1499 3619 1537 non

2051 1563 2356 1617 omnimode
2424 1564 2805 1618 exterminatio
2858 1566 2946 1619 .vel
3017 1568 3247 1633 perditio
3299 1569 3621 1622 substantire

2053 1654 2349 1707 niaterialis
2378 1654 2719 1718 ostenditur,
2767 1656 2861 1709 sed
2903 1657 3212 1712 immutatio
3261 1661 3512 1729 quaedam
3556 1660 3616 1713 lit

367 1752 588 1816 penilus
623 1766 751 1819 pars
785 1751 887 1804 ista
918 1754 986 1805 ab
1142 1753 1305 1806 eﬁam
1338 1752 1482 1804 ﬁnali
1532 1751 1743 1805 unimle
1786 1762 1947 1821 atque
1978 1739 2019 1792 B
2050 1743 2348 1813 qualitatis,
2381 1755 2543 1814 atque
2573 1746 2791 1801 habitus
2822 1749 3251 1803 transformalio.
3289 1752 3455 1807 Isaias
3486 1768 3621 1821 QUO°

369 1840 747 1892 convenientia
778 1841 1137 1910 discrepabit.
1196 1841 1425 1895 Interim
1464 1852 1571 1895 tam
1602 1842 1653 1895 in
1693 1841 1777 1895 his
1824 1857 1946 1912 quae

368 1930 625 1985 videntur
661 1932 773 2001 (79)
800 1942 858 1986 et
884 1934 1277 2004 temporalibus
1301 1934 1514 1988 saeculis
1540 1948 1702 2003 quam
1738 1935 1789 1987 in
1840 1935 1944 1989 illis

367 2036 492 2089 quae
516 2037 621 2076 non
678 2023 933 2077 videntur
972 2034 1027 2079 et
1070 2033 1274 2080 aeterna
1327 2036 1476 2088 sunt,
1503 2040 1693 2080 omnes
1724 2026 1810 2079 isti
1846 2041 1944 2094 pro

367 2113 583 2177 ordine,
629 2129 727 2182 pro
756 2116 989 2175 ratione.
1025 2130 1120 2184 pro
1160 2118 1320 2171 modo
1343 2128 1398 2171 et
1433 2118 1748 2172 meritorum
1777 2118 1946 2187 digni-

367 2204 577 2259 tatibus
619 2206 1041 2274 dispensantur;
1078 2217 1136 2262 ut
1185 2209 1273 2262 alii
1307 2209 1358 2261 in
1394 2209 1609 2278 primis,
1643 2208 1732 2261 alii
1767 2208 1818 2260 in
1854 2222 1943 2263 se-

365 2296 584 2360 cundis,
615 2296 857 2350 nonnulli
887 2299 1053 2352 etiam
1087 2300 1138 2353 in
1165 2299 1369 2353 ultimis
1397 2300 1749 2370 temporibus,
1769 2309 1822 2352 et
1848 2315 1943 2367 per

366 2384 576 2454 majora
607 2401 669 2439 ac
696 2389 946 2455 graviora
996 2388 1102 2456 71
1148 2389 1433 2457 supplicia,
1479 2405 1691 2445 necnon
1735 2400 1785 2443 et
1821 2391 1940 2443 diu-

366 2484 536 2530 turna
560 2491 624 2529 ac
653 2477 857 2539 multis,
884 2487 945 2531 ut
969 2481 1041 2532 ita
1064 2479 1265 2543 dicam,
1291 2482 1503 2536 steculis
1536 2481 1765 2535 tolerata
1796 2495 1945 2549 aspe-

365 2567 613 2619 rioribus
645 2567 1118 2622 emendationibus
1156 2571 1398 2637 reparati
1434 2579 1486 2623 et
1522 2570 1761 2623 restituti
1815 2585 1943 2624 eru-

370 2655 676 2710 ditionibus
705 2657 881 2723 primo
913 2657 1194 2726 angelicis,
1228 2666 1338 2713 tum
1370 2661 1564 2715 deinde
1590 2662 1755 2715 etiam
1786 2676 1947 2729 supe-

370 2746 583 2800 riorum
614 2748 726 2817 (80)
758 2748 1029 2818 graduum
1074 2749 1390 2816 virtutibus,
1416 2760 1469 2805 et
1504 2752 1581 2806 sic
1606 2766 1706 2820 per
1734 2752 1944 2823 singula

367 2839 440 2893 ad
467 2839 750 2908 superiora
790 2840 1035 2910 provecti
1082 2855 1254 2909 usque
1294 2845 1361 2896 ad
1401 2858 1464 2897 ea
1497 2857 1616 2911 quae
1651 2851 1777 2898 sunt
1807 2844 1946 2897 invi-

368 2930 548 2985 sibilia
582 2940 634 2983 et
657 2925 865 2986 aeterna
896 2935 1236 3001 perveniant,
1266 2932 1499 3002 singulis
1529 2933 1785 2989 videlicet
1823 2936 1945 3003 qui-

369 3023 578 3090 busque
603 3022 908 3077 caelestium
938 3024 1197 3077 virtutum
1236 3022 1429 3078 oﬂiciis
1480 3025 1715 3092 quadam
1753 3026 1938 3080 erudi-
1967 3057 2012 3118 c

368 3117 578 3167 tionum
620 3115 801 3182 specie
839 3115 951 3185 (8|)
994 3117 1318 3184 peragratis.
1358 3115 1435 3169 Ex
1469 3132 1596 3185 quo,
1638 3125 1698 3170 ut
1742 3118 1938 3185 opinor

368 3206 509 3275 (82),
559 3207 661 3261 hoc
726 3208 1116 3274 consequentia
1169 3207 1286 3276 ipsa
1356 3207 1569 3262 videtur
1621 3207 1933 3270 ostendere,

367 3312 802 3367 unamquamque
831 3297 1212 3351 rationabilem
1268 3308 1513 3351 naturam
1548 3313 1705 3367 posse
1737 3298 1803 3352 ab
1831 3312 1938 3352 uno

367 3391 422 3443 in
448 3389 676 3441 alterum
705 3388 951 3442 ordinem
987 3395 1358 3441 transeuntem
1409 3401 1505 3456 per
1548 3390 1790 3459 singulos
1822 3390 1935 3461 (85)

370 3482 424 3534 in
457 3495 673 3543 onmes,
704 3489 756 3534 et
779 3481 847 3534 ab
869 3481 1123 3534 omnibus
1146 3480 1198 3532 in
1223 3479 1463 3548 singulos
1489 3481 1936 3548 pervenire,dum

368 3586 621 3627 accessus
652 3570 995 3639 prolectuum
1028 3569 1405 3624 deiectuumve
1438 3571 1624 3625 varios
1672 3584 1769 3637 pro
1821 3585 1938 3623 mo-

370 3665 513 3719 tibus
536 3663 618 3718 vel
642 3664 926 3719 conatibus
959 3661 1192 3732 propriis
1219 3661 1593 3732 unusquisque
1634 3677 1733 3732 pro
1778 3661 1936 3717 liberi

368 3755 582 3810 arbitrii
612 3755 877 3810 facultate
902 3757 1225 3825 perpetitur.

440 3848 496 3901 4.
554 3847 820 3914 Quoniam
880 3861 1011 3902 sane
1058 3846 1289 3901 visibilia
1337 3845 1585 3914 quaedam
1637 3843 1765 3898 dicit
1813 3857 1935 3898 esse

370 3942 567 3995 Paulus
593 3949 647 3994 et
674 3940 1016 4008 temporalia,
1061 3938 1165 3992 alia
1203 3954 1333 3992 vero
1372 3946 1574 4008 praeter
1606 3938 1718 3991 haec
1752 3935 1935 3989 invisi-

372 4033 498 4086 bilia
513 4042 566 4087 et
586 4041 810 4096 aeterna,
831 4031 1119 4098 qtnerimus
1147 4029 1416 4098 quomodo
1440 4030 1575 4095 haec,
1600 4043 1722 4098 quae
1746 4028 1933 4081 viden-

374 4139 485 4191 tur,
537 4124 855 4195 temporalia
889 4124 1032 4188 sint;
1067 4132 1323 4176 utrumne
1369 4136 1470 4189 pro
1506 4135 1572 4174 eo
1625 4119 1767 4187 quod
1803 4117 1935 4171 nihil

370 4220 598 4273 omnino
636 4228 755 4287 post
782 4218 897 4272 base
928 4224 1091 4270 erunt
1132 4216 1189 4268 in
1219 4214 1475 4268 omnibus
1507 4212 1612 4266 illis
1633 4210 1799 4264 futuri
1830 4225 1934 4264 sae-

444 4334 489 4367 “
521 4337 538 4389 I
563 4336 689 4392 Cor.
712 4350 806 4399 vn,
830 4335 920 4389 51.
997 4334 1041 4366 ¹⁸
1069 4331 1213 4388 Psal.
1239 4346 1335 4395 cn,
1358 4329 1449 4384 27.

443 4453 554 4525 (77)
580 4452 710 4525 71am
746 4468 865 4525 eiero
895 4451 938 4505 si
966 4449 1147 4525 aliqui
1172 4466 1237 4502 ea:
1258 4449 1338 4525 his
1365 4447 1660 4525 ordinibus,
1693 4445 1940 4501 etc.Vide
1972 4451 2016 4505 D

371 4518 680 4593 Origeniqn.
701 4561 715 4586 ,
747 4522 841 4575 lib.
873 4539 932 4585 tt,
963 4520 1257 4588 quaestione
1284 4520 1370 4581 ll,
1401 4532 1548 4571 ntnn.
1583 4518 1668 4570 18.

443 4592 555 4665 (78)
587 4592 757 4665 {laute
786 4592 927 4661 lege.

441 4652 552 4736 (79)
580 4652 936 4736 litterimtvam
955 4660 1009 4736 in
1039 4659 1117 4711 his
1132 4673 1248 4726 qua:
1276 4657 1537 4736 videntur,
1561 4652 1937 4736 etc._§onst_tle

376 4722 574 4791 itc‘rum
608 4729 917 4798 Origenian.
955 4730 1044 4781 lih.
1082 4722 1371 4798 tlfqtnest.
1403 4727 1455 4789 5,
1488 4742 1636 4778 ntnn.
1668 4724 1815 4798 lict
1840 4722 1931 4775 22.

370 4808 501 4859 Item
539 4802 660 4853 libri
687 4792 929 4869 ejusdem
959 4810 1150 4869 qttaast.
1182 4792 1790 4869 utulecimam,numad.

443 4872 552 4947 (80)
585 4860 948 4947 Sapo-riorum.
977 4860 1147 4922 'Deest
1180 4867 1233 4919 in
1262 4866 1393 4919 libb.
1429 4864 1614 4927 editis,
1645 4865 1740 4918 sed
1769 4860 1935 4917 liabe-

372 4942 816 5011 mr'in’omnibns
845 4954 975 4992 mss.
1141 5007 1151 5011 _
1267 5005 1318 5011 Μ
1592 5001 1690 5011 η,
1808 4998 1841 5011 η

443 5009 971 5085 (81),Erudrtionum_
1013 5007 1203 5074 specie.
1264 5005 1357 5059 Sic
1406 5020 1540 5060 mss.
1590 5001 1727 5056 Male
1772 5000 1931 5063 alias,

377 5106 393 5137 ι
424 5080 726 5140 eruditione
751 5080 803 5133 in
827 5080 1033 5147 specie.
1071 5096 1090 5129 ›

443 5155 557 5227 (βξ)
584 5150 751 5227 gaute
784 5149 921 5217 lege.
1141 5217 1153 5227 _
1273 5215 1282 5227 .
1428 5212 1484 5227 Ν
1768 5211 1785 5227 Δ
1808 5209 1839 5227 ν

441 5209 551 5298 (85)
584 5209 958 5298 Τνηηεειινῖιειζι
986 5233 1078 5298 ραις
1108 5215 1365 5286 singulos.
1428 5212 1521 5268 Sic
1577 5227 1707 5266 mss.
1756 5209 1932 5272 Alias,

378 5315 392 5347 ι
432 5289 667 5349 transire
694 5299 749 5343 et
782 5304 877 5357 per
901 5289 1164 5354 singulos.
1205 5307 1223 5337 ι
1358 5354 1393 5359 __
1692 5350 1723 5359 ι.

440 5362 550 5436 (84)
581 5360 734 5415 Libb.
764 5350 894 5436 editi
921 5398 935 5421 ,
965 5350 1211 5410 «aluturis
1236 5354 1425 5424 spatiis
1452 5368 1514 5407 ac
1544 5350 1774 5407 saeculis.
1818 5367 1835 5399 ι
1867 5350 1936 5436 At

374 5429 499 5489 ms's.
532 5429 733 5486 omnes
764 5440 821 5481 ut
862 5429 914 5479 iu
954 5439 1141 5481 nostro
1173 5438 1343 5481 textu.
1922 5430 1943 5464 ι

443 5505 554 5574 (83)
588 5501 679 5574 Sic
704 5515 834 5574 mss.
870 5497 1030 5551 Libb.
1086 5512 1215 5550 vero
1260 5494 1414 5557 editi,
1477 5511 1495 5543 ι
1525 5490 1776 5545 eumdem
1813 5501 1937 5574 Amp-

375 5559 560 5627 duim,»
596 5570 765 5624 Paulo
794 5577 917 5635 post
955 5582 1106 5633 mss.,
1145 5584 1162 5617 ί
1199 5583 1302 5619 non
1342 5574 1782 5639 tamenueorum‘.
1808 5559 1937 5611 sub-

377 5645 571 5697 stantia
601 5628 912 5697 omnimode
947 5628 1342 5700 corrumpatur.
1372 5653 1390 5684 ι
1410 5633 1467 5687 In
1498 5631 1628 5685 libb.
1657 5628 1817 5683 editis
1840 5641 1938 5695 pro

382 5732 398 5765 ι
426 5710 727 5769 substantia
773 5726 791 5758 ι
831 5707 1021 5775 legitur
1056 5721 1077 5757 ‹
1112 5704 1365 5773 qualitas.
1407 5721 1425 5753 ι
1506 5730 1511 5736 ’

646 5802 920 5861 ΡΑτιιοι.
967 5798 1084 5859 Gn.
1132 5798 1243 5857 ΧΙ.

1527 4329 1571 4360 ¹⁶
1606 4328 1709 4383 lsa.
1735 4343 1879 4388 LXVI,
1900 4324 1991 4380 '29..

2048 1852 2152 1907 que
2175 1854 2299 1892 cum
2329 1853 2424 1909 per
2451 1838 2788 1907 prephetiam
2822 1841 2949 1894 dicit
2971 1840 3082 1911 (86)
3104 1882 3118 1906 ,
3159 1845 3285 1913 quia
3325 1863 3345 1896 ι
3384 1846 3619 1901 erilem-

2049 1929 2156 1983 lum
2191 1946 2407 1996 novum,
2442 1940 2495 1985 et
2523 1941 2667 1985 terra
2704 1948 2841 1987 nova
2864 1934 2927 1999 ",
2971 1953 2988 1985 ι
3034 1935 3264 1990 similem
3300 1938 3417 1991 sine
3451 1939 3616 1994 dubio

2049 2024 2290 2091 suggerit
2345 2022 2705 2076 intellectum.
2756 2022 3037 2079 lnnovatio
3099 2042 3329 2097 namque
3382 2031 3500 2085 rteli
3565 2043 3618 2085 et

2048 2124 2205 2167 terrm
2231 2122 2286 2168 et
2348 2113 2731 2167 transmutatio
2779 2114 2993 2169 habitus
3047 2116 3157 2185 (87)
3206 2118 3363 2187 hujus
3407 2123 3614 2185 mundi,

2046 2217 2099 2259 et
2124 2204 2430 2259 immutatio
2454 2204 2740 2272 caelorum,
2768 2206 2849 2259 his
2877 2206 2995 2261 sine
3021 2208 3184 2262 dubio
3204 2212 3610 2278 prteparabitur,

2044 2294 2135 2363 qui
2186 2309 2283 2362 per
2319 2293 2461 2347 illam
2493 2294 2668 2358 viam,
2708 2308 2869 2363 quam
2912 2310 3071 2364 supra
3124 2299 3477 2361 ostendimus.
3512 2302 3616 2357 iter

2046 2391 2291 2453 agentes,
2352 2384 2419 2437 ad
2474 2382 2619 2436 illum
2665 2383 2826 2437 ﬁnem
2860 2384 3213 2441 beatitudinis
3246 2390 3488 2451 tendunt,
3528 2395 3612 2445 cui

2045 2474 2207 2526 etiam
2241 2473 2343 2540 ipsi
2379 2473 2581 2528 inimici
2617 2472 2940 2542 subiiciendi
2971 2476 3254 2542 dicuntur,
3289 2477 3341 2530 in
3372 2494 3479 2545 quo
3508 2479 3615 2535 line

2048 2564 2228 2617 omnia
2252 2573 2307 2617 et
2344 2565 2395 2616 in
2429 2565 2683 2618 omnibus
2713 2565 2912 2619 dicitur
2936 2581 3057 2621 esse
3082 2568 3244 2623 Deus.
3278 2569 3333 2622 In
3370 2570 3469 2625 hoc
3503 2571 3609 2627 [ine

2048 2654 2092 2707 si
2122 2654 2246 2721 quis
2279 2653 2613 2707 matcrialem
2643 2665 2917 2719 naturam,
2950 2657 3001 2711 id
3031 2666 3114 2712 est
3142 2674 3487 2728 corpoream,
3520 2677 3615 2730 pe—

2050 2745 2193 2800 nitus
2220 2745 2561 2799 interituram
2598 2752 2773 2811 putet,
2809 2746 2957 2800 nullo
2988 2749 3209 2804 omnino
3231 2765 3426 2818 genere
3456 2754 3615 2808 intel-

2050 2837 2213 2892 lectui
2241 2851 2362 2891 meo
2391 2851 2684 2892 occurrere
2746 2847 2927 2907 potest
2953 2836 3100 2910 (88),
3132 2840 3398 2908 quomodo
3445 2851 3519 2897 tot
3559 2854 3614 2898 et

2047 2937 2209 2982 tanta:
2243 2928 2557 2982 substantiae
2608 2930 2770 2982 vitam
2822 2944 2986 2998 agere
3039 2940 3094 2985 et
3149 2932 3446 3003 subsistere
3491 2935 3609 2989 sine

2044 3019 2364 3088 corporibus
2389 3030 2637 3088 possunt,
2666 3036 2785 3074 cum
2820 3020 2990 3075 solius
3016 3020 3132 3087 Dei,
3166 3023 3216 3076 id
3245 3033 3329 3078 est
3356 3024 3533 3081 Patris
3558 3036 3613 3081 et

2043 3108 2164 3162 Filii
2189 3119 2243 3163 et
2276 3109 2513 3178 Spiritus
2538 3111 2717 3165 sancti
2747 3120 2956 3167 natura-
3005 3113 3054 3166 id
3089 3115 3369 3183 proprium
3408 3118 3515 3182 sit,
3553 3129 3613 3173 ut

2043 3198 2162 3251 sine
2203 3197 2466 3251 materiali
2490 3198 2796 3253 substantia
2841 3208 2897 3254 et
2939 3202 3146 3270 absque
3177 3204 3287 3259 ulla
3338 3220 3611 3275 corporea:

2045 3286 2364 3357 adiectionis
2394 3287 2659 3343 societate
2705 3289 3044 3360 intelligatur
3096 3294 3411 3349 subsistere.
3457 3296 3610 3351 Alius

2046 3379 2280 3434 fortasse
2308 3380 2476 3445 dicet,
2496 3382 2751 3449 quoniam
2786 3381 2837 3434 in
2875 3381 2966 3436 illo
3009 3382 3115 3435 line
3146 3386 3323 3439 omnis
3354 3386 3610 3442 substan-

2049 3470 2118 3525 tia
2151 3472 2455 3541 eorporalis
2481 3471 2555 3525 ita
2585 3487 2721 3540 pura
2754 3471 2865 3524 erit
2891 3482 3057 3541 atque
3080 3485 3328 3542 pttrgata,
3357 3484 3412 3528 ut
3440 3478 3611 3532 aethe-

2044 3563 2121 3616 ris
2158 3564 2212 3615 in
2250 3562 2467 3616 modum
2505 3571 2566 3616 et
2589 3563 2832 3617 ctelestis
2862 3564 3143 3631 cujusdam
3169 3565 3610 3637 puritatis‘atque

2043 3654 2374 3710 sinceritatis
2417 3655 2592 3723 possit
2619 3654 2870 3724 intelligi.
2898 3654 3115 3709 Cerlius
3159 3662 3338 3709 tamen
3377 3658 3611 3725 qualiter

2041 3757 2102 3798 se
2125 3743 2375 3796 habitura
2399 3742 2469 3797 sit
2504 3757 2611 3807 res,
2638 3741 2742 3796 scit
2770 3741 2916 3794 solus
2949 3740 3124 3805 Deus,
3170 3749 3224 3795 et
3275 3742 3319 3797 si
3364 3743 3457 3812 qui
3489 3743 3608 3815 ejus

2041 3850 2137 3906 per
2167 3834 2443 3888 Christum
2482 3842 2537 3887 et
2563 3832 2828 3902 Spiritum
2856 3841 3101 3886 sanctum
3136 3834 3296 3889 amici
3317 3842 3464 3889 sunt.

2631 3943 2859 4001 CAPUT
2897 3943 3005 4001 νη.

2417 4016 2489 4070 De
2516 4016 2836 4083 incorporei:
2873 4027 2921 4068 et
2949 4017 3232 4083 corporeis.

2112 4115 2164 4167 1.
2198 4110 2323 4165 llaec
2350 4108 2564 4178 quidem
2588 4120 2707 4175 qua:
2738 4107 2987 4175 superius
3020 4107 3403 4170 disseruimus,
3441 4121 3607 4176 gene-

2044 4204 2146 4260 rali
2175 4202 2331 4257 nobis
2352 4214 2603 4255 sermone
2626 4198 2736 4267 (89)
2761 4198 2969 4266 digesta
2997 4198 3125 4258 sint,
3153 4212 3249 4264 per
3268 4211 3610 4267 consequen—

2118 4437 2227 4509 (86)
2263 4435 2338 4509 Ita
2375 4449 2505 4509 mss.
2557 4432 2713 4487 Libb.
2745 4430 2898 4496 editi,
2950 4447 2968 4479 ι
2999 4428 3165 4484 Isaias
3218 4444 3435 4500 quoque
3480 4447 3606 4491 cum

2047 4505 2583 4582 ρι’όρὲὶεὶί.θτῐ¹.ἀίε³ἓ;
2632 4520 2651 4552 ³
2688 4572 2739 4582 Α.
2909 4570 2920 4581 .
3052 4577 3062 4582 _

2117 4569 2229 4647 (87)
2261 4575 2512 4647 Habitus.
2544 4574 2701 4626 Deest
2729 4572 2778 4624 in
2804 4570 2954 4624 libris
2976 4577 3134 4623 antea
3164 4569 3350 4636 editis,
3379 4571 3473 4627 sed
3510 4572 3609 4627 ha-

2046 4644 2215 4705 betur
2233 4647 2283 4700 in
2326 4644 2575 4699 omnibus
2602 4658 2730 4695 mss.

2114 4716 2224 4788 (88)
2259 4713 2431 4788 Nullo
2452 4715 2661 4788 omnino
2695 4725 2876 4788 genere
2920 4708 3222 4788 intellectui
3261 4724 3373 4763 meo
3409 4725 3609 4788 occur-

2044 4777 2157 4842 refe
2185 4777 2372 4854 potest.
2407 4782 2566 4854 Aliud
2592 4777 2889 4854 forte‘vidit
2925 4780 3159 4854 inﬁtextu
3184 4777 3373 4854 (Ξῖ-προ
3408 4778 3604 4835 Hiero-

2046 4847 2264 4926 nymus,
2302 4854 2392 4921 qui
2425 4852 2582 4926 epist.
2614 4851 2680 4903 ad
2713 4848 2929 4926 Avitum
2975 4847 3264 4926 Drigencm
3292 4848 3490 4926 docere
3524 4865 3610 4905 re-

2042 4917 2523 4991 ie'rt,tCOrporales
2545 4934 2758 4991 quoque
2776 4918 3113 4991 substantias
3134 4917 3352 4991 penitus
3370 4918 3610 4989 dilapsu-

2044 5012 2131 5049 ras
2162 5012 2175 5060 ;
2210 4987 2467 5046 autcerte
2494 4991 2544 5042 in
2566 4987 2681 5043 line
2704 4988 2944 5060 omnium
2984 4988 3085 5040 hoc
3106 5000 3230 5060 esse
3262 4987 3446 5060 futura
3481 4987 3606 5043 δον..

2032 5056 2203 5136 pora,
2255 5062 2399 5131 quod
2444 5076 2587 5136 nunc
2636 5069 2718 5136 est
2748 5059 2919 5111 aether
2942 5066 2998 5136 et
3030 5056 3343 5136 cie-lum_,_.et
3382 5058 3429 5112 si
3461 5060 3607 5127 quod

2042 5126 2195 5188 aliud
2240 5126 2437 5201 corpus
2464 5130 2736 5201 sincerius
2771 5137 2828 5201 et
2878 5126 3345 5201 purius_intelligi
3400 5126 3603 5201 poiest.

2044 5204 2196 5271 Quod
2226 5196 2354 5256 cuni
2384 5202 2454 5253 ita
2487 5200 2577 5265 sit,
2602 5218 2642 5271 γ»
2680 5198 2858 5268 inquit
2887 5197 3028 5271 idem
3065 5196 3275 5259 doctor,
3315 5213 3334 5247 ι
3377 5198 3507 5264 quid
3538 5196 3608 5250 de

2044 5268 2447 5329 resurrectione
2472 5270 2694 5335 sentiat,
2728 5268 3074 5336 perspicuum
3104 5275 3206 5321 est.
3243 5283 3262 5317 ι

2114 5341 2227 5413 (89)
2256 5337 2497 5413 Genera“
2526 5341 2671 5392 nobis
2696 5334 2952 5413 sermone,
2999 5346 3105 5389 etc.
3142 5334 3610 5413 lnt_e_g_ra_m_phra-

2044 5404 2145 5468 siin
2176 5404 2257 5466 sic
2286 5408 2547 5463 exhibent
2587 5424 2739 5470 mss.,
2768 5407 2900 5460 libb.
2950 5414 3131 5458 autem
3171 5405 3299 5457 editi
3346 5404 3551 5457 habent
3591 5421 3605 5455 :

2051 5503 2067 5534 ε
2107 5486 2160 5536 in
2185 5477 2423 5550 generali
2466 5479 2629 5550 nobis
2649 5492 2907 5550 sermone
2945 5476 3154 5550 digesta
3182 5481 3312 5550 sunt
3341 5487 3437 5550 per
3481 5486 3612 5550 cou-

2045 5540 2386 5621 sequEntiam
2416 5549 2587 5615 magis
2612 5545 2897 5621 intellecta
2919 5540 3079 5621 quam
3106 5540 3336 5621 definito
3360 5542 3614 5621 dogmate

2045 5608 2371 5691 pertractata
2410 5608 2570 5691 atque
2593 5617 2836 5669 discussa
2866 5608 2951 5691 de
2970 5608 3382 5666 rationabilibus
3399 5608 3610 5664 naturis

2048 5686 2346 5747 secundum
2379 5701 2501 5742 eum
2536 5686 2735 5751 locum,
2769 5702 2787 5734 ι
2825 5690 2931 5735 etc.

3264 5776 3303 5833 6
