3952 6144
348 300 448 355 173

1754 295 1953 350 LIBER
1988 295 2271 350 PRIMUS.

3507 282 3610 336 ιτι

349 418 484 473 tibus
506 416 622 472 fieri
652 414 810 472 solet.
837 415 929 470 Ait
956 429 1082 485 ergo
1111 433 1126 471 :
1164 434 1181 466 ι
1203 413 1517 470 Mandatum
1544 430 1645 487 ego
1664 417 1919 470 oumibus
1950 420 1996 476 Α
2027 415 2370 471 salutationis
2404 428 2507 468 vox
2541 412 2725 468 Mariae
2749 412 2814 466 ad
2847 424 3007 466 aures
3035 407 3320 464 Elizabetb
3355 420 3467 463 sua:
3490 422 3607 461 ma-

348 511 511 566 stellis
552 509 806 578 praecepi.
849 527 867 560 ι
921 508 1051 575 Quae
1084 519 1262 564 autem
1296 518 1422 564 sunt
1468 507 1556 563 illa
1604 508 1917 577 praecepta?

348 601 554 655 scilicet
583 606 642 652 ut
671 599 1091 666 unumquodque
1116 607 1325 652 astrum
1359 614 1456 652 suo
1474 598 1665 651 ordine
1695 598 1920 666 suisque

350 690 603 746 cursibus
632 689 858 743 indultae
898 690 997 743 sibi
1035 689 1362 759 quantitatis
1398 688 1746 757 splendorem
1778 703 1920 757 prae-

348 784 470 837 beat
502 783 727 836 mundo.
758 782 893 836 Aliis
921 782 1066 835 enim
1094 782 1187 850 qui
1223 789 1488 835 vocantur
1520 779 1778 847 planetae,
1804 794 1923 833 moo

348 881 539 926 ventur
566 871 874 935 ordinibus,
904 870 1026 924 aliis
1048 871 1101 924 bi
1136 885 1274 939 quos
1304 870 1563 933 ἀπλανεῖς
1604 876 1824 922 vocant.
1858 869 1915 920 ln

348 979 454 1030 quo
478 964 531 1017 id
564 962 1007 1017 manifestissime
1024 962 1347 1027 ostenditur,
1373 962 1518 1029 quod
1541 974 1717 1029 neque
1745 971 1923 1014 metus

350 1055 493 1108 illius
524 1055 768 1124 corporis
804 1055 924 1110 sine
953 1055 1133 1108 anima
1165 1054 1311 1107 efﬁci
1347 1064 1558 1121 potest;
1592 1066 1771 1121 neque
1801 1067 1922 1120 qua:

350 1147 650 1199 animantia
682 1156 833 1211 sunt,
866 1156 1091 1215 possunt
1117 1145 1413 1214 aliquando
1444 1160 1566 1200 esse
1591 1147 1709 1199 sine
1748 1157 1922 1200 motu.

352 1238 535 1291 Stella:
567 1253 694 1291 vero
725 1254 847 1292 cum
882 1247 1027 1292 tanto
1058 1238 1249 1292 ordine
1289 1252 1354 1292 ac
1380 1247 1527 1291 tanta
1567 1240 1780 1292 ratione
1804 1254 1925 1292 mo-

355 1338 605 1395 veantur,
632 1339 690 1382 ut
718 1331 770 1383 in
803 1331 947 1385 nullo
969 1345 1191 1399 prorsus
1213 1346 1405 1385 cursus
1432 1346 1619 1384 earum
1637 1330 1929 1399 aliquando

354 1422 501 1476 visus
532 1421 605 1475 sit
639 1422 951 1491 impeditus,
977 1423 1250 1491 quomodo
1285 1438 1393 1476 non
1430 1431 1515 1476 est
1540 1422 1682 1475 ultra
1713 1437 1928 1476 omnem

357 1515 707 1569 stoliditatem
739 1524 946 1568 tantum
982 1516 1250 1579 ordinem,
1285 1524 1600 1583 tantamque
1634 1515 1932 1583 discipliuze

358 1620 423 1657 ac
454 1605 681 1658 rationis
703 1604 1113 1658 observantiam
1143 1603 1328 1656 dicere
1362 1603 1430 1657 ab
1461 1601 1933 1656 irrationabilibus

356 1696 499 1766 exigi
530 1696 611 1749 vel
648 1695 897 1763 expleri?
947 1695 1101 1765 Apud
1149 1693 1443 1749 Jeremiam
1480 1709 1614 1749 sane
1644 1694 1809 1747 etiam
1844 1708 1933 1748 re-

2024 508 2123 563 tris
2178 506 2568 561 advenerat".
2626 504 2907 570 Quomodo
2964 516 3089 557 cum
3145 511 3380 568 corpore
3440 497 3603 552 simul

2026 602 2151 653 beta
2181 597 2255 670 (8)
2280 606 2366 653 est
2394 608 2450 652 et
2474 597 2741 664 plasmata
2770 595 2931 648 etiam
2963 592 3107 647 illius
3130 590 3337 654 anima,
3375 588 3472 665 qui
3502 603 3602 641 an-

2028 698 2247 755 tequam
2279 687 2335 740 in
2364 696 2521 740 utero
2549 686 2897 749 formaretur,
2923 690 3080 736 notus
3098 694 3216 736 esse
3238 679 3350 733 Deo
3380 676 3603 741 dicitur,

2028 788 2083 831 et
2112 787 2407 845 antequam
2442 777 2511 832 de
2538 774 2694 829 vulva
2724 773 3047 842 procederet
3076 813 3089 837 ,
3119 770 3495 826 sanctificatus
3523 776 3607 822 est

2029 868 2097 921 ab
2126 884 2190 921 eo
2210 868 2295 921 ³θῖ
2322 866 2399 921 Νε
2428 866 2569 921 forte
2604 880 2711 920 non
2746 864 2954 932 judicio
2980 904 2994 925 ,
3022 878 3121 917 nec
3157 878 3255 931 pro
3282 860 3491 916 meritis
3518 872 3607 913 re-

2029 960 2180 1029 plere
2203 960 2416 1027 aliquos
2449 960 2593 1012 Deus
2623 958 2872 1012 videatur
2900 953 3107 1023 Spiritu
3141 961 3351 1018 sancto,
3384 960 3441 1007 et
3473 965 3605 1006 san-

2031 1052 2272 1105 ctificare
2300 1066 2403 1105 non
2434 1050 2649 1104 merito.
2685 1048 2749 1100 Et
2785 1046 3062 1116 quomodo
3103 1044 3421 1113 effugiemus
3462 1040 3605 1095 illam

2033 1158 2219 1197 vocem
2262 1157 2382 1210 qua:
2411 1141 2488 1194 ait
2544 1162 2554 1194 :
2621 1158 2641 1190 ί
2702 1137 2956 1205 Nunquid
3011 1136 3281 1205 iniustitia
3332 1142 3418 1188 est
3469 1130 3611 1201 apud

2036 1237 2243 1291 Deum?
2268 1235 2506 1289 Absit".
2537 1253 2554 1285 ι
2587 1232 2682 1287 Vel
2714 1232 2844 1285 illud
2872 1248 2885 1283 :
2916 1249 2934 1280 ι
2969 1228 3222 1296 Nunquid
3252 1237 3612 1296 personarum

2037 1331 2281 1399 acceptio
2337 1335 2419 1383 est
2467 1325 2608 1395 apud
2670 1324 2839 1377 Deum
2863 1323 2950 1376 '3?
2992 1342 3010 1372 ι
3067 1320 3176 1373 11οε
3224 1318 3369 1372 enim
3418 1329 3615 1371 conse-

2044 1420 2234 1490 quitur
2286 1433 2408 1472 eam
2462 1414 2871 1477 defensionem,
2924 1425 3044 1479 qua:
3086 1409 3297 1461 animas
3318 1406 3616 1461 subsistere

2038 1512 2200 1565 simul
2255 1525 2379 1565 cum
2426 1508 2752 1578 corporibus
2800 1509 3097 1558 asseverat.
3148 1499 3422 1565 Quantum
3476 1510 3610 1563 ergo

2040 1612 2142 1684 [(9)
2161 1612 2278 1665 Ὅτι
2293 1611 2349 1664 δὲ
2389 1609 2662 1680 πρεσϐυτέ
2673 1626 2737 1679 ρα
2758 1609 2791 1678 ἡ

2038 1704 2184 1775 ψυχὴ
2195 1702 2287 1755 τοῦ
2302 1703 2451 1773 ἡλίου
2469 1702 2567 1770 τῆς
2587 1702 2796 1754 ὲνδέσε-

360 1789 481 1858 gina
514 1787 639 1842 coeli
665 1787 790 1840 luna
815 1802 936 1842 esse
962 1787 1349 1841 nominatur“.
1372 1786 1529 1853 Quod
1552 1786 1596 1840 si
1625 1786 1933 1840 animantes

2047 1814 2117 1860 ως
2135 1794 2298 1848 αὐτοῦ
2316 1795 2413 1864 τῆς
2442 1795 2520 1856 εἰς
2536 1793 2595 1845 τὸ
2615 1794 2794 1865 σῶμα,

361 1890 487 1933 sunt
510 1880 679 1934 stella-
696 1888 746 1933 et
771 1878 1121 1933 rationabiles
1140 1879 1466 1941 animantes,
1493 1878 1610 1933 sine
1639 1879 1802 1933 dubio
1819 1878 1930 1950 (99)

362 1968 635 2026 videbitur
668 1973 809 2027 inter
831 1988 924 2027 eas
956 1981 1008 2026 et
1034 1972 1312 2041 profectus
1344 1972 1543 2041 aliquis
1572 1981 1627 2026 et
1654 1973 1930 2027 decessus.

362 2063 475 2119 Hoc
500 2064 643 2117 enim
674 2064 814 2133 quod
846 2064 920 2117 ait
952 2062 1053 2118 Job
1093 2081 1107 2117 :
1141 2082 1161 2114 ‹
1203 2062 1392 2119 ειειιω
1424 2078 1529 2117 non
1564 2072 1693 2118 sunt
1721 2065 1934 2118 mundae

362 2153 416 2206 in
438 2161 727 2222 conspectu
760 2152 962 2222 ejus",
1001 2172 1020 2206 ι
1052 2155 1214 2211 talem
1243 2155 1376 2210 mihi
1401 2156 1689 2225 quemdam
1716 2158 1937 2213 videtur

364 2244 606 2301 indicare
635 2246 1001 2303 intellectum.

433 2336 488 2392 4.
522 2335 642 2391 Jam
678 2352 808 2392 vero
836 2352 899 2391 ea
928 2353 1047 2408 quae
1077 2339 1376 2394 animantia
1402 2354 1522 2396 esse
1550 2349 1605 2395 et
1636 2340 1939 2397 rationabi-

362 2426 867 2499 lia,eonsequentia
907 2432 1293 2499 disputationis
1326 2433 1557 2499 invenit,
1592 2442 1776 2488 utrum
1813 2449 1936 2489 cum

366 2520 686 2588 corporibus
710 2520 917 2588 pariter
954 2521 1193 2574 animata
1227 2522 1515 2577 videantur
1553 2537 1617 2578 eo
1660 2532 1939 2594 tempore,

366 2624 493 2664 cum
532 2610 667 2663 dicit
701 2611 984 2678 Scriptura
1017 2612 1145 2679 quia
1177 2628 1197 2661 ι
1238 2612 1368 2666 fecit
1396 2612 1539 2666 Deus
1583 2614 1689 2668 duo
1713 2616 1943 2669 lumina-

370 2700 453 2752 ria
480 2714 699 2769 magua,
722 2699 1067 2757 etluminare
1093 2701 1272 2770 majus
1312 2703 1364 2755 in
1412 2703 1779 2773 principatum
1810 2706 1942 2772 diei,

368 2798 427 2843 et
458 2788 727 2844 luminare
759 2791 939 2847 minus
982 2792 1033 2845 in
1086 2792 1445 2861 principatum
1486 2796 1664 2849 noctis
1686 2835 1702 2861 ,
1734 2804 1787 2850 et
1816 2796 1948 2850 stel-

367 2881 528 2947 las";
557 2902 576 2932 ι
601 2897 778 2936 annon
798 2898 921 2937 cum
949 2884 1079 2952 ipsis
1102 2887 1447 2956 corporibus,
1479 2887 1573 2942 sed
1604 2888 1947 2945 extrinsecus

370 2972 534 3027 factis
586 2971 697 3040 jam
757 2974 1078 3043 corporibus
1131 2976 1359 3030 inseruit
1417 2978 1712 3046 spiritum,
1764 2979 1946 3048 pervi-

369 3065 604 3120 dendum
631 3074 714 3121 est
743 3065 838 3139 (1).
892 3068 1003 3139 Ego
1041 3070 1261 3139 quidem
1306 3072 1559 3141 suSpicor
1603 3073 1944 3128 extrinsecus

2049 1885 2187 1955 μετὰ
2214 1886 2273 1938 τὸ
2302 1884 2715 1951 συλληγίσασθαι
2730 1887 2796 1937 ὲκ

2044 1976 2384 2046 συγκρίσεως
2396 1973 2491 2026 ἀνθ
2501 1972 2683 2044 ρώπου
2701 1974 2797 2044 τῆς

2044 2068 2181 2139 πρὸς
2218 2066 2401 2132 αὐτὸν,
2426 2067 2519 2119 κα).
2547 2065 2797 2119 ἐντεῦθεν

2044 2159 2152 2213 ἀπὸ
2198 2158 2304 2211 τῶν
2361 2158 2593 2229 Γραφῶν
2646 2152 2798 2229 οἶμαι

2044 2251 2325 2317 ἀποδεῖξαι
2398 2249 2678 2303 δύνασθαι.
2745 2251 2798 2305 ld

2864 1608 2929 1647 ex
2956 1590 3366 1659 comparatione
3391 1587 3613 1641 humani

2866 1693 3044 1739 status
3090 1680 3300 1749 concipi
3352 1676 3464 1749 (l0)
3521 1692 3618 1746 po-

2868 1788 3019 1844 test,
3104 1788 3439 1843 consequens
3487 1780 3618 1840 puto

2870 1874 3039 1928 multo
3073 1870 3247 1941 magis
3268 1871 3384 1922 haec
3412 1867 3479 1921 de
3507 1880 3617 1920 caa-

2870 1968 3096 2023 lestibus
3144 1964 3453 2027 sentienda,
3496 1974 3619 2030 qua:

2870 2063 3032 2119 etiam
3058 2062 3111 2114 iu
3141 2058 3453 2113 hominibus
3479 2055 3621 2110 ratio

2872 2157 2986 2225 ipsa
3014 2163 3065 2209 et
3101 2153 3402 2224 Scriptura:
3433 2159 3621 2204 aucto-

2875 2251 3011 2305 ritas
3050 2249 3267 2303 videtur
3307 2244 3618 2302 ostendere.

2044 2353 2127 2398 est
2156 2362 2168 2397 :
2202 2343 2443 2396 Animam
2485 2355 2658 2397 autem
2682 2342 2809 2398 solis
2838 2342 3189 2413 antiquiorem
3228 2356 3338 2393 esse
3358 2337 3551 2408 alliga—

2048 2436 2191 2489 tione
2220 2436 2336 2505 ejus
2367 2435 2436 2489 ad
2472 2452 2661 2503 corpus
2684 2477 2699 2501 ,
2736 2436 3042 2488 conclusum
3070 2433 3190 2503 jam
3223 2441 3383 2488 estea:
3406 2444 3551 2483 com-

2046 2528 2318 2595 paratione
2362 2528 2625 2591 hominis;
2658 2543 2835 2581 rerum
2887 2543 2915 2581 e
2964 2526 3264 2595 Scriptum
3311 2522 3536 2576 arbitror

2048 2634 2199 2685 posse
2231 2617 2633 2689 demonstrari.]

2121 2708 2176 2763 5.
2220 2709 2326 2763 Sed
2355 2710 2631 2765 videamus
2650 2710 2761 2781 (11)
2783 2711 2826 2765 si
2850 2726 3010 2781 quam
3041 2710 3261 2780 proprie
3284 2709 3446 2764 etiam
3464 2708 3628 2778 deip-

2054 2800 2130 2854 sis
2158 2799 2471 2855 cmlestibus
2500 2801 2920 2871 significantiam
2959 2802 3070 2871 jam
3114 2802 3252 2869 apud
3289 2802 3627 2870 Scripturam

2054 2900 2298 2945 sanctam
2362 2893 2632 2962 possimus
2664 2893 2926 2948 invenire.
2979 2890 3179 2947 Paulus
3233 2892 3507 2964 apostolus
3555 2895 3630 2947 ait

2054 2983 2144 3048 ita,
2180 2983 2465 3051 quoniam,
2508 2985 2706 3053 inquit,
2742 3003 2761 3036 ‹
2829 2988 3046 3042 vanitati
3092 2995 3343 3043 creatura
3389 2985 3627 3054 subjeCta

2051 3085 2133 3129 est
2166 3088 2275 3127 non
2307 3074 2515 3138 volens,
2542 3076 2636 3129 sed
2661 3086 2883 3146 propter
2906 3094 3029 3134 eum
3060 3079 3150 3148 qui
3171 3076 3407 3145 subjecit
3431 3076 3485 3132 in
3508 3093 3625 3147 spe,

373 3156 640 3248 insel‘mljl
672 3170 792 3210 esse
818 3157 1090 3226 Spiritum,
1124 3158 1218 3213 sed
1245 3173 1423 3228 Opem
1448 3159 1685 3227 Pretium
1729 3159 1941 3214 Videbi-
1971 3189 2017 3248 ο
2051 3168 2173 3237 quia
2203 3176 2259 3221 et
2290 3166 2401 3235 ipsa
2435 3174 2684 3223 creatura
2714 3169 3033 3225 liberabitur
3055 3186 3084 3225 a
3107 3171 3371 3227 servitute
3399 3184 3630 3240 corrup-

375 3255 463 3300 tur
492 3246 558 3300 de
588 3247 887 3317 Scripturis
915 3248 1017 3303 hoc
1042 3248 1354 3303 ostendere.
1381 3248 1514 3303 Nam
1544 3264 1640 3319 per
1667 3249 1947 3317 conjectu-

374 3351 491 3390 ram
534 3336 715 3392 facilis
763 3339 999 3395 assertio
1033 3354 1156 3395 esse
1200 3340 1505 3405 videbitur;
1542 3340 1946 3409 Scripturarum

378 3436 559 3483 autem
608 3429 934 3485 testimoniis
965 3433 1159 3499 utique
1192 3430 1269 3501 (2)
1303 3431 1586 3487 difficilius
1619 3432 1946 3487 affirmatur.

376 3517 510 3573 Nam
554 3535 651 3589 per
698 3521 1042 3591 conjecturas
1074 3524 1144 3576 ita
1193 3523 1451 3591 possibile
1507 3532 1595 3579 est
1623 3524 1856 3579 ostendi.
1892 3525 1949 3579 Si

380 3611 616 3665 hominis
648 3612 828 3667 anima
862 3628 981 3682 qum
1009 3616 1197 3684 utique
1222 3613 1453 3670 inferior
1480 3624 1586 3678 est,
1622 3617 1747 3670 dum
1772 3617 1950 3671 homi-

378 3718 464 3772 nis
513 3720 691 3771 anima
738 3727 839 3781 est,
871 3735 981 3773 non
1026 3734 1149 3773 cum
1191 3720 1507 3789 corporibus
1555 3723 1676 3773 ficta
1718 3720 1826 3789 (3),
1858 3719 1953 3773 sed

381 3810 718 3864 extrinsecus
772 3812 989 3880 proprie
1038 3812 1297 3880 probatur
1350 3811 1583 3875 inserta,
1630 3811 1801 3864 multo
1850 3809 1954 3880 73

382 3902 552 3971 magis
578 3916 764 3953 eorum
792 3901 1146 3954 animantium
1173 3916 1292 3969 qua:
1315 3900 1554 3954 cmlestia
1582 3898 1954 3970 designantur.

383 3994 519 4047 Nam
564 3990 824 4061 quantum
870 3994 936 4045 ad
983 3993 1229 4047 homines
1277 4001 1485 4061 spectat
1535 3990 1645 4061 (4),
1690 3990 1959 4059 quomodo

386 4101 509 4139 cum
552 4100 777 4153 corpore
828 4084 987 4137 simul
1039 4084 1158 4139 ﬁcta
1200 4084 1275 4155 (5)
1316 4083 1494 4137 anima
1530 4082 1799 4137 videbitur
1842 4082 1960 4150 ejus

387 4178 479 4246 qui
512 4177 566 4230 in
598 4184 788 4230 ventre
823 4191 980 4229 suum
1010 4175 1230 4228 fratrem
1260 4172 1643 4242 supplantavit,
1680 4172 1732 4226 id
1760 4179 1845 4225 est
1871 4170 1959 4225 Ja-

391 4270 491 4323 cob
520 4270 601 4321 “?
630 4270 737 4322 Aut
778 4266 1051 4336 quomodo
1093 4264 1252 4319 simul
1291 4279 1413 4318 cum
1459 4278 1684 4331 corpore
1728 4262 1849 4316 ficta
1884 4263 1959 4334 (6)

392 4371 474 4415 est
502 4361 699 4425 anima,
729 4360 816 4415 vel
863 4360 1124 4427 plasmata
1172 4358 1290 4426 ejus
1332 4356 1423 4425 qui
1470 4356 1645 4409 adhuc
1682 4355 1738 4408 in
1773 4363 1961 4408 ventre

2049 3260 2209 3313 tionis
2237 3260 2289 3313 in
2310 3259 2615 3316 libertatem
2644 3259 2754 3332 (12)
2782 3262 2963 3332 gloriae
2995 3264 3226 3319 filiorum
3254 3264 3347 3320 Dei
3361 3262 3427 3317 ”.
3459 3281 3478 3314 ι
3506 3261 3631 3329 Cui,

2049 3352 2295 3421 obsecro,
2351 3355 2574 3409 vanitati
2637 3368 2889 3411 creatura
2936 3356 3177 3425 subjecta
3226 3364 3331 3424 est,
3376 3354 3462 3409 vel
3512 3369 3632 3423 qua:

2051 3451 2319 3509 creatura,
2344 3446 2428 3501 vel
2456 3449 2726 3515 quomodo
2750 3462 2854 3501 non
2890 3447 3092 3514 volens,
3126 3446 3209 3502 vel
3240 3448 3339 3501 sub
3367 3460 3469 3515 qua
3495 3460 3590 3515 spe
3609 3444 3635 3498 τ

2051 3534 2170 3601 Quo
2197 3546 2377 3591 autem
2413 3540 2572 3593 modo
2620 3539 2733 3607 ipsa
2764 3549 3009 3593 creatura
3040 3538 3365 3593 liberabitur
3402 3553 3432 3591 a
3460 3537 3633 3592 servi-

2056 3636 2167 3681 tute
2195 3630 2592 3699 corruptionis?
2616 3630 2721 3683 Sed
2748 3638 2804 3683 et
2825 3630 2951 3682 alibi
3004 3630 3120 3698 ipse
3171 3628 3462 3697 Aposlo'us
3489 3628 3566 3681 ait
3610 3644 3625 3679 :

2060 3737 2079 3770 ι
2102 3718 2233 3774 Nam
2247 3722 2578 3789 exspectatio
2601 3731 2863 3777 creatum
2886 3720 3266 3774 revelationem
3286 3719 3514 3772 tiliorum
3541 3718 3632 3775 Dei

2054 3813 2415 3881 exspectat”.
2452 3832 2470 3864 ι
2505 3813 2571 3867 Ει
2595 3813 2789 3869 iterum
2815 3814 2940 3867 alibi
2976 3814 3049 3867 ait
3082 3832 3094 3867 :
3132 3833 3150 3865 ‹
3188 3812 3303 3868 Νοη
3339 3812 3508 3867 solum
3538 3828 3637 3867 au-

2055 3912 2163 3958 tem
2199 3918 2319 3969 nos,
2351 3904 2444 3959 sed
2480 3914 2533 3963 ct
2558 3907 2673 3976 ipsa
2715 3914 2965 3960 creatura
3020 3906 3375 3977 congemiscit
3412 3914 3467 3962 et
3503 3920 3638 3961 con-

2055 3998 2200 4053 dolet
2233 3994 2343 4069 (15)
2392 4012 2563 4067 usque
2596 3999 2818 4054 nunc".
2864 4018 2882 4051 ι
2933 3998 3083 4056 Unde
3127 4002 3504 4070 inquirendum
3552 4007 3636 4054 est

2054 4087 2145 4156 qui
2174 4088 2243 4141 sit
2276 4089 2526 4158 gemitus,
2583 4089 2664 4144 vel
2691 4091 2780 4160 qui
2808 4091 2912 4145 sint
2940 4093 3150 4147 dolores
3198 4092 3334 4162 ejus.
3365 4092 3428 4145 Et
3461 4092 3635 4160 primo

2054 4179 2476 4247 crgovideamus
2499 4196 2618 4250 qua:
2650 4190 2735 4235 est
2764 4184 2976 4236 vanitas
2997 4183 3083 4236 cui
3114 4190 3362 4236 creatura
3392 4182 3635 4251 subjecta

2056 4276 2156 4322 est.
2190 4269 2301 4337 Ego
2335 4271 2549 4338 quidem
2590 4270 2828 4324 arbitror
2858 4285 2963 4324 non
2992 4273 3115 4325 esse
3138 4270 3299 4323 aliam
3333 4270 3629 4324 vanitatem

2057 4373 2219 4427 quam
2248 4375 2506 4429 corpora;
2535 4375 2658 4413 nam
2689 4360 2813 4415 licet
2837 4362 3128 4415 mthereum
3153 4360 3224 4415 sit
3245 4374 3439 4429 corpus
3460 4371 3640 4413 astro-

394 4452 580 4506 matris
625 4468 736 4505 sua:
777 4452 1024 4519 positus,
1076 4448 1312 4517 repletus
1360 4456 1444 4502 est
1488 4446 1691 4516 Spiritu
1744 4446 1963 4499 sancto?
2060 4464 2204 4516 rum,
2255 4460 2431 4505 tamen
2461 4461 2543 4505 est
2575 4452 2873 4507 materiale.
2908 4452 3060 4509 Unde
3090 4463 3145 4507 et
3190 4451 3444 4506 Salomon
3503 4452 3637 4505 mibi

394 4542 657 4596 Joannem
718 4542 838 4596 dico
895 4540 1276 4610 tripudiantcm
1334 4538 1387 4591 in
1437 4546 1592 4591 utero
1646 4536 1863 4602 matris,
1912 4543 2029 4597 etD
2062 4541 2369 4594 universam
2392 4554 2708 4610 corpoream
2740 4551 2988 4596 naturam
3024 4544 3637 4611 velutonerosamquo-

397 4648 585 4703 magna
634 4647 692 4686 se
741 4630 1100 4685 exsultatione
1141 4629 1434 4700 iactantem
1472 4626 1546 4698 (7)
1587 4642 1686 4697 pro
1725 4641 1791 4681 eo
1827 4627 1967 4697 quod
2063 4630 2369 4698 dammodo,
2411 4640 2466 4688 et
2505 4632 2743 4702 vigorem
2794 4635 3075 4699 spirituum
3123 4634 3489 4691 retardantem
3535 4632 3637 4687 boe

468 4772 509 4802 ἰ
543 4770 653 4824 Jer.
686 4785 781 4831 vn,
816 4770 901 4824 18.
978 4770 1021 4801 ²¹
1045 4768 1145 4823 Job
1169 4784 1293 4829 xxv,
1327 4769 1377 4821 5.
1468 4769 1513 4798 ³³
1544 4766 1677 4822 Gen.
1708 4785 1746 4827 ι,
1779 4767 1865 4822 16.

2047 4768 2150 4821 len.
2182 4785 2303 4828 xxv,
2332 4769 2421 4821 22.
2512 4770 2556 4800 ’⁸
2588 4768 2715 4823 Luc.
2750 4785 2787 4835 ι,
2818 4770 2904 4823 41.
2991 4770 3037 4800 ’⁸
3064 4767 3174 4824 Jer.
3205 4785 3242 4833 ι,
3276 4768 3326 4824 5.
3402 4770 3446 4802 ⁸⁷
3474 4768 3634 4824 Rom.

401 4857 473 4906 1x,
511 4842 597 4895 14.
674 4842 718 4872 ¹³
747 4840 907 4893 Rom.
938 4856 997 4905 ιι,
1027 4840 1113 4893 11.
1189 4840 1232 4871 ³⁸
1263 4838 1419 4892 Rom.
1448 4853 1566 4903 vut,
1591 4839 1679 4901 20,
1709 4840 1796 4891 21.
1873 4837 1918 4868 ³ο

2047 4839 2073 4892 l.
2106 4839 2188 4892 19.
2267 4840 2308 4869 ³¹
2337 4839 2463 4891 ibid.
2497 4839 2585 4893 25.

475 4979 583 5050 (99)
614 4979 703 5035 Sic
730 4996 860 5036 mss.
893 4981 1048 5036 Libb.
1094 4980 1252 5042 editi,
1287 5000 1303 5029 ε
1344 4989 1693 5034 memoratur.
1740 4977 1895 5044 Quod
1927 4980 1972 5033 si
2074 4980 2268 5050 matris
2294 4980 2411 5048 ejus
2438 4980 2664 5048 positus.
2698 4998 2716 5030 ι

405 5049 651 5104 animatae
684 5060 812 5105 sunt
839 5053 1025 5115 stellze,
1063 5051 1179 5105 sine
1207 5050 1390 5121 dubio.
1431 5068 1449 5098 ›
1704 5119 1731 5121 Α
1766 5120 1772 5121 ί
1959 5120 1969 5121 7
2145 5050 2218 5117 (7)
2253 5049 2404 5121 Libb.
2452 5050 2605 5113 editi,
2633 5069 2651 5099 ‹
2696 5060 2751 5104 ει
2784 5065 2973 5121 magna
3015 5049 3372 5103 exsultatione
3403 5050 3640 5121 gauden-

476 5122 549 5187 (1)
580 5121 965 5177 Pervtdendum
998 5132 1093 5174 est.
1144 5122 1304 5174 Deest
1350 5119 1405 5171 in
1451 5128 1607 5173 antea
1650 5119 1826 5187 editis,
1880 5120 1975 5174 sed
2074 5128 2181 5172 tem
2217 5126 2270 5171 et
2303 5132 2361 5171 sc
2387 5120 2701 5187 jactantem.
2736 5138 2754 5169 ›

408 5190 635 5243 habetur
664 5191 719 5243 in
748 5191 999 5244 omnibus
1026 5206 1157 5244 mss.
2147 5187 2219 5255 (8)
2253 5187 2339 5241 Sic
2366 5203 2497 5241 mss.
2533 5187 2695 5253 Alias,
2730 5208 2748 5239 ‹
2779 5189 2937 5244 facta.
2971 5208 2989 5238 ι

480 5260 554 5327 (2)
591 5260 679 5313 Sic
722 5276 851 5314 mss.
888 5261 1145 5313 Merlinus
1176 5280 1192 5309 ‹
1228 5257 1537 5313 testimonio
1565 5259 1767 5329 utique.
1814 5280 1831 5310 ι
1870 5259 1939 5315 Gc

2080 5328 2085 5329 γ
2150 5256 2375 5329 (9)]Ὀτι
2408 5258 2464 5329 δὲ
2498 5256 2873 5329 πρεςξϐυτέρα,
2923 5267 3029 5329 etc.
3062 5257 3243 5314 Graeca
3278 5260 3635 5329 hmgexstanl

412 5326 727 5398 nebrardus,
770 5348 788 5380 ι
823 5330 1131 5398 testimonio
1162 5330 1257 5383 uti.
1294 5348 1311 5379 ι
1341 5397 1346 5398 ί
1660 5326 1676 5329 ⁷
2077 5328 2131 5381 in
2164 5327 2579 5398 calce_epistolae
2608 5326 2894 5398 Justiniani
2921 5328 3258 5396 imperatoris
3286 5331 3351 5381 ad
3377 5327 3605 5381 Menam.

480 5397 556 5466 (3)
586 5398 673 5452 Sic
704 5414 895 5453 omnes
921 5396 1050 5453 mss.
1077 5400 1241 5466 Alias,
1275 5418 1292 5449 t
1328 5397 1484 5452 facta.
1521 5400 1558 5464 »β
2149 5396 2260 5467 (10)
2291 5396 2416 5467 Mss.
2459 5397 2743 5467 «jconcipi.
2786 5416 2805 5449 ›
2836 5399 2999 5461 Alias,
3037 5414 3055 5446 ι
3095 5398 3308 5467 conjici.
3348 5414 3367 5445 ι

506 5469 557 5531 4)
590 5467 760 5522 Caute
792 5469 840 5522 lc
879 5484 929 5522 e.

484 5469 560 5607 (ὅ)
588 5536 752 5607 Alias,
787 5557 805 5588 ι
841 5486 1002 5592 ἔπεια.
1040 5558 1058 5589 ι
1505 5606 1511 5607 ί
1542 5606 1547 5607 γ
1788 5604 1791 5607 .

2152 5465 2261 5607 (ll)
2293 5465 2463 5547 Caute
2490 5465 2624 5547 lege.

2179 5537 2262 5605 12)
2291 5536 2446 5590 Libb.
2492 5538 2618 5590 edttt

546 5536 752 5609 )Adias,
787 5557 805 5588 ι
841 5534 1002 5592 facta.
1040 5558 1058 5589 ι
1441 5607 1476 5609 μ
1503 5606 1513 5609 _
1538 5606 1552 5609 Α
1788 5604 1791 5609 ι
1927 5607 1935 5609 _

2082 5607 2094 5609 _
2152 5534 2262 5607 (12)
2291 5536 2446 5590 Libb.
2492 5534 2641 5602 editi,
2681 5555 2700 5587 ς
2743 5536 2798 5590 in
2839 5536 3071 5591 laudem.
3122 5556 3140 5587 ι
3172 5539 3244 5591 At
3284 5547 3412 5588 mss.
3450 5552 3468 5586 ι
3506 5534 3562 5589 in
3590 5534 3647 5589 li-

485 5606 558 5676 (6)
605 5606 690 5661 Sic
736 5623 866 5662 mss.
916 5608 1081 5673 Alias,
1116 5627 1133 5658 ‹
1180 5608 1337 5663 facta.
1387 5627 1403 5658 ι
1440 5606 1643 5661 Ibidem
1688 5606 1817 5661 mss.
1870 5626 1887 5656 ι
1925 5607 1980 5660 in

544 5484 557 5531 )
590 5484 760 5522 Caute
792 5484 840 5522 te
879 5484 929 5522 e.

546 5540 549 5541 ⁷
588 5536 752 5601 Alias,
787 5557 805 5588 ι
841 5486 1002 5592 ἔπεια.
1040 5558 1058 5589 ι

542 5545 560 5676 ζ
605 5606 690 5661 Sic
736 5623 866 5662 mss.
916 5608 1058 5662 Alias

2081 5607 2367 5660 bet-tatem.
2403 5624 2420 5655 )

421 5673 605 5732 ventre
632 5678 819 5734 matris
852 5692 962 5734 suae
988 5680 1215 5751 positus.
1253 5698 1271 5730 ι
1303 5679 1454 5734 Libb.
1481 5677 1635 5741 editi,
1666 5697 1682 5729 ι
1717 5677 1770 5730 in
1796 5685 1983 5731 ventre
2161 5676 2270 5745 (15)
2302 5675 2455 5730 Libb.
2493 5675 2643 5741 editi,
2676 5696 2693 5728 ‹
2730 5674 2977 5747 parturit.
3002 5692 3037 5753 ἡ»
3076 5673 3203 5731 Mss.
3238 5694 3256 5726 ι
3288 5673 3555 5732 condolct.
3593 5696 3612 5728 ι
