4014 6142
264 226 371 280 175

1543 222 1863 278 ORIGENIS
1903 225 2063 278 ΠΕΡΙ
2099 227 2331 280 ΑΡΧΩΝ

3430 239 3537 295 176

267 344 426 398 modo
480 342 689 395 videtur
759 341 1072 412 appellare:
1115 360 1132 392 ι
1177 341 1398 395 Vanitas
1441 343 1738 397 vanitatum
1790 351 1840 398 et
1874 347 1915 402 Α
1947 357 2077 399 sane
2095 345 2255 398 etiam
2274 345 2340 399 de
2372 344 2495 398 luna
2515 345 2752 400 etstcllis
2770 345 3046 400 sentienda
3066 346 3529 407 suntetdicenda.

265 435 447 488 omnia
475 435 712 498 vanitas,
746 433 880 488 dixit
917 431 1290 487 Ecclesiastes.
1335 432 1548 486 Omnia’
1581 437 1798 489 vanitas
1829 452 1842 488 :

268 526 480 594 respexi
511 525 678 588 enim,
709 524 902 591 inquit,
933 533 985 574 et
1014 523 1117 576 vidi
1157 523 1404 578 universa
1434 539 1555 593 qua:
1585 525 1686 580 sub
1731 525 1848 579 sole

269 628 418 685 sunt,
448 627 505 672 et
524 630 651 672 ecce
679 617 857 670 omnia
907 615 1117 668 vanitas
1133 614 1199 667 θ’.
1234 633 1252 665 ι
1290 613 1423 669 Huic
1461 630 1594 687 ergo
1620 617 1844 670 vanitati

269 719 519 765 creatura
563 707 800 774 subjecta
835 715 939 770 est,
991 705 1080 758 illa
1116 707 1386 774 prmcipue
1439 714 1687 760 creatura
1732 707 1845 780 (H)

272 817 392 872 quae
442 801 624 869 utique
672 798 962 851 niaximum
997 797 1050 850 in
1095 797 1195 852 hoc
1255 798 1458 852 mundo
1485 807 1538 852 et
1569 800 1844 868 egregium

268 893 447 962 operis
467 893 546 946 sui
575 889 787 943 obtinet
812 887 1201 957 principatum,
1229 887 1283 942 id
1305 896 1390 943 est
1430 889 1510 944 sol
1541 899 1595 945 et
1627 889 1748 943 luna
1791 898 1846 944 et

267 981 435 1036 stellae
465 978 689 1032 vanitati
718 977 962 1047 subjecta
995 978 1272 1042 dicuntur,
1300 979 1622 1047 corporibus
1655 980 1842 1039 indita,

267 1083 429 1142 atque
462 1074 527 1126 ad
560 1071 894 1125 illutninandi
921 1071 1154 1126 oliicium
1179 1073 1415 1128 humano
1450 1075 1633 1143 generi
1677 1075 1846 1144 depu-

270 1177 394 1221 tata.
429 1183 448 1217 ι
485 1166 551 1220 Ει
585 1180 714 1231 non,
742 1165 936 1232 inquit,
988 1164 1177 1219 volens
1233 1175 1485 1220 creatura
1529 1168 1643 1222 haec
1695 1170 1846 1223 vani-

269 1257 364 1312 tati
415 1254 654 1324 subjecta
679 1254 842 1309 est”.
875 1273 891 1305 ι
944 1253 1059 1308 Νοιι
1091 1254 1236 1308 enim
1277 1255 1555 1309 voluntate
1584 1256 1846 1310 exhiben-

268 1347 394 1400 dum
417 1345 657 1414 suscepit
682 1343 1041 1396 ministerium
1061 1343 1307 1406 vanitati,
1340 1344 1431 1398 sed
1452 1346 1709 1414 quoniam
1729 1345 1842 1418 (15)

270 1438 486 1493 volebat
512 1435 601 1490 ille
628 1436 719 1505 qui
749 1433 1086 1501 subjiciebat,
1128 1446 1348 1504 prepter
1379 1451 1500 1490 eum
1529 1439 1619 1506 qui
1659 1438 1843 1508 subje-

270 1530 369 1597 cit,
407 1531 816 1599 promittentem
879 1529 962 1584 his
1001 1529 1090 1598 qui
1127 1546 1231 1584 non
1294 1529 1572 1583 voluntate
1617 1533 1841 1604 vanitati

270 1621 660 1684 subdebantur,
696 1621 837 1690 quod
865 1620 1079 1688 expleto
1125 1621 1395 1691 magniﬁci
1460 1623 1645 1690 operis
1685 1624 1844 1676 mini-

270 1715 442 1770 sterio
465 1714 842 1770 liberabuntur
875 1716 940 1769 ab
969 1715 1073 1770 hac
1105 1714 1368 1770 servitute
1395 1717 1762 1784 corruptionis
1789 1728 1844 1772 et

276 1808 551 1873 vanitatis,
601 1821 723 1860 cum
778 1806 1165 1876 redemptionis
1211 1806 1395 1883 gloriae
1468 1808 1698 1862 ﬁliorum
1749 1810 1842 1862 Dei

274 1907 486 1966 tempus
549 1895 849 1948 advenerit.
907 1894 1024 1961 Qua
1082 1911 1179 1968 spe
1252 1906 1512 1966 accepta,
1562 1907 1615 1951 et
1683 1912 1843 1967 quam

273 1987 685 2057 promissionem
727 1986 1103 2055 complendam
1135 2002 1360 2055 sperans
1391 1988 1644 2043 universa
1695 2004 1846 2044 crea-

273 2087 393 2131 tura
441 2077 798 2144 congemiscit
839 2092 985 2139 nunc
1022 2079 1238 2133 interim
1285 2089 1468 2150 utpote
1505 2082 1669 2135 etiam
1716 2081 1846 2134 all‘e-

272 2181 420 2224 ctum
469 2169 674 2229 habens
700 2184 824 2239 erga
855 2185 950 2225 eos
973 2171 1169 2240 quibus
1201 2173 1489 2234 ministrat,
1517 2185 1567 2228 et
1594 2174 1846 2228 condolet

271 2277 366 2330 per
401 2260 713 2330 patientiam
743 2275 863 2330 qua:
884 2261 1151 2330 promissa
1187 2272 1314 2317 sunt
1352 2277 1592 2332 Sperans.
1628 2263 1845 2319 Intuere

271 2351 438 2405 etiam
468 2350 618 2416 illud,
650 2349 698 2405 si
723 2350 863 2406 forte
887 2352 1064 2416 aptari
1101 2361 1279 2421 potest
1312 2353 1399 2406 illa
1439 2369 1540 2407 vox
1573 2353 1726 2407 Pauli
1759 2355 1845 2409 his

270 2439 364 2509 qui
415 2439 539 2493 licet
572 2453 677 2492 non
729 2439 1000 2506 volentes,
1033 2455 1130 2508 pro
1161 2441 1435 2494 voluntate
1489 2451 1666 2496 tamen
1731 2444 1843 2511 ejus

270 2529 361 2597 qui
385 2529 633 2598 subjecit,
653 2537 705 2582 et
732 2544 828 2599 pro
858 2529 1336 2598 repromissionum
1364 2544 1458 2600 Spe
1488 2529 1595 2602 (16)
1619 2533 1841 2586 νιιιιίιοιί

272 2621 500 2687 subjecti
539 2628 688 2686 sunt,
713 2635 814 2688 qua
843 2620 920 2674 ait
950 2636 965 2674 :

346 2730 363 2761 ι
388 2711 617 2764 Κάλλιον
637 2709 1021 2780 ἀναλῦσαι(·17)

268 2807 360 2859 καὶ
419 2807 513 2859 σὺν
563 2804 779 2876 Χριστῷ
844 2798 1018 2859 εἶναι·

267 2899 445 2969 πολλῷ
472 2899 576 2970 γὰρ
609 2899 806 2970 μᾶλλον
841 2901 1023 2970 κρεῖσ-

269 3005 390 3044 σ>νο
428 3007 447 3041 ι
475 2991 678 3060 νομίζω
702 2991 808 3062 γὰρ
833 2992 914 3044 ὅτι
937 2991 1023 3042 λέ-

267 3100 352 3151 γοι
381 3081 447 3137 ἂν
469 3084 498 3136 ὁ
519 3083 666 3153 ἥλιος
684 3100 696 3112 ·
733 3102 750 3133 ι
794 3083 1023 3137 Κάλλιον

268 3174 531 3230 ἁνία-λῦσαι
558 3177 654 3228 καὶ
682 3177 778 3230 σὺν
804 3175 1024 3246 Χριστῷ

265 3266 439 3326 εἶναι·
477 3271 654 3342 πολλῷ
697 3272 803 3343 γὰρ
843 3275 1024 3344 κρεῖσ-

272 3385 381 3422 σον.
415 3386 432 3418 ι
455 3369 565 3421 Καὶ
590 3370 618 3421 ὁ
651 3369 747 3438 μὲν
772 3367 984 3432 Παῦλος
1006 3385 1020 3399 ο

273 3476 291 3508 ι
336 3458 492 3510 Ἀλλὰ
522 3459 582 3510 τὸ
625 3457 902 3530 ἐπιμένειν
956 3462 1020 3531 τῇ

268 3551 429 3620 σαρκὶ
481 3551 903 3622 ἀναγκαιότερον
959 3552 1026 3604 δι’

270 3640 431 3710 ὑμᾶς’
459 3659 479 3692 ι
499 3642 528 3694 ὁ
546 3641 602 3694 δὲ
625 3641 794 3712 ἥλιος,
813 3642 886 3695 Τὸ
910 3645 1027 3696 ἐπι-

274 3736 452 3807 μένειν
477 3736 555 3807 τῷ
579 3738 813 3809 οὐρλνίῳ
850 3739 1025 3810 τούτῳ

271 3825 482 3896 σώματι
510 3829 926 3900 ἀναγκαιότερον
943 3830 1029 3883 διὰ

280 3926 375 3996 τὴν
419 3920 756 3990 ἀποκάλυψιν
797 3920 904 3972 τῶν
946 3920 1034 3971 τέ-

283 4034 425 4071 κνων
485 4015 580 4067 τοῦ
633 4011 788 4065 Θεοῦ.
847 4009 928 4062 Τὰ
981 4008 1036 4062 δὲ

283 4110 420 4163 αὐτὰ
458 4109 550 4162 καὶ
597 4106 724 4174 περὶ
777 4104 1038 4174 σελήνης,

285 4199 376 4252 καὶ
396 4198 522 4268 περὶ
539 4196 648 4250 τῶν
667 4195 868 4248 λοιπῶν
889 4194 1039 4248 ἀστέ-
1097 4201 1321 4267 sarium,
1335 4210 1553 4270 propter
1569 4198 1853 4254 revelatio-

286 4307 394 4359 ρων
422 4288 660 4343 λεκτέον.

338 4425 384 4458 ³³
417 4425 566 4484 Eccl.
593 4443 632 4491 ι,
657 4429 706 4494 1,
734 4429 820 4483 14.
898 4429 942 4461 ³³
971 4427 1128 4486 Rom.
1155 4444 1269 4494 vni,
1294 4431 1384 4483 20.
1459 4427 1506 4460 “
1537 4427 1730 4498 Philip.
1761 4443 1800 4496 ι,
1827 4429 1917 4497 25,
1943 4431 2032 4485 2t.

1172 2733 1189 2765 ι
1257 2712 1508 2783 Optarem
1561 2716 1704 2769 enim
1754 2729 1841 2769 re—

1095 2806 1250 2869 solvi,
1285 2807 1366 2860 vel
1395 2807 1588 2869 redire,
1630 2816 1684 2861 et
1721 2820 1842 2860 esse

1093 2913 1213 2950 cum
1302 2897 1568 2962 Christo;
1674 2897 1842 2950 multo

1093 2989 1236 3042 enim
1262 2988 1452 3042 melius
1483 2986 1612 3060 (18).
1645 3006 1663 3040 ι
1705 2987 1840 3042 Ριιῑο

1094 3083 1234 3136 enim
1260 3085 1384 3152 quia
1401 3083 1650 3138 similiter
1673 3083 1842 3152 possit

1094 3179 1256 3232 etiam
1277 3182 1352 3234 sol
1370 3179 1552 3233 dicere
1568 3179 1688 3247 quia
1710 3199 1728 3229 ι
1747 3181 1842 3247 Op-

1098 3282 1265 3327 tarem
1297 3273 1488 3328 resolvi
1509 3273 1586 3327 vel
1605 3273 1776 3328 redire
1789 3282 1844 3328 ct

1099 3383 1218 3423 esse
1238 3384 1360 3424 cum
1378 3367 1630 3424 Christo:
1675 3370 1843 3424 multo

1097 3463 1238 3515 enim
1272 3461 1482 3518 melius.
1533 3479 1550 3513 ι
1601 3462 1664 3516 Et
1708 3461 1843 3516 Pau-

1100 3557 1181 3611 lus
1213 3559 1428 3627 quidem
1463 3557 1612 3612 addit
1642 3576 1656 3612 :
1697 3576 1716 3610 ι
1737 3556 1843 3612 Sed

1098 3664 1414 3719 permanere
1440 3650 1493 3704 in
1522 3664 1687 3706 carne
1726 3664 1844 3704 ma-

1098 3740 1178 3809 gis
1211 3740 1578 3796 necessarium
1627 3749 1846 3810 propter

1101 3847 1194 3886 vos
1228 3833 1302 3899 ³⁴⁵;
1343 3851 1362 3884 ι
1404 3832 1484 3888 sol
1516 3847 1642 3886 vero
1671 3842 1848 3902 potest

1099 3925 1280 3979 dicere
1323 3941 1338 3979 :
1384 3923 1710 3979 Permanere
1753 3940 1849 3978 au-

1103 4024 1206 4068 tem
1240 4018 1291 4070 in
1325 4016 1427 4070 hoc
1457 4015 1661 4070 caelesti
1691 4025 1745 4069 et
1765 4016 1849 4069 lu-

1101 4106 1220 4161 cido
1239 4121 1464 4176 corpore
1482 4107 1652 4176 magis
1667 4121 1848 4160 neres-

1102 4310 1222 4349 nem
1243 4294 1473 4356 ﬁliorum
1503 4292 1616 4347 Dei.
1650 4291 1848 4346 Eadem

1953 433 2242 487 Videamus
2268 449 2408 488 nunc
2434 448 2552 501 qua:
2570 436 2640 487 sit
2663 435 2824 488 etiam
2856 434 3078 489 libertas
3108 445 3395 501 creatum,
3421 438 3534 510 74

1950 526 2033 576 vel
2084 540 2204 594 quae
2247 526 2518 578 absolutio
2559 525 2858 580 servitutis.
2888 527 3019 580 Cum
3052 530 3336 584 tradiderit
3364 531 3528 585 Chri-

1948 627 2065 671 stus
2097 633 2318 686 regnum
2356 619 2462 673 Deo
2485 629 2540 673 et
2578 618 2752 684 Patri,
2778 631 2902 677 tunc
2933 636 3095 676 etiam
3136 625 3236 677 ista
3277 627 3526 680 animan-

1951 710 2020 760 tia
2055 725 2176 762 cum
2211 712 2362 777 prius
2387 726 2607 780 regnum
2636 713 2835 768 Christi
2881 715 3078 767 l'ucrint
3101 713 3317 782 effecta,
3365 718 3528 772 simul

1948 815 2071 854 cum
2132 803 2278 855 omni
2344 818 2508 872 regno
2561 805 2724 857 etiam
2758 805 2902 858 Patri
2963 809 3231 876 regnamla
3272 808 3380 880 (l9)
3413 819 3524 862 tra-

1961 893 2184 959 dentur;
2209 903 2264 946 ut
2295 909 2415 948 cum
2440 896 2582 950 Deus
2617 896 2720 949 erit
2751 899 2929 950 omnia
2961 898 3012 951 in
3050 900 3326 966 omnibus,
3358 901 3524 954 etiam

1951 982 2052 1034 ista
2082 999 2201 1035 cum
2231 984 2344 1036 sint
2369 998 2435 1038 ex
2466 984 2746 1050 omnibus,
2786 984 2861 1039 sit
2903 997 2956 1040 et
2982 986 3032 1038 in
3065 987 3182 1040 istis
3212 988 3350 1043 Deus
3387 988 3528 1044 sicut

1950 1075 2003 1127 in
2039 1075 2308 1129 erunibus.

2516 1168 2745 1224 CAPUT
2788 1168 2929 1222 Vlll.

2478 1254 2551 1306 De
2604 1255 2805 1323 angelis
2859 1255 2995 1326 (20).

2020 1344 2070 1397 1.
2105 1341 2281 1397 Simili
2319 1358 2532 1413 quoque
2576 1347 2788 1399 ratione
2823 1348 2988 1400 etiam
3019 1346 3087 1399 de
3119 1345 3325 1415 angelis
3374 1354 3526 1400 uten-

1947 1440 2072 1487 dum
2114 1446 2266 1504 puto,
2301 1452 2400 1489 nec
2433 1436 2855 1491 existimandum
2881 1438 3133 1506 quoniam
3167 1437 3392 1493 fortuito
3437 1454 3527 1492 ac-

1946 1527 2111 1590 cidat,
2141 1536 2196 1580 ut
2233 1526 2303 1579 illi
2330 1527 2520 1596 angelo
2549 1527 2677 1582 illud
2712 1527 3024 1598 injuugatur
3064 1527 3298 1582 ollicium
3330 1547 3344 1583 :
3374 1529 3525 1582 verbi

1946 1619 2144 1689 gratia,
2184 1628 2238 1671 ιιι
2271 1618 2379 1690 (21)
2416 1619 2689 1689 Raphaelo
2727 1620 2956 1673 curandi
2995 1629 3049 1672 et
3083 1619 3326 1673 medendi
3366 1633 3527 1686 opus,

1947 1710 2199 1765 Gabrielo
2225 1709 2489 1763 bellormn
2513 1711 2873 1780 providentia,
2905 1710 3170 1765 Micbaclo
3217 1710 3525 1764 mortalium

1947 1814 2134 1869 preces
2163 1801 2692 1870 supplicationesque
2729 1814 2942 1854 curare.
2985 1799 3108 1854 llaec
3140 1800 3286 1853 enim
3337 1797 3523 1852 ol‘licia

1947 1894 2312 1961 promeruisse
2348 1907 2439 1947 eos
2469 1908 2575 1946 non
2615 1890 2773 1946 aliter
2803 1891 3098 1959 putandum
3127 1899 3233 1954 est,
3268 1903 3430 1958 quam
3458 1904 3525 1942 ex

1948 1985 2063 2040 suis
2098 1997 2366 2053 quemque
2428 1983 2635 2037 meritis
2667 1991 2721 2036 et
2753 1998 2851 2051 pro
2905 1981 3100 2035 studiis
3128 1996 3193 2036 ac
3234 1981 3529 2034 virtutibus

1946 2090 2065 2142 quae
2089 2085 2215 2128 ante
2240 2074 2421 2128 mundi
2450 2073 2609 2141 hujus
2639 2087 2958 2143 compagem
3005 2073 3296 2139 gesserint,
3341 2089 3529 2128 susce-

1946 2167 2110 2233 pisse.
2138 2164 2274 2218 Tum
2306 2165 2500 2219 deinde
2532 2165 2640 2237 (22)
2672 2165 2722 2217 in
2770 2162 3153 2232 archangelico
3179 2164 3371 2218 ordine
3395 2167 3528 2218 illud

1949 2259 2029 2312 vel
2065 2258 2190 2312 illud
2236 2258 2401 2312 ol'ticii
2446 2273 2616 2328 genus
2662 2256 2956 2324 unicuique
2996 2255 3346 2324 deputatum;
3393 2256 3530 2310 alios

1949 2366 2075 2406 vero
2127 2352 2180 2404 in
2233 2351 2547 2419 angelorum
2615 2351 2803 2403 ordine
2854 2349 3123 2402 meruisse
3177 2347 3432 2414 describi,
3475 2357 3530 2400 et

1947 2457 2108 2512 agere
2138 2443 2238 2496 sub
2268 2442 2358 2496 illo
2386 2442 2468 2494 vei
2501 2441 2592 2495 illo
2627 2440 2976 2510 archangelo,
3007 2439 3090 2494 vel
3125 2439 3216 2493 illo
3245 2439 3403 2502 duce,
3444 2437 3528 2491 vel

1945 2532 2191 2602 principe
2247 2531 2456 2587 ordinis
2515 2532 2618 2596 sui.
2668 2531 2799 2598 Quae
2870 2531 3090 2594 onmia,
3147 2538 3206 2583 ut
3247 2529 3382 2596 dixi,
3421 2545 3529 2589 non

1946 2625 2170 2680 fortuito
2203 2634 2368 2694 atque
2405 2625 2700 2678 indiscrete
2725 2663 2740 2688 ,
2783 2625 2878 2679 sed
2929 2623 3211 2692 aptissimo
3237 2632 3293 2676 et
3331 2622 3528 2691 justis-

1945 2717 2082 2771 simo
2106 2715 2199 2769 Dei
2229 2715 2435 2785 judicio
2462 2716 2712 2768 ordinata
2743 2722 2911 2778 sunt,
2951 2723 3004 2767 et
3033 2729 3131 2782 pro
3184 2713 3392 2767 meritis
3420 2713 3530 2766 dis-

1945 2809 2121 2879 posita
2172 2808 2285 2876 ipso
2327 2806 2605 2876 judicante
2663 2815 2718 2859 et
2762 2805 3050 2873 probante;
3096 2812 3148 2857 ut
3189 2804 3263 2858 illi
3309 2804 3527 2871 quidem

1943 2904 2136 2975 angelo
2171 2903 2526 2972 Ephesiorum
2556 2901 2818 2957 committi
2857 2900 3092 2956 Ecclesia
3124 2901 3409 2963 debeat“,
3446 2899 3524 2953 illi

1865 3032 1908 3090 Ο
1947 3012 2076 3051 vero
2109 2995 2198 3049 alii
2233 2993 2682 3065 Smyrnensinm,
2713 3003 2767 3047 et
2796 2992 2883 3047 ille
2931 2993 3148 3062 quidem
3201 2992 3425 3061 angelus
3470 3001 3528 3045 ut

1947 3089 2016 3143 sit
2045 3087 2226 3153 Petri,
2277 3087 2414 3140 alius
2453 3099 2580 3141 vero
2610 3085 2758 3138 utsit
2793 3083 2973 3149 Pauli;
3017 3083 3380 3138 tum.demum
3432 3099 3528 3152 ριιιο

1947 3179 2185 3249 singulos
2217 3178 2564 3232 minimarum
2601 3177 2690 3244 qui
2728 3187 2853 3229 sunt
2886 3177 2936 3228 in
2976 3176 3240 3240 Ecclesia,
3303 3176 3393 3244 qui
3445 3174 3526 3228 vel

1947 3273 2036 3341 qui
2069 3271 2268 3325 ascribi
2305 3269 2420 3340 (25)
2447 3269 2672 3340 singulis
2725 3269 2956 3324 debeant
2987 3268 3186 3338 angeli,
3234 3269 3323 3336 qui
3359 3267 3523 3322 etiam

1947 3365 2190 3434 quotidie
2213 3363 2431 3418 videant
2463 3361 2654 3417 faciem
2682 3363 2769 3416 Dei
2797 3380 2810 3425 ;
2839 3362 2932 3416 sed
2957 3370 3012 3414 et
3037 3361 3158 3429 quis
3184 3360 3381 3414 debeat
3404 3374 3526 3414 esse

1949 3455 2171 3527 angelus
2196 3455 2286 3523 qui
2331 3455 2630 3510 circumdet
2659 3454 2709 3506 iu
2749 3452 2980 3507 circuitu
3013 3451 3314 3504 timentium
3334 3450 3520 3503 Deum.

1949 3548 2078 3615 Quae
2109 3547 2296 3617 utique
2324 3546 2505 3598 omnia
2557 3560 2663 3598 non
2704 3558 2858 3607 casu,
2897 3557 3072 3611 neque
3112 3541 3338 3596 fortuito
3384 3541 3521 3610 geri,

1952 3653 2125 3708 neque
2159 3639 2285 3707 quia
2316 3636 2635 3690 naturaliter
2671 3635 2805 3689 tales
2833 3633 2962 3688 facti
2991 3641 3150 3696 sunt,
3201 3633 3526 3686 existiman-

1951 3731 2074 3784 dum
2114 3736 2218 3791 est,
2256 3743 2321 3781 ne
2359 3728 2520 3782 etiam
2553 3728 2604 3779 in
2637 3727 2737 3780 hoc
2780 3724 3004 3779 factoris
3063 3722 3401 3791 inaequalitas
3432 3735 3524 3776 ar-

1953 3829 2202 3883 cusetur;
2235 3819 2328 3872 sed
2361 3833 2460 3886 pro
2488 3815 2696 3870 meritis
2720 3825 2774 3870 et
2794 3815 3088 3869 virtutibus
3109 3829 3172 3869 ac
3210 3827 3307 3882 pro
3339 3814 3526 3866 unius-

1953 3913 2214 3982 cujusque
2241 3909 2351 3982 (24)
2376 3910 2562 3980 vigore
2578 3917 2632 3962 et
2651 3908 2869 3979 ingenio
2885 3907 3087 3962 deferri
3112 3921 3140 3960 a
3156 3905 3459 3974 justissimo
3472 3915 3521 3957 et

1953 4005 2264 4074 aequissimo
2297 4005 2637 4058 moderatore
2659 4001 2900 4056 omnium
2925 3998 3252 4054 credendum
3279 4006 3363 4052 est
3390 3997 3498 4057 Deo

2023 4113 2081 4169 2.
2117 4114 2188 4168 De
2216 4113 2300 4166 his
2327 4127 2454 4166 vero
2480 4111 2569 4180 qui
2610 4118 2832 4164 naturas
2877 4123 3001 4164 esse
3033 4109 3303 4177 spiritales
3336 4108 3522 4163 diver-

1957 4220 2045 4261 sas
2070 4203 2356 4268 alIirmant,
2389 4201 2590 4272 aliquid
2617 4202 2863 4256 dicamus
2889 4198 3025 4272 (25),
3059 4213 3126 4254 ne
3171 4201 3314 4254 forte
3339 4200 3524 4254 incur-

1961 4310 2141 4351 ramus
2181 4294 2236 4348 in
2273 4293 2391 4346 illas
2417 4293 2624 4363 ineptas
2652 4301 2811 4362 atque
2843 4292 3034 4361 impias
3083 4291 3291 4347 fabulas
3335 4303 3521 4345 eorum

2111 4429 2155 4461 ³⁸
2181 4428 2352 4498 Apoc.
2376 4442 2432 4482 ιι.

338 4537 462 4608 (14)
483 4537 729 4614 l_n_libris
768 4543 941 4614 editis
982 4545 1131 4599 deest
1167 4563 1184 4595 ι
1224 4553 1494 4614 creatura,
1539 4562 1558 4595 ι
1596 4553 1649 4614 et
1703 4543 1834 4614 legi-
1867 4525 1915 4585 D
1946 4543 2062 4614 Mox
2097 4559 2229 4599 mss.
2273 4561 2292 4594 α
2337 4552 2393 4596 ιιι
2427 4557 2547 4596 cum
2587 4541 2730 4614 Deus
2762 4543 2867 4614 erit
2890 4542 3080 4614 omnia
3111 4542 3164 4595 in
3194 4541 3515 4614 omnibus:

267 4615 358 4659 tur
389 4624 461 4681 :_t
500 4609 590 4681 ll_|a
621 4611 890 4681 prrecipuc
930 4629 1047 4680 quae
1080 4615 1264 4681 utique
1294 4613 1586 4666 maximum
1636 4613 1688 4665 in
1735 4609 1838 4668 lioc

269 4677 471 4751 mundo
500 4679 710 4751 obtinet
744 4677 1101 4751 principatum
1129 4677 1312 4751 operis
1336 4683 1419 4736 Siti
1445 4698 1460 4746 ;
1489 4692 1544 4735 et
1580 4682 1666 4734 illa
1716 4697 1837 4751 qua:

266 4747 506 4822 egregia,
543 4748 592 4799 id
618 4757 699 4806 εει
727 4750 804 4802 sol
838 4761 891 4804 et
923 4747 1068 4816 luna,
1101 4770 1120 4802 ι
1152 4747 1256 4804 etc.
1297 4750 1352 4804 In
1383 4767 1515 4808 mss.
1543 4747 1751 4820 .lcgitur
1778 4762 1836 4806 ut

271 4829 325 4867 ιιι
364 4826 550 4868 nostro
585 4826 753 4872 textu.

341 4883 454 4954 (15)
495 4885 587 4958 _Sic
627 4903 785 4958 mss,
817 4888 965 4943 Alias
1024 4907 1042 4940 ι
1104 4889 1393 4958 quomodo.
1447 4908 1466 4940 ι
1528 4890 1648 4945 Mox
1703 4905 1831 4944 mss.

269 4969 301 5028 ι⁸
339 4956 742 5028 promittentem
774 4957 858 5028 his
885 4961 974 5028 qui
1005 4973 1107 5012 non
1123 4956 1416 5010 ‘voluntate
1449 4960 1668 5014 vanitati
1707 4963 1835 5014 sub-

269 5023 550 5095 debantur.
603 5044 620 5077 ι
657 5026 712 5079 ln
769 5023 913 5082 ΙίινιΙ).⁷
953 5030 1110 5084 editis
1167 5041 1264 5095 pro
1305 5044 1322 5078 ι
1366 5030 1767 5095 promittentem
1813 5049 1829 5079 ι

267 5092 506 5165 habetur
537 5113 556 5146 ι
591 5098 936 5165 promittens,
977 5118 996 5150 ι
1030 5109 1084 5151 ct
1113 5092 1261 5152 deest
1291 5115 1311 5148 ι
1358 5092 1601 5152 vanitati.
1637 5117 1655 5150 ι
1685 5153 1692 5164 _

337 5163 448 5236 (19)
482 5163 739 5236 Sic’mss.
766 5166 924 5222 Lihb.
955 5169 1103 5233 editi,
1137 5187 1153 5218 ι
1197 5169 1611 5236 repromissione
1640 5169 1772 5234 spei.
1812 5189 1830 5220 ι

335 5233 447 5302 (17)
487 5233 752 5289 Κάλλιον
781 5237 1081 5292 ἀναλῦσαι
1105 5277 1120 5301 ,
1172 5233 1276 5291 etc.
1309 5236 1430 5291 Haec
1493 5233 1758 5293 habentur
1783 5240 1832 5292 in

261 5302 412 5375 calce
435 5306 674 5375 epistola:
704 5305 988 5362 Justiuiani
1028 5310 1365 5375 imperatoris
1395 5309 1459 5360 ad
1488 5308 1716 5362 Menam.

334 5374 446 5440 (I8)
488 5374 625 5427 Puto
663 5379 796 5429 enim
834 5380 958 5446 quin
991 5374 1230 5430 similiter
1259 5379 1419 5446 possit
1450 5380 1607 5432 etiam
1635 5379 1716 5432 sol
1743 5380 1821 5431 di-

259 5459 373 5513 cere
402 5445 528 5512 quin
568 5455 802 5513 Optarent
847 5445 1034 5500 resolvi

1102 5447 1181 5501 vel
1238 5450 1407 5500 redire
1448 5459 1495 5502 et
1537 5466 1647 5503 esse
1711 5467 1827 5503 cum

258 5511 498 5587 Ebristo;
517 5511 678 5587 multo
699 5519 834 5569 enim
866 5519 1073 5571 melius.
1110 5516 1171 5576 Et
1197 5515 1396 5571 Paulus
1420 5520 1630 5587 quidem
1655 5523 1827 5572 addit.

258 5579 382 5632 Ihec
399 5583 448 5634 in
470 5583 599 5638 edit.
615 5587 751 5640 male
775 5592 972 5641 ninissa
994 5589 1284 5642 restituunt
1306 5579 1491 5642 omnes
1507 5589 1719 5642 codices
1735 5605 1835 5642 ms.

347 5656 457 5726 (19)
504 5657 628 5711 Mss.
664 5679 681 5710 ι
723 5661 1012 5734 regnanda.
1064 5681 1082 5714 ι
1119 5662 1235 5716 Lib.
1285 5664 1410 5718 editi
1458 5659 1474 5713 ι
1519 5665 1771 5732 regenda.
1812 5684 1829 5712 ι

1943 4612 1999 4666 In
2033 4615 2194 4668 editis
2231 4614 2385 4667 deest
2417 4631 2436 4662 ι
2486 4613 2689 4666 omnia.
2733 4631 2750 4663 ι
2791 4611 2989 4665 ibidem
3042 4628 3176 4666 mss.
3213 4630 3231 4661 ι
3270 4611 3339 4664 sit
3381 4624 3435 4666 et
3468 4613 3519 4662 in

1945 4684 2061 4738 istis
2084 4683 2224 4738 Deus
2241 4684 2382 4738 sicut
2405 4683 2460 4735 in
2486 4683 2755 4737 omnibus.
2785 4701 2804 4733 ι
2830 4679 2884 4734 In
2912 4682 3073 4734 editis
3109 4683 3256 4735 deest
3283 4699 3300 4732 ι
3322 4681 3513 4736 sicut.»

2013 4774 2127 4846 (20)
2164 4774 2238 4846 De
2268 4774 2488 4844 angelis.
2530 4773 2668 4846 Quid
2697 4775 2762 4846 de
2791 4771 2997 4846 angelis
3025 4772 3276 4840 opinatus
3305 4773 3376 4846 sit
3397 4771 3518 4827 Ori-

1942 4843 2127 4912 genes,
2169 4845 2487 4914 disquiritur
2518 4843 2851 4914 0rigenian.,
2890 4845 2981 4897 lib.
3013 4859 3075 4914 tti
3100 4843 3376 4914 qu:est.5.

2014 4914 2128 4982 (21)
2171 4910 2360 4968 llie‘ut
2395 4922 2451 4967 et
2478 4910 2638 4981 paulo
2689 4921 2806 4981 post
2860 4928 2956 4980 pro
2993 4932 3007 4962 ι
3048 4911 3309 4981 Raphaeli
3338 4951 3353 4976 ,
3411 4910 3516 4982 Qa-

1943 4980 2119 5049 brieli,
2165 4982 2450 5053 Michaeli,
2480 4980 2515 5053 ι
2533 4980 2739 5053 legitur
2795 4982 2846 5035 in
2891 4980 3143 5035 omnibus
3164 4997 3292 5036 mss.
3346 4999 3366 5033 ι
3414 4980 3538 5034 Ra-

1943 5055 2159 5124 phaelo,
2191 5052 2462 5117 Gabrielo,
2499 5051 2784 5107 Michaeln.
2816 5070 2834 5102 ι

2015 5144 2128 5212 (22)
2159 5145 2248 5199 Sic
2275 5160 2402 5201 mss.
2428 5144 2597 5211 Alias,
2629 5161 2648 5193 ι
2682 5142 2988 5212 suscepisse
3026 5149 3203 5197 tamen
3237 5143 3452 5199 deinde.
3492 5159 3512 5193 ι

2036 5211 2128 5282 25)
2165 5214 2257 5268 Sic
2291 5231 2419 5268 mss.
2456 5216 2624 5276 Alias,
2658 5232 2676 5264 ι
2716 5211 3007 5282 conscribi.
3056 5232 3076 5265 ι

2036 5216 2128 5282 25)
2165 5216 2257 5268 Sic
2291 5231 2419 5268 mss.
2456 5216 2624 5276 Alias,
2658 5232 2676 5264 ι
2716 5216 3007 5266 conscribi.
3056 5232 3076 5265 ι

2013 5216 2126 5356 (2-1)
2163 5282 2266 5336 Pro
2312 5285 2738 5351 uniuscujusque.
2793 5281 2886 5356 Sic
2941 5297 3128 5337 omnes
3180 5297 3339 5356 mss._
3369 5280 3516 5356 Libri

1942 5351 2070 5408 editi
2107 5351 2124 5405 ι
2173 5356 2409 5422 ριίιξιιιίίε
2458 5357 2743 5422 cujusque.
2781 5370 2799 5402 ι
2842 5351 2960 5405 Mox
2999 5367 3129 5407 mss.
3181 5371 3198 5402 ι
3256 5369 3282 5403 a
3321 5352 3518 5421 justis-

1939 5427 2079 5477 simo
2117 5421 2185 5475 ct’
2213 5421 2536 5492 aequissimo
2577 5421 2934 5476 moderatore.
2984 5441 3003 5474 ι
3063 5423 3120 5476 ln
3181 5423 3314 5478 libb.
3351 5421 3517 5475 editis

1943 5495 2093 5548 deest
2126 5512 2144 5544 ι
2182 5503 2236 5547 et
2261 5494 2582 5562 aequissimo.
2627 5511 2643 5542 ι

2018 5586 2130 5654 (25)
2166 5584 2237 5638 De
2265 5587 2344 5639 his
2378 5601 2495 5639 vero
2531 5585 2619 5654 qui
2651 5593 2868 5639 naturas
2913 5601 3022 5638 esse
3055 5584 3314 5649 spiritales
3347 5587 3517 5637 diver-

1941 5680 2026 5715 sas
2054 5663 2315 5730 afﬁrmant
2355 5661 2556 5730 aliquid
2594 5663 2847 5716 dicamus.
2881 5662 3006 5718 11ωο
3039 5664 3234 5719 desunt
3276 5665 3332 5717 in
3362 5667 3512 5719 libris
