4014 6142
380 350 482 411 177
1620 378 1626 384 ·
1751 352 1937 409 LIBER

2043 352 2265 407 RIMOS.
3525 363 3629 417 178

375 469 464 539 qut
494 474 719 521 naturas
754 465 1030 536 spiritales
1064 465 1308 522 diversas
1338 475 1388 520 et
1419 468 1487 522 ob
1528 468 1630 523 hoc
1660 483 1687 522 a
1720 468 1948 523 diversis
1979 471 2021 527 A
2122 466 2174 519 5.
2209 466 2515 521 Secundum
2552 481 2649 522 nos
2676 479 2802 519 vero
2832 466 2962 521 nihil
2999 476 3082 523 est
3119 469 3169 522 in
3211 468 3357 523 omni
3392 470 3628 524 rationa-

375 557 743 616 conditoribus
767 559 1067 625 institutas,
1088 567 1191 612 tam
1211 560 1765 630 incoelesubusquam
1784 561 1945 615 etiam
2008 616 2013 619 ,
2058 557 2145 610 bili
2178 569 2452 622 creatura,
2507 559 2646 627 quod
2704 575 2810 612 non
2864 570 2970 613 tam
3015 562 3138 615 boni
3190 575 3349 630 quam
3392 563 3516 615 mali
3555 566 3626 617 sit

377 652 509 703 inter
524 649 736 704 animas
751 648 1027 704 hominum
1050 648 1288 718 fingunt;
1308 651 1435 704 dum
1464 660 1518 704 et
1546 652 1639 705 uni
1664 652 1948 720 eidemque

370 753 403 798 c
421 740 636 794 inditori
656 740 895 796 diversas
913 750 1133 796 naturas
1151 741 1454 795 rationabili
1463 758 1547 793 um
1567 752 1752 796 creatu
1762 757 1818 795 ra
1829 759 1946 796 rum

370 832 529 887 εδει·Ῐὶ
556 832 571 885 i
602 832 811 887 videtur
842 833 1157 898 absurdum,
1189 834 1329 888 sicut
1356 848 1479 887 vere
1509 835 1801 889 absurdum
1838 844 1944 897 est,

369 929 425 975 et
450 936 671 976 causam
702 930 881 977 tamen
912 922 1028 990 ejus
1065 925 1397 980 diversitatis
1452 927 1726 994 ignorant.
1778 927 1944 980 Aiunt

370 1014 514 1066 ettiut
556 1028 893 1081 consequens
926 1030 1032 1069 non
1078 1016 1250 1071 videri
1303 1026 1361 1071 ut
1403 1034 1540 1072 unus
1591 1028 1752 1087 atque
1805 1019 1942 1072 idem

369 1104 619 1159 conditor
654 1103 799 1158 nulla
829 1112 1075 1160 exstante
1112 1121 1276 1161 causa
1321 1108 1664 1173 meritorum,
1693 1108 1814 1163 aliis
1847 1124 1942 1177 po-

370 1204 617 1251 testatcm
653 1195 1038 1251 dominationis
1079 1197 1352 1267 injungat,
1387 1199 1521 1252 alios
1560 1198 1810 1265 subjiciat
1850 1200 1944 1254 do-

369 1286 726 1349 minantibus,
774 1286 895 1340 aliis
934 1286 1136 1340 tribuat
1174 1287 1556 1355 principatum,
1605 1288 1740 1343 alios
1766 1288 1943 1357 subje-

366 1386 485 1430 ctos
517 1375 678 1429 faciat
708 1377 1045 1445 principibus
1075 1392 1214 1432 esse.
1268 1378 1393 1443 Quae
1424 1378 1608 1446 utique
1641 1381 1844 1440 omnia,
1886 1388 1944 1431 ut

366 1483 471 1535 ego
521 1467 797 1534 existimo,
861 1468 1250 1535 consequentia
1291 1467 1516 1521 rationis
1563 1468 1722 1535 hujus
1779 1484 1940 1536 quam

366 1574 528 1627 supra
579 1560 967 1627 exposuimus,
1013 1559 1284 1628 redarguit
1329 1566 1490 1627 atque
1537 1559 1802 1625 confutat,
1849 1575 1942 1628 per

364 1665 527 1716 quam
552 1666 715 1704 causa
739 1650 1071 1705 diversitatis
1100 1664 1165 1704 ac
1185 1650 1461 1705 varietatis
1488 1652 1541 1706 in
1565 1653 1792 1722 singulis
1819 1654 1938 1720 qui-

361 1742 572 1811 busque
618 1741 885 1796 creaturis
944 1741 1247 1794 ostenditur
1288 1756 1352 1795 ex
1402 1742 1639 1810 ipsarum
1707 1741 1939 1796 motibus

364 1833 446 1885 vel
474 1834 896 1897 ardentioribus,
928 1831 1008 1885 vel
1036 1832 1389 1900 pigrioribus,
1429 1833 1725 1886 secundum
1769 1834 1937 1884 virtu-
1973 1824 2011 1875 Β

362 1939 494 1989 tem,
532 1924 614 1979 vel
642 1923 938 1978 secundum
987 1922 1283 1988 malitiam,
1329 1937 1433 1976 non
1464 1937 1528 1976 ex
1574 1922 1941 1991 dispensantis

361 2017 733 2088 inaequalitate
764 2016 1114 2071 descendere.
1168 2015 1274 2070 Sed
1315 2031 1420 2085 quo
1455 2016 1666 2071 facilius
1702 2019 1815 2071 lta'c
1867 2020 1938 2070 ita

357 2110 562 2164 essein
595 2108 908 2165 caelestibus
950 2117 1349 2177 agnoscantur,
1379 2108 1445 2162 de
1492 2109 1577 2163 his
1616 2124 1737 2177 qua:
1796 2109 1941 2161 inter

359 2204 606 2259 homines
652 2212 803 2273 gesta
870 2215 1037 2269 sunt,
1087 2203 1170 2257 vel
1234 2212 1533 2271 gerantur,
1592 2201 1937 2271 proferamus

355 2294 604 2364 exempla
644 2335 659 2361 ,
722 2303 780 2348 ut
825 2304 1228 2363 consequenter
1274 2310 1339 2347 ex
1400 2294 1707 2349 visibilibus
1773 2294 1935 2347 etiam

358 2385 659 2438 invisibilia
714 2383 1150 2451 contemplemur
1227 2382 1361 2455 (26).
1420 2382 1645 2436 Paulum
1698 2382 1781 2436 vel
1839 2382 1936 2434 Pe-

357 2487 502 2529 trum
555 2476 676 2530 sine
730 2475 895 2531 dubio
951 2475 1213 2544 spiritalis
1274 2483 1484 2527 natura:
1527 2472 1695 2527 fuisse
1749 2472 1939 2526 contir-

356 2575 530 2621 mant.
586 2566 719 2618 Cum
782 2580 913 2633 ergo
963 2576 1151 2618 contra
1207 2564 1463 2629 pietatem
1525 2563 1724 2617 Paulus
1763 2565 1938 2632 egisse

356 2656 708 2716 inveniatur.
774 2657 827 2708 in
872 2669 937 2709 eo
1002 2655 1148 2723 quod
1219 2663 1539 2722 persecutus
1599 2662 1683 2708 est
1756 2655 1914 2708 Ecele

355 2750 501 2801 siam
551 2745 643 2799 Dei
670 2745 742 2810 ³⁶;
784 2759 1016 2813 cumque
1070 2742 1266 2798 Petrus
1322 2753 1601 2813 peccatum
1632 2754 1738 2797 tam
1779 2761 1940 2815 grave

352 2834 713 2899 commiserit,
739 2843 795 2886 ut
818 2832 1010 2887 ancilla
1044 2834 1267 2888 ostiaria
1310 2835 1679 2901 interrogante
1729 2851 1787 2888 se
1817 2851 1937 2889 cum

347 2928 665 2997 juramento
689 2926 979 2979 aflirtnarit
1006 2927 1215 2981 nescire
1249 2942 1307 2981 se
1354 2927 1477 2994 quis
1511 2926 1580 2980 sit
1608 2927 1857 2983 Christus
1871 2930 1936 2994 ³⁷;

352 3020 627 3090 quomodo
655 3018 743 3073 isti
783 3018 876 3088 qui
909 3020 1211 3073 secundum
1242 3019 1361 3073 illos
1394 3018 1664 3087 spirirales
1693 3031 1839 3088 sunt,
1883 3023 1934 3076 in

354 3120 574 3180 peccata
620 3110 926 3179 ltujusmodi
984 3120 1342 3165 corruerunt:
1393 3110 1627 3164 maxime
1680 3127 1799 3165 cum
1848 3128 1935 3167 so-

355 3201 503 3256 leant
556 3201 863 3271 frequenter
915 3216 1161 3256 asserere
1186 3200 1296 3271 (27)
1336 3210 1388 3254 et
1437 3202 1613 3255 dicere
1672 3204 1927 3270 quoniam

358 3315 377 3346 ι
417 3311 523 3349 non
552 3304 727 3365 potest
750 3295 913 3348 arbor
940 3295 1080 3348 bona
1121 3294 1289 3350 malos
1341 3294 1549 3349 fructus
1596 3297 1869 3353 facere“?
1904 3319 1922 3350 ι

358 3388 423 3440 lit
448 3387 492 3441 si
522 3388 706 3455 utique
737 3386 904 3440 arbor
959 3386 1095 3439 bona
1136 3401 1238 3439 non
1270 3395 1445 3454 potest
1499 3387 1707 3444 fructus
1757 3390 1928 3444 malos

354 3478 560 3543 facere,
591 3477 885 3532 secundum
924 3481 1069 3547 ipsos
1096 3495 1222 3533 vero
1248 3480 1314 3533 de
1345 3480 1526 3534 radice
1571 3482 1725 3534 bonae
1764 3483 1925 3537 arbo-

356 3568 431 3622 ris
458 3578 612 3621 erant
645 3566 835 3622 Petrus
866 3580 919 3621 et
957 3568 1175 3632 Paulus,
1218 3570 1488 3637 quomodo
1531 3572 1665 3623 istos
1717 3571 1926 3627 fructus

358 3670 466 3713 tam
497 3662 760 3729 pessimos
785 3662 1031 3715 attulisse
1071 3663 1292 3729 putandi
1334 3662 1503 3716 sunt?
1553 3661 1705 3728 Quod
1755 3665 1798 3719 si
1843 3680 1929 3718 re-

357 3752 679 3821 sponderittt
704 3769 767 3829 ea
796 3769 914 3821 qua:
940 3753 1272 3809 comminisci
1311 3757 1508 3822 solent,
1548 3757 1801 3826 quoniam
1831 3771 1936 3810 non

357 3844 560 3899 Paulus
615 3855 930 3913 persecutus
981 3855 1093 3911 est,
1129 3848 1223 3901 sed
1273 3848 1411 3902 alius
1460 3849 1644 3902 nescio
1678 3847 1798 3916 quis
1845 3849 1935 3916 qui

356 3946 473 3991 erat
502 3938 555 3990 in
586 3936 783 3999 Paulo;
816 3952 988 4008 neque
1018 3939 1208 3993 Petrus
1241 3941 1475 4010 negavit,
1520 3941 1611 3994 sed
1654 3940 1793 3994 alius
1838 3956 1935 3994 ne-

357 4026 506 4096 gavit
528 4026 639 4096 (28)
670 4027 721 4080 in
754 4026 911 4081 Petro
940 4045 953 4082 :
982 4043 1154 4097 quare
1198 4028 1396 4083 Paulus
1426 4029 1471 4083 si
1501 4029 1632 4082 nihil
1675 4045 1934 4099 peccave«

359 4127 461 4180 rat,
490 4117 623 4170 dixit
650 4119 773 4186 quia
818 4135 836 4168 ι
877 4115 992 4170 Non
1024 4135 1142 4172 sum
1169 4119 1364 4187 dignus
1395 4120 1575 4173 vocari
1635 4120 1929 4189 apostolus,

356 4209 607 4275 quoniam
635 4219 949 4276 persecutus
984 4225 1099 4263 sum
1127 4210 1422 4264 Ecclesium
1455 4210 1543 4263 Dei
1561 4210 1625 4263 ³³.
1660 4228 1678 4261 ι
1706 4210 1813 4265 Cur
1834 4227 1931 4265 au—

359 4308 462 4352 tem
490 4308 544 4352 et
570 4297 762 4354 Petrus
792 4299 901 4354 alio
927 4310 1191 4368 peccante
1225 4302 1336 4369 ipse
1368 4300 1516 4356 ﬂevit
1554 4300 1934 4355 amarissime?

2054 661 2243 714 capax.
2277 648 2382 702 Sed
2418 664 2521 701 non
2553 648 2833 711 continuo,
2859 649 2982 716 quia
3012 651 3242 705 dicimus
3272 652 3385 721 (‘29)
3426 652 3625 705 nullam
3688 704 3693 707 ,

2054 751 2173 789 esse
2202 749 2451 791 naturam
2479 753 2599 808 quae
2631 754 2735 792 non
2768 739 2937 807 possit
2990 741 3231 808 recipere
3280 742 3498 807 malum,
3542 742 3627 795 id-

2016 828 2201 880 ”circo
2240 828 2629 882 confirmamus
2664 844 2879 883 omnem
2920 840 3167 884 naturam
3209 833 3478 902 recepisse
3511 847 3627 886 ma-

2052 917 2184 982 lum,
2219 918 2269 971 id
2311 927 2391 971 est
2422 917 2617 973 malam
2655 918 2936 986 effectam;
2975 922 3114 977 sicut
3138 934 3219 977 est
3248 924 3426 978 dicere
3485 926 3627 997 qugd

2051 1010 2227 1062 omnis
2268 1009 2503 1064 hominis
2544 1020 2735 1064 natura
2791 1013 2997 1080 recepit
3039 1025 3095 1066 ut
3136 1015 3304 1082 possit
3353 1015 3624 1084 navigare,

2053 1118 2156 1153 non
2201 1110 2380 1153 tamen
2414 1115 2479 1154 ex
2508 1114 2573 1155 eo
2605 1102 2765 1154 etiam
2807 1103 2984 1157 omnis
3024 1104 3184 1157 homo
3222 1104 3527 1170 navigabit;
3573 1115 3627 1159 et

2052 1193 2245 1247 iterum
2270 1193 2418 1246 omni
2458 1192 2659 1247 homini
2689 1192 2794 1263 75
2838 1195 3091 1263 possibile
3118 1206 3199 1249 est
3218 1196 3425 1251 discere
3456 1207 3624 1252 artem

2050 1285 2459 1354 grannnaticam
2484 1284 2566 1339 vel
2595 1286 2944 1352 medicinam,
2972 1301 3076 1341 non
3112 1294 3289 1342 tamen
3310 1287 3515 1343 idcirco
3534 1304 3625 1344 os—
3692 1328 3693 1331 η

2052 1375 2285 1429 tenditur
2314 1375 2489 1430 omnis
2525 1377 2709 1439 homo,
2742 1375 2826 1430 vel
2855 1376 3095 1431 medicus
3146 1392 3284 1443 esse,
3334 1380 3413 1433 vel
3447 1396 3627 1448 gram-

2052 1469 2282 1522 maticus
2313 1485 2326 1520 :
2358 1470 2428 1521 ita
2467 1468 2509 1521 si
2543 1468 2774 1523 dicimus
2815 1468 3015 1523 nullam
3051 1484 3174 1525 esse
3225 1480 3473 1524 naturam
3507 1486 3625 1541 quae

2051 1572 2155 1612 non
2192 1558 2358 1627 possit
2405 1558 2649 1628 recipere
2709 1558 2933 1625 malum,
2972 1575 3076 1614 non
3124 1570 3300 1615 tamen
3366 1563 3625 1616 continuo

2049 1650 2211 1702 etiam
2244 1651 2513 1719 recepisse
2544 1650 2744 1703 malum
2790 1650 3128 1720 designatur.
3187 1654 3492 1707 Secundum
3526 1670 3625 1708 nos

2049 1756 2355 1812 namquene
2369 1743 2612 1798 diabolus
2633 1743 2847 1811 quidem
2864 1744 2977 1812 ipse
2997 1745 3222 1814 incapax
3237 1747 3332 1800 fuit
3347 1747 3469 1801 boni
3485 1744 3621 1818 (50):

2043 1850 2146 1888 non
2215 1845 2393 1889 tamen
2446 1836 2650 1889 idcirco
2701 1837 2825 1903 quia
2875 1839 3045 1906 potuit
3102 1840 3342 1908 recipere
3399 1839 3621 1903 bonum,

2043 1925 2205 1979 etiam
2262 1925 2455 1991 voluit,
2503 1926 2586 1979 vel
2620 1928 2807 1981 virtuti
2839 1942 3059 1996 operam
3103 1930 3265 1983 dedit.
3297 1929 3446 1984 Sicut
3477 1931 3622 1984 enim

2042 2030 2140 2085 per
2190 2017 2303 2071 hzec
2354 2031 2473 2085 quae
2528 2018 2594 2071 de
2648 2017 2927 2085 prophetis
2980 2017 3225 2085 exempla
3276 2020 3620 2087 protulimus,

2042 2108 2328 2172 edocetur,
2363 2107 2466 2160 fuit
2502 2108 2796 2176 aliquando
2855 2107 3051 2169 bonus,
3099 2123 3220 2161 cum
3273 2109 3325 2162 in
3373 2109 3622 2177 paradiso

2043 2200 2134 2253 Dei
2173 2200 2225 2253 in
2261 2200 2439 2253 medio
2473 2199 2757 2253 cherubim
2789 2208 3124 2254 versaretur.
3155 2198 3307 2253 Sicut
3344 2214 3476 2269 ergo
3518 2200 3621 2255 iste

2042 2290 2230 2344 habuit
2264 2291 2480 2359 quidem
2511 2292 2561 2345 in
2597 2305 2655 2346 se
2682 2290 2765 2345 vel
2798 2291 3012 2345 virtutis
3038 2292 3361 2360 recipiendae
3392 2292 3471 2346 vel
3500 2309 3617 2347 ma~

2042 2382 2165 2435 liti-.e
2195 2381 2527 2444 facultatem,
2556 2388 2609 2435 et
2639 2396 2666 2432 a
2694 2381 2894 2436 virtute
2921 2381 3197 2436 declinans
3222 2394 3328 2437 tota
3360 2398 3418 2438 se
3441 2394 3621 2438 mente

2040 2474 2307 2527 convertit
2356 2472 2423 2527 ad
2471 2472 2669 2526 malum
2714 2490 2726 2526 :
2765 2473 2837 2525 ita
2890 2474 3052 2528 etiam
3111 2483 3313 2528 creterre
3354 2482 3620 2529 creatura:

2041 2580 2162 2618 cum
2193 2566 2479 2633 utriusque
2513 2564 2751 2619 habeant
2799 2566 3108 2621 facultatem
3130 2606 3145 2633 ,
3192 2581 3291 2635 pro
3321 2567 3529 2621 arbitrii
3559 2568 3620 2623 li-

2042 2655 2249 2710 bertate
2313 2656 2579 2724 fugientes
2630 2655 2849 2720 malum,
2904 2657 3182 2712 adhaerent
3231 2659 3395 2713 bono.
3457 2657 3615 2713 Nulla

2044 2746 2208 2814 igitur
2231 2756 2423 2799 natura
2448 2756 2532 2801 est
2558 2761 2677 2814 quas
2715 2761 2825 2800 non
2876 2748 3102 2817 recipiat
3156 2750 3356 2803 bonum
3387 2750 3471 2804 vel
3501 2765 3617 2804 ma-

2045 2836 2179 2902 lutu,
2202 2846 2431 2905 excepta
2465 2838 2557 2892 Dei
2589 2848 2782 2893 natura
2809 2854 2927 2909 quae
2954 2840 3217 2895 bonorum
3239 2842 3476 2895 omnium
3502 2842 3619 2897 fons

2042 2939 2157 2993 est,
2194 2938 2250 2984 et
2282 2929 2516 2993 Christi;
2560 2929 2825 2998 sapientia
2891 2931 3036 2986 enim
3081 2939 3183 2999 est,
3239 2944 3298 2987 et
3352 2933 3617 3000 sapientia

2045 3020 2229 3087 utique
2261 3016 2551 3074 stultitiam
2611 3018 2851 3086 recipere
2895 3035 2999 3074 non
3043 3030 3220 3089 potest
3257 3021 3368 3093 (3i)
3399 3037 3414 3074 :
3449 3030 3502 3077 et
3530 3023 3619 3089 ju-

2039 3112 2183 3167 stitia
2215 3121 2326 3177 est;
2348 3109 2558 3178 justitia
2588 3116 2768 3162 autem
2812 3125 3082 3181 nunquam
3127 3110 3368 3181 profecto
3402 3112 3617 3180 injusti-

2038 3209 2166 3262 tiam
2196 3205 2409 3274 capiet:
2440 3210 2494 3257 et
2529 3200 2767 3267 Verbum
2796 3212 2911 3266 est,
2940 3202 3026 3258 vel
3059 3205 3217 3270 ratio,
3264 3219 3385 3272 qua:
3426 3204 3616 3274 utique

2035 3297 2421 3354 irrationabilis
2458 3297 2599 3351 effici
2654 3311 2760 3350 non
2810 3302 3006 3362 potest.
3041 3293 3147 3350 Sed
3187 3306 3240 3349 et
3277 3295 3366 3349 lux
3400 3304 3516 3361 est,
3559 3306 3617 3349 et

2031 3391 2203 3444 lucem
2234 3398 2440 3443 certum
2496 3398 2581 3442 est
2630 3388 2775 3456 quod
2810 3386 3045 3440 tenebras
3093 3401 3200 3440 non
3249 3389 3610 3456 comprehen-

2034 3484 2184 3537 dant.
2243 3480 2513 3537 Similiter
2565 3494 2783 3550 quoque
2823 3489 2875 3533 et
2919 3488 3113 3534 natura
3154 3465 3389 3549 Spiritus
3436 3484 3609 3537 sancti

2028 3588 2148 3640 qua:
2180 3582 2367 3627 sancta
2424 3580 2529 3636 est,
2572 3585 2677 3625 non
2729 3569 2920 3638 recipit
2958 3568 3344 3638 pollutionem;
3388 3576 3611 3621 natura-

2037 3667 2161 3720 liter
2186 3666 2354 3728 enim,
2390 3663 2473 3718 vel
2510 3661 2943 3718 substantialiter
3006 3668 3194 3713 sancta
3248 3667 3352 3712 est.
3400 3658 3456 3713 Si
3507 3675 3609 3727 qua

2037 3767 2217 3813 autem
2279 3756 2381 3810 alia
2448 3764 2641 3809 natura
2706 3761 2890 3807 sancta
2957 3761 3069 3819 est,
3124 3765 3191 3806 ex
3243 3753 3612 3823 assumptione

2038 3854 2140 3906 hoc
2167 3849 2301 3923 (52),
2343 3848 2430 3903 vel
2465 3847 2817 3916 inspiratione
2856 3845 3092 3914 Spiritus
3131 3846 3302 3901 sancti
3349 3846 3513 3900 habet
3554 3855 3611 3898 ut

2038 3939 2429 4003 sanctificetur,
2465 3951 2570 3991 non
2601 3951 2666 3989 ex
2701 3950 2795 3989 sua
2830 3945 3025 3989 natura
3054 3936 3155 3990 hoc
3185 3936 3486 4006 possidens,
3513 3936 3608 3988 sed

2037 4028 2293 4083 accidens
2324 4027 2448 4093 sibi,
2479 4034 2701 4095 propter
2726 4026 2870 4094 quod
2898 4036 2952 4079 et
2977 4026 3229 4082 decidere
3260 4036 3439 4095 potest
3463 4028 3607 4095 quod

2038 4119 2251 4176 accidit.
2273 4118 2347 4173 Ita
2367 4129 2421 4173 et
2433 4118 3043 4186 accidentemjustitiam
3063 4121 3181 4186 quis
3197 4118 3394 4171 habere
3409 4126 3611 4185 potest,

2039 4211 2178 4267 unde
2198 4220 2253 4266 et
2277 4210 2527 4265 decidere
2574 4224 2691 4262 eam
2739 4206 2994 4275 possibile
3036 4218 3138 4260 est.
3171 4206 3276 4260 Sed
3308 4217 3364 4261 et
3400 4206 3615 4274 sapien-

2042 4303 2169 4356 tiam
2203 4302 2324 4371 quis
2351 4301 2689 4356 accidentem
2751 4295 3101 4350 nihilominus
3149 4297 3331 4362 habet,
3365 4297 3613 4364 quamvis

357 4386 429 4440 Ex
467 4403 574 4457 quo
596 4404 787 4444 omnes
831 4390 1049 4458 quidem
1088 4389 1300 4443 illorum
1350 4390 1564 4460 ineptia:
1619 4400 1932 4459 arguentur.
1971 4384 2096 4445 Diti
2128 4401 2310 4445 nostra
2352 4391 2586 4459 positum
2639 4388 2711 4443 sit
2759 4394 3055 4455 potestate,
3110 4385 3294 4439 studio
3349 4393 3531 4440 nostro
3560 4394 3615 4439 et

434 4623 675 4681 “Galat.
704 4625 854 4690 t,15.
931 4626 973 4658 ³⁷
1010 4625 1195 4680 Matth.
1227 4641 1373 4690 xxvi,
1398 4624 1487 4680 72.

357 4790 510 4835 antea
550 4781 729 4845 editis,
782 4783 877 4837 sed
930 4783 1199 4836 habentur
1248 4782 1297 4833 in
1334 4781 1585 4834 omnibus
1638 4797 1766 4835 mss.
1800 4780 1934 4834 Per-

359 4852 570 4920 stringit
623 4854 726 4905 hoc
764 4854 878 4905 loco
931 4852 1205 4921 Origenes
1242 4850 1646 4904 Valentinianos
1701 4866 1928 4920 quorum

363 4921 588 4988 ineptias
638 4922 796 4974 refert
863 4920 1096 4975 lren:eits
1155 4920 1247 4975 lib.
1306 4937 1320 4973 t
1371 4922 1631 4973 Adversus
1684 4922 1930 4984 ltwreses,

360 5006 476 5057 cap.
508 4990 557 5047 6.
597 4990 759 5045 Paulo
812 4991 947 5045 infra
987 5007 1115 5045 mss.
1158 5009 1177 5041 ι
1232 5001 1285 5043 et
1322 5005 1540 5045 causam
1592 5001 1767 5044 tamen
1816 4993 1933 5057 ejus

361 5060 687 5114 diversitatis
737 5063 1004 5129 ignorant.
1042 5079 1060 5112 ι
1099 5059 1238 5113 Edili
1301 5076 1449 5125 vero,
1488 5077 1505 5109 ι
1542 5070 1596 5113 et
1635 5076 1799 5116 causa
1845 5070 1928 5115 ta-

364 5143 479 5199 men
521 5131 638 5198 ejus
669 5131 1001 5184 diversitatis
1030 5130 1335 5199 ignoratur.
1372 5150 1391 5181 »
1426 5148 1429 5155 λ

428 5198 539 5268 (26)
567 5200 641 5254 lta
677 5216 805 5254 mss.
839 5199 1009 5265 Alias,
1042 5198 1069 5251 r
1094 5200 1547 5268 contemplemur.
1593 5218 1611 5251 ι
1649 5198 1765 5252 Mox
1804 5200 1932 5255 libb.

362 5269 511 5333 editi,
547 5286 565 5320 ι
632 5270 893 5338 spiritalis
959 5279 1191 5339 naturae
1224 5270 1574 5323 conlirmant.
1627 5270 1759 5322 Cum
1806 5287 1935 5339 ergo

364 5340 521 5391 multa
551 5352 742 5393 contra
774 5340 1053 5407 pietatem.
1089 5358 1107 5390 ›
1144 5338 1271 5393 Mss.
1307 5351 1364 5393 ut
1393 5339 1444 5391 in
1475 5349 1661 5394 uestro
1694 5348 1862 5393 textu.

427 5408 540 5475 (Ξῖ)
576 5408 735 5463 Libb.
766 5411 919 5472 editi,
959 5428 977 5460 ‹
1019 5409 1310 5463 disserere.
1355 5428 1372 5459 ι

430 5477 542 5547 (28)
579 5478 682 5531 Sed
717 5478 855 5532 alius
893 5478 1115 5547 negavit.
1150 5477 1275 5532 Herc
1312 5480 1508 5533 desunt
1536 5478 1588 5531 in
1620 5486 1780 5533 antea
1819 5478 1934 5533 edi-

366 5546 449 5608 tis,
480 5546 746 5602 habentur
779 5546 967 5601 autem
993 5550 1044 5601 in
1079 5564 1210 5603 mss.

433 5618 541 5685 (29)
576 5618 702 5672 Mss.
741 5638 757 5667 ι
803 5619 1055 5672 dicimus.
1088 5637 1106 5669 ι
1143 5617 1299 5671 Libb.
1349 5617 1500 5681 editi,
1542 5636 1559 5668 ι
1600 5618 1854 5672 diximus.
1910 5637 1929 5669 ι

369 5684 528 5741 Paulo
560 5689 699 5742 infra
731 5689 861 5742 libb.
885 5688 1040 5751 editi,
1075 5706 1091 5738 ι
1141 5702 1245 5739 non
1279 5697 1464 5742 tamen
1494 5704 1560 5745 ex
1586 5703 1649 5744 eo
1680 5697 1733 5743 et
1760 5688 1935 5746 Iunis

371 5758 653 5827 navigahit.
696 5777 716 5809 ι
750 5757 876 5814 M93.
914 5770 975 5811 (ιι
1007 5757 1059 5811 in
1093 5766 1276 5813 nostro
1308 5764 1475 5813 textu.

1562 4625 1605 4656 ³⁸
1636 4624 1825 4681 Matth.
1852 4642 1950 4694 \‘Il,
1980 4628 2060 4681 18-

2141 4623 2182 4655 ³⁹
2215 4624 2227 4674 Ι
2254 4623 2378 4676 Cor.
2408 4638 2496 4684 xv,
2524 4622 2573 4676 9.

2119 4778 2232 4847 (30)
2265 4776 2344 4830 Ne
2394 4774 2634 4847 diabolus

2043 4845 2207 4904 Aliud
2238 4848 2378 4902 forte
2409 4846 2539 4898 vidit
2572 4846 2637 4899 in-
2659 4845 2845 4899 Graeco
2877 4845 3238 4914 Hieronymus
3270 4847 3360 4913 qui
3413 4850 3464 4899 in
3493 4847 3604 4914 epi-

2042 4918 2184 4972 stola
2218 4916 2283 4970 ad
2320 4916 2535 4968 Avitum
2584 4915 2751 4968 refert
2781 4914 3064 4983 Origciiciit
3116 4916 3410 4970 asseruissc
3448 4933 3465 4966 ι
3493 4919 3605 4969 dia-

2042 4989 2223 5041 bolum
2261 5001 2367 5038 non
2406 4986 2715 5053 incapacem
2747 5000 2865 5039 esse
2894 4986 3133 5048 virtutis,
3186 4995 3238 5037 et
3269 4997 3444 5039 tamen
3485 5001 3610 5038 ncc-

2039 5059 2167 5111 dum
2187 5056 2319 5108 velle
2345 5070 2539 5124 capere
2567 5056 2837 5117 virtutem,
2865 5074 2883 5106 ι
2915 5059 3064 5123 quasi
3093 5055 3610 5124 inniteretAdaman-

2042 5128 2149 5181 tius
2181 5126 2296 5180 fore
2342 5123 2737 5194 tit’aliquando
2769 5126 2893 5177 velit
2945 5123 3189 5179 diabolus
3218 5139 3411 5193 capere
3441 5126 3609 5194 virtu—

2047 5208 2173 5251 tem.
2208 5197 2338 5251 the
2368 5192 2813 5264 Origenianorum
2842 5195 2934 5248 lib.
2964 5209 3024 5259 tt,
3055 5205 3245 5262 qumst.
3267 5192 3322 5259 5,
3353 5211 3498 5263 num.
3521 5192 3540 5244 1
3562 5193 3605 5254 l,

2048 5268 2129 5328 1'2,
2158 5266 2249 5329 13,
2276 5266 2361 5318 M.

2115 5336 2227 5407 (51)
2255 5335 2567 5409 ‘Sic‘omnes
2597 5331 2753 5409 codd.
2789 5348 2914 5409 mss.
2945 5331 3083 5409 E_diti
3115 5348 3242 5387 vero
3273 5350 3341 5409 :_<
3369 5340 3426 5409 et
3453 5329 3610 5409 Chri-

2046 5401 2130 5460 sti
2150 5401 2435 5473 sapientia.
2483 5403 2772 5473 Sapientiae
2804 5404 2948 5455 enim
2979 5403 3097 5456 [eus
3124 5412 3178 5473 et
3203 5401 3466 5473 sapientia
3504 5401 3609 5450 titi—

2045 5490 2172 5543 que,
2200 5470 2228 5526 ι’
2253 5484 2361 5529 etc.
2414 5470 2615 5528 lbidein
2654 5472 2782 5543 libb.
2808 5474 2937 5525 editi
2978 5489 2991 5525 :
3028 5491 3045 5523 ι
3069 5483 3122 5525 et
3144 5470 3349 5543 justitia
3378 5478 3461 5543 est
3491 5484 3611 5535 qua:

2040 5539 2318 5614 numquam
2374 5545 2618 5614 proiecto
2649 5540 2966 5608 injustitiam
2998 5543 3197 5610 capiet.
3225 5561 3241 5593 ι
3289 5539 3394 5592 Sed
3423 5553 3610 5589 omnes

2042 5630 2175 5667 mss.
2209 5626 2266 5667 ut
2296 5614 2346 5665 in
2383 5625 2569 5666 nostro
2604 5622 2774 5666 textu.

2720 4775 2890 4829 uident
2943 4776 3047 4841 ipse
3075 4775 3299 4843 iucupax
3338 4776 3437 4845 fuit
3469 4776 3609 4834 boni.

2082 5684 2226 5753 ⁷(ῗιίὶ)
2259 5682 2588 5753 ιλωωαηε,
2644 5704 2659 5730 ι
2689 5682 2819 5753 haec.
2850 5700 2867 5730 ι
2928 5680 3045 5753 Mox
3087 5696 3245 5746 nus”
3296 5698 3313 5732 ‹
3352 5678 3444 5734 sed
3478 5675 3614 5731 acci-

2043 5751 2178 5809 dens
2208 5752 2331 5808 sibi.
2360 5770 2377 5803 ›
2419 5752 2474 5805 ln
2508 5752 2638 5805 edit.
2672 5752 2823 5803 deest
2859 5768 2877 5801 ι
2901 5751 3023 5806 sibi.
3051 5773 3074 5805 ο
