4014 6142
356 322 467 381 179

1582 328 1918 385 ΟῐίΙΟΕΝΙΒ
1953 331 2113 383 ΠΕΡΙ
2148 331 2380 386 ΑΡΧΩΝ

3499 330 3604 391 180

354 442 484 496 vita:
515 439 737 505 merito,
767 441 811 497 si
844 443 1121 512 sapientia:
1154 458 1373 511 operam
1417 443 1637 506 damus,
1668 443 1809 498 efﬁci
1850 459 1936 498 sa-
1964 444 2011 500 A
2039 452 2164 498 sunt
2194 444 2414 512 gradus.
2455 442 2518 497 Et
2550 449 2633 498 est
2662 441 2797 497 alter
2832 442 2945 515 (39)
2977 442 3078 498 iste
3100 444 3237 497 ordo
3270 442 3610 501 rationabilis

355 534 589 603 pientes,
613 543 667 590 et
703 536 746 590 si
774 551 986 605 semper
1008 537 1061 590 id
1087 537 1249 591 studii
1275 551 1529 607 geramus
1555 536 1666 609 (33)
1686 579 1701 603 ,
1726 553 1941 608 semper

274 689 282 696 .
357 624 641 694 sapientiae
670 624 1109 695 'participemus,
1158 636 1213 680 et
1253 628 1307 682 id
1356 628 1512 683 nobis
1557 629 1640 683 vel
1685 630 1808 699 plus
1852 626 1937 686 vel

354 716 538 770 minus
558 715 787 781 accidat,
815 716 927 769 sive
960 731 1059 784 pro
1096 719 1290 772 merito
1314 719 1463 784 vitae,
1510 718 1623 773 sive
1653 734 1750 787 pro
1772 718 1933 774 studii

354 810 677 875 quantitate.
713 807 1027 876 Benignitas
1056 810 1201 863 enim
1231 810 1326 865 Dei
1363 810 1658 865 secundum
1688 812 1830 881 quod
1876 826 1934 866 se

352 901 571 971 dignum
596 912 700 966 est,
742 912 1000 970 provocat
1024 903 1228 968 omnia,
1268 911 1321 956 et
1350 902 1577 956 attrahit
1602 904 1666 955 ad
1713 904 1928 956 beatum

351 988 513 1044 linem
542 990 685 1044 illum
709 1031 724 1054 ,
756 990 845 1044 ubi
886 990 1089 1044 decidit
1116 1000 1170 1045 et
1197 991 1406 1062 aufugit
1446 992 1624 1046 omnis
1666 992 1845 1058 dolor,
1876 1001 1929 1046 et

351 1081 592 1147 tristitia,
633 1089 687 1136 et
720 1082 954 1150 gemitus
997 1082 1133 1153 (34).
1572 1150 1573 1153 η

416 1171 473 1224 4.
512 1170 648 1225 Puto
668 1186 823 1239 ergo,
858 1174 1160 1226 secundum
1191 1176 1332 1242 quod
1367 1175 1495 1229 mihi
1522 1176 1755 1237 videtur,
1785 1177 1926 1244 quod

349 1265 665 1335 praecedens
712 1265 1013 1333 disputatio
1049 1263 1379 1319 sufficienter
1430 1267 1750 1330 ostenderit,
1784 1269 1927 1336 quod

347 1373 456 1411 non
503 1356 801 1410 indiscrete
834 1355 915 1410 vel
966 1355 1195 1410 fortuito
1221 1356 1403 1426 aliquo
1433 1372 1560 1414 casu
1596 1357 1679 1411 vel
1712 1358 1926 1426 princi-

343 1458 505 1519 patus
531 1458 751 1503 teneant
773 1448 1163 1517 principatum,
1192 1449 1272 1502 vel
1303 1450 1487 1503 caeteri
1513 1450 1736 1505 ordines
1765 1466 1921 1504 suum

344 1542 577 1610 quisque
608 1540 872 1595 sortiatur
898 1540 1133 1595 cilicium
1161 1538 1294 1611 (55),
1323 1541 1417 1596 sed
1447 1557 1545 1611 pro
1574 1543 1782 1596 meritis
1807 1543 1922 1598 suis

346 1634 580 1701 gradum
617 1631 900 1699 dignitatis
950 1629 1110 1697 hujus
1159 1632 1336 1696 adepti
1366 1640 1513 1696 sunt,
1560 1632 1686 1686 licet
1713 1648 1818 1688 non
1850 1634 1922 1687 sit

343 1730 589 1776 nostrum
626 1721 709 1775 vel
736 1722 902 1785 scire,
954 1722 1036 1775 vel
1073 1735 1319 1790 quaerere
1344 1723 1438 1791 qui
1476 1722 1551 1776 illi
1601 1732 1755 1779 actus
1798 1724 1919 1779 fue-

2041 543 2305 590 creatura:
2337 534 2474 605 (40),
2523 535 2613 603 qui
2660 548 2720 589 se
2763 533 2833 588 ita
2867 548 3110 603 praeceps
3157 534 3411 602 nequitiae
3439 534 3608 602 dedit,

2040 637 2099 680 ut
2136 630 2380 683 revocari
2419 629 2552 684 nolit
2587 629 2758 699 magis
2782 643 2944 697 quam
2972 644 3077 683 non
3111 630 3302 698 possit,
3336 630 3462 683 dum
3498 644 3612 685 sce-

2038 717 2214 771 lerum
2268 717 2449 775 rabies
2498 719 2610 788 jam
2652 718 2817 772 libido
2848 728 2952 782 est,
2984 727 3039 772 et
3074 720 3327 774 delectat.
3392 720 3608 775 Tertius

2036 823 2167 863 vero
2202 819 2469 864 creatura:
2500 808 2847 864 rationabilis
2893 812 3026 864 ordo
3054 820 3138 865 est
3171 826 3359 864 earum
3385 826 3503 879 qua:
3538 812 3606 864 ad

2035 899 2335 953 humanum
2388 914 2560 968 genus
2590 900 2903 968 replendum
2933 906 3069 968 aptae
3093 900 3406 966 iudicantur
3435 916 3464 953 a
3497 902 3608 956 Deo

2034 988 2172 1056 (4|),
2205 989 2256 1042 id
2290 1000 2370 1043 est
2398 990 2593 1044 anima:
2627 990 2929 1056 hominum,
2975 1005 3073 1059 per
3106 991 3410 1059 profectum
3440 992 3605 1044 etiam

2034 1078 2086 1131 in
2113 1079 2261 1133 illum
2293 1080 2406 1152 (Η)
2430 1083 2750 1150 angelorum
2774 1082 3019 1136 ordinem
3048 1092 3368 1150 assumptae;
3396 1096 3463 1135 ex
3485 1082 3607 1149 qui-

2030 1170 2135 1224 bus
2162 1171 2425 1239 quosdam
2481 1173 2727 1225 videmus
2771 1172 3000 1237 assumi,
3048 1172 3169 1227 illos
3217 1171 3469 1227 videlicet
3510 1175 3605 1241 qui

2032 1258 2124 1312 ﬁlii
2164 1259 2259 1312 Dei
2289 1259 2419 1313 facti
2451 1260 2675 1325 fuerint,
2713 1260 2797 1314 vel
2825 1260 2920 1314 lilii
2958 1262 3391 1326 resurrectionis,
3426 1262 3508 1315 vel
3547 1262 3604 1315 hi

2028 1351 2117 1417 qui
2151 1351 2545 1420 dereliquerint
2579 1352 2853 1419 tenebras,
2903 1364 2955 1408 et
2992 1353 3280 1408 dilexerint
3310 1355 3507 1417 lucem,
3548 1363 3603 1409 et

2026 1443 2154 1495 facti
2188 1442 2388 1497 fuerint
2424 1443 2517 1496 ﬁlii
2555 1443 2720 1509 lucis;
2781 1445 2864 1498 vel
2912 1445 2963 1498 bi
2995 1446 3087 1513 qui
3120 1460 3334 1499 omnem
3364 1461 3600 1514 pugnam

2025 1540 2365 1600 superantes,
2412 1543 2465 1586 et
2498 1533 2710 1601 paciﬁci
2739 1532 2938 1597 effecti,
2974 1534 3067 1587 lilii
3114 1535 3263 1602 pacis
3292 1545 3345 1589 et
3375 1536 3468 1588 ﬁlii
3506 1536 3601 1591 Dei

2022 1622 2268 1689 fuerint;
2322 1624 2404 1679 vel
2452 1626 2541 1693 qui
2591 1625 2980 1680 mortiﬁcantes
3030 1628 3278 1680 membra
3337 1644 3431 1682 sua
3482 1645 3603 1699 qua:

2024 1724 2151 1770 sunt
2201 1730 2362 1784 super
2418 1724 2644 1781 terram,
2692 1726 2747 1770 et
2783 1719 3229 1773 transcendentes
3265 1733 3368 1772 non
3423 1720 3598 1773 solum

343 1814 458 1867 rint
488 1827 590 1882 per
638 1826 774 1880 quos
824 1810 878 1864 in
910 1812 1071 1865 istum
1104 1811 1349 1865 ordinem
1382 1812 1571 1867 venire
1603 1814 1920 1868 meruerint.
1953 1794 1996 1850 Β
2027 1820 2344 1874 cor-porcam
2404 1815 2679 1871 naturam.
2733 1822 2920 1860 verum
2973 1808 3134 1862 θιῖίιιη
3189 1809 3382 1863 anima?
3431 1810 3599 1877 iPSiUS

344 1903 449 1957 Sed
490 1903 591 1958 hoc
627 1912 831 1957 tantum
886 1903 1029 1956 scire
1064 1901 1173 1972 (36)
1203 1900 1401 1957 sufﬁcit
1451 1903 1519 1956 ad
1572 1902 1664 1958 Dei
1693 1904 1922 1974 aequita-

342 2004 451 2050 tem
502 2003 555 2048 et
582 1994 849 2064 justitiam
888 1994 1396 2059 demonstrandam,
1446 1994 1571 2062 quia
1620 1996 1917 2049 secundum

340 2085 672 2141 sententiam
724 2084 956 2154 apostoli
1006 2082 1160 2137 Pauli
1213 2098 1617 2152 «personarum
1670 2086 1921 2154 acceptio

339 2192 448 2231 non
480 2184 566 2232 est
601 2177 746 2247 apud
777 2177 945 2231 Deum
971 2176 1040 2241 ⁸ο,
1065 2196 1083 2228 ι
1118 2177 1212 2244 qui
1260 2175 1437 2243 potius
1462 2176 1645 2230 omnia
1680 2191 1776 2245 pro
1805 2193 1920 2232 me-

339 2269 465 2324 ritis
498 2269 837 2338 singulorum
887 2267 1335 2336 profectibusque
1379 2268 1677 2335 dispensat.
1734 2267 1919 2338 Neque

339 2376 469 2430 ergo
502 2360 820 2430 angelorum
843 2359 1081 2413 cilicium
1112 2359 1218 2413 nisi
1243 2374 1308 2413 ex
1337 2359 1532 2413 merito
1560 2369 1790 2425 constat,
1822 2376 1920 2415 ne-

339 2465 447 2520 que
478 2458 778 2519 potestates
811 2450 915 2504 nisi
968 2465 1030 2504 ex
1066 2448 1311 2518 profectu
1357 2463 1456 2503 suo
1483 2458 1648 2519 agunt
1680 2460 1919 2519 p0testa-

341 2554 470 2608 tem,
502 2558 677 2612 neque
702 2556 823 2610 qua:
846 2542 1196 2596 nominantur
1220 2543 1399 2607 sedes,
1430 2541 1484 2595 id
1509 2550 1592 2595 est
1616 2540 1913 2609 iudicandi,

338 2640 423 2696 vel
454 2641 671 2708 regendi
703 2648 1019 2710 potestates,
1061 2639 1134 2705 id,
1158 2640 1280 2709 lnisi
1314 2657 1381 2694 ex
1406 2641 1643 2708 meritis,
1676 2642 1906 2695 admini-

336 2740 518 2785 strant
558 2731 696 2803 (37),
749 2747 924 2802 neque
970 2732 1374 2788 dominationes
1419 2743 1610 2788 contra
1658 2735 1913 2788 meritum

334 2822 713 2889 dominantur;
741 2832 896 2879 etest
925 2840 1063 2880 unus
1090 2824 1192 2880 iste
1215 2840 1459 2880 summus
1487 2834 1541 2880 ct
1571 2826 1917 2882 excellentis-

334 2914 508 2969 simus
536 2916 671 2970 ordo
707 2917 759 2969 in
792 2916 1105 2971 etelestihus
1133 2917 1474 2972 rationabilis
1504 2928 1768 2972 creaturae
1799 2917 1915 2988 glo-

334 3006 482 3061 riosa
511 3006 810 3062 olIieiorum
839 3007 1103 3061 varietate
1128 3008 1442 3076 dispositus.
1479 3009 1741 3065 Similiter
1784 3025 1913 3065 sane

338 3099 504 3153 etiam
553 3099 619 3154 de
676 3100 1007 3157 adversariis
1055 3103 1351 3156 virtutibus
1405 3103 1749 3157 sentiendum
1804 3112 1909 3169 est,

334 3204 458 3259 quae
487 3191 625 3246 sein
668 3190 722 3245 id
758 3189 861 3245 loci
896 3200 1060 3259 atque
1106 3190 1265 3247 cilicii
1300 3193 1648 3262 praebuerunt
1675 3193 1807 3265 (38),
1850 3205 1910 3249 ut

335 3284 439 3337 hoc
487 3282 629 3350 quod
679 3282 1045 3350 principatus,
1098 3283 1177 3335 vel
1227 3293 1539 3353 potestates,
1590 3284 1672 3338 vel
1722 3285 1907 3340 mundi

333 3382 577 3427 rectores
626 3374 1000 3437 tenebrarum,
1052 3373 1135 3425 vel
1185 3374 1455 3442 Spiritalia
1490 3375 1766 3443 nequitiae,
1819 3377 1906 3431 vel

330 3463 555 3533 spiritus
588 3463 835 3533 maligni,
882 3463 967 3517 vel
996 3463 1261 3519 daemonia
1302 3465 1577 3521 immunda
1614 3476 1761 3535 sunt,
1797 3484 1901 3522 non

332 3556 767 3612 substantialiter
795 3557 847 3610 id
877 3556 1133 3623 habeant,
1189 3573 1364 3627 neque
1409 3559 1533 3626 quia
1576 3560 1710 3615 tales
1740 3563 1903 3615 etiam

331 3648 498 3703 creati
549 3657 695 3714 sunt,
742 3649 834 3704 sed
872 3663 970 3717 pro
1023 3648 1257 3703 motibus
1303 3649 1417 3703 suis
1468 3658 1522 3702 et
1572 3649 1905 3718 profectibus

330 3739 527 3807 quibus
561 3740 615 3794 in
669 3741 875 3795 scelere
921 3738 1290 3810 profecerunt,
1337 3739 1435 3795 hos
1473 3741 1692 3797 malitia:
1722 3744 1902 3799 sortiti

400 3853 446 3886 “
476 3853 685 3911 Coloss.
712 3872 794 3921 Ill,
820 3856 908 3911 25.

402 3946 513 4018 (55)
544 3946 609 4000 Id
632 3948 792 4001 studii
813 3964 1074 4017 geramus.
1116 3952 1189 4005 Ita
1220 3966 1375 4016 mss.;
1398 3951 1528 4005 editi
1558 3967 1707 4017 vero,
1748 3972 1766 4004 ι
1796 3964 1903 4008 stu-

329 4016 403 4069 dii
455 4016 639 4090 curam
692 4016 966 4086 geramus.
997 4039 1014 4069 ι
1080 4020 1199 4073 Mox
1233 4021 1361 4075 libb.
1388 4021 1542 4084 editi,
1581 4016 1903 4090 (sapientiae

326 4086 621 4169 participes
651 4103 790 4149 esse,
830 4096 887 4140 ut
916 4091 982 4143 ad
1014 4104 1112 4144 nos
1139 4090 1219 4145 vel
1250 4091 1392 4160 plus,
1420 4108 1438 4142 ι
1474 4100 1584 4149 etc.
1628 4086 1735 4146 Sed
1768 4108 1898 4148 mss.

328 4165 387 4208 ιιι
416 4165 467 4208 in
506 4166 693 4211 HOSU'O
725 4167 894 4212 ιθκιυ.

399 4224 512 4300 (34)
538 4224 636 4300 _Sic
671 4242 834 4300 mss._;
874 4228 1015 4300 editi
1052 4242 1201 4293 vero,
1240 4247 1258 4280 ‹
1284 4231 1445 4300 perit,
1476 4240 1531 4285 et
1562 4229 1772 4300 aufugit
1796 4246 1905 4285 om-

327 4295 415 4350 nis
463 4295 617 4350 dolor
660 4307 715 4350 et
742 4298 980 4353 tristitia:
1031 4295 1334 4367 gemitus.)
1370 4295 1488 4355 mox
1523 4295 1731 4364 mss.,'c
1756 4301 1903 4355 salii-

325 4366 886 4437 cienterpsteuderit.
917 4386 936 4419 ι
989 4366 1147 4437 Editi,
1179 4389 1199 4422 ι
1222 4368 1548 4425 sulIicienter
1599 4372 1855 4425 ostendit.
1880 4389 1898 4421 ι

395 4436 507 4511 (55)
544 4434 646 4511 Ve_l_
689 4434 1143 4511 crciari-ordines
1173 4456 1328 4493 suum
1378 4437 1598 4511 quisque
1647 4441 1904 4495 sortiatur

1938 3154 1980 3211 C

2029 1893 2309 1963 ambiguos
2346 1894 2678 1965 fragilesque
2716 1906 2894 1950 motus
2932 1898 3279 1967 adjnnxerint
3321 1914 3382 1953 se
3417 1900 3603 1953 Domi-

2025 2000 2115 2049 no,
2148 1986 2273 2040 facti
2308 2001 2375 2041 ex
2430 1987 2640 2056 integro
2670 1990 2916 2056 spiritus,
2958 1999 3016 2043 ut
3046 1991 3154 2043 sint
3181 2005 3303 2044 cum
3339 1990 3427 2046 illo
3460 2008 3599 2047 unus

2023 2078 2248 2146 spiritus
2282 2093 2519 2147 semper,
2554 2094 2676 2134 cum
2702 2081 2846 2149 oipso
2885 2080 3094 2149 singula
3131 2096 3357 2150 quaeque
3389 2082 3597 2137 discer-

2024 2178 2236 2235 nentes,
2295 2184 2576 2238 usquequo
2624 2171 2943 2238 perveniant
2993 2172 3047 2224 in
3096 2172 3209 2226 .hoc
3254 2182 3311 2226 ut
3357 2171 3597 2241 perfecte

2024 2260 2200 2315 effecti
2247 2262 2526 2330 spiritales
2574 2265 2757 2317 omnia
2819 2264 3138 2318 discernant
3183 2279 3279 2332 per
3325 2266 3426 2319 hoc
3481 2264 3596 2335 (43)

2021 2353 2167 2421 quod
2195 2354 2247 2407 in
2280 2354 2425 2407 omni
2480 2353 2776 2407 sanctitate
2824 2354 3112 2408 illuminati
3142 2369 3302 2409 sensu
3335 2370 3430 2424 per
3466 2357 3598 2411 Ver-

2022 2447 2149 2501 bum
2184 2456 2238 2499 et
2267 2445 2591 2514 sapientiam
2639 2445 2732 2500 Dei
2765 2460 2794 2499 a
2824 2445 2971 2500 nullo
3007 2445 3223 2515 penitus
3250 2446 3460 2514 possint
3491 2447 3596 2501 dis-

2163 2555 2198 2589 Ι.

2018 2553 2168 2701 ῗῗέῖἓ)
2208 2632 2271 2682 Ἦ
2300 2628 2445 2699 ψυχὴ
2482 2628 2775 2698 ἀπορῤἐου-
2845 2630 2953 2701 76
2984 2630 3073 2683 illa
3100 2643 3231 2684 sane
3256 2644 3354 2685 nos
3386 2644 3591 2698 nequa-

2020 2739 2087 2774 σα
2114 2722 2209 2775 τοῦ
2236 2721 2422 2785 καλοῦ,
2452 2721 2541 2775 καὶ
2564 2723 2630 2791 τῇ
2667 2738 2770 2773 κα-

2018 2815 2112 2886 κίᾳ
2162 2813 2621 2884 προσκλιναμένη,
2676 2815 2771 2868 καὶ

2016 2908 2109 2959 ἐπὶ
2138 2907 2317 2961 πλεῖον
2344 2910 2401 2960 ὲν
2424 2906 2595 2977 ταύτῃ
2622 2922 2769 2974 γινο-

2022 3000 2178 3071 μένη,
2213 3002 2261 3052 εἰ
2310 3000 2383 3070 μὴ
2418 2999 2766 3070 ὑποστρέφω,

2017 3096 2121 3149 ὑπὸ
2164 3097 2262 3167 τῆς
2307 3096 2490 3158 ἀνοίας
2533 3096 2771 3165 ἀποκτη-

2015 3187 2219 3253 νοῧται,
2268 3188 2361 3241 καὶ
2402 3186 2506 3240 ὑπὸ
2544 3186 2642 3257 τῆς
2676 3203 2770 3239 πο-

2015 3282 2207 3352 νηρίας
2223 3279 2633 3352 ἀποθηριοῦται.
2656 3280 2766 3333 Καὶ

2006 3374 2134 3440 μετ’
2164 3374 2366 3441 Mira“
2391 3371 2501 3425 Kal
2532 3372 2767 3441 αἱρεῖται

2014 3464 2151 3535 πρὸς
2188 3464 2247 3516 τὸ
2279 3463 2641 3533 ἀλογωθῆναι,
2674 3462 2766 3515 καὶ

2011 3558 2102 3610 τὸν
2130 3557 2366 3629 ἔνυδρον,
2396 3557 2461 3609 ἵν’
2492 3556 2663 3618 οὕτως
2692 3555 2767 3607 εἴ-

2012 3668 2119 3713 πω,
2152 3649 2292 3718 βίον·
2339 3649 2431 3700 καὶ
2460 3647 2604 3718 τάχα
2643 3646 2763 3699 κατ’

2012 3748 2164 3813 ἀξίαν
2187 3748 2287 3816 τῆς
2308 3746 2400 3799 ἐπὶ
2420 3746 2599 3799 πλεῖον
2620 3744 2766 3797 πτώ-

2841 2739 3004 2793 quam
3052 2725 3356 2792 recipienda
3394 2738 3587 2779 cense-

2844 2830 2983 2879 mus,
3040 2830 3159 2883 qua:
3199 2824 3254 2869 et
3301 2830 3331 2867 a
3370 2816 3593 2883 quibus-

2843 2908 2967 2960 dam
2999 2906 3274 2975 superlluo
3305 2908 3384 2959 vel
3412 2908 3591 2975 requi-

2845 2999 2910 3064 ri,
2947 2998 3028 3052 vel
3076 2998 3244 3053 astrui
3295 2998 3494 3064 solent,
3535 2999 3591 3053 id

2842 3098 2925 3141 est
2963 3089 3108 3157 quod
3153 3088 3346 3142 animae
3386 3090 3439 3142 in
3473 3100 3589 3143 tan-

2845 3191 2954 3235 tum
3016 3181 3097 3236 sui
3152 3184 3431 3237 decessum
3498 3198 3592 3237 ve-

2843 3276 2991 3331 niant
3017 3277 3154 3346 (45),
3185 3286 3243 3331 ut
3270 3286 3481 3330 naturae
3506 3291 3592 3329 ra-

2842 3368 3115 3421 tionabilis
3178 3382 3240 3421 ac
3308 3367 3589 3437 dignitatis

2837 3466 3018 3520 oblita:
3051 3467 3213 3519 etiam
3244 3467 3296 3519 in
3340 3466 3587 3520 ordinem

2839 3560 3299 3613 irrationabilium
3331 3560 3584 3613 animan-

2837 3654 2967 3706 tium
2998 3652 3109 3723 (46)
3142 3654 3224 3706 vel
3259 3653 3583 3718 bestiarum,

2837 3744 2918 3797 vel
2975 3745 3239 3811 pecudum
3295 3742 3584 3797 devolvan-

2011 3969 2134 4009 esse
2192 3952 2347 4005 ﬁdem
2405 3951 2536 4004 facit
2587 3948 2948 4020 Hieronymus
2982 3948 3199 4020 quiin
3237 3945 3463 4020 epistola
3511 3948 3578 4001 ad

2011 3969 2134 4009 esse
2192 3962 2347 4005 tidem
2405 3962 2536 4004 tacut
2587 3962 2948 4020 Hieronymus
2982 3962 3071 4016 qui
3131 3964 3183 4002 in
3237 3962 3266 4001 e
3310 3962 3463 4001 lSlOla
3511 3962 3578 4001 ad

2010 4025 2226 4077 Avitum
2262 4021 2335 4073 ait
2375 4035 2392 4074 :
2438 4038 2457 4071 ‹
2482 4021 2560 4073 Ad
2591 4030 2896 4074 extremum
2927 4018 3106 4089 (primi
3147 3962 3304 4088 libri)
3324 4031 3579 4089 sermone

2008 4092 2275 4147 latissimo
2326 4091 2619 4159 disputavit
2662 4089 2988 4159 (Origenes),
3014 4088 3263 4157 angelum
3319 4088 3432 4159 sive
3461 4088 3580 4139 ani-

2012 4178 2177 4228 mam,
2214 4170 2306 4214 aut
2336 4158 2481 4215 certe
2506 4158 2830 4221 daemonem,
2863 4174 2999 4225 quos
3037 4159 3193 4212 unius
3234 4158 3433 4211 asserit
3456 4170 3577 4228 esse

2014 4227 2236 4298 natura},
2273 4231 2363 4285 sed
2413 4231 2749 4285 diversarum
2804 4229 3160 4298 voluntatum,
3217 4241 3316 4295 pro
3369 4227 3575 4294 magni-

2014 4297 2586 4370 tudine’negligentiae
2640 4309 2693 4352 et
2755 4297 2995 4352 stultitiae
3029 4298 3361 4370 ΔῙιιιιισξιιιμιῐι
3414 4310 3575 4364 posse

2014 4373 2163 4435 ﬁeri;
2196 4381 2249 4425 et
2277 4366 2373 4438 pro
2397 4366 2585 4423 dolore
2618 4383 2902 4438 pmttarum
2939 4377 2994 4420 et
3026 4367 3164 4438 ignis
3194 4366 3427 4438 ardore,
3457 4379 3576 4438 ma-

2010 4443 2094 4510 gis
2122 4435 2322 4510 eligere
2352 4449 2411 4492 ut
2440 4435 2655 4493 brutum
2691 4436 2888 4490 animal
2932 4438 3025 4499 sit,
3058 4435 3573 4510 et‘in_aquis_habi-

596 4487 1345 4576 nam_é.tiii§ii€s'u.§£§élt
1934 4487 1977 4543 θ
2110 4487 3098 4576 'iiﬁ'ciniiis'?:IéEiirfiiigEs’stimére
3130 4487 3296 4570 hujus
3322 4504 3405 4557 vel
3432 4504 3574 4576 illius

397 4572 510 4644 (36)
551 4574 626 4627 Ita
663 4589 791 4647 mss.
817 4574 973 4629 Libb.
999 4592 1134 4633 vero
1167 4572 1317 4643 editi,
1358 4599 1375 4630 ι
1400 4588 1747 4647 meruerunt;
1806 4582 1899 4635 sed

324 4644 441 4697 bare
470 4652 650 4696 tamen
684 4644 848 4708 scire,
871 4664 888 4697 ι
920 4655 1029 4699 etc.

396 4711 526 4784 (37)
555 4711 711 4766 Libb.
745 4714 875 4784 editi
908 4733 922 4767 :
962 4733 980 4764 ι
1005 4724 1321 4784 potestates,
1354 4718 1455 4772 nisi
1507 4718 1558 4771 id
1595 4734 1660 4772 ex
1695 4721 1899 4776 meritis

325 4780 759 4837 administretur.
785 4801 804 4833 ι
843 4780 947 4838 Sed
984 4780 1114 4838 mss.
1144 4795 1200 4839 ut
1234 4787 1285 4839 iu
1314 4798 1503 4841 nostro
1531 4798 1699 4842 textu.

392 4850 633 4926 (38)__Sic
666 4866 829 4926 mss.;
864 4854 993 4907 editi
1027 4870 1156 4908 vero
1191 4874 1204 4909 :
1239 4875 1257 4907 ‹
1285 4857 1408 4926 quia
1441 4872 1500 4911 se
1525 4858 1576 4909 in
1607 4859 1658 4912 id
1691 4859 1791 4912 loci
1817 4870 1897 4914 at-

322 4919 428 4988 que
464 4919 620 4973 officii
654 4922 1021 4989 praebuerunt.
1047 4943 1065 4974 ι

394 4990 509 5127 (59)
542 4990 634 5043 Sic
681 5005 812 5043 mss.
838 4990 992 5047 Libb.
1022 5008 1148 5049 vero
1180 4994 1333 5061 editi,
1373 5015 1391 5046 ι
1419 4995 1738 5052 altissimus.
1762 5016 1778 5049 ι

416 5061 506 5115 4οξ
540 5060 709 5113 Caute
748 5061 882 5127 lege.

416 5061 506 5115 40!
540 5060 709 5113 Caute
748 5061 882 5129 lege.

395 5130 510 5200 (4i)
550 5131 717 5200 Caute
745 5132 877 5199 lege.

319 5272 333 5324 Ι
392 5198 507 5271 (42)
555 5198 646 5253 Sic
714 5198 845 5254 mss.
875 5200 1041 5266 Alias,
1100 5222 1116 5255 ι
1148 5203 1399 5272 profecta:
1442 5220 1567 5260 esse
1621 5217 1675 5261 ct
1726 5210 1777 5262 in
1828 5213 1892 5264 il-

341 5288 450 5324 lilll.
486 5290 505 5321 ι

341 5288 450 5324 ιιιιι.
486 5290 505 5321 ι

388 5342 502 5410 (43)
537 5340 797 5414 Merlinus
826 5340 989 5397 habet
1044 5361 1055 5394 :
1112 5362 1130 5394 ‹
1165 5358 1443 5413 usquequo
1488 5348 1805 5414 pervenient
1838 5352 1888 5403 iu

320 5411 420 5463 hoe
459 5420 514 5463 ut
544 5410 786 5480 perfecte
817 5413 994 5467 effecti
1031 5410 1547 5480 spiritualcs'omn'ia
1579 5418 1889 5472 discernant

318 5496 412 5544 per
452 5482 571 5535 hoc.
599 5500 617 5532 ι
672 5479 729 5534 In
760 5485 998 5537 editione
1032 5479 1208 5536 autem
1257 5483 1587 5538 Genehrardi
1634 5489 1746 5541 Inuc
1778 5505 1889 5540 om-

319 5556 404 5602 nia
444 5555 641 5603 omissa
680 5564 824 5608 sunt.
867 5555 993 5609 Mss.
1026 5553 1210 5616 legunt
1247 5564 1301 5605 ut
1333 5556 1382 5607 in
1423 5567 1605 5608 nostro
1647 5567 1813 5609 le\tu.

384 5620 501 5689 (44)
544 5622 613 5673 ἸΙ
636 5623 807 5689 ’ψυχὴ
838 5622 1237 5689 ἀπσρῤέουσα,
1266 5634 1372 5677 etc.
1410 5626 1593 5679 Gi‘tBCil
1628 5627 1741 5679 inec.
1771 5644 1887 5678 vcr—

317 5691 383 5742 ba
416 5706 445 5743 e
482 5691 621 5762 iib.t
654 5694 794 5760 Περὶ
839 5694 1041 5761 ἀρχῶν
1089 5695 1245 5745 all'ert
1276 5693 1613 5748 Justiuianus
1653 5698 1885 5762 impera-

315 5770 398 5813 tor
432 5760 499 5811 ad
536 5760 741 5816 calcem
790 5760 1031 5833 epistulae
1066 5764 1130 5816 ad
1164 5762 1391 5817 Menam.
1426 5763 1670 5819 chuina
1705 5760 1884 5817 autem

2008 4581 2253 4649 pecoris;
2310 4589 2367 4630 ut
2394 4579 2550 4633 nobis
2582 4574 2887 4649 non'soluin
2919 4577 3350 4649 quadrupedum,
3396 4574 3488 4628 sed
3517 4582 3573 4627 et

2008 4645 2235 4717 piscium
2267 4663 2491 4712 corpora
2542 4649 2647 4701 sint
2678 4647 2959 4717 timenda.
2987 4645 3048 4697 Et
3076 4648 3138 4697 ad
3174 4654 3472 4717 extremum
3504 4657 3573 4717 ne

2009 4713 2282 4773 teneretur
2334 4717 2675 4786 Pythagorici
2726 4716 2992 4783 dogmatis
3045 4715 3312 4786 reus_qui
3369 4713 3571 4786 asserit

2008 4782 2459 4859 persptpdxmoiv,
2501 4782 2621 4853 post
2668 4796 2771 4859 tam
2804 4782 3115 4859 incfandain
3152 4782 3567 4859 disputationem

2004 4851 2106 4927 qua
2134 4851 2355 4911 lectoris
2376 4851 2614 4909 animum
2646 4856 2946 4927 vulneravit
2978 4873 3000 4927 ελ
3022 4854 3162 4915 lla‘c,
3192 4853 3387 4927 inquit,
3412 4851 3567 4919 juxta

2003 4924 2244 4982 nostram
2277 4928 2623 4990 sentcniiam,
2677 4941 2779 4978 non
2811 4926 2921 4977 sint
2973 4925 3243 4991 dogmata,
3294 4924 3387 4975 sed
3421 4936 3568 4989 quae-

2003 4999 2103 5051 sita
2141 5007 2348 5050 tantum
2380 5007 2543 5065 atque
2594 4996 2849 5064 projecta,
2898 5010 2964 5047 ne
3010 4995 3224 5065 penitus
3272 4994 3564 5065 intractata

2000 5068 2332 5121 viderentur.
2362 5084 2380 5116 ι
2416 5063 2544 5130 Quae
2575 5063 2617 5120 si
2654 5067 2725 5117 ita
2760 5080 2816 5118 se
2846 5065 3067 5129 habent,
3106 5063 3280 5116 nullus
3311 5078 3445 5130 pene
3474 5063 3569 5114 titt-

2002 5137 2207 5189 bitandi
2242 5137 2389 5189 locus
2421 5145 2524 5199 est,
2575 5137 2701 5203 quin
2742 5135 3119 5199 interpretatio
3150 5133 3328 5185 Ruﬁni
3362 5133 3446 5203 ab
3480 5130 3565 5184 his

2000 5207 2181 5259 verbis
2216 5222 2229 5258 :
2271 5222 2289 5254 ι
2316 5205 2400 5257 illa
2430 5221 2563 5259 sane
2594 5202 2694 5259 nos
2724 5218 3061 5269 nequaquam
3099 5202 3404 5270 recipienda
3436 5215 3567 5254 cen-

2000 5290 2201 5337 semus,
2231 5295 2249 5326 ι
2289 5290 2461 5342 usque
2491 5276 2556 5327 ad
2590 5276 2748 5327 linem
2780 5273 2940 5341 hujus
2968 5273 3113 5342 libri,
3164 5273 3310 5325 omni
3340 5285 3565 5342 prorsus

2002 5346 2104 5398 ﬁde
2131 5357 2336 5406 careat,
2368 5338 2419 5396 et
2451 5346 2630 5412 spuria
2666 5358 2761 5409 pro
2791 5338 3039 5408 gciiuiiiis
3066 5344 3337 5395 obtrudat.
3369 5340 3574 5412 Faten-

1998 5415 2122 5467 dum
2160 5424 2335 5467 tamen
2365 5409 2650 5481 Origenetn
2684 5417 2734 5465 in
2767 5413 2886 5463 aliis
2922 5413 3035 5464 suis
3059 5413 3378 5465 tractatibus
3409 5409 3566 5481 a__Py-

1999 5483 2272 5553 titagorica
2325 5478 2738 5553 μετειὶψυχώσει
2792 5496 3016 5547 prorsus
3058 5478 3565 5553 a_bltorrere.__Vidn

2001 5550 2684 5629 Ot'tg‘enianorumiltlirttnt
2732 5568 2789 5614 tl,
2838 5562 3029 5620 quiest.
3061 5551 3125 5629 _6,
3174 5568 3321 5605 num.
3366 5550 3453 5619 17,
3498 5550 3561 5602 id

1996 5630 2048 5675 et
2077 5624 2159 5675 ll).

2068 5691 2377 5758 (45)~Cattte
2412 5693 2545 5760 lege.

2068 5762 2176 5830 (4(5)
2208 5762 2296 5815 Sic
2328 5780 2455 5816 mss.
2487 5762 2652 5826 Alias,
2693 5781 2708 5812 ι
2737 5762 3065 5817 animalium.
3090 5780 3107 5814 ι
