4014 6142
383 331 472 386 181

379 462 508 509 σεως
533 445 632 514 τῆς
653 444 849 508 κακίας
880 443 1119 499 ἐνδύεται

375 537 599 609 σώματα
634 537 793 607 οὐδεῆ
924 535 1119 610 ὑδάρῆ]

373 633 572 686 τοιοῦδε
617 630 757 696 ζώου
798 631 1013 700 ἀλόγου.
1061 631 1117 684 Id

369 727 668 782 estzAuima
679 727 1116 794 deﬂuensabono,

370 833 415 874 et
453 837 666 890 uergens
703 821 772 872 ad
813 821 1117 889 nequitiam,

368 913 671 980 diutiusque
696 912 748 966 in
772 914 880 979 ipsa
914 929 1118 980 perma—

369 1023 515 1072 nens,
558 1007 658 1059 nisi
699 1006 986 1073 resipiscat,
1011 1021 1119 1074 pra:

366 1101 673 1169 insipientia
721 1101 994 1168 eﬂ‘eratur,
1035 1108 1118 1151 at-

363 1212 462 1264 que
491 1197 554 1249 ob
589 1196 901 1263 pravitatem
939 1195 1116 1248 brute-

363 1290 480 1343 scit.
521 1288 588 1344 Et
613 1290 774 1357 paulo
799 1298 922 1357 post
953 1306 966 1342 :
1004 1288 1118 1341 Eli-

363 1385 560 1454 gitque,
609 1393 664 1437 ut
706 1387 990 1446 brutescat,
1041 1383 1116 1436 vi—

1671 332 1872 389 LlBER
1909 332 2289 391 SECUNDUS.

3509 325 3607 382 189⁸

1195 453 1300 501 tur.
1367 445 1474 502 Pro
1528 447 1727 518 quibus
1777 451 1940 505 etiam
1969 450 2350 519 Aaquatilem,
2412 455 2461 502 et
2517 446 2650 515 forte
2697 461 2792 514 pro
2867 445 3110 503 turned
3139 451 3192 498 et
3226 440 3365 512 quod
3391 439 3606 495 Balaam

1191 538 1452 608 quasdam
1512 554 1580 593 ex
1639 539 1937 608 Seripturis

1191 631 1590 684 commentitias
1641 629 1838 684 all‘erre
1881 646 1938 684 a-

1191 721 1516 775 structioues
1541 720 1738 782 solent,
1775 721 1824 772 id
1855 731 1941 774 cst

1192 813 1333 882 quod
1391 812 1475 866 vel
1529 825 1694 880 pecus
1749 810 1835 863 cui
1881 825 1940 864 se

1191 902 1387 956 mulier
1441 911 1631 955 contra
1687 910 1934 953 naturam

1191 993 1505 1060 subiecerit,
1529 991 1581 1043 in
1610 999 1817 1045 reatum
1844 1005 1937 1060 pa-

1192 1086 1324 1139 riter
1355 1100 1473 1138 cum
1507 1082 1733 1136 muliere
1775 1083 1936 1135 devo-

1188 1188 1344 1232 cetur
1378 1174 1490 1244 (4'7)
1517 1189 1580 1228 ac
1602 1173 1824 1242 lapidari
1851 1188 1938 1240 pa-

1189 1273 1325 1326 riter
1350 1269 1626 1336 jubeatur,
1679 1265 1764 1320 vel
1792 1265 1936 1334 quod

1193 1373 1378 1416 taurus
1409 1367 1702 1426 cornupeta
1732 1357 1937 1425 lapida—

1192 1455 1238 1507 ri
1290 1451 1645 1508 nihilominus
1691 1445 1936 1519 prtecipi-

363 1486 469 1530 tam
503 1479 681 1544 etiam,
725 1489 777 1531 ut
816 1481 891 1531 ita
919 1479 1113 1542 dicam,

2045 543 2230 596 merito
2257 541 2474 610 majoris
2503 539 2572 594 ad
2615 539 2793 593 uitium
2866 537 3018 593 asina
3069 549 3129 590 os
3176 533 3292 602 ejus
3325 531 3432 586 Deo
3481 545 3611 597 ape-

2045 635 2395 703 prolapsionis
2449 632 2621 686 induit
2675 647 2791 684 cor-
2865 627 3234 682 rientclocuta
3281 619 3609 686 est,etsub-

2045 744 2141 796 pus
2184 728 2481 797 aquaticum
2533 725 2687 792 hujus
2717 722 2793 775 vel
2860 720 3042 789 iugale
3093 725 3299 770 mutum
3349 713 3400 766 iu
3435 712 3609 766 homi-

2045 817 2198 885 hujus
2235 817 2372 869 bruti
2406 812 2700 883 animalis.]
2865 823 2992 862 num
3055 819 3186 860 voce
3256 802 3606 872 respondens,

2044 905 2524 975 arguitprophette
2555 901 2878 956 dementiam
2908 896 3220 969 (48).,Quas
3253 907 3350 947 nos
3383 908 3484 946 non
3516 907 3604 945 so-

2044 995 2150 1049 lum
2179 1010 2282 1049 non
2316 994 2662 1061 suscipimus,
2710 989 2803 1046 sed
2834 997 2891 1043 et
2920 1001 3106 1042 omnes
3148 986 3244 1038 has
3279 984 3605 1037 assertioues

2043 1103 2230 1142 eorum
2262 1095 2449 1141 contra
2502 1085 2659 1139 [idem
2711 1090 2949 1136 nostram
2986 1079 3265 1133 venientes
3311 1076 3606 1130 refutamus

2045 1187 2206 1247 atque
2238 1177 2562 1244 respuimus.
2620 1175 2998 1228 Verumtamen
3036 1185 3134 1224 suo
3164 1169 3282 1222 loco
3313 1176 3366 1222 et
3400 1177 3605 1234 tempo-

2046 1282 2104 1321 re
2149 1267 2430 1322 confutato
2463 1266 2564 1320 hoc
2595 1278 2852 1333 perverso
2881 1262 3132 1329 dogmate
3162 1267 3216 1312 et
3260 1258 3506 1326 depulso,
3544 1270 3605 1309 ea

2043 1373 2162 1427 quae
2191 1359 2256 1412 de
2284 1357 2489 1412 sanctis
2515 1355 2817 1422 Seripturis
2845 1354 2912 1408 ab
2937 1353 3040 1406 illis
3067 1350 3278 1419 prolata
3302 1358 3446 1417 sunt,
3475 1363 3609 1417 qua-

2044 1450 2166 1504 liter
2194 1447 2419 1517 intelligi
2452 1447 2702 1510 debeaut,
2731 1459 3083 1516 exponemus.
3117 1441 3251 1510 (49).

728 1730 811 1783 Ea:
850 1730 982 1783 libro
1014 1731 1184 1792 primo
1218 1727 1357 1796 Περὶ
1383 1725 1605 1795 ἀρχῶν,
1639 1725 1910 1793 interprete

2041 1737 2069 1774 ο
2107 1718 2424 1789 Hieronymo
2453 1719 2504 1771 in
2547 1715 2779 1784 Epistola
2814 1715 2880 1768 ad
2915 1713 3116 1768 Avitum
3149 1708 3282 1782 (50).

435 1844 671 1900 Grandis
697 1847 1034 1915 negligentia;
1059 1857 1221 1914 atque
1266 1847 1484 1900 desidiae
1527 1854 1609 1898 cst
1661 1845 1712 1897 in
1771 1853 1977 1915 tantum
2021 1853 2477 1915 unumquemque
2505 1835 2743 1915 detinere
2772 1835 2906 1906 (51),
2935 1842 3095 1901 atque
3133 1830 3408 1894 evacuari,
3451 1837 3507 1882 ut
3535 1829 3602 1884 ad

367 1914 502 1969 vitia
537 1906 776 1972 veniens
802 1906 1260 1971 iﬁ-atiouabiiinm
1288 1918 1656 1986 jnmentorum
1687 1913 1856 1983 possit
1881 1925 2067 1968 crasso
2095 1906 2326 1980 corpore
2358 1906 2623 1977 colligari.

649 2181 732 2238 Ex
759 2185 935 2237 eodem
963 2182 1096 2235 libro
1123 2199 1138 2236 ι
1169 2181 1308 2250 Περὶ
1342 2180 1565 2250 ἀρχῶν,
1598 2184 1775 2235 eodem
1817 2181 1950 2234 Divo
1984 2179 2304 2249 Hieronymo
2338 2176 2622 2246 interprete
2655 2180 2710 2234 in
2746 2169 2964 2242 epistola
2994 2173 3060 2224 ad
3095 2170 3323 2222 Avitum.

438 2295 553 2368 (52)
589 2299 648 2350 In
667 2297 786 2368 ﬁne
815 2307 978 2366 atque
1005 2297 1474 2368 consummatione
1502 2297 1710 2368 mundi,
1742 2295 1954 2362 quando
1985 2294 2128 2368 velut
2153 2292 2219 2346 de
2248 2289 2566 2368 quihusdam
2587 2287 2867 2368 repagulis
2903 2292 3065 2368 atque
3089 2283 3400 2368 carceribus
3430 2281 3604 2336 missae

361 2353 566 2419 fuerint
597 2383 627 2419 a
663 2353 1130 2429 Domino'auimaa,
1167 2375 1219 2419 et
1251 2365 1600 2420 rationabiles
1632 2353 1920 2426 creaturae,
1958 2365 2096 2417 alias
2130 2353 2317 2416 earuin
2348 2359 2552 2414 tardius
2585 2353 2837 2414 incedere
2884 2353 2951 2408 ob
2987 2353 3288 2422 segnitiem,
3325 2354 3456 2429 alias
3477 2367 3604 2429 per-

360 2435 476 2489 nici
509 2435 692 2488 volare
714 2452 875 2489 cursu
911 2421 1130 2504 propter
1165 2435 1506 2504 imlustriam.
1537 2434 1777 2504 Cumque
1808 2421 1996 2504 omnes
2030 2433 2258 2504 liberum
2287 2431 2523 2483 habeant
2553 2429 2866 2489 arbitrium,
2897 2433 2950 2504 et
2981 2421 3176 2504 sponte
3197 2437 3293 2504 sua
3331 2421 3410 2476 vel
3439 2423 3604 2504 virtu-

359 2512 446 2558 tes
477 2506 684 2566 possint
710 2489 924 2571 capere'
944 2489 1024 2556 vel
1058 2505 1206 2566 vitia,
1240 2503 1342 2554 illac
1368 2507 1535 2555 multo
1569 2505 1619 2554 in
1650 2489 1816 2571 peiori
1845 2502 2152 2571 conditione
2175 2510 2332 2552 erunt
2359 2513 2519 2565 quam
2552 2504 2863 2571 nuncsunt,
2898 2494 2979 2547 lue
3011 2493 3077 2571 ad
3107 2489 3381 2571 meliorem
3407 2496 3604 2571 statum

358 2558 728 2641 pervenient;
766 2558 890 2640 quia
939 2573 1136 2625 diversi
1154 2558 1342 2641 motus
1373 2581 1427 2623 ct
1457 2572 1620 2624 vat-ite
1651 2558 1960 2641 voluntates
1983 2558 2618 2641 fin_utramque'_partem
2653 2558 2930 2641 diversum
2958 2560 3227 2630 accipient
3274 2567 3498 2624 statum,
3554 2558 3603 2612 id

359 2635 477 2703 cst,
515 2650 574 2692 ut
600 2635 1057 2710 angeli'homines
1086 2639 1168 2693 vel
1198 2641 1492 2704 daemones,
1525 2647 1579 2692 et
1607 2655 1820 2692 rursum
1846 2653 1913 2692 ex
1942 2639 2034 2692 his
2063 2635 2306 2690 homines
2333 2635 2416 2691 vel
2443 2635 2616 2704 angeli
2647 2636 2798 2688 ﬁant.

375 2784 2727 2814 ,._____________________._______._.______.___————

1341 2959 1757 3072 LIBER
1842 2951 2627 3114 SECUNDUS.

804 3348 912 3418 77
933 3344 1157 3402 CAPUT
1183 3343 1478 3399 PRIMUM.

437 3441 488 3496 t.
518 3439 870 3509 Consequens
914 3452 1056 3492 nunc
1108 3437 1361 3500 videtur,
1416 3435 1544 3489 licet
1589 3432 1767 3488 omnia
1811 3445 1930 3500 quae

362 3528 866 3600 superioridibello
920 3528 1148 3582 disserta
1200 3534 1374 3590 sunt,
1427 3526 1492 3578 de
1537 3523 1736 3577 mundo
1768 3531 1933 3591 atque

362 3624 479 3693 ejus
505 3622 848 3678 ordinatione
876 3619 1110 3674 disserta
1165 3618 1318 3682 sint,
1372 3616 1588 3684 proprie
1637 3623 1816 3669 tamen
1865 3615 1933 3668 de

365 3714 482 3780 ipso
518 3712 718 3765 mundo
750 3725 921 3780 pauca
954 3719 1198 3777 repetere
1230 3749 1244 3773 ,
1300 3706 1351 3760 id
1401 3715 1484 3760 est
1511 3706 1593 3775 {de
1621 3707 1776 3759 initio
1813 3705 1932 3776 ejus

365 3819 427 3858 ac
456 3802 583 3868 ﬁne,
616 3801 702 3856 vel
727 3802 811 3855 his
835 3816 953 3870 qua:
984 3800 1123 3854 inter
1159 3797 1371 3851 initium
1399 3811 1461 3851 ac
1489 3797 1646 3855 linem
1675 3795 1786 3869 (55)
1815 3797 1932 3866 ejus

363 3909 460 3962 per
483 3893 721 3948 divinam
753 3891 1142 3960 providentiam
1180 3889 1587 3957 dispensantur,
1619 3904 1710 3943 seu
1746 3890 1812 3942 de
1847 3889 1932 3943 his

363 3998 485 4051 qua:
501 3993 633 4038 ante
669 3984 930 4037 mundum
966 3981 1106 4035 facta
1134 3980 1218 4034 vel
1249 3989 1369 4050 post
1392 3979 1651 4034 mundum
1685 3979 1930 4035 facienda

363 4083 642 4142 putantur.
703 4075 760 4128 In
817 4090 925 4144 quo
965 4076 1066 4128 hoc
1111 4074 1346 4142 primum
1378 4073 1656 4127 evidenter
1705 4083 1932 4142 apparet

363 4167 508 4235 quod
537 4167 714 4222 omnis
747 4174 920 4221 status
945 4164 1083 4234 ejus,
1111 4165 1200 4233 qui
1231 4175 1315 4217 est
1344 4165 1531 4217 varius
1560 4179 1622 4218 ac
1655 4164 1929 4229 diversus,

363 4274 470 4314 non
525 4259 697 4314 solum
742 4274 810 4313 ex
867 4257 1282 4313 rationabilibus
1323 4263 1377 4310 et
1420 4255 1781 4310 divinioribus
1835 4269 1931 4308 na-

365 4351 502 4406 turis
532 4390 548 4417 ,
606 4359 662 4406 et
694 4366 757 4405 ex
791 4349 1021 4404 diversis
1075 4347 1394 4416 corporibus
1429 4355 1640 4401 constet
1676 4386 1691 4412 ,
1728 4345 1819 4400 sed
1863 4362 1930 4402 ex

362 4442 532 4496 mutis
571 4442 938 4496 animantibus
962 4481 976 4505 ,
1012 4439 1064 4494 id
1099 4448 1186 4493 est
1209 4439 1362 4502 feris,
1397 4437 1606 4503 bestiis,
1640 4437 1933 4506 pecudibus

361 4541 414 4583 et
441 4533 655 4599 avibus,
690 4542 853 4600 atque
875 4531 1128 4586 omnibus
1151 4545 1271 4598 quae
1299 4531 1349 4584 in
1381 4529 1537 4598 aquis
1568 4531 1787 4594 vivunt;
1821 4537 1928 4582 tum

361 4625 558 4679 deinde
581 4641 647 4679 ex
683 4623 839 4689 locis,
881 4623 932 4678 id
956 4632 1041 4677 est
1067 4622 1216 4685 cmli,
1267 4621 1347 4675 vel
1374 4621 1662 4685 caelorum,
1695 4629 1750 4674 et
1773 4629 1930 4675 terra:

361 4717 444 4768 vel
475 4731 631 4784 aquae
665 4732 679 4782 ;
711 4717 802 4770 sed
851 4724 907 4771 et
943 4730 1006 4768 ex
1041 4727 1104 4768 eo
1149 4715 1239 4783 qui
1274 4714 1481 4768 medius
1507 4721 1590 4768 est
1617 4727 1743 4767 aere
1766 4752 1782 4779 ,
1845 4712 1931 4766 vel

458 4894 549 4964 47)
578 4895 670 4948 Sic
703 4908 836 4948 mss.
871 4893 1049 4964 Alias._
1084 4912 1102 4943 ι
1131 4893 1443 4964 devocatur.
1465 4912 1484 4945 ι

458 4900 549 4964 47)
578 4900 670 4948 Sic
703 4908 836 4948 mss.
871 4900 1039 4953 Alias.
1084 4912 1102 4943 ι
1131 4900 1443 4947 devocatur.
1465 4912 1484 4945 ι

431 4900 545 5036 its;
580 4965 733 5024 Mss.,
772 4981 792 5014 ι
817 4961 1165 5017 dementiam.
1193 4981 1213 5014 ι
1256 4961 1408 5016 Libb.
1430 4961 1556 5016 editi
1592 4979 1611 5013 σ
1635 4959 1926 5020 inclemen-

367 5035 512 5087 tiam.
539 5054 557 5086 ι

455 5102 744 5168 49),ιίι›ι).
771 5101 924 5168 editi;
978 5120 998 5154 ι
1022 5115 1083 5155 ea
1114 5115 1236 5169 quae
1277 5102 1344 5156 de
1393 5101 1600 5156 sanctis
1630 5099 1929 5169 Seripturis

365 5171 432 5225 ab
468 5172 593 5226 aliis
641 5172 846 5239 prolata
889 5181 1037 5239 sunt,
1092 5185 1445 5240 exponemus.
1480 5192 1498 5224 ι
1551 5171 1656 5225 Sed
1710 5187 1840 5227 mss.
1872 5181 1928 5226 ut

366 5242 414 5295 in
448 5252 638 5295 nostro
675 5253 847 5296 textu.

432 5313 546 5383 (50)
581 5312 692 5383 Duo
721 5313 898 5383 insece
950 5309 1232 5383 sequentia
1286 5309 1590 5383 fragmenta
1631 5311 1696 5383 ad
1725 5309 1926 5383 calcem

366 5379 487 5434 lihri
522 5379 680 5449 primi
717 5379 1309 5447 rejccimus,’quoniam
1347 5381 1776 5446 interpretationi
1815 5379 1923 5432 Ru-

366 5451 477 5516 Iini,
528 5450 620 5517 qui
650 5465 713 5504 ea
763 5451 1086 5520 suppressit,
1137 5450 1357 5520 adjungi
1386 5463 1417 5503 c
1451 5449 1672 5517 regione
1702 5463 1802 5504 non
1829 5463 1925 5518 po-

277 5554 285 5560 -
367 5528 601 5575 luerunt.

579 5589 747 5643 Caute
781 5589 917 5658 lege.

581 5659 752 5714 Caute
785 5659 918 5727 lege.

433 5589 550 5800 iiii

596 5728 687 5785 Sic
727 5721 870 5784 recte
897 5743 1052 5796 mss.;
1085 5725 1220 5785 male
1247 5727 1369 5784 libri
1405 5734 1562 5781 antea
1591 5721 1723 5781 editi
1763 5743 1818 5780 ε(
1857 5726 1924 5781 ad

1970 3345 2010 3399 Β
2037 3349 2197 3405 quem
2227 3333 2483 3388 aetherem
2515 3329 2702 3385 dicunt
2733 3327 2864 3399 (54),
2901 3336 3060 3395 atque
3085 3339 3150 3379 ex
3181 3323 3433 3380 omnibus
3483 3337 3602 3394 quas

2035 3425 2338 3495 procedunt
2374 3421 2459 3476 vel
2488 3428 2786 3475 nascuntur
2811 3433 2875 3475 ex
2913 3427 3078 3473 terra.

2035 3515 2048 3586 1
2079 3515 2189 3585 (55)
2218 3514 2372 3567 Οὕτω
2417 3513 2481 3582 δὴ
2531 3510 2782 3564 ποικιλω-

2037 3607 2198 3661 τάτου
2241 3606 2443 3676 κόσμου
2495 3603 2785 3673 τυγχάνον-

2036 3719 2144 3765 τος,
2173 3701 2265 3752 nati.
2291 3697 2524 3752 τοσαῦτα
2557 3697 2786 3767 διάφορα

2036 3793 2226 3863 λογικὰ
2289 3792 2626 3864 περιέχοντος
2659 3831 2673 3855 ,
2731 3792 2784 3843 τί

2037 3885 2164 3939 ἄλλο
2189 3884 2292 3957 χρὴ
2311 3884 2489 3950 λέγειν
2511 3883 2680 3936 αἴτιον
2704 3898 2790 3948 γε-

2037 3980 2249 4049 γονέναι
2327 3977 2419 4032 τοῦ
2493 3977 2789 4048 ὑποστῆναι

2037 4074 2199 4128 αὐτὸν
2227 4113 2240 4137 ,
2273 4073 2305 4143 ἦ
2345 4072 2404 4125 τὸ
2429 4071 2670 4125 ποικίλον
2688 4071 2785 4141 τῆς

2037 4162 2404 4225 ἀποπτὼσεως
2497 4161 2604 4214 τῶν
2689 4161 2787 4230 οὐχ

2035 4259 2232 4329 ὁμοίως
2258 4258 2356 4328 τῆς
2390 4256 2573 4319 ὲνὰδος
2613 4257 2782 4323 ἀπορο

2039 4353 2285 4424 ῥεόντων.
2319 4351 2373 4404 ld
2400 4359 2484 4404 est
2519 4366 2533 4398 ε

2036 4437 2124 4492 Ita
2173 4455 2291 4491 cum
2325 4437 2552 4490 mundus
2583 4450 2786 4488 summa

2036 4540 2231 4586 constet
2260 4531 2529 4596 varietate,
2554 4538 2784 4583 tantam-

2035 4640 2132 4694 que
2191 4622 2580 4676 rationabilium
2624 4624 2786 4675 conti-

2037 4727 2155 4772 neat
2224 4715 2573 4786 di/ferentiam
2605 4754 2619 4780 ,
2659 4713 2782 4784 quid

2859 3510 2992 3564 Cum
3011 3521 3138 3576 ergo
3161 3513 3309 3560 tanta
3326 3505 3397 3561 sit
3419 3504 3600 3559 mundi

2859 3601 3093 3653 varietas
3117 3635 3131 3659 ,
3174 3604 3335 3664 atque
3389 3595 3444 3648 in
3475 3592 3606 3663 ipsis

2861 3687 3274 3746 rationabilibus
3297 3685 3605 3739 1nimanti-

2861 3781 2959 3836 bus
2988 3781 3057 3836 sit
3098 3787 3241 3833 tanta
3296 3776 3601 3834 diversitas.

2859 3879 3076 3942 prOpter
3103 3885 3264 3938 quam
3294 3868 3462 3923 etiam
3487 3883 3604 3922 om-

2860 3962 2944 4017 nis
2964 3962 3168 4030 reliqua
3188 3961 3422 4015 varietas
3441 3971 3505 4013 ac
3523 3957 3602 4011 di-

2858 4057 3082 4112 versitas
3110 4054 3342 4124 putanda
3387 4061 3468 4107 est
3507 4065 3602 4106 ex-

2858 4151 3063 4207 stitisse
3089 4166 3104 4214 ;
3153 4162 3316 4218 quam
3377 4160 3600 4201 causam

2860 4244 3019 4299 aliam
3045 4243 3150 4296 dici
3175 4240 3446 4311 oportebit
3493 4253 3599 4306 qua

2862 4337 3094 4391 mundus
3145 4334 3416 4389 exstiterit
3465 4331 3598 4402 (56),

2857 4427 3127 4496 praecipue
3189 4425 3236 4480 si
3295 4425 3601 4478 intueamur

2858 4521 3005 4575 illum
3070 4520 3231 4575 ﬁnem
3293 4533 3388 4588 per
3440 4530 3600 4588 quem

2856 4614 3380 4671 omniat'estituenda
3407 4613 3460 4666 in
3486 4621 3597 4667 sta-

2857 4720 2966 4766 tum
2999 4709 3135 4765 initii
3163 4709 3287 4776 sui,
3345 4708 3484 4764 libro
3509 4723 3600 4761 su-

2034 4895 2318 4950 terminum
2359 4909 2422 4950 ac
2447 4895 2628 4950 tinem.
2651 4913 2669 4947 ι
2709 4892 2878 4947 Paulo
2894 4899 3016 4960 post
3043 4889 3168 4946 libb.
3203 4889 3332 4945 editi
3362 4905 3437 4960 :_¢
3461 4887 3597 4954 Quae

2027 4965 2434 5020 antemundnm
2479 4965 2561 5019 vel
2596 4973 2717 5033 post
2761 4957 3331 5033 mundumputantur.
3391 4957 3444 5010 In
3489 4974 3590 5033 qut

2027 5037 2259 5101 primum
2297 5029 2840 5103 evidenter'apparet
2866 5029 3458 5103 quoad_omni_s__status
3481 5029 3598 5103 ejus

2027 5097 2225 5169 quiest
2253 5103 2436 5158 varius
2470 5119 2533 5158 ac
2566 5097 2812 5158 diversus
2860 5097 2923 5154 ex
2962 5098 3376 5169 rationabilihus
3429 5107 3483 5150 et
3513 5097 3597 5149 di-

2028 5168 2332 5228 vinioribus
2364 5174 2574 5228 naturis
2607 5216 2621 5239 ,
2660 5183 2714 5226 et
2753 5187 2816 5224 cx
2842 5168 3420 5239 diversiscorporibus
3468 5180 3597 5239 con:-

2028 5252 2181 5295 stans
2208 5282 2222 5306 ,
2271 5243 2470 5297 scilicet
2506 5259 2568 5298 ex
2610 5234 2782 5295 'mutis
2815 5234 3264 5302 animantibus,»
3329 5245 3435 5288 etc.
3488 5234 3598 5288 Sed

2027 5327 2218 5366 omnes
2241 5327 2371 5366 mss.
2420 5322 2478 5365 ut
2506 5313 2554 5366 in
2585 5323 2772 5366 nostro
2797 5320 2961 5364 textu.

2098 5381 2208 5446 (54)
2248 5380 2404 5443 Mss.,
2441 5399 2459 5431 t
2499 5382 2702 5436 dicunt.
2767 5399 2784 5432 ›
2820 5379 2973 5433 Libb.
3004 5377 3155 5440 editi,
3201 5392 3220 5425 ι
3254 5373 3503 5446 dicimus.
3535 5389 3554 5422 ι

2097 5440 2207 5520 (55)
2253 5440 2416 5504 eam
2467 5450 2542 5519 δὴ
2592 5449 3063 5520 ποικιλωτάτων,
3093 5457 3198 5520 ςειοΣ
3250 5440 3594 5520 _Gr:cca_hzeo
3637 5449 3643 5454 '

2027 5514 2247 5577 exétaht
2277 5523 2344 5575 ad
2382 5514 2588 5575 calcem
2627 5520 2868 5591 epistola:
2911 5514 3596 5591 .Iusti_niani__imperatoris

2029 5591 2092 5645 ad
2137 5591 2347 5646 Menam
2380 5583 2749 5657 patriarcham
2780 5583 3465 5652 Constantinopolitanth

2102 5662 2212 5735 (56)
2239 5661 2410 5720 Caute
2443 5659 2574 5728 lege.
