  <div class='ocr_page' id='page_1' title='image "/cluster/home/n/w/nwhite01/storage/ocr_20150623/11/mdp.39015013266690/105.png"; bbox 0 0 4014 6142; ppageno 0'>
   <div class='ocr_carea' id='block_1_1' title="bbox 356 332 459 388">
    <p class='ocr_par' dir='ltr' id='par_1_1' title="bbox 356 332 459 388">
     <span class='ocr_line' id='line_1_1' title="bbox 356 332 459 388; baseline 0.019 -2"><span class='ocrx_word' id='word_1_1' title='bbox 356 332 459 388; x_wconf 76' lang='grc'><strong>183</strong></span> 
     </span>
    </p>
   </div>
   <div class='ocr_carea' id='block_1_2' title="bbox 1596 329 2382 387">
    <p class='ocr_par' dir='ltr' id='par_1_2' title="bbox 1596 329 2382 387">
     <span class='ocr_line' id='line_1_2' title="bbox 1596 329 2382 387; baseline -0.004 0"><span class='ocrx_word' id='word_1_2' title='bbox 1596 329 1918 387; x_wconf 70' lang='lat' dir='ltr'><strong>ORIGENIS</strong></span> <span class='ocrx_word' id='word_1_3' title='bbox 1955 331 2113 383; x_wconf 80' lang='grc' dir='ltr'><strong>ΠΕΡΙ</strong></span> <span class='ocrx_word' id='word_1_4' title='bbox 2151 331 2382 385; x_wconf 83' lang='grc' dir='ltr'><strong>ΛΡΧΩΝ</strong></span> 
     </span>
    </p>
   </div>
   <div class='ocr_carea' id='block_1_3' title="bbox 3512 332 3609 387">
    <p class='ocr_par' dir='ltr' id='par_1_3' title="bbox 3512 332 3609 387">
     <span class='ocr_line' id='line_1_3' title="bbox 3512 332 3609 387; baseline 0.01 -1"><span class='ocrx_word' id='word_1_5' title='bbox 3512 332 3609 387; x_wconf 69' lang='grc'><strong>184</strong></span> 
     </span>
    </p>
   </div>
   <div class='ocr_carea' id='block_1_4' title="bbox 349 446 3611 522">
    <p class='ocr_par' dir='ltr' id='par_1_4' title="bbox 349 446 3611 522">
     <span class='ocr_line' id='line_1_4' title="bbox 349 446 3611 522; baseline 0.001 -19"><span class='ocrx_word' id='word_1_6' title='bbox 349 449 499 504; x_wconf 78' lang='lat' dir='ltr'><strong>aliud</strong></span> <span class='ocrx_word' id='word_1_7' title='bbox 532 449 810 504; x_wconf 83' lang='lat' dir='ltr'><strong>dicenduni</strong></span> <span class='ocrx_word' id='word_1_8' title='bbox 835 465 911 506; x_wconf 82' lang='lat' dir='ltr'><strong>est</strong></span> <span class='ocrx_word' id='word_1_9' title='bbox 941 453 1107 522; x_wconf 77' lang='lat' dir='ltr'><strong>fuisse</strong></span> <span class='ocrx_word' id='word_1_10' title='bbox 1180 451 1380 519; x_wconf 86' lang='lat' dir='ltr'><strong>periori</strong></span> <span class='ocrx_word' id='word_1_11' title='bbox 1449 452 1748 506; x_wconf 89' lang='lat' dir='ltr'><strong>dissertum</strong></span> <span class='ocrx_word' id='word_1_12' title='bbox 1808 463 1891 506; x_wconf 89' lang='lat' dir='ltr'><strong>est</strong></span> <span class='ocrx_word' id='word_1_13' title='bbox 1919 450 1941 502; x_wconf 88' lang='lat'><strong>?</strong></span> <span class='ocrx_word' id='word_1_14' title='bbox 1971 450 2016 506; x_wconf 83' lang='lat' dir='ltr'><strong>A</strong></span> <span class='ocrx_word' id='word_1_15' title='bbox 2048 463 2156 502; x_wconf 91' lang='lat' dir='ltr'><strong>non</strong></span> <span class='ocrx_word' id='word_1_16' title='bbox 2188 458 2368 504; x_wconf 90' lang='lat' dir='ltr'><strong>tamen</strong></span> <span class='ocrx_word' id='word_1_17' title='bbox 2400 447 2692 504; x_wconf 86' lang='lat' dir='ltr'><strong>dissonans</strong></span> <span class='ocrx_word' id='word_1_18' title='bbox 2733 457 2894 516; x_wconf 82' lang='lat' dir='ltr'><strong>alque</strong></span> <span class='ocrx_word' id='word_1_19' title='bbox 2923 462 2951 502; x_wconf 85' lang='lat' dir='ltr'><strong>a</strong></span> <span class='ocrx_word' id='word_1_20' title='bbox 2979 460 3038 502; x_wconf 90' lang='lat' dir='ltr'><strong>se</strong></span> <span class='ocrx_word' id='word_1_21' title='bbox 3064 446 3375 518; x_wconf 76' lang='lat' dir='ltr'><strong>discrepans</strong></span> <span class='ocrx_word' id='word_1_22' title='bbox 3425 454 3611 507; x_wconf 90' lang='lat' dir='ltr'><strong>mundi</strong></span> 
     </span>
    </p>
   </div>
   <div class='ocr_carea' id='block_1_5' title="bbox 1177 544 1933 611">
    <p class='ocr_par' dir='ltr' id='par_1_5' title="bbox 1177 544 1933 611">
     <span class='ocr_line' id='line_1_5' title="bbox 1177 544 1933 611; baseline 0.004 -14"><span class='ocrx_word' id='word_1_23' title='bbox 1177 544 1327 610; x_wconf 85' lang='lat' dir='ltr'><strong>Quod</strong></span> <span class='ocrx_word' id='word_1_24' title='bbox 1383 544 1568 611; x_wconf 88' lang='lat' dir='ltr'><strong>utique</strong></span> <span class='ocrx_word' id='word_1_25' title='bbox 1623 547 1668 600; x_wconf 89' lang='lat' dir='ltr'><strong>si</strong></span> <span class='ocrx_word' id='word_1_26' title='bbox 1741 560 1933 600; x_wconf 88' lang='lat' dir='ltr'><strong>conse-</strong></span> 
     </span>
    </p>
   </div>
   <div class='ocr_carea' id='block_1_6' title="bbox 1175 636 1929 705">
    <p class='ocr_par' dir='ltr' id='par_1_6' title="bbox 1175 636 1929 705">
     <span class='ocr_line' id='line_1_6' title="bbox 1175 636 1929 705; baseline 0.004 -18"><span class='ocrx_word' id='word_1_27' title='bbox 1175 645 1408 705; x_wconf 89' lang='lat' dir='ltr'><strong>quenter</strong></span> <span class='ocrx_word' id='word_1_28' title='bbox 1454 637 1659 690; x_wconf 87' lang='lat' dir='ltr'><strong>dictttm</strong></span> <span class='ocrx_word' id='word_1_29' title='bbox 1693 636 1929 700; x_wconf 89' lang='lat' dir='ltr'><strong>videtur,</strong></span> 
     </span>
    </p>
   </div>
   <div class='ocr_carea' id='block_1_7' title="bbox 349 724 1928 795">
    <p class='ocr_par' dir='ltr' id='par_1_7' title="bbox 349 724 1928 795">
     <span class='ocr_line' id='line_1_7' title="bbox 349 724 1928 795; baseline 0.004 -20"><span class='ocrx_word' id='word_1_30' title='bbox 349 724 442 792; x_wconf 86' lang='lat' dir='ltr'><strong>qui</strong></span> <span class='ocrx_word' id='word_1_31' title='bbox 482 741 586 777; x_wconf 81' lang='lat' dir='ltr'><strong>non</strong></span> <span class='ocrx_word' id='word_1_32' title='bbox 625 725 869 778; x_wconf 73' lang='lat' dir='ltr'><strong>similiter</strong></span> <span class='ocrx_word' id='word_1_33' title='bbox 899 724 962 778; x_wconf 86' lang='lat' dir='ltr'><strong>ab</strong></span> <span class='ocrx_word' id='word_1_34' title='bbox 983 727 1102 778; x_wconf 81' lang='lat' dir='ltr'><strong>tmi-</strong></span> <span class='ocrx_word' id='word_1_35' title='bbox 1177 742 1338 795; x_wconf 91' lang='lat' dir='ltr'><strong>quam</strong></span> <span class='ocrx_word' id='word_1_36' title='bbox 1367 726 1551 790; x_wconf 88' lang='lat' dir='ltr'><strong>aliam,</strong></span> <span class='ocrx_word' id='word_1_37' title='bbox 1591 737 1648 782; x_wconf 89' lang='lat' dir='ltr'><strong>ut</strong></span> <span class='ocrx_word' id='word_1_38' title='bbox 1673 728 1928 792; x_wconf 81' lang='lat' dir='ltr'><strong>diximus,</strong></span> 
     </span>
    </p>
   </div>
   <div class='ocr_carea' id='block_1_8' title="bbox 351 813 1932 886">
    <p class='ocr_par' dir='ltr' id='par_1_8' title="bbox 351 813 1932 886">
     <span class='ocr_line' id='line_1_8' title="bbox 351 813 1932 886; baseline 0.005 -20"><span class='ocrx_word' id='word_1_39' title='bbox 351 822 461 867; x_wconf 85' lang='lat' dir='ltr'><strong>tate</strong></span> <span class='ocrx_word' id='word_1_40' title='bbox 487 813 765 885; x_wconf 80' lang='lat' dir='ltr'><strong>deﬂmmt.]</strong></span> <span class='ocrx_word' id='word_1_41' title='bbox 1135 823 1140 828; x_wconf 84' lang='grc'><em>”</em></span> <span class='ocrx_word' id='word_1_42' title='bbox 1177 833 1405 872; x_wconf 85' lang='lat' dir='ltr'><strong>causam</strong></span> <span class='ocrx_word' id='word_1_43' title='bbox 1436 820 1746 886; x_wconf 60' lang='lat' dir='ltr'><strong>putabimus</strong></span> <span class='ocrx_word' id='word_1_44' title='bbox 1770 831 1932 874; x_wconf 67' lang='lat' dir='ltr'><strong>tantm</strong></span> 
     </span>
    </p>
   </div>
   <div class='ocr_carea' id='block_1_9' title="bbox 350 903 1932 973">
    <p class='ocr_par' dir='ltr' id='par_1_9' title="bbox 350 903 1932 973">
     <span class='ocr_line' id='line_1_9' title="bbox 350 903 1932 973; baseline 0.004 -17"><span class='ocrx_word' id='word_1_45' title='bbox 350 903 511 971; x_wconf 80' lang='lat' dir='ltr'><strong>hujus</strong></span> <span class='ocrx_word' id='word_1_46' title='bbox 539 906 721 959; x_wconf 89' lang='lat' dir='ltr'><strong>mundi</strong></span> <span class='ocrx_word' id='word_1_47' title='bbox 758 905 1095 961; x_wconf 87' lang='lat' dir='ltr'><strong>diversitatis</strong></span> <span class='ocrx_word' id='word_1_48' title='bbox 1120 947 1135 973; x_wconf 93' lang='lat'><strong>,</strong></span> <span class='ocrx_word' id='word_1_49' title='bbox 1196 910 1297 963; x_wconf 88' lang='lat' dir='ltr'><strong>nisi</strong></span> <span class='ocrx_word' id='word_1_50' title='bbox 1345 909 1716 965; x_wconf 74' lang='lat' dir='ltr'><strong>diversitatem</strong></span> <span class='ocrx_word' id='word_1_51' title='bbox 1750 926 1814 965; x_wconf 86' lang='lat' dir='ltr'><strong>ac</strong></span> <span class='ocrx_word' id='word_1_52' title='bbox 1841 927 1932 963; x_wconf 84' lang='lat' dir='ltr'><strong>va-</strong></span> 
     </span>
    </p>
   </div>
   <div class='ocr_carea' id='block_1_10' title="bbox 348 542 1101 610">
    <p class='ocr_par' dir='ltr' id='par_1_10' title="bbox 348 542 1101 610">
     <span class='ocr_line' id='line_1_10' title="bbox 348 542 1101 610; baseline 0.001 -18"><span class='ocrx_word' id='word_1_53' title='bbox 348 548 530 594; x_wconf 70' lang='lat' dir='ltr'><strong>cuitate</strong></span> <span class='ocrx_word' id='word_1_54' title='bbox 558 550 611 594; x_wconf 86' lang='lat' dir='ltr'><strong>ut</strong></span> <span class='ocrx_word' id='word_1_55' title='bbox 633 542 915 605; x_wconf 84' lang='lat' dir='ltr'><strong>subsistat,</strong></span> <span class='ocrx_word' id='word_1_56' title='bbox 949 560 1101 610; x_wconf 84' lang='lat' dir='ltr'><strong>quam</strong></span> 
     </span>
    </p>
   </div>
   <div class='ocr_carea' id='block_1_11' title="bbox 348 636 1100 704">
    <p class='ocr_par' dir='ltr' id='par_1_11' title="bbox 348 636 1100 704">
     <span class='ocr_line' id='line_1_11' title="bbox 348 636 1100 704; baseline 0 -15"><span class='ocrx_word' id='word_1_57' title='bbox 348 637 654 689; x_wconf 71' lang='lat' dir='ltr'><strong>varietatem</strong></span> <span class='ocrx_word' id='word_1_58' title='bbox 697 636 876 704; x_wconf 81' lang='lat' dir='ltr'><strong>lapsus</strong></span> <span class='ocrx_word' id='word_1_59' title='bbox 924 653 1100 690; x_wconf 85' lang='lat' dir='ltr'><strong>eorum</strong></span> 
     </span>
    </p>
   </div>
   <div class='ocr_carea' id='block_1_12' title="bbox 348 997 1936 1072">
    <p class='ocr_par' dir='ltr' id='par_1_12' title="bbox 348 997 1936 1072">
     <span class='ocr_line' id='line_1_12' title="bbox 348 997 1936 1072; baseline 0.004 -23"><span class='ocrx_word' id='word_1_60' title='bbox 348 997 594 1050; x_wconf 89' lang='lat' dir='ltr'><strong>rietatem</strong></span> <span class='ocrx_word' id='word_1_61' title='bbox 628 1005 871 1053; x_wconf 90' lang='lat' dir='ltr'><strong>motuum</strong></span> <span class='ocrx_word' id='word_1_62' title='bbox 905 1013 968 1055; x_wconf 89' lang='lat' dir='ltr'><strong>ac</strong></span> <span class='ocrx_word' id='word_1_63' title='bbox 994 1000 1344 1070; x_wconf 90' lang='lat' dir='ltr'><strong>prolapsuum</strong></span> <span class='ocrx_word' id='word_1_64' title='bbox 1386 1016 1574 1056; x_wconf 90' lang='lat' dir='ltr'><strong>eorum</strong></span> <span class='ocrx_word' id='word_1_65' title='bbox 1623 1003 1716 1072; x_wconf 85' lang='lat' dir='ltr'><strong>qui</strong></span> <span class='ocrx_word' id='word_1_66' title='bbox 1743 1003 1812 1057; x_wconf 90' lang='lat' dir='ltr'><strong>ab</strong></span> <span class='ocrx_word' id='word_1_67' title='bbox 1842 1003 1936 1070; x_wconf 83' lang='lat' dir='ltr'><strong>illa</strong></span> 
     </span>
    </p>
   </div>
   <div class='ocr_carea' id='block_1_13' title="bbox 345 1087 1931 1164">
    <p class='ocr_par' dir='ltr' id='par_1_13' title="bbox 345 1087 1931 1164">
     <span class='ocr_line' id='line_1_13' title="bbox 345 1087 1931 1164; baseline 0.005 -24"><span class='ocrx_word' id='word_1_68' title='bbox 345 1087 486 1142; x_wconf 92' lang='lat' dir='ltr'><strong>initii</strong></span> <span class='ocrx_word' id='word_1_69' title='bbox 517 1089 728 1144; x_wconf 92' lang='lat' dir='ltr'><strong>unitate</strong></span> <span class='ocrx_word' id='word_1_70' title='bbox 768 1100 932 1161; x_wconf 87' lang='lat' dir='ltr'><strong>atque</strong></span> <span class='ocrx_word' id='word_1_71' title='bbox 960 1094 1249 1147; x_wconf 85' lang='lat' dir='ltr'><strong>concordia</strong></span> <span class='ocrx_word' id='word_1_72' title='bbox 1305 1093 1356 1148; x_wconf 92' lang='lat' dir='ltr'><strong>in</strong></span> <span class='ocrx_word' id='word_1_73' title='bbox 1394 1110 1498 1164; x_wconf 85' lang='lat' dir='ltr'><strong>qua</strong></span> <span class='ocrx_word' id='word_1_74' title='bbox 1528 1109 1558 1148; x_wconf 90' lang='lat' dir='ltr'><strong>a</strong></span> <span class='ocrx_word' id='word_1_75' title='bbox 1595 1094 1702 1149; x_wconf 89' lang='lat' dir='ltr'><strong>Deo</strong></span> <span class='ocrx_word' id='word_1_76' title='bbox 1743 1095 1931 1164; x_wconf 88' lang='lat' dir='ltr'><strong>primi-</strong></span> 
     </span>
    </p>
   </div>
   <div class='ocr_carea' id='block_1_14' title="bbox 346 1181 1929 1249">
    <p class='ocr_par' dir='ltr' id='par_1_14' title="bbox 346 1181 1929 1249">
     <span class='ocr_line' id='line_1_14' title="bbox 346 1181 1929 1249; baseline 0.006 -19"><span class='ocrx_word' id='word_1_77' title='bbox 346 1187 437 1231; x_wconf 86' lang='lat' dir='ltr'><strong>tus</strong></span> <span class='ocrx_word' id='word_1_78' title='bbox 474 1181 745 1247; x_wconf 84' lang='lat' dir='ltr'><strong>procreati</strong></span> <span class='ocrx_word' id='word_1_79' title='bbox 783 1191 931 1246; x_wconf 89' lang='lat' dir='ltr'><strong>sunt,</strong></span> <span class='ocrx_word' id='word_1_80' title='bbox 961 1183 1285 1238; x_wconf 90' lang='lat' dir='ltr'><strong>deciderunt</strong></span> <span class='ocrx_word' id='word_1_81' title='bbox 1315 1227 1330 1249; x_wconf 94' lang='lat'><strong>,</strong></span> <span class='ocrx_word' id='word_1_82' title='bbox 1365 1194 1419 1240; x_wconf 92' lang='lat' dir='ltr'><strong>et</strong></span> <span class='ocrx_word' id='word_1_83' title='bbox 1452 1186 1520 1239; x_wconf 89' lang='lat' dir='ltr'><strong>ab</strong></span> <span class='ocrx_word' id='word_1_84' title='bbox 1551 1185 1644 1239; x_wconf 93' lang='lat' dir='ltr'><strong>illo</strong></span> <span class='ocrx_word' id='word_1_85' title='bbox 1668 1185 1929 1240; x_wconf 83' lang='lat' dir='ltr'><strong>bonitatis</strong></span> 
     </span>
    </p>
   </div>
   <div class='ocr_carea' id='block_1_15' title="bbox 347 1269 1927 1340">
    <p class='ocr_par' dir='ltr' id='par_1_15' title="bbox 347 1269 1927 1340">
     <span class='ocr_line' id='line_1_15' title="bbox 347 1269 1927 1340; baseline 0.004 -19"><span class='ocrx_word' id='word_1_86' title='bbox 347 1275 494 1321; x_wconf 90' lang='lat' dir='ltr'><strong>statu</strong></span> <span class='ocrx_word' id='word_1_87' title='bbox 524 1269 783 1322; x_wconf 87' lang='lat' dir='ltr'><strong>commoti</strong></span> <span class='ocrx_word' id='word_1_88' title='bbox 815 1281 980 1340; x_wconf 88' lang='lat' dir='ltr'><strong>atque</strong></span> <span class='ocrx_word' id='word_1_89' title='bbox 1006 1273 1276 1338; x_wconf 87' lang='lat' dir='ltr'><strong>distracti,</strong></span> <span class='ocrx_word' id='word_1_90' title='bbox 1312 1274 1542 1330; x_wconf 83' lang='lat' dir='ltr'><strong>diversis</strong></span> <span class='ocrx_word' id='word_1_91' title='bbox 1578 1276 1776 1330; x_wconf 88' lang='lat' dir='ltr'><strong>dehinc</strong></span> <span class='ocrx_word' id='word_1_92' title='bbox 1806 1278 1927 1329; x_wconf 77' lang='lat' dir='ltr'><strong>ani-</strong></span> 
     </span>
    </p>
   </div>
   <div class='ocr_carea' id='block_1_16' title="bbox 343 1360 1926 1436">
    <p class='ocr_par' dir='ltr' id='par_1_16' title="bbox 343 1360 1926 1436">
     <span class='ocr_line' id='line_1_16' title="bbox 343 1360 1926 1436; baseline 0.008 -25"><span class='ocrx_word' id='word_1_93' title='bbox 343 1373 556 1413; x_wconf 91' lang='lat' dir='ltr'><strong>morum</strong></span> <span class='ocrx_word' id='word_1_94' title='bbox 597 1360 833 1416; x_wconf 87' lang='lat' dir='ltr'><strong>motibus</strong></span> <span class='ocrx_word' id='word_1_95' title='bbox 867 1377 932 1418; x_wconf 92' lang='lat' dir='ltr'><strong>ac</strong></span> <span class='ocrx_word' id='word_1_96' title='bbox 959 1364 1252 1422; x_wconf 83' lang='lat' dir='ltr'><strong>desideriis</strong></span> <span class='ocrx_word' id='word_1_97' title='bbox 1299 1368 1491 1436; x_wconf 76' lang='lat' dir='ltr'><strong>agitati</strong></span> <span class='ocrx_word' id='word_1_98' title='bbox 1523 1407 1538 1432; x_wconf 95' lang='lat'><strong>,</strong></span> <span class='ocrx_word' id='word_1_99' title='bbox 1595 1384 1759 1423; x_wconf 90' lang='lat' dir='ltr'><strong>unum</strong></span> <span class='ocrx_word' id='word_1_100' title='bbox 1791 1369 1926 1424; x_wconf 91' lang='lat' dir='ltr'><strong>illud</strong></span> 
     </span>
    </p>
   </div>
   <div class='ocr_carea' id='block_1_17' title="bbox 342 1450 1927 1529">
    <p class='ocr_par' dir='ltr' id='par_1_17' title="bbox 342 1450 1927 1529">
     <span class='ocr_line' id='line_1_17' title="bbox 342 1450 1927 1529; baseline 0.007 -25"><span class='ocrx_word' id='word_1_101' title='bbox 342 1459 396 1504; x_wconf 92' lang='lat' dir='ltr'><strong>ct</strong></span> <span class='ocrx_word' id='word_1_102' title='bbox 429 1450 781 1505; x_wconf 79' lang='lat' dir='ltr'><strong>indiscretum</strong></span> <span class='ocrx_word' id='word_1_103' title='bbox 840 1463 1052 1509; x_wconf 73' lang='lat' dir='ltr'><strong>natura:</strong></span> <span class='ocrx_word' id='word_1_104' title='bbox 1102 1470 1213 1512; x_wconf 62' lang='lat' dir='ltr'><strong>sua</strong></span> <span class='ocrx_word' id='word_1_105' title='bbox 1252 1457 1453 1513; x_wconf 91' lang='lat' dir='ltr'><strong>bonum</strong></span> <span class='ocrx_word' id='word_1_106' title='bbox 1481 1474 1580 1529; x_wconf 90' lang='lat' dir='ltr'><strong>pro</strong></span> <span class='ocrx_word' id='word_1_107' title='bbox 1611 1460 1927 1516; x_wconf 86' lang='lat' dir='ltr'><strong>intentionis</strong></span> 
     </span>
    </p>
   </div>
   <div class='ocr_carea' id='block_1_18' title="bbox 342 1540 1925 1622">
    <p class='ocr_par' dir='ltr' id='par_1_18' title="bbox 342 1540 1925 1622">
     <span class='ocr_line' id='line_1_18' title="bbox 342 1540 1925 1622; baseline 0.007 -27"><span class='ocrx_word' id='word_1_108' title='bbox 342 1555 454 1595; x_wconf 67' lang='lat' dir='ltr'><strong>suae</strong></span> <span class='ocrx_word' id='word_1_109' title='bbox 490 1540 805 1611; x_wconf 77' lang='lat' dir='ltr'><strong>diversitate</strong></span> <span class='ocrx_word' id='word_1_110' title='bbox 831 1544 882 1598; x_wconf 85' lang='lat' dir='ltr'><strong>in</strong></span> <span class='ocrx_word' id='word_1_111' title='bbox 913 1545 1100 1602; x_wconf 86' lang='lat' dir='ltr'><strong>varias</strong></span> <span class='ocrx_word' id='word_1_112' title='bbox 1126 1549 1470 1604; x_wconf 84' lang='lat' dir='ltr'><strong>deduxerunt</strong></span> <span class='ocrx_word' id='word_1_113' title='bbox 1500 1551 1764 1605; x_wconf 90' lang='lat' dir='ltr'><strong>mentium</strong></span> <span class='ocrx_word' id='word_1_114' title='bbox 1794 1568 1925 1622; x_wconf 90' lang='lat' dir='ltr'><strong>qua-</strong></span> 
     </span>
    </p>
   </div>
   <div class='ocr_carea' id='block_1_19' title="bbox 342 1631 570 1694">
    <p class='ocr_par' dir='ltr' id='par_1_19' title="bbox 342 1631 570 1694">
     <span class='ocr_line' id='line_1_19' title="bbox 342 1631 570 1694; baseline 0.009 -9"><span class='ocrx_word' id='word_1_115' title='bbox 342 1631 570 1694; x_wconf 65' lang='lat' dir='ltr'><strong>litates?</strong></span> 
     </span>
    </p>
   </div>
   <div class='ocr_carea' id='block_1_20' title="bbox 413 1723 1920 1802">
    <p class='ocr_par' dir='ltr' id='par_1_20' title="bbox 413 1723 1920 1802">
     <span class='ocr_line' id='line_1_20' title="bbox 413 1723 1920 1802; baseline 0.011 -26"><span class='ocrx_word' id='word_1_116' title='bbox 413 1723 467 1776; x_wconf 79' lang='grc'><strong>2.</strong></span> <span class='ocrx_word' id='word_1_117' title='bbox 512 1723 656 1779; x_wconf 88' lang='lat' dir='ltr'><strong>Deus</strong></span> <span class='ocrx_word' id='word_1_118' title='bbox 672 1740 800 1781; x_wconf 83' lang='lat' dir='ltr'><strong>vero</strong></span> <span class='ocrx_word' id='word_1_119' title='bbox 825 1743 921 1796; x_wconf 90' lang='lat' dir='ltr'><strong>per</strong></span> <span class='ocrx_word' id='word_1_120' title='bbox 948 1729 1276 1788; x_wconf 75' lang='lat' dir='ltr'><strong>ineffabilem</strong></span> <span class='ocrx_word' id='word_1_121' title='bbox 1306 1734 1591 1802; x_wconf 66' lang='lat' dir='ltr'><strong>sapientiae</strong></span> <span class='ocrx_word' id='word_1_122' title='bbox 1615 1752 1728 1792; x_wconf 73' lang='lat' dir='ltr'><strong>suae</strong></span> <span class='ocrx_word' id='word_1_123' title='bbox 1753 1749 1920 1792; x_wconf 88' lang='lat' dir='ltr'><strong>artem</strong></span> 
     </span>
    </p>
   </div>
   <div class='ocr_carea' id='block_1_21' title="bbox 342 1814 1920 1899">
    <p class='ocr_par' dir='ltr' id='par_1_21' title="bbox 342 1814 1920 1899">
     <span class='ocr_line' id='line_1_21' title="bbox 342 1814 1920 1899; baseline 0.011 -32"><span class='ocrx_word' id='word_1_124' title='bbox 342 1814 525 1868; x_wconf 88' lang='lat' dir='ltr'><strong>omnia</strong></span> <span class='ocrx_word' id='word_1_125' title='bbox 553 1831 672 1885; x_wconf 77' lang='lat' dir='ltr'><strong>qua:</strong></span> <span class='ocrx_word' id='word_1_126' title='bbox 697 1821 1080 1887; x_wconf 89' lang='lat' dir='ltr'><strong>quoquomodo</strong></span> <span class='ocrx_word' id='word_1_127' title='bbox 1109 1823 1243 1877; x_wconf 86' lang='lat' dir='ltr'><strong>fiunt</strong></span> <span class='ocrx_word' id='word_1_128' title='bbox 1271 1823 1386 1894; x_wconf 84' lang='lat'>(57)</span> <span class='ocrx_word' id='word_1_129' title='bbox 1414 1866 1427 1889; x_wconf 94' lang='lat'><strong>,</strong></span> <span class='ocrx_word' id='word_1_130' title='bbox 1459 1827 1524 1880; x_wconf 88' lang='lat' dir='ltr'><strong>ad</strong></span> <span class='ocrx_word' id='word_1_131' title='bbox 1558 1827 1688 1883; x_wconf 84' lang='lat' dir='ltr'><strong>utile</strong></span> <span class='ocrx_word' id='word_1_132' title='bbox 1717 1829 1920 1899; x_wconf 81' lang='lat' dir='ltr'><strong>aliquid</strong></span> 
     </span>
    </p>
   </div>
   <div class='ocr_carea' id='block_1_22' title="bbox 340 1907 1921 1991">
    <p class='ocr_par' dir='ltr' id='par_1_22' title="bbox 340 1907 1921 1991">
     <span class='ocr_line' id='line_1_22' title="bbox 340 1907 1921 1991; baseline 0.012 -34"><span class='ocrx_word' id='word_1_133' title='bbox 340 1915 395 1958; x_wconf 90' lang='lat' dir='ltr'><strong>et</strong></span> <span class='ocrx_word' id='word_1_134' title='bbox 423 1907 488 1960; x_wconf 91' lang='lat' dir='ltr'><strong>ad</strong></span> <span class='ocrx_word' id='word_1_135' title='bbox 508 1922 850 1964; x_wconf 87' lang='lat' dir='ltr'><strong>communem</strong></span> <span class='ocrx_word' id='word_1_136' title='bbox 877 1913 1118 1967; x_wconf 91' lang='lat' dir='ltr'><strong>omnium</strong></span> <span class='ocrx_word' id='word_1_137' title='bbox 1148 1915 1544 1974; x_wconf 84' lang='lat' dir='ltr'><strong>transformans</strong></span> <span class='ocrx_word' id='word_1_138' title='bbox 1567 1935 1632 1975; x_wconf 92' lang='lat' dir='ltr'><strong>ac</strong></span> <span class='ocrx_word' id='word_1_139' title='bbox 1661 1936 1921 1991; x_wconf 86' lang='lat' dir='ltr'><strong>reparans</strong></span> 
     </span>
    </p>
   </div>
   <div class='ocr_carea' id='block_1_23' title="bbox 345 1997 1921 2083">
    <p class='ocr_par' dir='ltr' id='par_1_23' title="bbox 345 1997 1921 2083">
     <span class='ocr_line' id='line_1_23' title="bbox 345 1997 1921 2083; baseline 0.01 -32"><span class='ocrx_word' id='word_1_140' title='bbox 345 1997 649 2066; x_wconf 81' lang='lat' dir='ltr'><strong>profectum</strong></span> <span class='ocrx_word' id='word_1_141' title='bbox 678 2040 693 2066; x_wconf 96' lang='lat'><strong>,</strong></span> <span class='ocrx_word' id='word_1_142' title='bbox 756 2002 852 2056; x_wconf 89' lang='lat' dir='ltr'><strong>has</strong></span> <span class='ocrx_word' id='word_1_143' title='bbox 887 2003 1032 2072; x_wconf 89' lang='lat' dir='ltr'><strong>ipsas</strong></span> <span class='ocrx_word' id='word_1_144' title='bbox 1055 2014 1337 2061; x_wconf 90' lang='lat' dir='ltr'><strong>creaturas</strong></span> <span class='ocrx_word' id='word_1_145' title='bbox 1382 2024 1502 2078; x_wconf 78' lang='lat' dir='ltr'><strong>qua:</strong></span> <span class='ocrx_word' id='word_1_146' title='bbox 1551 2026 1578 2064; x_wconf 88' lang='lat' dir='ltr'><strong>a</strong></span> <span class='ocrx_word' id='word_1_147' title='bbox 1613 2013 1921 2083; x_wconf 89' lang='lat' dir='ltr'><strong>semetipsis</strong></span> 
     </span>
    </p>
   </div>
   <div class='ocr_carea' id='block_1_24' title="bbox 341 2089 1918 2168">
    <p class='ocr_par' dir='ltr' id='par_1_24' title="bbox 341 2089 1918 2168">
     <span class='ocr_line' id='line_1_24' title="bbox 341 2089 1918 2168; baseline 0.011 -27"><span class='ocrx_word' id='word_1_148' title='bbox 341 2089 396 2142; x_wconf 89' lang='lat' dir='ltr'><strong>in</strong></span> <span class='ocrx_word' id='word_1_149' title='bbox 436 2098 642 2145; x_wconf 87' lang='lat' dir='ltr'><strong>tantum</strong></span> <span class='ocrx_word' id='word_1_150' title='bbox 679 2093 984 2148; x_wconf 91' lang='lat' dir='ltr'><strong>animorum</strong></span> <span class='ocrx_word' id='word_1_151' title='bbox 1015 2097 1278 2152; x_wconf 85' lang='lat' dir='ltr'><strong>varietate</strong></span> <span class='ocrx_word' id='word_1_152' title='bbox 1313 2101 1628 2168; x_wconf 76' lang='lat' dir='ltr'><strong>distabant,</strong></span> <span class='ocrx_word' id='word_1_153' title='bbox 1667 2103 1719 2157; x_wconf 91' lang='lat' dir='ltr'><strong>in</strong></span> <span class='ocrx_word' id='word_1_154' title='bbox 1754 2119 1918 2158; x_wconf 90' lang='lat' dir='ltr'><strong>unum</strong></span> 
     </span>
    </p>
   </div>
   <div class='ocr_carea' id='block_1_25' title="bbox 342 2180 1919 2263">
    <p class='ocr_par' dir='ltr' id='par_1_25' title="bbox 342 2180 1919 2263">
     <span class='ocr_line' id='line_1_25' title="bbox 342 2180 1919 2263; baseline 0.013 -35"><span class='ocrx_word' id='word_1_155' title='bbox 342 2180 631 2245; x_wconf 84' lang='lat' dir='ltr'><strong>quemdam</strong></span> <span class='ocrx_word' id='word_1_156' title='bbox 666 2193 890 2238; x_wconf 87' lang='lat' dir='ltr'><strong>revocat</strong></span> <span class='ocrx_word' id='word_1_157' title='bbox 915 2185 1101 2254; x_wconf 91' lang='lat' dir='ltr'><strong>operis</strong></span> <span class='ocrx_word' id='word_1_158' title='bbox 1125 2187 1400 2256; x_wconf 84' lang='lat' dir='ltr'><strong>studiique</strong></span> <span class='ocrx_word' id='word_1_159' title='bbox 1430 2205 1754 2247; x_wconf 87' lang='lat' dir='ltr'><strong>consensum</strong></span> <span class='ocrx_word' id='word_1_160' title='bbox 1785 2192 1919 2263; x_wconf 89' lang='lat'>(58),</span> 
     </span>
    </p>
   </div>
   <div class='ocr_carea' id='block_1_26' title="bbox 343 2267 1919 2346">
    <p class='ocr_par' dir='ltr' id='par_1_26' title="bbox 343 2267 1919 2346">
     <span class='ocr_line' id='line_1_26' title="bbox 343 2267 1919 2346; baseline 0.013 -24"><span class='ocrx_word' id='word_1_161' title='bbox 343 2279 403 2322; x_wconf 89' lang='lat' dir='ltr'><strong>ut</strong></span> <span class='ocrx_word' id='word_1_162' title='bbox 429 2271 659 2328; x_wconf 83' lang='lat' dir='ltr'><strong>diversis</strong></span> <span class='ocrx_word' id='word_1_163' title='bbox 679 2267 816 2329; x_wconf 86' lang='lat' dir='ltr'><strong>‘licet</strong></span> <span class='ocrx_word' id='word_1_164' title='bbox 850 2277 1090 2333; x_wconf 89' lang='lat' dir='ltr'><strong>motibus</strong></span> <span class='ocrx_word' id='word_1_165' title='bbox 1143 2281 1448 2334; x_wconf 88' lang='lat' dir='ltr'><strong>animorum</strong></span> <span class='ocrx_word' id='word_1_166' title='bbox 1476 2321 1490 2346; x_wconf 90' lang='lat'><strong>,</strong></span> <span class='ocrx_word' id='word_1_167' title='bbox 1545 2284 1706 2339; x_wconf 88' lang='lat' dir='ltr'><strong>unius</strong></span> <span class='ocrx_word' id='word_1_168' title='bbox 1740 2295 1919 2342; x_wconf 88' lang='lat' dir='ltr'><strong>tamen</strong></span> 
     </span>
    </p>
   </div>
   <div class='ocr_carea' id='block_1_27' title="bbox 338 2362 1922 2444">
    <p class='ocr_par' dir='ltr' id='par_1_27' title="bbox 338 2362 1922 2444">
     <span class='ocr_line' id='line_1_27' title="bbox 338 2362 1922 2444; baseline 0.011 -29"><span class='ocrx_word' id='word_1_169' title='bbox 338 2362 528 2416; x_wconf 87' lang='lat' dir='ltr'><strong>mundi</strong></span> <span class='ocrx_word' id='word_1_170' title='bbox 573 2364 965 2433; x_wconf 87' lang='lat' dir='ltr'><strong>plenitudinem</strong></span> <span class='ocrx_word' id='word_1_171' title='bbox 997 2369 1503 2444; x_wconf 81' lang='lat' dir='ltr'><strong>perfectionemque</strong></span> <span class='ocrx_word' id='word_1_172' title='bbox 1541 2390 1922 2433; x_wconf 85' lang='lat' dir='ltr'><strong>consummeut</strong></span> 
     </span>
    </p>
   </div>
   <div class='ocr_carea' id='block_1_28' title="bbox 337 2452 1911 2531">
    <p class='ocr_par' dir='ltr' id='par_1_28' title="bbox 337 2452 1911 2531">
     <span class='ocr_line' id='line_1_28' title="bbox 337 2452 1911 2531; baseline 0.011 -23"><span class='ocrx_word' id='word_1_173' title='bbox 337 2452 449 2524; x_wconf 72' lang='lat'>(59)</span> <span class='ocrx_word' id='word_1_174' title='bbox 484 2495 500 2521; x_wconf 95' lang='lat'><strong>,</strong></span> <span class='ocrx_word' id='word_1_175' title='bbox 529 2466 694 2528; x_wconf 89' lang='lat' dir='ltr'><strong>atque</strong></span> <span class='ocrx_word' id='word_1_176' title='bbox 740 2461 804 2514; x_wconf 87' lang='lat' dir='ltr'><strong>ad</strong></span> <span class='ocrx_word' id='word_1_177' title='bbox 849 2477 1015 2515; x_wconf 92' lang='lat' dir='ltr'><strong>unum</strong></span> <span class='ocrx_word' id='word_1_178' title='bbox 1054 2462 1408 2531; x_wconf 81' lang='lat' dir='ltr'><strong>perfectionis</strong></span> <span class='ocrx_word' id='word_1_179' title='bbox 1463 2466 1623 2522; x_wconf 86' lang='lat' dir='ltr'><strong>finem</strong></span> <span class='ocrx_word' id='word_1_180' title='bbox 1671 2469 1911 2526; x_wconf 83' lang='lat' dir='ltr'><strong>varietas</strong></span> 
     </span>
    </p>
   </div>
   <div class='ocr_carea' id='block_1_29' title="bbox 336 2546 1920 2632">
    <p class='ocr_par' dir='ltr' id='par_1_29' title="bbox 336 2546 1920 2632">
     <span class='ocr_line' id='line_1_29' title="bbox 336 2546 1920 2632; baseline 0.011 -31"><span class='ocrx_word' id='word_1_181' title='bbox 336 2546 455 2615; x_wconf 86' lang='lat' dir='ltr'><strong>ipsa</strong></span> <span class='ocrx_word' id='word_1_182' title='bbox 490 2549 750 2604; x_wconf 89' lang='lat' dir='ltr'><strong>mentium</strong></span> <span class='ocrx_word' id='word_1_183' title='bbox 777 2553 981 2606; x_wconf 86' lang='lat' dir='ltr'><strong>tendat.</strong></span> <span class='ocrx_word' id='word_1_184' title='bbox 1020 2553 1135 2608; x_wconf 81' lang='lat' dir='ltr'><strong>Una</strong></span> <span class='ocrx_word' id='word_1_185' title='bbox 1174 2569 1407 2625; x_wconf 85' lang='lat' dir='ltr'><strong>namque</strong></span> <span class='ocrx_word' id='word_1_186' title='bbox 1445 2559 1620 2614; x_wconf 88' lang='lat' dir='ltr'><strong>virtus</strong></span> <span class='ocrx_word' id='word_1_187' title='bbox 1668 2571 1747 2616; x_wconf 89' lang='lat' dir='ltr'><strong>est</strong></span> <span class='ocrx_word' id='word_1_188' title='bbox 1798 2578 1920 2632; x_wconf 62' lang='lat' dir='ltr'><strong>quae</strong></span> 
     </span>
    </p>
   </div>
   <div class='ocr_carea' id='block_1_30' title="bbox 337 2641 1917 2721">
    <p class='ocr_par' dir='ltr' id='par_1_30' title="bbox 337 2641 1917 2721">
     <span class='ocr_line' id='line_1_30' title="bbox 337 2641 1917 2721; baseline 0.013 -33"><span class='ocrx_word' id='word_1_189' title='bbox 337 2650 552 2690; x_wconf 85' lang='lat' dir='ltr'><strong>omnem</strong></span> <span class='ocrx_word' id='word_1_190' title='bbox 582 2641 766 2693; x_wconf 90' lang='lat' dir='ltr'><strong>mundi</strong></span> <span class='ocrx_word' id='word_1_191' title='bbox 809 2642 1182 2698; x_wconf 88' lang='lat' dir='ltr'><strong>diversitatem</strong></span> <span class='ocrx_word' id='word_1_192' title='bbox 1217 2647 1542 2718; x_wconf 80' lang='lat' dir='ltr'><strong>constringit</strong></span> <span class='ocrx_word' id='word_1_193' title='bbox 1574 2660 1630 2704; x_wconf 86' lang='lat' dir='ltr'><strong>et</strong></span> <span class='ocrx_word' id='word_1_194' title='bbox 1658 2655 1917 2721; x_wconf 87' lang='lat' dir='ltr'><strong>continet,</strong></span> 
     </span>
    </p>
   </div>
   <div class='ocr_carea' id='block_1_31' title="bbox 336 2729 1923 2808">
    <p class='ocr_par' dir='ltr' id='par_1_31' title="bbox 336 2729 1923 2808">
     <span class='ocr_line' id='line_1_31' title="bbox 336 2729 1923 2808; baseline 0.013 -29"><span class='ocrx_word' id='word_1_195' title='bbox 336 2734 505 2796; x_wconf 80' lang='lat' dir='ltr'><strong>atque</strong></span> <span class='ocrx_word' id='word_1_196' title='bbox 531 2729 585 2782; x_wconf 91' lang='lat' dir='ltr'><strong>in</strong></span> <span class='ocrx_word' id='word_1_197' title='bbox 617 2745 784 2785; x_wconf 92' lang='lat' dir='ltr'><strong>unum</strong></span> <span class='ocrx_word' id='word_1_198' title='bbox 817 2747 950 2802; x_wconf 84' lang='lat' dir='ltr'><strong>Opus</strong></span> <span class='ocrx_word' id='word_1_199' title='bbox 983 2735 1164 2791; x_wconf 90' lang='lat' dir='ltr'><strong>varios</strong></span> <span class='ocrx_word' id='word_1_200' title='bbox 1191 2737 1305 2806; x_wconf 83' lang='lat' dir='ltr'><strong>agit</strong></span> <span class='ocrx_word' id='word_1_201' title='bbox 1335 2748 1514 2796; x_wconf 88' lang='lat' dir='ltr'><strong>motus</strong></span> <span class='ocrx_word' id='word_1_202' title='bbox 1551 2783 1565 2808; x_wconf 94' lang='lat'><strong>,</strong></span> <span class='ocrx_word' id='word_1_203' title='bbox 1606 2758 1673 2798; x_wconf 90' lang='lat' dir='ltr'><strong>ne</strong></span> <span class='ocrx_word' id='word_1_204' title='bbox 1711 2744 1923 2800; x_wconf 71' lang='lat' dir='ltr'><strong>sciiieet</strong></span> 
     </span>
    </p>
   </div>
   <div class='ocr_carea' id='block_1_32' title="bbox 335 2820 1921 2898">
    <p class='ocr_par' dir='ltr' id='par_1_32' title="bbox 335 2820 1921 2898">
     <span class='ocr_line' id='line_1_32' title="bbox 335 2820 1921 2898; baseline 0.013 -28"><span class='ocrx_word' id='word_1_205' title='bbox 335 2825 447 2871; x_wconf 80' lang='lat' dir='ltr'><strong>tam</strong></span> <span class='ocrx_word' id='word_1_206' title='bbox 504 2820 829 2876; x_wconf 90' lang='lat' dir='ltr'><strong>immensum</strong></span> <span class='ocrx_word' id='word_1_207' title='bbox 879 2827 1066 2881; x_wconf 88' lang='lat' dir='ltr'><strong>mundi</strong></span> <span class='ocrx_word' id='word_1_208' title='bbox 1123 2844 1260 2898; x_wconf 93' lang='lat' dir='ltr'><strong>opus</strong></span> <span class='ocrx_word' id='word_1_209' title='bbox 1315 2832 1559 2889; x_wconf 90' lang='lat' dir='ltr'><strong>dissidiis</strong></span> <span class='ocrx_word' id='word_1_210' title='bbox 1614 2834 1921 2891; x_wconf 89' lang='lat' dir='ltr'><strong>solveretur</strong></span> 
     </span>
    </p>
   </div>
   <div class='ocr_carea' id='block_1_33' title="bbox 337 2911 1919 2999">
    <p class='ocr_par' dir='ltr' id='par_1_33' title="bbox 337 2911 1919 2999">
     <span class='ocr_line' id='line_1_33' title="bbox 337 2911 1919 2999; baseline 0.012 -35"><span class='ocrx_word' id='word_1_211' title='bbox 337 2911 666 2970; x_wconf 89' lang='lat' dir='ltr'><strong>animorum.</strong></span> <span class='ocrx_word' id='word_1_212' title='bbox 726 2916 794 2969; x_wconf 89' lang='lat' dir='ltr'><strong>Et</strong></span> <span class='ocrx_word' id='word_1_213' title='bbox 827 2927 1049 2988; x_wconf 87' lang='lat' dir='ltr'><strong>propter</strong></span> <span class='ocrx_word' id='word_1_214' title='bbox 1103 2921 1204 2977; x_wconf 88' lang='lat' dir='ltr'><strong>hoc</strong></span> <span class='ocrx_word' id='word_1_215' title='bbox 1243 2925 1530 2994; x_wconf 90' lang='lat' dir='ltr'><strong>opinamur</strong></span> <span class='ocrx_word' id='word_1_216' title='bbox 1567 2927 1677 2999; x_wconf 85' lang='lat'>(60)</span> <span class='ocrx_word' id='word_1_217' title='bbox 1720 2943 1919 2997; x_wconf 87' lang='lat' dir='ltr'><strong>paren-</strong></span> 
     </span>
    </p>
   </div>
   <div class='ocr_carea' id='block_1_34' title="bbox 337 3006 1920 3079">
    <p class='ocr_par' dir='ltr' id='par_1_34' title="bbox 337 3006 1920 3079">
     <span class='ocr_line' id='line_1_34' title="bbox 337 3006 1920 3079; baseline 0.013 -24"><span class='ocrx_word' id='word_1_218' title='bbox 337 3010 444 3057; x_wconf 89' lang='lat' dir='ltr'><strong>tem</strong></span> <span class='ocrx_word' id='word_1_219' title='bbox 476 3006 721 3060; x_wconf 90' lang='lat' dir='ltr'><strong>omnium</strong></span> <span class='ocrx_word' id='word_1_220' title='bbox 753 3009 921 3063; x_wconf 90' lang='lat' dir='ltr'><strong>Deum</strong></span> <span class='ocrx_word' id='word_1_221' title='bbox 958 3026 1055 3079; x_wconf 91' lang='lat' dir='ltr'><strong>pro</strong></span> <span class='ocrx_word' id='word_1_222' title='bbox 1083 3013 1260 3070; x_wconf 86' lang='lat' dir='ltr'><strong>salute</strong></span> <span class='ocrx_word' id='word_1_223' title='bbox 1293 3017 1674 3074; x_wconf 88' lang='lat' dir='ltr'><strong>universarum</strong></span> <span class='ocrx_word' id='word_1_224' title='bbox 1700 3031 1920 3075; x_wconf 90' lang='lat' dir='ltr'><strong>creatu-</strong></span> 
     </span>
    </p>
   </div>
   <div class='ocr_carea' id='block_1_35' title="bbox 2037 538 3614 611">
    <p class='ocr_par' dir='ltr' id='par_1_35' title="bbox 2037 538 3614 611">
     <span class='ocr_line' id='line_1_35' title="bbox 2037 538 3614 611; baseline 0.003 -20"><span class='ocrx_word' id='word_1_225' title='bbox 2037 539 2204 595; x_wconf 90' lang='lat' dir='ltr'><strong>totius</strong></span> <span class='ocrx_word' id='word_1_226' title='bbox 2255 541 2642 611; x_wconf 86' lang='lat' dir='ltr'><strong>intelligendus</strong></span> <span class='ocrx_word' id='word_1_227' title='bbox 2684 549 2768 593; x_wconf 93' lang='lat' dir='ltr'><strong>cst</strong></span> <span class='ocrx_word' id='word_1_228' title='bbox 2831 547 3052 605; x_wconf 87' lang='lat' dir='ltr'><strong>status;</strong></span> <span class='ocrx_word' id='word_1_229' title='bbox 3098 538 3192 594; x_wconf 88' lang='lat' dir='ltr'><strong>sed</strong></span> <span class='ocrx_word' id='word_1_230' title='bbox 3230 539 3373 593; x_wconf 88' lang='lat' dir='ltr'><strong>sicut</strong></span> <span class='ocrx_word' id='word_1_231' title='bbox 3418 555 3614 610; x_wconf 84' lang='lat' dir='ltr'><strong>corpus</strong></span> 
     </span>
    </p>
   </div>
   <div class='ocr_carea' id='block_1_36' title="bbox 2037 629 3612 700">
    <p class='ocr_par' dir='ltr' id='par_1_36' title="bbox 2037 629 3612 700">
     <span class='ocr_line' id='line_1_36' title="bbox 2037 629 3612 700; baseline 0 -14"><span class='ocrx_word' id='word_1_232' title='bbox 2037 644 2283 688; x_wconf 88' lang='lat' dir='ltr'><strong>nostrum</strong></span> <span class='ocrx_word' id='word_1_233' title='bbox 2319 649 2484 688; x_wconf 90' lang='lat' dir='ltr'><strong>unum</strong></span> <span class='ocrx_word' id='word_1_234' title='bbox 2520 648 2585 688; x_wconf 80' lang='lat' dir='ltr'><strong>ex</strong></span> <span class='ocrx_word' id='word_1_235' title='bbox 2614 633 2797 687; x_wconf 88' lang='lat' dir='ltr'><strong>multis</strong></span> <span class='ocrx_word' id='word_1_236' title='bbox 2829 629 3089 686; x_wconf 86' lang='lat' dir='ltr'><strong>membris</strong></span> <span class='ocrx_word' id='word_1_237' title='bbox 3118 639 3362 700; x_wconf 87' lang='lat' dir='ltr'><strong>aptatum</strong></span> <span class='ocrx_word' id='word_1_238' title='bbox 3395 632 3505 700; x_wconf 68' lang='grc'>(62)</span> <span class='ocrx_word' id='word_1_239' title='bbox 3528 641 3612 686; x_wconf 84' lang='lat' dir='ltr'><strong>est</strong></span> 
     </span>
    </p>
   </div>
   <div class='ocr_carea' id='block_1_37' title="bbox 2033 724 3612 787">
    <p class='ocr_par' dir='ltr' id='par_1_37' title="bbox 2033 724 3612 787">
     <span class='ocr_line' id='line_1_37' title="bbox 2033 724 3612 787; baseline -0.001 -8"><span class='ocrx_word' id='word_1_240' title='bbox 2033 733 2087 779; x_wconf 91' lang='lat' dir='ltr'><strong>et</strong></span> <span class='ocrx_word' id='word_1_241' title='bbox 2119 727 2189 781; x_wconf 90' lang='lat' dir='ltr'><strong>ab</strong></span> <span class='ocrx_word' id='word_1_242' title='bbox 2221 742 2327 779; x_wconf 91' lang='lat' dir='ltr'><strong>una</strong></span> <span class='ocrx_word' id='word_1_243' title='bbox 2355 727 2534 780; x_wconf 89' lang='lat' dir='ltr'><strong>anima</strong></span> <span class='ocrx_word' id='word_1_244' title='bbox 2564 725 2905 787; x_wconf 87' lang='lat' dir='ltr'><strong>continetur,</strong></span> <span class='ocrx_word' id='word_1_245' title='bbox 2937 724 3009 776; x_wconf 90' lang='lat' dir='ltr'><strong>ita</strong></span> <span class='ocrx_word' id='word_1_246' title='bbox 3028 733 3084 777; x_wconf 90' lang='lat' dir='ltr'><strong>et</strong></span> <span class='ocrx_word' id='word_1_247' title='bbox 3110 724 3425 777; x_wconf 84' lang='lat' dir='ltr'><strong>universum</strong></span> <span class='ocrx_word' id='word_1_248' title='bbox 3456 739 3612 778; x_wconf 86' lang='lat' dir='ltr'><strong>mnu.-</strong></span> 
     </span>
    </p>
   </div>
   <div class='ocr_carea' id='block_1_38' title="bbox 2034 815 3613 887">
    <p class='ocr_par' dir='ltr' id='par_1_38' title="bbox 2034 815 3613 887">
     <span class='ocr_line' id='line_1_38' title="bbox 2034 815 3613 887; baseline -0.003 -14"><span class='ocrx_word' id='word_1_249' title='bbox 2034 819 2160 873; x_wconf 92' lang='lat' dir='ltr'><strong>dum</strong></span> <span class='ocrx_word' id='word_1_250' title='bbox 2188 819 2335 873; x_wconf 91' lang='lat' dir='ltr'><strong>velut</strong></span> <span class='ocrx_word' id='word_1_251' title='bbox 2366 816 2569 872; x_wconf 83' lang='lat' dir='ltr'><strong>animal</strong></span> <span class='ocrx_word' id='word_1_252' title='bbox 2608 817 2878 887; x_wconf 88' lang='lat' dir='ltr'><strong>quoddam</strong></span> <span class='ocrx_word' id='word_1_253' title='bbox 2912 816 3233 870; x_wconf 90' lang='lat' dir='ltr'><strong>immensum</strong></span> <span class='ocrx_word' id='word_1_254' title='bbox 3295 824 3455 884; x_wconf 86' lang='lat' dir='ltr'><strong>atque</strong></span> <span class='ocrx_word' id='word_1_255' title='bbox 3509 815 3613 868; x_wconf 86' lang='lat' dir='ltr'><strong>im-</strong></span> 
     </span>
    </p>
   </div>
   <div class='ocr_carea' id='block_1_39' title="bbox 2034 907 3611 982">
    <p class='ocr_par' dir='ltr' id='par_1_39' title="bbox 2034 907 3611 982">
     <span class='ocr_line' id='line_1_39' title="bbox 2034 907 3611 982; baseline -0.002 -16"><span class='ocrx_word' id='word_1_256' title='bbox 2034 929 2189 968; x_wconf 77' lang='lat' dir='ltr'><strong>mane</strong></span> <span class='ocrx_word' id='word_1_257' title='bbox 2233 913 2561 982; x_wconf 89' lang='lat' dir='ltr'><strong>opinandum</strong></span> <span class='ocrx_word' id='word_1_258' title='bbox 2599 921 2726 979; x_wconf 92' lang='lat' dir='ltr'><strong>puto</strong></span> <span class='ocrx_word' id='word_1_259' title='bbox 2777 909 2888 981; x_wconf 79' lang='lat'>(63)</span> <span class='ocrx_word' id='word_1_260' title='bbox 2923 952 2939 974; x_wconf 87' lang='lat'><strong>,</strong></span> <span class='ocrx_word' id='word_1_261' title='bbox 2993 911 3136 979; x_wconf 88' lang='lat' dir='ltr'><strong>quod</strong></span> <span class='ocrx_word' id='word_1_262' title='bbox 3190 909 3347 978; x_wconf 89' lang='lat' dir='ltr'><strong>quasi</strong></span> <span class='ocrx_word' id='word_1_263' title='bbox 3377 907 3446 962; x_wconf 80' lang='lat' dir='ltr'><strong>ab</strong></span> <span class='ocrx_word' id='word_1_264' title='bbox 3502 924 3611 963; x_wconf 84' lang='lat' dir='ltr'><strong>una</strong></span> 
     </span>
    </p>
   </div>
   <div class='ocr_carea' id='block_1_40' title="bbox 2035 1000 3634 1074">
    <p class='ocr_par' dir='ltr' id='par_1_40' title="bbox 2035 1000 3634 1074">
     <span class='ocr_line' id='line_1_40' title="bbox 2035 1000 3634 1074; baseline -0.003 -16"><span class='ocrx_word' id='word_1_265' title='bbox 2035 1007 2215 1059; x_wconf 88' lang='lat' dir='ltr'><strong>anima</strong></span> <span class='ocrx_word' id='word_1_266' title='bbox 2247 1006 2449 1060; x_wconf 90' lang='lat' dir='ltr'><strong>virtute</strong></span> <span class='ocrx_word' id='word_1_267' title='bbox 2489 1005 2579 1059; x_wconf 88' lang='lat' dir='ltr'><strong>Dei</strong></span> <span class='ocrx_word' id='word_1_268' title='bbox 2612 1003 2723 1074; x_wconf 75' lang='lat'><strong>&#39;78</strong></span> <span class='ocrx_word' id='word_1_269' title='bbox 2778 1018 2843 1057; x_wconf 92' lang='lat' dir='ltr'><strong>ac</strong></span> <span class='ocrx_word' id='word_1_270' title='bbox 2879 1002 3090 1057; x_wconf 84' lang='lat' dir='ltr'><strong>ratione</strong></span> <span class='ocrx_word' id='word_1_271' title='bbox 3124 1010 3390 1056; x_wconf 89' lang='lat' dir='ltr'><strong>teneatur.</strong></span> <span class='ocrx_word' id='word_1_272' title='bbox 3455 1000 3634 1067; x_wconf 91' lang='lat' dir='ltr'><strong>Quod.</strong></span> 
     </span>
    </p>
   </div>
   <div class='ocr_carea' id='block_1_41' title="bbox 2032 1091 3612 1163">
    <p class='ocr_par' dir='ltr' id='par_1_41' title="bbox 2032 1091 3612 1163">
     <span class='ocr_line' id='line_1_41' title="bbox 2032 1091 3612 1163; baseline -0.004 -13"><span class='ocrx_word' id='word_1_273' title='bbox 2032 1097 2198 1151; x_wconf 89' lang='lat' dir='ltr'><strong>etiam</strong></span> <span class='ocrx_word' id='word_1_274' title='bbox 2233 1113 2262 1150; x_wconf 90' lang='lat' dir='ltr'><strong>a</strong></span> <span class='ocrx_word' id='word_1_275' title='bbox 2299 1106 2486 1150; x_wconf 88' lang='lat' dir='ltr'><strong>sancta</strong></span> <span class='ocrx_word' id='word_1_276' title='bbox 2518 1094 2800 1163; x_wconf 85' lang='lat' dir='ltr'><strong>Scriptura</strong></span> <span class='ocrx_word' id='word_1_277' title='bbox 2831 1093 3063 1146; x_wconf 85' lang='lat' dir='ltr'><strong>iudicari</strong></span> <span class='ocrx_word' id='word_1_278' title='bbox 3088 1091 3324 1145; x_wconf 89' lang='lat' dir='ltr'><strong>arbitror</strong></span> <span class='ocrx_word' id='word_1_279' title='bbox 3355 1106 3452 1160; x_wconf 91' lang='lat' dir='ltr'><strong>per</strong></span> <span class='ocrx_word' id='word_1_280' title='bbox 3477 1091 3612 1144; x_wconf 86' lang='lat' dir='ltr'><strong>illud</strong></span> 
     </span>
    </p>
   </div>
   <div class='ocr_carea' id='block_1_42' title="bbox 2032 1179 3608 1255">
    <p class='ocr_par' dir='ltr' id='par_1_42' title="bbox 2032 1179 3608 1255">
     <span class='ocr_line' id='line_1_42' title="bbox 2032 1179 3608 1255; baseline -0.003 -17"><span class='ocrx_word' id='word_1_281' title='bbox 2032 1189 2174 1255; x_wconf 90' lang='lat' dir='ltr'><strong>quod</strong></span> <span class='ocrx_word' id='word_1_282' title='bbox 2208 1188 2412 1241; x_wconf 90' lang='lat' dir='ltr'><strong>dictum</strong></span> <span class='ocrx_word' id='word_1_283' title='bbox 2445 1196 2531 1241; x_wconf 91' lang='lat' dir='ltr'><strong>est</strong></span> <span class='ocrx_word' id='word_1_284' title='bbox 2578 1200 2673 1253; x_wconf 87' lang='lat' dir='ltr'><strong>per</strong></span> <span class='ocrx_word' id='word_1_285' title='bbox 2703 1183 3021 1252; x_wconf 88' lang='lat' dir='ltr'><strong>prophetam</strong></span> <span class='ocrx_word' id='word_1_286' title='bbox 3058 1196 3073 1235; x_wconf 94' lang='lat'><strong>:</strong></span> <span class='ocrx_word' id='word_1_287' title='bbox 3123 1200 3142 1233; x_wconf 73' lang='grc' dir='ltr'>ι</span> <span class='ocrx_word' id='word_1_288' title='bbox 3172 1179 3360 1236; x_wconf 88' lang='lat' dir='ltr'><strong>Nonne</strong></span> <span class='ocrx_word' id='word_1_289' title='bbox 3409 1181 3608 1235; x_wconf 73' lang='lat' dir='ltr'><strong>cmlum</strong></span> 
     </span>
    </p>
   </div>
   <div class='ocr_carea' id='block_1_43' title="bbox 2031 1273 3606 1347">
    <p class='ocr_par' dir='ltr' id='par_1_43' title="bbox 2031 1273 3606 1347">
     <span class='ocr_line' id='line_1_43' title="bbox 2031 1273 3606 1347; baseline -0.004 -15"><span class='ocrx_word' id='word_1_290' title='bbox 2031 1290 2086 1332; x_wconf 91' lang='lat' dir='ltr'><strong>et</strong></span> <span class='ocrx_word' id='word_1_291' title='bbox 2121 1288 2321 1332; x_wconf 90' lang='lat' dir='ltr'><strong>terram</strong></span> <span class='ocrx_word' id='word_1_292' title='bbox 2351 1292 2454 1347; x_wconf 88' lang='lat' dir='ltr'><strong>ego</strong></span> <span class='ocrx_word' id='word_1_293' title='bbox 2478 1276 2678 1345; x_wconf 89' lang='lat' dir='ltr'><strong>replco,</strong></span> <span class='ocrx_word' id='word_1_294' title='bbox 2707 1275 2836 1330; x_wconf 87' lang='lat' dir='ltr'><strong>dicit</strong></span> <span class='ocrx_word' id='word_1_295' title='bbox 2863 1274 3120 1330; x_wconf 87' lang='lat' dir='ltr'><strong>Dominus</strong></span> <span class='ocrx_word' id='word_1_296' title='bbox 3141 1274 3188 1306; x_wconf 67' lang='grc' dir='ltr'>δι</span> <span class='ocrx_word' id='word_1_297' title='bbox 3208 1274 3267 1328; x_wconf 69' lang='grc' dir='ltr'><strong>ἲ»</strong></span> <span class='ocrx_word' id='word_1_298' title='bbox 3296 1282 3351 1326; x_wconf 91' lang='lat' dir='ltr'><strong>et</strong></span> <span class='ocrx_word' id='word_1_299' title='bbox 3376 1273 3568 1327; x_wconf 88' lang='lat' dir='ltr'><strong>iterum</strong></span> <span class='ocrx_word' id='word_1_300' title='bbox 3593 1292 3606 1325; x_wconf 93' lang='lat'><strong>:</strong></span> 
     </span>
    </p>
   </div>
   <div class='ocr_carea' id='block_1_44' title="bbox 2033 1366 3606 1436">
    <p class='ocr_par' dir='ltr' id='par_1_44' title="bbox 2033 1366 3606 1436">
     <span class='ocr_line' id='line_1_44' title="bbox 2033 1366 3606 1436; baseline -0.002 -15"><span class='ocrx_word' id='word_1_301' title='bbox 2033 1387 2054 1419; x_wconf 75' lang='grc' dir='ltr'>ι</span> <span class='ocrx_word' id='word_1_302' title='bbox 2080 1367 2293 1422; x_wconf 68' lang='lat' dir='ltr'><strong>Caelum</strong></span> <span class='ocrx_word' id='word_1_303' title='bbox 2336 1369 2466 1423; x_wconf 89' lang='lat' dir='ltr'><strong>mihi</strong></span> <span class='ocrx_word' id='word_1_304' title='bbox 2489 1368 2666 1432; x_wconf 85' lang='lat' dir='ltr'><strong>sedes,</strong></span> <span class='ocrx_word' id='word_1_305' title='bbox 2705 1376 2848 1421; x_wconf 87' lang='lat' dir='ltr'><strong>terra</strong></span> <span class='ocrx_word' id='word_1_306' title='bbox 2881 1376 3062 1422; x_wconf 90' lang='lat' dir='ltr'><strong>autem</strong></span> <span class='ocrx_word' id='word_1_307' title='bbox 3086 1366 3382 1422; x_wconf 89' lang='lat' dir='ltr'><strong>scabellum</strong></span> <span class='ocrx_word' id='word_1_308' title='bbox 3413 1366 3606 1436; x_wconf 87' lang='lat' dir='ltr'><strong>pedum</strong></span> 
     </span>
    </p>
   </div>
   <div class='ocr_carea' id='block_1_45' title="bbox 2029 1456 3610 1528">
    <p class='ocr_par' dir='ltr' id='par_1_45' title="bbox 2029 1456 3610 1528">
     <span class='ocr_line' id='line_1_45' title="bbox 2029 1456 3610 1528; baseline -0.001 -16"><span class='ocrx_word' id='word_1_309' title='bbox 2029 1474 2275 1514; x_wconf 90' lang='lat' dir='ltr'><strong>meorum</strong></span> <span class='ocrx_word' id='word_1_310' title='bbox 2293 1459 2338 1490; x_wconf 68' lang='grc' dir='ltr'><strong>δ’</strong></span> <span class='ocrx_word' id='word_1_311' title='bbox 2361 1500 2374 1523; x_wconf 91' lang='lat'><strong>,</strong></span> <span class='ocrx_word' id='word_1_312' title='bbox 2396 1479 2414 1510; x_wconf 77' lang='grc' dir='ltr'><strong><em>ι</em></strong></span> <span class='ocrx_word' id='word_1_313' title='bbox 2465 1468 2521 1514; x_wconf 90' lang='lat' dir='ltr'><strong>et</strong></span> <span class='ocrx_word' id='word_1_314' title='bbox 2559 1461 2702 1528; x_wconf 93' lang='lat' dir='ltr'><strong>quod</strong></span> <span class='ocrx_word' id='word_1_315' title='bbox 2739 1458 2988 1513; x_wconf 83' lang='lat' dir='ltr'><strong>Salvator</strong></span> <span class='ocrx_word' id='word_1_316' title='bbox 3013 1458 3148 1513; x_wconf 82' lang='lat' dir='ltr'><strong>dixit</strong></span> <span class='ocrx_word' id='word_1_317' title='bbox 3171 1456 3282 1528; x_wconf 72' lang='grc'>(64)</span> <span class='ocrx_word' id='word_1_318' title='bbox 3313 1501 3327 1525; x_wconf 88' lang='grc'><em>,</em></span> <span class='ocrx_word' id='word_1_319' title='bbox 3383 1472 3504 1512; x_wconf 91' lang='lat' dir='ltr'><strong>cum</strong></span> <span class='ocrx_word' id='word_1_320' title='bbox 3532 1457 3610 1510; x_wconf 89' lang='lat' dir='ltr'><strong>ait</strong></span> 
     </span>
    </p>
   </div>
   <div class='ocr_carea' id='block_1_46' title="bbox 2030 1549 3604 1620">
    <p class='ocr_par' dir='ltr' id='par_1_46' title="bbox 2030 1549 3604 1620">
     <span class='ocr_line' id='line_1_46' title="bbox 2030 1549 3604 1620; baseline 0 -18"><span class='ocrx_word' id='word_1_321' title='bbox 2030 1565 2137 1603; x_wconf 91' lang='lat' dir='ltr'><strong>non</strong></span> <span class='ocrx_word' id='word_1_322' title='bbox 2167 1549 2456 1618; x_wconf 78' lang='lat' dir='ltr'><strong>iurandum</strong></span> <span class='ocrx_word' id='word_1_323' title='bbox 2512 1570 2530 1601; x_wconf 74' lang='grc' dir='ltr'><strong><em>ι</em></strong></span> <span class='ocrx_word' id='word_1_324' title='bbox 2563 1566 2739 1618; x_wconf 89' lang='lat' dir='ltr'><strong>neque</strong></span> <span class='ocrx_word' id='word_1_325' title='bbox 2773 1555 2867 1620; x_wconf 88' lang='lat' dir='ltr'><strong>per</strong></span> <span class='ocrx_word' id='word_1_326' title='bbox 2901 1550 3096 1604; x_wconf 64' lang='lat' dir='ltr'><strong>caelum</strong></span> <span class='ocrx_word' id='word_1_327' title='bbox 3119 1589 3134 1612; x_wconf 91' lang='lat'><strong>,</strong></span> <span class='ocrx_word' id='word_1_328' title='bbox 3174 1551 3296 1618; x_wconf 86' lang='lat' dir='ltr'><strong>quia</strong></span> <span class='ocrx_word' id='word_1_329' title='bbox 3326 1549 3482 1604; x_wconf 89' lang='lat' dir='ltr'><strong>sedes</strong></span> <span class='ocrx_word' id='word_1_330' title='bbox 3511 1549 3604 1602; x_wconf 79' lang='lat' dir='ltr'><strong>Dei</strong></span> 
     </span>
    </p>
   </div>
   <div class='ocr_carea' id='block_1_47' title="bbox 2028 1639 3606 1710">
    <p class='ocr_par' dir='ltr' id='par_1_47' title="bbox 2028 1639 3606 1710">
     <span class='ocr_line' id='line_1_47' title="bbox 2028 1639 3606 1710; baseline -0.001 -14"><span class='ocrx_word' id='word_1_331' title='bbox 2028 1651 2111 1696; x_wconf 84' lang='lat' dir='ltr'><strong>est</strong></span> <span class='ocrx_word' id='word_1_332' title='bbox 2144 1659 2159 1707; x_wconf 90' lang='lat'><strong>;</strong></span> <span class='ocrx_word' id='word_1_333' title='bbox 2190 1655 2365 1710; x_wconf 89' lang='lat' dir='ltr'><strong>neque</strong></span> <span class='ocrx_word' id='word_1_334' title='bbox 2396 1655 2490 1709; x_wconf 90' lang='lat' dir='ltr'><strong>per</strong></span> <span class='ocrx_word' id='word_1_335' title='bbox 2529 1650 2754 1707; x_wconf 90' lang='lat' dir='ltr'><strong>terram,</strong></span> <span class='ocrx_word' id='word_1_336' title='bbox 2787 1641 2910 1709; x_wconf 87' lang='lat' dir='ltr'><strong>quia</strong></span> <span class='ocrx_word' id='word_1_337' title='bbox 2936 1639 3226 1694; x_wconf 87' lang='lat' dir='ltr'><strong>scabellum</strong></span> <span class='ocrx_word' id='word_1_338' title='bbox 3252 1641 3444 1708; x_wconf 89' lang='lat' dir='ltr'><strong>pedum</strong></span> <span class='ocrx_word' id='word_1_339' title='bbox 3484 1640 3606 1705; x_wconf 77' lang='lat' dir='ltr'><strong>ejus</strong></span> 
     </span>
    </p>
   </div>
   <div class='ocr_carea' id='block_1_48' title="bbox 2028 1730 3601 1801">
    <p class='ocr_par' dir='ltr' id='par_1_48' title="bbox 2028 1730 3601 1801">
     <span class='ocr_line' id='line_1_48' title="bbox 2028 1730 3601 1801; baseline -0.004 -14"><span class='ocrx_word' id='word_1_340' title='bbox 2028 1732 2194 1788; x_wconf 71' lang='lat' dir='ltr'><strong>est”.</strong></span> <span class='ocrx_word' id='word_1_341' title='bbox 2237 1751 2256 1784; x_wconf 84' lang='grc'>›</span> <span class='ocrx_word' id='word_1_342' title='bbox 2319 1732 2424 1787; x_wconf 89' lang='lat' dir='ltr'><strong>Sed</strong></span> <span class='ocrx_word' id='word_1_343' title='bbox 2484 1742 2539 1786; x_wconf 90' lang='lat' dir='ltr'><strong>et</strong></span> <span class='ocrx_word' id='word_1_344' title='bbox 2569 1731 2698 1786; x_wconf 88' lang='lat' dir='ltr'><strong>illud</strong></span> <span class='ocrx_word' id='word_1_345' title='bbox 2744 1733 2887 1801; x_wconf 91' lang='lat' dir='ltr'><strong>quod</strong></span> <span class='ocrx_word' id='word_1_346' title='bbox 2937 1731 3014 1784; x_wconf 90' lang='lat' dir='ltr'><strong>ait</strong></span> <span class='ocrx_word' id='word_1_347' title='bbox 3059 1730 3254 1785; x_wconf 83' lang='lat' dir='ltr'><strong>Paulus</strong></span> <span class='ocrx_word' id='word_1_348' title='bbox 3304 1746 3429 1785; x_wconf 89' lang='lat' dir='ltr'><strong>cum</strong></span> <span class='ocrx_word' id='word_1_349' title='bbox 3461 1731 3601 1798; x_wconf 89' lang='lat' dir='ltr'><strong>apud</strong></span> 
     </span>
    </p>
   </div>
   <div class='ocr_carea' id='block_1_49' title="bbox 1955 1799 3600 1890">
    <p class='ocr_par' dir='ltr' id='par_1_49' title="bbox 1955 1799 3600 1890">
     <span class='ocr_line' id='line_1_49' title="bbox 1955 1799 3600 1890; baseline -0.002 -14"><span class='ocrx_word' id='word_1_350' title='bbox 1955 1799 1996 1852; x_wconf 74' lang='grc' dir='ltr'><strong>Β</strong></span> <span class='ocrx_word' id='word_1_351' title='bbox 2026 1823 2394 1877; x_wconf 72' lang='lat' dir='ltr'><strong>Athenienses</strong></span> <span class='ocrx_word' id='word_1_352' title='bbox 2436 1823 2858 1878; x_wconf 89' lang='lat' dir='ltr'><strong>concionaretur</strong></span> <span class='ocrx_word' id='word_1_353' title='bbox 2889 1861 2904 1887; x_wconf 89' lang='lat'><strong>,</strong></span> <span class='ocrx_word' id='word_1_354' title='bbox 2963 1822 3150 1876; x_wconf 88' lang='lat' dir='ltr'><strong>dicens</strong></span> <span class='ocrx_word' id='word_1_355' title='bbox 3200 1822 3454 1890; x_wconf 92' lang='lat' dir='ltr'><strong>quoniam</strong></span> <span class='ocrx_word' id='word_1_356' title='bbox 3496 1839 3517 1871; x_wconf 75' lang='grc' dir='ltr'><strong>ι-</strong></span> <span class='ocrx_word' id='word_1_357' title='bbox 3547 1821 3600 1874; x_wconf 88' lang='lat' dir='ltr'><strong>in</strong></span> 
     </span>
    </p>
   </div>
   <div class='ocr_carea' id='block_1_50' title="bbox 2024 1913 3604 1982">
    <p class='ocr_par' dir='ltr' id='par_1_50' title="bbox 2024 1913 3604 1982">
     <span class='ocr_line' id='line_1_50' title="bbox 2024 1913 3604 1982; baseline -0.001 -16"><span class='ocrx_word' id='word_1_358' title='bbox 2024 1914 2140 1982; x_wconf 89' lang='lat' dir='ltr'><strong>ipso</strong></span> <span class='ocrx_word' id='word_1_359' title='bbox 2172 1914 2430 1980; x_wconf 78' lang='lat' dir='ltr'><strong>vivimus,</strong></span> <span class='ocrx_word' id='word_1_360' title='bbox 2459 1925 2512 1969; x_wconf 92' lang='lat' dir='ltr'><strong>et</strong></span> <span class='ocrx_word' id='word_1_361' title='bbox 2542 1928 2842 1979; x_wconf 89' lang='lat' dir='ltr'><strong>movemur,</strong></span> <span class='ocrx_word' id='word_1_362' title='bbox 2873 1925 2927 1967; x_wconf 84' lang='lat' dir='ltr'><strong>et</strong></span> <span class='ocrx_word' id='word_1_363' title='bbox 2953 1928 3139 1969; x_wconf 87' lang='lat' dir='ltr'><strong>sumus</strong></span> <span class='ocrx_word' id='word_1_364' title='bbox 3159 1913 3223 1968; x_wconf 70' lang='lat'><strong>“.</strong></span> <span class='ocrx_word' id='word_1_365' title='bbox 3261 1933 3278 1965; x_wconf 74' lang='grc' dir='ltr'><strong>ι</strong></span> <span class='ocrx_word' id='word_1_366' title='bbox 3323 1913 3604 1981; x_wconf 84' lang='lat' dir='ltr'><strong>Quomodo</strong></span> 
     </span>
    </p>
   </div>
   <div class='ocr_carea' id='block_1_51' title="bbox 2022 2005 3601 2070">
    <p class='ocr_par' dir='ltr' id='par_1_51' title="bbox 2022 2005 3601 2070">
     <span class='ocr_line' id='line_1_51' title="bbox 2022 2005 3601 2070; baseline 0 -11"><span class='ocrx_word' id='word_1_367' title='bbox 2022 2005 2167 2059; x_wconf 83' lang='lat' dir='ltr'><strong>enim</strong></span> <span class='ocrx_word' id='word_1_368' title='bbox 2196 2006 2249 2059; x_wconf 90' lang='lat' dir='ltr'><strong>in</strong></span> <span class='ocrx_word' id='word_1_369' title='bbox 2281 2006 2390 2061; x_wconf 88' lang='lat' dir='ltr'><strong>Deo</strong></span> <span class='ocrx_word' id='word_1_370' title='bbox 2417 2006 2648 2060; x_wconf 87' lang='lat' dir='ltr'><strong>vivimus</strong></span> <span class='ocrx_word' id='word_1_371' title='bbox 2678 2045 2693 2069; x_wconf 93' lang='lat'><strong>,</strong></span> <span class='ocrx_word' id='word_1_372' title='bbox 2734 2014 2789 2058; x_wconf 91' lang='lat' dir='ltr'><strong>et</strong></span> <span class='ocrx_word' id='word_1_373' title='bbox 2814 2019 3114 2069; x_wconf 87' lang='lat' dir='ltr'><strong>movemur,</strong></span> <span class='ocrx_word' id='word_1_374' title='bbox 3147 2015 3200 2059; x_wconf 90' lang='lat' dir='ltr'><strong>et</strong></span> <span class='ocrx_word' id='word_1_375' title='bbox 3222 2020 3442 2070; x_wconf 89' lang='lat' dir='ltr'><strong>sumus,</strong></span> <span class='ocrx_word' id='word_1_376' title='bbox 3497 2005 3601 2060; x_wconf 76' lang='lat' dir='ltr'><strong>nisi</strong></span> 
     </span>
    </p>
   </div>
   <div class='ocr_carea' id='block_1_52' title="bbox 2022 2096 3603 2167">
    <p class='ocr_par' dir='ltr' id='par_1_52' title="bbox 2022 2096 3603 2167">
     <span class='ocr_line' id='line_1_52' title="bbox 2022 2096 3603 2167; baseline 0 -17"><span class='ocrx_word' id='word_1_377' title='bbox 2022 2098 2167 2167; x_wconf 88' lang='lat' dir='ltr'><strong>quod</strong></span> <span class='ocrx_word' id='word_1_378' title='bbox 2197 2101 2402 2151; x_wconf 90' lang='lat' dir='ltr'><strong>virtute</strong></span> <span class='ocrx_word' id='word_1_379' title='bbox 2429 2112 2526 2152; x_wconf 92' lang='lat' dir='ltr'><strong>sua</strong></span> <span class='ocrx_word' id='word_1_380' title='bbox 2553 2096 2870 2150; x_wconf 89' lang='lat' dir='ltr'><strong>universum</strong></span> <span class='ocrx_word' id='word_1_381' title='bbox 2905 2097 3233 2166; x_wconf 81' lang='lat' dir='ltr'><strong>constringit</strong></span> <span class='ocrx_word' id='word_1_382' title='bbox 3261 2109 3317 2153; x_wconf 89' lang='lat' dir='ltr'><strong>et</strong></span> <span class='ocrx_word' id='word_1_383' title='bbox 3360 2099 3603 2152; x_wconf 87' lang='lat' dir='ltr'><strong>continet</strong></span> 
     </span>
    </p>
   </div>
   <div class='ocr_carea' id='block_1_53' title="bbox 2024 2190 3600 2256">
    <p class='ocr_par' dir='ltr' id='par_1_53' title="bbox 2024 2190 3600 2256">
     <span class='ocr_line' id='line_1_53' title="bbox 2024 2190 3600 2256; baseline -0.002 -11"><span class='ocrx_word' id='word_1_384' title='bbox 2024 2193 2282 2245; x_wconf 91' lang='lat' dir='ltr'><strong>mundum</strong></span> <span class='ocrx_word' id='word_1_385' title='bbox 2313 2191 2338 2244; x_wconf 85' lang='lat'><strong>?</strong></span> <span class='ocrx_word' id='word_1_386' title='bbox 2393 2190 2674 2256; x_wconf 81' lang='lat' dir='ltr'><strong>Quomodo</strong></span> <span class='ocrx_word' id='word_1_387' title='bbox 2723 2198 2904 2244; x_wconf 87' lang='lat' dir='ltr'><strong>autent</strong></span> <span class='ocrx_word' id='word_1_388' title='bbox 2957 2191 3151 2243; x_wconf 86' lang='lat' dir='ltr'><strong>coelum</strong></span> <span class='ocrx_word' id='word_1_389' title='bbox 3185 2191 3344 2246; x_wconf 76' lang='lat' dir='ltr'><strong>sedes</strong></span> <span class='ocrx_word' id='word_1_390' title='bbox 3375 2192 3465 2245; x_wconf 92' lang='lat' dir='ltr'><strong>Dei</strong></span> <span class='ocrx_word' id='word_1_391' title='bbox 3497 2201 3600 2255; x_wconf 90' lang='lat' dir='ltr'><strong>est,</strong></span> 
     </span>
    </p>
   </div>
   <div class='ocr_carea' id='block_1_54' title="bbox 2023 2283 3601 2354">
    <p class='ocr_par' dir='ltr' id='par_1_54' title="bbox 2023 2283 3601 2354">
     <span class='ocr_line' id='line_1_54' title="bbox 2023 2283 3601 2354; baseline -0.001 -16"><span class='ocrx_word' id='word_1_392' title='bbox 2023 2292 2078 2338; x_wconf 90' lang='lat' dir='ltr'><strong>et</strong></span> <span class='ocrx_word' id='word_1_393' title='bbox 2104 2294 2252 2338; x_wconf 88' lang='lat' dir='ltr'><strong>terra</strong></span> <span class='ocrx_word' id='word_1_394' title='bbox 2283 2283 2582 2338; x_wconf 90' lang='lat' dir='ltr'><strong>scabellum</strong></span> <span class='ocrx_word' id='word_1_395' title='bbox 2620 2284 2817 2352; x_wconf 87' lang='lat' dir='ltr'><strong>pedum</strong></span> <span class='ocrx_word' id='word_1_396' title='bbox 2851 2283 2992 2352; x_wconf 85' lang='lat' dir='ltr'><strong>ejus,</strong></span> <span class='ocrx_word' id='word_1_397' title='bbox 3033 2283 3173 2338; x_wconf 90' lang='lat' dir='ltr'><strong>sicut</strong></span> <span class='ocrx_word' id='word_1_398' title='bbox 3205 2285 3315 2354; x_wconf 89' lang='lat' dir='ltr'><strong>ipse</strong></span> <span class='ocrx_word' id='word_1_399' title='bbox 3348 2285 3601 2339; x_wconf 87' lang='lat' dir='ltr'><strong>Salvator</strong></span> 
     </span>
    </p>
   </div>
   <div class='ocr_carea' id='block_1_55' title="bbox 2023 2377 3603 2452">
    <p class='ocr_par' dir='ltr' id='par_1_55' title="bbox 2023 2377 3603 2452">
     <span class='ocr_line' id='line_1_55' title="bbox 2023 2377 3603 2452; baseline 0.001 -22"><span class='ocrx_word' id='word_1_400' title='bbox 2023 2378 2342 2446; x_wconf 89' lang='lat' dir='ltr'><strong>pronuntiat</strong></span> <span class='ocrx_word' id='word_1_401' title='bbox 2373 2417 2388 2443; x_wconf 95' lang='lat'><strong>,</strong></span> <span class='ocrx_word' id='word_1_402' title='bbox 2431 2377 2535 2452; x_wconf 86' lang='lat' dir='ltr'><strong>nisi</strong></span> <span class='ocrx_word' id='word_1_403' title='bbox 2567 2377 2695 2446; x_wconf 88' lang='lat' dir='ltr'><strong>quia</strong></span> <span class='ocrx_word' id='word_1_404' title='bbox 2724 2384 2778 2430; x_wconf 91' lang='lat' dir='ltr'><strong>et</strong></span> <span class='ocrx_word' id='word_1_405' title='bbox 2816 2377 2870 2430; x_wconf 89' lang='lat' dir='ltr'><strong>in</strong></span> <span class='ocrx_word' id='word_1_406' title='bbox 2902 2377 3041 2432; x_wconf 78' lang='lat' dir='ltr'><strong>ctelo</strong></span> <span class='ocrx_word' id='word_1_407' title='bbox 3073 2386 3127 2432; x_wconf 91' lang='lat' dir='ltr'><strong>et</strong></span> <span class='ocrx_word' id='word_1_408' title='bbox 3153 2377 3204 2431; x_wconf 90' lang='lat' dir='ltr'><strong>in</strong></span> <span class='ocrx_word' id='word_1_409' title='bbox 3251 2387 3398 2431; x_wconf 88' lang='lat' dir='ltr'><strong>terra</strong></span> <span class='ocrx_word' id='word_1_410' title='bbox 3427 2379 3603 2431; x_wconf 89' lang='lat' dir='ltr'><strong>virtus</strong></span> 
     </span>
    </p>
   </div>
   <div class='ocr_carea' id='block_1_56' title="bbox 2023 2468 3602 2538">
    <p class='ocr_par' dir='ltr' id='par_1_56' title="bbox 2023 2468 3602 2538">
     <span class='ocr_line' id='line_1_56' title="bbox 2023 2468 3602 2538; baseline 0.001 -16"><span class='ocrx_word' id='word_1_411' title='bbox 2023 2468 2143 2538; x_wconf 84' lang='lat' dir='ltr'><strong>ejus</strong></span> <span class='ocrx_word' id='word_1_412' title='bbox 2170 2469 2336 2538; x_wconf 89' lang='lat' dir='ltr'><strong>replet</strong></span> <span class='ocrx_word' id='word_1_413' title='bbox 2369 2470 2621 2524; x_wconf 90' lang='lat' dir='ltr'><strong>universa</strong></span> <span class='ocrx_word' id='word_1_414' title='bbox 2653 2469 2793 2524; x_wconf 85' lang='lat' dir='ltr'><strong>sicut</strong></span> <span class='ocrx_word' id='word_1_415' title='bbox 2842 2478 2898 2523; x_wconf 89' lang='lat' dir='ltr'><strong>et</strong></span> <span class='ocrx_word' id='word_1_416' title='bbox 2934 2469 3065 2524; x_wconf 88' lang='lat' dir='ltr'><strong>dicit</strong></span> <span class='ocrx_word' id='word_1_417' title='bbox 3097 2470 3401 2526; x_wconf 89' lang='lat' dir='ltr'><strong>Dominus?</strong></span> <span class='ocrx_word' id='word_1_418' title='bbox 3452 2470 3602 2536; x_wconf 90' lang='lat' dir='ltr'><strong>Quo-</strong></span> 
     </span>
    </p>
   </div>
   <div class='ocr_carea' id='block_1_57' title="bbox 2026 2553 3599 2634">
    <p class='ocr_par' dir='ltr' id='par_1_57' title="bbox 2026 2553 3599 2634">
     <span class='ocr_line' id='line_1_57' title="bbox 2026 2553 3599 2634; baseline 0.001 -24"><span class='ocrx_word' id='word_1_419' title='bbox 2026 2553 2342 2626; x_wconf 72' lang='lat' dir='ltr'><strong>modo‘ergo</strong></span> <span class='ocrx_word' id='word_1_420' title='bbox 2376 2573 2573 2628; x_wconf 90' lang='lat' dir='ltr'><strong>parens</strong></span> <span class='ocrx_word' id='word_1_421' title='bbox 2601 2559 2842 2613; x_wconf 91' lang='lat' dir='ltr'><strong>omnium</strong></span> <span class='ocrx_word' id='word_1_422' title='bbox 2893 2561 3034 2634; x_wconf 86' lang='lat' dir='ltr'><strong>Deus</strong></span> <span class='ocrx_word' id='word_1_423' title='bbox 3089 2561 3396 2615; x_wconf 89' lang='lat' dir='ltr'><strong>universum</strong></span> <span class='ocrx_word' id='word_1_424' title='bbox 3439 2576 3599 2614; x_wconf 85' lang='lat' dir='ltr'><strong>mun-</strong></span> 
     </span>
    </p>
   </div>
   <div class='ocr_carea' id='block_1_58' title="bbox 2023 2648 3598 2720">
    <p class='ocr_par' dir='ltr' id='par_1_58' title="bbox 2023 2648 3598 2720">
     <span class='ocr_line' id='line_1_58' title="bbox 2023 2648 3598 2720; baseline 0.001 -19"><span class='ocrx_word' id='word_1_425' title='bbox 2023 2648 2150 2702; x_wconf 91' lang='lat' dir='ltr'><strong>dum</strong></span> <span class='ocrx_word' id='word_1_426' title='bbox 2184 2648 2401 2704; x_wconf 91' lang='lat' dir='ltr'><strong>virtutis</strong></span> <span class='ocrx_word' id='word_1_427' title='bbox 2455 2648 2791 2718; x_wconf 88' lang='lat' dir='ltr'><strong>plenitudine</strong></span> <span class='ocrx_word' id='word_1_428' title='bbox 2832 2650 3039 2720; x_wconf 88' lang='lat' dir='ltr'><strong>repleat</strong></span> <span class='ocrx_word' id='word_1_429' title='bbox 3091 2661 3252 2720; x_wconf 88' lang='lat' dir='ltr'><strong>atque</strong></span> <span class='ocrx_word' id='word_1_430' title='bbox 3301 2651 3598 2713; x_wconf 89' lang='lat' dir='ltr'><strong>contineat,</strong></span> 
     </span>
    </p>
   </div>
   <div class='ocr_carea' id='block_1_59' title="bbox 2021 2740 3599 2812">
    <p class='ocr_par' dir='ltr' id='par_1_59' title="bbox 2021 2740 3599 2812">
     <span class='ocr_line' id='line_1_59' title="bbox 2021 2740 3599 2812; baseline 0.001 -18"><span class='ocrx_word' id='word_1_431' title='bbox 2021 2755 2087 2794; x_wconf 82' lang='lat' dir='ltr'><strong>ex</strong></span> <span class='ocrx_word' id='word_1_432' title='bbox 2117 2740 2199 2794; x_wconf 87' lang='lat' dir='ltr'><strong>bis</strong></span> <span class='ocrx_word' id='word_1_433' title='bbox 2228 2755 2348 2810; x_wconf 66' lang='lat' dir='ltr'><strong>qua:</strong></span> <span class='ocrx_word' id='word_1_434' title='bbox 2377 2741 2715 2796; x_wconf 89' lang='lat' dir='ltr'><strong>ostendimus</strong></span> <span class='ocrx_word' id='word_1_435' title='bbox 2769 2758 2878 2796; x_wconf 90' lang='lat' dir='ltr'><strong>non</strong></span> <span class='ocrx_word' id='word_1_436' title='bbox 2928 2752 3058 2812; x_wconf 91' lang='lat' dir='ltr'><strong>puto</strong></span> <span class='ocrx_word' id='word_1_437' title='bbox 3099 2757 3426 2812; x_wconf 89' lang='lat' dir='ltr'><strong>quemquam</strong></span> <span class='ocrx_word' id='word_1_438' title='bbox 3457 2741 3599 2796; x_wconf 80' lang='lat' dir='ltr'><strong>diffi-</strong></span> 
     </span>
    </p>
   </div>
   <div class='ocr_carea' id='block_1_60' title="bbox 2021 2831 3599 2904">
    <p class='ocr_par' dir='ltr' id='par_1_60' title="bbox 2021 2831 3599 2904">
     <span class='ocr_line' id='line_1_60' title="bbox 2021 2831 3599 2904; baseline -0.001 -18"><span class='ocrx_word' id='word_1_439' title='bbox 2021 2832 2197 2886; x_wconf 89' lang='lat' dir='ltr'><strong>culter</strong></span> <span class='ocrx_word' id='word_1_440' title='bbox 2228 2847 2492 2888; x_wconf 85' lang='lat' dir='ltr'><strong>annuere.</strong></span> <span class='ocrx_word' id='word_1_441' title='bbox 2529 2831 2646 2886; x_wconf 84' lang='lat' dir='ltr'><strong>Jam</strong></span> <span class='ocrx_word' id='word_1_442' title='bbox 2707 2848 2842 2890; x_wconf 86' lang='lat' dir='ltr'><strong>sane</strong></span> <span class='ocrx_word' id='word_1_443' title='bbox 2891 2834 3152 2898; x_wconf 82' lang='lat' dir='ltr'><strong>quoniam</strong></span> <span class='ocrx_word' id='word_1_444' title='bbox 3186 2831 3300 2904; x_wconf 82' lang='grc'>(65)</span> <span class='ocrx_word' id='word_1_445' title='bbox 3354 2832 3599 2887; x_wconf 74' lang='lat' dir='ltr'><strong>diversos</strong></span> 
     </span>
    </p>
   </div>
   <div class='ocr_carea' id='block_1_61' title="bbox 2023 2925 3598 3001">
    <p class='ocr_par' dir='ltr' id='par_1_61' title="bbox 2023 2925 3598 3001">
     <span class='ocr_line' id='line_1_61' title="bbox 2023 2925 3598 3001; baseline -0.001 -25"><span class='ocrx_word' id='word_1_446' title='bbox 2023 2933 2202 2977; x_wconf 85' lang='lat' dir='ltr'><strong>motus</strong></span> <span class='ocrx_word' id='word_1_447' title='bbox 2229 2925 2634 2979; x_wconf 88' lang='lat' dir='ltr'><strong>rationabilinm</strong></span> <span class='ocrx_word' id='word_1_448' title='bbox 2676 2936 3099 3001; x_wconf 67' lang='lat' dir='ltr'><strong>creaturarum,</strong></span> <span class='ocrx_word' id='word_1_449' title='bbox 3160 2925 3447 2994; x_wconf 84' lang='lat' dir='ltr'><strong>variasque</strong></span> <span class='ocrx_word' id='word_1_450' title='bbox 3475 2938 3598 2976; x_wconf 88' lang='lat' dir='ltr'><strong>sen-</strong></span> 
     </span>
    </p>
   </div>
   <div class='ocr_carea' id='block_1_62' title="bbox 2024 3014 3594 3080">
    <p class='ocr_par' dir='ltr' id='par_1_62' title="bbox 2024 3014 3594 3080">
     <span class='ocr_line' id='line_1_62' title="bbox 2024 3014 3594 3080; baseline 0 -12"><span class='ocrx_word' id='word_1_451' title='bbox 2024 3014 2222 3068; x_wconf 87' lang='lat' dir='ltr'><strong>tentias</strong></span> <span class='ocrx_word' id='word_1_452' title='bbox 2279 3030 2501 3069; x_wconf 86' lang='lat' dir='ltr'><strong>causam</strong></span> <span class='ocrx_word' id='word_1_453' title='bbox 2545 3015 2759 3072; x_wconf 87' lang='lat' dir='ltr'><strong>dedisse</strong></span> <span class='ocrx_word' id='word_1_454' title='bbox 2807 3016 3143 3072; x_wconf 77' lang='lat' dir='ltr'><strong>diversitatis</strong></span> <span class='ocrx_word' id='word_1_455' title='bbox 3199 3016 3398 3069; x_wconf 89' lang='lat' dir='ltr'><strong>mundo</strong></span> <span class='ocrx_word' id='word_1_456' title='bbox 3449 3015 3594 3080; x_wconf 90' lang='lat' dir='ltr'><strong>huic,</strong></span> 
     </span>
    </p>
   </div>
   <div class='ocr_carea' id='block_1_63' title="bbox 335 3101 3594 3186">
    <p class='ocr_par' dir='ltr' id='par_1_63' title="bbox 335 3101 3594 3186">
     <span class='ocr_line' id='line_1_63' title="bbox 335 3101 3594 3186; baseline 0.004 -40"><span class='ocrx_word' id='word_1_457' title='bbox 335 3107 520 3148; x_wconf 89' lang='lat' dir='ltr'><strong>rarum</strong></span> <span class='ocrx_word' id='word_1_458' title='bbox 558 3108 776 3150; x_wconf 87' lang='lat' dir='ltr'><strong>suarum</strong></span> <span class='ocrx_word' id='word_1_459' title='bbox 807 3114 904 3168; x_wconf 89' lang='lat' dir='ltr'><strong>per</strong></span> <span class='ocrx_word' id='word_1_460' title='bbox 931 3101 1258 3159; x_wconf 50' lang='lat' dir='ltr'><strong>ineffabilem</strong></span> <span class='ocrx_word' id='word_1_461' title='bbox 1294 3103 1454 3161; x_wconf 85' lang='lat' dir='ltr'><strong>Verbi</strong></span> <span class='ocrx_word' id='word_1_462' title='bbox 1485 3107 1570 3162; x_wconf 91' lang='lat' dir='ltr'><strong>sui</strong></span> <span class='ocrx_word' id='word_1_463' title='bbox 1606 3124 1669 3163; x_wconf 90' lang='lat' dir='ltr'><strong>ac</strong></span> <span class='ocrx_word' id='word_1_464' title='bbox 1702 3112 1918 3180; x_wconf 85' lang='lat' dir='ltr'><strong>sapien-</strong></span> <span class='ocrx_word' id='word_1_465' title='bbox 1943 3128 1991 3186; x_wconf 69' lang='grc' dir='ltr'>ς</span> <span class='ocrx_word' id='word_1_466' title='bbox 2022 3121 2202 3161; x_wconf 81' lang='lat' dir='ltr'><strong>sermo</strong></span> <span class='ocrx_word' id='word_1_467' title='bbox 2231 3107 2530 3176; x_wconf 86' lang='lat' dir='ltr'><strong>superioris</strong></span> <span class='ocrx_word' id='word_1_468' title='bbox 2559 3108 2940 3178; x_wconf 88' lang='lat' dir='ltr'><strong>disputationis</strong></span> <span class='ocrx_word' id='word_1_469' title='bbox 2987 3107 3264 3174; x_wconf 88' lang='lat' dir='ltr'><strong>ostendit,</strong></span> <span class='ocrx_word' id='word_1_470' title='bbox 3303 3107 3594 3161; x_wconf 87' lang='lat' dir='ltr'><strong>videndum</strong></span> 
     </span>
    </p>
   </div>
   <div class='ocr_carea' id='block_1_64' title="bbox 339 3183 1914 3271">
    <p class='ocr_par' dir='ltr' id='par_1_64' title="bbox 339 3183 1914 3271">
     <span class='ocr_line' id='line_1_64' title="bbox 339 3183 1914 3271; baseline 0.013 -35"><span class='ocrx_word' id='word_1_471' title='bbox 339 3183 428 3237; x_wconf 71' lang='lat' dir='ltr'><strong>tite</strong></span> <span class='ocrx_word' id='word_1_472' title='bbox 457 3184 719 3240; x_wconf 86' lang='lat' dir='ltr'><strong>rationem</strong></span> <span class='ocrx_word' id='word_1_473' title='bbox 751 3188 823 3242; x_wconf 88' lang='lat' dir='ltr'><strong>ita</strong></span> <span class='ocrx_word' id='word_1_474' title='bbox 858 3190 972 3245; x_wconf 66' lang='lat' dir='ltr'><strong>haec</strong></span> <span class='ocrx_word' id='word_1_475' title='bbox 997 3193 1208 3262; x_wconf 88' lang='lat' dir='ltr'><strong>singula</strong></span> <span class='ocrx_word' id='word_1_476' title='bbox 1240 3196 1604 3266; x_wconf 87' lang='lat' dir='ltr'><strong>dispensasse,</strong></span> <span class='ocrx_word' id='word_1_477' title='bbox 1634 3209 1694 3255; x_wconf 92' lang='lat' dir='ltr'><strong>ut</strong></span> <span class='ocrx_word' id='word_1_478' title='bbox 1715 3203 1914 3271; x_wconf 83' lang='lat' dir='ltr'><strong>singuli</strong></span> 
     </span>
    </p>
   </div>
   <div class='ocr_carea' id='block_1_65' title="bbox 337 3275 1915 3363">
    <p class='ocr_par' dir='ltr' id='par_1_65' title="bbox 337 3275 1915 3363">
     <span class='ocr_line' id='line_1_65' title="bbox 337 3275 1915 3363; baseline 0.016 -37"><span class='ocrx_word' id='word_1_479' title='bbox 337 3275 541 3343; x_wconf 89' lang='lat' dir='ltr'><strong>quique</strong></span> <span class='ocrx_word' id='word_1_480' title='bbox 564 3277 811 3347; x_wconf 89' lang='lat' dir='ltr'><strong>spiritus,</strong></span> <span class='ocrx_word' id='word_1_481' title='bbox 842 3282 928 3336; x_wconf 90' lang='lat' dir='ltr'><strong>vel.</strong></span> <span class='ocrx_word' id='word_1_482' title='bbox 951 3284 1117 3338; x_wconf 89' lang='lat' dir='ltr'><strong>animi</strong></span> <span class='ocrx_word' id='word_1_483' title='bbox 1142 3323 1160 3349; x_wconf 92' lang='lat'><strong>,</strong></span> <span class='ocrx_word' id='word_1_484' title='bbox 1197 3286 1282 3341; x_wconf 91' lang='lat' dir='ltr'><strong>vel</strong></span> <span class='ocrx_word' id='word_1_485' title='bbox 1315 3294 1697 3359; x_wconf 87' lang='lat' dir='ltr'><strong>quoquomodo</strong></span> <span class='ocrx_word' id='word_1_486' title='bbox 1731 3295 1915 3363; x_wconf 87' lang='lat' dir='ltr'><strong>appel-</strong></span> 
     </span>
    </p>
   </div>
   <div class='ocr_carea' id='block_1_66' title="bbox 335 3366 1913 3448">
    <p class='ocr_par' dir='ltr' id='par_1_66' title="bbox 335 3366 1913 3448">
     <span class='ocr_line' id='line_1_66' title="bbox 335 3366 1913 3448; baseline 0.015 -30"><span class='ocrx_word' id='word_1_487' title='bbox 335 3366 510 3422; x_wconf 72' lang='lat' dir='ltr'><strong>landas</strong></span> <span class='ocrx_word' id='word_1_488' title='bbox 536 3377 666 3423; x_wconf 90' lang='lat' dir='ltr'><strong>sunt</strong></span> <span class='ocrx_word' id='word_1_489' title='bbox 716 3372 1062 3432; x_wconf 86' lang='lat' dir='ltr'><strong>rationabiles</strong></span> <span class='ocrx_word' id='word_1_490' title='bbox 1108 3379 1476 3434; x_wconf 71' lang='lat' dir='ltr'><strong>subsistentia:</strong></span> <span class='ocrx_word' id='word_1_491' title='bbox 1502 3422 1517 3448; x_wconf 94' lang='lat'><strong>,</strong></span> <span class='ocrx_word' id='word_1_492' title='bbox 1581 3397 1685 3436; x_wconf 91' lang='lat' dir='ltr'><strong>non</strong></span> <span class='ocrx_word' id='word_1_493' title='bbox 1722 3396 1913 3441; x_wconf 87' lang='lat' dir='ltr'><strong>contra</strong></span> 
     </span>
    </p>
   </div>
   <div class='ocr_carea' id='block_1_67' title="bbox 337 3457 1914 3542">
    <p class='ocr_par' dir='ltr' id='par_1_67' title="bbox 337 3457 1914 3542">
     <span class='ocr_line' id='line_1_67' title="bbox 337 3457 1914 3542; baseline 0.015 -33"><span class='ocrx_word' id='word_1_494' title='bbox 337 3457 551 3514; x_wconf 82' lang='lat' dir='ltr'><strong>arbitrii</strong></span> <span class='ocrx_word' id='word_1_495' title='bbox 601 3460 950 3530; x_wconf 86' lang='lat' dir='ltr'><strong>libertatem,</strong></span> <span class='ocrx_word' id='word_1_496' title='bbox 997 3466 1049 3520; x_wconf 89' lang='lat' dir='ltr'><strong>vi</strong></span> <span class='ocrx_word' id='word_1_497' title='bbox 1086 3469 1140 3522; x_wconf 91' lang='lat' dir='ltr'><strong>in</strong></span> <span class='ocrx_word' id='word_1_498' title='bbox 1196 3469 1342 3525; x_wconf 91' lang='lat' dir='ltr'><strong>aliud</strong></span> <span class='ocrx_word' id='word_1_499' title='bbox 1373 3468 1486 3541; x_wconf 81' lang='grc'>(61)</span> <span class='ocrx_word' id='word_1_500' title='bbox 1515 3487 1678 3542; x_wconf 88' lang='lat' dir='ltr'><strong>quam</strong></span> <span class='ocrx_word' id='word_1_501' title='bbox 1732 3487 1914 3534; x_wconf 90' lang='lat' dir='ltr'><strong>motus</strong></span> 
     </span>
    </p>
   </div>
   <div class='ocr_carea' id='block_1_68' title="bbox 338 3549 1910 3630">
    <p class='ocr_par' dir='ltr' id='par_1_68' title="bbox 338 3549 1910 3630">
     <span class='ocr_line' id='line_1_68' title="bbox 338 3549 1910 3630; baseline 0.015 -31"><span class='ocrx_word' id='word_1_502' title='bbox 338 3549 534 3602; x_wconf 74' lang='lat' dir='ltr'><strong>tuentis</strong></span> <span class='ocrx_word' id='word_1_503' title='bbox 563 3564 675 3605; x_wconf 72' lang='lat' dir='ltr'><strong>sua:</strong></span> <span class='ocrx_word' id='word_1_504' title='bbox 703 3563 891 3620; x_wconf 83' lang='lat' dir='ltr'><strong>ageret</strong></span> <span class='ocrx_word' id='word_1_505' title='bbox 919 3597 934 3621; x_wconf 94' lang='lat'><strong>,</strong></span> <span class='ocrx_word' id='word_1_506' title='bbox 971 3567 1296 3625; x_wconf 90' lang='lat' dir='ltr'><strong>cogerentur</strong></span> <span class='ocrx_word' id='word_1_507' title='bbox 1329 3600 1344 3626; x_wconf 93' lang='lat'><strong>,</strong></span> <span class='ocrx_word' id='word_1_508' title='bbox 1379 3569 1432 3614; x_wconf 90' lang='lat' dir='ltr'><strong>et</strong></span> <span class='ocrx_word' id='word_1_509' title='bbox 1463 3576 1559 3630; x_wconf 90' lang='lat' dir='ltr'><strong>per</strong></span> <span class='ocrx_word' id='word_1_510' title='bbox 1611 3564 1712 3619; x_wconf 89' lang='lat' dir='ltr'><strong>hoc</strong></span> <span class='ocrx_word' id='word_1_511' title='bbox 1749 3568 1910 3622; x_wconf 86' lang='lat' dir='ltr'><strong>adimi</strong></span> 
     </span>
    </p>
   </div>
   <div class='ocr_carea' id='block_1_69' title="bbox 337 3637 1912 3723">
    <p class='ocr_par' dir='ltr' id='par_1_69' title="bbox 337 3637 1912 3723">
     <span class='ocr_line' id='line_1_69' title="bbox 337 3637 1912 3723; baseline 0.012 -32"><span class='ocrx_word' id='word_1_512' title='bbox 337 3637 513 3694; x_wconf 84' lang='lat' dir='ltr'><strong>abhis</strong></span> <span class='ocrx_word' id='word_1_513' title='bbox 543 3641 821 3696; x_wconf 83' lang='lat' dir='ltr'><strong>videretur</strong></span> <span class='ocrx_word' id='word_1_514' title='bbox 851 3643 1008 3700; x_wconf 89' lang='lat' dir='ltr'><strong>liberi</strong></span> <span class='ocrx_word' id='word_1_515' title='bbox 1042 3647 1272 3703; x_wconf 90' lang='lat' dir='ltr'><strong>facultas</strong></span> <span class='ocrx_word' id='word_1_516' title='bbox 1313 3652 1522 3707; x_wconf 89' lang='lat' dir='ltr'><strong>arbitrii</strong></span> <span class='ocrx_word' id='word_1_517' title='bbox 1563 3670 1577 3718; x_wconf 88' lang='lat'><strong>;</strong></span> <span class='ocrx_word' id='word_1_518' title='bbox 1630 3656 1773 3723; x_wconf 91' lang='lat' dir='ltr'><strong>quod</strong></span> <span class='ocrx_word' id='word_1_519' title='bbox 1805 3657 1912 3709; x_wconf 91' lang='lat' dir='ltr'><strong>uti-</strong></span> 
     </span>
    </p>
   </div>
   <div class='ocr_carea' id='block_1_70' title="bbox 333 3726 1912 3810">
    <p class='ocr_par' dir='ltr' id='par_1_70' title="bbox 333 3726 1912 3810">
     <span class='ocr_line' id='line_1_70' title="bbox 333 3726 1912 3810; baseline 0.016 -36"><span class='ocrx_word' id='word_1_520' title='bbox 333 3738 442 3791; x_wconf 85' lang='lat' dir='ltr'><strong>que</strong></span> <span class='ocrx_word' id='word_1_521' title='bbox 472 3726 786 3792; x_wconf 90' lang='lat' dir='ltr'><strong>qualitatetn</strong></span> <span class='ocrx_word' id='word_1_522' title='bbox 828 3729 937 3799; x_wconf 90' lang='lat' dir='ltr'><strong>jam</strong></span> <span class='ocrx_word' id='word_1_523' title='bbox 993 3744 1200 3789; x_wconf 69' lang='lat' dir='ltr'><strong>natura:</strong></span> <span class='ocrx_word' id='word_1_524' title='bbox 1245 3738 1412 3804; x_wconf 87' lang='lat' dir='ltr'><strong>ipsius</strong></span> <span class='ocrx_word' id='word_1_525' title='bbox 1448 3741 1813 3810; x_wconf 88' lang='lat' dir='ltr'><strong>immutabat;</strong></span> <span class='ocrx_word' id='word_1_526' title='bbox 1856 3756 1912 3800; x_wconf 89' lang='lat' dir='ltr'><strong>et</strong></span> 
     </span>
    </p>
   </div>
   <div class='ocr_carea' id='block_1_71' title="bbox 333 3815 1913 3892">
    <p class='ocr_par' dir='ltr' id='par_1_71' title="bbox 333 3815 1913 3892">
     <span class='ocr_line' id='line_1_71' title="bbox 333 3815 1913 3892; baseline 0.018 -27"><span class='ocrx_word' id='word_1_527' title='bbox 333 3815 534 3868; x_wconf 87' lang='lat' dir='ltr'><strong>diversi</strong></span> <span class='ocrx_word' id='word_1_528' title='bbox 568 3826 743 3874; x_wconf 92' lang='lat' dir='ltr'><strong>motus</strong></span> <span class='ocrx_word' id='word_1_529' title='bbox 775 3825 1033 3890; x_wconf 88' lang='lat' dir='ltr'><strong>propositi</strong></span> <span class='ocrx_word' id='word_1_530' title='bbox 1067 3843 1254 3882; x_wconf 88' lang='lat' dir='ltr'><strong>earum</strong></span> <span class='ocrx_word' id='word_1_531' title='bbox 1289 3832 1354 3884; x_wconf 89' lang='lat' dir='ltr'><strong>ad</strong></span> <span class='ocrx_word' id='word_1_532' title='bbox 1382 3835 1542 3888; x_wconf 92' lang='lat' dir='ltr'><strong>unius</strong></span> <span class='ocrx_word' id='word_1_533' title='bbox 1571 3837 1754 3890; x_wconf 87' lang='lat' dir='ltr'><strong>tnundi</strong></span> <span class='ocrx_word' id='word_1_534' title='bbox 1786 3851 1913 3892; x_wconf 90' lang='lat' dir='ltr'><strong>con-</strong></span> 
     </span>
    </p>
   </div>
   <div class='ocr_carea' id='block_1_72' title="bbox 333 3905 1908 3995">
    <p class='ocr_par' dir='ltr' id='par_1_72' title="bbox 333 3905 1908 3995">
     <span class='ocr_line' id='line_1_72' title="bbox 333 3905 1908 3995; baseline 0.016 -38"><span class='ocrx_word' id='word_1_535' title='bbox 333 3905 640 3959; x_wconf 86' lang='lat' dir='ltr'><strong>sonantiam</strong></span> <span class='ocrx_word' id='word_1_536' title='bbox 698 3921 1072 3980; x_wconf 85' lang='lat' dir='ltr'><strong>competenter</strong></span> <span class='ocrx_word' id='word_1_537' title='bbox 1122 3929 1285 3986; x_wconf 88' lang='lat' dir='ltr'><strong>atque</strong></span> <span class='ocrx_word' id='word_1_538' title='bbox 1318 3924 1520 3978; x_wconf 91' lang='lat' dir='ltr'><strong>utiliter</strong></span> <span class='ocrx_word' id='word_1_539' title='bbox 1568 3935 1908 3995; x_wconf 84' lang='lat' dir='ltr'><strong>aptarentur,</strong></span> 
     </span>
    </p>
   </div>
   <div class='ocr_carea' id='block_1_73' title="bbox 335 3994 1911 4086">
    <p class='ocr_par' dir='ltr' id='par_1_73' title="bbox 335 3994 1911 4086">
     <span class='ocr_line' id='line_1_73' title="bbox 335 3994 1911 4086; baseline 0.018 -38"><span class='ocrx_word' id='word_1_540' title='bbox 335 3994 467 4050; x_wconf 91' lang='lat' dir='ltr'><strong>dum</strong></span> <span class='ocrx_word' id='word_1_541' title='bbox 500 3997 622 4053; x_wconf 74' lang='lat' dir='ltr'><strong>aliae</strong></span> <span class='ocrx_word' id='word_1_542' title='bbox 644 3998 822 4067; x_wconf 86' lang='lat' dir='ltr'><strong>juvari</strong></span> <span class='ocrx_word' id='word_1_543' title='bbox 853 4005 1118 4076; x_wconf 89' lang='lat' dir='ltr'><strong>indigent,</strong></span> <span class='ocrx_word' id='word_1_544' title='bbox 1161 4012 1491 4083; x_wconf 79' lang='lat' dir='ltr'><strong>alizejuvare</strong></span> <span class='ocrx_word' id='word_1_545' title='bbox 1520 3994 1763 4086; x_wconf 86' lang='lat' dir='ltr'><strong>possunt,</strong></span> <span class='ocrx_word' id='word_1_546' title='bbox 1791 4021 1911 4075; x_wconf 71' lang='lat' dir='ltr'><strong>alite</strong></span> 
     </span>
    </p>
   </div>
   <div class='ocr_carea' id='block_1_74' title="bbox 333 4090 1906 4178">
    <p class='ocr_par' dir='ltr' id='par_1_74' title="bbox 333 4090 1906 4178">
     <span class='ocr_line' id='line_1_74' title="bbox 333 4090 1906 4178; baseline 0.018 -40"><span class='ocrx_word' id='word_1_547' title='bbox 333 4102 467 4142; x_wconf 87' lang='lat' dir='ltr'><strong>vero</strong></span> <span class='ocrx_word' id='word_1_548' title='bbox 489 4090 902 4158; x_wconf 87' lang='lat' dir='ltr'><strong>proficientibus</strong></span> <span class='ocrx_word' id='word_1_549' title='bbox 925 4101 1224 4155; x_wconf 89' lang='lat' dir='ltr'><strong>certamina</strong></span> <span class='ocrx_word' id='word_1_550' title='bbox 1253 4114 1417 4173; x_wconf 89' lang='lat' dir='ltr'><strong>atque</strong></span> <span class='ocrx_word' id='word_1_551' title='bbox 1441 4123 1644 4177; x_wconf 85' lang='lat' dir='ltr'><strong>agones</strong></span> <span class='ocrx_word' id='word_1_552' title='bbox 1671 4121 1906 4178; x_wconf 86' lang='lat' dir='ltr'><strong>movent,</strong></span> 
     </span>
    </p>
   </div>
   <div class='ocr_carea' id='block_1_75' title="bbox 330 4179 1906 4271">
    <p class='ocr_par' dir='ltr' id='par_1_75' title="bbox 330 4179 1906 4271">
     <span class='ocr_line' id='line_1_75' title="bbox 330 4179 1906 4271; baseline 0.016 -37"><span class='ocrx_word' id='word_1_553' title='bbox 330 4179 608 4251; x_wconf 89' lang='lat' dir='ltr'><strong>inquibus</strong></span> <span class='ocrx_word' id='word_1_554' title='bbox 657 4199 845 4240; x_wconf 90' lang='lat' dir='ltr'><strong>eorum</strong></span> <span class='ocrx_word' id='word_1_555' title='bbox 881 4189 1214 4257; x_wconf 88' lang='lat' dir='ltr'><strong>probabilior</strong></span> <span class='ocrx_word' id='word_1_556' title='bbox 1268 4195 1560 4254; x_wconf 85' lang='lat' dir='ltr'><strong>haberetur</strong></span> <span class='ocrx_word' id='word_1_557' title='bbox 1613 4186 1906 4271; x_wconf 79' lang='lat' dir='ltr'><strong>industria,</strong></span> 
     </span>
    </p>
   </div>
   <div class='ocr_carea' id='block_1_76' title="bbox 327 4275 1907 4362">
    <p class='ocr_par' dir='ltr' id='par_1_76' title="bbox 327 4275 1907 4362">
     <span class='ocr_line' id='line_1_76' title="bbox 327 4275 1907 4362; baseline 0.015 -35"><span class='ocrx_word' id='word_1_558' title='bbox 327 4283 383 4328; x_wconf 76' lang='lat' dir='ltr'><strong>et</strong></span> <span class='ocrx_word' id='word_1_559' title='bbox 405 4275 607 4332; x_wconf 93' lang='lat' dir='ltr'><strong>certior</strong></span> <span class='ocrx_word' id='word_1_560' title='bbox 655 4289 777 4347; x_wconf 88' lang='lat' dir='ltr'><strong>post</strong></span> <span class='ocrx_word' id='word_1_561' title='bbox 841 4280 1132 4338; x_wconf 88' lang='lat' dir='ltr'><strong>victoriam</strong></span> <span class='ocrx_word' id='word_1_562' title='bbox 1191 4291 1429 4356; x_wconf 88' lang='lat' dir='ltr'><strong>reparati</strong></span> <span class='ocrx_word' id='word_1_563' title='bbox 1487 4294 1688 4362; x_wconf 88' lang='lat' dir='ltr'><strong>gradus</strong></span> <span class='ocrx_word' id='word_1_564' title='bbox 1747 4297 1907 4351; x_wconf 87' lang='lat' dir='ltr'><strong>statio</strong></span> 
     </span>
    </p>
   </div>
   <div class='ocr_carea' id='block_1_77' title="bbox 327 4372 1905 4442">
    <p class='ocr_par' dir='ltr' id='par_1_77' title="bbox 327 4372 1905 4442">
     <span class='ocr_line' id='line_1_77' title="bbox 327 4372 1905 4442; baseline 0.015 -23"><span class='ocrx_word' id='word_1_565' title='bbox 327 4374 601 4422; x_wconf 86' lang='lat' dir='ltr'><strong>teneretur</strong></span> <span class='ocrx_word' id='word_1_566' title='bbox 624 4383 745 4438; x_wconf 72' lang='lat' dir='ltr'><strong>qua:</strong></span> <span class='ocrx_word' id='word_1_567' title='bbox 792 4385 891 4440; x_wconf 90' lang='lat' dir='ltr'><strong>per</strong></span> <span class='ocrx_word' id='word_1_568' title='bbox 924 4372 1266 4433; x_wconf 73' lang='lat' dir='ltr'><strong>difﬁcultates</strong></span> <span class='ocrx_word' id='word_1_569' title='bbox 1305 4378 1670 4438; x_wconf 86' lang='lat' dir='ltr'><strong>laborantium</strong></span> <span class='ocrx_word' id='word_1_570' title='bbox 1702 4389 1905 4442; x_wconf 88' lang='lat' dir='ltr'><strong>consli-</strong></span> 
     </span>
    </p>
   </div>
   <div class='ocr_carea' id='block_1_78' title="bbox 326 4457 501 4512">
    <p class='ocr_par' dir='ltr' id='par_1_78' title="bbox 326 4457 501 4512">
     <span class='ocr_line' id='line_1_78' title="bbox 326 4457 501 4512; baseline 0.011 -2"><span class='ocrx_word' id='word_1_571' title='bbox 326 4457 501 4512; x_wconf 88' lang='lat' dir='ltr'><strong>tisset.</strong></span> 
     </span>
    </p>
   </div>
   <div class='ocr_carea' id='block_1_79' title="bbox 391 4546 1902 4640">
    <p class='ocr_par' dir='ltr' id='par_1_79' title="bbox 391 4546 1902 4640">
     <span class='ocr_line' id='line_1_79' title="bbox 391 4546 1902 4640; baseline 0.015 -39"><span class='ocrx_word' id='word_1_572' title='bbox 391 4546 448 4602; x_wconf 82' lang='lat'><strong>&#39;5.</strong></span> <span class='ocrx_word' id='word_1_573' title='bbox 471 4548 730 4616; x_wconf 82' lang='lat' dir='ltr'><strong>Quamvis</strong></span> <span class='ocrx_word' id='word_1_574' title='bbox 757 4565 888 4623; x_wconf 87' lang='lat' dir='ltr'><strong>ergo</strong></span> <span class='ocrx_word' id='word_1_575' title='bbox 921 4554 975 4607; x_wconf 89' lang='lat' dir='ltr'><strong>in</strong></span> <span class='ocrx_word' id='word_1_576' title='bbox 1012 4555 1240 4614; x_wconf 87' lang='lat' dir='ltr'><strong>diversis</strong></span> <span class='ocrx_word' id='word_1_577' title='bbox 1268 4557 1340 4614; x_wconf 88' lang='lat' dir='ltr'><strong>sit</strong></span> <span class='ocrx_word' id='word_1_578' title='bbox 1375 4559 1570 4619; x_wconf 79' lang='lat' dir='ltr'><strong>ofﬁciis</strong></span> <span class='ocrx_word' id='word_1_579' title='bbox 1597 4566 1902 4640; x_wconf 89' lang='lat' dir='ltr'><strong>ordinatus,</strong></span> 
     </span>
    </p>
   </div>
   <div class='ocr_carea' id='block_1_80' title="bbox 393 4735 1550 4811">
    <p class='ocr_par' dir='ltr' id='par_1_80' title="bbox 393 4735 1550 4811">
     <span class='ocr_line' id='line_1_80' title="bbox 393 4735 1550 4811; baseline 0.009 -19"><span class='ocrx_word' id='word_1_580' title='bbox 393 4735 664 4795; x_wconf 76' lang='lat' dir='ltr'><strong>“Jerem.</strong></span> <span class='ocrx_word' id='word_1_581' title='bbox 708 4755 868 4806; x_wconf 75' lang='lat' dir='ltr'><strong>xxtu,</strong></span> <span class='ocrx_word' id='word_1_582' title='bbox 903 4741 996 4794; x_wconf 70' lang='lat'><strong>24.</strong></span> <span class='ocrx_word' id='word_1_583' title='bbox 1086 4744 1131 4775; x_wconf 76' lang='lat'>”</span> <span class='ocrx_word' id='word_1_584' title='bbox 1163 4743 1266 4799; x_wconf 83' lang='lat' dir='ltr'><strong>lsa.</strong></span> <span class='ocrx_word' id='word_1_585' title='bbox 1296 4761 1440 4811; x_wconf 79' lang='lat' dir='ltr'><strong>vat,</strong></span> <span class='ocrx_word' id='word_1_586' title='bbox 1501 4751 1550 4802; x_wconf 81' lang='grc'><strong>1.</strong></span> 
     </span>
    </p>
   </div>
   <div class='ocr_carea' id='block_1_81' title="bbox 394 4915 1747 5010">
    <p class='ocr_par' dir='ltr' id='par_1_81' title="bbox 394 4915 1747 5010">
     <span class='ocr_line' id='line_1_81' title="bbox 394 4915 1747 5010; baseline 0.012 -42"><span class='ocrx_word' id='word_1_587' title='bbox 546 4916 939 5010; x_wconf 45' lang='grc' dir='ltr'><strong>ῃξξἈιΙρ-ιξιη.</strong></span> <span class='ocrx_word' id='word_1_588' title='bbox 977 4941 994 4974; x_wconf 74' lang='grc' dir='ltr'><strong><em>ι</em></strong></span> <span class='ocrx_word' id='word_1_589' title='bbox 1028 4922 1181 4979; x_wconf 82' lang='lat' dir='ltr'><strong>Libb.</strong></span> <span class='ocrx_word' id='word_1_590' title='bbox 1221 4929 1374 4992; x_wconf 87' lang='lat' dir='ltr'><strong>editi,</strong></span> <span class='ocrx_word' id='word_1_591' title='bbox 1418 4947 1434 4979; x_wconf 77' lang='grc' dir='ltr'>ι</span> <span class='ocrx_word' id='word_1_592' title='bbox 1470 4928 1693 4986; x_wconf 86' lang='lat' dir='ltr'><strong>fuerint.</strong></span> <span class='ocrx_word' id='word_1_593' title='bbox 1729 4952 1747 4984; x_wconf 74' lang='grc' dir='ltr'><strong><em>ι</em></strong></span> 
     </span>
    </p>
   </div>
   <div class='ocr_carea' id='block_1_82' title="bbox 397 4985 881 5057">
    <p class='ocr_par' dir='ltr' id='par_1_82' title="bbox 397 4985 881 5057">
     <span class='ocr_line' id='line_1_82' title="bbox 397 4985 881 5057; baseline 0.017 -21"><span class='ocrx_word' id='word_1_594' title='bbox 397 4985 507 5057; x_wconf 59' lang='grc' dir='ltr'>(ξε)</span> <span class='ocrx_word' id='word_1_595' title='bbox 542 4987 720 5057; x_wconf 79' lang='lat' dir='ltr'><strong>_Cattlc</strong></span> <span class='ocrx_word' id='word_1_596' title='bbox 745 4989 881 5057; x_wconf 78' lang='lat' dir='ltr'><strong>lege.</strong></span> 
     </span>
    </p>
   </div>
   <div class='ocr_carea' id='block_1_83' title="bbox 354 5053 1907 5139">
    <p class='ocr_par' dir='ltr' id='par_1_83' title="bbox 354 5053 1907 5139">
     <span class='ocr_line' id='line_1_83' title="bbox 354 5053 1907 5139; baseline 0.015 -33"><span class='ocrx_word' id='word_1_597' title='bbox 354 5125 363 5134; x_wconf 41' lang='lat'>&#39;</span> <span class='ocrx_word' id='word_1_598' title='bbox 392 5055 503 5124; x_wconf 76' lang='lat'>(59)</span> <span class='ocrx_word' id='word_1_599' title='bbox 535 5053 1022 5139; x_wconf 56' lang='lat' dir='ltr'><strong>Perfectiaitemque</strong></span> <span class='ocrx_word' id='word_1_600' title='bbox 1049 5079 1426 5139; x_wconf 72' lang='lat' dir='ltr'><strong>consumment.</strong></span> <span class='ocrx_word' id='word_1_601' title='bbox 1469 5068 1558 5124; x_wconf 91' lang='lat' dir='ltr'><strong>Sic</strong></span> <span class='ocrx_word' id='word_1_602' title='bbox 1587 5086 1738 5139; x_wconf 88' lang='lat' dir='ltr'><strong>mss.;</strong></span> <span class='ocrx_word' id='word_1_603' title='bbox 1767 5075 1907 5129; x_wconf 77' lang='lat' dir='ltr'><strong>Mcr-</strong></span> 
     </span>
    </p>
   </div>
   <div class='ocr_carea' id='block_1_84' title="bbox 328 5122 1550 5194">
    <p class='ocr_par' dir='ltr' id='par_1_84' title="bbox 328 5122 1550 5194">
     <span class='ocr_line' id='line_1_84' title="bbox 328 5122 1550 5194; baseline 0.014 -19"><span class='ocrx_word' id='word_1_604' title='bbox 328 5122 662 5186; x_wconf 29' lang='lat' dir='ltr'><strong>lin‘us&#39;vero&#39;.</strong></span> <span class='ocrx_word' id='word_1_605' title='bbox 705 5147 723 5177; x_wconf 74' lang='grc' dir='ltr'>ι</span> <span class='ocrx_word' id='word_1_606' title='bbox 752 5122 1106 5194; x_wconf 79' lang='lat' dir='ltr'><strong>perfectionis</strong></span> <span class='ocrx_word' id='word_1_607' title='bbox 1133 5122 1495 5194; x_wconf 78' lang='lat' dir='ltr'><strong>consummet.</strong></span> <span class='ocrx_word' id='word_1_608' title='bbox 1530 5122 1550 5192; x_wconf 61' lang='grc' dir='ltr'><em>ί</em></span> 
     </span>
    </p>
   </div>
   <div class='ocr_carea' id='block_1_85' title="bbox 397 5194 1903 5279">
    <p class='ocr_par' dir='ltr' id='par_1_85' title="bbox 397 5194 1903 5279">
     <span class='ocr_line' id='line_1_85' title="bbox 397 5194 1903 5279; baseline 0.013 -32"><span class='ocrx_word' id='word_1_609' title='bbox 397 5194 513 5276; x_wconf 87' lang='grc'>(60)</span> <span class='ocrx_word' id='word_1_610' title='bbox 537 5194 646 5279; x_wconf 81' lang='lat' dir='ltr'><strong>Sic</strong></span> <span class='ocrx_word' id='word_1_611' title='bbox 689 5214 818 5279; x_wconf 78' lang='lat' dir='ltr'><strong>mss.</strong></span> <span class='ocrx_word' id='word_1_612' title='bbox 862 5199 1038 5279; x_wconf 87' lang='lat' dir='ltr'><strong>Ltbb_._</strong></span> <span class='ocrx_word' id='word_1_613' title='bbox 1061 5205 1190 5258; x_wconf 84' lang='lat' dir='ltr'><strong>editi</strong></span> <span class='ocrx_word' id='word_1_614' title='bbox 1223 5245 1237 5271; x_wconf 89' lang='lat'><strong>,</strong></span> <span class='ocrx_word' id='word_1_615' title='bbox 1290 5225 1308 5257; x_wconf 77' lang='grc' dir='ltr'>ι</span> <span class='ocrx_word' id='word_1_616' title='bbox 1339 5221 1563 5279; x_wconf 83' lang='lat' dir='ltr'><strong>pr0pter</strong></span> <span class='ocrx_word' id='word_1_617' title='bbox 1607 5212 1721 5266; x_wconf 68' lang='lat' dir='ltr'><strong>haec</strong></span> <span class='ocrx_word' id='word_1_618' title='bbox 1760 5215 1903 5267; x_wconf 85' lang='lat' dir='ltr'><strong>enim</strong></span> 
     </span>
    </p>
   </div>
   <div class='ocr_carea' id='block_1_86' title="bbox 326 5271 1900 5350">
    <p class='ocr_par' dir='ltr' id='par_1_86' title="bbox 326 5271 1900 5350">
     <span class='ocr_line' id='line_1_86' title="bbox 326 5271 1900 5350; baseline 0.014 -35"><span class='ocrx_word' id='word_1_619' title='bbox 326 5271 620 5350; x_wconf 66' lang='lat' dir='ltr'><strong>opinantur</strong></span> <span class='ocrx_word' id='word_1_620' title='bbox 649 5271 890 5350; x_wconf 80' lang='lat' dir='ltr'><strong>quidam.</strong></span> <span class='ocrx_word' id='word_1_621' title='bbox 929 5272 1108 5350; x_wconf 72' lang='lat' dir='ltr'><strong>t‘_Mo.\&#39;</strong></span> <span class='ocrx_word' id='word_1_622' title='bbox 1153 5271 1357 5350; x_wconf 73' lang='lat' dir='ltr'><strong>omnes</strong></span> <span class='ocrx_word' id='word_1_623' title='bbox 1386 5271 1525 5350; x_wconf 71' lang='lat' dir='ltr'><strong>n&#39;tss.</strong></span> <span class='ocrx_word' id='word_1_624' title='bbox 1555 5319 1573 5347; x_wconf 86' lang='lat'><strong>,</strong></span> <span class='ocrx_word' id='word_1_625' title='bbox 1635 5301 1653 5331; x_wconf 71' lang='grc' dir='ltr'><strong><em>ι</em></strong></span> <span class='ocrx_word' id='word_1_626' title='bbox 1693 5298 1786 5350; x_wconf 89' lang='lat' dir='ltr'><strong>per</strong></span> <span class='ocrx_word' id='word_1_627' title='bbox 1819 5286 1900 5336; x_wconf 86' lang='lat' dir='ltr'><strong>in-</strong></span> 
     </span>
    </p>
   </div>
   <div class='ocr_carea' id='block_1_87' title="bbox 325 5336 1900 5416">
    <p class='ocr_par' dir='ltr' id='par_1_87' title="bbox 325 5336 1900 5416">
     <span class='ocr_line' id='line_1_87' title="bbox 325 5336 1900 5416; baseline 0.013 -31"><span class='ocrx_word' id='word_1_628' title='bbox 325 5336 638 5416; x_wconf 49' lang='grc' dir='ltr'><strong>ςίγεξὺίιεῃι)</strong></span> <span class='ocrx_word' id='word_1_629' title='bbox 673 5349 781 5416; x_wconf 77' lang='lat' dir='ltr'><strong>etc.</strong></span> <span class='ocrx_word' id='word_1_630' title='bbox 836 5340 910 5394; x_wconf 88' lang='lat' dir='ltr'><strong>Ita</strong></span> <span class='ocrx_word' id='word_1_631' title='bbox 965 5345 1077 5396; x_wconf 63' lang='lat' dir='ltr'><strong>haec</strong></span> <span class='ocrx_word' id='word_1_632' title='bbox 1121 5346 1331 5412; x_wconf 82' lang='lat' dir='ltr'><strong>singula</strong></span> <span class='ocrx_word' id='word_1_633' title='bbox 1365 5336 1731 5416; x_wconf 73' lang='lat' dir='ltr'><strong>dispensasse.</strong></span> <span class='ocrx_word' id='word_1_634' title='bbox 1763 5371 1781 5403; x_wconf 76' lang='grc' dir='ltr'><strong><em>ι</em></strong></span> <span class='ocrx_word' id='word_1_635' title='bbox 1843 5353 1900 5406; x_wconf 90' lang='lat' dir='ltr'><strong>In</strong></span> 
     </span>
    </p>
   </div>
   <div class='ocr_carea' id='block_1_88' title="bbox 329 5405 1904 5492">
    <p class='ocr_par' dir='ltr' id='par_1_88' title="bbox 329 5405 1904 5492">
     <span class='ocr_line' id='line_1_88' title="bbox 329 5405 1904 5492; baseline 0.013 -35"><span class='ocrx_word' id='word_1_636' title='bbox 491 5406 654 5492; x_wconf 66' lang='lat' dir='ltr'><strong>editis</strong></span> <span class='ocrx_word' id='word_1_637' title='bbox 689 5407 844 5492; x_wconf 42' lang='lat' dir='ltr'><strong>dce-sl.</strong></span> <span class='ocrx_word' id='word_1_638' title='bbox 886 5429 902 5461; x_wconf 83' lang='lat' dir='ltr'><strong>t</strong></span> <span class='ocrx_word' id='word_1_639' title='bbox 935 5427 1030 5492; x_wconf 84' lang='lat' dir='ltr'><strong>per</strong></span> <span class='ocrx_word' id='word_1_640' title='bbox 1055 5434 1112 5492; x_wconf 35' lang='grc' dir='ltr'><strong>,ιι</strong></span> <span class='ocrx_word' id='word_1_641' title='bbox 1171 5405 1231 5467; x_wconf 68' lang='lat' dir='ltr'><strong>et</strong></span> <span class='ocrx_word' id='word_1_642' title='bbox 1265 5405 1728 5492; x_wconf 52' lang='lat' dir='ltr'><strong>:tpud_l\&#39;l_erlinunt</strong></span> <span class='ocrx_word' id='word_1_643' title='bbox 1774 5405 1904 5492; x_wconf 76' lang='lat' dir='ltr'><strong>legi-</strong></span> 
     </span>
    </p>
   </div>
   <div class='ocr_carea' id='block_1_89' title="bbox 329 5483 1900 5558">
    <p class='ocr_par' dir='ltr' id='par_1_89' title="bbox 329 5483 1900 5558">
     <span class='ocr_line' id='line_1_89' title="bbox 329 5483 1900 5558; baseline 0.013 -33"><span class='ocrx_word' id='word_1_644' title='bbox 329 5484 456 5558; x_wconf 69' lang='lat' dir='ltr'><strong>tur,</strong></span> <span class='ocrx_word' id='word_1_645' title='bbox 495 5494 513 5557; x_wconf 62' lang='grc' dir='ltr'>ε</span> <span class='ocrx_word' id='word_1_646' title='bbox 578 5483 650 5558; x_wconf 74' lang='lat' dir='ltr'><strong>ita</strong></span> <span class='ocrx_word' id='word_1_647' title='bbox 689 5483 1161 5558; x_wconf 30' lang='lat' dir='ltr'><strong>in.ltoclsingula;</strong></span> <span class='ocrx_word' id='word_1_648' title='bbox 1216 5502 1235 5535; x_wconf 70' lang='grc' dir='ltr'><strong>ι</strong></span> <span class='ocrx_word' id='word_1_649' title='bbox 1275 5487 1416 5554; x_wconf 87' lang='lat' dir='ltr'><strong>apud</strong></span> <span class='ocrx_word' id='word_1_650' title='bbox 1465 5483 1900 5558; x_wconf 76' lang='lat' dir='ltr'><strong>Gcnebrardum,</strong></span> 
     </span>
    </p>
   </div>
   <div class='ocr_carea' id='block_1_90' title="bbox 332 5545 1021 5618">
    <p class='ocr_par' dir='ltr' id='par_1_90' title="bbox 332 5545 1021 5618">
     <span class='ocr_line' id='line_1_90' title="bbox 332 5545 1021 5618; baseline 0.017 -26"><span class='ocrx_word' id='word_1_651' title='bbox 332 5559 351 5592; x_wconf 74' lang='grc' dir='ltr'>ι</span> <span class='ocrx_word' id='word_1_652' title='bbox 391 5545 564 5618; x_wconf 28' lang='lat' dir='ltr'><strong>i_ta_‘in_</strong></span> <span class='ocrx_word' id='word_1_653' title='bbox 590 5548 706 5601; x_wconf 69' lang='lat' dir='ltr'><strong>hate</strong></span> <span class='ocrx_word' id='word_1_654' title='bbox 735 5549 966 5618; x_wconf 83' lang='lat' dir='ltr'><strong>singula.</strong></span> <span class='ocrx_word' id='word_1_655' title='bbox 1001 5545 1021 5604; x_wconf 76' lang='grc' dir='ltr'><strong><em>ῖ</em></strong></span> 
     </span>
    </p>
   </div>
   <div class='ocr_carea' id='block_1_91' title="bbox 397 5612 1896 5698">
    <p class='ocr_par' dir='ltr' id='par_1_91' title="bbox 397 5612 1896 5698">
     <span class='ocr_line' id='line_1_91' title="bbox 397 5612 1896 5698; baseline 0.012 -33"><span class='ocrx_word' id='word_1_656' title='bbox 397 5612 622 5698; x_wconf 60' lang='lat' dir='ltr'><strong>(§I)_lta</strong></span> <span class='ocrx_word' id='word_1_657' title='bbox 656 5633 783 5698; x_wconf 89' lang='lat' dir='ltr'><strong>mss.</strong></span> <span class='ocrx_word' id='word_1_658' title='bbox 822 5612 1160 5698; x_wconf 25' lang='lat' dir='ltr'><strong>&#39;Libb.‘vero</strong></span> <span class='ocrx_word' id='word_1_659' title='bbox 1192 5623 1319 5676; x_wconf 83' lang='lat' dir='ltr'><strong>editi</strong></span> <span class='ocrx_word' id='word_1_660' title='bbox 1353 5663 1366 5686; x_wconf 93' lang='lat'><strong>,</strong></span> <span class='ocrx_word' id='word_1_661' title='bbox 1425 5644 1443 5675; x_wconf 73' lang='grc' dir='ltr'>ί</span> <span class='ocrx_word' id='word_1_662' title='bbox 1484 5629 1752 5694; x_wconf 89' lang='lat' dir='ltr'><strong>quomodo</strong></span> <span class='ocrx_word' id='word_1_663' title='bbox 1804 5648 1896 5698; x_wconf 84' lang='lat' dir='ltr'><strong>ap-</strong></span> 
     </span>
    </p>
   </div>
   <div class='ocr_carea' id='block_1_92' title="bbox 325 5681 1898 5762">
    <p class='ocr_par' dir='ltr' id='par_1_92' title="bbox 325 5681 1898 5762">
     <span class='ocr_line' id='line_1_92' title="bbox 325 5681 1898 5762; baseline 0.015 -30"><span class='ocrx_word' id='word_1_664' title='bbox 325 5681 751 5762; x_wconf 58' lang='lat' dir='ltr'><strong>pellandaesuxtt</strong></span> <span class='ocrx_word' id='word_1_665' title='bbox 800 5693 1148 5762; x_wconf 85' lang='lat' dir='ltr'><strong>rationabiles</strong></span> <span class='ocrx_word' id='word_1_666' title='bbox 1206 5681 1524 5751; x_wconf 72' lang='lat' dir='ltr'><strong>substantiae</strong></span> <span class='ocrx_word' id='word_1_667' title='bbox 1573 5681 1678 5754; x_wconf 87' lang='lat' dir='ltr'><strong>non</strong></span> <span class='ocrx_word' id='word_1_668' title='bbox 1709 5681 1898 5756; x_wconf 63' lang='lat' dir='ltr'><strong>contis</strong></span> 
     </span>
    </p>
   </div>
   <div class='ocr_carea' id='block_1_93' title="bbox 327 5752 1452 5835">
    <p class='ocr_par' dir='ltr' id='par_1_93' title="bbox 327 5752 1452 5835">
     <span class='ocr_line' id='line_1_93' title="bbox 327 5752 1452 5835; baseline 0.014 -31"><span class='ocrx_word' id='word_1_669' title='bbox 327 5752 542 5807; x_wconf 84' lang='lat' dir='ltr'><strong>arbitrii</strong></span> <span class='ocrx_word' id='word_1_670' title='bbox 573 5753 878 5814; x_wconf 86' lang='lat' dir='ltr'><strong>libertatem</strong></span> <span class='ocrx_word' id='word_1_671' title='bbox 907 5761 988 5815; x_wconf 89' lang='lat' dir='ltr'><strong>vel</strong></span> <span class='ocrx_word' id='word_1_672' title='bbox 1014 5763 1067 5816; x_wconf 93' lang='lat' dir='ltr'><strong>in</strong></span> <span class='ocrx_word' id='word_1_673' title='bbox 1094 5764 1258 5835; x_wconf 84' lang='lat' dir='ltr'><strong>aliud,</strong></span> <span class='ocrx_word' id='word_1_674' title='bbox 1296 5787 1314 5817; x_wconf 74' lang='grc' dir='ltr'><strong><em>ι</em></strong></span> <span class='ocrx_word' id='word_1_675' title='bbox 1348 5774 1452 5820; x_wconf 85' lang='lat' dir='ltr'><strong>ete.</strong></span> 
     </span>
    </p>
   </div>
   <div class='ocr_carea' id='block_1_94' title="bbox 2021 3199 3593 3271">
    <p class='ocr_par' dir='ltr' id='par_1_94' title="bbox 2021 3199 3593 3271">
     <span class='ocr_line' id='line_1_94' title="bbox 2021 3199 3593 3271; baseline 0 -17"><span class='ocrx_word' id='word_1_676' title='bbox 2021 3213 2090 3254; x_wconf 86' lang='lat' dir='ltr'><strong>ne</strong></span> <span class='ocrx_word' id='word_1_677' title='bbox 2126 3199 2266 3254; x_wconf 77' lang='lat' dir='ltr'><strong>forte</strong></span> <span class='ocrx_word' id='word_1_678' title='bbox 2319 3201 2517 3256; x_wconf 86' lang='lat' dir='ltr'><strong>similis</strong></span> <span class='ocrx_word' id='word_1_679' title='bbox 2575 3202 2727 3256; x_wconf 90' lang='lat' dir='ltr'><strong>initio</strong></span> <span class='ocrx_word' id='word_1_680' title='bbox 2779 3201 2893 3271; x_wconf 84' lang='lat'>(66)</span> <span class='ocrx_word' id='word_1_681' title='bbox 2948 3201 3129 3255; x_wconf 79' lang='lat' dir='ltr'><strong>exitus</strong></span> <span class='ocrx_word' id='word_1_682' title='bbox 3189 3213 3406 3269; x_wconf 89' lang='lat' dir='ltr'><strong>quoque</strong></span> <span class='ocrx_word' id='word_1_683' title='bbox 3467 3201 3593 3254; x_wconf 88' lang='lat' dir='ltr'><strong>huic</strong></span> 
     </span>
    </p>
   </div>
   <div class='ocr_carea' id='block_1_95' title="bbox 2017 3288 3589 3374">
    <p class='ocr_par' dir='ltr' id='par_1_95' title="bbox 2017 3288 3589 3374">
     <span class='ocr_line' id='line_1_95' title="bbox 2017 3288 3589 3374; baseline 0.003 -34"><span class='ocrx_word' id='word_1_684' title='bbox 2017 3288 2221 3344; x_wconf 90' lang='lat' dir='ltr'><strong>mundo</strong></span> <span class='ocrx_word' id='word_1_685' title='bbox 2249 3291 2563 3346; x_wconf 90' lang='lat' dir='ltr'><strong>conveniat.</strong></span> <span class='ocrx_word' id='word_1_686' title='bbox 2618 3291 2850 3346; x_wconf 88' lang='lat' dir='ltr'><strong>Dttbitttn</strong></span> <span class='ocrx_word' id='word_1_687' title='bbox 2875 3291 3019 3374; x_wconf 66' lang='lat' dir='ltr'><strong>enim</strong></span> <span class='ocrx_word' id='word_1_688' title='bbox 3051 3291 3162 3360; x_wconf 89' lang='grc'>(67)</span> <span class='ocrx_word' id='word_1_689' title='bbox 3193 3305 3297 3345; x_wconf 92' lang='lat' dir='ltr'><strong>non</strong></span> <span class='ocrx_word' id='word_1_690' title='bbox 3345 3301 3429 3346; x_wconf 91' lang='lat' dir='ltr'><strong>est</strong></span> <span class='ocrx_word' id='word_1_691' title='bbox 3459 3291 3589 3359; x_wconf 87' lang='lat' dir='ltr'><strong>quin</strong></span> 
     </span>
    </p>
   </div>
   <div class='ocr_carea' id='block_1_96' title="bbox 2018 3378 3596 3448">
    <p class='ocr_par' dir='ltr' id='par_1_96' title="bbox 2018 3378 3596 3448">
     <span class='ocr_line' id='line_1_96' title="bbox 2018 3378 3596 3448; baseline 0.003 -17"><span class='ocrx_word' id='word_1_692' title='bbox 2018 3378 2140 3434; x_wconf 85' lang='lat' dir='ltr'><strong>linis</strong></span> <span class='ocrx_word' id='word_1_693' title='bbox 2169 3381 2337 3448; x_wconf 92' lang='lat' dir='ltr'><strong>ipsius</strong></span> <span class='ocrx_word' id='word_1_694' title='bbox 2363 3382 2413 3435; x_wconf 91' lang='lat' dir='ltr'><strong>in</strong></span> <span class='ocrx_word' id='word_1_695' title='bbox 2451 3382 2772 3437; x_wconf 83' lang='lat' dir='ltr'><strong>diversitate</strong></span> <span class='ocrx_word' id='word_1_696' title='bbox 2819 3383 2987 3435; x_wconf 85' lang='lat' dir='ltr'><strong>multa</strong></span> <span class='ocrx_word' id='word_1_697' title='bbox 3029 3381 3205 3436; x_wconf 85' lang='lat' dir='ltr'><strong>adhuc</strong></span> <span class='ocrx_word' id='word_1_698' title='bbox 3233 3393 3286 3436; x_wconf 90' lang='lat' dir='ltr'><strong>et</strong></span> <span class='ocrx_word' id='word_1_699' title='bbox 3332 3383 3596 3436; x_wconf 86' lang='lat' dir='ltr'><strong>varietate</strong></span> 
     </span>
    </p>
   </div>
   <div class='ocr_carea' id='block_1_97' title="bbox 2017 3473 3593 3543">
    <p class='ocr_par' dir='ltr' id='par_1_97' title="bbox 2017 3473 3593 3543">
     <span class='ocr_line' id='line_1_97' title="bbox 2017 3473 3593 3543; baseline 0.001 -16"><span class='ocrx_word' id='word_1_700' title='bbox 2017 3474 2368 3542; x_wconf 86' lang='lat' dir='ltr'><strong>reperiendus</strong></span> <span class='ocrx_word' id='word_1_701' title='bbox 2387 3475 2479 3536; x_wconf 89' lang='lat' dir='ltr'><strong>sit,</strong></span> <span class='ocrx_word' id='word_1_702' title='bbox 2509 3489 2627 3543; x_wconf 75' lang='lat' dir='ltr'><strong>qua:</strong></span> <span class='ocrx_word' id='word_1_703' title='bbox 2653 3474 2842 3542; x_wconf 87' lang='lat' dir='ltr'><strong>utique</strong></span> <span class='ocrx_word' id='word_1_704' title='bbox 2868 3473 3106 3527; x_wconf 83' lang='lat' dir='ltr'><strong>varietas</strong></span> <span class='ocrx_word' id='word_1_705' title='bbox 3135 3474 3186 3525; x_wconf 90' lang='lat' dir='ltr'><strong>itt</strong></span> <span class='ocrx_word' id='word_1_706' title='bbox 3212 3473 3373 3541; x_wconf 87' lang='lat' dir='ltr'><strong>hujus</strong></span> <span class='ocrx_word' id='word_1_707' title='bbox 3405 3476 3593 3528; x_wconf 78' lang='lat' dir='ltr'><strong>mundi</strong></span> 
     </span>
    </p>
   </div>
   <div class='ocr_carea' id='block_1_98' title="bbox 2016 3563 3591 3634">
    <p class='ocr_par' dir='ltr' id='par_1_98' title="bbox 2016 3563 3591 3634">
     <span class='ocr_line' id='line_1_98' title="bbox 2016 3563 3591 3634; baseline 0.001 -18"><span class='ocrx_word' id='word_1_708' title='bbox 2016 3563 2120 3618; x_wconf 85' lang='lat' dir='ltr'><strong>fine</strong></span> <span class='ocrx_word' id='word_1_709' title='bbox 2155 3564 2489 3634; x_wconf 83' lang='lat' dir='ltr'><strong>deprehensa</strong></span> <span class='ocrx_word' id='word_1_710' title='bbox 2540 3579 2737 3619; x_wconf 88' lang='lat' dir='ltr'><strong>causas</strong></span> <span class='ocrx_word' id='word_1_711' title='bbox 2793 3564 2906 3634; x_wconf 83' lang='lat'>(68)</span> <span class='ocrx_word' id='word_1_712' title='bbox 2969 3579 3157 3618; x_wconf 85' lang='lat' dir='ltr'><strong>rursus</strong></span> <span class='ocrx_word' id='word_1_713' title='bbox 3211 3565 3591 3618; x_wconf 88' lang='lat' dir='ltr'><strong>diversitatum</strong></span> 
     </span>
    </p>
   </div>
   <div class='ocr_carea' id='block_1_99' title="bbox 2014 3652 3594 3724">
    <p class='ocr_par' dir='ltr' id='par_1_99' title="bbox 2014 3652 3594 3724">
     <span class='ocr_line' id='line_1_99' title="bbox 2014 3652 3594 3724; baseline 0.002 -19"><span class='ocrx_word' id='word_1_714' title='bbox 2014 3652 2242 3706; x_wconf 87' lang='lat' dir='ltr'><strong>alterius</strong></span> <span class='ocrx_word' id='word_1_715' title='bbox 2270 3654 2454 3707; x_wconf 89' lang='lat' dir='ltr'><strong>mundi</strong></span> <span class='ocrx_word' id='word_1_716' title='bbox 2479 3663 2600 3723; x_wconf 88' lang='lat' dir='ltr'><strong>post</strong></span> <span class='ocrx_word' id='word_1_717' title='bbox 2632 3655 2775 3708; x_wconf 86' lang='lat' dir='ltr'><strong>hunc</strong></span> <span class='ocrx_word' id='word_1_718' title='bbox 2815 3653 2982 3707; x_wconf 85' lang='lat' dir='ltr'><strong>futuri</strong></span> <span class='ocrx_word' id='word_1_719' title='bbox 3006 3653 3429 3723; x_wconf 86' lang='lat' dir='ltr'><strong>occasionesque</strong></span> <span class='ocrx_word' id='word_1_720' title='bbox 3455 3669 3594 3724; x_wconf 70' lang='lat' dir='ltr'><strong>prte-</strong></span> 
     </span>
    </p>
   </div>
   <div class='ocr_carea' id='block_1_100' title="bbox 2014 3744 2198 3798">
    <p class='ocr_par' dir='ltr' id='par_1_100' title="bbox 2014 3744 2198 3798">
     <span class='ocr_line' id='line_1_100' title="bbox 2014 3744 2198 3798; baseline 0 -2"><span class='ocrx_word' id='word_1_721' title='bbox 2014 3744 2198 3798; x_wconf 82' lang='lat' dir='ltr'><strong>stabit.</strong></span> 
     </span>
    </p>
   </div>
   <div class='ocr_carea' id='block_1_101' title="bbox 2082 3834 3588 3912">
    <p class='ocr_par' dir='ltr' id='par_1_101' title="bbox 2082 3834 3588 3912">
     <span class='ocr_line' id='line_1_101' title="bbox 2082 3834 3588 3912; baseline 0.002 -25"><span class='ocrx_word' id='word_1_722' title='bbox 2082 3834 2135 3887; x_wconf 69' lang='grc'><strong>4.</strong></span> <span class='ocrx_word' id='word_1_723' title='bbox 2169 3836 2324 3901; x_wconf 87' lang='lat' dir='ltr'><strong>Quod</strong></span> <span class='ocrx_word' id='word_1_724' title='bbox 2349 3836 2392 3889; x_wconf 92' lang='lat' dir='ltr'><strong>si</strong></span> <span class='ocrx_word' id='word_1_725' title='bbox 2424 3836 2536 3890; x_wconf 77' lang='lat' dir='ltr'><strong>haec</strong></span> <span class='ocrx_word' id='word_1_726' title='bbox 2562 3837 2632 3912; x_wconf 87' lang='lat' dir='ltr'><strong>ita</strong></span> <span class='ocrx_word' id='word_1_727' title='bbox 2662 3851 2778 3891; x_wconf 88' lang='lat' dir='ltr'><strong>esse</strong></span> <span class='ocrx_word' id='word_1_728' title='bbox 2801 3839 2936 3892; x_wconf 90' lang='lat' dir='ltr'><strong>ordo</strong></span> <span class='ocrx_word' id='word_1_729' title='bbox 2965 3837 3588 3906; x_wconf 83' lang='lat' dir='ltr'><strong>disputetionisinvenit,</strong></span> 
     </span>
    </p>
   </div>
   <div class='ocr_carea' id='block_1_102' title="bbox 2013 3930 3590 4000">
    <p class='ocr_par' dir='ltr' id='par_1_102' title="bbox 2013 3930 3590 4000">
     <span class='ocr_line' id='line_1_102' title="bbox 2013 3930 3590 4000; baseline 0.003 -16"><span class='ocrx_word' id='word_1_730' title='bbox 2013 3942 2353 3996; x_wconf 88' lang='lat' dir='ltr'><strong>consequens</strong></span> <span class='ocrx_word' id='word_1_731' title='bbox 2381 3944 2526 3983; x_wconf 91' lang='lat' dir='ltr'><strong>nunc</strong></span> <span class='ocrx_word' id='word_1_732' title='bbox 2554 3930 2767 3984; x_wconf 89' lang='lat' dir='ltr'><strong>videtur</strong></span> <span class='ocrx_word' id='word_1_733' title='bbox 2792 3973 2806 3998; x_wconf 90' lang='lat'><strong>,</strong></span> <span class='ocrx_word' id='word_1_734' title='bbox 2851 3933 3109 4000; x_wconf 89' lang='lat' dir='ltr'><strong>quoniam</strong></span> <span class='ocrx_word' id='word_1_735' title='bbox 3147 3935 3328 3987; x_wconf 89' lang='lat' dir='ltr'><strong>mundi</strong></span> <span class='ocrx_word' id='word_1_736' title='bbox 3360 3933 3590 3988; x_wconf 89' lang='lat' dir='ltr'><strong>diversi-</strong></span> 
     </span>
    </p>
   </div>
   <div class='ocr_carea' id='block_1_103' title="bbox 2015 4019 3588 4096">
    <p class='ocr_par' dir='ltr' id='par_1_103' title="bbox 2015 4019 3588 4096">
     <span class='ocr_line' id='line_1_103' title="bbox 2015 4019 3588 4096; baseline 0.005 -25"><span class='ocrx_word' id='word_1_737' title='bbox 2015 4030 2099 4073; x_wconf 85' lang='lat' dir='ltr'><strong>tas</strong></span> <span class='ocrx_word' id='word_1_738' title='bbox 2121 4019 2240 4073; x_wconf 89' lang='lat' dir='ltr'><strong>sine</strong></span> <span class='ocrx_word' id='word_1_739' title='bbox 2266 4021 2585 4087; x_wconf 89' lang='lat' dir='ltr'><strong>corporibus</strong></span> <span class='ocrx_word' id='word_1_740' title='bbox 2615 4022 2914 4076; x_wconf 90' lang='lat' dir='ltr'><strong>subsistere</strong></span> <span class='ocrx_word' id='word_1_741' title='bbox 2948 4038 3053 4077; x_wconf 80' lang='lat' dir='ltr'><strong>non</strong></span> <span class='ocrx_word' id='word_1_742' title='bbox 3109 4035 3289 4094; x_wconf 89' lang='lat' dir='ltr'><strong>potest</strong></span> <span class='ocrx_word' id='word_1_743' title='bbox 3318 4025 3450 4096; x_wconf 89' lang='grc'>(69),</span> <span class='ocrx_word' id='word_1_744' title='bbox 3492 4043 3588 4079; x_wconf 87' lang='lat' dir='ltr'><strong>na-</strong></span> 
     </span>
    </p>
   </div>
   <div class='ocr_carea' id='block_1_104' title="bbox 2015 4113 3589 4186">
    <p class='ocr_par' dir='ltr' id='par_1_104' title="bbox 2015 4113 3589 4186">
     <span class='ocr_line' id='line_1_104' title="bbox 2015 4113 3589 4186; baseline 0.004 -23"><span class='ocrx_word' id='word_1_745' title='bbox 2015 4120 2147 4164; x_wconf 64' lang='lat' dir='ltr'><strong>tura:</strong></span> <span class='ocrx_word' id='word_1_746' title='bbox 2177 4126 2451 4181; x_wconf 83' lang='lat' dir='ltr'><strong>corporeae</strong></span> <span class='ocrx_word' id='word_1_747' title='bbox 2479 4113 2754 4168; x_wconf 90' lang='lat' dir='ltr'><strong>discutere</strong></span> <span class='ocrx_word' id='word_1_748' title='bbox 2805 4114 3092 4168; x_wconf 87' lang='lat' dir='ltr'><strong>rationem.</strong></span> <span class='ocrx_word' id='word_1_749' title='bbox 3145 4116 3221 4169; x_wconf 84' lang='lat' dir='ltr'><strong>Ex</strong></span> <span class='ocrx_word' id='word_1_750' title='bbox 3267 4119 3426 4170; x_wconf 89' lang='lat' dir='ltr'><strong>rebus</strong></span> <span class='ocrx_word' id='word_1_751' title='bbox 3460 4118 3589 4186; x_wconf 89' lang='lat' dir='ltr'><strong>ipsis</strong></span> 
     </span>
    </p>
   </div>
   <div class='ocr_carea' id='block_1_105' title="bbox 2013 4203 3588 4275">
    <p class='ocr_par' dir='ltr' id='par_1_105' title="bbox 2013 4203 3588 4275">
     <span class='ocr_line' id='line_1_105' title="bbox 2013 4203 3588 4275; baseline 0.004 -24"><span class='ocrx_word' id='word_1_752' title='bbox 2013 4208 2238 4268; x_wconf 84' lang='lat' dir='ltr'><strong>apparet</strong></span> <span class='ocrx_word' id='word_1_753' title='bbox 2262 4203 2404 4270; x_wconf 92' lang='lat' dir='ltr'><strong>quod</strong></span> <span class='ocrx_word' id='word_1_754' title='bbox 2467 4203 2738 4256; x_wconf 88' lang='lat' dir='ltr'><strong>diversam</strong></span> <span class='ocrx_word' id='word_1_755' title='bbox 2787 4203 3098 4273; x_wconf 86' lang='lat' dir='ltr'><strong>variantque</strong></span> <span class='ocrx_word' id='word_1_756' title='bbox 3131 4207 3588 4275; x_wconf 74' lang='lat' dir='ltr'><strong>permutationem</strong></span> 
     </span>
    </p>
   </div>
   <div class='ocr_carea' id='block_1_106' title="bbox 2013 4291 3587 4365">
    <p class='ocr_par' dir='ltr' id='par_1_106' title="bbox 2013 4291 3587 4365">
     <span class='ocr_line' id='line_1_106' title="bbox 2013 4291 3587 4365; baseline 0.006 -22"><span class='ocrx_word' id='word_1_757' title='bbox 2013 4291 2243 4360; x_wconf 88' lang='lat' dir='ltr'><strong>recipiat</strong></span> <span class='ocrx_word' id='word_1_758' title='bbox 2267 4303 2458 4347; x_wconf 90' lang='lat' dir='ltr'><strong>natura</strong></span> <span class='ocrx_word' id='word_1_759' title='bbox 2483 4311 2743 4364; x_wconf 86' lang='lat' dir='ltr'><strong>corporea</strong></span> <span class='ocrx_word' id='word_1_760' title='bbox 2767 4335 2782 4360; x_wconf 95' lang='lat'><strong>,</strong></span> <span class='ocrx_word' id='word_1_761' title='bbox 2833 4297 2906 4349; x_wconf 88' lang='lat' dir='ltr'><strong>ita</strong></span> <span class='ocrx_word' id='word_1_762' title='bbox 2933 4308 2990 4352; x_wconf 92' lang='lat' dir='ltr'><strong>ut</strong></span> <span class='ocrx_word' id='word_1_763' title='bbox 3033 4298 3205 4365; x_wconf 90' lang='lat' dir='ltr'><strong>possit</strong></span> <span class='ocrx_word' id='word_1_764' title='bbox 3237 4315 3304 4352; x_wconf 82' lang='lat' dir='ltr'><strong>ex</strong></span> <span class='ocrx_word' id='word_1_765' title='bbox 3335 4298 3587 4354; x_wconf 87' lang='lat' dir='ltr'><strong>onmibus</strong></span> 
     </span>
    </p>
   </div>
   <div class='ocr_carea' id='block_1_107' title="bbox 2011 4383 3584 4458">
    <p class='ocr_par' dir='ltr' id='par_1_107' title="bbox 2011 4383 3584 4458">
     <span class='ocr_line' id='line_1_107' title="bbox 2011 4383 3584 4458; baseline 0.004 -23"><span class='ocrx_word' id='word_1_766' title='bbox 2011 4383 2064 4435; x_wconf 91' lang='lat' dir='ltr'><strong>in</strong></span> <span class='ocrx_word' id='word_1_767' title='bbox 2093 4385 2275 4438; x_wconf 88' lang='lat' dir='ltr'><strong>omnia</strong></span> <span class='ocrx_word' id='word_1_768' title='bbox 2305 4386 2722 4453; x_wconf 82' lang='lat' dir='ltr'><strong>transformari;</strong></span> <span class='ocrx_word' id='word_1_769' title='bbox 2758 4389 2920 4453; x_wconf 87' lang='lat' dir='ltr'><strong>sicut,</strong></span> <span class='ocrx_word' id='word_1_770' title='bbox 2966 4391 3112 4444; x_wconf 90' lang='lat' dir='ltr'><strong>verbi</strong></span> <span class='ocrx_word' id='word_1_771' title='bbox 3138 4391 3306 4458; x_wconf 86' lang='lat' dir='ltr'><strong>gratia</strong></span> <span class='ocrx_word' id='word_1_772' title='bbox 3334 4391 3584 4454; x_wconf 77' lang='lat' dir='ltr'><strong>dixerim,</strong></span> 
     </span>
    </p>
   </div>
   <div class='ocr_carea' id='block_1_108' title="bbox 1937 4453 3585 4550">
    <p class='ocr_par' dir='ltr' id='par_1_108' title="bbox 1937 4453 3585 4550">
     <span class='ocr_line' id='line_1_108' title="bbox 1937 4453 3585 4550; baseline 0.006 -24"><span class='ocrx_word' id='word_1_773' title='bbox 1937 4453 1984 4510; x_wconf 76' lang='grc' dir='ltr'><strong>θ</strong></span> <span class='ocrx_word' id='word_1_774' title='bbox 2012 4475 2217 4545; x_wconf 84' lang='lat' dir='ltr'><strong>lignum</strong></span> <span class='ocrx_word' id='word_1_775' title='bbox 2271 4477 2324 4531; x_wconf 92' lang='lat' dir='ltr'><strong>in</strong></span> <span class='ocrx_word' id='word_1_776' title='bbox 2359 4479 2538 4546; x_wconf 86' lang='lat' dir='ltr'><strong>ignem</strong></span> <span class='ocrx_word' id='word_1_777' title='bbox 2569 4483 2803 4536; x_wconf 85' lang='lat' dir='ltr'><strong>vertitur</strong></span> <span class='ocrx_word' id='word_1_778' title='bbox 2826 4521 2844 4548; x_wconf 92' lang='lat'><strong>,</strong></span> <span class='ocrx_word' id='word_1_779' title='bbox 2898 4491 2951 4534; x_wconf 89' lang='lat' dir='ltr'><strong>et</strong></span> <span class='ocrx_word' id='word_1_780' title='bbox 2981 4482 3117 4550; x_wconf 80' lang='lat' dir='ltr'><strong>ignis</strong></span> <span class='ocrx_word' id='word_1_781' title='bbox 3147 4483 3198 4536; x_wconf 92' lang='lat' dir='ltr'><strong>in</strong></span> <span class='ocrx_word' id='word_1_782' title='bbox 3232 4483 3472 4547; x_wconf 88' lang='lat' dir='ltr'><strong>fumum,</strong></span> <span class='ocrx_word' id='word_1_783' title='bbox 3531 4493 3585 4536; x_wconf 82' lang='lat' dir='ltr'><strong>et</strong></span> 
     </span>
    </p>
   </div>
   <div class='ocr_carea' id='block_1_109' title="bbox 2011 4569 3584 4647">
    <p class='ocr_par' dir='ltr' id='par_1_109' title="bbox 2011 4569 3584 4647">
     <span class='ocr_line' id='line_1_109' title="bbox 2011 4569 3584 4647; baseline 0.005 -25"><span class='ocrx_word' id='word_1_784' title='bbox 2011 4569 2194 4627; x_wconf 81' lang='lat' dir='ltr'><strong>fumus</strong></span> <span class='ocrx_word' id='word_1_785' title='bbox 2225 4569 2275 4622; x_wconf 90' lang='lat' dir='ltr'><strong>itt</strong></span> <span class='ocrx_word' id='word_1_786' title='bbox 2307 4585 2511 4629; x_wconf 84' lang='lat' dir='ltr'><strong>aerem.</strong></span> <span class='ocrx_word' id='word_1_787' title='bbox 2564 4572 2669 4627; x_wconf 87' lang='lat' dir='ltr'><strong>Sed</strong></span> <span class='ocrx_word' id='word_1_788' title='bbox 2695 4587 2749 4628; x_wconf 89' lang='lat' dir='ltr'><strong>et</strong></span> <span class='ocrx_word' id='word_1_789' title='bbox 2777 4574 2879 4629; x_wconf 87' lang='lat' dir='ltr'><strong>olei</strong></span> <span class='ocrx_word' id='word_1_790' title='bbox 2912 4576 3086 4643; x_wconf 90' lang='lat' dir='ltr'><strong>liquor</strong></span> <span class='ocrx_word' id='word_1_791' title='bbox 3123 4577 3174 4631; x_wconf 89' lang='lat' dir='ltr'><strong>in</strong></span> <span class='ocrx_word' id='word_1_792' title='bbox 3208 4577 3387 4647; x_wconf 85' lang='lat' dir='ltr'><strong>ignem</strong></span> <span class='ocrx_word' id='word_1_793' title='bbox 3414 4587 3584 4631; x_wconf 88' lang='lat' dir='ltr'><strong>muta-</strong></span> 
     </span>
    </p>
   </div>
   <div class='ocr_carea' id='block_1_110' title="bbox 1633 4752 2776 4819">
    <p class='ocr_par' dir='ltr' id='par_1_110' title="bbox 1633 4752 2776 4819">
     <span class='ocr_line' id='line_1_110' title="bbox 1633 4752 2776 4819; baseline 0.004 -16"><span class='ocrx_word' id='word_1_794' title='bbox 1633 4752 1679 4784; x_wconf 73' lang='lat'>&quot;</span> <span class='ocrx_word' id='word_1_795' title='bbox 1715 4753 1904 4808; x_wconf 86' lang='lat' dir='ltr'><strong>Matth.</strong></span> <span class='ocrx_word' id='word_1_796' title='bbox 1966 4772 2048 4819; x_wconf 83' lang='grc' dir='ltr'><strong>ιιι,</strong></span> <span class='ocrx_word' id='word_1_797' title='bbox 2096 4755 2184 4810; x_wconf 74' lang='grc'><strong>54.</strong></span> <span class='ocrx_word' id='word_1_798' title='bbox 2260 4755 2307 4785; x_wconf 67' lang='grc'>⁸⁸</span> <span class='ocrx_word' id='word_1_799' title='bbox 2352 4758 2473 4807; x_wconf 88' lang='lat' dir='ltr'><strong>Act.</strong></span> <span class='ocrx_word' id='word_1_800' title='bbox 2512 4770 2642 4819; x_wconf 75' lang='lat' dir='ltr'><strong>xvii,</strong></span> <span class='ocrx_word' id='word_1_801' title='bbox 2686 4754 2776 4808; x_wconf 71' lang='lat'><strong>28.</strong></span> 
     </span>
    </p>
   </div>
   <div class='ocr_carea' id='block_1_111' title="bbox 2089 4936 2858 5009">
    <p class='ocr_par' dir='ltr' id='par_1_111' title="bbox 2089 4936 2858 5009">
     <span class='ocr_line' id='line_1_111' title="bbox 2089 4936 2858 5009; baseline 0 -18"><span class='ocrx_word' id='word_1_802' title='bbox 2089 4937 2200 5009; x_wconf 68' lang='grc'>(62)</span> <span class='ocrx_word' id='word_1_803' title='bbox 2235 4939 2307 4992; x_wconf 82' lang='lat' dir='ltr'><strong>Ita</strong></span> <span class='ocrx_word' id='word_1_804' title='bbox 2335 4953 2467 5009; x_wconf 78' lang='lat' dir='ltr'><strong>mss.</strong></span> <span class='ocrx_word' id='word_1_805' title='bbox 2501 4936 2653 5009; x_wconf 85' lang='lat' dir='ltr'><strong>Libb.</strong></span> <span class='ocrx_word' id='word_1_806' title='bbox 2681 4937 2808 4991; x_wconf 85' lang='lat' dir='ltr'><strong>editi</strong></span> <span class='ocrx_word' id='word_1_807' title='bbox 2845 4981 2858 5004; x_wconf 91' lang='lat'><strong>,</strong></span> 
     </span>
    </p>
   </div>
   <div class='ocr_carea' id='block_1_112' title="bbox 2019 5008 3577 5076">
    <p class='ocr_par' dir='ltr' id='par_1_112' title="bbox 2019 5008 3577 5076">
     <span class='ocr_line' id='line_1_112' title="bbox 2019 5008 3577 5076; baseline 0.004 -20"><span class='ocrx_word' id='word_1_808' title='bbox 2019 5025 2037 5056; x_wconf 73' lang='grc' dir='ltr'>ι</span> <span class='ocrx_word' id='word_1_809' title='bbox 2061 5008 2423 5062; x_wconf 85' lang='lat' dir='ltr'><strong>velutanimal</strong></span> <span class='ocrx_word' id='word_1_810' title='bbox 2444 5008 2711 5076; x_wconf 86' lang='lat' dir='ltr'><strong>quoddam</strong></span> <span class='ocrx_word' id='word_1_811' title='bbox 2735 5009 3052 5061; x_wconf 89' lang='lat' dir='ltr'><strong>immensum</strong></span> <span class='ocrx_word' id='word_1_812' title='bbox 3083 5018 3244 5076; x_wconf 87' lang='lat' dir='ltr'><strong>atque</strong></span> <span class='ocrx_word' id='word_1_813' title='bbox 3271 5009 3524 5065; x_wconf 87' lang='lat' dir='ltr'><strong>immane.</strong></span> <span class='ocrx_word' id='word_1_814' title='bbox 3559 5030 3577 5062; x_wconf 70' lang='grc' dir='ltr'><strong>ι</strong></span> 
     </span>
    </p>
   </div>
   <div class='ocr_carea' id='block_1_113' title="bbox 2012 5076 3130 5140">
    <p class='ocr_par' dir='ltr' id='par_1_113' title="bbox 2012 5076 3130 5140">
     <span class='ocr_line' id='line_1_113' title="bbox 2012 5076 3130 5140; baseline -0.002 -10"><span class='ocrx_word' id='word_1_815' title='bbox 2012 5076 2070 5130; x_wconf 77' lang='lat' dir='ltr'><strong>In</strong></span> <span class='ocrx_word' id='word_1_816' title='bbox 2103 5088 2259 5130; x_wconf 88' lang='lat' dir='ltr'><strong>antea</strong></span> <span class='ocrx_word' id='word_1_817' title='bbox 2288 5079 2451 5132; x_wconf 86' lang='lat' dir='ltr'><strong>editis</strong></span> <span class='ocrx_word' id='word_1_818' title='bbox 2479 5079 2649 5140; x_wconf 87' lang='lat' dir='ltr'><strong>deest,</strong></span> <span class='ocrx_word' id='word_1_819' title='bbox 2688 5095 2705 5127; x_wconf 73' lang='grc' dir='ltr'><strong><em>ι</em></strong></span> <span class='ocrx_word' id='word_1_820' title='bbox 2731 5077 3075 5129; x_wconf 88' lang='lat' dir='ltr'><strong>immensum.</strong></span> <span class='ocrx_word' id='word_1_821' title='bbox 3111 5096 3130 5128; x_wconf 73' lang='grc' dir='ltr'><strong><em>ι</em></strong></span> 
     </span>
    </p>
   </div>
   <div class='ocr_carea' id='block_1_114' title="bbox 2084 5145 3085 5219">
    <p class='ocr_par' dir='ltr' id='par_1_114' title="bbox 2084 5145 3085 5219">
     <span class='ocr_line' id='line_1_114' title="bbox 2084 5145 3085 5219; baseline 0.002 -20"><span class='ocrx_word' id='word_1_822' title='bbox 2084 5147 2195 5219; x_wconf 59' lang='lat'>(65)</span> <span class='ocrx_word' id='word_1_823' title='bbox 2237 5147 2436 5219; x_wconf 66' lang='lat' dir='ltr'><strong>fjottfer</strong></span> <span class='ocrx_word' id='word_1_824' title='bbox 2461 5147 2736 5219; x_wconf 82' lang='lat' dir='ltr'><strong>l’latonettt</strong></span> <span class='ocrx_word' id='word_1_825' title='bbox 2778 5147 2843 5219; x_wconf 85' lang='lat' dir='ltr'><strong>itt_</strong></span> <span class='ocrx_word' id='word_1_826' title='bbox 2869 5145 3085 5219; x_wconf 69' lang='lat' dir='ltr'><strong>Tinta’o.</strong></span> 
     </span>
    </p>
   </div>
   <div class='ocr_carea' id='block_1_115' title="bbox 2083 5215 3579 5287">
    <p class='ocr_par' dir='ltr' id='par_1_115' title="bbox 2083 5215 3579 5287">
     <span class='ocr_line' id='line_1_115' title="bbox 2083 5215 3579 5287; baseline 0 -18"><span class='ocrx_word' id='word_1_827' title='bbox 2083 5217 2194 5287; x_wconf 74' lang='grc'>(64)</span> <span class='ocrx_word' id='word_1_828' title='bbox 2233 5216 2400 5272; x_wconf 72' lang='lat' dir='ltr'><strong>Dixit.</strong></span> <span class='ocrx_word' id='word_1_829' title='bbox 2447 5218 2792 5271; x_wconf 88' lang='lat' dir='ltr'><strong>Desideratur</strong></span> <span class='ocrx_word' id='word_1_830' title='bbox 2833 5216 2883 5268; x_wconf 89' lang='lat' dir='ltr'><strong>in</strong></span> <span class='ocrx_word' id='word_1_831' title='bbox 2918 5216 3100 5279; x_wconf 85' lang='lat' dir='ltr'><strong>editis,</strong></span> <span class='ocrx_word' id='word_1_832' title='bbox 3149 5215 3242 5270; x_wconf 89' lang='lat' dir='ltr'><strong>sed</strong></span> <span class='ocrx_word' id='word_1_833' title='bbox 3269 5216 3498 5271; x_wconf 83' lang='lat' dir='ltr'><strong>habetur</strong></span> <span class='ocrx_word' id='word_1_834' title='bbox 3529 5219 3579 5270; x_wconf 88' lang='lat' dir='ltr'><strong>in</strong></span> 
     </span>
    </p>
   </div>
   <div class='ocr_carea' id='block_1_116' title="bbox 2009 5303 2140 5341">
    <p class='ocr_par' dir='ltr' id='par_1_116' title="bbox 2009 5303 2140 5341">
     <span class='ocr_line' id='line_1_116' title="bbox 2009 5303 2140 5341; baseline -0.008 0"><span class='ocrx_word' id='word_1_835' title='bbox 2009 5303 2140 5341; x_wconf 72' lang='grc' dir='ltr'><strong>ωδε.</strong></span> 
     </span>
    </p>
   </div>
   <div class='ocr_carea' id='block_1_117' title="bbox 2082 5355 3114 5427">
    <p class='ocr_par' dir='ltr' id='par_1_117' title="bbox 2082 5355 3114 5427">
     <span class='ocr_line' id='line_1_117' title="bbox 2082 5355 3114 5427; baseline -0.003 -18"><span class='ocrx_word' id='word_1_836' title='bbox 2082 5356 2194 5427; x_wconf 85' lang='grc'>(65)</span> <span class='ocrx_word' id='word_1_837' title='bbox 2238 5357 2329 5422; x_wconf 86' lang='lat' dir='ltr'><strong>Sic</strong></span> <span class='ocrx_word' id='word_1_838' title='bbox 2361 5373 2489 5413; x_wconf 86' lang='lat' dir='ltr'><strong>mss.</strong></span> <span class='ocrx_word' id='word_1_839' title='bbox 2514 5356 2686 5427; x_wconf 77' lang='lat' dir='ltr'><strong>Alias,</strong></span> <span class='ocrx_word' id='word_1_840' title='bbox 2717 5373 2736 5405; x_wconf 82' lang='grc' dir='ltr'>ι</span> <span class='ocrx_word' id='word_1_841' title='bbox 2765 5355 3055 5427; x_wconf 84' lang='lat' dir='ltr'><strong>quomodo.</strong></span> <span class='ocrx_word' id='word_1_842' title='bbox 3095 5373 3114 5406; x_wconf 74' lang='grc' dir='ltr'><strong><em>ι</em></strong></span> 
     </span>
    </p>
   </div>
   <div class='ocr_carea' id='block_1_118' title="bbox 2083 5424 3350 5496">
    <p class='ocr_par' dir='ltr' id='par_1_118' title="bbox 2083 5424 3350 5496">
     <span class='ocr_line' id='line_1_118' title="bbox 2083 5424 3350 5496; baseline -0.002 -16"><span class='ocrx_word' id='word_1_843' title='bbox 2083 5424 2195 5496; x_wconf 81' lang='grc'>(66)</span> <span class='ocrx_word' id='word_1_844' title='bbox 2236 5427 2326 5482; x_wconf 91' lang='lat' dir='ltr'><strong>Sic</strong></span> <span class='ocrx_word' id='word_1_845' title='bbox 2357 5443 2488 5484; x_wconf 88' lang='lat' dir='ltr'><strong>mss.</strong></span> <span class='ocrx_word' id='word_1_846' title='bbox 2519 5425 2688 5491; x_wconf 84' lang='lat' dir='ltr'><strong>Alias,</strong></span> <span class='ocrx_word' id='word_1_847' title='bbox 2721 5441 2740 5476; x_wconf 74' lang='grc' dir='ltr'>ι</span> <span class='ocrx_word' id='word_1_848' title='bbox 2778 5424 2940 5479; x_wconf 89' lang='lat' dir='ltr'><strong>simul</strong></span> <span class='ocrx_word' id='word_1_849' title='bbox 2965 5441 3087 5479; x_wconf 90' lang='lat' dir='ltr'><strong>cum</strong></span> <span class='ocrx_word' id='word_1_850' title='bbox 3118 5425 3291 5482; x_wconf 88' lang='lat' dir='ltr'><strong>initio.</strong></span> <span class='ocrx_word' id='word_1_851' title='bbox 3332 5445 3350 5478; x_wconf 72' lang='grc' dir='ltr'><strong><em>ι</em></strong></span> 
     </span>
    </p>
   </div>
   <div class='ocr_carea' id='block_1_119' title="bbox 2081 5497 2566 5565">
    <p class='ocr_par' dir='ltr' id='par_1_119' title="bbox 2081 5497 2566 5565">
     <span class='ocr_line' id='line_1_119' title="bbox 2081 5497 2566 5565; baseline -0.002 -18"><span class='ocrx_word' id='word_1_852' title='bbox 2081 5498 2190 5565; x_wconf 86' lang='grc'>(67)</span> <span class='ocrx_word' id='word_1_853' title='bbox 2232 5497 2400 5550; x_wconf 78' lang='lat' dir='ltr'><strong>Caute</strong></span> <span class='ocrx_word' id='word_1_854' title='bbox 2431 5498 2566 5565; x_wconf 80' lang='lat' dir='ltr'><strong>lege.</strong></span> 
     </span>
    </p>
   </div>
   <div class='ocr_carea' id='block_1_120' title="bbox 2083 5565 3578 5632">
    <p class='ocr_par' dir='ltr' id='par_1_120' title="bbox 2083 5565 3578 5632">
     <span class='ocr_line' id='line_1_120' title="bbox 2083 5565 3578 5632; baseline 0.001 -16"><span class='ocrx_word' id='word_1_855' title='bbox 2083 5567 2196 5620; x_wconf 79' lang='lat' dir='ltr'><strong>t68)</strong></span> <span class='ocrx_word' id='word_1_856' title='bbox 2237 5566 2458 5621; x_wconf 74' lang='lat' dir='ltr'><strong>Causas.</strong></span> <span class='ocrx_word' id='word_1_857' title='bbox 2502 5567 2660 5619; x_wconf 87' lang='lat' dir='ltr'><strong>Deest</strong></span> <span class='ocrx_word' id='word_1_858' title='bbox 2693 5566 2746 5619; x_wconf 91' lang='lat' dir='ltr'><strong>in</strong></span> <span class='ocrx_word' id='word_1_859' title='bbox 2782 5576 2940 5620; x_wconf 88' lang='lat' dir='ltr'><strong>antea</strong></span> <span class='ocrx_word' id='word_1_860' title='bbox 2971 5569 3131 5622; x_wconf 90' lang='lat' dir='ltr'><strong>editis</strong></span> <span class='ocrx_word' id='word_1_861' title='bbox 3165 5608 3179 5632; x_wconf 90' lang='lat'><strong>,</strong></span> <span class='ocrx_word' id='word_1_862' title='bbox 3231 5565 3324 5620; x_wconf 88' lang='lat' dir='ltr'><strong>sed</strong></span> <span class='ocrx_word' id='word_1_863' title='bbox 3352 5565 3578 5622; x_wconf 86' lang='lat' dir='ltr'><strong>habetur</strong></span> 
     </span>
    </p>
   </div>
   <div class='ocr_carea' id='block_1_121' title="bbox 2009 5652 2220 5690">
    <p class='ocr_par' dir='ltr' id='par_1_121' title="bbox 2009 5652 2220 5690">
     <span class='ocr_line' id='line_1_121' title="bbox 2009 5652 2220 5690; baseline 0 0"><span class='ocrx_word' id='word_1_864' title='bbox 2009 5657 2057 5690; x_wconf 82' lang='grc' dir='ltr'><strong>ιη</strong></span> <span class='ocrx_word' id='word_1_865' title='bbox 2091 5652 2220 5690; x_wconf 65' lang='grc'><strong>11155.</strong></span> 
     </span>
    </p>
   </div>
   <div class='ocr_carea' id='block_1_122' title="bbox 2081 5705 3041 5777">
    <p class='ocr_par' dir='ltr' id='par_1_122' title="bbox 2081 5705 3041 5777">
     <span class='ocr_line' id='line_1_122' title="bbox 2081 5705 3041 5777; baseline 0.002 -19"><span class='ocrx_word' id='word_1_866' title='bbox 2081 5705 2198 5777; x_wconf 28' lang='grc'>(69),</span> <span class='ocrx_word' id='word_1_867' title='bbox 2233 5705 2321 5759; x_wconf 89' lang='lat' dir='ltr'><strong>Sic</strong></span> <span class='ocrx_word' id='word_1_868' title='bbox 2358 5722 2486 5760; x_wconf 87' lang='lat' dir='ltr'><strong>mss.</strong></span> <span class='ocrx_word' id='word_1_869' title='bbox 2513 5705 2683 5774; x_wconf 86' lang='lat' dir='ltr'><strong>Alias,</strong></span> <span class='ocrx_word' id='word_1_870' title='bbox 2726 5725 2742 5757; x_wconf 85' lang='lat' dir='ltr'><strong>t</strong></span> <span class='ocrx_word' id='word_1_871' title='bbox 2769 5707 2984 5776; x_wconf 88' lang='lat' dir='ltr'><strong>poterit.</strong></span> <span class='ocrx_word' id='word_1_872' title='bbox 3021 5725 3041 5760; x_wconf 71' lang='grc' dir='ltr'><strong><em>ι</em></strong></span> 
     </span>
    </p>
   </div>
   <div class='ocr_carea' id='block_1_123' title="bbox 2917 4938 3579 5007">
    <p class='ocr_par' dir='ltr' id='par_1_123' title="bbox 2917 4938 3579 5007">
     <span class='ocr_line' id='line_1_123' title="bbox 2917 4938 3579 5007; baseline 0.009 -19"><span class='ocrx_word' id='word_1_873' title='bbox 2917 4956 2934 4988; x_wconf 77' lang='lat' dir='ltr'><strong>t</strong></span> <span class='ocrx_word' id='word_1_874' title='bbox 2966 4945 3170 5007; x_wconf 86' lang='lat' dir='ltr'><strong>aptum.</strong></span> <span class='ocrx_word' id='word_1_875' title='bbox 3204 4956 3221 4989; x_wconf 84' lang='grc'>›</span> <span class='ocrx_word' id='word_1_876' title='bbox 3272 4938 3389 4992; x_wconf 83' lang='lat' dir='ltr'><strong>Mox</strong></span> <span class='ocrx_word' id='word_1_877' title='bbox 3426 4954 3579 5004; x_wconf 89' lang='lat' dir='ltr'><strong>mss.,</strong></span> 
     </span>
    </p>
   </div>
  </div>
