4014 6142
504 303 605 358 187

502 419 637 489 ipsis
689 417 994 475 aeternitate
1028 418 1280 485 perduret
1313 416 1478 489 (78),
1531 433 1598 472 an
1661 433 1791 474 vero
1827 421 2070 476 absoluta
2101 428 2147 483 Α

502 511 750 565 interibit
776 520 830 566 et
857 510 1073 579 peribit.
1107 509 1260 574 Quod
1286 517 1343 562 ut
1369 508 1543 578 possit
1573 511 1951 580 scrupulosius
1981 513 2073 564 de-

501 599 789 668 prehendi,
826 597 1172 668 quaarendum
1216 597 1393 666 primo
1445 597 1686 663 videtur,
1714 598 1758 652 si
1818 600 2074 669 possibile

501 701 586 745 est
612 692 826 757 penitus
855 690 1201 759 incorporeas
1230 704 1515 744 remanere
1576 691 1933 745 rationabiles
1973 707 2071 744 na-

503 789 672 845 turas,
705 794 826 833 cum
866 779 932 832 ad
982 794 1256 833 summum
1296 780 1598 834 sanctitatis
1631 796 1694 834 ac
1724 772 2072 836 beatitu'diuis

498 872 769 935 venerint,
799 872 940 940 quod
990 873 1120 926 mihi
1165 871 1383 940 quidem
1432 871 1802 927 difﬁcillimum
1856 884 1908 927 et
1935 889 2071 942 pene

498 962 826 1030 impossibile
870 963 1122 1030 videtur;
1193 980 1256 1017 an
1307 978 1530 1018 necesse
1577 973 1661 1018 est
1708 981 1802 1020 eas
1856 980 2071 1035 semper

494 1053 810 1120 conjunctas
863 1069 984 1109 esse
1038 1056 1384 1122 corporibus.
1445 1055 1499 1108 Si
1539 1070 1666 1124 ergo
1710 1066 1892 1124 posset
1950 1057 2072 1125 quis

491 1148 779 1202 ostendere
827 1148 1090 1202 rationem
1149 1164 1253 1215 qua
1309 1147 1563 1216 possibile
1586 1157 1727 1202 esset
1756 1165 1850 1203 eas
1891 1151 2066 1204 omni-

491 1235 872 1308 modecarere
889 1237 1230 1305 corporibus,
1265 1251 1609 1306 consequens
1640 1220 1909 1292 videbitur
1929 1237 2068 1304 quod

491 1306 690 1378 natura;
718 1339 985 1393 corporea
1014 1342 1078 1380 ex
1113 1326 1281 1380 nihilo
1314 1341 1410 1395 per
1441 1327 1727 1380 intervalla
1762 1335 2065 1396 temporum

491 1427 802 1484 procreata,
829 1420 971 1471 sicut
1046 1433 1166 1471 cum
1214 1435 1317 1472 nou
1366 1427 1527 1483 esset,
1560 1418 1748 1473 effecta
1781 1427 1882 1481 est,
1915 1419 1986 1472 ita
2014 1429 2069 1473 et

495 1522 617 1561 esse
641 1507 933 1576 desineret,
959 1523 1080 1562 cum
1109 1509 1368 1576 ususejus
1403 1510 1688 1563 ministerii
1717 1511 2063 1578 prteterisset.

559 1600 616 1654 9.
651 1600 707 1654 Si
755 1615 879 1654 vero
916 1601 1255 1669 impossibile
1299 1601 1520 1655 esthoc
1565 1601 1672 1654 ullo
1728 1602 1890 1656 modo
1927 1601 2067 1655 aflir-

491 1692 653 1755 mari,
692 1691 742 1744 id
770 1701 852 1746 est
877 1695 1020 1761 quod
1049 1695 1232 1748 vivere
1268 1703 1472 1761 praeter
1516 1708 1712 1761 corpus
1761 1694 1931 1762 possit
1959 1694 2062 1747 ulla

490 1782 592 1834 alia
633 1793 820 1835 natura
851 1792 1048 1852 praeter
1111 1783 1326 1837 Patrem
1373 1794 1428 1838 et
1463 1785 1658 1839 Filium
1696 1795 1748 1840 et
1797 1786 2060 1857 Spiritum

489 1881 756 1936 sanetum,
806 1875 1106 1929 necessitas
1152 1878 1551 1944 consequentiae
1597 1893 1661 1932 ac
1710 1878 1948 1932 rationis
1972 1894 2061 1932 co-

487 1974 662 2020 arctat
701 1965 950 2031 intelligi,
984 1965 1358 2035 principaliter
1387 1967 1601 2035 quidem
1651 1976 1866 2023 crcatas
1923 1967 2058 2040 (79)

486 2073 605 2112 esse
631 2059 976 2113 rationabiles
1007 2069 1262 2125 naturas;
1289 2063 1625 2116 matcrialem
1651 2078 1778 2118 vero
1805 2065 2060 2120 substan-

485 2151 614 2202 tiam
642 2151 892 2219 Opinione
933 2151 1146 2219 quidem
1177 2162 1231 2206 et
1281 2152 1559 2207 intellectu
1610 2155 1781 2208 solum
1814 2155 2056 2224 separari

483 2241 550 2292 ab
579 2240 679 2304 eis,
713 2249 768 2295 et
807 2256 906 2309 pro
953 2242 1084 2309 ipsis
1129 2243 1211 2295 vel
1245 2251 1365 2313 post
1400 2244 1544 2309 ipsas
1579 2242 1826 2298 effectam
1858 2245 2052 2309 videri,

485 2331 578 2384 sed
613 2346 886 2400 nunquam
939 2333 1057 2386 sine
1083 2334 1194 2401 ipsa
1227 2349 1322 2387 eas
1356 2334 1440 2387 vel
1473 2334 1678 2388 vixisse
1711 2335 1792 2388 vel
1839 2335 2053 2400 vivere;

481 2423 648 2476 solius
678 2439 910 2492 namque
956 2423 1239 2478 Trinitatis
1284 2426 1604 2492 incorporea
1631 2425 1740 2480 vita
1788 2427 2056 2481 exsistere

480 2523 628 2568 recte
657 2515 956 2582 ptttabitur.
1017 2515 1084 2570 Ut
1109 2531 1239 2584 ergo
1271 2517 1516 2585 superius
1542 2517 1800 2579 diximus,
1834 2516 2056 2570 materi—

483 2606 588 2658 alis
611 2607 712 2660 ista
732 2607 1030 2661 substantia
1058 2609 1214 2676 hujus
1246 2609 1427 2662 mundi
1450 2609 1654 2663 habens
1672 2607 2051 2678 (80)naturam

477 2713 597 2765 quze
623 2713 688 2752 ex
718 2698 970 2753 omnibus
998 2699 1065 2751 ad
1111 2700 1290 2753 omnia
1346 2697 1786 2765 transformatur,
1819 2715 1941 2753 cum
1985 2700 2052 2753 ad

474 2789 760 2844 inferiores
791 2804 1038 2859 quosque
1075 2791 1332 2856 trahitur,
1359 2791 1411 2844 itt
1442 2790 1770 2844 crassiorem
1799 2793 2050 2859 corporis

473 2887 670 2932 statum
699 2879 1124 2948 solidioremque
1151 2880 1432 2945 formatur,
1473 2880 1625 2935 itaut
1647 2879 1891 2935 visibiles
1916 2880 2050 2935 istas

474 2969 657 3022 mundi
690 2970 898 3038 species
929 2971 1212 3040 variasque
1245 2971 1572 3042 distinguat;
1603 2987 1722 3042 eum
1767 2987 1897 3026 vero
1928 2987 2052 3042 per-

473 3058 787 3113 fectioribus
816 3061 1084 3115 ministrat
1121 3062 1218 3132 (8f
1242 3061 1260 3132 )
1287 3073 1340 3116 et
1361 3064 1717 3128 beatioribus,
1746 3063 1802 3117 in
1840 3062 2049 3132 fulgore

472 3148 774 3202 caelestium
806 3165 1094 3219 corporum
1152 3153 1336 3217 micat,
1389 3163 1443 3207 et
1503 3153 1764 3221 spiritalis
1801 3155 2046 3222 corporis

471 3240 805 3296 indumentis
827 3241 908 3294 vel
934 3243 1149 3311 angelos
1179 3243 1300 3306 Dei,
1334 3243 1416 3298 vel
1457 3243 1593 3298 filios
1624 3243 2045 3298 resurrectionis

469 3340 730 3397 exornat;
759 3347 821 3386 ex
841 3334 1299 3401 quibusomnibus
1324 3335 1572 3390 diversus
1591 3349 1654 3389 ac
1672 3337 1853 3390 varius
1884 3335 2044 3390 unius

468 3423 654 3477 mundi
686 3425 1051 3491 complebitur
1096 3433 1272 3479 status
1307 3423 1467 3496 (82).
1503 3426 1700 3480 Verum
1723 3428 1776 3479 .si
1832 3427 2041 3494 plenius

466 3515 582 3569 luce
634 3515 906 3570 discutere
937 3515 1088 3581 libet,
1115 3517 1387 3584 oportebit
1411 3517 1668 3572 attentius
1701 3527 1760 3572 et
1805 3519 2040 3586 diligen-

468 3608 572 3660 tius
607 3621 728 3660 cum
759 3607 904 3660 omni
933 3615 1076 3661 metu
1109 3607 1200 3660 Dei
1255 3606 1392 3677 (85)
1444 3617 1499 3661 et
1561 3610 1870 3662 reverentia
1919 3625 2052 3676 per—.

465 3700 696 3752 scrutari
730 3699 1044 3767 Seripturas
1075 3699 1310 3763 divinas,
1356 3700 1400 3752 si
1418 3700 1560 3768 )quid
1597 3699 1738 3754 forte
1781 3702 1832 3754 in
1866 3702 1951 3756 his
1975 3703 2041 3757 de

466 3790 667 3845 talibus
693 3807 920 3845 arcanus
941 3800 995 3844 et
1022 3793 1331 3846 reconditus
1380 3806 1571 3846 sensus
1603 3793 1842 3848 revelare
1874 3792 1973 3866 (84
1996 3794 2037 3867 ),

465 3881 508 3934 si
566 3882 698 3949 quid
754 3883 807 3934 in
865 3883 1146 3936 absconsis
1188 3893 1244 3936 et
1313 3884 1606 3938 reconditis
1692 3887 2036 3942 sermonibus

462 3971 678 4041 (sancto
708 3971 916 4039 Spiritu
968 3975 1373 4028 demonstrante
1403 3973 1491 4027 his
1520 3975 1610 4044 qtti
1642 3975 1788 4043 digni
1842 3985 1968 4030 sunt
1991 3976 2031 4047 ),

459 4063 657 4131 poterit
690 4061 946 4127 inveniri,
978 4078 1098 4116 cum
1147 4064 1299 4132 plura
1337 4065 1642 4120 testimonia
1682 4066 1747 4122 de
1782 4068 1883 4122 hac
1918 4069 2031 4138 ipsa

455 4155 636 4224 specie
672 4153 871 4209 fuerint
904 4165 1250 4227 congregata.

526 4270 636 4345 (:78)
669 4270 760 4345 S_ic
794 4288 921 4326 mss.
948 4290 962 4338 ;
988 4273 1117 4328 editi
1148 4289 1310 4345 vero,
1336 4291 1356 4325 ‹
1393 4275 1648 4345 perferet,
1679 4295 1698 4329 ι
1732 4277 1890 4334 male.

535 4333 546 4344 \

529 4340 639 4410 (79)
669 4340 910 4399 Creatas.
946 4345 1055 4419 _Sic
1107 4359 1239 4398 mss.
1284 4340 1444 4400 Lib-ri
1494 4340 1642 4401 vero
1671 4358 1829 4419 antea
1870 4351 2031 4419 editi,

457 4428 478 4460 ‹
521 4421 845 4492 coarctatas:
884 4433 902 4465 ι
945 4415 1108 4492 Deeo
1133 4427 1310 4492 autem
1333 4419 1628 4492 quodhmox
1661 4418 1811 4492 addit
1843 4415 2034 4492 Orige-

1738 305 2060 363 ORIGENIS
2092 311 2252 363 ΠΕΡΙ
2289 314 2518 366 ΑΡΧΩΝ

3648 317 3758 371 188

2761 450 2988 507 CAPUT
3053 451 3137 507 Ill.

2494 577 2569 632 De
2605 580 2753 635 initio
2780 585 2981 653 mundi,
3012 594 3059 639 el
3093 588 3265 640 causis
3293 587 3426 653 ejus.

2246 728 2295 781 1.
2331 727 2591 799 Superest
2619 733 2757 804 (85)
2799 744 2856 789 ut
2887 745 3009 805 post
3050 737 3162 793 haec
3192 740 3532 808 requiramus
3561 753 3748 798 utrum

2171 832 2296 876 ante
2348 824 2490 879 hunc
2522 827 2780 881 mundum
2831 829 3003 900 (86),
3065 833 3153 902 qui
3185 848 3326 887 nunc
3363 845 3464 900 est,
3510 839 3749 892 mundus

2170 911 2306 967 alius
2330 912 2532 982 fuerit;
2564 923 2619 971 et
2643 918 2688 971 si
2723 916 2848 984 fuit,
2876 930 3055 975 utrum
3089 922 3209 978 talis
3247 923 3410 979 fuerit
3439 927 3616 995 qualis
3639 930 3748 984 iste

2157 1009 2248 1077 qui
2278 1025 2423 1064 nunc
2451 1020 2555 1075 est,
2590 1028 2656 1065 an
2693 1013 2852 1083 paulo
2887 1015 3240 1084 diff‘erentior,
3271 1022 3354 1075 vel
3385 1023 3609 1080 inferior
3635 1039 3767 1098 aut_

2157 1100 2380 1156 omnino
2407 1117 2517 1155 non
2548 1102 2709 1157 fuerit
2742 1107 2995 1173 mundus,
3034 1110 3127 1164 sed
3164 1113 3267 1166 tale
3306 1113 3505 1183 aliquid
3534 1115 3732 1185 fuerit,

2157 1191 2370 1258 qualem
2397 1193 2545 1246 illum
2573 1194 2920 1266 intelligimus
2962 1212 3080 1268 post
3117 1205 3355 1257 omnium
3388 1206 3544 1261 finem
3580 1210 3736 1266 futu-

2162 1295 2303 1343 rum,
2335 1297 2456 1335 cum
2491 1285 2729 1338 tradetur
2753 1303 2979 1356 regnum
2999 1291 3108 1345 Deo
3137 1302 3190 1346 et
3215 1295 3356 1350 Patri
3378 1316 3388 1348 :
3408 1299 3497 1366 qui
3532 1301 3738 1356 nihilo-

2160 1371 2338 1425 minus
2385 1373 2605 1428 alterius
2654 1377 2838 1430 mundi
2884 1378 3045 1433 fuerit
3118 1383 3266 1449 finis,
3316 1385 3460 1441 illius
3519 1391 3737 1447 scilicet

2161 1473 2285 1532 post
2313 1481 2472 1532 quem
2512 1467 2600 1521 hic
2631 1472 2864 1526 mundus
2893 1475 3055 1542 cmpit
3084 1493 3095 1526 :
3129 1476 3309 1544 lapsus
3338 1489 3516 1534 autem
3552 1485 3737 1538 varius

2164 1555 2604 1612 intellectualium
2638 1560 2747 1631 (87)
2790 1572 3102 1617 naturarum
3150 1572 3517 1634 provocaverit
3561 1572 3735 1629 Deum

2165 1645 2228 1698 ad
2265 1646 2419 1700 istam
2461 1650 2659 1703 variam
2709 1652 3080 1723 diversamque
3124 1658 3483 1714 conditionem
3522 1666 3732 1720 mundi.

2097 1758 2137 1815 Β
2166 1736 2268 1791 Sed
2294 1748 2348 1792 et
2376 1739 2506 1794 illud
2539 1741 2784 1795 similiter
2826 1745 3207 1812 requirendum
3237 1757 3384 1817 puto,
3415 1751 3524 1820 80
3553 1763 3735 1808 utrum

2167 1839 2288 1897 post
2333 1830 2476 1885 hunc
2525 1834 2787 1886 mundum
2837 1835 3043 1888 curatio
3092 1837 3264 1906 aliqua
3319 1849 3373 1893 et
3427 1844 3737 1898 emendatio

2168 1919 2289 1983 erit,
2320 1922 2563 1989 asperior
2589 1923 2805 1991 quidem
2848 1936 2901 1980 et
2940 1928 3138 1982 doloris
3181 1931 3336 1998 plena
3365 1949 3488 2004 erga
3515 1950 3608 1988 eos
3641 1936 3732 2004 qui

2167 2011 2334 2064 verbo
2364 2012 2457 2064 Dei
2486 2013 2706 2067 obedire
2732 2015 3053 2081 noluerunt;
3087 2035 3182 2087 per
3220 2023 3574 2077 eruditionem
3604 2041 3737 2080 vero

2169 2102 2649 2172 rationabilemque
2697 2106 3088 2162 institutionem
3116 2153 3130 2174 ,
3174 2126 3270 2179 per
3312 2129 3470 2181 quam
3515 2128 3740 2185 possent

2168 2194 2235 2246 ad
2269 2193 2674 2263 locupletiorem
2722 2198 2984 2266 proficere
3033 2201 3271 2256 veritatis
3308 2204 3640 2262 intellectum
3679 2220 3740 2265 ut

2167 2284 2256 2352 qui
2303 2284 2358 2337 in
2397 2288 2646 2354 praesenti
2695 2289 2802 2342 vita
2850 2290 2903 2342 in
2946 2291 3062 2344 hac
3097 2308 3154 2345 se
3195 2294 3369 2348 studia
3415 2296 3742 2354 dediderunt

2172 2377 2314 2447 (88),
2346 2388 2401 2432 et
2445 2380 2718 2434 mentibus
2753 2382 3087 2452 purgatiores
3128 2385 3336 2458 effecti,
3369 2403 3593 2457 capaces
3623 2391 3738 2459 jam

2171 2468 2299 2521 hinc
2349 2469 2543 2524 divinas
2592 2470 2866 2539 sapientiae
2912 2484 3300 2541 perrexerunt;
3353 2486 3406 2530 et
3454 2488 3575 2546 post
3623 2481 3742 2537 haec

2167 2559 2346 2614 statim
2378 2559 2498 2614 finis
2527 2562 2770 2618 omnium
2795 2573 3177 2634 consequetur,
3210 2576 3263 2620 et
3284 2583 3381 2636 pro
3404 2573 3740 2626 correctione

2165 2662 2220 2707 et
2249 2655 2628 2709 emendatione
2675 2670 2863 2711 eorum
2908 2658 2999 2727 qui
3044 2658 3240 2713 talibus
3285 2659 3554 2730 indigent,
3599 2664 3737 2719 alius

2163 2759 2354 2798 rursus
2394 2745 2631 2800 mundus
2672 2745 2806 2810 erit,
2845 2747 2929 2802 vel
2965 2749 3155 2802 similis
3197 2748 3284 2802 isti
3326 2750 3417 2817 qtti
3447 2766 3593 2806 nunc
3631 2763 3741 2822 est,

2153 2839 2240 2894 vel
2267 2839 2372 2893 hoc
2399 2838 2722 2903 melior,aut
2743 2839 2912 2892 multo
2941 2838 3212 2904 deterior;
3255 2847 3311 2893 et
3337 2839 3730 2910 qualiscunque

2153 2929 2245 2984 ille
2268 2929 2373 2983 erit
2403 2937 2524 2996 post
2549 2929 2694 2984 hunc
2742 2928 2998 2995 mundus,
3043 2930 3281 2998 quandiu
3311 2931 3446 2997 erit;
3472 2940 3527 2986 et
3556 2934 3599 2986 si
3623 2933 3733 2986 erit

2154 3020 2444 3090 aliquando
2476 3035 2600 3074 eum
2660 3020 2838 3076 nullus
2881 3037 3117 3091 unquam
3162 3023 3233 3077 sit
3271 3025 3524 3090 mundus,
3555 3032 3647 3078 aut
3682 3027 3731 3080 si
3801 3035 3814 3044 '

2077 3103 2121 3166 C
2153 3109 2254 3169 fuit
2277 3111 2569 3180 aliquando
2602 3126 2722 3166 cum
2758 3113 2988 3167 mundus
3019 3128 3126 3168 non
3153 3113 3558 3170 fueritomniuo
3577 3116 3729 3186 (89);

2153 3202 2322 3257 aut‘si
2367 3201 2569 3257 fuerint
2596 3203 2797 3273 plures,
2847 3205 2930 3258 vel
2962 3213 3142 3273 erunt,
3191 3215 3280 3260 aut
3309 3207 3352 3261 si
3389 3207 3598 3281 accidat
3629 3209 3730 3263 ali-

2151 3292 2369 3361 quando
2391 3302 2450 3346 ut
2479 3291 2614 3346 alter
2658 3292 2814 3346 alteri
2844 3293 3070 3362 aequalis
3091 3302 3148 3350 et
3168 3294 3364 3351 similis
3393 3311 3490 3365 per
3542 3299 3729 3353 omnia

2148 3393 2313 3453 atque
2338 3382 2665 3438 indiscretus
2695 3384 2934 3440 eveniat.

2218 3497 2273 3550 ‘2.
2307 3495 2531 3566 Utergo
2571 3497 2914 3553 manifestius
2949 3509 3210 3568 appareat
3255 3509 3436 3555 utrum
3495 3504 3724 3559 materia

2148 3589 2448 3657 corporalis
2477 3603 2573 3656 per
2593 3590 2879 3645 intervalla
2909 3592 3044 3662 (907i
3063 3594 3346 3660 subsistat,
3372 3604 3426 3649 et
3447 3595 3586 3651 sicut
3616 3614 3726 3654 non

2148 3680 2250 3733 fttit
2287 3690 2577 3748 antequam
2607 3681 2779 3747 fieret,
2818 3682 3015 3738 iterum
3048 3685 3352 3741 resolvatur
3393 3697 3451 3742 ut
3481 3704 3584 3742 non
3617 3692 3723 3758 sit;

2147 3770 2426 3827 videamus
2463 3776 2697 3842 primum
2734 3775 2780 3831 si
2840 3775 2956 3830 fieri
3018 3785 3196 3845 potest
3241 3787 3298 3833 ut
3335 3781 3481 3834 vivat
3528 3781 3726 3851 aliquis

2142 3861 2260 3916 sine
2294 3877 2541 3932 corpore.

2142 3974 2197 4030 Si
2220 3978 2364 4031 enim
2395 3977 2590 4047 aliquis
2612 3988 2786 4049 potest
2812 3981 2892 4034 vi-
3070 3999 3288 4038 IllERON.
3362 4001 3612 4042 INTERPR.

2135 4085 2266 4127 vere
2311 4072 2430 4128 sine
2467 4088 2716 4144 corpore,
2753 4090 2885 4145 pos-
2963 4079 3024 4134 Si
3062 4082 3255 4142 omnia,
3289 4091 3341 4134 ut
3388 4083 3496 4150 ipse
3535 4084 3722 4146 dispu-

2133 4175 2348 4222 suntet
2384 4169 2721 4242 omnia(9l)
2771 4186 2890 4227 esse
2963 4171 3176 4226 tatiom’s
3238 4173 3366 4227 ordo
3420 4176 3716 4248 compellit,

2143 4286 2406 4356 plurimos
2438 4297 2491 4342 et
2531 4290 2613 4344 sui
2657 4288 2895 4354 similes,
2937 4288 3029 4344 sed
3069 4297 3192 4358 post
3249 4288 3478 4344 alterius
3529 4293 3718 4347 mundi

2141 4360 2324 4425 finem,
2362 4359 2588 4413 alterius
2616 4373 2734 4412 esse
2779 4359 3134 4426 principium;
3174 4368 3228 4411 et
3265 4369 3394 4411 ante
3428 4361 3570 4413 hunc
3619 4377 3720 4416 no-

2139 4437 2310 4481 strum
2336 4429 2616 4491 mundum,
2647 4428 2808 4482 alium
2843 4429 3010 4482 fuisse
3040 4428 3294 4481 mundum
3317 4445 3331 4492 ;
3352 4438 3405 4482 et
3428 4438 3549 4496 post
3573 4431 3718 4486 hunc

456 4495 578 4562 nes,
599 4483 1310 4568 materialeitlsttbstantiam
1350 4483 1627 4568 intellectu
1664 4488 1836 4568 solum
1870 4483 2022 4558 sepao
2062 4497 2106 4550 D
2137 4496 2299 4550 alittm
2330 4513 2449 4551 esse
2475 4483 2737 4559 futurum,
2760 4507 2953 4564 etpost
2983 4499 3130 4552 illum
3155 4483 3355 4558 alium';
3387 4483 3717 4568 rursumque

457 4551 562 4621 rari
600 4564 628 4600 a
654 4552 1075 4621 rationabilibus
1115 4557 1344 4621 naturis,
1371 4558 1620 4612 consulas
1652 4558 1807 4613 velim
1845 4551 2027 4616 notam

454 4616 546 4677 94,
582 4619 688 4671 col.
722 4620 843 4674 126.

526 4686 637 4757 (80)
672 4689 889 4756 Aliquot
919 4707 1069 4757 mss.,
1096 4711 1116 4744 ‹
1159 4694 1343 4748 habet.
1376 4713 1393 4746 ι

521 4753 634 4892 (8))
669 4753 840 4812 Caute
864 4759 999 4829 lege.

545 4826 611 4879 8'2
667 4827 741 4880 Ita
773 4843 940 4892 mss.;
989 4831 999 4882 i

545 4826 634 4895 8'2)
667 4826 940 4909 lta'tnssj
983 4831 1039 4909 _in
1069 4831 1238 4909 editis
1278 4833 1439 4909 deest_
1466 4853 1484 4885 ‹
1535 4837 1712 4909 unius,
1756 4858 1774 4891 ι
1825 4849 1879 4892 et
1923 4856 2020 4909 pro

453 4914 472 4946 α
515 4896 890 4970 complebitttr,
928 4917 946 4949 ι
983 4899 1177 4970 legitur
1206 4919 1225 4952 ι
1265 4903 1660 4970 complectitur,
1698 4896 1716 4958 ὦ
1756 4911 1910 4963 male.

665 4966 962 5071 Reiz'lfeest
983 4964 1423 5071 i'ttian'tealedilis',
1443 4976 1538 5054 sed
1558 4964 1790 5071 habetur
1811 4979 1861 5058 in
1885 4996 2017 5071 tn'ss.

527 5035 632 5112 {84)
665 5036 718 5087 ltt
755 5045 911 5112 antea
935 5038 1096 5093 editis
1125 5039 1355 5112 legitur:
1398 5035 1417 5092 ἐ
1450 5045 1493 5095 si
1527 5046 1646 5112 quis
1682 5047 1816 5102 forte
1845 5048 1896 5100 in
1937 5051 2020 5104 his

448 5105 663 5183 talibus
698 5105 917 5183 arcanis
976 5118 1030 5159 et
1069 5105 1376 5183 reconditis
1421 5113 1488 5164 sit
1520 5105 1748 5169 arcanus
1805 5133 2017 5183 sensus,

445 5177 488 5227 si
535 5174 663 5245 quid
719 5174 772 5226 itt
832 5176 1217 5254 ab_sconsis_et
1250 5183 1553 5254 reconditis
1609 5193 1797 5239 saneto
1847 5174 2018 5254 Spiri;

446 5253 524 5305 tu,
569 5263 586 5295 ι
633 5253 762 5308 etc.,
820 5245 914 5298 sed
965 5263 1095 5303 mss.
1137 5248 1424 5304 lectionem
1467 5254 1634 5306 nostri
1690 5245 2014 5311 textus-ex:

441 5313 649 5368 bibent.

513 5384 626 5455 (85)
659 5383 826 5455 Caute
855 5384 989 5455 lege.

512 5453 625 5527 (86)
664 5452 853 5527 Utrum
880 5452 1002 5508 ante
1033 5456 1168 5509 hunc
1202 5459 1476 5524 mundum,
1505 5471 1611 5517 etc.
1643 5462 1793 5527 Quod
1822 5465 1871 5519 in
1914 5468 2014 5522 hoc

441 5524 621 5591 capite
648 5524 715 5602 ab
747 5524 980 5602 Qrigene
1009 5527 1073 5602 de
1097 5527 1342 5602 pluribus
1378 5533 1592 5602 mundis
1621 5524 2009 5602 pertractatur,

441 5593 754 5675 summatim
784 5594 833 5648 in
853 5593 1182 5675 ’epistola’ad
1211 5597 1425 5651 Avitum
1451 5593 1632 5675 refert
1655 5593 2013 5675 Hieronymus

443 5661 734 5740 h_is_verbis
769 5682 778 5717 :
821 5661 933 5740 {in
966 5667 1202 5740 secundo
1235 5679 1414 5740 autem
1449 5671 1585 5726 libro
1617 5675 1841 5729 mundos
1859 5661 2013 5731 asse?-

439 5735 510 5783 rit
538 5735 981 5802 innumerabiles.
1014 5754 1116 5792 non
1139 5737 1292 5805 juxta
1326 5739 1613 5806 Epicurum
1642 5759 1747 5798 uno
1773 5756 2013 5815 tempore

2137 4575 2366 4621 caeteros
2392 4577 2512 4635 post
2539 4576 2783 4620 cteteros.
2815 4568 2881 4621 Et
2920 4569 3129 4622 dubitat
3163 4577 3340 4620 utrum
3373 4569 3587 4623 futurus
3642 4572 3716 4624 sit

2135 4637 2369 4690 mundus
2396 4637 2548 4690 alteri
2585 4637 2785 4691 tnundo
2817 4637 2888 4690 ita
2919 4653 2982 4690 ex
3027 4637 3172 4690 onmi
3208 4648 3360 4705 parte
3387 4639 3711 4703 consimilis,

2134 4713 2191 4757 ut
2223 4707 2372 4760 nullo
2407 4707 2548 4760 inter
2585 4721 2641 4760 se
2681 4707 2882 4760 distare
2909 4707 3229 4771 videantur;
3269 4717 3359 4759 aut
3387 4718 3536 4762 certe
3574 4724 3714 4762 nun-

2130 4788 2292 4842 quam
2331 4778 2560 4830 muudus
2602 4777 2755 4828 alteri
2785 4777 2986 4829 mundo
3025 4791 3090 4829 ex
3136 4785 3245 4830 toto
3277 4777 3604 4833 indiscretus
3653 4789 3711 4834 et

2131 4845 2321 4898 similis
2350 4847 2422 4899 sit
2447 4845 2674 4899 futurus.
2699 4865 2716 4896 ι

2201 4912 2310 4983 (87)
2339 4915 2427 4969 Sic
2472 4916 2674 4984 optime
2716 4932 2845 4970 mss.
2892 4915 3130 4970 Pessime
3173 4931 3302 4969 vero
3353 4915 3485 4970 libb.
3527 4917 3703 4972 editi:

2135 5001 2152 5034 ι
2194 4984 2359 5054 cmpit
2395 4985 2606 5054 lapsus;
2638 5001 2702 5038 au
2734 4989 2935 5049 vatius,
2960 4997 3013 5038 et
3048 4986 3513 5050 intellectualium,
3552 5006 3570 5040 ι
3596 5000 3705 5042 etc.

2200 5053 2308 5123 (88)
2336 5054 2426 5108 Sic
2449 5053 2585 5110 mss.
2616 5054 2781 5121 Alias,
2829 5074 2846 5106 ι
2889 5057 2938 5109 in
2973 5058 3075 5110 hoc
3116 5071 3236 5109 esse
3286 5057 3462 5110 studio
3499 5057 3708 5112 didice-

2127 5132 2274 5178 runt.
2309 5143 2326 5175 ι
2358 5125 2558 5186 Ibidem
2596 5125 2727 5176 libb.
2759 5126 2918 5179 editi:
2957 5143 2975 5175 ε
3019 5140 3243 5192 capaces
3283 5126 3391 5193 jam
3443 5126 3707 5192 hujttsdi-

2127 5193 2265 5246 vinas
2300 5195 2579 5261 sapientia:
2619 5194 2792 5248 effecti
2831 5203 2974 5256 sunt,
3004 5206 3058 5248 et
3113 5197 3156 5248 si
3196 5205 3318 5262 post
3363 5196 3502 5250 haue
3532 5198 3702 5258 vitam

2123 5265 2308 5315 statim
2336 5264 2476 5317 finis.
2520 5283 2538 5316 ι
2570 5266 2637 5318 At
2675 5279 2805 5318 mss.
2834 5277 2890 5316 ttt
2921 5265 2970 5316 itt
3007 5276 3194 5318 nostro
3224 5273 3393 5318 textu.

2194 5331 2305 5402 (89)
2338 5334 2428 5388 Sic
2453 5350 2582 5388 mss.
2615 5333 2783 5398 Alias,
2815 5352 2832 5384 ‹
2867 5336 2973 5388 erit
2998 5334 3085 5387 ille
3111 5344 3229 5403 post
3247 5336 3390 5388 hunc
3421 5335 3703 5402 mundum,

2120 5404 2365 5474 qua_mliu_
2388 5407 2510 5466 erit,
2537 5412 2628 5474 aut
2652 5404 2699 5474 si
2727 5404 2950 5458 omnino
2983 5422 3086 5459 non
3105 5406 3229 5469 erit,
3259 5405 3371 5459 etsi
3399 5406 3504 5474 erit
3531 5405 3696 5474 aiiq.)

2191 5472 2300 5541 (90)
2337 5472 2646 5528 Intervalla.
2673 5472 2837 5527 Recte
2860 5489 2988 5529 mss.
3007 5490 3021 5537 ;
3041 5474 3179 5529 male
3215 5491 3342 5528 vero
3367 5473 3518 5538 editi,
3544 5493 3561 5526 ε
3589 5472 3703 5528 nia-

2125 5543 2334 5596 teriam.
2370 5562 2387 5594 ι
2430 5543 2595 5596 Paulo
2630 5553 2752 5610 post
2803 5559 2958 5605 mss.,
2995 5564 3011 5594 ί
3050 5556 3107 5598 ιιι
3149 5546 3292 5597 vivat
3326 5544 3524 5612 aliquis
3581 5547 3701 5601 sine

2122 5627 2369 5682 corpore.
2409 5631 2425 5662 ι
2461 5614 2512 5665 lu
2547 5622 2701 5664 antea
2731 5613 2890 5666 editis
2919 5617 3071 5668 deest
3104 5634 3120 5665 ι
3172 5615 3387 5682 aliquis.
3424 5633 3443 5665 ι

2150 5744 2156 5750 ἱ
2192 5681 2394 5753 (9_l_)_Si
2419 5683 2610 5742 omnia,
2646 5690 2746 5734 etc.
2771 5682 2892 5737 l‘ltnc
2921 5685 3200 5753 desumpta
3231 5681 3350 5739 sunt
3376 5699 3441 5738 ex
3470 5684 3696 5752 cpistola

2123 5749 2259 5805 beati
2285 5749 2592 5810 llict'onvmi
2620 5753 2684 5807 ad
2714 5753 2946 5810 Avitum.
