4014 6142
283 255 394 322 189

1622 272 1822 329 LIBER
1863 276 2245 338 SECUNDUS.

3461 288 3562 344 190

285 379 410 476 sine
424 391 702 476 corpore:
723 382 904 438 omnia
921 384 1066 439 enim
1141 386 1252 442 sine
1278 404 1494 458 corpore
1510 392 1752 458 vixerint,
1777 413 1897 451 con-
1922 403 1969 459 Α
2000 416 2234 470 namque
2288 403 2518 458 mortale
2569 411 2671 468 est,
2703 403 2805 458 hoc
2845 406 3102 460 continuo
3127 417 3181 460 et
3207 411 3563 476 corruptibile

285 472 550 527 adunum
575 473 1070 532 ﬁnemtenderesu-
1139 490 1374 533 sumetur
1422 485 1711 551 corporalis
1764 489 1888 540 uni—

284 567 482 635 perior
525 576 798 623 tractatus
825 571 1061 626 edocuit.
1136 585 1283 624 versa
1312 582 1526 637 natura,
1549 587 1595 628 et
1627 579 1888 646 redigetur

285 657 340 711 Si
378 669 584 713 autem
621 661 804 714 omnia
841 673 1065 730 possunt
1133 662 1187 713 in
1206 661 1447 729 nihilum,
1468 680 1584 733 qure
1600 667 1883 737 aliquando

281 765 483 808 carere
533 754 894 822 corporibus,
944 756 1060 810 sine
1132 751 1274 820 facta
1304 763 1378 807 est
1435 756 1498 809 de
1532 757 1728 823 nihilo;
1767 761 1886 812 eri:-

1993 501 2096 556 est;
2127 507 2233 545 non
2261 503 2441 548 tamen
2475 496 2518 548 si
2551 495 2678 562 quid
2728 497 3078 566 corruptibile
3115 505 3218 564 est,
3247 499 3349 554 hoc
3394 503 3560 558 etiam

1990 583 2223 637 mortale
2276 585 2379 638 dici
2431 596 2633 654 potest.
2669 586 2912 656 Denique
2945 587 3174 656 lapidem
3214 590 3297 643 vel
3358 591 3559 660 lignum

1989 673 2340 740 corruptibile
2358 676 2572 742 quidem
2597 675 2847 741 dicimus;
2878 692 2982 730 non
3017 687 3194 732 tamen
3226 681 3388 733 etiam
3417 697 3563 736 mor-

1989 763 2093 817 tale
2151 775 2544 832 consequenter
2585 767 2848 822 dicemus.
2894 770 3103 838 Corpus
3144 787 3271 825 vero
3310 775 3560 841 quoniam

1986 855 2109 906 vitae
2133 855 2437 922 participat,
2473 869 2537 909 ex
2569 871 2633 909 eo
2654 858 2796 925 quod
2815 861 3055 924 separari
3084 861 3150 913 ab
3168 875 3231 915 eo
3252 863 3359 917 vita
3389 872 3562 931 potest

1983 954 2038 998 et
2085 954 2387 1012 separatur,
2437 957 2836 1013 consequenter
2867 948 3092 1000 mortale
3127 949 3265 1018 (95)
3317 953 3561 1004 nomina-

1985 1051 2123 1101 mus,
2154 1043 2205 1088 et
2235 1037 2532 1089 secundum
2570 1036 2733 1090 alium
2772 1052 2987 1105 quoque
3021 1040 3348 1094 intellectum
3398 1041 3558 1095 etiam

1984 1123 2333 1190 corruptibile
2379 1123 2630 1178 dicimus.
2687 1125 2821 1178 Mira
2887 1141 3018 1194 ergo
3075 1129 3283 1182 ratione
3339 1139 3561 1184 sanctus

1983 1194 2269 1280 Apostolus
2298 1211 2434 1286 (96)
2470 1215 2534 1268 ad
2562 1216 2872 1284 generalem
2904 1217 3134 1283 primam
3185 1233 3401 1271 causam
3465 1234 3558 1273 re-

1981 1307 2216 1374 spiciens
2247 1307 2485 1359 materia:
2536 1306 2856 1374 corporalis,
2898 1298 3054 1372 cujus
3109 1309 3352 1360 materiae
3381 1309 3559 1363 anima

1983 1411 2136 1448 usum
2179 1410 2393 1465 semper
2419 1397 2585 1450 habet
2613 1396 2629 1464 (
2655 1395 2758 1462 97)
2788 1396 2839 1448 in
2881 1395 3124 1464 qualibet
3152 1397 3411 1463 qualitate
3465 1413 3560 1466 po-

1981 1487 2123 1554 sitae,
2185 1502 2328 1540 nunc
2364 1487 2576 1554 quidem
2624 1485 2852 1548 carnali,
2887 1487 3224 1553 postmodum
3274 1502 3402 1540 vero
3432 1488 3564 1542 sub-

1986 1575 2149 1628 tiliori
2192 1566 2246 1628 et
2286 1575 2516 1644 puriori,
2574 1589 2693 1644 qua:
2739 1575 3000 1643 spiritalis
3051 1575 3388 1643 appellatur,
3451 1576 3556 1629 ait:

1985 1683 2003 1715 ε
2037 1664 2268 1718 Necesse
2325 1674 2408 1718 est
2463 1664 2814 1732 corruptibile
2870 1665 2972 1718 hoc
3045 1665 3267 1718 induere
3312 1665 3557 1718 incorru-

1981 1761 2277 1828 ptionem.»
2320 1756 2568 1812 Secundo
2619 1771 2746 1811 vero
2803 1757 2867 1807 ad
2919 1754 3212 1824 specialem
3254 1753 3393 1824 (98)
3432 1771 3555 1809 cor-

1979 1851 2130 1919 poris
2159 1847 2454 1915 respiciens
2482 1862 2700 1900 causam
2749 1846 2852 1899 ait:
2885 1863 2904 1895 (
2938 1845 3170 1899 Necesse
3213 1858 3296 1899 est
3329 1846 3557 1902 mortale

1978 1942 2081 1995 hoc
2130 1939 2352 1992 induere
2402 1937 2891 1990 immortalitatem.
2928 1955 2947 1986 ι
2987 1936 3324 2006 lncorruptio
3367 1947 3549 1992 autem

1976 2040 2031 2084 et
2057 2028 2439 2082 immortalitas
2492 2027 2618 2094 quid
2653 2025 2795 2080 aliud
2845 2025 2946 2078 erit
3005 2027 3108 2079 nisi
3165 2026 3454 2093 sapientia,
3501 2036 3557 2081 et

1980 2119 2236 2182 Verbum,
2266 2127 2319 2171 et
2346 2117 2560 2186 justitia
2608 2116 2726 2180 Dei,
2751 2132 2869 2185 qua:
2904 2117 3141 2172 formant
3197 2119 3455 2182 animam,
3501 2129 3556 2173 et

1975 2211 2226 2274 induunt,
2272 2219 2325 2262 et
2349 2207 2744 2262 exornant?Et
2785 2208 2857 2261 ita
2915 2207 2978 2262 fit
3027 2215 3084 2260 ut
3141 2209 3378 2273 dicatur,
3426 2210 3551 2277 quia

1973 2300 2329 2370 corruptibile
2393 2299 2861 2368 incorruptionem
2944 2299 3151 2366 induet,
3215 2308 3270 2353 et
3329 2301 3554 2354 mortale

1976 2392 2462 2448 immortalitatem.
2510 2389 2671 2446 Nunc
2717 2391 2862 2444 enim
2923 2391 3136 2444 etiamsi
3190 2390 3340 2445 valde
3387 2391 3552 2460 proﬁ-

1975 2485 2203 2544 ciamus.
2253 2494 2428 2539 tamen
2470 2485 2724 2553 quoniam
2788 2482 2930 2552 (99)
2979 2482 3150 2537 solum
3181 2497 3246 2536 ex
3273 2493 3426 2551 parte
3463 2497 3556 2536 co-

1971 2576 2307 2644 gnoscimus,
2331 2583 2385 2628 et
2405 2589 2469 2629 ex
2490 2585 2642 2642 parte
2664 2573 3064 2642 propltetamus,
3088 2583 3141 2626 et
3162 2588 3256 2643 per
3277 2575 3551 2643 speculum

1973 2664 2028 2718 in
2062 2665 2349 2732 aanigmate
2390 2663 2636 2717 videmus
2660 2678 2722 2717 ea
2763 2662 2877 2730 ipsa
2906 2678 3026 2730 qua:
3061 2663 3308 2716 videmur
3352 2663 3550 2716 intelli-

1973 2769 2122 2826 gere,
2149 2752 2386 2808 nondum
2413 2762 2728 2821 corruptum
2750 2753 2856 2806 hoc
2879 2751 3054 2806 induit
3073 2752 3550 2820 incorruptionem,

277 844 447 897 dubio
484 860 605 900 non
640 846 1059 901 eritsubstantia
1131 862 1229 914 que
1251 856 1448 915 tempus
1483 866 1584 918 quo
1618 867 1742 904 usus
1772 855 1884 919 ejus

272 939 1065 1008 corporalis,cujusususnul-
1134 941 1321 994 iterum
1353 947 1673 997 necessarius
1718 945 1807 999 sit.

272 1033 356 1087 lus
382 1035 659 1089 exsistet.

266 1123 337 1178 Et
391 1128 692 1194 quomodo
729 1127 1028 1181 sentiemus
1061 1127 1191 1180 illud
1237 1128 1378 1196 quod
1417 1130 1554 1184 dixit
1594 1131 1879 1200 Apostolus

266 1215 324 1268 in
362 1215 462 1270 his
520 1216 663 1270 locis
716 1217 768 1270 in
829 1217 1026 1285 quibus
1077 1218 1142 1271 de
1191 1221 1594 1274 resurrectione
1645 1223 1882 1292 disputat

264 1315 663 1371 mortuorum,
695 1321 816 1361 cum
841 1306 951 1360 ait:
983 1325 1002 1358 ι
1032 1306 1266 1362 Necesse
1291 1318 1373 1362 est
1411 1319 1590 1364 autem
1617 1315 1883 1381 corrupti-

263 1397 384 1450 bile
421 1397 542 1452 hoc
600 1398 829 1454 induere
875 1399 1366 1466 incorruptionem,
1426 1409 1481 1454 et
1517 1403 1742 1456 mortale
1779 1405 1881 1458 hoc

264 1487 517 1542 induere
576 1489 1060 1543 immortalitatem.
1125 1489 1257 1543 Cum
1298 1501 1474 1543 autem
1533 1494 1880 1561 corruptibile

263 1577 374 1630 hoc
412 1578 677 1632 induerit
731 1579 1211 1648 incorruptionem,
1252 1590 1306 1634 et
1338 1580 1563 1634 mortale
1589 1583 1688 1636 hoc
1720 1584 1877 1638 indu-

259 1665 376 1718 erit
419 1666 932 1732 immortalitatem,
978 1678 1103 1723 tunc
1154 1669 1246 1724 ﬁet
1290 1684 1468 1724 sermo
1506 1673 1594 1738 qui
1643 1673 1876 1740 scriptus

262 1758 352 1802 est
376 1766 396 1804 :
457 1752 747 1821 Absorpta
779 1763 861 1807 est
912 1768 1061 1808 mors
1091 1756 1144 1810 in
1178 1757 1400 1812 victoria
1425 1775 1440 1823 ;
1470 1759 1558 1814 ubi
1583 1769 1683 1828 est,
1707 1776 1874 1826 mors,

259 1840 522 1896 victoria
553 1843 678 1896 tua?
703 1841 1116 1914 Absorptusest,
1137 1861 1301 1912 mors,
1324 1848 1544 1903 aculeus
1567 1856 1688 1904 tuus
1706 1850 1836 1921 (92)
1859 1868 1872 1916 ;

262 1931 518 1987 aculeus
579 1942 761 1990 autem
829 1937 1020 1991 mortis
1101 1947 1419 2006 peccatum,
1475 1938 1645 1994 virtus
1694 1949 1874 1995 autem

257 2025 498 2090 peccati
560 2025 644 2080 lex
682 2026 746 2082 ".
788 2047 806 2079 ι
858 2023 1040 2082 Talem
1099 2043 1230 2097 ergo
1313 2032 1598 2100 quemdam
1665 2033 1876 2086 videtur

257 2115 583 2182 Apostolus
631 2132 924 2186 suggerere
974 2119 1322 2176 intellectum.
1386 2120 1537 2187 Quod
1574 2123 1714 2176 enim
1765 2125 1868 2178 ait:

262 2223 283 2256 r
323 2207 718 2278 Corruptibile
751 2211 873 2275 hoc,
915 2219 970 2266 et
995 2213 1221 2268 mortale
1244 2215 1362 2276 hoc,
1402 2231 1420 2264 ›
1461 2214 1605 2268 velut
1641 2224 1871 2284 tangen-

257 2297 334 2354 tis
354 2307 419 2352 et
446 2301 796 2356 ostendentis
819 2301 1034 2367 all'eetu,
1060 2303 1148 2359 cui
1175 2303 1262 2357 alii
1292 2305 1544 2358 convenit
1574 2307 1674 2360 nisi
1702 2316 1872 2361 mate-

253 2391 359 2444 ria:
413 2392 702 2459 corporali
746 2392 926 2461 (95)?
969 2393 1091 2448 Ilaec
1130 2409 1260 2463 ergo
1331 2396 1558 2449 materia
1603 2398 1867 2468 corporis,

254 2494 390 2546 quae
427 2495 586 2534 nunc
617 2480 981 2548 corruptibilis
1022 2491 1125 2545 est,
1157 2483 1342 2536 induet
1385 2482 1867 2551 incorruptionem,

250 2583 394 2624 cum
477 2571 717 2637 perlecta
762 2570 940 2623 anima
973 2579 1027 2624 et
1071 2572 1409 2640 dogmatibus
1453 2575 1871 2642 incorruptionis

252 2660 564 2715 instructa
601 2660 676 2713 uti
715 2675 780 2714 eo
810 2660 1061 2728 coeperit.
1121 2661 1188 2714 Et
1212 2661 1334 2716 nolo
1380 2661 1596 2717 mireris
1630 2665 1676 2717 si
1724 2662 1872 2715 velut

254 2751 668 2806 indumentum
714 2752 958 2820 corporis
990 2751 1283 2819 perfectam
1337 2753 1571 2806 animam
1621 2753 1869 2817 dicimus,

260 2855 391 2910 quae
428 2849 664 2910 propter
717 2839 951 2895 Verbum
983 2843 1077 2896 Dei
1119 2846 1174 2897 et
1223 2843 1542 2910 sapientiam
1573 2844 1690 2914 ejus
1728 2862 1870 2902 nunc
1970 2859 2149 2914 neque
2188 2843 2418 2898 mortale
2472 2844 2540 2898 ab
2596 2842 3004 2896 immortalitate
3044 2842 3447 2906 circumdatur;
3499 2851 3554 2896 et

264 2931 627 3000 iucorruptio
673 2933 1015 3000 nominatur;
1085 2949 1207 2989 cum
1256 2935 1368 3002 ipse
1409 2935 1596 3004 utique
1639 2937 1728 3005 qui
1785 2944 1869 2992 est
1969 2938 2221 3006 quoniam
2248 2935 2365 2990 sine
2398 2935 2502 3005 81
2529 2934 2694 2988 dubio
2728 2933 2780 2985 in
2813 2933 3025 3003 longius
3088 2933 3422 3001 protrahitur
3453 2947 3551 2986 no-

267 3020 628 3091 Dominus‘et
658 3031 875 3076 creator
895 3024 1090 3077 animae
1110 3023 1268 3079 Jesus
1300 3025 1552 3080 Christus
1582 3027 1864 3083 indumen-
1892 3048 1934 3105 ο
1967 3035 2082 3080 stra
2110 3027 2224 3080 hinc
2251 3024 2305 3077 iu
2339 3037 2567 3093 corpore
2605 3023 2840 3076 eruditio
2865 3020 2939 3092 (i)
2959 3039 2971 3075 :
2994 3021 3242 3076 videlicet
3273 3036 3551 3092 usquequo

271 3119 390 3165 tum
443 3115 652 3167 sanctis
704 3127 823 3167 esse
889 3113 1124 3179 dicatur,
1165 3115 1307 3168 sicut
1338 3113 1632 3183 Apostolus
1696 3117 1862 3171 dicit:

278 3220 298 3253 ι
332 3203 560 3258 lnduite
592 3217 687 3258 vos
713 3203 995 3258 Dominum
1026 3202 1210 3258 Iesum
1245 3205 1521 3259 Christum
1544 3205 1609 3259 ⁸⁸.
1654 3224 1673 3256 ›
1715 3205 1868 3260 Sicut

273 3309 412 3364 ergo
437 3296 694 3350 Christus
726 3295 1102 3352 indumentum
1142 3308 1223 3350 est
1251 3299 1464 3364 animae,
1499 3299 1570 3352 ita
1611 3298 1866 3367 intelligi-

275 3391 375 3444 bili
398 3393 641 3460 quadam
668 3392 875 3446 ratione
892 3391 1056 3446 etiam
1076 3391 1254 3444 anima
1279 3386 1868 3448 indumentum-dicitur

275 3498 400 3539 esse
436 3485 710 3554 corporis.
731 3483 1122 3539 Ornamentum
1156 3484 1298 3538 enim
1321 3483 1436 3550 ejus
1468 3495 1550 3539 est
1582 3486 1768 3539 velans
1815 3497 1870 3541 et

278 3583 584 3645 contegens
628 3574 744 3642 ejus
785 3575 1070 3630 mortalem
1123 3582 1372 3628 naturam
1421 3573 1576 3643 (94).
1616 3563 1746 3628 Tale
1785 3586 1868 3629 est

277 3681 408 3738 ergo
434 3669 583 3737 quod
635 3668 865 3724 dicitur:
907 3686 925 3718 ι
966 3665 1197 3721 Necesse
1235 3674 1319 3720 est
1363 3666 1719 3735 corruptibile
1767 3667 1870 3722 hoc

280 3758 515 3815 induere
538 3761 997 3827 incorruptionem
1017 3755 1160 3820 “"°;
1191 3775 1208 3808 ι
1236 3763 1294 3810 ιιι
1312 3757 1354 3812 si
1375 3757 1595 3823 diceret,
1615 3769 1865 3813 naturam

278 3852 422 3906 hanc
465 3850 870 3918 corruptibilem
915 3850 1160 3918 corporis
1203 3864 1424 3905 necesse
1459 3858 1544 3904 est
1579 3851 1866 3904 indumen-

281 3947 396 3996 tum
420 3943 680 4012 accipere
715 3943 1161 4011 iueorruptionis,
1213 3942 1446 3996 animam
1495 3942 1784 3996 habentem
1813 3941 1864 3994 in

282 4046 341 4087 se
371 4033 869 4102 incorruptionem,
901 4047 1000 4102 pro
1025 4047 1090 4087 co
1124 4033 1372 4087 videlicet
1397 4035 1540 4102 quod
1568 4035 1750 4088 induta
1785 4043 1870 4088 est

283 4123 564 4180 Christum
617 4126 706 4194 qui
763 4134 844 4180 est
906 4125 1168 4193 sapientia
1193 4136 1247 4178 et
1280 4124 1517 4178 Verbum
1569 4124 1684 4177 Dei.
1731 4125 1865 4177 Cum

284 4225 474 4270 autem
501 4220 625 4270 vitae
645 4216 1052 4285 participaverit
1080 4217 1389 4284 corpushoc
1405 4215 1546 4285 quod
1578 4214 1867 4281 aliquando

284 4305 576 4374 gloriosius
612 4308 946 4370 habebimus,
988 4317 1115 4360 tunc
1138 4307 1201 4359 ad
1258 4305 1310 4359 id
1358 4313 1503 4374 quod
1560 4305 1865 4359 immortale

1971 3119 2084 3187 ipsa
2110 3131 2339 3186 corpora
2379 3126 2560 3171 nostra
2589 3115 2784 3184 quibus
2841 3114 3159 3168 circumdati
3195 3128 3398 3181 sumus,
3426 3129 3551 3184 pro-

1968 3221 2091 3280 pter
2122 3210 2364 3266 Verbum
2413 3209 2506 3262 Dei
2544 3218 2599 3262 et
2629 3207 2956 3276 sapientiam
3003 3221 3067 3262 ac
3119 3207 3412 3276 perfectam
3461 3206 3549 3275 ju-

1968 3303 2173 3358 stitiam
2252 3301 2379 3372 (2),
2451 3300 2912 3370 incorruptionem
2982 3299 3547 3368 immortalitatemque

1970 3402 2308 3458 mereantur;
2365 3403 2648 3462 propterea
2709 3392 2940 3445 dicitur:
3005 3388 3285 3444 «Necesse
3316 3399 3400 3443 est
3423 3405 3547 3444 cor-

1973 3484 2221 3552 ruptibile
2269 3486 2372 3538 hoc
2407 3484 2630 3538 induere
2679 3480 3165 3550 incorruptionem,
3210 3488 3264 3533 et
3316 3477 3546 3533 mortale

1971 3579 2074 3632 hoc
2103 3575 2329 3630 induere
2359 3573 2846 3628 immortalitatem.
2884 3589 2902 3620 ι

2039 3668 2091 3721 5.
2119 3666 2498 3721 Verumtamen
2537 3662 2613 3733 (5)
2643 3663 2698 3715 hi
2745 3662 2834 3729 qui
2868 3668 3060 3729 putant
3087 3673 3246 3728 posse
3292 3673 3533 3728 unquam

1968 3764 2121 3810 extra
2150 3768 2375 3822 corpora
2401 3753 2569 3806 vitam
2595 3753 2795 3805 ducere
2834 3750 3182 3804 rationabiles
3234 3759 3540 3819 creaturas,

1969 3854 2195 3916 possunt
2220 3847 2272 3900 in
2306 3847 2412 3899 hoc
2437 3843 2556 3898 loco
2588 3841 2990 3910 taliafquaedam
3021 3856 3255 3896 movere.

1970 3939 2029 3994 Si
2074 3953 2259 3992 verum
2317 3946 2398 3991 est
2437 3937 2514 4007 (4)
2575 3937 2714 4005 quod
2873 3948 3166 3989 IIIEBONYIII
3206 3949 3455 3988 πυτ-ειυς..

1967 4030 2318 4098 corruptibile
2376 4030 2480 4084 hoc
2530 4030 2715 4084 induet
2785 4024 2882 4079 Sin
2910 4036 3106 4095 autem,
3134 4037 3190 4081 ut
3222 4030 3420 4082 ratione
3459 4027 3538 4099 (5)

1968 4123 2452 4192 incorruptionem,
2484 4131 2538 4176 et
2571 4138 2714 4177 mor-
2784 4129 2834 4173 et
2862 4119 3256 4190 Scripturarum
3308 4125 3522 4176 auctori-

1970 4214 2076 4268 tale
2106 4215 2206 4270 hoc
2251 4216 2436 4270 induet
2490 4216 2714 4269 immor-
2787 4223 2891 4266 tate
2915 4225 3260 4267 monstratum
3290 4227 3384 4281 est,
3421 4232 3512 4268 cor

1971 4306 2248 4370 lalitatem,
2274 4317 2327 4359 et
2355 4306 2498 4374 quod
2528 4307 2716 4360 alisor-
2790 4310 3054 4375 ruptivum
3077 4310 3171 4360 hoc
3196 4310 3426 4362 induerit
3453 4311 3531 4363 in-

284 4406 365 4453 est
413 4400 668 4464 accedet,
705 4401 947 4453 utetiam
998 4396 1406 4466 iucorruptibile
1460 4397 1572 4451 liat.
1625 4396 1680 4450 Si
1735 4397 1861 4464 quid
1895 4387 1938 4441 D
1969 4397 2163 4450 beatur
2225 4411 2370 4450 mors
2441 4398 2497 4450 in
2556 4400 2714 4452 liuent
2790 4402 3200 4470 corruptionem,
3238 4412 3286 4456 et
3319 4404 3533 4457 mortale.

359 4529 401 4563 "'
436 4529 459 4581 Ι
489 4527 616 4583 Cor.
653 4545 738 4585 xv.
768 4529 954 4582 53-56.
1033 4529 1076 4559 ⁸⁸
1103 4525 1262 4580 Rom.
1290 4543 1405 4589 xm,
1441 4525 1526 4578 14.

362 4619 478 4691 (9'2)
509 4620 797 4688 Absorptus
846 4631 920 4675 est
972 4639 1110 4676 mors
1148 4623 1380 4677 aculeus.
1413 4625 1504 4678 Sic
1540 4638 1669 4679 mss.
1713 4623 1864 4678 Libri

298 4699 419 4744 vero
449 4692 599 4754 editi,
638 4707 656 4740 ‹
695 4693 781 4744 ubi
808 4700 890 4745 est
919 4707 1060 4746 mors
1091 4693 1342 4758 stimulus
1371 4694 1534 4747 tuus?
1567 4713 1588 4744 ι

363 4758 478 4830 (95)
511 4761 582 4812 Ita
613 4776 738 4812 mss.
769 4763 937 4826 Alias,
983 4780 1000 4810 ι
1044 4764 1246 4830 primae.
1289 4781 1306 4812 ι
1340 4763 1667 4817 Pauloinl‘ra
1707 4778 1861 4826 mss.,

303 4842 320 4874 ι
348 4829 593 4950 silvelut
643 4830 1016 4885 indumentum
1045 4829 1318 4901 corporis.
1359 4850 1376 4883 ι
1422 4834 1477 4886 In
1511 4835 1673 4888 editis
1712 4834 1865 4887 deest

303 4910 322 4946 ι
347 4912 406 4950 ve
438 4909 514 4950 ιιι.
551 4917 569 4948 ι

303 4910 322 4946 1
347 4909 514 4952 Vellll.
551 4917 569 4948 υ

363 4967 477 5038 (94)
511 4967 887 5040 Ornamentum
920 4970 1193 5040 enintiejus
1215 4981 1291 5023 est
1317 4969 1493 5024 velans
1516 4983 1563 5025 et
1595 4982 1868 5040 contegens

299 5034 403 5101 ejus
429 5034 721 5108 mortalem
754 5052 1019 5095 naturam.
1039 5034 1164 5093 Hrec
1194 5041 1388 5094 desunt
1416 5041 1468 5094 in
1499 5051 1656 5095 antea
1684 5034 1865 5108 editis,

301 5108 384 5158 sed
425 5107 700 5164 habentur
731 5108 782 5160 in
811 5111 1066 5166 omnibus
1101 5125 1230 5163 mss.

303 5241 312 5250 .
362 5173 478 5244 (95)
515 5175 763 5235 Mortale.
797 5180 954 5235 Deest
989 5180 1038 5232 iu
1065 5190 1221 5233 antea
1252 5177 1436 5244 editis,
1478 5181 1572 5235 sed
1600 5182 1868 5250 reperitur

305 5257 350 5295 Ill
371 5261 506 5302 IIISS.
1597 5300 1604 5306 .

361 5312 472 5388 (96)
503 5315 643 5388 Mira
668 5333 789 5384 ergo
824 5319 1024 5371 ratione
1048 5330 1258 5388 sanctus
1295 5318 1594 5388 Apostolus,
1637 5330 1742 5374 etc.
1795 5320 1868 5376 De

303 5379 378 5458 itis
427 5379 652 5440 consule
699 5379 1056 5458 clarissimum
1108 5379 1355 5441 lluetiuni
1426 5379 1865 5458 Orige'nianorum

304 5449 383 5507 lib.
434 5472 494 5519 ll,
527 5467 721 5524 quzest.
755 5474 915 5523 nona,
952 5457 1015 5510 de
1064 5459 1460 5512 resurrectione
1505 5449 1860 5525 mortuorum,

261 5570 266 5574 .
303 5535 439 5578 num.
473 5530 684 5594 quinto.

308 5596 594 5718 ι³(ιξ)7)ιδί(;
627 5613 756 5652 mss.
790 5596 946 5652 Libb.
975 5594 1130 5662 editi,
1165 5613 1183 5646 ι
1234 5599 1427 5653 animm
1460 5613 1616 5652 usum
1650 5613 1862 5666 semper

340 5681 362 5715 ιι
399 5679 462 5718 cu
497 5705 511 5718 .
543 5684 562 5717 ι

340 5673 511 5720 .tbcnt.
543 5684 562 5717 ι

1602 4520 1718 4553 ⁴⁹·⁸⁰
1752 4519 1774 4574 Ι
1803 4517 1926 4573 Cor.
1962 4531 2050 4579 xv,
2085 4515 2171 4570 55.

2045 4623 2158 4694 (98)
2219 4623 2528 4693 Specialem.
2567 4626 2732 4683 Recte
2775 4631 2998 4686 omnino
3044 4645 3176 4686 mss.
3213 4631 3367 4689 Libb.
3415 4634 3544 4691 editi

1975 4707 2250 4760 corrupte.
2288 4714 2304 4745 ‹
2341 4697 2661 4763 spiritalem.
2694 4717 2712 4748 ι

2045 4763 2282 4838 (99)__Sic
2313 4781 2444 4838 mss.
2477 4767 2698 4838 Aildstt
2734 4771 3150 4838 quodammodo.
3192 4791 3210 4822 ι

2044 4833 2117 4904 (ι)
2140 4833 2240 4912 Sic
2262 4835 2623 4912 0p_titne_n_ts_s.
2652 4833 2809 4912 Lihh.
2838 4842 2964 4912 editi
2991 4843 3240 4908 pessime,
3277 4859 3297 4894 α
3339 4852 3392 4897 et
3411 4858 3546 4912 quo-

1972 4905 2263 4979 dammodo
2296 4907 2415 4979 sine
2453 4907 2612 4961 dubio
2648 4912 2701 4960 itt
2748 4909 2955 4979 longius
2988 4905 3322 4979 protrahitur
3354 4905 3541 4968 nostra

1975 4977 2088 5030 lucc
2119 4975 2417 5042 corruptio.
2452 4994 2469 5027 ι

2044 5044 2119 5120 (2)
2154 5043 2304 5097 Hunc
2339 5044 2513 5098 locmn
2549 5045 2811 5120 inantca
2839 5049 3024 5120 Aeditis
3053 5052 3417 5120 'depravatum
3459 5053 3540 5108 sic

1975 5115 2262 5193 restitutis]!
2296 5130 2484 5193 omnes
2501 5115 2654 5193 codd.
2680 5133 2806 5171 mss.
2838 5118 2891 5171 In
2922 5134 3079 5174 antea
3111 5115 3272 5177 editis
3303 5124 3538 5193 legitur:

1979 5184 2099 5258 cad
2133 5183 2426 5258 perfectam
2459 5185 2726 5258 justitiam
2763 5198 2816 5240 et
2851 5193 3256 5258 corruptionem
3310 5183 3541 5246 dct'ene-

1976 5255 2107 5315 rint,
2141 5262 2196 5306 et
2228 5252 2452 5306 mortale
2483 5256 2584 5307 hoc
2615 5257 2850 5310 induerit
2885 5252 3374 5315 immortalitatem.
3435 5260 3536 5312 Ve-

1979 5333 2279 5393 rumtamen
2311 5323 2360 5374 hi
2390 5323 2479 5390 qui
2524 5332 2712 5390 putant
2745 5329 2795 5380 id
2847 5345 3119 5393 nunquam
3152 5333 3347 5384 decere
3395 5330 3507 5382 irra

1978 5391 2261 5464 tinuabilcs
2293 5404 2589 5464 creaturas,
2623 5407 2848 5462 possunt
2874 5399 2926 5449 in
2961 5391 3060 5451 hoc
3089 5399 3232 5464 loco,
3270 5418 3288 5448 ›
3321 5407 3430 5452 etc.

2044 5464 2120 5531 (3)
2151 5457 2316 5514 Caute
2346 5462 2483 5530 lege.

2044 5539 2120 5604 (tr)
2157 5531 2285 5604 Vide
2322 5531 2416 5586 lib.
2450 5547 2486 5583 It
2519 5532 2852 5604 0rigenian.,
2880 5551 2934 5602 q.
2967 5535 3016 5596 6,
3046 5553 3195 5590 num.
3223 5537 3259 5589 2
3297 5542 3350 5588 el
3379 5535 3467 5590 12.

2045 5603 2118 5672 (5)
2149 5599 2246 5672 Sin
2276 5611 2471 5662 autent,
2504 5612 2558 5654 ut
2594 5599 2793 5655 ratione
2818 5644 2831 5668 ,
2882 5599 2986 5658 etc.
3043 5604 3167 5658 Htcc
3213 5615 3427 5662 exstant
3479 5605 3532 5659 in

1972 5671 2194 5743 epist'ola
2235 5671 2466 5738 llierony
2480 5674 2547 5724 mi
2602 5673 2666 5724 ad
2689 5673 2925 5728 Avitum.
