4014 6142
499 291 594 346 i9l

1736 294 2055 352 ORIGENIS
2089 299 2244 352 ΠΕΡΙ
2289 301 2517 356 ΑΡΧΩΝ

502 409 606 479 (6),
635 427 740 465 non
777 411 919 468 aliud
953 428 1112 484 quam
1145 428 1253 468 ma-
1321 412 1418 466 hoc
1442 412 1669 468 induerit
1698 415 2070 471 immortalita-
2101 423 2145 480 Α
2177 429 2444 474 asserunt.
2474 422 2756 477 Videbitur
2777 424 2918 479 enim

500 502 744 558 terialem
787 515 1034 562 naturam
1066 520 1248 564 exter-
1320 515 1443 573 tem,
1469 510 1833 565 absorbebitur
1855 530 1992 567 mors
2015 516 2070 569 in

493 595 806 652 n'pinaudam
849 601 1128 665 declaras,
1189 603 1243 658 in
1319 590 1616 664 victoriam,
1647 610 1696 654 et
1721 604 1989 671 corruptio
2015 608 2068 660 in

491 701 596 754 qua
626 690 838 756 operari
866 706 1014 746 mors
1041 693 1244 762 aliquid
1318 690 1782 762 incorruptionem,
1825 708 1872 751 et
1906 699 2066 768 forsi-

491 788 726 845 poterat,
747 781 869 835 dum
894 782 976 836 bis
994 785 1086 852 qui
1113 797 1238 841 sunt
1312 795 1402 840 tan
1435 789 1605 842 omnis
1634 805 1880 857 corporea
1903 805 2065 848 natu-

492 868 542 921 in
576 884 822 939 corpore,
853 887 950 941 per
988 886 1236 932 naturam
1313 896 1371 932 ra
1420 881 1634 936 tolletur
1681 900 1708 937 e
1753 887 1961 953 medio,
2008 889 2065 944 in

489 963 732 1015 materiae
757 965 1061 1033 corporalis
1086 984 1238 1022 men-
1309 983 1411 1043 qua
1433 982 1548 1029 sola
1568 987 1732 1047 potest
1774 996 1912 1034 mors
1945 999 2064 1051 ope-

488 1049 556 1102 tis
573 1065 799 1108 acumen
819 1056 1034 1111 videtur
1049 1060 1239 1115 obtun-
1311 1069 1441 1125 rari.

483 1140 534 1191 di
566 1141 669 1210 (7).
705 1144 763 1198 Si
791 1160 922 1202 vero
945 1156 1094 1201 extra
1127 1167 1321 1222 corpus
1352 1168 1497 1222 sunt,
1534 1169 1660 1222 tunc
1695 1165 1916 1219 omnino
1944 1184 2060 1219 mo-

483 1228 694 1285 lestiam
735 1233 1105 1302 hujuscemodi
1149 1245 1578 1306 perturbationis
1619 1247 1899 1315 ell'ugient.
1953 1253 2057 1306 Sed

481 1323 738 1388 quoniam
774 1339 878 1380 non
909 1328 972 1380 ad
1007 1329 1245 1385 subitum
1278 1350 1438 1389 omne
1471 1337 1842 1395 indumentum
1869 1359 2058 1412 corpu-

482 1426 633 1464 rcum
677 1413 915 1485 etl'ugere
946 1429 1229 1486 poterunt,
1276 1426 1424 1492 prius
1470 1428 1522 1481 in
1566 1431 1943 1488 subtilioribus
1993 1451 2056 1488 ac

481 1502 789 1568 purioribus
824 1506 1105 1565 immorari
1161 1517 1482 1584 corporibus
1536 1525 1844 1579 aestimandi
1886 1537 2050 1595 sunt,

478 1605 599 1657 qua:
633 1592 774 1646 ultra
822 1610 922 1650 nec
968 1613 996 1650 a
1036 1610 1211 1657 morte
1246 1605 1428 1672 vinci,
1481 1624 1584 1665 nec
1622 1613 1813 1668 aculeo
1865 1619 2055 1672 mortis

479 1685 768 1751 compungi
803 1688 1149 1755 praevaleant;
1181 1701 1238 1746 ut
1267 1694 1340 1748 ita
1379 1698 1595 1754 demum
1643 1705 1900 1770 paulatim
1932 1723 2048 1762 ces-

477 1780 634 1826 sante
676 1783 866 1828 natura
903 1782 1166 1834 materiali
1195 1823 1211 1849 ,
1262 1795 1316 1838 et
1365 1788 1730 1846 absorbeatur
1761 1810 1906 1850 mors
1933 1837 1948 1861 ,
1999 1810 2053 1854 et

474 1861 636 1915 etiam
665 1868 1054 1922 exterminetur
1082 1872 1134 1924 in
1169 1874 1351 1942 tinem,
1403 1889 1564 1949 atque
1608 1885 1786 1940 omnis
1828 1889 2050 1945 aculeus

473 1953 592 2020 ejus
623 1956 835 2022 penitus
871 1962 1190 2018 retundatur
1215 1982 1312 2035 per
1347 1971 1581 2026 divinam
1608 1978 1861 2045 gratiam,
1894 1982 2049 2048 cujus

473 2057 640 2110 capax
677 2045 867 2102 ell'ecta
899 2060 980 2105 est
1025 2055 1234 2120 anima,
1279 2069 1332 2111 et
1379 2061 1843 2133 incorruptionem
1883 2081 2047 2139 atque

471 2134 930 2194 immortalitatem
966 2146 1161 2199 meruit
1219 2149 1445 2219 adipisci
1482 2158 1578 2223 (8).
1606 2157 1673 2211 Ει
1699 2169 1825 2212 tunc
1855 2134 2047 2218 merito

470 2223 685 2277 dicetur
706 2227 774 2280 ab
803 2230 1057 2286 omnibus
1095 2252 1108 2286 :
1151 2253 1169 2284 ι
1209 2236 1304 2292 Ubi
1337 2251 1440 2304 est,
1481 2261 1648 2310 mors,
1677 2251 1898 2304 victoria
1932 2255 2048 2308 tua?

475 2313 571 2368 Ubi
597 2324 701 2382 est,
738 2334 902 2383 mors,
929 2323 1143 2382 aculeus
1185 2331 1330 2383 tuus?
1373 2334 1606 2390 Aeuleus
1647 2350 1828 2394 autem
1854 2347 2046 2400 mortis

2171 526 2291 567 esse
2338 517 2700 568 neceSSarium
2765 525 2821 570 ut
2873 518 2916 572 si

2170 605 2526 659 exterminata
2548 606 2707 660 fuerit
2725 618 2914 661 natura

2168 711 2445 764 corporea,
2465 701 2702 754 secundo
2718 701 2914 754 itermn

2168 790 2468 856 reparanda
2509 791 2580 844 sit
2632 801 2687 846 et
2725 808 2914 846 crean-

2167 879 2254 944 da;
2293 881 2547 949 possibile
2582 882 2728 935 enim
2762 884 2912 936 vide-

2169 982 2252 1029 tur
2284 985 2340 1026 ut
2373 974 2720 1030 rationabiles
2751 988 2911 1030 natu-

2168 1079 2238 1118 rae
2301 1081 2329 1118 a
2381 1066 2580 1135 quibus
2629 1084 2906 1137 nunquam

2163 1157 2404 1211 aufertur
2469 1159 2622 1214 liberi
2683 1161 2912 1216 facultas

2162 1250 2369 1302 arbitrii
2409 1251 2544 1321 (l0),
2582 1253 2788 1320 possint
2815 1254 2912 1305 ite-

2162 1355 2277 1393 rum
2336 1343 2611 1411 aliquibtts
2680 1346 2913 1401 motibus

3642 302 3754 358 192

2993 434 3256 480 certamen
3295 435 3343 482 et
3386 426 3584 480 luctum
3621 433 3750 483 ani-

2992 533 3106 571 mas
3132 519 3426 590 dereliquit,
3457 528 3513 572 ut
3550 522 3752 577 intelli-

2992 617 3116 675 gant
3157 609 3363 678 plenam
3401 628 3746 666 consumma-

2991 712 3196 771 tamque
3236 704 3636 758 victoriam-non
3677 723 3750 760 ea:

2985 793 3196 860 propria
3215 809 3269 846 se
3293 793 3620 861 fortitudine.
3647 800 3745 850 sed

2985 900 3049 936 ex.
3081 883 3176 936 Dei
3201 902 3296 954 gra
3322 886 3374 938 ia
3407 898 3741 943 consecutus.

2989 977 3051 1028 Et
3110 978 3305 1030 idcirco
3359 979 3594 1032 arbitror
3636 999 3737 1047 pro

2985 1069 3233 1120 varietate
3301 1085 3585 1122 causarum
3658 1072 3743 1125 di-

2987 1177 3156 1213 versos
3211 1163 3433 1216 mundos
3480 1163 3634 1229 ﬁeri,
3683 1177 3734 1218 et

2984 1251 3111 1303 efidi
3161 1267 3365 1304 errores
3411 1270 3590 1308 eorum
3642 1261 3734 1324 qui

2984 1341 3177 1395 similes
3214 1345 3298 1396 sui
3348 1347 3569 1400 mundos
3623 1364 3734 1402 esse

2158 1433 2457 1501 subiacere,
2479 1437 2788 1507 indulgente
2806 1438 2908 1491 hoc
2977 1439 3316 1492 contendunt.

469 2417 741 2470 peccatum
770 2421 853 2465 est
881 2413 948 2466 “.
986 2433 1004 2465 ι

468 2496 522 2547 Si
554 2512 683 2566 ergo
708 2500 821 2556 haec
859 2504 1060 2563 habere
1089 2525 1219 2564 con-

466 2593 805 2657 sequentiam
839 2597 1112 2669 videntur,
1141 2619 1218 2658 re-

466 2677 667 2749 liquum
696 2694 780 2739 est
816 2695 871 2740 ut
904 2698 1076 2745 status
1115 2708 1216 2748 no-

463 2783 578 2827 ster
618 2775 912 2844 aliquando
958 2781 1212 2852 incorpo-

461 2877 587 2918 reus
619 2865 830 2921 futurus
869 2885 988 2924 esse
1026 2875 1217 2928 creda-

464 2964 570 3019 tur;
596 2961 737 3026 quod
769 2961 812 3014 si
841 2964 1123 3032 recipitur,
1161 2978 1215 3022 et

460 3061 650 3102 moues
662 3051 980 3116 subjiciendi
996 3054 1214 3110 Christo

458 3149 585 3190 esse
644 3139 934 3208 dicuntur,
987 3161 1208 3201 necesse

457 3236 540 3280 cst
582 3238 639 3281 ut
699 3232 952 3288 omnibus
1005 3244 1060 3290 et
1115 3239 1220 3295 hoc

456 3315 769 3384 deferatur,
819 3323 872 3375 in
926 3339 1060 3393 quos
1099 3342 1222 3394 per-

457 3409 607 3462 venit
649 3411 910 3481 subjectio
973 3416 1211 3483 Christi;

456 3499 584 3565 quia
621 3514 812 3557 omnes
844 3506 934 3572 qui
981 3508 1209 3578 subjecti

457 3600 583 3644 sunt
605 3590 840 3661 Christo,
866 3597 916 3649 in
944 3597 1047 3652 line
1075 3616 1206 3666 quo-

457 3696 564 3747 que
611 3683 842 3752 subjecti
889 3698 1049 3742 erunt
1094 3690 1208 3768 Deo.

459 3771 628 3839 Patri,
663 3777 750 3830 cui
792 3794 1013 3848 regnum
1043 3785 1203 3838 tradi-

463 3875 613 3918 turus
642 3867 836 3920 dicitur
857 3870 1125 3940 Christus,
1153 3887 1206 3929 et

459 3955 531 4007 ita
558 3957 768 4012 videtur
799 3970 852 4012 ut
887 3970 1010 4017 tunc
1043 3950 1202 4018 etiam

457 4061 587 4100 usus
609 4063 899 4118 corporum
928 4063 1123 4108 cesset.
1146 4057 1201 4110 Si

1431 2555 1642 2597 lllERON.
1688 2561 1898 2602 lN'l'EIlP.

1291 2627 1353 2682 Si
1382 2633 1493 2685 lucc
1520 2652 1622 2689 non
1661 2653 1782 2692 sunt
1822 2654 2054 2698 contra--

1289 2725 1366 2777 ria
1397 2727 1524 2793 fidei
1548 2731 1648 2800 (9),
1680 2733 1902 2801 forsitan
1928 2740 2040 2794 sine

1285 2824 1592 2887 corporibus
1638 2828 1924 2898 aliquando
1968 2836 2041 2888 vi-

1288 2931 1481 2971 vemus.
1544 2918 1642 2972 Sin
1704 2933 1876 2978 autem
1948 2930 2040 2997 qui

1285 3009 1511 3076 perfecte
1598 3016 1864 3084 subjectus
1961 3033 2037 3075 est

1287 3100 1518 3170 Christo,
1575 3110 1768 3179 absque
1825 3111 2106 3182 corporeC

1293 3197 1632 3269 intelligitur;
1663 3221 1838 3260 omnes
1868 3221 2041 3264 autent

1292 3295 1603 3362 subjiciendi
1637 3311 1757 3352 sunt
1805 3303 2038 3370 Christo;

1289 3397 1339 3442 et
1364 3406 1458 3443 nos
1481 3393 1676 3447 erimus
1689 3397 1800 3450 sine
1813 3402 2039 3467 corpori-

1287 3483 1403 3549 bus,
1450 3489 1660 3556 quando
1692 3491 1739 3542 ei
1768 3493 1836 3544 ad
1863 3495 2038 3562 perfe-

1280 3585 1418 3631 ctum
1437 3580 1657 3650 subjecti
1675 3584 1951 3652 fuerimus.
1975 3590 2038 3643 Si

1278 3671 1495 3741 subjecti
1519 3676 1714 3738 fuerint
1731 3697 1905 3734 onutas
1929 3683 2033 3736 Deo

1279 3784 1456 3822 onmes
1476 3770 1764 3838 deposituri
1781 3788 1902 3830 sunt
1921 3795 2032 3830 cor-

1279 3879 1431 3928 pora,
1458 3875 1505 3916 et
1527 3872 1654 3919 tunc
1680 3872 2033 3937 corporalium

1278 3972 1450 4008 rerum
1468 3959 1703 4013 universa
1718 3974 1907 4017 natura
1931 3967 2031 4019 sol-

1277 4061 1425 4103 vetur
1446 4053 1497 4106 in
1525 4055 1767 4113 nihilum.
1799 4059 1950 4125 Qum,
1980 4065 2026 4117 si

455 4147 635 4192 autem
670 4150 864 4205 cessat,
894 4143 946 4196 in
971 4144 1198 4201 nihilum
1273 4149 1502 4200 secundo
1527 4153 1808 4207 necessitas
1845 4168 2026 4222 postu-

453 4227 594 4280 redit
635 4228 772 4283 sicut
825 4240 879 4285 et
925 4242 1052 4288 ante
1092 4251 1196 4290 non
1273 4238 1421 4306 larit,
1449 4242 1512 4294 ob
1555 4243 1759 4312 lapsum
1791 4250 2022 4301 rationa-

448 4328 589 4373 erat.
627 4320 732 4377 Sed
762 4324 1040 4383 videamus
1070 4331 1196 4398 quid
1273 4331 1458 4386 bilium
1503 4347 1872 4392 creaturarum
1904 4356 2023 4393 rur-

447 4411 528 4465 cis
559 4427 830 4482 occurrat,
853 4420 943 4488 qui
984 4422 1085 4476 hoc
1124 4425 1192 4478 ita
1267 4441 1356 4478 sus
1379 4429 1613 4481 exsistet.
1637 4427 1776 4483 Deus
1808 4432 1947 4486 enim
1967 4432 2022 4485 in

523 4503 566 4535 ⁵³
598 4505 613 4557 Ι
640 4505 762 4560 Cor.
798 4526 886 4573 xv,
915 4513 1004 4577 55,
1038 4513 1125 4567 56.
1901 4514 1920 4522 ’

522 4594 596 4664 (6)
633 4595 721 4648 Sic
750 4614 876 4651 mss.
910 4600 1066 4656 Libb.
1096 4604 1246 4664 editi,
1281 4624 1297 4654 ι
1335 4607 1384 4660 in
1417 4608 1661 4662 victoria.
1701 4627 1718 4658 ι

521 4663 599 4729 (7)
631 4663 721 4717 Sic
753 4679 1114 4751 rectc_0mt_tcs
1140 4663 1794 4751 codd.__tn‘ss.,_editivam
1825 4696 2012 4751 perpe-

452 4747 590 4794 ram,
631 4751 649 4783 ι
687 4739 919 4811 acumini
951 4741 1196 4794 videntur
1228 4743 1539 4811 objiciendi.
1583 4765 1600 4796 ι
1635 4739 1838 4802 Ihideni
1876 4739 2010 4807 m'ss.

454 4819 474 4850 s
504 4811 657 4879 "tunc
697 4806 917 4858 onmino
968 4811 1268 4864 molestiam
1295 4806 1715 4879 'hujuscemodi.
1779 4836 1797 4869 ι
1851 4806 2009 4876 Libb.

450 4870 604 4946 editi,
643 4891 660 4921 ι
705 4883 831 4926 tunc
855 4891 1069 4932 omnem
1101 4870 1409 4934 molestiaui
1442 4884 1770 4946 huiusmodi.
1816 4870 2010 4946 r—Mox

454 4939 613 5016 iidem
652 4957 805 5004 mss.,
854 4948 1004 5016 t‘scd
1039 4950 1290 5015 quoniam
1327 4967 1430 5004 non
1469 4939 1533 5006 ad
1578 4955 1815 5008 subitum
1851 4975 2012 5016 omne

450 5008 838 5090 indumentum.
855 5014 1034 5090 iLibh.
1055 5008 1242 5090 :editi,t
1267 5021 1357 5074 Sed
1377 5024 1645 5090 quomodo
1665 5041 1767 5077 non
1791 5008 2017 5086 id

450 5077 843 5159 indumentum.
881 5103 899 5133 ι
924 5084 1102 5159 _P_au|o
1127 5077 1246 5156 post
1281 5077 1436 5156 mssi,
1477 5109 1494 5142 ι
1537 5108 1658 5159 quae
1692 5094 1828 5150 ultra
1862 5114 1958 5152 nec
1987 5117 2013 5152 a

451 5157 622 5228 morte
653 5150 819 5205 vinci.
864 5173 881 5204 ι
919 5155 1074 5210 Libb.
1101 5150 1254 5222 e'diti,
1288 5179 1306 5211 (
1333 5150 1472 5229 quod
1499 5150 1637 5213 nlira
1665 5178 1762 5218 nec
1785 5184 1815 5221 a
1845 5150 2017 5225 morte

450 5229 610 5269 νιιιει.
653 5237 670 5269 Ι

518 5285 594 5366 (8)
626 5287 718 5341 Sic
745 5305 940 5373 omnes
973 5309 1102 5348 mss.
1143 5296 1261 5375 ιιι».
1293 5299 1444 5365 editi,
1484 5320 1503 5354 ι
1545 5317 1668 5375 cum
1699 5302 1813 5370 ejus
1843 5322 2014 5375 capax

442 5355 634 5410 ell‘ec’ta
668 5361 847 5440 anima
880 5363 1340 5435 incorruptionem
1370 5355 1534 5440 atque
1551 5355 2016 5432 immortalitaieut

443 5429 727 5481 meruerit.
767 5450 785 5482 ι

515 5497 594 5586 (ρ)
719 5499 831 5552 haec
859 5519 960 5581 non
996 5514 1118 5586 sunt
1149 5511 1422 5586 contraria
1463 5513 1613 5586 ﬁdei,
1642 5523 1771 5586 etc.
1794 5515 1868 5568 Ex
1905 5519 2020 5586 epi-

447 5565 582 5650 stola
619 5565 936 5650 Hieronymi
971 5577 1037 5626 ad
1081 5577 1297 5650 Avitum
1341 5565 1476 5650 haec.
1505 5565 1904 5650 dcsinnpsimus
1939 5565 2014 5640 rea

443 5633 845 5710 quibusvides'
868 5655 1127 5710 quantum
1163 5645 1399 5702 licenti-.1:
1439 5633 2016 5710 [lutinussibiuinter-

443 5707 702 5768 pretando
731 5707 1037 5779 sumpserit.

2116 5453 2233 5505 dem
2265 5452 2500 5505 circulos

2157 1524 2337 1593 ipsum
2370 1528 2615 1594 Domino,
2657 1544 2723 1583 ne
2751 1528 2910 1592 forte,
2949 1530 2993 1582 si
3030 1529 3360 1582 immobilem
3400 1546 3614 1600 semper
3647 1544 3726 1589 te-

2159 1631 2323 1671 neant
2351 1629 2577 1683 statum,
2605 1619 2852 1687 ignorent
2885 1634 2944 1672 se
2988 1618 3080 1673 Dei
3129 1620 3302 1687 gratia
3352 1620 3464 1691 (ll)
3505 1633 3566 1675 et
3619 1638 3726 1678 non

2158 1722 2253 1758 sua
2310 1707 2508 1762 virtute
2559 1708 2610 1761 in
2665 1706 2757 1760 illo
2806 1707 2911 1760 line
2971 1707 3325 1762 beatitudinis
3367 1711 3725 1778 constitisse;

2159 1811 2295 1864 quos
2330 1809 2506 1851 motus
2538 1798 2658 1853 sine
2695 1797 2860 1850 dubio
2905 1813 3115 1852 rursum
3163 1799 3397 1854 varietas
3439 1815 3724 1870 corporum

2159 1896 2213 1938 et
2242 1885 2526 1941 diversitas
2552 1897 2918 1955 prosequetur
2944 1927 2958 1950 ,
2991 1901 3057 1939 ex
3091 1903 3194 1956 qua
3242 1894 3476 1946 mundus
3512 1909 3726 1962 semper

2159 1977 2476 2041 adornatur,
2509 1992 2607 2030 nec
2630 1992 2863 2045 unquam
2899 1979 3098 2044 poterit
3137 1983 3368 2036 mundus
3398 1984 3497 2038 nisi
3527 2000 3589 2038 es
3629 2002 3726 2039 va-

2160 2067 2356 2122 rietate
2413 2081 2478 2122 ac
2525 2069 2833 2122 diversitate
2875 2078 3163 2136 constare;
3211 2072 3356 2139 quod
3389 2073 3529 2128 ellici
3577 2077 3727 2132 nullo

2157 2172 2353 2220 genere
2379 2167 2555 2226 potest
2584 2160 2694 2231 (ἰοὶ)
2725 2171 2876 2215 extra
2912 2161 3191 2215 materiam
3225 2168 3579 2230 corporalem.

2224 2245 2414 2301 4.13m
2437 2251 2687 2319 vero(l3)
2715 2253 2803 2320 qui
2844 2251 3189 2307 indissimiles
3208 2254 3306 2309 sibi
3335 2260 3561 2312 mundos
3610 2258 3723 2329 (14)

2155 2353 2215 2391 ac
2249 2354 2344 2406 per
2371 2340 2551 2392 omnia
2580 2356 2733 2408 pares
2767 2343 3054 2413 aliquando
3089 2349 3308 2402 evenire
3346 2351 3678 2406 continuant
3706 2393 3719 2417 ,

2154 2428 2336 2482 nescio
2364 2429 2564 2498 quibus
2610 2432 2658 2484 id
2715 2435 2922 2501 possint
2967 2451 3208 2491 asserere
3254 2439 3618 2496 documentis.
3663 2443 3720 2498 Si

2151 2518 2294 2572 enim
2324 2520 2516 2574 similis
2543 2537 2637 2588 per
2667 2523 2849 2577 omnia
2882 2527 3115 2582 mundus
3142 2527 3354 2592 dicitur,
3386 2531 3490 2585 erit
3525 2545 3582 2586 ut
3615 2535 3722 2587 ite-

2153 2625 2268 2660 rum
2311 2610 2480 2664 Adam
2519 2612 2599 2666 vel
2644 2614 2749 2667 Eva
2800 2617 2990 2670 eadem
3030 2616 3232 2672 faciant
3283 2635 3405 2688 qua:
3449 2622 3716 2690 fecerunt;

2153 2700 2289 2754 idem
2321 2701 2515 2756 iterum
2548 2707 2650 2758 erit
2679 2707 2958 2769 diluvium,
2991 2721 3154 2777 atque
3187 2712 3324 2767 idem
3355 2713 3569 2784 Moyses
3601 2735 3717 2772 rur-

2147 2810 2265 2846 sum
2298 2796 2550 2864 populum
2583 2809 2839 2852 sexcenta
2877 2801 2992 2856 fere
3032 2804 3197 2858 millia
3243 2821 3470 2862 numero
3520 2810 3719 2866 educet

2147 2900 2210 2938 ex
2243 2884 2478 2956 Egypto
2517 2904 2530 2940 :
2572 2887 2740 2944 ludas
2769 2907 2986 2962 quoque
3029 2897 3112 2951 bis
3158 2883 3441 2952 Dominum
3493 2904 3716 2970 tradet;

2148 2975 2347 3030 Paulus
2373 2981 2611 3032 secundo
2639 2981 2988 3050 lapidantium
3027 2988 3356 3058 Stephanum
3387 2995 3716 3052 vestimenta

2146 3067 2402 3133 servabit;
2437 3081 2489 3123 et
2518 3073 2698 3124 omnia
2727 3089 2843 3142 quae
2877 3077 2929 3129 in
2966 3077 3066 3132 hac
3091 3080 3198 3134 vita
3228 3092 3377 3152 gesta
3410 3096 3533 3139 sunt
3557 3127 3573 3153 ,
3611 3089 3714 3142 itc-

2144 3175 2258 3210 rutn
2292 3163 2523 3227 gerenda
2556 3162 2664 3233 (15)
2710 3167 2978 3236 dicentur;
3012 3175 3154 3240 quod
3197 3188 3298 3227 non
3332 3186 3460 3244 puto
3501 3180 3715 3236 ratione

2140 3249 2315 3317 aliqua
2346 3266 2504 3319 posse
2537 3255 2788 3320 ﬁrmari,
2833 3259 2878 3312 si
2915 3263 3125 3316 arbitrii
3177 3265 3428 3323 libertate
3473 3283 3714 3339 aguntur

2139 3340 2355 3409 animae,
2388 3352 2439 3397 et
2469 3346 2547 3399 vel
2586 3347 2860 3415 profectus
2888 3366 3035 3415 suos,
3065 3357 3142 3407 vel
3182 3357 3436 3414 decessus
3469 3377 3567 3428 pro
3618 3380 3714 3418 vo-

2143 3430 2368 3486 luntatis
2408 3450 2521 3489 sua:
2560 3452 2619 3492 su
2643 3439 2832 3494 ,tineut
2871 3451 3160 3509 potestate.
3197 3445 3312 3501 Non
3351 3451 3495 3503 enim
3539 3469 3709 3510 cursu

2142 3523 2324 3593 aliquo
2357 3528 2407 3580 itt
2447 3532 2661 3584 eosdem
2688 3547 2746 3585 se
2775 3535 3006 3590 circulos
3036 3549 3158 3606 post
3185 3541 3348 3594 multa
3382 3545 3574 3598 sarcula
3625 3564 3711 3603 re-

2143 3616 2390 3672 volvente
2419 3619 2528 3689 (iti)
2567 3633 2806 3689 aguntur
2828 3627 3040 3692 anitum,
3087 3639 3144 3682 ut
3187 3631 3289 3684 hoc
3333 3645 3424 3686 aut
3453 3635 3578 3690 illttd
3623 3640 3709 3694 vel

2141 3716 2321 3775 agant,
2352 3709 2434 3760 vel
2465 3711 2706 3778 cupiant,
2745 3716 2837 3767 sed
2873 3733 3193 3788 quocunque
3248 3725 3450 3792 prOprii
3506 3727 3706 3798 ingenii

2138 3797 2364 3852 libertas
2399 3799 2508 3868 82
2539 3800 2852 3868 intenderit,
2887 3807 2977 3860 illo
3007 3821 3280 3877 gestorum
3309 3829 3528 3869 suorum
3565 3797 3705 3873 diri-

2140 3897 2273 3955 gunt
2308 3889 2422 3958 (l7)
2465 3907 2703 3946 cursum.
2736 3895 2864 3950 Tale
2896 3900 3039 3951 enim
3072 3910 3153 3953 est
3195 3908 3335 3970 quod
3363 3905 3431 3960 ab
3465 3908 3582 3963 istis
3619 3912 3703 3966 di-

2135 3979 2301 4043 citur,
2345 3993 2402 4035 ut
2429 3982 2472 4036 si
2502 3984 2623 4051 quis
2656 3986 2783 4039 velit
2809 4003 3076 4060 asserere,
3110 3994 3250 4059 quod
3281 3995 3538 4052 frumenti
3586 4016 3704 4056 me-

2133 4069 2375 4125 dimnum
2414 4073 2460 4128 si
2508 4076 2860 4143 proluntlatur
2903 4079 2953 4132 in
2989 4090 3211 4147 terram,
3258 4096 3434 4152 potest
3479 4091 3592 4144 lieri
3645 4103 3702 4146 ιιι

2136 4162 2299 4216 iidem
2341 4175 2394 4219 et
2420 4168 2639 4235 penitus
2685 4170 2960 4226 indiscreti
3000 4177 3239 4231 secundo
3263 4181 3507 4235 accidant
3539 4199 3702 4240 casus

2132 4269 2445 4321 granorum,
2484 4263 2553 4313 ita
2602 4271 2660 4314 ut
2709 4267 3128 4335 unumquodque
3173 4286 3398 4339 granum
3439 4275 3593 4343 juxta
3647 4279 3699 4331 id

2131 4347 2409 4413 profusum
2444 4351 2554 4420 (18)
2575 4353 2760 4422 jaceat
2784 4363 3042 4428 secundo,
3068 4379 3174 4432 quo
3205 4368 3378 4432 primo
3408 4369 3702 4438 aliquando

2130 4437 2395 4505 deiectum
2415 4455 2520 4508 est,
2539 4457 2592 4498 et
2615 4446 2803 4503 eodem
2826 4455 3033 4523 ordine,
3057 4459 3367 4528 eisdemque
3393 4437 3696 4530 dispersum

2196 4612 2309 4735 (ἐο)
2344 4613 2822 4736 νίάθϐνίθεηὶαη.
2860 4620 2897 4674 l.
2925 4637 2984 4685 ll,
3015 4637 3069 4690 q.
3105 4623 3156 4691 6,
3205 4640 3353 4678 num.
3411 4626 3498 4689 l2,
3540 4625 3606 4681 15
3638 4639 3693 4683 et

2254 4722 2266 4736 .
2291 4698 2439 4735 num.
2511 4692 2528 4712 "
2551 4721 2563 4736 .

2123 4700 2177 4752 q.
2216 4692 2266 4742 7,
2291 4698 2439 4752 ntt_m.
2480 4692 2563 4736 1‘2.

2193 4753 2305 4821 (ll)
2336 4750 2543 4806 Gratia.
2576 4755 2740 4826 Deest
2773 4757 2824 4810 in
2855 4771 3012 4813 antea
3039 4762 3221 4826 editis,
3258 4767 3350 4818 sed
3381 4765 3610 4819 habetur
3640 4769 3691 4821 in

2122 4823 2375 4877 Omnibus
2407 4823 2886 4904 tns.~'_.HP_aulo__pt_)5t
2909 4846 3062 4895 mss.,
3101 4851 3122 4904 ι
3159 4823 3217 4884 et
3239 4835 3529 4888 diversitas
3563 4852 3690 4904 pro-

2123 4904 2399 4958 sequetur.
2451 4912 2469 4944 ι
2505 4893 2656 4948 Libb.
2690 4893 2860 4962 editi,
2913 4919 2930 4949 ς
2974 4893 3361 4958 ειίἰίνθιδίιίιδ
3410 4893 3690 4974 persequi-

2121 4973 2225 5014 lttt'.
2277 4981 2293 5011 ι

2191 5031 2301 5110 (12)
2332 5030 2590 5110 I‘t'atnss;
2629 5037 2766 5110 male
2782 5037 2922 5110 libb.
2959 5041 3109 5104 editi,
3154 5061 3169 5091 ι
3207 5055 3452 5110 possunt.
3490 5063 3508 5094 ι

2189 5100 2303 5179 (is)
2337 5100 2557 5179 Y_it|e,_l.
2601 5120 2645 5179 u_
2695 5105 3028 5179 Origenian.,
3062 5100 3114 5179 (ιζ
3153 5100 3238 5171 te‘.
3270 5132 3320 5167 ιι.
3355 5115 3410 5174 4,
3440 5100 3494 5179 δ,
3525 5116 3578 5169 6.

2192 5173 2305 5239 (li)
2341 5171 2587 5228 Mundos.
2632 5171 2869 5231 Deest’iu
2898 5191 3057 5233 antea
3080 5171 3277 5248 'editis,
3310 5171 3407 5238 scd
3457 5171 3692 5242 habetur

2119 5258 2169 5294 Ill
2215 5257 2342 5293 IIISS-

2189 5310 2297 5390 (la)
2331 5311 2403 5390 ita
2436 5328 2564 5366 mss.
2602 5315 2776 5390 Alias,
2803 5334 2838 5390 Ad
2876 5319 3039 5372 etiam
3072 5325 3324 5390 gerenda.
3359 5343 3377 5376 ι

2189 5381 2308 5458 (16)-
2333 5382 2432 5458 Sic
2451 5399 2642 5438 omnes
2679 5387 2834 5458 codd.
2865 5404 3019 5452 mss.;
3063 5381 3192 5444 Editi
3223 5409 3370 5458 vero,
3406 5413 3425 5446 ι
3467 5396 3519 5450 in
3560 5410 3688 5453 eos.

2531 5465 2648 5521 post
2679 5455 2841 5509 multa
2867 5461 3062 5512 sazcula
3104 5455 3378 5518 revolutus.
3410 5484 3428 5518 ι

2323 5521 2396 5607 Illa
2427 5539 2567 5607 mss.-
2593 5523 2942 5607 l..ibb.ﬂediti,
2974 5530 3238 5607 tﬂdirigit.
3279 5555 3297 5585 ι

2185 5589 2292 5659 (t8)
2337 5591 2504 5670 Juxta
2552 5593 2605 5644 id
2657 5589 2956 5670 profusum.
3002 5601 3092 5653 Sic
3137 5589 3266 5656 iitss.
3325 5605 3478 5661 Libb.
3530 5609 3684 5670 editi,

2119 5678 2136 5706 ι
2168 5660 2320 5724 juxta
2358 5660 2664 5745 profusum.
2696 5683 2715 5716 ι
2750 5669 2912 5745 Paulo
2941 5681 3056 5745 post
3077 5688 3230 5734 mss,
3269 5694 3285 5724 ι
3329 5677 3470 5743 qttod
3500 5660 3684 5745 utique

2120 5730 2604 5788 innumerabilibus
2654 5738 2837 5793 mundi
2886 5730 3091 5808 grauis.
3147 5762 3165 5792 ι
3215 5730 3273 5799 in
3319 5730 3478 5802 editis
3530 5730 3686 5804 deest
