4014 6142
247 285 352 349 195.

1556 284 1756 340 LIBER
1796 286 2178 342 SECUNDUS.

3396 293 3496 347 194

245 405 310 460 sit
332 404 502 474 signis
525 404 726 473 quibus
756 404 932 460 fuerat
959 405 1134 474 primo
1163 403 1444 470 dill‘usum;
1471 407 1610 474 quod
1637 407 1823 474 utique
1855 413 1898 466 Α
1931 422 2081 460 versa
2134 404 2508 476 pervenient),
2564 403 2614 457 id
2669 403 2898 458 fortasse
2951 406 3071 474 plus
3111 407 3313 474 aliquid
3374 426 3496 466 esse

248 493 740 549 innumerabilibus
800 495 1058 548 medimni
1107 496 1294 565 granis
1343 495 1674 563 impossibile
1735 507 1820 549 est

245 601 458 655 prorsus
484 588 770 650 accidere,
801 586 1015 641 etiamsi
1061 601 1156 655 per
1193 589 1454 642 immensa
1497 587 1689 642 s:ecula
1735 588 1821 641 in-

243 678 647 732 desinenter-ac
669 678 872 748 iugiter
899 678 1267 732 ell‘undantur.
1302 678 1374 731 lta
1405 693 1535 748 ergo
1571 678 1821 747 impossi-

241 768 336 821 bile
361 769 496 820 ntihi
543 770 764 823 videtur
791 770 980 824 eodem
1019 771 1211 824 ordine
1238 813 1252 836 ,
1287 772 1604 840 eisdemque
1643 773 1818 826 modis

239 859 603 924 nascentium,
639 869 693 913 et
727 860 1072 913 morientium
1099 900 1112 925 ,
1157 870 1212 915 et
1242 863 1515 930 agentium
1555 862 1683 930 quid
1733 877 1818 915 se-

236 950 400 1003 cundo
427 950 839 1020 mundunttl9)
873 967 1027 1019 posse
1057 953 1323 1021 reparari;
1353 954 1443 1006 sed
1480 954 1814 1009 immutatio-

235 1041 386 1095 nibus
418 1056 528 1095 non
560 1044 805 1100 minimis
833 1044 1074 1098 diversos
1094 1057 1254 1112 posse
1285 1045 1512 1099 mundos
1527 1046 1811 1109 exsistere,

232 1130 296 1182 ita
325 1142 383 1184 ut
409 1147 515 1199 pro
544 1134 854 1197 manil'cstis
884 1135 1192 1204 quibusque
1217 1135 1401 1190 causis
1427 1136 1617 1189 melior
1639 1145 1813 1190 status

229 1221 293 1273 sit
325 1221 567 1276 alterius
605 1225 808 1289 mundi,
840 1233 894 1277 et
927 1239 1022 1292 pro
1047 1226 1169 1281 aliis
1197 1225 1443 1290 inferior,
1480 1237 1534 1281 et
1570 1243 1668 1296 pro
1693 1228 1814 1282 aliis

226 1313 433 1368 medius
467 1315 698 1383 quidem
724 1325 917 1371 status.
950 1317 1048 1383 Qui
1080 1328 1263 1371 autem
1297 1332 1556 1372 numerus
1582 1319 1665 1372 vel
1699 1334 1812 1371 mo-

223 1404 316 1457 dus
345 1405 440 1459 hic
476 1408 578 1471 sit,
621 1423 720 1477 ego
751 1422 833 1460 me
869 1409 1082 1463 nescire
1121 1407 1317 1464 fateor.
1352 1409 1406 1463 Si
1456 1409 1581 1479 quis
1629 1419 1808 1466 autem

221 1506 402 1562 posset
433 1500 753 1563 ostendere,
786 1498 1038 1553 libentius
1062 1500 1352 1555 discerem.

286 1584 342 1642 5.
375 1586 782 1642 Verumtamen
819 1589 1111 1644 multorum
1138 1591 1460 1646 saeculorum
1499 1593 1620 1649 linis
1673 1595 1806 1650 dici-

219 1685 302 1728 tttr
337 1691 466 1733 esse
495 1680 591 1734 hic
621 1681 876 1746 mundus,
909 1682 996 1750 qui
1046 1692 1102 1736 et
1145 1683 1260 1750 ipse
1287 1684 1540 1738 saeculum
1575 1687 1800 1743 dicitur.

219 1767 387 1821 Docet
419 1779 613 1833 autem
656 1780 877 1824 sanctus
904 1771 1194 1838 Apostolus
1235 1772 1348 1842 (20)
1377 1776 1521 1842 quod
1553 1777 1804 1832 Christus

216 1856 266 1909 in
302 1873 370 1910 eo
401 1860 616 1913 saeculo
648 1863 790 1930 quod
824 1872 951 1918 ante
984 1865 1086 1918 hoc
1133 1863 1265 1928 fuit,
1309 1881 1414 1918 non
1464 1876 1549 1919 est
1589 1884 1803 1937 passus,

216 1939 306 2006 sed
340 1970 411 2008 ne
441 1957 501 2009 in
539 1957 629 2011 illo
664 1959 880 2027 quidem
909 1963 1050 2030 quod
1076 1972 1207 2016 ante
1239 1964 1410 2032 ipsum
1443 1965 1563 2022 luit:
1608 1977 1662 2020 et
1708 1985 1804 2022 ne—

214 2047 326 2104 scio
353 2051 401 2105 si
436 2068 770 2107 enumerare
791 2054 1052 2109 sufﬁciam
1071 2065 1272 2123 quanta
1300 2055 1500 2110 fuerint
1528 2060 1802 2112 anteriora

214 2142 416 2197 saecula
452 2145 512 2198 in
547 2146 742 2214 quibus
768 2161 958 2216 passus
990 2163 1095 2201 non
1132 2157 1234 2201 est.
1273 2146 1346 2199 Ex
1389 2149 1585 2215 quibus
1621 2157 1798 2202 autem

211 2236 575 2290 sermonibus
602 2236 749 2290 Pauli
777 2238 842 2290 ad
869 2237 1213 2291 occasionem
1244 2238 1403 2307 hujus
1435 2238 1804 2308 intelligentia:

210 2325 501 2391 venerim,
537 2328 826 2397 proferam;
860 2329 935 2382 ait
967 2330 1113 2383 enim
1143 2330 1289 2398 (2|);
1317 2349 1333 2380 ι
1359 2329 1507 2382 Nunc
1548 2345 1675 2383 vero
1713 2345 1800 2384 se-

209 2415 313 2466 mel
343 2415 403 2468 in
443 2420 924 2474 consummatione
974 2419 1297 2475 saeculorum
1335 2420 1400 2471 ad
1449 2418 1800 2473 refellendum

206 2514 515 2571 peccatum
558 2524 652 2576 per
689 2508 927 2561 hostiam
973 2510 1054 2562 sui
1103 2507 1482 2563 manilestatus
1531 2520 1615 2563 est
1656 2512 1724 2562 ".
1779 2530 1796 2562 ι

206 2597 397 2650 Semel
442 2598 592 2650 enim
624 2599 697 2650 ait
730 2598 962 2651 hostiam
990 2598 1261 2659 ell'eclum,
1290 2609 1342 2650 et
1375 2599 1426 2650 in
1457 2614 1804 2653 censumma-

206 2689 357 2743 tione
393 2689 729 2742 saeculorum
760 2688 826 2742 ad
855 2688 1199 2742 refellendum
1235 2699 1512 2758 pet-catum
1543 2705 1664 2744 esse
1689 2707 1804 2742 ma-

208 2780 572 2836 nifestatum.
608 2781 758 2846 Quod
783 2793 963 2836 autem
994 2792 1114 2850 post
1141 2783 1240 2835 hoc
1263 2781 1541 2846 sarculum,
1572 2782 1712 2850 quod
1739 2782 1803 2835 ad

210 2872 744 2927 consummationem
769 2871 998 2925 aliorum
1015 2873 1332 2925 szeeulormn
1357 2873 1554 2925 dicitur
1576 2873 1799 2937 factum,

211 2973 377 3018 erunt
405 2966 517 3019 alia
554 2965 749 3018 saecula
786 2963 1243 3034 supervenientia,
1275 2962 1562 3016 manifeste
1588 2964 1657 3018 ab
1686 2964 1802 3031 ipso

213 3055 385 3112 Paulo
419 3057 718 3111 didicimus
748 3056 964 3112 dicente
1001 3075 1015 3110 :
1054 3073 1074 3107 ι
1123 3055 1194 3110 Ut
1227 3047 1555 3110 ostenderet
1599 3057 1648 3110 in
1694 3062 1795 3111 εαξ-
1821 3071 1865 3131 c

214 3147 348 3202 culis
431 3148 947 3218 supervenientibus
1001 3148 1508 3216 superabundantes
1577 3148 1793 3203 divitias

217 3238 402 3302 gratia:
431 3253 546 3292 suae
576 3239 626 3290 in
658 3238 900 3293 bonitate
931 3254 1094 3308 super
1127 3254 1222 3293 nos
1265 3239 1333 3294 ⁵³.
1371 3258 1390 3290 ι
1431 3238 1547 3294 Non
1599 3239 1736 3292 dixit
1777 3279 1794 3306 ,

216 3327 266 3380 in
295 3328 505 3383 szrculo
535 3329 988 3396 superveniente,
1022 3344 1196 3399 neque
1237 3329 1290 3383 in
1329 3330 1541 3384 duobus
1584 3329 1794 3385 sareulis

217 3420 744 3488 sopervenientibus;
778 3419 917 3474 unde
932 3420 1169 3474 arbitror
1187 3419 1352 3473 multa
1377 3418 1569 3472 swcula
1591 3419 1792 3473 indicio

217 3511 492 3564 sermonis
520 3509 667 3564 illius
703 3511 992 3565 declarari.
1023 3510 1080 3564 Si
1110 3525 1240 3564 vero
1271 3510 1476 3578 aliquid
1501 3519 1586 3564 est
1614 3525 1789 3564 saecu-

224 3595 291 3664 lis
313 3599 516 3666 majus,
556 3599 632 3654 ita
665 3609 720 3654 et
745 3601 796 3654 in
835 3599 1105 3654 creaturis
1141 3600 1387 3668 quwdam
1438 3600 1631 3654 saecula
1674 3598 1787 3669 (2Ξ)

219 3689 608 3761 intelligantur,
640 3691 693 3744 in
740 3690 861 3746 aliis
888 3706 1016 3746 vero
1045 3705 1164 3760 quae
1207 3691 1479 3745 excedunt
1516 3699 1568 3744 et
1601 3706 1790 3760 super-

219 3781 540 3847 grediuntur
564 3781 802 3834 visibiles
829 3790 1114 3834 creaturas
1166 3777 1340 3848 (quod
1395 3779 1499 3832 erit
1551 3778 1694 3833 forte
1734 3781 1785 3834 in

219 3872 564 3929 restitutione
601 3872 862 3937 omnium,
899 3887 1022 3926 cum
1048 3869 1116 3924 ad
1155 3869 1454 3940 perlectum
1487 3869 1646 3923 linem
1674 3869 1791 3922 uni-

287 4014 331 4046 "
355 4011 493 4067 lleb.
520 4028 593 4080 Ix,
618 4011 706 4067 26.
727 4011 772 4042 ⁵³
795 4011 988 4082 Ephes.
1014 4024 1076 4074 ιι,
1099 4009 1150 4064 7.
1262 4010 1309 4043 ⁵³
1332 4009 1487 4066 Joan.
1519 4025 1654 4073 xvu,
1688 4011 1780 4065 22.

224 4161 238 4193 ι
273 4148 481 4219 utique.
509 4149 656 4204 »Μυχ
687 4166 842 4213 mss.,
862 4168 880 4200 ‹
910 4165 1004 4218 per
1028 4149 1290 4204 immensa
1322 4147 1538 4204 saecula.
1565 4165 1583 4199 ι
1613 4147 1783 4218 Alias,

223 4231 238 4262 ι
271 4232 363 4283 per
403 4221 619 4274 diversa
653 4219 872 4273 sateula.
917 4238 933 4268 ι

221 4351 230 4361 ν
280 4284 385 4360 (l9)
419 4287 702 4361 Mundam.
743 4289 899 4343 Deest
926 4290 978 4341 in
1017 4297 1174 4361 antea
1205 4287 1400 4361 editis,
1423 4288 1516 4340 sed
1551 4289 1782 4345 habetur

220 4358 265 4404 ia
295 4358 428 4413 tuas.
476 4359 678 4412 Ibidem
729 4374 896 4421 IIISS.,
949 4375 966 4408 ι
1024 4358 1490 4411 immutationibus
1528 4373 1632 4412 non
1684 4362 1776 4414 tui-
1815 4361 1858 4419 D

221 4425 387 4492 nimis.
434 4446 452 4478 ι
483 4427 636 4481 Libb.
667 4429 817 4492 editi,
849 4447 866 4480 ι
905 4428 1370 4482 immutationibus
1400 4427 1717 4486 innumeris.
1756 4450 1774 4483 ι

224 4489 378 4568 _P_aulo
411 4510 715 4568 postmss.,
750 4517 768 4548 ι
804 4489 895 4566 qui
939 4507 1134 4568 autem
1169 4511 1426 4550 numerus
1472 4497 1554 4568 vel
1597 4501 1785 4553 modus

222 4559 294 4642 hic
316 4559 452 4626 εἰμί
477 4567 642 4631 Editi,
668 4586 686 4618 ι
704 4559 793 4636 qui
825 4559 1000 4622 autem
1030 4567 1342 4622 verissimus
1371 4567 1557 4621 modus
1595 4569 1782 4623 horum

223 4644 300 4688 Sll.
335 4657 352 4689 ι

301 4705 386 4777 20)
434 4705 568 4761 Vide
597 4706 933 4777 0rigenian.,
975 4706 1010 4758 Ι.
1041 4721 1100 4770 ιι,
1143 4721 1198 4775 q.
1225 4706 1281 4769 5,
1313 4722 1460 4760 num.
1495 4706 1566 4760 25
1589 4717 1642 4759 et
1687 4707 1781 4762 24.

301 4709 363 4761 20
434 4709 568 4761 Vide
597 4709 933 4777 0rigenian.,
975 4709 1010 4758 Ι.
1041 4721 1100 4770 ιι,
1143 4721 1198 4775 q.
1225 4709 1281 4769 5,
1313 4722 1460 4760 num.
1495 4709 1566 4760 25
1589 4717 1642 4759 et
1687 4709 1768 4761 24.

300 4709 386 4849 21)
423 4777 513 4832 Sic
540 4792 728 4830 omnes
756 4778 1095 4849 eodd.‘mss_.;
1123 4779 1251 4849 editi
1287 4791 1435 4849 vero,
1472 4795 1490 4826 ι
1534 4793 1600 4830 ex
1623 4781 1768 4849 qui—

223 4839 307 4911 bus
337 4839 522 4901 tiunen
551 4847 893 4902 sertnOnibus
921 4839 1173 4899 Pauliad
1222 4839 1564 4900 occasiOueut
1619 4839 1782 4911 hujus

225 4910 586 4983 intelligentia:
624 4920 705 4986 (ut
733 4931 920 4970 verum
970 4915 1270 4986 proferam)
1314 4914 1476 4970 facile
1520 4910 1778 4972 devenie-

223 4995 342 5041 mus.
385 4986 475 5039 Ait
497 4988 662 5040 enim.
705 5006 722 5038 ι

279 5054 386 5128 (22)
436 5057 512 5108 Ita
555 5071 708 5128 mss.;
744 5055 874 5111 editi
910 5069 1078 5121 vero,
1127 5073 1147 5107 ι
1194 5054 1268 5108 ita
1317 5062 1379 5109 ut
1422 5053 1474 5108 in
1513 5057 1778 5111 creaturis

222 5129 424 5188 quidem
457 5127 676 5191 satcula,
717 5144 737 5177 ι
777 5136 883 5180 etc.

299 5194 387 5267 25)
430 5194 592 5267 Movet
633 5213 730 5250 me.
771 5196 1014 5267 infantea
1037 5194 1195 5249 editis
1225 5193 1379 5267 deest
1415 5212 1434 5267 ι
1473 5210 1577 5250 me.
1627 5213 1646 5246 ι

298 5265 388 5336 24)
427 5265 503 5318 lta
530 5280 684 5331 mss.;
713 5266 843 5320 editi
871 5275 1068 5328 autem,
1108 5283 1128 5317 ι
1165 5266 1259 5320 sed
1291 5265 1472 5319 omnia
1501 5276 1554 5318 et
1580 5267 1634 5320 in
1661 5281 1778 5320 om-

223 5331 379 5390 nih'tis'
393 5336 553 5391 Deus.
593 5355 611 5388 ι

279 5404 385 5476 (25)
425 5405 518 5476 Sic
557 5407 701 5476 hunc
748 5405 924 5458 locum
948 5403 1165 5476 pptime
1205 5406 1496 5459 emendant
1541 5419 1671 5461 mss.
1719 5405 1771 5458 In

225 5472 554 5529 antea'editis
586 5475 782 5542 legitur
827 5491 841 5527 :
893 5491 910 5522 ι
947 5472 1156 5527 Dicitur
1203 5489 1219 5528 :
1265 5489 1361 5543 per
1393 5483 1770 5528 ornamentum

225 5546 394 5612 sapitis
420 5547 569 5598 aurei
615 5545 889 5598 calvitium
926 5543 1166 5597 Hebraeis
1196 5554 1415 5612 propter
1458 5559 1618 5612 opera
1659 5555 1769 5596 tua.

224 5608 594 5670 ornamentum
627 5616 695 5668 ibi
732 5628 797 5667 eo
842 5612 1058 5682 nomine
1101 5608 1212 5678 quo
1242 5608 1509 5666 mundum
1531 5613 1771 5682 appella-

224 5681 298 5738 rit.
330 5687 453 5743 ldco
485 5685 688 5756 κόσμος
720 5683 929 5738 scribit.
971 5701 989 5734 ι
1026 5681 1180 5747 Quod
1212 5682 1358 5737 oumi
1403 5698 1563 5740 sensu
1597 5681 1766 5737 Caret.

1837 1751 1878 1805 Β

1923 509 2083 563 quam
2111 496 2364 550 saeculum
2407 496 2815 565 intelligendum
2855 503 2960 559 est,
2988 498 3038 550 in
3079 511 3187 566 quo
3214 497 3318 552 erit
3369 516 3492 554 om-

1925 588 2073 640 nium
2109 590 2529 643 consummatio.
2561 589 2738 662 Movet
2775 607 2860 643 me
2894 591 3011 660 (25)
3055 601 3233 646 autem
3284 595 3334 646 in
3389 595 3492 650 hoc

1925 675 2219 745 Scriptura:
2246 688 2449 732 sancta:
2480 679 2774 733 auctoritas
2802 694 2923 747 quae
2947 679 3074 732 dicit
3109 695 3123 732 :
3169 697 3187 730 ι
3223 678 3278 733 In
3314 696 3489 735 smcu-

1921 769 2056 832 lum,
2093 778 2147 822 et
2173 770 2370 823 adhuc.
2415 789 2432 820 ι
2482 770 2549 823 Et
2599 789 2616 820 ι
2657 771 2832 824 adhuc
2872 789 2890 820 ι
2939 771 3083 824 enim
3124 773 3264 839 quod
3316 773 3492 839 dicit,

1921 862 2041 930 plus
2055 861 2268 928 aliquid
2305 859 2423 914 sine
2441 859 2603 914 dubio
2632 875 2793 927 quam
2817 860 3073 914 sazculutn
3099 861 3211 914 vult
3240 861 3487 930 intelligi,

1920 962 1975 1008 et
2010 955 2133 1006 vide
2166 969 2232 1006 ne
2259 953 2388 1006 illud
2421 952 2562 1021 quod
2606 953 2736 1006 dicit
2777 951 3027 1004 Salvator
3060 953 3184 1020 quia
3225 971 3244 1004 ‹
3283 953 3407 1008 volo
3430 962 3490 1007 ut

1921 1045 2008 1098 ubi
2038 1059 2138 1114 ego
2175 1060 2290 1097 sum
2325 1053 2377 1098 et
2411 1044 2495 1097 isti
2530 1045 2642 1097 sint
2672 1056 2900 1106 mecum;
2933 1053 2988 1097 et
3017 1043 3159 1098 sicut
3185 1059 3286 1113 ego
3333 1055 3388 1098 et
3432 1058 3488 1100 tu

1926 1152 2090 1189 unum
2122 1153 2327 1199 sumus,
2353 1146 2406 1190 et
2435 1137 2522 1191 isti
2547 1136 2654 1190 sint
2683 1135 2734 1189 in
2765 1135 2918 1190 nobis
2943 1151 3106 1190 unum
3130 1136 3196 1203 M;
3236 1155 3256 1189 ι
3297 1148 3488 1193 osten-

1918 1226 2047 1280 dere
2077 1229 2325 1280 videatur
2373 1226 2492 1296 plus
2541 1226 2744 1296 aliquid
2795 1242 2960 1298 quam
2998 1236 3083 1282 est
3127 1229 3384 1283 sazeulum
3432 1241 3488 1284 et

1917 1318 2133 1383 saecula,
2159 1316 2295 1371 forte
2316 1317 2476 1371 etiam
2493 1317 2612 1385 plus
2633 1331 2796 1386 quam
2820 1325 2904 1372 est
2921 1319 3115 1373 saecula
3134 1321 3482 1384 saeculorum,

1920 1411 1970 1463 id
2004 1410 2253 1464 videlicet
2279 1425 2401 1462 eum
2421 1410 2532 1478 jam
2556 1424 2662 1466 non
2688 1410 2738 1463 in
2769 1411 2968 1465 saeculo
3009 1420 3137 1465 sunt
3160 1411 3364 1475 omnia,
3389 1413 3485 1466 sed

1915 1501 1968 1554 in
1998 1505 2247 1554 omnibus
2270 1501 2410 1555 Deus
2437 1499 2570 1570 (24).

1983 1592 2035 1646 6.
2073 1592 2164 1647 llis
2190 1607 2286 1661 pro
2309 1576 2538 1647 nostris.
2554 1592 2760 1648 viribus
2784 1595 2851 1648 de
2890 1593 3074 1648 mundi
3115 1594 3326 1649 ratione
3371 1595 3479 1648 dis-

1911 1686 2096 1748 sertis,
2129 1701 2233 1738 non
2268 1684 2630 1755 incongruum
2666 1687 2832 1740 etiam
2863 1688 3077 1741 videtur
3101 1688 3267 1756 ipsius
3295 1688 3483 1743 mundi.

1910 1777 2194 1846 appellatio
2225 1777 2355 1846 quid
2384 1777 2487 1830 sibi
2521 1776 2652 1831 velit
2680 1778 2978 1847 inquirere;
3021 1794 3141 1846 quae
3185 1779 3479 1849 appellatio

1909 1868 1960 1922 in
2000 1867 2299 1935 Scripturis
2325 1867 2532 1921 sanctis
2557 1869 2769 1923 diversa
2805 1870 3122 1940 signiﬁcans
3166 1871 3481 1939 frequenter

1907 1959 2227 2012 ostenditur.
2286 1957 2436 2025 Quod
2491 1959 2633 2014 enim
2679 1959 2868 2013 Latine
2919 1963 3173 2016 mundum
3223 1963 3478 2027 dicimus,

1907 2050 2092 2103 Greece
2123 2049 2330 2117 κόσμος
2361 2049 2684 2118 appellatur;
2716 2050 2920 2121 κόσμος
2939 2061 3119 2106 autent
3161 2068 3266 2106 non
3301 2053 3474 2107 solmn

1908 2144 2187 2204 mundum,
2222 2141 2314 2195 sed
2348 2150 2396 2193 et
2420 2151 2794 2195 ornamentum
2827 2142 3118 2212 signiﬁcat.
3157 2143 3397 2214 Denique
3424 2146 3477 2200 in

1906 2232 2042 2285 lsaia
2074 2231 2161 2286 ubi
2185 2232 2250 2285 ad
2276 2233 2550 2301 principes
2578 2232 2716 2287 lilias
2735 2233 2862 2287 Sion
2894 2234 3281 2303 increpationis
3295 2250 3474 2290 sermo

1905 2324 2160 2394 dirigitur
2209 2333 2265 2378 et
2312 2324 2443 2378 dicit
2491 2321 2669 2377 ειΡιο
2711 2333 3040 2378 ornamento
3083 2326 3276 2394 capitis
3323 2328 3476 2382 aurei

1903 2416 2176 2470 calvitium
2227 2417 2452 2471 habebis
2501 2426 2721 2485 propter
2771 2429 2936 2484 opera
2977 2427 3065 2471 tua
3119 2418 3196 2481 ⁸⁸,
3241 2437 3260 2468 ι
3311 2435 3478 2474 orna-

1907 2514 2144 2569 mentum
2185 2506 2255 2558 ibi
2282 2521 2345 2559 eo
2376 2508 2593 2561 nomine
2625 2521 2733 2576 quo
2762 2509 3018 2562 mundum
3050 2510 3378 2578 appellavit,
3425 2512 3475 2565 id

1907 2605 1989 2648 est
2027 2596 2230 2666 κόσμον
2263 2597 2396 2665 (25).
2428 2599 2640 2653 Dicitur
2671 2601 2833 2654 etiam
2871 2602 2923 2656 in
2950 2601 3266 2656 indumento
3291 2604 3476 2671 ponti-

1908 2686 2026 2740 ficis
2065 2688 2249 2739 mundi
2287 2688 2425 2742 ratio
2456 2689 2750 2756 contineri,
2791 2692 2928 2744 sicut
2956 2693 3008 2745 in
3038 2691 3316 2761 Sapientia
3368 2694 3472 2748 Sa-

1906 2777 2137 2830 lomonis
2179 2778 2504 2844 invenimus,
2543 2794 2664 2834 cum
2689 2781 2838 2844 dicit,
2865 2781 2990 2849 quia
3016 2799 3034 2832 ι
3075 2783 3126 2834 ἰιι
3153 2784 3476 2838 vestimento

1905 2868 2122 2936 poderis
2155 2877 2271 2922 erat
2303 2869 2589 2923 universus
2620 2870 2850 2923 mumlus
2893 2870 2991 2927 ⁸⁸.»
3014 2870 3244 2926 Mundus
3276 2872 3475 2927 dicitur

1902 2956 2064 3009 etiam
2101 2967 2286 3010 noster
2315 2973 2436 3011 cum
2469 2959 2863 3014 habitatoribus
2891 2960 3005 3014 suis
3032 2961 3180 3014 orbis
3203 2970 3470 3014 terrarum

1904 3043 2024 3111 iste,
2059 3048 2200 3102 sicut
2223 3063 2344 3101 eum
2379 3049 2658 3117 Scriptura
2678 3051 2808 3105 dicit
2839 3067 2853 3106 :
2889 3070 2907 3102 ι
2937 3053 3123 3107 Omnis
3156 3054 3388 3107 mundus
3417 3055 3468 3106 in

1901 3138 2135 3206 maligno
2184 3149 2388 3208 posuus
2427 3150 2510 3194 est
2545 3141 2612 3193 ⁵⁷.
2671 3159 2690 3192 ι
2745 3141 2991 3197 Meminit
3043 3159 3173 3199 sane
3219 3145 3471 3200 Clemens

1901 3227 2268 3294 apostolorum
2315 3229 2614 3298 discipulus
2644 3231 2812 3285 etiam
2836 3247 3023 3287 eorum
3049 3249 3185 3302 quos
3217 3232 3468 3303 ἀντίχθο-

1899 3337 1994 3383 νας
2026 3319 2198 3374 Graeci
2237 3323 2586 3378 nominarunt
2618 3332 2780 3393 atque
2807 3324 2942 3379 alias
2966 3334 3146 3392 partes
3175 3324 3288 3394 (26)
3317 3325 3468 3380 orbis

1903 3421 2062 3466 terra:
2089 3412 2154 3464 ad
2186 3428 2320 3482 quas
2353 3429 2529 3483 neque
2555 3425 2860 3470 nostrorum
2886 3417 3171 3486 quisquam
3205 3417 3468 3473 accedere

1899 3511 2100 3571 potest,
2127 3517 2303 3572 neque
2335 3519 2396 3557 ex
2431 3504 2537 3559 illis
2560 3505 2649 3574 qui
2670 3507 2741 3560 ibi
2765 3517 2893 3560 sunt
2920 3510 3204 3576 quisquam
3231 3510 3470 3563 transire

1898 3591 1966 3644 ad
1993 3606 2133 3645 nos:
2163 3607 2300 3660 quos
2329 3603 2382 3647 et
2409 3593 2554 3661 ipsos
2583 3596 2810 3650 mundos
2833 3598 3128 3666 appellavit
3154 3613 3300 3663 cum,
3339 3599 3417 3652 ait
3450 3616 3463 3651 :

1900 3702 1920 3735 ι
1956 3681 2204 3739 Oceanus
2231 3685 2692 3742 intransmeabilis
2721 3698 2806 3743 est
2835 3688 3140 3742 hominibus
3159 3688 3296 3759 (27),
3325 3699 3383 3744 et
3413 3689 3467 3743 hi

1895 3776 1988 3845 qui
2028 3786 2180 3831 trans
2215 3775 2390 3846 ipsum
2426 3787 2552 3832 sunt
2578 3782 2784 3845 mundi,
2810 3782 2902 3850 qui
2938 3782 3022 3835 bis
3051 3781 3253 3837 eisdem
3284 3782 3460 3836 domi-

1899 3870 2109 3924 natoris
2142 3869 2234 3924 Dei
2263 3869 2727 3940 .dispositionibus
2756 3872 3146 3944 gubernantur.
3187 3891 3206 3925 ι
3259 3875 3465 3930 Dicitur

1879 4012 2054 4067 l"-lsa.
2106 4028 2186 4076 Ill,
2221 4013 2314 4068 24.
2415 4013 2463 4046 ⁸⁸
2489 4012 2618 4084 Sap.
2653 4030 2809 4081 xvttt,
2846 4013 2934 4070 42.
2977 4015 3021 4048 ⁸⁷
3055 4015 3253 4073 lJean.
3283 4033 3335 4084 ν,
3370 4017 3459 4073 19.

1969 4146 2078 4218 (26)
2105 4148 2180 4202 lta
2205 4148 2547 4220 coddumssq
2577 4148 2704 4202 editi
2739 4162 2887 4215 vero,
2915 4166 2936 4200 ι
2967 4150 3269 4215 nontinant,
3297 4161 3460 4220 atque

1893 4217 2037 4273 illius
2066 4227 2265 4285 partes.
2304 4237 2324 4270 ι
2360 4217 2529 4271 Paulo
2558 4229 2676 4285 post
2729 4233 2880 4280 πιεῖν,
2928 4236 2945 4268 ι
2991 4217 3464 4278 iutraustucalilis

1889 4298 1994 4342 est.
2031 4306 2049 4338 ι
2090 4288 2310 4350 ΕιΙίιίἐ(
2348 4287 2702 4340 iutrausibilis
2729 4297 2830 4339 est.
2866 4307 2884 4338 ι

1959 4357 2070 4425 (27)
2104 4355 2344 4409 Oceanus
2384 4356 2828 4425 intransuwabilis
2865 4365 2960 4420 est,
3010 4365 3118 4409 etc.
3164 4355 3469 4412 Clementis

1889 4424 2115 4481 Romani
2147 4426 2311 4478 verba
2350 4425 2557 4494 imitari
2577 4426 2790 4477 videtur
2819 4424 3102 4494 Dionysius
3132 4426 3455 4479 Alexandri-

1887 4511 1989 4550 nus
2015 4496 2150 4561 apud
2191 4493 2477 4547 Eusebium
2507 4492 2599 4545 lib.
2628 4509 2723 4555 vn,
2749 4509 2866 4561 cap.
2894 4492 3208 4561 2,_Hislor.,
3233 4496 3261 4548 ὁ
3288 4495 3454 4558 πολὺς

1884 4563 1984 4619 καὶ
2011 4563 2315 4636 ἀπέραντος
2343 4561 2953 4636 ᾀνθρώποιςῌὨκεανός.
2993 4564 3070 4636 E9
3099 4579 3329 4636 quoque
3362 4582 3451 4620 re.

1883 4637 2094 4705 spicere
2120 4633 2332 4687 videtur
2360 4633 2590 4688 lretueus
2622 4633 2714 4686 lib.
2745 4649 2802 4698 ll,
2831 4649 2953 4703 cap.
2989 4634 3058 4705 4]
3091 4652 3104 4688 :
3135 4654 3154 4685 ι
3195 4634 3330 4701 Quid
3363 4652 3454 4688 att-

1886 4703 2014 4768 tem,
2049 4705 2244 4773 inquit,
2267 4716 2554 4771 possumus
2593 4717 2865 4771 exponere
2894 4707 2960 4759 de
2997 4703 3196 4759 Oceani
3227 4719 3450 4760 accessu

1881 4785 1937 4829 et
1966 4789 2204 4836 recessu,
2235 4789 2354 4844 cum
2379 4781 2591 4826 constet
2614 4788 2733 4826 esse
2757 4785 2959 4827 certam
2987 4774 3234 4829 causam?
3254 4777 3451 4844 quidve

1882 4845 1950 4898 de
1976 4845 2059 4898 his
2085 4859 2203 4911 qua:
2233 4843 2375 4896 ultra
2396 4857 2513 4914 eum
2544 4852 2689 4907 sunt,
2718 4845 3006 4900 enuntiare
3036 4844 3213 4914 qualia
3242 4843 3376 4898 sint?
3423 4865 3443 4897 ι

1881 4915 2086 4979 Quibus
2141 4914 2320 4966 verbis
2376 4911 2714 4982 adjuugeuda
2779 4923 2907 4967 sunt
2966 4911 3068 4968 ista
3130 4913 3318 4968 Hilarii
3381 4917 3448 4969 ad

1883 4985 2070 5051 psalmi
2102 4999 2266 5036 ιιι-ιιι
2301 4982 2501 5052 liuent:
2530 4981 2564 5031 ί
2585 4981 2731 5035 Mare
2758 4984 2896 5047 quod
2923 4985 3186 5052 profunda
3211 4985 3449 5039 inunita-

1879 5069 1984 5123 que
2007 5055 2090 5108 sui
2121 5055 2275 5107 obice
2300 5065 2535 5123 mentem
2565 5053 2809 5106 humana:
2835 5054 3106 5120 opinionis
3123 5055 3369 5119 excedat,
3391 5063 3449 5107 ut

1881 5122 2051 5192 neque
2093 5124 2219 5192 quid
2261 5133 2412 5178 extra
2453 5122 2546 5187 sit,
2580 5137 2751 5190 neque
2789 5124 2912 5190 quid
2946 5126 3086 5177 intra
3128 5124 3196 5176 sit
3221 5161 3236 5185 ,
3279 5139 3445 5178 sensu

1877 5204 2230 5263 persequente
2257 5196 2554 5261 capiamus.
2595 5210 2613 5242 ι
2648 5193 2753 5263 Sed
2784 5203 2837 5246 et
2864 5192 3158 5263 Clementis
3214 5194 3445 5246 Romani

1879 5266 2030 5317 locus
2052 5261 2260 5318 ﬁcitatur
2289 5281 2318 5317 a
2348 5263 2674 5333 cognomine
2696 5262 3066 5317 Alexandrino
3098 5261 3361 5333 Slromat,
3391 5278 3442 5323 ν,

1876 5349 1928 5400 p.
1956 5334 2084 5395 586,
2124 5334 2213 5386 ttbi
2250 5334 2313 5387 de
2353 5331 2534 5387 multis
2557 5332 2710 5386 cmlis
2743 5346 2835 5385 seu
2871 5333 3106 5396 tnundis;
3137 5341 3191 5384 et
3219 5333 3285 5385 ab
3319 5331 3444 5386 llic-

1887 5418 2112 5472 rouytuo
2144 5405 2194 5456 in
2238 5403 2434 5471 Ephes.
2474 5418 2545 5466 tt,
2591 5401 2655 5466 2,
2696 5401 2834 5472 qui,
2879 5403 3090 5468 Opinor,
3135 5400 3448 5453 transcribit

1875 5471 2128 5540 Origenis
2185 5474 2626 5527 commentarios.
2692 5471 2816 5524 lla:c
2883 5475 3347 5540 observataﬂsuut
3403 5484 3443 5540 _a

1874 5538 2174 5598 clarissimo
2219 5543 2489 5598 Cotelerio
2539 5543 2590 5594 in
2647 5543 2790 5594 notis
2851 5540 2902 5592 in
2953 5539 3100 5593 hunc
3150 5538 3446 5592 Cletueutis

1874 5611 2049 5666 locum
2092 5616 2155 5668 de
2198 5629 2304 5682 quo
2351 5614 2537 5681 plura,
2584 5613 2627 5666 si
2671 5611 2841 5678 cupis,
2890 5609 3013 5663 vide
3050 5608 3298 5664 eumdem
3346 5607 3448 5662 ibi-

1875 5683 2013 5736 dent.

3449 5757 3490 5780 ‘1
