4014 6142
483 271 584 326 195

1716 266 2036 324 ΟΒΙΟΕΝΙΒ
2076 268 2236 321 ΠΕΡΙ
2275 269 2505 321 ΑΡΧΩΝ

3643 274 3750 330 190

481 394 648 448 etiam
679 372 906 446 mundus
937 391 1035 446 ista
1066 390 1391 445 universitas
1418 405 1538 456 quae
1566 404 1628 443 ex
1659 392 1798 445 coelo
1826 400 1881 444 ct
1913 400 2053 444 terra
2084 393 2132 449 Α
2160 392 2399 446 continet
2427 391 2605 445 omnia
2635 406 2751 460 quae
2782 391 2883 446 sub
2919 390 3056 447 cmlo
3083 401 3229 456 sunt,
3258 391 3332 446 ita
3382 391 3526 446 illam
3555 393 3750 449 όίωηι

482 485 817 546 continetur,
858 485 994 537 sicut
1031 481 1228 534 Paulus
1255 481 1330 532 ait.
1367 499 1380 533 :
1419 498 1437 529 ι
1477 479 1728 534 Transict
1759 483 1871 551 (28)
1909 483 2052 536 enim

486 577 705 630 habitus
737 575 892 642 hujus
925 572 1110 626 mundi
1157 572 1222 622 ⁵⁸.
1268 590 1288 623 ι
1335 572 1587 640 Designat
1626 586 1759 625 sane
1795 582 1849 626 ct
1887 573 2051 626 alium

483 666 769 736 quemdam
797 664 1051 716 mundum
1085 671 1281 730 praeter
1301 662 1448 714 hunc
1471 661 1737 714 visibilem
1764 662 1925 715 etiam
1957 661 2055 717 Do-

488 757 666 810 minus
687 767 738 809 et
771 754 1021 806 Salvator
1042 763 1249 815 noster,
1276 767 1432 819 quem
1461 767 1649 806 revera
1671 753 1981 809 describere
2002 764 2056 808 ct

486 847 766 915 designare
783 843 996 896 dillicile
1013 853 1130 897 est:
1156 843 1510 910 aitnamque;
1535 863 1552 893 ι
1577 843 1690 912 Ego
1713 859 1816 895 non
1847 860 1963 897 sum
1988 844 2053 898 de

484 939 586 992 hoc
601 937 799 990 nmmlo
820 935 885 987 '9.
913 955 931 987 ι
951 934 1233 1003 Tanquam
1258 936 1402 988 enim
1423 951 1489 988 ex
1512 935 1620 988 aiio
1648 937 1878 1004 quodam
1911 919 2056 990 esset

483 1028 695 1090 mundo,
725 1028 795 1079 ita
823 1027 1094 1096 dicit,83
1111 1026 1250 1095 quod
1269 1045 1288 1077 ι
1316 1024 1428 1080 Νοιι
1447 1041 1563 1078 sum
1589 1027 1653 1079 de
1672 1027 1772 1080 hoc
1797 1026 2012 1079 mundo.
2030 1045 2047 1076 ι

477 1119 644 1186 Cujus
675 1117 859 1171 mundi
897 1118 1166 1172 dilIicilem
1197 1120 1351 1172 nobis
1388 1134 1505 1172 esse
1534 1118 1930 1187 expositionem
1966 1120 2050 1172 id-

476 1208 624 1262 circo
646 1207 1022 1275 praediximus,
1045 1223 1109 1259 ne
1134 1207 1271 1260 forte
1289 1207 1595 1276 praebeatur
1616 1207 1884 1275 aliquibus
1905 1224 2055 1264 occa-

477 1301 560 1352 sio
586 1300 729 1352 illius
747 1298 1138 1368 intelligentia},
1160 1315 1262 1367 qua
1289 1308 1588 1368 putentnos
1609 1300 1874 1368 imagines
1893 1315 2056 1369 quas-

478 1391 599 1442 dam
624 1404 760 1457 quas
781 1387 951 1442 Graeci
973 1388 1113 1450 ἰδέας
1134 1389 1430 1455 nominant,
1463 1388 1733 1443 afﬁrmare
1757 1392 1932 1458 :quod
1952 1390 2055 1444 uti-

477 1496 581 1549 que
613 1496 640 1532 a
679 1481 879 1534 nostris
929 1480 1164 1533 alienum
1212 1489 1326 1546 est,
1377 1482 1633 1534 mundum
1679 1483 2053 1550 incorporeum

478 1571 684 1634 dicere,
730 1571 782 1623 in
828 1570 939 1624 sola
983 1573 1178 1625 mentis
1215 1572 1499 1639 phantasia
1549 1572 1634 1626 vel
1672 1574 2053 1642 cogitationum

478 1661 685 1715 lubrico
713 1662 1128 1722 consistentem;
1156 1669 1209 1714 et
1241 1662 1510 1728 quomodo
1541 1661 1880 1715 Salvatorem
1915 1663 2045 1718 inde

477 1767 632 1815 csse,
686 1752 772 1806 vel
821 1765 1039 1807 sanctos
1090 1767 1306 1822 quoque
1372 1755 1500 1808 illuc
1557 1755 1730 1809 ituros
1799 1763 2052 1822 poterunt

475 1844 766 1910 aﬂirmare,
805 1861 910 1899 non
955 1846 1133 1900 video.
1187 1845 1560 1902 Verumtamen
1606 1846 1920 1916 praeclarius
1957 1847 2055 1900 ali-

477 1936 606 2004 quid
654 1945 708 1990 ct
765 1936 1102 2004 splendidius
1166 1952 1325 2005 quam
1383 1937 1485 1992 istc
1530 1938 1623 2007 qui
1676 1953 1919 2007 praesens
1970 1933 2055 1992 es't

476 2028 730 2090 mundus,
764 2028 992 2082 indicari
1025 2045 1052 2081 a
1085 2029 1368 2084 Salvatore
1401 2046 1506 2084 non
1549 2031 1771 2084 dubium
1809 2041 1916 2094 est,
1947 2045 2052 2098 quo

476 2119 640 2173 etiam
669 2120 953 2173 credentes
987 2121 1040 2174 in
1072 2136 1130 2174 se
1161 2123 1387 2177 tendere
1413 2133 1673 2192 provocat
1702 2134 1754 2178 et
1781 2123 2048 2176 hortatur.

475 2210 584 2265 Sed
620 2221 798 2265 utrum
849 2214 1082 2266 mundus
1133 2213 1234 2266 iste
1283 2229 1442 2282 quem
1489 2213 1676 2268 sentiri
1713 2214 1855 2277 vult,
1891 2228 2052 2282 sepa-

476 2315 625 2360 ratus
677 2307 745 2360 ab
793 2306 896 2360 hoc
945 2306 1014 2360 sit
1070 2306 1333 2375 longeque
1389 2308 1618 2370 divisus,
1671 2308 1752 2361 vel
1791 2307 1934 2370 loco,
1968 2307 2053 2361 vel

474 2397 756 2466 qualitate,
789 2398 870 2450 vel
906 2399 1109 2467 gloria;
1145 2414 1211 2452 an
1243 2399 1412 2466 gloria
1443 2400 1660 2467 quidem
1691 2409 1746 2453 et
1787 2400 2053 2468 qualitate

474 2491 766 2558 praecellat,
795 2491 932 2543 intra
972 2499 1151 2543 tamen
1189 2493 1346 2558 hujus
1374 2493 1560 2548 mundi
1597 2492 2054 2562 circumscriptio-

475 2596 598 2635 nem
630 2583 970 2645 cohibeatur,
1012 2585 1152 2652 quod
1189 2593 1242 2638 et
1277 2584 1404 2636 mihi
1449 2583 1618 2652 magis
1650 2584 1942 2639 verisimile
1972 2585 2050 2638 vi-

473 2675 654 2738 detur,
695 2674 962 2727 incertum
1005 2683 1183 2729 tamen
1226 2684 1341 2738 est,
1390 2683 1439 2728 et
1470 2715 1485 2740 ,
1529 2682 1586 2727 ut
1637 2689 1737 2743 ego
1787 2676 2046 2744 arbitror,

388 2780 392 2784 '
473 2763 724 2818 humanis
756 2765 931 2818 adhuc
970 2765 1396 2836 cogitationibus
1428 2773 1483 2820 et
1513 2766 1785 2821 mentibus
1830 2767 2053 2820 inusita-

473 2861 602 2908 tum.
636 2854 711 2907 Ex
744 2855 827 2908 his
862 2865 1035 2910 tamen
1071 2871 1191 2925 quae
1223 2857 1475 2910 Clemens
1509 2857 1658 2911 visus
1690 2867 1774 2911 est
1806 2858 2051 2912 indicare

472 2961 594 3000 cum
627 2945 763 2999 dicit
791 2977 801 3000 ς
841 2966 858 2998 ι
889 2946 1137 3001 Oceanus
1186 2948 1652 3002 intransmeabilis
1692 2958 1775 3002 est
1809 2949 2050 3003 homini-

471 3035 604 3098 bus,
647 3047 702 3088 ct
734 3036 790 3089 hi
834 3038 1016 3090 mundi
1059 3039 1149 3106 qui
1192 3049 1310 3106 post
1354 3041 1528 3107 ipsum
1565 3047 1727 3093 sunt:
1757 3020 1776 3090 ί
1811 3041 1899 3107 qui
1935 3049 2050 3109 post

475 3125 651 3194 ipsum
687 3137 810 3180 sunt
859 3129 1086 3182 mundos
1133 3128 1414 3195 pluraiiter
1459 3130 1785 3196 nominans,
1827 3145 1963 3198 quos
1997 3142 2050 3184 et

471 3218 662 3271 eadem
705 3217 798 3271 Dei
831 3217 1027 3272 summi
1072 3219 1410 3287 providentia
1445 3221 1530 3288 agi
1580 3223 1801 3290 regique
1845 3223 2051 3291 signiti-

471 3315 582 3371 cat,
617 3308 824 3361 semina
859 3309 1100 3376 quadam
1136 3309 1292 3362 nobis
1339 3309 1650 3376 hujusmodi
1685 3312 2068 3378 intelligentiae

467 3401 688 3455 videtur
721 3415 1036 3469 aspergere,
1075 3415 1181 3470 quo
1228 3413 1444 3470 putetur
1471 3406 1649 3458 omnis
1675 3405 1895 3473 quidem
1930 3406 2050 3458 uni—

469 3496 701 3551 versitas
744 3510 931 3550 eorum
972 3511 1091 3565 quae
1139 3508 1266 3550 sunt
1317 3507 1479 3566 atque
1525 3499 1833 3554 subsistunt
1880 3499 2048 3554 coele-

468 3588 656 3652 stium,
683 3597 737 3640 et
766 3587 1260 3656 supercoetestium,
1289 3597 1648 3652 terrenorum,
1681 3589 2049 3644 inl‘ernorum-

381 3693 384 3695 '
469 3697 598 3751 que,
642 3697 783 3736 unus
824 3690 878 3735 et
927 3681 1198 3749 perlectus
1252 3685 1483 3735 mundus
1533 3681 1862 3749 generaliter
1904 3683 2042 3747 dici;

469 3773 615 3826 intra
646 3787 804 3840 quem
836 3772 976 3825 vela
1021 3788 1128 3840 quo
1173 3773 1354 3827 caeteri
1403 3772 1470 3843 (si
1505 3773 1595 3842 qui
1645 3773 1716 3826 illi
1767 3771 1915 3842 sunt)
1951 3789 2048 3841 pu-

465 3860 619 3916 tandi
670 3872 796 3915 sunt
836 3863 1126 3916 contineri.
1175 3863 1325 3918 Unde
1372 3864 1542 3918 voluit
1576 3865 1790 3932 quidem
1833 3864 2044 3931 globum

472 3953 611 4005 luna:
665 3953 746 4007 vel
795 3953 944 4016 solis,
993 3963 1453 4022 caeterorumque,
1494 3969 1628 4023 quos
1667 3959 1908 4022 planetas
1952 3969 2046 4009 vo-

471 4053 618 4107 cant,
665 4059 762 4113 per
795 4043 1004 4112 singula
1042 4045 1269 4097 mundos
1305 4045 1599 4096 nominari.
1644 4043 1748 4099 Sed
1787 4055 1842 4099 et
1870 4047 2043 4114 ipsum

470 4138 961 4203 supereminenlem
993 4150 1152 4204 quem
1190 4135 1376 4190 dicunt
1410 4135 1620 4206 ἀπλανῆ
1654 4136 1892 4206 globum,
1922 4153 2044 4204 pro-

469 4228 585 4297 prie
636 4225 745 4299 (29)
803 4227 1161 4281 nihilominus
1217 4229 1476 4280 mundum
1527 4228 1786 4297 appellari
1831 4227 2038 4282 volunt.

466 4320 707 4388 Denique
739 4319 900 4374 etiam
951 4319 1167 4373 Baruch
1219 4320 1497 4388 prOphetae
1530 4319 1724 4373 librum
1767 4319 1817 4372 in
1859 4333 2040 4372 asser-

2158 484 2418 536 immensa
2488 483 2721 551 quadam
2781 483 2861 537 sui
2933 483 3307 553 magnitudine
3371 493 3428 538 et
3477 485 3747 542 inell'abili

2157 573 2436 642 complexu
2479 575 2651 642 spatia
2706 574 3085 628 universarum
3132 575 3470 644 sphaerarum
3525 579 3741 633 ambitu

2158 665 2632 732 magniﬁcentiorc
2679 666 3089 735 consﬂingere;
3140 667 3213 719 ita
3263 675 3323 719 ut
3361 669 3541 722 omnia
3592 670 3743 725 intra

2158 756 2327 824 ipsam
2360 755 2434 810 ita
2459 756 2567 809 sint
2600 755 2741 809 sicut
2780 765 2864 810 est
2896 756 3010 810 haec
3042 765 3186 812 terra
3214 767 3399 812 nostra
3423 761 3524 814 sub
3549 761 3693 816 cmlo
3723 779 3740 816 :

2156 860 2276 913 qure
2308 845 2467 898 etiam
2499 845 2550 896 in
2587 845 2886 914 Scripturis
2913 846 3119 899 sanctis
3153 855 3296 900 terra
3332 851 3470 902 bona
3504 857 3557 901 et
3589 858 3739 904 terra

2155 935 2454 990 viventium
2483 936 2728 989 creditur
2767 937 3060 1002 nominari,
3095 936 3301 992 habens
3336 954 3492 993 suum
3529 940 3736 996 caelum

2157 1027 2284 1080 illud
2326 1028 2469 1095 quod
2519 1031 2786 1096 superius,
2836 1029 2886 1080 in
2935 1044 3042 1094 quo
3083 1030 3224 1084 coelo
3274 1037 3740 1088 sanctorum‘no-

2158 1117 2301 1170 mina
2357 1117 2553 1182 scribi,
2606 1116 2690 1171 vel
2739 1118 2939 1186 scripta
2997 1134 3117 1173 esse
3171 1121 3424 1175 dicuntur
3469 1139 3499 1176 a
3543 1123 3738 1177 Salva-

2159 1216 2276 1263 tore
2325 1209 2478 1279 (5i);
2516 1224 2623 1277 quo
2677 1209 2818 1264 coelo
2871 1210 3162 1265 cohibetur
3222 1212 3311 1264 illa
3368 1222 3512 1268 terra
3571 1225 3738 1286 atque

2154 1298 2512 1361 concluditur,
2561 1314 2723 1368 quam
2764 1299 3012 1354 Salvator
3058 1303 3109 1354 in
3159 1303 3446 1372 Evangelio
3510 1305 3738 1362 mitibus

2155 1399 2210 1444 et
2244 1389 2538 1444 mansuetis
2569 1391 2987 1460 repromittit“.
3013 1391 3088 1445 Ex
3134 1393 3276 1447 illius
3315 1409 3548 1464 namque
3576 1407 3736 1453 teme

2156 1484 2374 1536 nomine
2407 1481 2572 1536 etiam
2602 1482 2742 1536 hanc
2774 1491 3015 1536 nostram
3052 1484 3134 1537 cui
3170 1485 3324 1538 arida
3355 1486 3506 1553 prius
3535 1502 3733 1542 nomen

2156 1569 2362 1634 fuerat,
2404 1573 2840 1640 cognominatam
2885 1574 3092 1640 volunt,
3132 1575 3277 1629 sicut
3321 1586 3376 1631 et
3416 1576 3736 1633 ﬁrmamen-

2159 1674 2267 1718 tum
2313 1665 2415 1719 hoc
2451 1665 2649 1719 caelum
2697 1666 2840 1721 illius
2885 1666 3009 1721 cceli
3057 1669 3320 1722 vocabulo
3365 1679 3733 1739 nuncupatum

2154 1767 2255 1812 est.
2286 1756 2484 1813 Verum
2515 1759 2580 1811 de
2615 1758 2981 1826 hujuscemodi
3023 1761 3367 1825 opinionibus
3418 1763 3630 1833 plenius
3677 1765 3732 1818 in

2155 1849 2250 1904 illo
2275 1850 2393 1904 loco
2424 1849 2796 1913 tractavimus,
2823 1865 2944 1905 cum
2975 1851 3376 1919 requireremus
3408 1853 3538 1924 quid
3579 1862 3732 1908 esset

2155 1943 2296 2011 quod
2342 1942 2396 1995 in
2434 1942 2699 2012 principio
2737 1942 2866 1997 fecit
2915 1941 3052 1998 Deus
3099 1944 3294 1998 ctelum
3330 1955 3386 1998 et
3433 1954 3633 2000 terram
3660 1946 3727 2001 “.

2153 2033 2310 2086 Aliud
2335 2032 2476 2086 enim
2507 2031 2701 2086 caelum
2732 2041 2785 2084 et
2810 2031 2910 2084 alia
2947 2039 3090 2085 terra
3121 2033 3390 2087 indicatur
3417 2049 3537 2088 esse
3566 2049 3732 2104 quam
3797 2077 3804 2085 .

2155 2124 2289 2179 illud
2325 2125 2727 2177 firmamentum
2770 2124 2912 2192 quod
2943 2131 3062 2193 post
3095 2124 3317 2180 biduum
3352 2124 3550 2180 factum
3597 2127 3734 2182 dici-

2157 2227 2265 2282 tur,
2301 2215 2386 2270 vel
2433 2215 2581 2268 arida
2613 2229 2733 2283 quae
2778 2216 3116 2284 poStmodum
3167 2224 3310 2270 terra
3357 2228 3731 2286 nuncupatur.

2157 2308 2301 2361 Sane
2341 2308 2441 2362 hoc
2470 2306 2611 2375 quod
2644 2307 2832 2361 dicunt
2859 2306 3078 2375 quidam
3113 2307 3177 2362 de
3207 2307 3308 2360 hoc
3337 2308 3556 2374 mundo,
3596 2323 3734 2377 quo-

2155 2401 2299 2452 niam
2346 2397 2716 2467 corruptibilis
2757 2399 2976 2467 quidem
3021 2408 3106 2453 est
3147 2413 3211 2453 ex
3251 2413 3316 2455 eo
3359 2401 3501 2468 quod
3556 2401 3732 2456 factus

2153 2499 2256 2554 est,
2287 2505 2386 2543 nec
2423 2502 2599 2543 tamen
2638 2492 3024 2558 corrmnpitur,
3068 2494 3189 2560 quia
3227 2492 3578 2560 corruptione
3613 2491 3729 2546 for-

2157 2581 2260 2633 tior
2302 2589 2357 2635 et
2401 2579 2627 2635 validior
2654 2588 2736 2635 est
2780 2580 3032 2636 voluntas
3081 2582 3171 2658 Dei
3220 2584 3308 2652 qui
3345 2583 3475 2638 fecit
3506 2598 3631 2637 eum
3671 2593 3731 2638 ct

2154 2675 2400 2730 continet
2440 2673 2587 2729 illum
2640 2688 2708 2728 ne
2757 2675 2805 2730 ei
2837 2675 3112 2745 corruptio
3152 2676 3484 2743 dominetur,
3527 2678 3731 2732 rectius

2154 2767 2344 2821 sentiri
2410 2767 2509 2820 ista
2557 2773 2784 2836 possunt
2837 2767 2901 2820 de
2934 2780 2999 2820 eo
3045 2768 3245 2821 mundo
3294 2781 3454 2835 quem
3512 2766 3727 2836 ἀπλανῆ

2155 2860 2424 2928 sphaeram
2460 2856 2573 2930 (52)
2601 2872 2759 2924 supra
2789 2857 3044 2924 diximus,
3069 2859 3197 2927 quia
3226 2872 3290 2912 ex
3323 2858 3600 2912 voluntate
3632 2858 3729 2913 Dei

2155 2963 2498 3019 nequaquam
2525 2948 2861 3016 corruptioni
2891 2949 3186 3019 subjaceat,
3223 2965 3319 3018 pro
3347 2963 3411 3004 eo
3445 2950 3589 3019 quod
3626 2965 3730 3004 nec

2157 3054 2350 3093 causas
2392 3039 2754 3108 corruptionis
2781 3041 3006 3108 accepit.
3053 3039 3377 3095 Sanctormn
3414 3041 3614 3110 quippe
3641 3051 3732 3096 est

2153 3138 2208 3184 ct
2240 3129 2309 3183 ad
2349 3129 2611 3198 liquidum
2658 3128 3069 3197 puriﬁcatorum
3106 3127 3218 3201 (55)
3263 3131 3496 3186 mundus
3530 3130 3643 3198 ille,
3672 3140 3729 3185 et

2155 3237 2258 3276 non
2306 3222 2594 3290 impiorum
2627 3222 2769 3276 sicut
2796 3221 2896 3275 iste
2945 3231 3152 3276 noster.
3187 3222 3490 3276 Videndum
3542 3234 3727 3275 autem

2153 3323 2330 3366 estne
2372 3312 2512 3366 forte
2559 3314 2612 3366 in
2664 3313 2766 3366 hoc
2816 3311 3120 3382 respiciens
3157 3311 3444 3381 Apostolus
3477 3311 3727 3366 dixerit:

2157 3426 2175 3457 ‹
2206 3405 2673 3475 Prospicientibus
2716 3403 2870 3458 nobis
2911 3419 3016 3458 non
3065 3418 3129 3458 ea
3165 3419 3283 3473 quae
3316 3405 3588 3468 videntur,
3633 3405 3727 3460 sed

2150 3513 2270 3568 qua:
2302 3512 2411 3551 non
2447 3497 2719 3550 videntur.
2762 3495 2892 3562 Quae
2937 3497 3081 3550 enim
3116 3496 3365 3550 videntur
3405 3497 3725 3563 temporalia

2150 3598 2292 3656 sunt,
2322 3602 2440 3657 qua:
2471 3596 2648 3641 autem
2700 3602 2806 3640 non
2843 3587 3093 3640 videntur
3122 3597 3323 3641 aeterna
3371 3598 3496 3643 sunt
3517 3589 3562 3619 "
3586 3587 3724 3659 (54).

2151 3681 2364 3735 Scimus
2403 3691 2584 3734 autem
2630 3680 2887 3748 quoniam
2915 3680 2959 3732 si
2999 3680 3273 3733 terrestris
3310 3680 3501 3734 domus
3541 3692 3724 3735 nostra

2149 3771 2308 3839 lmjus
2358 3771 2710 3849 habitationis
2753 3769 3096 3834 dissolvatur,
3155 3771 3568 3825 aedificationem
3621 3773 3724 3825 ha-

2148 3864 2337 3917 bemus
2364 3877 2394 3915 a
2428 3863 2536 3918 Deo
2566 3864 2780 3917 domum
2815 3877 2920 3917 non
2966 3861 3330 3916 manufactam
3375 3873 3634 3917 aeternam
3668 3865 3720 3918 in

2148 3955 2299 4009 caelis
2324 3954 2388 4007 ⁸³.
2421 3973 2440 4006 ι
2494 3954 2626 4009 Cum
2677 3955 2818 4008 enim
2877 3954 3002 4007 alibi
3055 3954 3247 4007 dicat:
3294 3972 3312 4004 ‹
3345 3952 3480 4019 Quia
3528 3955 3725 4010 videbo

2149 4047 2315 4102 caelos
2354 4061 2520 4116 opera
2567 4045 2854 4116 digitorum
2889 4056 3104 4098 tuorum
3131 4045 3196 4108 ⁸³,
3223 4063 3242 4097 ι
3265 4053 3331 4099 .et
3364 4045 3430 4100 de
3470 4046 3725 4101 omnibus

2148 4139 2512 4194 invisibilibus
2564 4153 2659 4207 per
2706 4138 3026 4208 prophetam
3092 4138 3234 4192 Deus
3277 4138 3423 4192 dixit
3469 4157 3482 4193 :
3537 4156 3556 4189 ι
3585 4138 3724 4205 Quia

2146 4245 2340 4284 manus
2389 4243 2505 4284 mea
2552 4228 2681 4284 fecit
2730 4229 2846 4282 haec
2890 4228 3070 4282 omnia
3096 4228 3204 4291 ⁸⁸.»
3261 4228 3418 4282 istam
3463 4237 3721 4284 mternam

2147 4321 2365 4375 domum
2414 4335 2577 4389 quam
2634 4319 2840 4373 sanctis
2893 4319 3220 4386 repromittit
3274 4317 3384 4390 (55)
3432 4319 3485 4372 in
3537 4320 3716 4384 cretis,

467 4411 629 4465 tionis
664 4410 822 4478 hujus
866 4410 1232 4463 testimonium
1285 4418 1512 4475 vocant,
1556 4409 1699 4478 quod
1735 4408 1807 4462 ibi
1857 4410 1922 4463 de
1953 4423 2041 4462 sc-
2075 4402 2119 4456 D
2151 4409 2515 4464 tuanul'actam
2555 4424 2660 4463 non
2689 4423 2810 4462 esse
2850 4409 3180 4478 pronuntiat,
3213 4409 3573 4463 dili‘erentiam
3604 4412 3722 4465 sine

466 4511 610 4568 ptem
655 4502 869 4555 mundis
911 4502 995 4554 vel
1035 4503 1188 4557 ctelis
1225 4503 1532 4556 evidentius
1583 4501 1872 4554 iudicatur.
1903 4501 2040 4555 Esse

469 4601 647 4645 tamen
702 4606 862 4659 super
921 4591 1066 4645 illam
1121 4593 1389 4661 Sphatram
1449 4607 1610 4659 quam
1663 4591 1877 4661 ἀπλανῆ
1928 4591 2040 4661 (50)

468 4682 671 4748 dicunt,
702 4684 890 4736 volunt
922 4683 1107 4748 aliam,
1145 4698 1330 4752 quam,
1363 4684 1503 4736 sicut
1531 4684 1670 4749 apud
1709 4698 1805 4734 nos
1847 4683 2042 4736 ctelum

539 4774 586 4806 ⁸⁸
614 4775 629 4827 l
653 4773 778 4830 Cor.
808 4791 894 4842 vn,
931 4777 1020 4829 51.
1097 4774 1142 4806 ⁸⁹
1170 4774 1327 4828 Joan.
1362 4789 1493 4836 xvn,
1531 4774 1615 4828 15.

469 4843 515 4874 ⁸³
538 4843 740 4898 ΡειιΙιιι.
775 4861 884 4910 \‘lll,
921 4846 974 4898 4.
1053 4847 1096 4878 ⁸⁵
1125 4845 1229 4898 lsa.
1261 4860 1405 4907 LXVI,
1434 4845 1490 4898 2.

540 4939 651 5012 (28)
689 4941 777 4995 Sic
815 4957 942 5012 mss.
992 4942 1147 4995 Libb.
1191 4941 1344 5012 editi,
1383 4959 1401 4991 ε
1450 4957 1568 5009 quae
1609 4949 1780 4996 estex
1814 4941 1956 4996 ccelo
1987 4953 2043 4997 et

471 5011 634 5068 terra.
669 5013 807 5064 sicut
834 5011 1026 5065 Paulus
1061 5013 1137 5064 ait
1167 5030 1180 5065 :
1211 5011 1510 5064 'I‘rausiet.)

542 5078 651 5150 (‘29)
703 5079 988 5148 Ἀπλίινῆ,
1023 5081 1231 5148 globum
1262 5082 1489 5150 proprie.
1519 5079 1594 5133 lla
1627 5081 1784 5136 codd.
1825 5095 1953 5136 mss.
1988 5081 2042 5135 In

471 5151 818 5222 antcaeditis
844 5151 996 5222 deest
1024 5151 1236 5222 ᾁπλανῆ
1267 5161 1322 5205 et
1358 5167 1374 5199 ι
1403 5151 1638 5222 proprie.
1667 5169 1686 5201 ι

542 5219 652 5291 (50)
706 5219 984 5288 Ἀπλανῆ.
1020 5220 1182 5273 Deest
1207 5219 1257 5273 in
1285 5230 1442 5291 antea
1470 5220 1648 5281 editis,
1683 5221 1778 5273 sed
1808 5221 2041 5275 habetur

471 5291 524 5344 iu
574 5289 826 5344 omnibus
863 5306 990 5344 mss.
1042 5291 1207 5345 Paulo
1252 5289 1388 5344 infra
1425 5305 1590 5358 mss.,
1639 5308 1655 5339 ι
1689 5293 2036 5358 repromittit.

468 5361 545 5414 Ex
594 5361 736 5414 illius
773 5375 1004 5429 namque
1048 5371 1205 5415 terrae
1245 5360 1522 5414 nomine.»
1558 5357 1722 5425 Editi,
1751 5357 1780 5410 7c
1810 5365 2039 5429 promit-

471 5433 554 5492 tit,
584 5441 638 5499 et
669 5431 813 5486 illius
853 5446 1086 5499 namque
1120 5440 1278 5482 terra:
1307 5429 1542 5483 nurnine.
1565 5447 1582 5479 ι

562 5499 650 5568 51)
700 5501 832 5555 Vide
867 5500 961 5554 lib.
987 5517 1022 5554 ιι
1053 5500 1381 5568 0rigenian.,
1414 5514 1468 5567 q.
1495 5500 1582 5562 11,
1611 5513 1759 5551 num.
1793 5499 1879 5552 11.

541 5568 652 5640 (52)
693 5570 783 5631 Sic
804 5572 958 5626 codd.
981 5586 1152 5636 mss.;
1196 5570 1324 5624 editi
1353 5585 1501 5634 vero,
1539 5568 1830 5642 ἀκηράτων
1869 5569 2044 5640 sli/ML"

471 5653 531 5689 ra
537 5655 584 5690 ηι
592 5679 604 5691 .

545 5708 654 5780 (55)
695 5711 836 5766 Editi
865 5711 1022 5779 libb.,
1059 5730 1078 5764 ι
1105 5709 1488 5780 perfectorum.
1518 5731 1537 5764 ›

1717 4774 1760 4805 ⁸ο
1793 4776 1981 4829 Matth.
2020 4792 2074 4840 v,
2101 4779 2154 4830 4-.

2152 4502 2315 4556 dubio
2344 4510 2608 4555 creaturae
2647 4501 2697 4553 in
2737 4501 2820 4554 his
2850 4517 2970 4570 quae
3009 4501 3284 4568 videntur,
3315 4510 3368 4554 et
3397 4503 3448 4554 iu
3481 4503 3566 4556 his
3602 4517 3724 4572 quae

2153 4610 2258 4647 non
2299 4594 2555 4647 videntur
2603 4594 2714 4665 (56)
2760 4594 3072 4648 ostendens.
3114 4593 3229 4647 Non
3271 4594 3413 4647 enim
3451 4595 3590 4648 idem
3638 4596 3726 4650 in-

2155 4684 2436 4751 telligitur,
2462 4685 2606 4752 quod
2646 4684 2778 4737 dicit
2810 4683 2945 4753 (57),
2979 4698 3040 4738 ea
3074 4697 3192 4752 quae
3221 4698 3327 4736 non
3366 4683 3639 4751 videntur,
3667 4693 3726 4738 et

2230 4777 2269 4808 “
2318 4775 2452 4831 Gen.
2487 4799 2524 4841 ι,
2556 4778 2606 4831 1.
2683 4778 2726 4808 ⁶²
2759 4777 2798 4830 ll
2824 4775 2949 4831 Cor.
2978 4793 3050 4841 IV,
3089 4777 3178 4831 18.
3294 4777 3339 4808 ⁸³
3371 4775 3408 4830 ll
3433 4776 3556 4831 Cor.
3588 4791 3642 4842 v,
3667 4779 3720 4832 1.

2225 4942 2335 5013 (54)
2379 4943 2532 4997 Libb.
2559 4943 2728 4998 editi:
2767 4961 2786 4993 ‹
2818 4941 2982 4997 Vobis
3031 4957 3135 4995 non
3172 4957 3233 4997 ea
3282 4956 3402 5008 quae
3441 4942 3720 5013 videntur,

2145 5017 2236 5067 sed
2271 5012 2388 5080 quae
2438 5028 2546 5068 non
2600 5014 2868 5067 videntur.
2900 5014 3028 5078 Quae
3076 5014 3219 5066 enim
3278 5027 3380 5064 non
3439 5012 3715 5080 videntur,

2141 5079 2340 5137 aeterna
2368 5095 2526 5142 sunt:
2553 5098 2671 5151 quae
2698 5094 2875 5135 autem
2901 5084 3172 5143 videntur,
3199 5079 3510 5150 temporalia
3537 5091 3716 5134 sunt.»

2143 5154 2249 5207 Sed
2284 5169 2413 5206 mss.
2441 5161 2498 5205 ut
2530 5153 2582 5206 in
2617 5162 2800 5204 nostro
2827 5161 2998 5205 textu.

2213 5220 2324 5293 (55)
2365 5223 2439 5293 Ita
2474 5239 2606 5277 mss.
2638 5221 2795 5293 ,_l.ibb.
2823 5221 2951 5274 editi
2997 5235 3148 5282 vero,
3183 5239 3200 5270 ι
3232 5237 3353 5293 cum
3408 5218 3536 5271 alibi
3573 5218 3719 5293 diea-

2147 5282 2233 5345 tur
2259 5310 2272 5346 :
2306 5282 2519 5347 'Vid‘cbo
2547 5291 2716 5370 cmi-os
2744 5300 3041 5371 tuos,.et.c.,
3070 5305 3166 5358 per
3193 5292 3512 5360 prOphctam
3555 5289 3718 5352 dim,

2146 5374 2276 5420 εις..
2308 5379 2468 5430 quam
2493 5372 2697 5416 sanctis
2728 5370 3012 5428 promittit.
3037 5379 3054 5411 ι

2218 5427 2339 5503 (56)
2375 5433 2441 5504 Et
2482 5433 2535 5485 in
2573 5432 2653 5482 his
2693 5427 2808 5499 qua:
2854 5431 3248 5504 praecidantur.
3284 5429 3409 5504 llaec
3453 5427 3505 5479 in
3556 5434 3718 5504 antea

2147 5497 2540 5558 editis'omissa
2580 5497 2725 5564 sunt,
2753 5502 3004 5569 quamvis
3037 5501 3344 5554 habeantur
3383 5498 3439 5551 in
3469 5497 3724 5550 omnibus

2147 5587 2279 5626 11183.

2181 5712 2193 5722 υ
2221 5641 2334 5722 (57)
2377 5641 2530 5707 Quod
2571 5640 2716 5695 dicit.
2745 5639 2904 5701 Deest
2945 5641 3000 5696 in
3029 5649 3191 5696 antea
3225 5639 3408 5707 editis,
3438 5638 3533 5695 sed
3567 5652 3721 5708 repe-

2146 5715 2290 5767 ritur
2317 5715 2370 5768 in
2407 5725 2535 5766 mss.
3717 5742 3722 5764 ε
