4014 6142
232 302 325 357 l9?

1521 295 1719 349 LIBER
1758 294 2143 352 SECUNDUS.

3372 295 3475 351 {98

229 434 285 475 ea
312 431 427 485 quae
477 414 767 470 invisibilia
799 422 944 468 sunt.
976 414 1049 469 Ea
1083 429 1315 484 namque
1345 430 1466 484 quae
1500 426 1630 470 sunt
1658 418 1794 470 invi—
1822 435 1867 491 Α
1896 415 2194 470 collocatur
2243 414 2390 488 (44),
2428 411 2583 483 quasi
2625 414 2694 469 in'
2721 423 2861 470 terra
2900 414 3063 479 bona,
3112 423 3166 469 et
3206 424 3351 470 terra
3397 418 3479 469 vi-

230 510 410 575 sibilia,
452 523 560 561 non
603 507 775 561 solum
818 522 925 559 non
965 508 1234 573 videntur,
1282 507 1375 560 sed
1418 523 1486 561 ne
1536 517 1786 561 naturam

229 601 424 671 quidem
456 599 664 652 habent
698 606 759 651 ut
799 598 967 652 videri
1011 598 1238 664 possint,
1269 613 1388 666 quae
1422 596 1595 652 Grazci
1642 598 1788 651 ἀσώ-

232 708 389 754 ματα,
438 691 489 744 id
527 699 610 744 est
656 693 975 758 incorporea
1026 690 1397 757 appellarunt;
1450 691 1563 743 haec
1608 699 1788 744 autem

226 784 283 837 de
316 782 511 850 quibus
556 780 755 833 Paulus
802 781 976 833 dixit:
1014 798 1032 829 ι
1062 780 1191 844 Quae
1239 795 1344 832 non
1392 779 1646 832 videntur
1674 779 1738 841 ⁸⁸,
1766 797 1784 828 ι

224 882 459 927 naturam
513 873 734 941 quidem
793 871 996 925 habent
1040 881 1093 922 ut
1137 871 1302 923 videri
1354 870 1596 937 possint,
1649 885 1790 921 non-

226 966 335 1018 dum
371 974 555 1018 tamen
592 962 763 1016 videri
795 963 862 1015 ab
898 962 983 1015 his
1016 961 1216 1030 quibus
1253 962 1663 1029 promittuntur,
1695 974 1791 1013 ex-

223 1056 381 1124 ponit.

284 1165 331 1217 7.
389 1162 486 1216 llis
556 1163 721 1232 igitur
794 1164 965 1217 tribus

220 1258 565 1326 opinionibus
602 1257 667 1311 de
706 1255 811 1311 line
850 1271 966 1311 om-

218 1354 355 1405 nium
383 1361 434 1407 et
478 1353 550 1405 de
582 1366 793 1405 summa
837 1351 966 1403 bea-

220 1447 451 1501 titudine
534 1457 697 1515 prout
761 1444 966 1499 sentire

219 1542 491 1611 potuimus
603 1540 968 1604 adumbratis,

217 1636 593 1703 unusquisque
676 1633 969 1702 legentium

220 1728 349 1795 apud
418 1724 775 1792 semetipsum
848 1724 970 1778 (lili-

218 1815 425 1883 gentius
477 1825 537 1869 et
596 1813 973 1882 scrupulosius

213 1904 443 1971 jndicet,
487 1907 531 1959 si
566 1913 743 1975 potest
789 1905 968 1974 aliqua

219 2000 405 2054 harum
450 2000 674 2069 probari
704 1999 788 2054 vel
823 2000 970 2069 eligi.

216 2092 323 2164 84
378 2096 600 2149 Dictum
668 2104 751 2149 est
826 2095 970 2147 enim

220 2191 354 2256 quod
387 2190 479 2243 vel
511 2192 829 2258 incorporea
860 2191 971 2243 vita

219 2278 297 2344 agi
313 2294 483 2347 posse
497 2282 730 2349 putanda
745 2280 810 2333 sit
833 2278 969 2351 (59),

219 2376 578 2438 posteaquam
604 2368 823 2423 Christo
859 2368 977 2422 l‘ue-

216 2458 321 2512 rint
387 2461 641 2527 subjecta
689 2461 870 2513 omnia
924 2470 978 2512 et

216 2564 308 2619 per
330 2550 623 2605 Christum
650 2552 758 2603 Deo
786 2549 974 2612 Patri,

218 2655 338 2694 cum
415 2642 529 2693 erit
602 2639 783 2692 omnia
856 2640 976 2708 (40)

219 2732 352 2785 etin
388 2729 650 2785 omnibus
681 2730 852 2795 Deus;
896 2732 978 2785 vel

219 2839 337 2887 cum
370 2825 734 2879 nihilominus
758 2824 980 2879 Christo

223 2916 427 2973 fuerint
512 2918 763 2972 universa
844 2920 974 2972 Stib—

222 3012 393 3081 jecta,
441 3022 499 3067 et
544 3029 640 3083 per
695 3012 974 3067 Christum

230 3102 354 3166 Deo,
372 3120 497 3159 cum
519 3112 693 3172 quoet
715 3120 853 3157 unus
874 3103 978 3170 spi-

229 3196 380 3262 ritus,
399 3200 695 3253 secundum
716 3198 819 3252 hoc
835 3198 976 3266 quod

236 3295 454 3362 spiritus
490 3305 617 3350 sunt
657 3304 864 3348 naturae
894 3309 980 3347 ra-

238 3387 520 3445 tionabiles
541 3430 555 3455 ,
612 3391 748 3443 ﬁunt
808 3388 899 3456 (41
922 3388 977 3458 );

240 3489 355 3537 tunc
410 3484 534 3553 ipsa
586 3497 798 3551 quoque
844 3483 977 3535 sub-

238 3575 425 3626 stantia
443 3574 746 3641 corporalis
758 3572 979 3641 optimis

239 3675 290 3719 et
339 3670 647 3735 purissimis
700 3667 981 3738 spiritibus

240 3762 430 3816 sociata
462 3779 563 3832 pro
588 3762 978 3823 assumentium

238 3859 491 3925 qualitate
520 3858 603 3912 vel
641 3858 845 3913 meritis
868 3856 978 3928 (42)

239 3949 289 4003 in
378 3955 678 4007 :ethereum
778 3960 979 4005 statum

242 4049 597 4099 transmutata
616 4086 633 4111 ,
685 4044 981 4098 secundum

242 4140 373 4204 quod
431 4138 734 4208 Apostolus
799 4138 980 4192 dicit:

246 4245 264 4278 ι
304 4230 368 4285 Et
464 4247 569 4287 nos
669 4229 984 4284 inunutabi-

1178 1179 1391 1218 HIERON.
1429 1177 1643 1216 INTERP.

1113 1256 1325 1323 Triplex
1404 1274 1525 1326 ergo
1609 1261 1789 1318 suspi-

1040 1354 1120 1405 cio
1167 1352 1301 1422 (58)
1374 1354 1520 1405 nobis
1586 1354 1650 1405 de
1687 1353 1792 1419 ﬁne

1040 1448 1362 1516 suggeritur,
1389 1464 1416 1499 e
1447 1447 1634 1516 quibus
1677 1463 1794 1514 qua:

1044 1559 1163 1594 vera
1202 1552 1248 1595 et
1286 1542 1470 1594 melior
1499 1543 1587 1606 sit,
1632 1543 1796 1595 lector

1044 1638 1296 1705 inquirat.
1342 1638 1445 1689 Aut
1485 1636 1620 1689 enim
1680 1637 1795 1689 sine

1044 1749 1257 1798 corpore
1340 1733 1605 1796 vivemus,
1676 1748 1792 1785 cum

1045 1827 1266 1895 subjecti
1340 1826 1549 1880 Christo
1624 1827 1796 1896 subji-

1045 1923 1244 1974 ciemur
1322 1920 1463 1984 Deo,
1534 1929 1580 1974 et
1658 1920 1800 1975 Deus

1046 2016 1203 2083 fuerit
1260 2016 1437 2070 omnia
1505 2016 1561 2069 in
1631 2018 1801 2069 omni-

1046 2113 1173 2174 bus;
1214 2121 1304 2164 aut
1346 2112 1607 2176 quomodo
1644 2111 1799 2165 Chri-

1044 2216 1123 2260 sto
1198 2207 1431 2276 subjecta
1512 2222 1627 2261 eum
1686 2211 1797 2276 ipso

1045 2301 1256 2356 Christo
1290 2303 1640 2370 subjicientur
1668 2303 1794 2368 Deo,

1045 2404 1091 2447 et
1148 2394 1202 2451 in
1257 2411 1418 2447 unum
1475 2395 1643 2462 fwdus
1712 2414 1801 2449 ar-

1049 2486 1369 2549 ctabuntur;
1445 2487 1521 2537 ita
1630 2487 1798 2539 omnis

1054 2574 1348 2626 substantia
1414 2576 1680 2643 redigetur
1749 2580 1801 2629 in

1058 2666 1306 2733 optimam
1360 2666 1702 2733 qualitatem,
1756 2678 1802 2720 et

1059 2760 1374 2811 dissolvetur
1446 2760 1503 2812 in
1561 2759 1805 2813 artherem

1056 2854 1196 2923 quod
1244 2855 1475 2923 purioris
1519 2855 1807 2921 simplicio-

1052 2946 1227 3015 risque
1282 2955 1485 2998 natura:
1535 2954 1645 3009 est;
1710 2954 1802 2998 aut

1052 3049 1188 3091 certe
1234 3038 1441 3105 spha'ra
1490 3036 1587 3089 illa
1646 3053 1802 3107 quam

1894 524 2081 563 vorum
2113 523 2274 575 quam
2315 509 2580 562 mansueti
2630 516 2683 562 et
2717 508 2877 561 mites
2926 507 3247 562 haereditate
3296 510 3475 577 perci-

1890 600 2041 668 pient
2096 599 2240 668 (i5);
2306 598 2458 668 cujus
2510 609 2592 652 est
2640 598 2837 652 coelum
2894 598 3024 652 illud
3078 600 3221 667 quod
3271 598 3475 653 ambitu

1894 689 2362 759 magniﬁcentiore
2401 690 2573 759 ipsam
2610 690 2759 742 illam
2810 688 3111 742 circumdat
3139 696 3190 742 et
3234 688 3477 742 continet

1896 789 2128 846 terram;
2181 781 2322 847 quod
2362 794 2486 833 vere
2531 780 2724 831 coelum
2773 790 2827 831 et
2864 778 3240 845 principaliter
3287 777 3474 847 appel-

1894 872 2052 937 latur,
2082 874 2133 926 in
2160 886 2266 942 quo
2292 872 2430 925 cwlo
2459 871 2542 925 vel
2575 881 2715 924 terra
2750 870 3136 923 linisomnium
3168 876 3329 937 atque
3360 882 3480 935 por-

1892 962 2058 1017 t‘ectio
2104 972 2215 1017 tuta
2248 978 2312 1017 ac
2346 963 2603 1016 ﬁdissima
2650 962 2825 1031 possit
2866 961 3103 1014 statione
3147 959 3477 1023 consistere,

1896 1070 2003 1123 quo
2037 1055 2252 1109 scilicet
2294 1054 2368 1109 illi
2413 1062 2534 1122 post
2582 1054 2982 1121 corrcptionem
3028 1051 3478 1119 castigationem-

1893 1161 1997 1214 que
2042 1162 2177 1215 quas
2222 1160 2318 1214 pro
2368 1144 2578 1199 delictis
2624 1143 2956 1212 pertulerant
2996 1141 3335 1211 purgationis
3383 1141 3482 1195 ob-

1895 1243 2068 1301 tentu,
2098 1235 2327 1303 expletis
2357 1233 2613 1287 omnibus
2644 1240 2807 1298 atque
2833 1230 3104 1299 depensis,
3140 1237 3298 1281 terra:
3326 1226 3477 1281 illius

1900 1324 2269 1378 habitaculum
2326 1331 2679 1385 mereantur;
2726 1321 2778 1373 hi
2834 1334 2964 1373 vero
3015 1319 3103 1385 qui
3159 1318 3329 1371 verbo
3381 1319 3477 1371 Dei

1895 1416 2217 1470 obedientes
2259 1415 2481 1469 fuerunt
2522 1429 2585 1468 ac
2618 1409 2898 1482 sapientia:
2941 1413 3057 1482 ejus
3082 1411 3193 1479 jam
3228 1412 3353 1466 hinc
3386 1426 3481 1466 ca-

1894 1523 2056 1577 paces
2108 1523 2165 1561 se
2217 1510 2659 1576 obtemperantes
2726 1506 3110 1573 praebuerunt,
3156 1503 3281 1557 oculi
3333 1503 3480 1559 illius
3538 1494 3541 1497 ’

1895 1600 1976 1653 vel
2008 1599 2271 1653 caalorum
2322 1604 2487 1667 regna
2528 1597 2822 1664 promereri
2874 1596 3151 1657 dicantur;
3186 1603 3240 1647 et
3289 1594 3359 1647 ita
3393 1594 3481 1647 di-

1895 1689 2052 1758 gnius
2103 1687 2438 1757 compleatur
2492 1686 2620 1739 illud
2670 1685 2811 1753 quod
2867 1681 3069 1735 dictum
3107 1690 3232 1735 est:
3274 1700 3292 1732 Ι
3325 1680 3478 1734 Beati

1829 1774 1871 1826 Β
1905 1780 2204 1843 mansueti,
2250 1779 2375 1848 quia
2425 1778 2525 1847 ipsi
2585 1774 2901 1829 haereditate
2950 1772 3310 1838 possidebunt
3368 1780 3482 1824 ter-

1903 1884 2051 1934 ram;
2084 1888 2101 1920 )
2137 1881 2228 1923 et:
2272 1888 2289 1919 ι
2323 1867 2470 1922 Beati
2515 1878 2775 1935 pauperes
2814 1862 3033 1931 spiritu,
3068 1863 3324 1928 quoniam
3381 1860 3483 1928 ipsi

1902 1964 2227 2018 haereditate
2267 1962 2487 2029 capient
2534 1973 2759 2028 regnum
2793 1957 3053 2010 coelorum
3084 1958 3160 2021 ‘3;
3194 1976 3211 2007 ι
3250 1967 3306 2011 et
3337 1957 3483 2027 quod

1904 2056 2033 2109 dicit
2062 2055 2111 2108 in
2151 2054 2360 2122 psalmo
2388 2072 2401 2107 :
2441 2070 2459 2102 ι
2489 2051 2761 2105 Exaltabit
2791 2062 2842 2106 te
2871 2059 2925 2103 et
2955 2050 3271 2103 haereditate
3302 2049 3486 2118 capies

1901 2155 2103 2199 terram
2127 2145 2172 2184 σθ
2226 2143 2361 2213 (46).
2391 2162 2410 2195 ι
2464 2142 2545 2195 Ad
2581 2142 2721 2195 hanc
2757 2142 2961 2197 etenim
2996 2149 3195 2193 terram
3232 2140 3488 2194 descendi

1902 2237 2126 2301 dicitur,
2161 2235 2226 2288 ad
2268 2234 2413 2286 illam
2449 2241 2630 2286 autem
2676 2249 2797 2303 quae
2842 2236 2894 2287 in
2932 2233 3042 2287 alto
3089 2241 3192 2293 est,
3224 2230 3484 2285 exaltari.

1902 2329 2015 2384 lloc
2049 2342 2180 2398 ergo
2213 2326 2373 2380 modo
2424 2326 2637 2380 videtur
2681 2326 2835 2394 quasi
2880 2326 2982 2379 iter
3026 2324 3296 2393 quoddam
3352 2337 3482 2376 san-

1902 2428 2111 2473 ctorum
2154 2417 2492 2487 profectibus
2541 2416 2736 2485 aperiri
2786 2418 2854 2471 ab
2903 2415 2992 2469 illa
3042 2424 3187 2469 terra
3236 2414 3305 2466 ad
3362 2413 3486 2467 illos

1905 2509 2094 2573 crelos,
2126 2518 2186 2562 ut
2230 2522 2335 2559 non
2377 2515 2484 2560 tam
2534 2522 2854 2575 permanere
2893 2507 2943 2560 in
2982 2506 3070 2559 illa
3122 2513 3265 2558 terra
3317 2519 3483 2572 quam

1911 2598 2160 2651 habitare
2182 2597 2487 2660 videantur,
2505 2599 2783 2650 transituri
2814 2598 3041 2664 scilicet,
3060 2612 3182 2650 ctnn
3215 2596 3265 2648 in
3286 2595 3337 2649 id
3355 2610 3491 2663 quo-

1909 2699 2013 2753 que
2034 2684 2361 2754 profecerim
2381 2684 2516 2756 (47),
2539 2686 2604 2738 ad
2630 2688 2997 2741 haereditatcm
3021 2687 3171 2756 regni
3201 2685 3486 2741 caelorum.

2516 2794 2745 2851 CAPUT
2785 2797 2874 2850 IV.

1911 2885 2064 2951 Quod
2106 2902 2242 2940 unus
2283 2892 2361 2939 est
2397 2885 2534 2955 Deus
2571 2886 2696 2952 legis
2740 2894 2788 2939 et
2822 2888 3228 2955 prophetarum,
3275 2897 3324 2941 et
3376 2888 3491 2942 Do-

2338 2956 2467 3008 mini
2496 2954 2624 3007 Jesu
2656 2955 2854 3009 Christi
2884 2954 3068 3010 Pater.

1980 3047 2030 3099 1.
2073 3044 2167 3098 His
2204 3045 2385 3113 itaque
2424 3058 2519 3112 per
2554 3046 2800 3098 ordinem
2850 3056 3011 3114 prout
3044 3049 3318 3116 potuimus
3366 3050 3491 3103 bre-

1050 3144 1209 3195 supra
1238 3126 1614 3195 appellavimus
1634 3127 1801 3182 ἀπλα-

1906 3136 2045 3190 viter
2086 3136 2335 3205 digestis,
2382 3150 2722 3206 consequens
2759 3146 2846 3193 est
2895 3139 3190 3193 secundum
3235 3143 3376 3210 quod
3423 3159 3490 3197 ex

1051 3218 1138 3288 νῆ,
1168 3228 1213 3272 et
1241 3219 1494 3288 quidquid
1526 3219 1670 3271 illius
1699 3221 1803 3272 cir-

1052 3310 1169 3361 culo
1236 3310 1551 3374 continetur,
1609 3309 1801 3361 dissol-

1053 3413 1201 3454 vetur
1269 3402 1339 3451 in‘
1379 3400 1643 3464 nihilum;
1709 3400 1803 3454 illa

1055 3514 1170 3550 vero
1219 3514 1321 3562 qua
1370 3494 1639 3567 ἀντιζώνη
1693 3498 1806 3565 ipsa

1055 3598 1260 3641 tenetur
1307 3597 1356 3642 et
1410 3590 1660 3658 cingitur,
1712 3605 1802 3642 vo-

1055 3681 1261 3733 cabitur
1317 3690 1454 3734 terra
1502 3682 1669 3746 bona;
1714 3698 1804 3735 nec

1056 3786 1158 3823 non
1212 3780 1258 3823 et
1315 3770 1482 3824 altera
1552 3771 1803 3838 spluera,

1054 3876 1170 3930 qua:
1208 3860 1342 3914 hanc
1392 3862 1585 3930 ipsam'
1611 3870 1805 3914 terram

1056 3951 1414 4004 circumambit
1465 3952 1718 4021 vertigine
1754 3961 1806 4006 et

1056 4043 1252 4095 dicitur
1286 4030 1510 4109 ‘cwlum,
1558 4044 1616 4098 in
1675 4059 1801 4097 san-

1056 4145 1258 4187 ctorum
1297 4135 1653 4189 habitaculum
1681 4152 1805 4190 con—

1056 4230 1366 4283 servabitur.

244 4321 454 4388 mur",
484 4341 504 4373 ι
552 4321 874 4390 reinlgebit;
919 4330 1013 4373 aut
1061 4327 1210 4373 certe
1261 4318 1402 4388 quod
1446 4332 1633 4373 eorum
1688 4334 1807 4387 qua:

245 4406 485 4465 videntur
525 4412 707 4465 habitu
750 4420 1130 4479 praetereunte,
1166 4411 1310 4463 omni
1344 4410 1808 4478 corruptibilitate
1839 4421 1883 4474 ι)
1912 4431 2031 4487 qua:
2077 4416 2414 4484 praedicenda
2454 4425 2629 4479 erant,
2675 4415 2789 4481 ipse
2836 4412 3106 4479 praedixit.
3156 4411 3224 4465 Et
3267 4413 3488 4466 dubium

250 4496 460 4558 decussa
504 4512 667 4570 atque
698 4510 957 4571 purgata,
986 4501 1247 4569 omnique
1291 4501 1394 4555 hoc
1440 4502 1627 4554 mundi
1660 4510 1804 4557 statu

252 4584 296 4643 in
323 4608 421 4663 quo
474 4595 817 4665 planetarum
858 4596 1115 4649 dicuntur
1160 4595 1407 4663 sphaerae,
1459 4609 1808 4664 supergresso

254 4691 395 4754 atque
458 4695 739 4758 superato,
777 4702 938 4757 supra
989 4686 1135 4740 illam
1194 4701 1312 4755 quae
1360 4685 1605 4757 ἀπλανὴς
1671 4686 1807 4740 dici-

258 4777 330 4826 lur
372 4777 485 4848 (45)
509 4817 525 4842 ,
564 4779 830 4845 sphaeram
874 4776 1086 4844 piorum
1122 4784 1282 4842 atque
1314 4774 1597 4827 beatorum
1650 4774 1810 4828 statio

315 4893 356 4924 “
393 4897 407 4949 Ι
444 4897 573 4952 Cor.
607 4913 683 4963 IV,
719 4895 807 4951 18.
880 4896 922 4927 ⁸⁷
961 4895 1131 4949 lCor.
1170 4910 1257 4959 xv,
1291 4894 1380 4950 5'2.

317 5012 419 5084 (38)
466 5014 683 5080 Triplex
722 5030 844 5083 ergo
881 5012 1129 5081 suspicio,
1165 5020 1269 5084 etc.
1312 5010 1438 5084 Haec
1500 5020 1721 5066 exstant
1762 5016 1815 5067 in

259 5082 463 5155 gpistOla
508 5082 821 5155 Hieronymi
856 5085 921 5137 ad
958 5084 1197 5136 Avitum.
1235 5082 1432 5155 Deliis
1464 5092 1660 5155 autem
1694 5083 1817 5138 vide

260 5143 437 5229 librum
478 5171 517 5209 ιι
564 5143 1040 5223 Ονὶρέηὶαηονιιηι,
1088 5160 1281 5219 quaest.
1329 5150 1394 5216 9,
1444 5153 1509 5205 de
1563 5168 1817 5207 resurre-

261 5227 442 5282 ctione.

321 5292 424 5363 (59)
466 5292 603 5363 Vide
630 5293 666 5363 l.
700 5309 734 5345 ll
766 5291 1007 5363 θήρη..
1041 5292 1209 5363 (μη,
1243 5307 1297 5344 n.
1328 5290 1413 5345 16,

324 5360 427 5435 (40)
469 5362 578 5435 Per
618 5360 885 5435 Christum
931 5362 1035 5435 Deo
1077 5360 1265 5426 Patri,
1303 5378 1442 5435 cum_
1466 5360 1564 5413 erit
1613 5361 1813 5435 omnia.

266 5420 371 5485 Huic
408 5420 534 5504 qua:
566 5433 621 5487 in
668 5432 830 5487 editis
870 5433 1069 5485 omissa
1108 5420 1267 5497 sunt,
1316 5431 1611 5486 restituunt
1653 5432 1811 5484 codd.

266 5507 375 5557 IllSS.

343 5570 424 5643 Η)
465 5574 620 5639 Mss.,
655 5591 674 5623 ι
702 5572 901 5643 [iunius
935 5571 1100 5634 Etlili,
1134 5589 1152 5643 ς
1185 5571 1405 5643 fuerint.
1430 5591 1449 5622 s

346 5641 427 5714 ἥ)
469 5645 560 5714 Sic
592 5660 747 5708 mss.;
777 5642 905 5714 editi
931 5660 958 5714 _¢
991 5642 1207 5705 mentis,
1236 5659 1253 5690 ι
1287 5641 1446 5695 male.

316 5712 559 5785 M3)WSic
589 5728 781 5785 omnes
804 5712 967 5785 codd.
996 5726 1124 5785 ni_s_s_.
1154 5719 1400 5785 recte,_ut
1429 5717 1571 5779 patet
1599 5722 1664 5785 ex
1697 5723 1814 5762 ver-

274 5780 657 5855 sione'llierony
673 5784 765 5837 mi.
800 5782 958 5836 Libb.
988 5780 1117 5835 editi
1146 5797 1159 5833 :
1201 5799 1219 5831 ι
1251 5780 1412 5848 hujus
1456 5781 1636 5835 mundi
1670 5788 1816 5833 statu

1461 4893 1505 4924 ⁸⁸
1538 4893 1728 4951 Matth.
1762 4909 1814 4957 v,
1854 4896 1912 4964 3,
1938 4894 1991 4951 4.

1902 3224 2056 3279 initio
2087 3224 2488 3294 proposuimus,
2520 3226 2801 3282 confutare
2830 3229 2994 3281 etiam
3028 3244 3123 3283 eos
3152 3232 3243 3299 qui
3282 3241 3477 3299 putant

1904 3316 2067 3369 alium
2126 3316 2292 3370 Deum
2361 3331 2481 3371 esse
2551 3317 2766 3372 Patrem
2823 3319 3041 3373 Domini
3108 3322 3275 3375 nostri
3351 3321 3480 3377 Jesu

1903 3408 2141 3473 Christi,
2198 3416 2394 3476 praeter
2459 3410 2609 3463 illum
2662 3411 2751 3478 qui
2812 3410 2978 3481 Moysi
3031 3428 3291 3481 responsa
3352 3414 3488 3484 legis

1908 3501 2101 3565 dabat,
2144 3500 2228 3552 vel
2280 3501 2573 3569 prophetas
2621 3501 2901 3567 mittebat,
2944 3504 3036 3569 qui
3086 3513 3169 3557 est
3211 3503 3351 3557 Deus
3390 3521 3490 3572 pa-

1911 3600 2048 3642 trum
2077 3590 2373 3654 Abraham,
2419 3590 2564 3643 Isaac
2592 3600 2646 3644 et
2688 3587 2879 3646 Iacob.
2910 3591 3139 3660 Oportet
3183 3594 3328 3646 enim
3382 3594 3493 3662 pri-

1908 3696 2056 3734 mum
2109 3681 2160 3733 in
2204 3682 2450 3755 haenos
2498 3681 2618 3733 lidei
2676 3683 2887 3736 ratione
2940 3682 3169 3736 lirinari.
3221 3684 3485 3739 Conside-

1912 3771 2136 3824 randum
2165 3786 2294 3841 ergo
2335 3781 2417 3824 est
2463 3772 2590 3823 illud
2638 3774 2780 3841 quod
2831 3772 3149 3842 frequenter
3195 3774 3248 3827 in
3304 3776 3490 3830 Evan-

1910 3865 2062 3932 geliis
2094 3864 2313 3929 dicitur,
2344 3874 2396 3919 et
2431 3865 2659 3934 singulis
2690 3867 2993 3935 quibusque
3035 3868 3252 3922 Domini
3283 3879 3337 3922 et
3370 3869 3489 3924 Sal-

1911 3958 2115 4012 vatoris
2168 3959 2338 4013 nostri
2392 3961 2565 4027 gestis
2628 3958 2938 4028 adjungitur
2980 3974 2995 4011 :
3033 3978 3050 4010 ι
3086 3960 3153 4015 Ut
3209 3961 3492 4031 impleatur

1911 4053 2051 4121 quod
2082 4052 2284 4105 dictum
2321 4061 2402 4107 est
2436 4068 2531 4121 per
2573 4054 2890 4121 prophetam
2917 4072 2933 4103 ι
2986 4053 3136 4105 illum
3173 4054 3255 4106 vel
3299 4054 3474 4118 illum,

1911 4159 2031 4198 cum
2081 4144 2426 4199 manifestum
2459 4146 2529 4198 sit
2556 4146 2681 4212 quia
2718 4144 2999 4213 pr0phetze
3048 4144 3191 4196 illius
3223 4154 3351 4197 sunt
3391 4145 3483 4198 Dei

1910 4235 2001 4303 qui
2031 4236 2286 4287 mundum
2319 4234 2465 4287 fecit.
2500 4236 2575 4288 Ex
2608 4237 2719 4302 ipsa
2752 4249 2883 4301 ergo
2914 4235 3306 4299 consequentia
3350 4248 3488 4286 con-

1913 4325 2167 4386 cluditur,
2193 4325 2449 4392 quoniam
2488 4325 2580 4391 qui
2631 4324 2924 4392 prophetas
2958 4322 3127 4385 misit,
3156 4323 3224 4376 de
3266 4321 3493 4375 Christe

1914 4524 2022 4561 non
2065 4519 2184 4569 est,
2233 4507 2374 4574 quod
2424 4506 2538 4559 haec
2571 4521 2674 4559 non
2728 4504 2935 4558 alienus
2965 4505 3251 4573 quisquam
3297 4504 3364 4559 ab
3401 4520 3487 4567 eo,

1915 4597 2008 4652 sed
2064 4596 2226 4649 Pater
2275 4595 2443 4664 ipsius
2502 4595 2853 4664 praedicebat.
2907 4594 3015 4649 Sed
3058 4605 3113 4649 et
3161 4594 3287 4649 illud
3350 4598 3493 4664 quod

1920 4684 2226 4752 frequenter
2273 4685 2519 4754 exempla
2565 4686 2631 4739 de
2675 4684 2856 4739 Veteri
2896 4685 3248 4741 Testamento
3294 4702 3324 4740 a
3369 4688 3493 4742 Sal-

1917 4784 2107 4828 vatore
2137 4762 2509 4846 proferuntur,
2533 4775 2616 4829 vel
2647 4778 2713 4829 ab
2751 4776 3010 4845 apostolis
3037 4776 3175 4844 ejus,
3207 4794 3314 4833 non
3349 4779 3490 4833 aliud

2068 4896 2111 4927 ⁶⁹
2138 4896 2338 4949 Psalm.
2366 4911 2550 4959 xxxvr,
2579 4895 2667 4948 '54.

1923 5014 2017 5082 qui
2071 5012 2363 5084 ἀκηράτων
2413 5012 2620 5084 sphaera
2665 5009 2884 5084 dicitur,
2927 5026 3277 5084 supergresso
3334 5023 3495 5083 atque

1926 5080 2209 5151 superato,
2244 5098 2407 5150 super
2432 5083 2578 5151 illam
2608 5095 2726 5150 quae
2752 5080 2971 5150 aplanes
3006 5083 3224 5135 dicitur.
3261 5100 3279 5131 ι

1995 5150 2107 5219 ('44)
2151 5151 2287 5206 Vide
2316 5153 2352 5207 l.
2381 5167 2417 5204 ll
2451 5150 2779 5219 0rigeuian.,
2819 5166 2872 5218 q.
2900 5153 2986 5216 Η,
3017 5168 3163 5205 num.
3192 5152 3281 5205 ll.

1996 5221 2107 5293 (45)
2148 5221 2272 5277 Mss.
2297 5263 2312 5287 ,
2355 5240 2385 5293 ¢_
2410 5221 2729 5293 percipiant.
2768 5240 2785 5271 ι
2832 5221 3211 5293 Libbaediti”,
3255 5238 3275 5270 ε
3316 5223 3494 5290 possi-

1924 5291 2108 5346 deant.
2137 5312 2155 5344 ι
2198 5293 2336 5345 Infra
2376 5291 2502 5344 libb.
2533 5291 2683 5354 editi,
2722 5308 2740 5341 ι
2769 5306 2877 5360 quo
2903 5292 3111 5346 scilicet
3140 5291 3213 5343 illi
3246 5293 3337 5358 qui
3377 5301 3495 5361 post

1927 5363 2351 5429 correptionem,
2382 5380 2401 5411 ι
2435 5370 2566 5423 etc.,
2620 5361 2711 5415 sed
2762 5362 3027 5414 delendns
3071 5370 3189 5413 erat
3237 5361 3496 5413 articulus

1930 5450 1947 5481 ι
1986 5433 2075 5499 qui
2110 5451 2128 5482 ι
2184 5433 2273 5487 hic
2329 5430 2642 5485 redundans
2686 5438 2741 5485 et
2793 5432 3060 5484 orationis
3114 5429 3311 5483 seriem
3377 5440 3495 5483 tur-

1924 5501 2109 5641 bdllfti)
2152 5568 2242 5625 Sic
2289 5585 2420 5625 mss.
2460 5567 2616 5623 Libb.
2660 5568 2829 5633 editi,
2884 5585 2905 5620 ι
2941 5579 2998 5623 ut
3046 5567 3335 5625 haeredites
3381 5576 3495 5621 ter-

1928 5655 2118 5790 Γῗῗὶῆι
2152 5710 2241 5766 Sic
2299 5724 2432 5766 mss.
2494 5706 2652 5762 Libb.
2696 5708 2868 5774 editi,
2919 5726 2937 5759 ι
2972 5709 3024 5764 id
3076 5721 3292 5777 quoque
3349 5707 3498 5767 lece-

1929 5791 2057 5836 rtnt.
2088 5800 2111 5835 ι
