4014 6142
465 287 568 342 199

463 505 518 548 et
545 496 614 549 ab
643 498 761 563 ejus
790 499 1070 567 discipulis
1113 500 1421 555 adhibetur.
1470 503 1575 557 Sed
1616 515 1672 558 et
1715 505 1847 560 illud
1894 510 2037 576 quod

465 591 533 642 ad
573 590 954 657 benignitatem
983 606 1284 659 provocans
1331 593 1628 664 discipulos
1674 596 1926 652 Salvator
1958 599 2036 661 di,-

465 679 543 734 cit
578 698 592 735 :
631 701 650 732 ι
682 683 864 737 Estote
908 683 1134 754 perfecti
1187 686 1328 740 sicut
1372 697 1429 741 et
1481 687 1642 742 Pater
1693 697 1876 743 vester
1925 703 2038 744 cte-

469 773 618 828 lestis
661 775 933 841 perfectus
981 785 1102 841 est,
1143 777 1234 846 qui
1280 778 1448 832 solem
1506 793 1660 833 suum
1707 780 1840 833 oriri
1883 780 2038 850 jubet

467 877 626 931 super
658 864 829 936 bouos
863 873 915 917 et
947 865 1142 930 malos,
1183 875 1239 921 et
1275 867 1412 936 pluit
1467 882 1627 936 super
1667 868 1842 936 justos
1871 877 1925 924 et
1959 869 2040 922 in-

461 951 636 1018 justos
657 953 778 1018 ⁷⁰;›
828 955 999 1008 cuivis
1038 955 1201 1008 etiam
1245 957 1453 1026 exiguae
1505 957 1874 1024 intelligentia:
1923 959 2040 1011 viro

463 1043 927 1097 evidentissimum
961 1046 1199 1114 suggerit
1226 1045 1337 1116 (48)
1373 1047 1732 1112 intellectum,
1758 1048 1901 1117 quod
1934 1063 2039 1102 non

461 1133 624 1186 alium
655 1135 720 1187 ad
753 1135 1073 1190 imitandum
1109 1139 1360 1207 proponit
1391 1139 1673 1209 discipulis
1702 1141 1814 1195 suis
1849 1140 2040 1208 Deum,

461 1225 563 1279 nisi
611 1225 873 1280 factorem
906 1227 1062 1292 cteli,
1102 1237 1156 1281 et
1198 1229 1451 1282 imbrium
1485 1231 1852 1298 praebitorem.
1887 1229 2041 1297 Quod

461 1327 646 1372 autem
678 1319 804 1373 dicit
851 1321 976 1388 quia
1025 1332 1246 1376 orantes
1275 1332 1525 1394 Oporteat
1568 1324 1750 1378 dicere
1779 1343 1793 1378 :
1832 1343 1851 1376 ι
1883 1324 2045 1379 Pater

461 1419 648 1464 noster
683 1412 773 1479 qui
804 1425 862 1465 es
899 1413 949 1464 in
987 1414 1240 1482 ctelis“;
1268 1435 1286 1468 ι
1343 1416 1473 1484 quid
1507 1416 1656 1470 aliud
1694 1417 1910 1471 videtur
1957 1432 2045 1472 os-

461 1502 688 1555 tendere
739 1503 836 1556 uisi
876 1503 1040 1557 Deum
1095 1505 1147 1558 in
1197 1507 1516 1562 melioribus
1578 1508 1793 1572 mundi,
1846 1507 1899 1561 id
1954 1517 2041 1562 est

462 1600 727 1645 creaturae
755 1607 864 1646 suae
898 1594 1139 1662 partibus
1188 1597 1621 1664 requirendum?
1658 1598 1763 1652 Sed
1809 1608 1864 1651 et
1900 1599 2042 1667 quod

464 1683 530 1735 de
567 1681 888 1749 iuramentis
920 1687 1120 1754 optima
1170 1691 1413 1754 quaedam
1467 1690 1728 1746 instituta
1773 1697 2038 1752 definiens

464 1772 539 1824 ait
597 1789 614 1824 ι
666 1787 772 1827 non
825 1787 1080 1843 oportere
1117 1778 1229 1850 (49)
1279 1780 1500 1849 jurare,
1558 1800 1732 1854 neque
1773 1804 1868 1858 per
1931 1807 2042 1847 caa—

463 1862 604 1929 lum,
652 1865 776 1935 quia
815 1868 970 1922 sedes
1013 1878 1093 1922 est
1133 1869 1255 1935 Dei;
1303 1884 1480 1940 neque
1515 1888 1610 1942 per
1652 1886 1873 1945 terram,
1913 1883 2038 1950 quia

463 1956 753 2010 scabellum
798 1968 880 2011 est
926 1960 1120 2028 pedmn
1155 1959 1270 2026 ejus
1291 1962 1366 2026 7’;
1402 1982 1420 2014 ι
1461 1981 1638 2021 nonne
1688 1972 2041 2038 apertissime

462 2049 677 2103 videtur
719 2052 1048 2120 propheticis
1093 2057 1320 2112 vocibus
1369 2073 1674 2116 consonare
1717 2065 1916 2133 quibus
1957 2067 2038 2119 di-

462 2140 638 2195 citur:
677 2159 694 2192 ι
724 2142 927 2197 Caelum
963 2145 1095 2199 mihi
1130 2149 1310 2212 sedes,
1339 2157 1480 2203 terra
1518 2162 1702 2207 autem
1733 2154 2033 2212 scabellum

461 2232 656 2300 pedum
705 2249 946 2288 meorqu
972 2236 1092 2289 7’?»
1135 2239 1239 2292 Sed
1285 2250 1339 2295 et
1373 2255 1401 2293 e
1439 2244 1638 2310 templo
1683 2245 1907 2312 ejiciens
1946 2264 2039 2304 eos

461 2325 552 2392 qui
602 2326 905 2380 vendebant
933 2341 1081 2392 oves,
1109 2337 1162 2383 et
1190 2329 1380 2400 boves,
1411 2341 1465 2386 et
1505 2335 1817 2402 columbas,
1865 2338 2039 2393 eﬂ'uu-

463 2415 598 2470 dens
639 2431 854 2485 quoque
898 2431 1116 2474 mensas
1156 2423 1672 2492 nummulariorum,
1706 2437 1761 2480 et
1802 2429 2036 2485 dicens:

468 2524 487 2557 ι
521 2507 716 2562 Tollite
765 2510 868 2563 ista
915 2510 1064 2577 hinc,
1095 2521 1151 2566 et
1187 2513 1353 2567 nolite
1389 2515 1570 2571 facere
1605 2519 1822 2572 domum
1861 2521 2041 2577 Patris

466 2600 572 2654 mei
620 2599 839 2655 domum
887 2601 1272 2670 negotiationis
1298 2605 1372 2670 ";
1405 2624 1423 2657 ι
1458 2607 1567 2678 85
1619 2609 1834 2664 Patrem
1882 2627 2037 2667 suum

456 2712 574 2751 sme
604 2703 768 2750 dubio
812 2699 1024 2752 dicebat
1055 2711 1178 2750 eum
1207 2697 1361 2764 cujus
1396 2696 1601 2749 nomini
1631 2696 1881 2751 Salomon
1917 2698 2030 2766 (50)

456 2787 797 2858 magnificum
833 2786 1088 2855 templum
1115 2794 1470 2839 exstruit-erat.
1507 2784 1610 2839 Sed
1649 2794 1703 2840 et
1727 2785 1856 2840 illud
1884 2788 2029 2855 quod

457 2881 532 2934 ait
563 2897 575 2932 :
609 2899 626 2930 ι
664 2878 781 2932 Non
811 2877 1012 2948 legistis
1035 2877 1180 2946 quod
1224 2876 1425 2930 dictum
1460 2884 1543 2930 est
1574 2892 1605 2929 a
1634 2876 1744 2930 Deo
1786 2877 1852 2931 ad
1883 2877 2029 2948 Moy-

460 2985 618 3025 sem:
649 2969 761 3038 Ego
800 2982 917 3022 sum
963 2965 1106 3020 Deus
1144 2964 1447 3027 Abraham,
1489 2973 1546 3018 et
1580 2965 1722 3018 Deus
1763 2966 1942 3026 Isaac,
1979 2975 2034 3019 et

461 3059 608 3115 Deus
640 3058 841 3122 Jacob;
885 3073 996 3112 non
1034 3066 1118 3111 est
1159 3063 1338 3110 autem
1368 3055 1512 3109 Deus
1540 3065 1896 3121 mortuorum,
1940 3055 2032 3109 sed
2059 3086 2100 3142 ε

463 3148 760 3205 viventium
805 3149 888 3213 75;
957 3166 975 3197 ι
1018 3144 1456 3200 manifestissime
1515 3159 1614 3198 nos
1689 3144 1846 3198 docet
1901 3159 2036 3213 quo—

464 3241 607 3296 niam
637 3240 747 3310 (51)
777 3239 947 3292 Deum
978 3237 1424 3306 patriarcharum,
1466 3251 1563 3304 pro
1595 3250 1660 3290 eo
1683 3235 1828 3304 quod
1858 3235 2032 3289 sancti

463 3339 649 3385 essent
693 3337 743 3383 et
791 3329 1077 3393 viverent,
1125 3327 1294 3380 Deum
1349 3327 1650 3397 appellabat
1703 3327 2034 3391 viventium,

467 3423 616 3478 illum
662 3421 867 3476 scilicet
909 3419 1001 3489 qui
1049 3419 1257 3473 dixerat
1285 3417 1340 3470 in
1369 3417 1687 3487 prophetis:
1727 3436 1746 3468 ‹
1778 3417 1889 3487 Ego
1918 3432 2037 3470 sum

469 3509 632 3572 Deus,
661 3516 715 3562 et
742 3523 852 3561 non
876 3516 958 3561 est
991 3506 1134 3560 Deus
1168 3514 1361 3574 praeter
1393 3521 1480 3559 me
1522 3506 1586 3559 ⁷⁸.
1621 3525 1638 3556 ι
1670 3505 1856 3560 Sciens
1882 3520 2037 3559 nam-

467 3614 572 3668 que
616 3598 860 3652 Salvator
903 3598 1072 3651 Deum
1097 3596 1369 3650 Abraham
1412 3611 1531 3650 esse
1557 3611 1679 3650 eum
1719 3597 1810 3665 qui
1843 3596 1895 3650 in
1924 3597 2037 3665 lege

471 3690 706 3758 scriptus
735 3697 836 3753 est,
861 3698 915 3742 et
939 3688 1110 3757 ipsum
1148 3702 1266 3742 esse
1293 3686 1381 3756 qui
1415 3687 1543 3740 dicit
1572 3685 1696 3755 quia
1725 3704 1745 3736 ‹
1778 3687 1890 3756 Ego
1917 3701 2036 3740 sum

472 3780 634 3842 Deus,
663 3787 847 3832 etnon
873 3787 956 3831 est
985 3778 1126 3831 Deus
1153 3785 1349 3846 praeter
1372 3791 1488 3841 me;
1521 3795 1538 3822 ι
1573 3775 1834 3844 siquidem
1863 3775 2038 3844 ipsum

474 3870 624 3923 illum
665 3870 876 3924 Patrem
921 3886 1040 3924 esse
1073 3871 1270 3925 fatetur
1311 3871 1400 3939 qui
1441 3870 1650 3940 ignorat
1682 3869 1844 3922 alium
1879 3884 2040 3939 super

456 3972 518 4014 se
551 3973 673 4014 esse
702 3960 894 4027 Deum,
923 3965 1067 4018 sicut
1095 3976 1288 4035 putant
1323 3969 1599 4035 haeretici;
1630 3972 1864 4028 absurde
1910 3990 2033 4029 eum

455 4050 674 4108 Patrem
700 4055 1022 4123 pronuntiat
1047 4057 1135 4125 qui
1161 4058 1572 4114 eminentiorem
1600 4061 1816 4131 ignorat
1839 4064 2032 4120 Deum.

457 4145 517 4200 Si
549 4162 677 4201 vero
711 4163 816 4204 non
855 4147 1074 4216 quidem
1107 4149 1342 4218 ignorat,
1372 4151 1466 4205 sed
1518 4151 1652 4207 fallit
1695 4155 1883 4212 dicens
1927 4162 2031 4214 non

452 4235 617 4290 alium
645 4252 766 4293 esse
793 4238 957 4292 Deum
987 4249 1183 4307 praeter
1210 4253 1290 4303 se,
1323 4237 1490 4293 multo
1540 4240 1710 4310 magis
1739 4242 2030 4298 absurdum

452 4338 535 4385 est
579 4331 625 4386 si
667 4332 980 4385 mendacem
1026 4330 1244 4387 Patrem
1279 4347 1432 4387 suum
1469 4331 1688 4390 fatetur.
1721 4335 1796 4389 Ex
1833 4335 2030 4405 quibus

1699 292 2019 349 ORIGENIS
2051 295 2211 348 ΠΕΡΙ
2252 296 2482 349 ΑΡΧΩΝ

464 403 662 457 indicat
704 406 804 461 nisi
854 409 997 478 quod
1035 409 1332 464 auctoritas
1367 413 1645 467 veteribus
1681 430 1708 467 a
1745 415 2026 469 Salvatorc
2061 420 2106 474 Α

3614 295 3729 352 200

2211 416 2264 469 2.
2299 416 2544 481 Longum
2574 413 2808 486 erit(5~2)
2836 414 2879 468 si
2913 428 2976 469 ex
3005 412 3259 470 omnibus
3293 411 3721 483 Evangeliorum

2144 514 2279 569 locis
2311 514 2617 568 testimonia
2652 527 3044 582 congregemus
3067 554 3082 579 ,
3135 513 3334 581 quibus
3370 528 3510 568 unus
3551 525 3722 583 atque

2144 615 2284 668 idem
2327 616 2463 668 Deus
2514 615 2646 685 legis
2705 624 2758 669 et
2797 615 3207 684 Evangeliorum
3240 620 3380 670 'esse
3430 616 3718 671 doceatur.

2140 707 2536 778 Contingemus
2571 718 2750 761 tamen
2780 708 2890 779 (5'5)
2928 709 3165 763 breviter
3199 708 3360 762 etiam
3395 708 3462 762 de
3491 708 3725 763 Actibus

2141 799 2507 868 apostolorum
2541 801 2607 865 ⁷⁷,
2659 800 2748 853 ubi
2803 798 3121 868 Stephanus
3166 809 3220 854 et
3252 800 3479 867 apostoli
3529 815 3724 868 preces

2142 905 2268 944 suas
2301 891 2542 958 dirigunt
2571 891 2635 943 ad
2665 904 2785 943 eum
2821 891 2988 944 Deum
3023 891 3116 961 qui
3145 891 3277 945 fecit
3303 892 3502 946 cmlum
3533 900 3586 946 et
3608 901 3722 946 ler-

2144 999 2284 1046 ram,
2312 990 2366 1036 et
2393 983 2482 1052 qui
2513 981 2726 1037 locutus
2749 991 2832 1037 est
2863 999 2960 1052 per
2986 998 3046 1037 os
3074 993 3390 1038 sanctorum
3421 984 3722 1053 propheta-

2144 1088 2261 1125 rum
2293 1087 2550 1138 suorum;
2582 1073 2751 1142 ipsum
2778 1073 3024 1129 dicentes
3056 1076 3218 1128 Deum
3247 1074 3543 1140 Abraham,
3564 1074 3724 1130 Isaac

2145 1173 2198 1216 et
2225 1161 2392 1217 Jacob
2420 1182 2434 1229 ;
2471 1164 2636 1218 Deum
2669 1165 2760 1231 qui
2791 1165 2979 1218 eduxit
3005 1166 3260 1234 populum
3293 1181 3449 1219 suum
3476 1167 3542 1221 de
3574 1174 3720 1221 terra

2144 1255 2389 1325 IEgypIi.
2425 1257 2557 1321 Qum
2607 1257 2895 1311 sententiae
2938 1272 3157 1311 sensum
3208 1266 3454 1312 nostrum
3497 1259 3725 1313 eviden-

2147 1346 2349 1401 tissime
2379 1350 2496 1402 sine
2533 1348 2694 1402 dubio
2736 1347 2803 1400 ad
2856 1347 3138 1402 Creatoris
3178 1348 3418 1418 dirigunt
3450 1348 3628 1411 fidem,
3666 1360 3724 1405 et

2145 1436 2395 1492 affectum
2431 1437 2548 1508 ejus
2581 1439 2828 1492 inscruut
2863 1439 2946 1492 his
2976 1439 3064 1507 qui
3104 1439 3216 1492 haec
3258 1441 3344 1508 pie
3385 1438 3450 1494 de
3488 1454 3553 1495 eo
3588 1441 3724 1496 lide-

2147 1530 2382 1600 literque
2410 1531 2756 1595 didicerunt;
2789 1529 2931 1585 sicut
2958 1539 3013 1584 et.
3057 1530 3172 1600 ipse
3204 1531 3455 1585 Salvator
3484 1547 3606 1586 cum
3636 1533 3724 1585 ἱει-

2150 1631 2456 1688 tcrrogatus
2501 1629 2646 1675 esset
2693 1622 2837 1689 quod
2886 1622 3198 1674 mandatum
3246 1631 3390 1676 esset
3419 1624 3720 1676 maximum

2147 1715 2386 1769 Omnium
2427 1715 2479 1767 iu
2523 1714 2672 1783 lege,
2706 1714 3020 1783 respondit,
3055 1714 3284 1768 dicens:
3318 1731 3338 1764 ι
3381 1713 3579 1784 Diliges
3609 1713 3714 1768 Do-

2149 1815 2352 1868 minum
2403 1815 2570 1868 Demn
2625 1825 2775 1869 tuum
2808 1829 2872 1868 ex
2912 1823 3025 1867 toto
3069 1814 3234 1868 corde
3265 1823 3375 1878 tuo,
3406 1823 3459 1868 et
3506 1827 3575 1868 ex
3605 1822 3720 1868 tota

2145 1919 2324 1970 anima
2361 1926 2472 1978 tua,
2502 1925 2556 1970 et
2581 1931 2647 1970 ex
2683 1927 2793 1970 tota
2828 1922 3008 1968 mente
3035 1923 3147 1968 tua.
3180 1916 3492 1970 Secundum
3533 1926 3719 1971 autem

2145 2007 2318 2060 simile
2363 2015 2444 2060 est
2486 2006 2647 2060 huic:
2689 2006 2884 2073 Diliges
2915 2005 3220 2073 proximum
3253 2015 3401 2058 tuum
3432 2006 3575 2062 sicut
3619 2010 3723 2061 tei-

2145 2111 2318 2163 psum.
2354 2115 2370 2146 ι
2409 2096 2475 2148 Et
2507 2096 2590 2150 his
2621 2095 2858 2161 addidit,
2895 2112 2912 2144 ι
2947 2094 3072 2162 quia
3103 2094 3155 2147 in
3187 2094 3302 2148 istis
3333 2095 3544 2149 duobus
3567 2111 3723 2149 mau-

2143 2187 2284 2242 datis
2330 2195 2439 2241 tota
2488 2188 2571 2241 lex
2634 2188 2833 2256 pendet
2911 2193 2966 2240 et
3036 2185 3319 2254 prophetae
3345 2185 3414 2242 ⁷⁸.
3475 2205 3494 2237 ι
3557 2187 3710 2254 Quo-

2147 2279 2476 2346 modo_ergo
2532 2279 2580 2331 ei
2627 2293 2787 2346 quem
2825 2278 3110 2332 erudiebat
3156 2287 3316 2345 atque
3347 2277 3400 2330 in
3430 2277 3724 2347 discipula-

2145 2377 2252 2421 tqu
2287 2367 2399 2438 (54)
2449 2369 2800 2436 producebat,
2855 2368 2957 2421 hoc
3009 2367 3324 2420 mandatum
3368 2378 3493 2423 ante
3534 2371 3718 2424 omnia

2145 2458 2397 2512 mandata
2418 2455 2784 2520 commendat,
2821 2470 2917 2524 per
2940 2457 3083 2523 quod
3113 2455 3232 2508 sine
3259 2455 3422 2508 dubio
3455 2455 3506 2508 in
3544 2454 3718 2509 Deum

2143 2549 2274 2618 legis
2308 2547 2423 2614 ejus
2459 2547 2853 2602 conciliaretur
2882 2545 3130 2613 allectus,
3182 2561 3247 2600 eo
3290 2548 3432 2614 quod
3468 2547 3598 2615 ipsis
3631 2548 3721 2602 his

2140 2641 2320 2696 verbis
2345 2639 2457 2710 (55)
2487 2640 2597 2694 Ιιωο
2630 2639 2844 2693 fuerant
2875 2625 2902 2691 a
2938 2640 3056 2708 lege
3089 2639 3380 2710 przrdicata
3407 2639 3430 2692 ?
3456 2641 3559 2694 Sed
3585 2655 3719 2693 con-

2139 2733 2367 2786 cedatur
2398 2743 2588 2788 contra
2642 2732 2740 2785 has
2786 2746 2978 2784 omnes
3031 2731 3474 2786 evidentissimas
3514 2746 3715 2800 appro-

2139 2825 2408 2890 bationes,
2454 2824 2579 2892 quia
2611 2824 2679 2878 de
2710 2824 2818 2876 alio
2849 2823 3036 2876 nescio
3072 2839 3179 2892 quo
3208 2823 3319 2876 Deo
3348 2825 3497 2877 dicat
3525 2825 3717 2878 Salva-

2139 2927 2262 2972 tor:
2300 2935 2317 2968 ι
2357 2915 2559 2984 Diliges
2585 2915 2872 2969 Dominqu
2909 2914 3074 2968 Deum
3115 2924 3265 2968 tuum
3309 2928 3377 2968 ex
3412 2924 3523 2967 toto
3548 2916 3719 2970 corde

2138 3033 2250 3084 tuo,
2286 3036 2304 3069 ι
2338 3026 2392 3070 et
2417 3016 2624 3085 reliqua
2656 3030 2775 3084 quae
2805 3015 2944 3070 dicta
2976 3024 3123 3069 sunt.
3162 3016 3225 3070 Et
3253 3017 3530 3084 quomodo
3555 3017 3596 3072 si
3629 3017 3714 3072 lex

2137 3123 2191 3168 et
2237 3109 2513 3181 prophetae
2563 3107 2838 3161 Creatoris
2883 3116 3052 3174 sunt,
3113 3108 3253 3162 sicut
3299 3109 3521 3174 dicunt,
3554 3111 3602 3163 id
3631 3119 3718 3164 est

2139 3190 2362 3258 alterius
2392 3204 2485 3257 Dei
2517 3209 2713 3270 praeter
2739 3215 2860 3253 eum
2894 3214 3053 3268 quem
3105 3200 3183 3253 ait
3229 3200 3428 3254 bonum
3455 3241 3470 3260 .
3521 3215 3717 3257 conse-

2138 3305 2366 3365 quenter
2406 3294 2609 3347 dictum
2640 3294 2912 3348 videbitur
2938 3291 3049 3363 (56)
3082 3291 3135 3346 id
3169 3293 3312 3362 quod
3356 3293 3603 3357 addidit,
3632 3293 3713 3347 le—

2139 3402 2258 3456 gem
2292 3396 2346 3440 et
2369 3385 2663 3454 prophetas
2691 3387 2742 3437 in
2772 3384 2854 3437 bis
2888 3383 3098 3437 duobus
3131 3384 3372 3452 pendere
3399 3383 3666 3438 mandatis
3690 3384 3716 3437 ἲ

2141 3478 2422 3544 Quomodo
2456 3477 2602 3532 enim
2637 3477 2778 3546 quod
2811 3475 3049 3530 alienum
3085 3485 3137 3528 et
3166 3476 3512 3545 peregrinum
3545 3492 3571 3528 a
3602 3475 3716 3530 Deo

2136 3593 2240 3647 est,
2274 3580 2531 3650 pendebit
2565 3580 2618 3634 in
2647 3579 2798 3634 Deo?
2825 3578 3026 3634 Paulus
3057 3589 3239 3632 autem
3266 3579 3490 3633 dicens:
3519 3597 3540 3630 ‹
3575 3578 3715 3634 Gra-

2139 3684 2242 3736 tias
2260 3697 2359 3752 ago
2378 3682 2488 3736 Deo
2507 3695 2626 3736 meo
2651 3679 2736 3735 cui
2764 3681 2948 3735 servio
2973 3679 3026 3732 in
3058 3680 3252 3748 spiritu
3280 3695 3404 3735 meo
3432 3695 3460 3734 a
3491 3680 3712 3749 proavis

2138 3773 2274 3828 meis
2316 3774 2368 3826 in
2422 3773 2753 3827 conscientia
2807 3786 2944 3840 pura
2978 3772 3023 3804 ⁷⁸
3066 3789 3081 3838 ;
3137 3790 3157 3824 ι
3212 3772 3448 3826 dilucide
3472 3774 3714 3828 ostendit

2136 3865 2262 3934 quia
2314 3880 2422 3920 non
2476 3865 2542 3918 ad
2590 3863 2823 3934 aliquem
2855 3879 3052 3919 novum
3087 3864 3279 3936 Deum,
3328 3865 3422 3920 sed
3454 3868 3518 3920 ad
3549 3866 3713 3922 Chri-

2135 3967 2276 4012 stum
2305 3957 2416 4027 (57)
2467 3959 2696 4012 venerit.
2743 3956 2890 4022 Quos
2926 3957 3072 4011 enim
3106 3957 3243 4010 alios
3294 3973 3525 4026 proavos
3552 3957 3708 4013 Pauli

2135 4050 2410 4117 oportebit
2461 4049 2716 4119 intelligi,
2769 4049 2872 4104 nisi
2925 4063 3018 4105 eos
3058 4049 3124 4103 de
3152 4048 3349 4117 quibus
3386 4049 3501 4119 ipse
3533 4051 3708 4107 dicit:

2141 4157 2159 4192 ι
2196 4139 2404 4196 Hebraei
2441 4151 2587 4202 sunt,
2622 4150 2678 4196 et
2702 4153 2842 4210 ego;
2880 4139 3138 4194 lsraelitae
3171 4148 3330 4204 sunt,
3360 4152 3416 4196 et
3445 4156 3544 4212 ego
3579 4141 3646 4196 ⁸⁸.
3683 4160 3706 4194 ι

2135 4233 2240 4288 Sed
2287 4243 2340 4289 et
2369 4234 2617 4303 prtel'atio
2665 4235 2779 4303 ipsa
2834 4233 3090 4302 Epistolas
3137 4234 3256 4302 ejus
3310 4237 3375 4289 ad
3430 4237 3707 4291 Romanos

2135 4342 2311 4382 nonne
2353 4326 2464 4397 (58)
2519 4327 2633 4381 hinc
2687 4325 2878 4381 eadem
2924 4327 3008 4380 bis
3051 4327 3142 4395 qui
3198 4327 3505 4397 intelligere
3549 4327 3704 4381 Pauli

449 4423 700 4477 omnibus
732 4423 784 4477 in
820 4425 959 4478 hanc
989 4425 1296 4496 indaginem
1336 4439 1527 4481 sensus
1557 4427 1863 4491 adducitur,
1901 4428 2023 4496 quia
2061 4443 2101 4496 ι)
2133 4419 2340 4472 lillel‘as
2390 4425 2612 4478 ηοΐυηις
2661 4416 2954 4485 diligenter
3003 4417 3274 4480 οδιθιιιιθῐ»
3325 4431 3484 4486 quem
3537 4416 3705 4470 Deum

448 4516 614 4570 alium
659 4515 866 4570 nesciat
905 4515 1122 4572 Patrem
1158 4518 1260 4572 nisi
1311 4519 1552 4572 omnium
1599 4519 1932 4574 conditorem
1969 4530 2026 4574 et

451 4615 751 4662 creatorem
782 4609 968 4663 Deum.

519 4747 566 4778 "°
593 4744 783 4801 Matth.
813 4761 863 4806 v,
890 4745 980 4807 48.
1010 4747 1099 4800 45.
1167 4748 1210 4778 ⁷¹
1248 4746 1433 4800 Mattu.
1463 4765 1535 4809 vt,
1568 4748 1620 4803 9.
1680 4750 1725 4780 ⁷²
1759 4749 1952 4805 Matth.
1989 4769 2037 4817 ν,

526 4832 583 4876 ιι,
604 4815 693 4871 52.
773 4817 817 4847 ⁷⁸
845 4817 946 4870 lsa.
975 4833 1096 4876 λιν,
1121 4816 1173 4873 7.
1247 4819 1290 4848 ⁷⁷
1318 4819 1440 4872 Act.
1463 4834 1559 4872 vn.
1637 4818 1684 4850 ⁷⁸
1759 4819 1945 4876 Matth.
2008 4839 2037 4875 x

2143 4752 2178 4817 l,
2213 4751 2303 4805 55.
2361 4750 2407 4781 ⁷³
2438 4748 2543 4803 lsa.
2581 4765 2728 4811 vat,
2770 4749 2816 4801 1.

2143 4863 2153 4876 .
2202 4817 2386 4876 57-Ξ9.
2490 4819 2538 4851 ⁷⁹
2571 4819 2606 4872 Il
2631 4817 2772 4872 Tim.
2809 4835 2816 4872 ι

1931 4863 1945 4876 ο
2008 4859 2153 4889 ιιι-ι,
2202 4859 2262 4874 υ-
2301 4859 2386 4876 δυο

452 4831 583 4882 uti,
604 4815 693 4871 52.
773 4817 817 4847 ⁷⁸
845 4817 946 4870 lsa.
975 4833 1096 4880 λιν,
1121 4816 1173 4873 7.
1247 4819 1290 4848 ⁷⁷
1318 4819 1440 4872 Act.
1463 4834 1559 4872 vn.

517 4952 628 5024 (48)
673 4952 764 5009 Sic
809 4971 998 5010 omnes
1048 4957 1207 5010 codd.
1269 4971 1436 5020 mss.;
1472 4957 1606 5011 libb.
1650 4959 1818 5023 editi,
1867 4976 1885 5007 ι
1922 4976 2006 5012 rut

2130 4509 2332 4564 Paulus
2376 4508 2627 4582 praedicat
2649 4507 2675 4558 ?
2703 4507 2793 4560 Ait
2822 4507 2966 4562 enim
2995 4525 3009 4560 :
3049 4523 3068 4557 ι
3107 4506 3305 4561 Paulus
3353 4523 3547 4562 servus
3575 4505 3706 4561 Jcsu

2134 4597 2336 4654 Christi
2367 4606 2591 4649 vocatus
2616 4594 2912 4664 apostolus,
2941 4606 3255 4666 segregatus
3280 4597 3332 4649 iu
3353 4595 3704 4666 Evangeliunt

2892 4749 2939 4781 "
2973 4747 3130 4804 Joau.
3166 4764 3226 4812 ll,
3263 4749 3349 4802 16.
3424 4749 3471 4780 ⁷⁸
3507 4748 3698 4806 Matth.

2490 4819 2538 4851 ⁷⁹
2571 4819 2606 4872 ll
2631 4817 2772 4872 Tim.
2809 4835 2870 4883 tt,
2901 4818 2956 4871 5.
3031 4818 3075 4849 ⁸ο
3100 4817 3140 4871 ll
3189 4821 3311 4874 Cor.
3341 4819 3523 4884 x522.

2189 4960 2301 5031 (53)
2328 4961 2443 5016 Vox
2475 4977 2494 5012 ι
2536 4968 2712 5014 tamen
2750 4976 2768 5010 ι
2805 4959 2959 5013 deest
2985 4959 3038 5011 in
3066 4967 3226 5013 antea
3256 4959 3438 5024 editis,
3468 4960 3560 5014 sed
3595 4961 3698 5016 ha-

2123 5032 2284 5086 betur
2321 5032 2371 5084 in
2407 5044 2536 5084 mss.

2191 5101 2304 5171 (54)
2337 5102 2428 5171 Sic
2461 5115 2636 5171 msst;
2670 5097 2798 5171 editi
2836 5112 2966 5151 vero
2996 5115 3014 5147 ι
3048 5096 3550 5171 indiscipliuatum.
3584 5112 3602 5142 ι

2201 5167 2310 5241 (55⁷)
2349 5169 2552 5224 Verbis.
2591 5169 3008 5241 Deestinantea
3039 5167 3221 5232 editis,
3245 5169 3336 5241 sed
3373 5169 3604 5241 habetur
3642 5169 3698 5224 in

2124 5238 2254 5296 mss.
2287 5241 2485 5294 Ibidem
2538 5241 2670 5292 libb.
2720 5238 2850 5290 editi
2888 5238 3107 5301 habent,
3169 5257 3188 5289 ι
3231 5239 3323 5291 sed
3360 5239 3695 5293 concedatur

2121 5313 2264 5365 circa
2300 5312 2397 5363 has
2422 5324 2630 5363 omnes.
2673 5327 2692 5360 ι
2725 5306 2854 5360 Mss.
2887 5317 2947 5360 ut
2979 5307 3030 5359 in
3061 5317 3248 5360 nostro
3281 5317 3452 5376 textu.

2184 5380 2298 5452 (56)
2329 5378 2486 5433 Libb.
2515 5378 2647 5452 editi
2684 5378 2977 5452 mendose,
3018 5394 3038 5427 ι
3075 5392 3236 5446 quem
3286 5379 3439 5430 aiunt
3467 5377 3695 5442 bonum,

2114 5446 2519 5519 consequenter
2543 5449 2740 5502 deinde
2775 5446 3087 5514 videbitur;
3119 5465 3140 5499 ι
3176 5456 3323 5503 recte
3346 5457 3527 5502 autem
3556 5461 3694 5502 mss.

445 5025 732 5096 etiam...._.
777 5041 881 5078 non
915 5027 1177 5096 suggerit.
1208 5045 1226 5076 ι
1279 5026 1612 5096 Ριιιιὶοίροδι
1655 5028 1786 5080 libb.
1834 5029 2006 5081 editi:

449 5110 468 5141 ι
504 5093 758 5165 proponit
796 5097 934 5148 Deus
973 5093 1254 5165 discipulis
1296 5096 1411 5150 Suis
1454 5093 1761 5150 Dominum.
1790 5117 1808 5149 ι
1857 5098 2010 5165 Mss.,

447 5179 467 5212 ι
496 5164 751 5234 proponit
777 5165 1054 5234 discipulis
1082 5164 1194 5220 suis
1225 5168 1410 5220 Deum.
1437 5183 1455 5215 ι

515 5231 626 5304 (49)
667 5233 744 5286 lta
781 5231 1108 5301 mss—Alias,
1143 5239 1265 5291 «sed
1297 5244 1351 5288 et
1381 5236 1447 5290 de
1471 5235 1861 5304 juramcutis...
1893 5237 1968 5291 ait
1997 5256 2010 5291 :

441 5313 808 5374 nonpportct.
840 5324 858 5357 ι

510 5373 625 5443 (50)
662 5373 752 5428 Sic
780 5383 924 5430 recte
951 5389 1139 5430 omnes
1163 5376 1319 5431 codd.
1352 5390 1481 5428 mss.
1509 5375 1664 5429 Alias
1690 5391 1702 5426 :
1741 5392 1758 5424 ι
1789 5373 2005 5428 Patrem

438 5444 556 5516 sine
584 5444 750 5499 dubio
780 5445 1063 5501 Domiuum
1090 5446 1302 5500 dicebat
1335 5459 1454 5498 eum
1489 5447 1645 5516 cujus
1675 5460 1869 5498 novum
1904 5445 2007 5500 Sa-

437 5514 639 5568 lomon.
671 5533 690 5567 »
1560 5514 1568 5516 ⁷

2154 5532 2168 5575 ι
2201 5523 2252 5574 in
2285 5514 2474 5576 nostro
2508 5527 2676 5572 textu.

475 5582 619 5662 .(51)
669 5583 824 5640 Libb.
872 5587 1038 5651 editi,
1094 5604 1114 5639 ι
1169 5585 1460 5656 quomodo.
1509 5603 1527 5635 ι
1581 5584 1712 5641 Mss.
1744 5625 1758 5651 ,
1813 5607 1830 5640 ι
1871 5601 2007 5657 quo-
2185 5591 2295 5662 (57)
2323 5589 2417 5662 Sic
2444 5602 2576 5642 mss.
2607 5587 2764 5662 liibb.
2802 5586 2966 5662 editi,
2995 5604 3031 5662 t_
3053 5587 3156 5662 nisi
3191 5585 3490 5662 Christum.
3525 5601 3546 5636 ι

435 5654 680 5728 ιιῖιιιιξτι-
1096 5726 1120 5728 ξ
1189 5654 1201 5656 ’
1891 5654 1906 5657 “
2184 5654 2295 5728 (58)
2354 5657 2564 5713 Nonne.
2621 5656 2783 5714 Deest
2839 5659 2892 5712 in
2949 5658 3150 5727 editis,
3198 5658 3294 5713 sed
3354 5657 3590 5712 habetur
3637 5654 3693 5712 in

505 5722 616 5789 (52)
651 5722 883 5797 Longum
919 5730 1038 5783 erit.
1090 5726 1181 5784 Sic
1215 5741 1348 5782 mss.
1378 5742 1392 5792 ;
1425 5726 1554 5784 editi
1593 5742 1756 5797 vero,
1811 5747 1830 5779 ‹
1872 5742 2003 5783 con-
2114 5723 2245 5787 mss.

434 5805 622 5858 gruum
653 5796 780 5849 erit.
818 5816 834 5848 ι
