4014 6142
294 292 400 349 261

1596 292 1795 347 LIBER
1831 293 2207 353 SECUNDUS.

3425 298 3535 356 203

303 413 396 467 Dei
429 412 573 482 quod
621 420 750 467 ante
792 411 1112 482 promiserat
1145 429 1244 483 per
1276 415 1568 484 prephetas
1596 430 1723 469 suos
1753 414 1865 483 (59)
1897 420 1943 478 Α
1975 416 2018 469 si
2068 432 2137 485 ex
2177 414 2402 470 materia
2440 414 2546 479 sit,
2583 414 2803 468 materia
2837 424 3013 469 autem
3049 416 3164 471 sine
3210 416 3375 473 dubio
3411 435 3532 473 cor-

300 506 354 558 in
387 504 687 573 Scripturis
708 504 914 559 sanctis
943 504 1008 558 de
1038 504 1176 559 Filio
1207 522 1324 572 suo,
1362 507 1451 575 qui
1490 506 1661 561 factus
1690 515 1772 561 est
1813 508 1863 561 ei

296 610 365 649 ex
400 596 611 649 semine
646 594 813 648 David
843 596 1138 650 secundum
1168 610 1408 659 carnem,
1445 596 1535 661 qui
1580 596 1862 664 praedesti—

298 693 456 739 natus
504 694 589 739 est
638 684 805 738 Filius
839 684 928 739 Dei
969 687 1022 739 in
1056 688 1253 739 virtute
1278 688 1572 739 secundum
1608 687 1860 753 spiritum

296 775 749 827 sanctificationis
776 789 839 826 ex
870 776 1272 828 resurrectione
1293 782 1625 827 mortuorum
1657 773 1863 828 Christi

291 863 424 919 Jesu
458 866 673 920 Domini
703 867 871 919 nostri
896 866 961 930 3‘,
1000 884 1018 917 ι
1052 875 1159 920 etc.
1192 864 1299 919 Sed
1342 874 1396 920 et
1420 866 1547 919 illud
1574 856 1714 933 quod
1746 866 1861 919 ait:

300 976 321 1008 ε
362 957 478 1011 Νοη
523 957 810 1009 obturabis
852 971 914 1009 os
960 956 1081 1009 bovi
1131 955 1406 1009 trituranti
1454 971 1467 1020 ;
1520 955 1759 1023 nunquid
1800 955 1864 1008 de

294 1050 471 1102 bobus
502 1062 632 1101 cura
671 1057 753 1101 est
788 1046 931 1100 Deo?
966 1045 1044 1098 Au
1077 1058 1293 1115 propter
1332 1062 1432 1101 nos
1468 1047 1654 1114 utique
1689 1044 1863 1100 dicit?

294 1140 527 1207 Propter
560 1154 656 1192 nos
686 1139 828 1191 enim
862 1140 1124 1205 scriptum
1156 1148 1277 1200 est,
1327 1137 1451 1205 quia
1491 1137 1543 1190 in
1579 1152 1671 1204 spe
1703 1138 1865 1192 debet

293 1231 387 1295 qui
427 1239 548 1281 arat
570 1243 748 1293 arare,
777 1237 830 1281 et
856 1232 948 1295 qui
980 1230 1191 1283 triturat
1213 1229 1311 1283 sub
1330 1242 1423 1297 spe
1453 1227 1660 1281 fructus
1690 1230 1866 1295 perci-

292 1321 567 1388 piendi".
606 1338 622 1369 ι
657 1319 711 1371 1η
744 1334 853 1387 quo
884 1320 1163 1373 evidenter
1211 1319 1455 1372 ostendit
1488 1316 1618 1387 quia
1664 1320 1752 1386 qui
1789 1318 1867 1372 le-

292 1426 419 1478 gem
447 1412 588 1464 dedit
615 1411 771 1474 Deus,
799 1419 1016 1478 propter
1044 1426 1163 1474 nos,
1189 1411 1239 1463 id
1272 1419 1353 1463 est
1380 1418 1604 1478 propter
1647 1420 1865 1478 aposto-

292 1501 377 1554 los
412 1501 547 1554 dicit
589 1522 600 1555 :
639 1519 658 1551 ι
705 1500 820 1555 Non
866 1501 1146 1555 obturabis
1190 1514 1251 1554 os
1297 1498 1418 1553 bovi
1469 1500 1741 1554 trituranti
1786 1518 1799 1564 ;
1839 1520 1857 1553 ι

290 1591 381 1643 cui
440 1605 568 1644 cura
628 1599 747 1643 erat
802 1606 906 1643 non
936 1590 1128 1653 boum,
1188 1588 1281 1642 sed
1337 1588 1700 1657 apostolorum
1764 1589 1855 1658 qui

289 1683 503 1736 Christi
552 1682 900 1752 Evangelium
950 1681 1338 1751 przedicabant.
1387 1681 1441 1734 In
1490 1681 1611 1735 aliis
1650 1695 1862 1750 quoque

291 1773 715 1842 promissionem
744 1772 876 1845 legis
904 1771 1237 1840 amplectens
1268 1770 1465 1824 Paulus
1502 1771 1619 1837 ipse
1648 1773 1718 1825 ita
1753 1773 1860 1824 ai't:

296 1880 315 1912 ι
343 1862 583 1915 'llonora
612 1872 817 1929 patrem
859 1866 1006 1913 tuum
1038 1869 1089 1913 et
1123 1866 1351 1912 matrem
1377 1899 1390 1922 ,
1423 1860 1564 1928 quod
1599 1869 1680 1914 est
1715 1875 1867 1913 mau-

292 1952 489 2005 datum
521 1950 751 2019 primum
781 1951 832 2002 in
862 1949 1241 2019 promissione,
1269 1959 1329 2003 ut
1376 1949 1514 2003 bene
1554 1950 1627 2004 sit
1658 1952 1777 2015 tibi,
1814 1960 1870 2006 et

292 2042 578 2109 longmvus
631 2054 791 2107 super
836 2047 1034 2092 terram
1066 2039 1175 2104 sis,
1211 2048 1411 2091 terram
1462 2037 1654 2093 bonam
1705 2056 1865 2108 quam

296 2133 565 2186 Dominus
591 2132 732 2186 Deus
772 2140 895 2185 tuus
925 2129 1069 2184 dabit
1121 2129 1213 2184 tibi
1254 2130 1320 2181 ⁸³.
1370 2149 1389 2181 ι
1434 2129 1537 2184 Per
1586 2145 1706 2199 quas
1751 2132 1868 2187 sine

293 2224 467 2278 dubio
507 2222 618 2293 (60)
662 2223 874 2291 placere
904 2222 1005 2275 sibi
1039 2221 1209 2291 legem
1255 2229 1309 2277 et
1340 2221 1507 2287 Deum
1539 2221 1676 2292 legis
1707 2231 1867 2292 atque

290 2312 417 2381 ejus
446 2312 706 2378 promissa
735 2312 1070 2379 pronuntiat.

366 2403 429 2456 ‘5.
471 2402 574 2456 Sed
622 2402 877 2470 quoniam
926 2400 1100 2455 solent
1127 2399 1400 2455 interdum
1441 2400 1602 2468 hujus
1646 2401 1866 2457 haeresis

291 2504 611 2548 assertores
635 2508 731 2561 per
756 2492 1062 2559 deceptiosa
1097 2492 1341 2559 quaedam
1376 2492 1711 2558 snphismata
1740 2493 1869 2545 sim-

289 2585 592 2653 pliciorum
627 2594 964 2648 quorumque
1008 2579 1170 2632 corda
1215 2580 1468 2648 decipere
1500 2581 1609 2650 (6i)
1633 2620 1648 2643 ,
1680 2584 1872 2637 absur-

285 2674 433 2729 dum
465 2687 567 2723 non
598 2680 727 2738 puto
749 2670 793 2723 si
824 2671 987 2722 etiam
1018 2684 1080 2723 ea
1110 2685 1231 2738 quae
1266 2671 1319 2724 in
1352 2670 1738 2725 assertionibus
1761 2674 1873 2728 suis

288 2760 554 2832 proferre
599 2758 810 2821 solent,
845 2768 1204 2826 proponentes
1245 2760 1648 2828 subreptiouem
1684 2775 1870 2815 eorum

292 2868 361 2907 ac
397 2851 681 2905 mendacia
728 2850 838 2918 (6‘2)
884 2850 1247 2903 eonfutemus.
1274 2852 1444 2904 Aiunt
1483 2851 1691 2919 igitur:
1725 2852 1874 2907 Scri-

294 2956 454 3015 ptum
504 2952 586 2997 est
620 2960 635 2995 :
675 2960 694 2993 ι
736 2944 901 2996 Deum
952 2956 1107 2995 nemo
1154 2942 1288 2995 vidit
1330 2958 1564 3011 unquam
1588 2943 1634 2974 ⁸⁵
1669 2959 1683 3007 ;
1722 2962 1741 2995 ι
1782 2944 1872 3025 ille

1969 507 2240 574 ruptibilis
2272 515 2352 561 est
2381 546 2393 569 ,
2425 504 2529 559 erit
2556 517 2684 573 ergo
2712 503 2822 574 jam
2866 508 3160 560 secundum
3190 508 3311 563 illos
3342 523 3529 564 corru-

1965 596 2172 665 ptibilis
2204 596 2363 649 Deus.
2397 594 2630 647 Rursum
2661 607 2876 663 quoque
2907 594 3363 663 interrogabimus
3393 613 3488 654 eos
3515 619 3524 651 :

1969 685 2191 739 Materia
2226 686 2364 739 facta
2396 694 2478 739 est
2523 699 2590 737 an
2626 684 2861 753 ingenita
2890 724 2904 747 ,
2952 686 3001 738 id
3046 696 3131 739 est
3178 687 3425 744 infecta?
3466 693 3531 745 Et

1964 773 2229 843 siquidem
2262 773 2496 826 dixerint
2523 771 2647 840 quia
2675 770 2788 839 (65)
2819 772 3017 825 infecta
3047 783 3146 835 est,
3182 774 3231 827 id
3262 784 3346 830 est
3375 778 3527 848 inge-

1965 863 2115 927 uita,
2161 862 2500 930 requiremus
2545 861 2612 915 ab
2664 860 2742 915 eis
2784 862 2826 915 si
2869 863 3111 915 materi:e
3155 879 3279 932 pars
3313 868 3527 935 quidem

1965 952 2067 1005 alia
2118 953 2295 1015 Deus,
2342 952 2444 1005 alia
2487 958 2663 1005 autem
2702 965 2829 1019 pars
2868 952 3094 1007 mundus
3140 965 3240 1008 est.
3295 955 3350 1011 Si
3402 973 3529 1011 vero

1967 1041 2341 1111 responderint
2374 1042 2439 1095 de
2484 1042 2711 1094 materia
2744 1041 2868 1107 quia
2908 1041 3045 1094 facta
3076 1042 3186 1109 esti,
3215 1044 3333 1099 sine
3366 1047 3529 1101 dubio

1965 1142 2358 1201 consequetur,
2396 1141 2453 1185 ut
2498 1147 2620 1185 eum
2670 1145 2827 1199 quem
2878 1130 3040 1183 Deum
3072 1132 3290 1199 dicunt,
3328 1134 3527 1190 factum

1966 1222 2393 1278 essei'ateantur
2424 1222 2534 1292 (64)
2563 1239 2575 1286 ;
2614 1222 2758 1289 quod
2794 1220 2982 1287 utique
3014 1236 3109 1274 nec
3138 1223 3397 1291 ipsorum,
3432 1242 3531 1281 nec

1970 1324 2153 1368 nostra
2200 1314 2339 1367 ratio
2382 1314 2634 1366 admittit.
2684 1311 2787 1365 Sed
2843 1312 3025 1365 dicent
3069 1312 3399 1371 :luvisibilis
3450 1330 3531 1372 est

1968 1411 2127 1463 Deus.
2167 1410 2229 1463 Et
2261 1412 2385 1480 quid
2420 1410 2636 1480 agetis?

1969 1499 2023 1554 Si
2061 1502 2381 1555 invisibilem
2421 1517 2541 1554 eum
2593 1515 2712 1555 esse

1967 1590 2145 1645 dicitis
2176 1605 2271 1659 per
2302 1600 2552 1644 naturam
2577 1632 2591 1654 ,
2619 1607 2711 1645 ne-

2833 1514 3120 1552 HIERONYMI
3155 1514 3480 1552 iNTEBPRET.

2784 1566 2957 1620 Restat
2985 1580 3037 1619 ut
3058 1568 3447 1634 invisibiliswﬁ')
3464 1572 3529 1621 sit

2365 1637 2561 1699 ΪΪΣΪΪ,
2577 1637 2591 1654 ⁷
2606 1637 2707 1699 ξξῇ
2783 1637 2957 1699 Deus;
2990 1638 3036 1689 si
3055 1647 3231 1691 autem
3252 1638 3529 1691 invisibilia

1969 1694 2087 1776 que
2106 1680 2375 1734 salvatori
2409 1680 2566 1734 debet
2596 1695 2712 1735 esse
2782 1680 3531 1776 ;e;."',;_,,,',;;a3;;";;;':';,;g;;;

1967 1769 2222 1824 visibilis.
2786 1773 3053 1826 Saluatori
3088 1769 3316 1827 visibilis»
3340 1769 3457 1827 erit.

1965 1858 2218 1924 Quiuimo
2255 1861 2504 1915 et'videri
2544 1862 2682 1914 Deus
2716 1860 2872 1914 Pater
2902 1861 3101 1915 Christi
3137 1863 3368 1929 dicitur,
3398 1880 3532 1931 quo-

1966 1946 2112 1999 niam
2163 1964 2183 1997 t
2230 1947 2318 2016 qui
2372 1948 2554 2012 videt,
2605 1948 2803 2016 inquit,
2853 1949 3046 2004 Filiqu
3077 1990 3090 2013 ,
3143 1950 3290 2005 videt
3333 1962 3385 2005 et
3425 1951 3533 2004 Pav

1972 2045 2106 2092 trem
2123 2039 2189 2093 ⁸⁸.
2217 2058 2234 2089 ι
2253 2038 2404 2105 Quod
2432 2040 2613 2108 utique
2635 2054 2730 2093 vos
2744 2041 3095 2095 vehementer
3122 2051 3370 2110 angustat
3391 2042 3526 2112 (66),

1967 2138 1995 2180 a
2020 2129 2176 2183 nobis
2220 2142 2345 2183 vero
2379 2129 2575 2183 rectius
2625 2142 2730 2182 non
2762 2143 2860 2197 pro
2900 2130 3130 2184 videmlo
3156 2173 3169 2197 ,
3208 2132 3298 2187 sed
3326 2146 3422 2199 pro
3452 2134 3532 2183 iu-

1969 2218 2254 2287 telligendo
2300 2219 2546 2273 sentitur.
2600 2217 2702 2283 Qui
2754 2218 2898 2271 enim
2951 2221 3273 2277 intellexerit
3314 2223 3529 2288 Filium,

1968 2312 2230 2384 intelliget
2268 2322 2323 2368 et
2362 2314 2597 2369 Patrem.
2629 2312 2741 2366 lioc
2788 2324 2915 2382 ergo
2949 2318 3105 2369 modo
3136 2317 3341 2388 Moyses
3370 2318 3531 2372 etiam

1968 2404 2132 2458 Deum
2182 2405 2379 2459 vidisse
2430 2406 2700 2474 putandus
2747 2414 2848 2470 est,
2893 2422 2996 2462 non
3027 2408 3334 2462 carnalibus
3364 2410 3534 2463 oculis

1970 2508 2090 2548 eum
2122 2496 2356 2559 intuens,
2388 2497 2479 2550 sed
2510 2499 2623 2551 visu
2653 2500 2834 2555 cordis
2862 2514 2924 2553 ac
2952 2515 3109 2553 sensu
3139 2501 3337 2554 mentis
3376 2501 3533 2554 intel-

1973 2580 2160 2652 ligens,
2184 2590 2236 2635 et
2262 2582 2366 2636 hoc
2396 2599 2459 2635 ex
2490 2594 2640 2652 parte
2669 2588 2867 2655 aliqua.
2902 2587 3244 2643 Manifestum
3274 2591 3415 2643 enim
3450 2602 3534 2645 est

1971 2673 2120 2741 quia,
2157 2670 2431 2737 «Faciem,
2466 2675 2636 2743 inquit
2666 2716 2680 2739 ,
2727 2693 2898 2731 meam
2932 2694 3035 2731 non
3069 2678 3277 2733 videbis
3312 2680 3536 2749 (scilicet

1974 2763 2064 2832 qui
2129 2762 2293 2833 Moysi
2362 2778 2616 2833 respousa
2678 2767 3016 2833 prmbebat),
3077 2768 3168 2819 sed
3214 2758 3537 2837 posteriora

1975 2869 2092 2908 mea
2120 2854 2188 2908 θ’.
2228 2874 2246 2905 ι
2280 2853 2408 2920 Qua:
2438 2856 2617 2923 utique
2647 2870 2768 2909 cum
2800 2870 2864 2910 eo
2897 2866 3021 2911 sunt
3055 2856 3398 2926 intelligenda
3446 2873 3537 2910 sa-

1973 2954 2286 3007 eramento.
2322 2960 2426 3012 quo
2461 2944 2685 3014 intelligi
2716 2948 2971 3000 convenit
3015 2947 3155 3002 dicta
3197 2947 3376 3001 divina
3402 2988 3415 3014 ,
3445 2949 3538 3003 ab-

302 3046 489 3091 antem
538 3034 675 3088 Deus
728 3048 888 3102 quem
932 3032 1139 3102 Moyses
1181 3035 1481 3101 praedicat,
1532 3042 1586 3089 et
1630 3036 1697 3090 ab
1748 3036 1864 3106 ipso
1891 3031 2123 3120 cjectis
2156 3032 2398 3102 prolbcto
2437 3033 2539 3089 illis
2576 3044 2631 3090 et
2679 3039 2879 3105 spretis
2927 3038 3161 3093 anilibus
3188 3037 3386 3096 fabulis
3415 3057 3535 3111 qua:

302 3130 492 3200 loyse
523 3128 669 3180 visus
692 3136 794 3191 est,
838 3130 901 3180 et
929 3136 1085 3180 antea
1122 3142 1149 3179 a
1180 3128 1426 3195 patribus
1456 3128 1570 3195 ejus
1611 3145 1624 3193 ;
1670 3130 1713 3184 is
1744 3145 1871 3186 vero

305 3222 398 3291 qui
433 3236 463 3272 a
495 3220 773 3274 Salvatore
814 3212 1198 3281 annuntiatur,
1230 3234 1259 3271 a
1293 3219 1441 3273 nullo
1476 3220 1691 3288 penitus
1720 3220 1873 3275 visus

305 3324 411 3367 est.
442 3312 843 3379 interrogemus
876 3327 1007 3381 ergo
1032 3326 1125 3365 eos
1152 3318 1206 3364 et
1230 3324 1327 3363 nos
1354 3310 1401 3363 si
1429 3311 1570 3363 hunc
1601 3326 1761 3378 quem
1789 3310 1870 3364 fa.

307 3412 493 3457 tentur
522 3402 687 3455 Deum
722 3412 777 3455 et
816 3401 980 3455 alium
1015 3415 1137 3456 esse
1167 3414 1290 3453 eum
1320 3402 1507 3454 dicunt
1537 3415 1692 3467 quam
1727 3415 1874 3455 crea-

307 3504 483 3549 torem
533 3495 723 3556 Deum,
747 3492 1013 3547 visibilem
1054 3508 1121 3546 an
1160 3492 1480 3545 iuvisihilem
1508 3490 1691 3543 dicant
1731 3505 1868 3543 esse.

310 3585 377 3639 Et
411 3585 676 3654 siquidem
707 3584 945 3637 dixerint
982 3583 1107 3651 quia
1136 3582 1366 3636 visibilis
1401 3590 1501 3644 est,
1538 3581 1649 3651 86
1679 3590 1875 3647 praeter

309 3679 411 3731 hoc
452 3677 594 3745 quod
631 3685 815 3730 contra
868 3676 1160 3745 Scriptura:
1204 3672 1527 3727 sententiam
1572 3673 1752 3725 venire
1782 3687 1874 3723 ar-

311 3776 565 3837 guentur,
595 3781 713 3834 quae
740 3766 871 3819 dicit
899 3767 965 3820 de
1005 3765 1319 3825 Salvatore,
1360 3762 1484 3830 quia
1523 3779 1542 3813 ‹
1577 3763 1753 3829 imago
1792 3770 1874 3814 est

312 3856 603 3910 Invisibilis
648 3856 740 3908 Dei
792 3855 1181 3924 prinmgeniius
1220 3854 1396 3906 omnis
1435 3862 1701 3906 creatura:
1723 3852 1808 3915 ⁸⁵;
1851 3871 1868 3902 ι

312 3945 594 3999 incurrent
618 3947 779 4000 etiam
801 3946 855 3998 in
886 3944 1014 3999 illud
1047 3943 1360 4007 absurdum,
1394 3944 1534 4009 quod
1559 3941 1724 3995 Deum
1748 3957 1873 3994 cor-

313 4051 536 4104 poreum
579 4051 699 4091 esse
742 4036 943 4090 dicant.
996 4034 1110 4087 Non
1159 4033 1302 4087 enim
1346 4032 1505 4084 aliter
1550 4032 1718 4085 videri
1747 4030 1873 4098 quid

315 4139 491 4196 potest
520 4129 619 4184 nisi
646 4143 741 4197 per
772 4128 1034 4191 habitum,
1063 4136 1119 4180 et
1159 4124 1605 4193 magnitudinem,
1638 4133 1691 4175 et
1722 4123 1875 4176 colo-

314 4233 451 4281 rem,
477 4233 592 4286 qua:
616 4227 738 4271 sunt
765 4214 1019 4288 specialia
1039 4228 1348 4282 corporum.
1375 4211 1440 4265 Et
1468 4211 1511 4263 si
1536 4225 1734 4279 corpus
1756 4225 1875 4265 esse

316 4309 691 4376 pronuntietur
726 4309 883 4369 Deus,
918 4307 1173 4375 quoniam
1224 4317 1387 4357 omne
1429 4316 1624 4370 corpus
1667 4317 1731 4355 ex
1763 4315 1877 4354 ma—

1974 3124 2039 3176 de
2064 3125 2432 3180 anterioribus
2474 3125 2567 3180 Dei
2611 3126 2678 3180 ab
2725 3128 2993 3197 imperitis
3041 3131 3537 3201 posteri'oribusque

1976 3212 2274 3282 ﬁnguntur.
2314 3214 2499 3284 Neque
2530 3232 2661 3273 sane
2690 3220 2807 3287 quis
2824 3234 2923 3275 nos
2948 3220 3170 3289 impium
3188 3221 3387 3292 aliquid
3420 3239 3544 3278 sen.

1972 3305 2106 3359 sisse
2138 3308 2464 3373 arbitretur,
2496 3309 2637 3376 quod
2668 3310 2905 3364 diximus
2949 3311 3073 3381 quia
3114 3328 3213 3367 nec
3267 3310 3535 3368 Salvatori

1973 3400 2199 3454 visibilis
2217 3412 2299 3457 est
2323 3402 2520 3457 Pater:
2548 3403 2858 3458 consideret
2880 3405 3021 3471 quali
3049 3404 3394 3459 distinctione
3424 3405 3535 3475 (67)

1974 3495 2230 3545 adversus
2264 3493 2549 3547 haereticos
2592 3502 2814 3563 agentes
2846 3494 3066 3547 utimur.
3103 3495 3347 3549 Diximus
3389 3496 3535 3547 enim

1974 3582 2117 3649 quod
2154 3584 2297 3637 aliud
2342 3584 2413 3637 sit
2460 3584 2643 3638 videre
2686 3591 2742 3637 et
2779 3584 2983 3651 videri,
3014 3596 3067 3639 et
3110 3585 3251 3638 aliud
3299 3599 3455 3640 nosse
3485 3595 3541 3638 et

1977 3674 2149 3737 nosci,
2180 3674 2262 3727 vel
2295 3690 2624 3743 cognoscere
2654 3684 2813 3742 atque
2846 3678 3121 3744 cognosci.
3153 3675 3325 3747 igitur
3354 3676 3538 3731 videre

1976 3774 2030 3817 et
2066 3765 2232 3817 videri
2260 3780 2548 3833 corporum
2580 3779 2669 3819 res
2699 3775 2778 3819 est
2805 3784 2817 3830 ;
2862 3768 3001 3835 quod
3037 3770 3223 3837 utique
3259 3783 3359 3822 nec
3390 3766 3536 3822 Patri

1978 3868 2075 3907 nec
2122 3851 2301 3918 Filio,
2347 3869 2445 3907 nec
2488 3853 2711 3921 Spiritui
2765 3864 2955 3908 sancto
3007 3856 3145 3909 inter
3195 3870 3252 3910 se
3306 3856 3538 3909 invicem

1978 3953 2341 4010 competenter
2373 3944 2665 4012 aptabitur.
2700 3942 2904 3997 Natura
2939 3946 3082 3999 enim
3108 3944 3390 3999 Trinitatis
3424 3962 3541 3999 mo-

1978 4033 2103 4087 dum
2132 4033 2354 4087 visionis
2380 4036 2616 4099 excedit,
2665 4034 2749 4090 his
2777 4051 2895 4104 qua:
2940 4037 2991 4089 in
3024 4052 3253 4105 corpore
3286 4047 3447 4097 sunt,
3485 4038 3537 4088 id

1977 4132 2059 4177 est
2091 4123 2343 4177 omnibus
2363 4122 2471 4194 (68)
2500 4124 2722 4195 reliquis
2754 4123 3022 4178 creaturis
3048 4124 3364 4190 qualitatem
3399 4125 3544 4175 inter

1978 4226 2037 4267 se
2064 4211 2295 4267 invicem
2326 4212 2547 4266 visionis
2580 4211 2864 4281 indulgens
2890 4228 2903 4274 ;
2938 4211 3268 4277 incorporea:
3299 4224 3427 4262 vero
3453 4226 3544 4261 na-

1982 4310 2115 4353 turaa
2145 4307 2199 4351 et
2239 4296 2609 4366 principaliter
2636 4295 3015 4361 intellectuali,
3058 4294 3193 4346 nihil
3230 4294 3374 4346 aliud
3408 4308 3545 4347 con-

318 4372 448 4455 teria
471 4408 573 4467 est,
601 4399 902 4453 invenietur
930 4372 981 4451 et
1016 4398 1154 4450 Deus
1184 4410 1304 4449 esse
1334 4411 1398 4448 ex
1434 4393 1656 4447 materia
1683 4409 1697 4454 ;
1728 4391 1871 4460 quod
1906 4372 1951 4426 Ῑ)
1983 4388 2127 4443 venit
2171 4388 2273 4441 nisi
2317 4402 2474 4441 nosse
2506 4386 2587 4440 vel
2638 4386 2786 4439 nosci
2819 4426 2833 4449 ,
2868 4387 3008 4438 sicut
3040 4394 3094 4439 et
3143 4385 3395 4439 Salvator
3427 4386 3543 4454 ipse
3610 4418 3613 4425 ι

392 4513 435 4544 ⁸¹
469 4514 625 4566 Rom.
653 4529 688 4566 ι.
728 4512 842 4566 1-4.
918 4509 1001 4562 "i
1032 4509 1153 4563 Cor.
1195 4525 1267 4573 ix,
1293 4507 1454 4572 9,10.

322 4596 427 4648 xw,
454 4583 513 4637 9.
590 4582 634 4614 "
664 4582 838 4636 Exod.
868 4595 1067 4643 sunt,
1099 4580 1189 4637 23.

388 4674 498 4743 (59)
547 4674 705 4728 Suos.
766 4674 926 4727 Deest
972 4675 1022 4726 in
1075 4673 1271 4735 editis,
1319 4686 1426 4743 non
1454 4684 1601 4743 _ve_ro
1649 4668 1871 4743 ingmss.

324 4738 489 4796 Paulo
508 4754 629 4811 post
658 4758 809 4801 mss.,
844 4761 862 4793 ε
905 4743 1023 4796 bovi
1055 4742 1352 4796 tritur’anti.
1395 4759 1414 4792 ι
1452 4739 1590 4793 Editi
1615 4778 1630 4801 ,
1667 4756 1686 4789 ‹
1724 4738 1877 4811 bovis

326 4807 642 4867 tritiirautis.
684 4831 701 4862 ι
751 4811 952 4865 Ibidem
991 4826 1119 4865 mss.
1150 4850 1165 4874 ,
1206 4830 1223 4861 ι
1276 4826 1341 4865 an
1386 4820 1605 4878 propter
1642 4823 1739 4878 nos
1768 4807 1875 4878 uti-

324 4893 420 4945 que
465 4882 617 4936 dicit.
680 4899 701 4932 ι
746 4880 929 4949 Editi,
985 4898 1003 4931 ι
1057 4896 1124 4934 an
1173 4876 1397 4952 propter
1445 4894 1542 4931 nos
1576 4876 1747 4931 voluit
1798 4876 1880 4929 di-

324 4961 517 5087 εθξὲἶιί
539 5014 639 5070 Per
667 5033 785 5087 qua:
825 5018 934 5070 sine
962 5018 1137 5072 dubio.
1170 5015 1243 5087 Ita
1271 5030 1404 5087 mss.
1445 5012 1624 5087 ;__editi
1672 5021 1874 5087 autem,

331 5100 350 5134 ο
390 5083 624 5163 perpr
678 5083 807 5163 “sine
879 5088 1060 5144 dubio.
1112 5105 1130 5139 ι
1177 5086 1395 5163 ibidem
1471 5083 1613 5163 libb._
1687 5083 1868 5163 editi,

332 5171 375 5272 ξε
377 5167 533 5223 atque
562 5153 693 5223 'ejus
738 5158 894 5226 jussa
937 5156 1307 5227 pronuntiat.»
1345 5153 1477 5209 Mss.
1510 5160 1567 5205 ut
1603 5153 1655 5205 in
1688 5160 1872 5205 nostro

381 5233 489 5274 xtn.

551 5292 818 5363 Decipere.
866 5295 945 5350 Ita
994 5309 1124 5350 mss.
1172 5309 1189 5360 ;
1243 5290 1374 5347 editi
1417 5304 1548 5349 vero
1576 5328 1590 5354 ,
1634 5306 1654 5340 ι
1706 5286 1879 5343 surri-

331 5368 824 5498 f’eligoi)’lllendacia.
841 5431 929 5485 Sic
954 5447 1104 5496 mss.;
1126 5432 1254 5491 editi
1275 5444 1419 5490 vero,
1452 5426 1828 5498 «dementiam.
1843 5443 1863 5476 ι

331 5492 495 5568 ζἰἰιιιί
531 5512 651 5568 post
694 5502 825 5554 libb.
873 5501 1041 5560 editi,
1075 5492 1100 5550 ι’
1132 5501 1175 5552 si
1232 5504 1373 5554 hunc
1426 5496 1869 5568 Quetu_l'atentur

337 5562 512 5630 ticum,
531 5562 698 5622 'aliuin
731 5585 848 5623 esse
884 5570 1045 5621 Deum
1071 5584 1234 5636 quam
1265 5562 1565 5621 creatorem
1593 5565 1759 5619 Deum
1787 5564 1867 5619 di-

334 5643 472 5698 cum,
507 5638 787 5691 visibilem.
828 5656 846 5689 ι
881 5638 1008 5689 Mss.
1043 5650 1097 5689 ut
1132 5639 1181 5687 in
1215 5647 1398 5691 nostro
1432 5641 1597 5690 textu.

636 5726 907 5786 Parnm.
954 5723 1071 5783 Gn.
1120 5724 1231 5785 XI.

1565 4505 1611 4537 ⁸³
1630 4504 1828 4575 Ephes.
1854 4519 1928 4572 VI,
1953 4505 2008 4575 2,
2029 4506 2081 4563 5.

2184 4501 2230 4534 ⁸⁸
2256 4500 2416 4557 Joan.
2460 4515 2521 4566 ιι,
2554 4502 2638 4554 t8.
2743 4498 2787 4530 ³³
2817 4499 3023 4554 Coloss.
3053 4498 3206 4564 1.1-5.
3308 4498 3353 4529 ⁸⁸
3378 4496 3536 4559 Joan.

2056 4665 2179 4739 (65)
2208 4663 2554 4739 Quia._Deest
2581 4666 2634 4739 in
2654 4674 2825 4739 _antea
2854 4665 3049 4739 editis,
3081 4666 3177 4719 sed
3192 4664 3448 4739 _liabetur
3480 4666 3535 4719 in

1980 4734 2112 4793 mss.
2145 4734 2345 4790 Ibidem
2370 4734 2500 4789 libb.
2537 4734 2708 4804 editi.
2745 4752 2764 4785 ι
2807 4751 2935 4803 pars
2970 4736 3147 4804 aliqua
3189 4734 3331 4787 Deus
3359 4772 3373 4797 ,
3409 4746 3539 4801 pars

1980 4816 2156 4860 autem
2187 4808 2415 4859 mundus
2446 4813 2551 4863 eat.
2594 4820 2611 4854 ι
2645 4802 2774 4859 Mss.
2812 4802 2871 4856 ut
2906 4806 2953 4856 in
2983 4802 3168 4861 nostro
3196 4811 3366 4857 textu.

2052 4875 2164 4943 (64)
2194 4874 2353 4937 Mss,
2409 4890 2428 4925 ι
2476 4873 2767 4926 fateantur.
2804 4892 2822 4924 ι
2871 4871 3024 4931 Libb.
3072 4872 3247 4937 'cditi,
3304 4888 3324 4923 ι
3359 4870 3533 4925 conii-

1976 4953 2211 4998 teantur.
2250 4961 2268 4994 ι

2045 5009 2389 5095 (δωηβειεαε
2437 5017 2515 5095 τί(
2540 5009 2859 5095 Ϊηυίὲἰθῖιίίλ
2910 5017 3055 5095 99°:
3078 5009 3158 5095 ἐκ
3177 5007 3529 5095 ,Δηὲίέτοίὲἵῄφί

1976 5076 2144 5147 epist.
2166 5079 2233 5134 94
2263 5078 2329 5132 ad
2360 5079 2598 5132 Avitum.
2644 5077 2774 5147 Vide
2814 5080 3065 5132 ﬂuetium
3095 5076 3534 5146 Origeniaaoi'sm

1979 5146 2071 5205 lib.
2106 5165 2167 5213 tt,
2203 5156 2392 5215 quaest.
2428 5149 2483 5211 2,
2514 5162 2661 5201 num.
2693 5146 2758 5199 17
2788 5158 2842 5202 et
2870 5147 2956 5205 I8.
3082 5214 3089 5215 ί
3228 5214 3231 5215 ν
3272 5212 3297 5215 ,ξ
3334 5188 3341 5191 .

2047 5216 2159 5289 (66)
2212 5213 2304 5270 Sic
2341 5231 2531 5289 omnes
2574 5217 2731 5289 codd.
2788 5231 2965 5283 mss.;
3002 5214 3134 5273 libb.
3171 5213 3301 5269 editi
3328 5252 3345 5279 ,
3376 5232 3397 5266 ι
3431 5228 3541 5284 quo

1980 5285 2163 5353 utique
2194 5302 2290 5339 nos
2317 5286 2538 5353 quidam
2565 5285 2912 5354 vehementer
2937 5293 3248 5354 angustant.
3289 5300 3310 5335 ι

2055 5357 2164 5425 (67)
2194 5356 2282 5408 Sic
2306 5370 2434 5425 mss.
2464 5369 2478 5417 ;
2513 5353 2639 5425 editi
2682 5366 2981 5422 perperam,
3015 5353 3036 5404 ἱ
3078 5368 3253 5421 neque
3283 5365 3414 5425 sane
3438 5362 3543 5404 nos

1981 5419 2204 5491 impium
2248 5424 2451 5487 aliquid
2480 5419 2716 5476 sensisse
2759 5419 3540 5478 arbitremur...iconsiderent

1976 5494 2121 5566 quali
2150 5494 2577 5566 distinctione.)

2040 5562 2149 5633 (68)
2187 5561 2276 5633 Sic
2307 5576 2432 5611 mss.
2463 5575 2491 5633 ;_
2517 5560 2643 5613 libb.
2677 5558 2847 5623 editi,
2884 5574 2902 5610 ι
2942 5558 3026 5612 itis
3071 5557 3162 5627 qui
3210 5558 3264 5610 iu
3309 5566 3537 5620 comere

1977 5629 2125 5694 sunt,
2155 5632 2293 5687 idem
2325 5629 2602 5682 oniuibus.
2642 5646 2662 5678 ι

3202 5714 3239 5772 ἰ
