4014 6142
436 291 545 348 203

1667 280 1985 337 ORlGENlS
2024 282 2182 336 ΠΕΡΙ
2218 282 2447 338 ΑΡΧΩΝ

3573 288 3683 344 204

440 408 759 478 pronuntiat
805 407 991 462 dicens
1018 448 1031 472 ,
1064 405 1187 474 quia
1237 422 1254 453 ι
1293 417 1448 467 nemo
1484 403 1635 457 novit
1676 403 1874 457 Filium
1902 402 2003 455 nisi
2037 405 2083 463 Α
2117 403 2204 456 tali
2240 404 2581 469 definitione,
2630 411 2881 472 putantes
2928 418 3030 458 non
3083 403 3199 457 fieri
3258 405 3393 459 bene
3439 408 3563 463 huic
3590 409 3678 464 cui

440 497 640 563 Pater,
676 513 847 567 neque
881 498 1092 552 Patren:
1133 498 1252 564 quis
1285 496 1431 549 novit
1464 496 1562 548 nisi
1593 495 1792 557 Filius,
1828 504 1881 548 et
1916 495 2000 549 cui

443 588 674 646 voluerit
720 592 889 646 Filius
930 588 1172 655 revelare
1200 588 1265 638 ⁸⁸.
1308 606 1325 640 ι
1366 587 1705 641 Manifestum
1746 602 1875 655 ergo
1917 597 2002 642 est

442 684 570 751 quia
601 697 702 736 non
732 681 897 744 dixit,
928 693 1084 732 nemo
1120 677 1254 730 vidit
1281 676 1495 731 Patrem
1530 678 1630 730 nisi
1667 677 1836 732 Filius
1859 717 1873 741 ,
1909 677 2001 732 sed

448 792 465 823 ε
504 785 660 829 nemo
697 770 844 823 novit
871 767 1084 820 Patrem
1120 767 1220 819 nisi
1252 766 1419 820 Filius
1454 767 1586 836 (69).
1624 786 1643 819 ι

510 866 567 916 4.
618 862 676 916 Si
720 874 848 914 vero
896 868 1121 927 propter
1172 857 1259 910 illa
1303 873 1424 926 quae
1454 858 1704 911 dicuntur
1746 857 1797 911 in
1828 858 2000 913 Veteri

442 954 815 1013 Testamento,
856 962 995 1017 quon
1036 947 1290 1001 irascitur
1311 947 1471 999 Deus.
1498 947 1583 1001 vel
1628 947 1890 1014 pmnitet,
1920 947 2005 1000 vel

439 1028 481 1094 Si
520 1034 626 1109 qua
662 1041 766 1094 alia
801 1039 1025 1093 humani
1058 1036 1283 1091 affectus
1308 1036 1490 1102 passio
1523 1037 1855 1104 designatur,
1891 1052 2004 1090 ma-

436 1135 629 1188 teriam
680 1130 783 1185 sibi
834 1130 899 1183 ad
956 1128 1312 1182 confutandos
1376 1118 1475 1181 nos
1524 1128 1748 1194 praeberi
1788 1120 2001 1196 putant,

440 1226 775 1278 affirmantes
826 1222 1038 1292 penitus
1070 1219 1450 1288 impassibilem
1487 1219 1674 1283 Deum,
1721 1229 1882 1288 atque
1918 1222 2004 1275 his

436 1315 690 1370 munibus
744 1322 1019 1367 carentem
1086 1306 1368 1364 aﬂectibus
1432 1310 1771 1363 sentiendum
1826 1310 1939 1379 (70)
1983 1328 2001 1376 ;

436 1400 830 1455 ostendendum
859 1408 941 1454 est
981 1401 1061 1453 eis
1096 1401 1257 1451 etiam
1292 1398 1342 1450 in
1375 1398 1701 1467 evangelicis
1731 1400 2003 1468 parabolis

438 1494 624 1548 haberi
656 1492 851 1547 similia
881 1508 1005 1546 cum
1051 1492 1178 1545 dicit
1206 1535 1219 1557 ,
1253 1492 1377 1559 quia
1418 1494 1462 1547 is
1497 1494 1585 1561 qui
1632 1493 1891 1562 plantavit
1919 1496 2003 1549 vi-

437 1600 596 1640 ncam
628 1595 682 1638 et
710 1584 908 1638 locavit
935 1596 1054 1636 eam
1087 1582 1290 1637 colonis
1313 1622 1327 1646 ,
1353 1582 1442 1649 qui
1490 1583 1664 1636 coloni
1705 1584 1897 1637 missos
1933 1584 2002 1639 ad

436 1690 495 1730 se
540 1687 728 1729 servos
770 1671 1193 1734 interemerunt,
1228 1672 1296 1725 ad
1352 1671 1594 1723 ultimum
1636 1671 1798 1725 etiam
1832 1673 1997 1727 tilittm

436 1768 501 1820 ad
531 1781 590 1820 se
620 1765 843 1819 missum
872 1762 1206 1824 occiderunt,
1266 1761 1435 1814 iratus
1483 1762 1682 1814 dicitur
1707 1762 2000 1817 abstulisse

434 1858 647 1912 vineam
674 1856 740 1910 ab
765 1855 843 1909 eis
862 1894 877 1920 ,
909 1861 962 1908 et
991 1852 1160 1906 malos
1196 1852 1415 1906 colonos
1443 1851 1580 1905 male
1606 1854 1874 1919 perditum
1907 1855 2002 1909 de-

435 1948 616 2012 disse,
651 1953 707 1999 et
740 1945 950 1997 vineam
987 1942 1196 1996 colonis
1246 1943 1364 1996 aliis
1403 1943 1696 1999 tradidisse
1728 1946 1817 2011 qui
1871 1947 1999 1999 red-

435 2041 626 2092 derent
671 2035 718 2089 ei
770 2033 1003 2087 fructum
1056 2032 1167 2101 (7i)
1207 2032 1257 2084 in
1311 2040 1551 2099 tempore
1579 2048 1674 2087 suo
1713 2034 1779 2087 3’.
1810 2034 1916 2088 Sed
1946 2042 2000 2089 et

434 2122 556 2176 illos
600 2121 745 2176 cives
790 2119 881 2190 qui
911 2120 1153 2188 profecto
1200 2116 1589 2186 patrefamilias
1621 2122 1865 2189 accipere
1894 2122 1999 2177 sibi

433 2228 702 2283 regnum,
749 2212 958 2281 legatos
1021 2209 1287 2265 miserunt
1338 2219 1456 2277 post
1513 2226 1634 2265 eum
1693 2214 1936 2269 dicentes
1983 2233 1996 2268 :

439 2323 458 2354 ι
498 2304 760 2359 Nolumus
787 2318 909 2357 eum
956 2316 1183 2371 regnare
1217 2316 1378 2368 super
1406 2317 1502 2355 nos
1532 2304 1609 2367 9°,
1654 2323 1672 2354 ι
1711 2304 2000 2373 impetrato

432 2410 598 2465 regno
634 2408 909 2465 regressus
941 2393 1052 2462 (7‘2)
1104 2390 1495 2457 paterfamilias
1526 2400 1580 2447 et
1623 2394 1793 2448 iratus
1824 2396 1997 2451 inter—

432 2485 517 2539 ﬁci
551 2501 731 2540 coram
764 2501 823 2539 se
863 2484 1014 2551 jubet
1042 2524 1056 2551 ,
1084 2492 1138 2538 et
1184 2485 1459 2538 civitatem
1492 2500 1679 2540 eorum
1714 2487 1838 2558 igne
1863 2502 1996 2543 con-

432 2574 617 2627 sumit.
653 2574 758 2627 Sed
787 2583 842 2627 et
869 2588 967 2627 nos
1013 2572 1125 2625 sive
1170 2573 1220 2625 in
1257 2571 1448 2627 Vetere
1477 2576 1845 2641 Testamento,
1882 2579 1997 2633 sive

433 2664 484 2716 in
536 2661 685 2717 Novo
736 2678 856 2716 cum
899 2663 965 2715 de
999 2663 1076 2715 ira
1110 2661 1202 2715 Dei
1239 2661 1502 2732 legimus,
1545 2680 1649 2719 non
1699 2667 1992 2721 secundum

428 2754 661 2808 litteram
695 2769 814 2821 qua:
841 2754 1094 2808 dicuntur
1128 2754 1500 2816 advertimus,
1561 2757 1653 2809 sed
1694 2756 1993 2824 spiritalem

428 2845 759 2898 intellectum
792 2846 1119 2914 requirimus
1153 2846 1201 2898 in
1238 2846 1467 2908 talibus.
1506 2859 1560 2901 ιιι
1589 2850 1657 2901 ita
1692 2851 1994 2907 sentiamus

427 2935 567 2989 sicut
602 2934 901 3005 intelligere
937 2936 1002 2989 de
1038 2938 1144 2989 Deo
1177 2937 1392 3005 dignum
1429 2948 1532 2991 est.
1570 2941 1643 2994 De
1674 2940 1873 3010 quibus
1904 2957 1993 2996 se-

2110 503 2386 547 austerum
2440 494 2521 544 vel
2551 495 2703 547 triste
2737 495 2935 563 aliquid
2965 493 3211 548 infertur.
3247 495 3518 551 JuStitiam
3547 514 3679 554 vero

2106 593 2365 653 putarunt
2397 584 2645 637 affectum
2679 599 2798 638 esse
2850 585 3007 637 talem
3055 590 3148 653 qui
3193 587 3486 656 unicuique
3518 598 3681 656 prout

2108 684 2350 729 meretur
2381 676 2668 729 retribuat.
2701 677 2804 730 Sed
2835 677 2961 729 etin
2982 678 3084 730 hoc
3106 692 3320 731 rursum
3342 679 3680 735 definitionis

2106 780 2215 818 suae
2246 780 2461 819 sensum
2497 781 2600 818 non
2636 777 2782 821 recte
2817 767 3270 833 interpretantur.
3302 768 3499 822 Putant
3529 773 3675 824 enim

2104 856 2228 923 quia
2253 856 2396 924 quod
2423 856 2626 925 justum
2654 866 2738 912 est
2766 857 2920 911 malis
2951 858 3088 910 mala
3118 858 3299 922 faciat,
3328 861 3488 914 bonis
3512 863 3673 923 bona,

2106 950 2158 1002 id
2191 957 2299 1013 est,
2328 960 2389 1002 ut
2429 950 2727 1003 secundum
2768 964 2987 1003 sensum
3039 953 3279 1017 ipsorum
3308 951 3490 1020 justus
3521 953 3678 1007 malis

2106 1056 2211 1093 non
2265 1039 2510 1093 videatur
2556 1039 2695 1094 bene
2746 1039 2881 1093 velle
2910 1079 2923 1102 ,
2971 1041 3063 1093 sed
3093 1039 3241 1093 velut
3284 1042 3405 1094 odio
3440 1046 3673 1109 questam

2106 1132 2230 1185 ferri
2258 1131 2516 1184 adversus
2536 1144 2667 1193 eos;
2697 1140 2749 1183 et
2776 1130 3035 1198 colligunt
3061 1131 3233 1184 sicubi
3268 1132 3407 1187 forte
3440 1135 3489 1187 in
3522 1134 3675 1189 Scri-

2105 1220 2279 1288 pturis
2307 1219 2515 1273 Veteris
2543 1220 2873 1274 Testamenti
2901 1221 3184 1275 inveniunt
3212 1223 3497 1277 historiam
3530 1226 3674 1281 refe-

2106 1318 2348 1374 rentem,
2383 1311 2532 1364 verbi
2586 1312 2758 1380 gratia
2808 1314 2874 1366 de
2922 1312 3105 1365 diluvii
3155 1315 3364 1381 poenis,
3402 1326 3671 1371 eteorum

2104 1402 2195 1468 qui
2230 1401 2281 1452 in
2313 1415 2375 1452 eo
2404 1400 2656 1454 exstincti
2686 1399 3030 1465 referuntur,
3082 1402 3162 1453 vel
3196 1416 3315 1456 cum
3350 1402 3586 1457 Sodoma
3621 1415 3673 1458 ιιι

2106 1489 2408 1544 Gomorrha
2445 1489 2584 1559 ignei
2615 1488 3003 1557 sulphureique
3032 1490 3223 1544 imbris
3246 1493 3547 1546 vastatione
3577 1495 3671 1547 de-

2108 1578 2450 1647 populantur,
2487 1577 2570 1630 vel
2605 1593 2725 1630 cttm
2770 1578 2822 1631 in
2875 1580 3090 1633 deserto
3137 1597 3233 1649 pro
3278 1584 3516 1650 pecvatis
3558 1586 3672 1637 suis

2107 1684 2296 1723 omnes
2328 1668 2439 1738 (75)
2473 1668 2785 1734 decidunt,
2816 1669 2886 1722 ita
2940 1678 3019 1722 ut.
3042 1670 3218 1724 nullus
3261 1685 3325 1724 ex
3361 1673 3443 1725 his
3483 1675 3572 1742 qui
3605 1676 3673 1728 de

2106 1758 2340 1830 Egypto
2368 1758 2580 1812 fuerant
2612 1758 2872 1826 profecti.
2906 1759 3215 1812 inveniatur
3247 1770 3446 1814 terram
3485 1780 3672 1830 repro-

2104 1850 2380 1905 missionis
2409 1836 2612 1902 intrare
2639 1858 2831 1916 praeter
2851 1848 3031 1902 Jesum
3064 1861 3116 1903 et
3138 1850 3385 1906 Calcb“.
3425 1854 3496 1905 De
3519 1853 3670 1908 Novo

2104 1946 2283 1993 autem
2311 1938 2663 1991 Testamento
2694 1938 3077 1991 tniscricordirc
3110 1954 3173 1993 ac
3200 1942 3413 2008 pictatis
3439 1959 3671 2011 congre—

2101 2040 2225 2100 gant
2253 2029 2443 2093 verba,
2474 2031 2675 2096 quibus
2710 2045 2737 2083 a
2768 2029 3051 2083 Salvatore
3082 2031 3326 2098 discipuli
3365 2034 3669 2088 informan-

2103 2130 2189 2172 tur
2211 2159 2225 2181 ,
2258 2128 2311 2171 et
2347 2118 2545 2186 quibus
2576 2119 2915 2186 pronuntiari
2947 2119 3177 2183 videtur,
3221 2122 3345 2187 quia
3391 2138 3549 2176 nemo
3598 2125 3670 2178 sit

2100 2209 2272 2262 bonus
2307 2220 2506 2275 printer
2539 2224 2704 2261 unum
2737 2208 2900 2262 Deum
2932 2209 3180 2275 Patrem;
3207 2219 3261 2263 et
3288 2226 3382 2279 per
3415 2211 3515 2264 hoc
3551 2216 3667 2266 ausi

2099 2307 2231 2353 sunt
2271 2299 2468 2353 bonum
2522 2301 2739 2368 quidem
2792 2301 3076 2355 nominare
3119 2300 3335 2354 Patrem
3368 2301 3671 2358 Salvator-is

2097 2388 2225 2444 Iesu
2256 2390 2484 2455 Christi,
2511 2392 2674 2443 alium
2700 2401 2880 2445 autem
2906 2406 3025 2445 esse
3052 2392 3238 2445 dicunt
3270 2394 3455 2447 mundi
3477 2395 3667 2460 Deum,

2098 2496 2257 2551 quem
2302 2479 2508 2548 justum
2557 2481 2670 2545 eis,
2725 2496 2831 2536 non
2871 2481 3030 2536 etiam
3075 2481 3279 2537 bonum
3308 2484 3423 2553 (76)
3464 2483 3666 2552 placuit
3741 2522 3751 2545 ι

2098 2570 2389 2639 appeﬂare.

2165 2662 2219 2718 2.
2249 2664 2288 2717 A
2319 2664 2511 2735 quibus
2551 2665 2725 2734 primo
2767 2664 2895 2718 illud
2939 2665 3259 2742 exigendum
3305 2676 3459 2736 pulo,
3492 2669 3536 2722 si
3571 2683 3665 2724 se-

2096 2755 2325 2808 cundum
2355 2771 2509 2810 suam
2532 2756 2897 2815 definitionem
2922 2756 3128 2824 justum
3152 2770 3379 2823 possunt
3405 2761 3665 2814 ostende-

2097 2862 2157 2901 re
2195 2846 2529 2901 conditorem
2580 2848 2888 2913 punientcm
2946 2863 3041 2912 pro
3091 2849 3301 2902 meritis
3342 2850 3422 2903 vel
3458 2853 3664 2919 easqui

2094 2939 2276 2992 diluvii
2318 2948 2557 3005 tempore
2596 2938 2900 3007 perierunt,
2946 2939 3029 2992 vel
3073 2940 3399 3005 Sodomitas,
3446 2944 3529 2998 vel
3570 2959 3667 2999 eos

428 3027 660 3080 cundum
728 3027 1048 3096 parvitatem
1105 3043 1296 3084 sensus
1355 3033 1521 3087 nostri
1580 3048 1703 3087 cum
1768 3035 1988 3089 secundi

2097 3029 2186 3099 qui
2214 3045 2277 3083 ex
2322 3028 2556 3099 Egypto
2586 3028 2816 3099 profecti
2849 3030 3086 3093 fuerant,
3130 3045 3249 3085 cum
3281 3034 3557 3089 videamus
3585 3037 3667 3088 in-

426 3117 616 3185 pSaImi
689 3133 1084 3186 exponeremus
1158 3120 1306 3174 illum
1372 3124 1698 3177 versiculum
1765 3126 1816 3178 in
1885 3141 1992 3194 quo

428 3209 506 3262 ait
545 3207 694 3280 (75):
735 3226 752 3259 ι
791 3208 943 3263 Tunc
976 3210 1225 3276 loquetur
1254 3212 1319 3267 ad
1347 3228 1441 3268 eos
1489 3214 1540 3267 in
1574 3215 1655 3268 ira
1692 3230 1807 3278 sua,
1854 3229 1908 3271 et
1938 3218 1991 3271 in

426 3297 610 3351 furore
648 3312 747 3352 suo
793 3300 1131 3355 conturbabit
1172 3315 1264 3353 eos
1300 3302 1379 3366 “,
1432 3322 1448 3353 ι
1491 3313 1649 3369 prout
1694 3306 1989 3373 potuimus,

426 3387 658 3459 qualiter
687 3390 789 3443 hoc
818 3390 1040 3459 intelligi
1079 3384 1300 3445 deberet
1329 3396 1688 3450 ostendimus.

1048 3504 1273 3559 CAPUT
1318 3507 1376 3559 V.

955 3572 1031 3627 De
1058 3576 1207 3643 justo
1241 3587 1287 3628 et
1327 3579 1477 3631 bono.

495 3668 547 3721 Ι.
574 3662 773 3720 Verum
819 3667 1075 3735 quoniam
1129 3679 1305 3724 movet
1336 3671 1496 3724 etiam
1542 3671 1685 3725 istud
1729 3674 1991 3742 quosdam

426 3758 571 3825 quod
604 3758 875 3825 principes
920 3757 1075 3811 istius
1101 3758 1321 3815 haeresis
1352 3761 1670 3816 divisionem
1698 3764 1989 3830 quamdam

430 3847 623 3901 fecisse
652 3847 754 3901 sibi
788 3849 1072 3911 videntur,
1105 3864 1211 3917 qua
1255 3852 1511 3905 dixerunt
1553 3852 1698 3906 aliud
1744 3869 1865 3909 esse
1899 3854 1990 3921 ju—

428 3946 604 4000 stum,
653 3935 796 3989 aliud
837 3938 1055 4000 bonum,
1095 3950 1149 3992 et
1190 3941 1289 3994 hac
1315 3940 1579 3993 divisione
1620 3942 1671 3993 iu
1712 3943 1993 3997 divinitate

429 4026 597 4079 etiam
644 4027 723 4080 usi
773 4036 923 4090 sunt,
965 4026 1289 4081 afﬁrmantes
1337 4030 1535 4083 bonum
1578 4030 1792 4098 quidem
1826 4032 1989 4086 Deum

427 4131 547 4169 esse
576 4114 810 4169 .l‘atrem
867 4116 1073 4169 Domini
1117 4118 1281 4169 nostri
1327 4115 1451 4169 .lcsu
1501 4117 1725 4181 Christi,
1777 4127 1833 4170 et
1884 4120 1988 4173 non

421 4207 650 4274 justum,
679 4208 882 4276 justum
936 4222 1061 4262 vero
1109 4208 1243 4277 legis
1288 4217 1343 4262 et
1383 4208 1765 4278 prophetarum
1800 4210 1988 4279 Deum,

428 4314 528 4355 nec
556 4311 731 4355 tamen
751 4301 950 4355 bonum
973 4318 986 4367 ;
1019 4300 1146 4353 huic
1168 4300 1449 4369 quzestioni
1483 4300 1808 4369 respondere
1828 4316 1986 4369 quam

2100 3119 2307 3171 terdum
2350 3118 2515 3173 multo
2548 3119 2808 3186 nequiora
2836 3129 2890 3174 et
2930 3120 3244 3174 scelestiora
3278 3126 3539 3177 committi
3563 3124 3665 3177 lla-

2096 3210 2222 3279 gitia
2251 3226 2411 3279 quam
2458 3209 2658 3266 fuerint
2700 3212 2787 3265 illa
2838 3228 2936 3281 pro
2984 3214 3181 3288 quibus
3221 3216 3273 3268 hi
3320 3231 3456 3284 quos
3502 3232 3664 3286 supra

2094 3300 2333 3353 diximus
2384 3299 2687 3371 interempti
2743 3314 2886 3369 sunt,
2917 3307 3153 3357 nondum
3202 3312 3379 3358 tamen
3422 3306 3665 3361 videmus

2000 3442 2001 3445 η
2095 3405 2530 3459 unumquemque
2547 3392 2883 3459 peccantium
2908 3406 3121 3462 ptenam
3147 3392 3291 3447 luere
3314 3395 3663 3459 meritorum;

2096 3481 2461 3549 nunquidnam
2508 3482 2705 3535 bonum
2752 3480 2933 3535 dicent
2965 3482 3076 3553 (77)
3120 3482 3369 3537 effectum
3414 3498 3538 3538 eum
3572 3487 3668 3555 qui

2094 3572 2383 3642 aliquando
2418 3573 2597 3639 justus
2639 3572 2795 3630 erat?
2831 3572 2913 3626 An
2969 3575 3146 3641 potius
3201 3575 3327 3629 illud
3383 3577 3667 3646 putabunt,

2094 3667 2235 3732 quod
2258 3666 2438 3731 justus
2468 3664 2684 3732 quidem
2709 3672 2791 3719 est
2818 3680 2984 3731 nunc,
3018 3665 3110 3719 sed
3136 3666 3404 3734 patienter
3428 3666 3530 3721 fert
3563 3669 3667 3721 hu-

2094 3771 2252 3809 mana
2285 3756 2501 3820 delicta,
2539 3766 2666 3811 tunc
2699 3772 2825 3811 vero
2859 3755 3157 3823 necjustus
3191 3759 3408 3826 quidem
3435 3768 3551 3813 erat
3573 3761 3666 3827 qui

2094 3848 2412 3901 innocentes
2446 3848 2701 3915 parvulos
2732 3857 2788 3901 et
2832 3849 3093 3904 lactentes
3131 3850 3289 3903 simul
3323 3835 3443 3903 cum
3476 3850 3669 3903 imma-

2094 3937 2249 3990 nibus
2279 3946 2334 3991 et
2374 3938 2554 4005 impiis
2589 3937 2895 4007 gigantibus
2935 3937 3046 4007 (78)
3095 3939 3513 4007 exstinguebat?
3560 3940 3665 3993 Sed

2094 4029 2206 4081 haec
2232 4030 2300 4081 ita
2346 4030 2620 4091 sentiunt,
2670 4030 2793 4097 quia
2843 4030 2975 4083 nihil
3010 4030 3200 4085 audire
3243 4030 3385 4084 ultra
3430 4031 3665 4085 litteram

2097 4129 2324 4186 norunt;
2352 4120 2587 4189 alioquin
2625 4120 2912 4175 ostendant
2941 4121 3208 4189 quomodo
3230 4119 3437 4188 justum
3465 4129 3547 4189 est
3580 4136 3666 4176 se-

2091 4206 2325 4269 cundum
2358 4213 2613 4278 litteram,
2643 4216 2697 4267 in
2729 4212 2939 4266 tertiam
2977 4221 3030 4264 et
3070 4221 3316 4281 quartam
3346 4212 3662 4281 progeniem

2095 4314 2375 4374 parentum
2409 4304 2557 4358 reddi
2592 4314 2812 4372 peccata
2842 4303 2893 4357 in
2929 4302 3105 4357 sinum
3132 4302 3384 4364 filiorum,
3414 4311 3468 4355 et
3500 4301 3552 4354 in
3594 4302 3659 4354 ti-

426 4395 651 4453 potuero
686 4385 927 4440 breviter
959 4387 1321 4442 necessarium
1352 4398 1495 4456 puto.
1529 4386 1855 4443 Existimant
1889 4391 1989 4459 igi-
2019 4368 2063 4422 D
2092 4368 2554 4467 lioruntipsorum
2592 4368 2740 4448 filios
2764 4402 2884 4461 post
2928 4393 3072 4461 ipsos
3115 4391 3181 4443 ’³.
3207 4392 3250 4444 Α
3280 4390 3438 4443 nobis
3479 4397 3660 4442 autem

430 4489 518 4531 tur
546 4478 841 4533 bonitatem
879 4478 1125 4535 affectum
1157 4480 1312 4535 talem
1349 4483 1633 4550 quemdam
1661 4498 1783 4538 esse
1803 4522 1819 4545 ,
1848 4486 1990 4554 quod

429 4569 568 4621 bene
602 4569 717 4621 fleri
748 4571 997 4623 omnibus
1033 4572 1225 4625 debeat
1251 4572 1361 4640 87
1389 4573 1601 4627 etiamsi
1636 4573 1889 4642 indiguus
1920 4578 1992 4630 sit

432 4658 478 4708 is
528 4657 611 4709 cui
661 4657 980 4711 beneficium
1031 4661 1142 4727 (7i)
1175 4660 1368 4721 datur,
1418 4676 1514 4714 nec
1561 4661 1697 4717 bene
1733 4667 1988 4735 consequi

433 4756 706 4800 mereatur
728 4763 743 4811 ;
765 4750 879 4811 sed,
918 4759 974 4802 ttt
1003 4751 1131 4802 mihi
1166 4749 1396 4811 videtur,
1432 4764 1536 4802 non
1566 4761 1714 4805 recte
1747 4756 1826 4821 usi
1865 4766 1992 4810 sunt

536 4843 582 4873 ⁸⁸
629 4842 818 4896 Matth.
848 4859 924 4906 XI,
951 4844 1041 4895 2'7.

438 4909 485 4939 ⁸⁵
552 4912 745 4965 Ezech.
783 4928 935 4977 xvm,
966 4915 1018 4967 ὅ.

502 5003 610 5073 (69)
643 5002 743 5057 Sed
773 5022 921 5058 nemo
952 5008 1087 5059 novit
1123 5004 1333 5060 Patrem
1376 5006 1477 5061 nisi
1510 5005 1706 5059 Filius.
1768 5008 1992 5063 Deside-

432 5082 620 5126 rantur
672 5073 723 5128 in
771 5086 925 5129 antea
960 5076 1119 5129 editis
1146 5115 1159 5140 ,
1209 5077 1301 5131 sed
1353 5077 1404 5130 in
1434 5076 1687 5131 omnibus
1720 5077 1990 5132 habentur

431 5158 613 5282 ms($7.0)
643 5211 718 5282 ita
750 5228 880 5267 mss.
916 5213 1069 5270 Libb.
1109 5214 1257 5278 editi,
1299 5234 1316 5266 ι
1361 5214 1650 5269 sentiendi.
1691 5234 1710 5266 ι

502 5281 614 5349 (71)
646 5281 795 5343 Libb.
834 5285 987 5343 editi.
1020 5302 1037 5335 ι
1074 5284 1242 5340 iratus
1270 5285 1531 5338 Dominus
1556 5283 1819 5337 dicitur...
1846 5286 1985 5339 male

429 5353 798 5417 perdidisse...
858 5354 1143 5425 redderent
1218 5357 1264 5408 ei
1324 5354 1548 5407 fructus.
1591 5372 1610 5405 ι
1648 5354 1774 5408 Mss.
1827 5366 1883 5407 ut
1930 5354 2003 5406 in~

427 5432 612 5475 11051.Γο
640 5432 807 5476 ιθχιυ.

499 5492 611 5560 (72)
644 5492 718 5546 Ita
752 5507 879 5547 mss.
917 5492 1097 5555 Alias,
1134 5512 1152 5543 ι
1197 5493 1489 5561 ingressus.
1528 5511 1547 5545 ι
1581 5491 1781 5545 Ibidem
1824 5504 1982 5561 mss.,

431 5576 452 5609 ι
484 5559 605 5637 igne
633 5563 922 5637 consumit.
962 5562 1172 5637 )_Libb.
1206 5559 1365 5629 editi,
1404 5581 1421 5637 ς
1460 5563 1581 5631 igne
1616 5559 1886 5637 consumi.
1925 5576 1942 5607 ι

489 5627 600 5697 (75)
634 5630 696 5684 In
726 5647 825 5700 quo
857 5634 951 5686 ait.
986 5627 1371 5697 Desiderantur
1408 5634 1459 5687 in
1483 5627 1648 5685 antea
1679 5629 1862 5691 editis,
1887 5627 1983 5681 sed

428 5696 691 5753 habentur
724 5696 775 5763 in
802 5716 930 5758 mss.
1337 5700 1343 5707 ’

1118 4844 1162 4875 ⁸⁹
1196 4843 1389 4898 Matth.
1432 4860 1521 4897 xx.
1595 4845 1641 4876 ⁹⁰
1682 4844 1816 4901 Luc.
1874 4865 1987 4918 XIX,
2038 4854 2117 4906 14.

2090 4489 2214 4541 talia
2246 4489 2345 4540 ista
2380 4501 2483 4540 non
2527 4486 2822 4539 secundum
2853 4484 3087 4537 litteram
3122 4481 3509 4550 intelliguntur.
3568 4480 3664 4533 sed

2089 4579 2227 4632 sicut
2251 4576 2499 4629 Ezechiel
2529 4575 2711 4628 docuit
2739 4574 3057 4643 parabolam
3088 4587 3207 4627 eam
3252 4572 3437 4625 dicens
3463 4570 3531 4632 ”,
3578 4585 3665 4624 re-

2088 4669 2353 4736 quirimus
2373 4666 2501 4732 quid
2527 4664 2793 4732 significet
2824 4665 3090 4716 introrsus
3117 4661 3228 4729 ipsa
3258 4661 3535 4730 parabola.
3558 4659 3664 4714 Sed

2089 4769 2142 4811 et
2170 4757 2296 4811 illud
2322 4754 2519 4808 debent
2570 4754 2881 4817 ostendere,
2934 4754 3207 4821 quomodo
3244 4752 3422 4821 justus
3464 4751 3557 4813 sit,
3607 4766 3664 4811 et

2222 4850 2265 4881 "
2291 4847 2427 4904 Psal.
2465 4862 2523 4912 II,
2548 4847 2602 4901 5.
2678 4849 2723 4887 ι’
2752 4846 2888 4900 Gen.
2926 4860 3021 4911 vn,
3060 4844 3146 4900 19.
3220 4846 3266 4877 ⁸³
3314 4846 3471 4899 Deut.
3507 4862 3557 4908 v,
3587 4845 3646 4899 9.

2170 5002 2280 5076 (7i)
2322 5001 2475 5068 Mss.,
2511 5020 2530 5052 ι
2570 4999 2915 5056 beneﬁcium.
2966 5016 2984 5049 ι
3035 4997 3192 5053 Libb.
3226 4996 3380 5063 editi,
3431 5014 3450 5048 ι
3500 4997 3665 5053 bene-

2096 5075 2523 5212 ΐῦίξὲυέῗῗοὶζηηεε.
2562 5138 2652 5192 Sic
2684 5152 2814 5192 mss.
2840 5155 2853 5203 ;
2878 5134 3093 5212 _ed_iti,‘«
3119 5135 3355 5212 _mortui.
3404 5154 3423 5186 ι
3454 5134 3661 5212 ibidem

1997 5216 2006 5226 ‘
2093 5204 2225 5265 libb.
2248 5204 2401 5273 editi,
2431 5228 2449 5259 ι
2490 5218 2685 5262 terram
2719 5205 3092 5275 promissionis
3118 5205 3363 5258 intrasse.
3403 5222 3421 5254 ι
3452 5204 3578 5261 Mss.
3605 5214 3664 5259 ut

2092 5282 2145 5333 in
2188 5287 2372 5333 nostro
2406 5287 2574 5330 textu.

2114 5342 2117 5347 ’
2163 5348 2272 5418 (76)
2320 5343 2443 5418 Non
2489 5347 2646 5418 etiam
2703 5344 2912 5397 bonum.
2967 5339 3043 5394 lla
3092 5356 3263 5408 mss.;
3320 5340 3469 5411 libb.
3506 5340 3665 5407 editi,

2096 5436 2114 5468 ε
2156 5416 2204 5471 et
2232 5433 2334 5468 non
2366 5416 2536 5468 solum
2568 5417 2786 5466 bouttm.
2829 5432 2848 5464 ι

2186 5485 2272 5554 77)
2306 5484 2455 5554 illss.,
2493 5484 2740 5554 rdicent.
2784 5501 2802 5532 ι
2840 5481 2998 5554 Editi,
3035 5480 3296 5554 indicunt.
3327 5496 3345 5530 ι

2186 5488 2272 5554 77)
2306 5488 2455 5549 Mss.,
2493 5502 2510 5532 ιι
2542 5488 2740 5535 dicent.
2784 5501 2802 5532 ι
2840 5488 2998 5546 Editi,
3035 5500 3052 5530 ε
3089 5488 3289 5532 dicunt.
3327 5496 3345 5530 ι

2161 5488 2648 5627 (78)(Σὶ9αηιὶὺαε.
2690 5551 2846 5627 Deest
2890 5550 2945 5627 in
2994 5550 3170 5611 editis,
3205 5545 3537 5627 sed'halbetr

2091 5615 2221 5678 mss.
2253 5615 2404 5674 'Mox
2458 5634 2611 5682 mss.,
2650 5638 2667 5670 ι
2723 5620 2860 5672 ultra
2911 5618 3167 5674 litteram.
3222 5635 3240 5666 ι
3304 5615 3455 5670 Libb.

2093 5713 2112 5746 ε
2154 5702 2347 5759 pra:le
2382 5691 2629 5742 litteram.
2666 5708 2684 5739 ι
