  <div class='ocr_page' id='page_1' title='image "/cluster/home/n/w/nwhite01/storage/ocr_20150623/11/mdp.39015013266690/116.png"; bbox 0 0 4014 6142; ppageno 0'>
   <div class='ocr_carea' id='block_1_1' title="bbox 420 204 521 260">
    <p class='ocr_par' dir='ltr' id='par_1_1' title="bbox 420 204 521 260">
     <span class='ocr_line' id='line_1_1' title="bbox 420 204 521 260; baseline 0.03 -3"><span class='ocrx_word' id='word_1_1' title='bbox 420 204 521 260; x_wconf 75' lang='lat'><strong>205</strong></span> 
     </span>
    </p>
   </div>
   <div class='ocr_carea' id='block_1_2' title="bbox 413 332 1979 428">
    <p class='ocr_par' dir='ltr' id='par_1_2' title="bbox 413 332 1979 428">
     <span class='ocr_line' id='line_1_2' title="bbox 413 332 1979 428; baseline 0.029 -50"><span class='ocrx_word' id='word_1_2' title='bbox 413 342 505 394; x_wconf 88' lang='lat' dir='ltr'><strong>pro</strong></span> <span class='ocrx_word' id='word_1_3' title='bbox 533 332 746 388; x_wconf 90' lang='lat' dir='ltr'><strong>meritis</strong></span> <span class='ocrx_word' id='word_1_4' title='bbox 776 338 1071 411; x_wconf 83' lang='lat' dir='ltr'><strong>unicuique</strong></span> <span class='ocrx_word' id='word_1_5' title='bbox 1120 348 1450 418; x_wconf 86' lang='lat' dir='ltr'><strong>retribuens,</strong></span> <span class='ocrx_word' id='word_1_6' title='bbox 1492 357 1583 425; x_wconf 89' lang='lat' dir='ltr'><strong>qui</strong></span> <span class='ocrx_word' id='word_1_7' title='bbox 1617 363 1770 428; x_wconf 91' lang='lat' dir='ltr'><strong>punit</strong></span> <span class='ocrx_word' id='word_1_8' title='bbox 1810 374 1979 423; x_wconf 84' lang='lat' dir='ltr'><strong>terre-</strong></span> 
     </span>
    </p>
   </div>
   <div class='ocr_carea' id='block_1_3' title="bbox 411 421 1981 515">
    <p class='ocr_par' dir='ltr' id='par_1_3' title="bbox 411 421 1981 515">
     <span class='ocr_line' id='line_1_3' title="bbox 411 421 1981 515; baseline 0.026 -44"><span class='ocrx_word' id='word_1_9' title='bbox 411 433 504 472; x_wconf 88' lang='lat' dir='ltr'><strong>nos</strong></span> <span class='ocrx_word' id='word_1_10' title='bbox 533 430 587 474; x_wconf 91' lang='lat' dir='ltr'><strong>et</strong></span> <span class='ocrx_word' id='word_1_11' title='bbox 607 421 905 493; x_wconf 91' lang='lat' dir='ltr'><strong>diabolum,</strong></span> <span class='ocrx_word' id='word_1_12' title='bbox 931 445 1053 484; x_wconf 87' lang='lat' dir='ltr'><strong>cum</strong></span> <span class='ocrx_word' id='word_1_13' title='bbox 1084 436 1218 490; x_wconf 87' lang='lat' dir='ltr'><strong>nihil</strong></span> <span class='ocrx_word' id='word_1_14' title='bbox 1245 439 1464 509; x_wconf 83' lang='lat' dir='ltr'><strong>dignum</strong></span> <span class='ocrx_word' id='word_1_15' title='bbox 1508 461 1663 515; x_wconf 72' lang='lat' dir='ltr'><strong>paena</strong></span> <span class='ocrx_word' id='word_1_16' title='bbox 1695 458 1981 512; x_wconf 84' lang='lat' dir='ltr'><strong>commise-</strong></span> 
     </span>
    </p>
   </div>
   <div class='ocr_carea' id='block_1_4' title="bbox 406 505 1979 601">
    <p class='ocr_par' dir='ltr' id='par_1_4' title="bbox 406 505 1979 601">
     <span class='ocr_line' id='line_1_4' title="bbox 406 505 1979 601; baseline 0.03 -47"><span class='ocrx_word' id='word_1_17' title='bbox 406 505 527 558; x_wconf 85' lang='lat' dir='ltr'><strong>rint.</strong></span> <span class='ocrx_word' id='word_1_18' title='bbox 555 507 672 564; x_wconf 86' lang='lat' dir='ltr'><strong>Non</strong></span> <span class='ocrx_word' id='word_1_19' title='bbox 705 515 849 567; x_wconf 89' lang='lat' dir='ltr'><strong>enim</strong></span> <span class='ocrx_word' id='word_1_20' title='bbox 881 531 1136 583; x_wconf 83' lang='lat' dir='ltr'><strong>poterant</strong></span> <span class='ocrx_word' id='word_1_21' title='bbox 1171 525 1241 592; x_wconf 90' lang='lat' dir='ltr'><strong>(si</strong></span> <span class='ocrx_word' id='word_1_22' title='bbox 1270 534 1566 589; x_wconf 89' lang='lat' dir='ltr'><strong>secundum</strong></span> <span class='ocrx_word' id='word_1_23' title='bbox 1608 540 1742 595; x_wconf 87' lang='lat' dir='ltr'><strong>istos</strong></span> <span class='ocrx_word' id='word_1_24' title='bbox 1773 554 1979 601; x_wconf 79' lang='lat' dir='ltr'><strong>naturae</strong></span> 
     </span>
    </p>
   </div>
   <div class='ocr_carea' id='block_1_5' title="bbox 400 595 1978 698">
    <p class='ocr_par' dir='ltr' id='par_1_5' title="bbox 400 595 1978 698">
     <span class='ocr_line' id='line_1_5' title="bbox 400 595 1978 698; baseline 0.031 -55"><span class='ocrx_word' id='word_1_25' title='bbox 400 595 554 649; x_wconf 68' lang='lat' dir='ltr'><strong>mala:</strong></span> <span class='ocrx_word' id='word_1_26' title='bbox 585 606 641 651; x_wconf 91' lang='lat' dir='ltr'><strong>et</strong></span> <span class='ocrx_word' id='word_1_27' title='bbox 682 605 903 668; x_wconf 72' lang='lat' dir='ltr'><strong>perditae</strong></span> <span class='ocrx_word' id='word_1_28' title='bbox 941 611 1118 679; x_wconf 90' lang='lat' dir='ltr'><strong>erant)</strong></span> <span class='ocrx_word' id='word_1_29' title='bbox 1152 614 1355 683; x_wconf 89' lang='lat' dir='ltr'><strong>aliquid</strong></span> <span class='ocrx_word' id='word_1_30' title='bbox 1393 624 1515 677; x_wconf 87' lang='lat' dir='ltr'><strong>boni</strong></span> <span class='ocrx_word' id='word_1_31' title='bbox 1552 641 1730 698; x_wconf 90' lang='lat' dir='ltr'><strong>agere.</strong></span> <span class='ocrx_word' id='word_1_32' title='bbox 1762 632 1893 687; x_wconf 84' lang='lat' dir='ltr'><strong>Nam</strong></span> <span class='ocrx_word' id='word_1_33' title='bbox 1924 647 1978 692; x_wconf 90' lang='lat' dir='ltr'><strong>et</strong></span> 
     </span>
    </p>
   </div>
   <div class='ocr_carea' id='block_1_6' title="bbox 395 687 1972 793">
    <p class='ocr_par' dir='ltr' id='par_1_6' title="bbox 395 687 1972 793">
     <span class='ocr_line' id='line_1_6' title="bbox 395 687 1972 793; baseline 0.03 -60"><span class='ocrx_word' id='word_1_34' title='bbox 395 687 539 751; x_wconf 89' lang='lat' dir='ltr'><strong>quod</strong></span> <span class='ocrx_word' id='word_1_35' title='bbox 565 690 803 752; x_wconf 71' lang='lat' dir='ltr'><strong>judicent</strong></span> <span class='ocrx_word' id='word_1_36' title='bbox 838 711 958 750; x_wconf 93' lang='lat' dir='ltr'><strong>eum</strong></span> <span class='ocrx_word' id='word_1_37' title='bbox 989 700 1194 770; x_wconf 92' lang='lat' dir='ltr'><strong>dicunt,</strong></span> <span class='ocrx_word' id='word_1_38' title='bbox 1215 721 1320 761; x_wconf 89' lang='lat' dir='ltr'><strong>non</strong></span> <span class='ocrx_word' id='word_1_39' title='bbox 1353 719 1457 766; x_wconf 92' lang='lat' dir='ltr'><strong>tam</strong></span> <span class='ocrx_word' id='word_1_40' title='bbox 1481 728 1774 787; x_wconf 84' lang='lat' dir='ltr'><strong>gestorum,</strong></span> <span class='ocrx_word' id='word_1_41' title='bbox 1809 739 1972 793; x_wconf 91' lang='lat' dir='ltr'><strong>quam</strong></span> 
     </span>
    </p>
   </div>
   <div class='ocr_carea' id='block_1_7' title="bbox 395 784 1975 872">
    <p class='ocr_par' dir='ltr' id='par_1_7' title="bbox 395 784 1975 872">
     <span class='ocr_line' id='line_1_7' title="bbox 395 784 1975 872; baseline 0.03 -47"><span class='ocrx_word' id='word_1_42' title='bbox 395 784 897 852; x_wconf 81' lang='lat' dir='ltr'><strong>naturarumjudex</strong></span> <span class='ocrx_word' id='word_1_43' title='bbox 922 791 1153 862; x_wconf 89' lang='lat' dir='ltr'><strong>videtur;</strong></span> <span class='ocrx_word' id='word_1_44' title='bbox 1176 801 1373 869; x_wconf 83' lang='lat' dir='ltr'><strong>quippe</strong></span> <span class='ocrx_word' id='word_1_45' title='bbox 1388 804 1431 856; x_wconf 91' lang='lat' dir='ltr'><strong>si</strong></span> <span class='ocrx_word' id='word_1_46' title='bbox 1451 816 1638 862; x_wconf 85' lang='lat' dir='ltr'><strong>natura</strong></span> <span class='ocrx_word' id='word_1_47' title='bbox 1664 814 1800 867; x_wconf 88' lang='lat' dir='ltr'><strong>mala</strong></span> <span class='ocrx_word' id='word_1_48' title='bbox 1821 817 1975 872; x_wconf 84' lang='lat' dir='ltr'><strong>bene-</strong></span> 
     </span>
    </p>
   </div>
   <div class='ocr_carea' id='block_1_8' title="bbox 388 863 1966 962">
    <p class='ocr_par' dir='ltr' id='par_1_8' title="bbox 388 863 1966 962">
     <span class='ocr_line' id='line_1_8' title="bbox 388 863 1966 962; baseline 0.029 -46"><span class='ocrx_word' id='word_1_49' title='bbox 388 863 572 923; x_wconf 78' lang='lat' dir='ltr'><strong>facere</strong></span> <span class='ocrx_word' id='word_1_50' title='bbox 603 887 707 926; x_wconf 93' lang='lat' dir='ltr'><strong>non</strong></span> <span class='ocrx_word' id='word_1_51' title='bbox 734 889 934 946; x_wconf 89' lang='lat' dir='ltr'><strong>potest,</strong></span> <span class='ocrx_word' id='word_1_52' title='bbox 971 900 1068 941; x_wconf 89' lang='lat' dir='ltr'><strong>nec</strong></span> <span class='ocrx_word' id='word_1_53' title='bbox 1096 889 1235 943; x_wconf 89' lang='lat' dir='ltr'><strong>bona</strong></span> <span class='ocrx_word' id='word_1_54' title='bbox 1269 895 1424 949; x_wconf 89' lang='lat' dir='ltr'><strong>male.</strong></span> <span class='ocrx_word' id='word_1_55' title='bbox 1457 897 1591 953; x_wconf 93' lang='lat' dir='ltr'><strong>Tum</strong></span> <span class='ocrx_word' id='word_1_56' title='bbox 1621 904 1814 960; x_wconf 88' lang='lat' dir='ltr'><strong>deinde</strong></span> <span class='ocrx_word' id='word_1_57' title='bbox 1842 922 1966 962; x_wconf 91' lang='lat' dir='ltr'><strong>eum</strong></span> 
     </span>
    </p>
   </div>
   <div class='ocr_carea' id='block_1_9' title="bbox 386 962 1965 1064">
    <p class='ocr_par' dir='ltr' id='par_1_9' title="bbox 386 962 1965 1064">
     <span class='ocr_line' id='line_1_9' title="bbox 386 962 1965 1064; baseline 0.028 -53"><span class='ocrx_word' id='word_1_58' title='bbox 386 969 551 1024; x_wconf 83' lang='lat' dir='ltr'><strong>quem</strong></span> <span class='ocrx_word' id='word_1_59' title='bbox 587 962 783 1019; x_wconf 91' lang='lat' dir='ltr'><strong>bonum</strong></span> <span class='ocrx_word' id='word_1_60' title='bbox 826 972 1027 1042; x_wconf 88' lang='lat' dir='ltr'><strong>dicunt,</strong></span> <span class='ocrx_word' id='word_1_61' title='bbox 1071 980 1115 1032; x_wconf 93' lang='lat' dir='ltr'><strong>si</strong></span> <span class='ocrx_word' id='word_1_62' title='bbox 1157 984 1223 1036; x_wconf 89' lang='lat' dir='ltr'><strong>ad</strong></span> <span class='ocrx_word' id='word_1_63' title='bbox 1257 1000 1446 1042; x_wconf 92' lang='lat' dir='ltr'><strong>omnes</strong></span> <span class='ocrx_word' id='word_1_64' title='bbox 1480 991 1655 1049; x_wconf 86' lang='lat' dir='ltr'><strong>bonus</strong></span> <span class='ocrx_word' id='word_1_65' title='bbox 1687 1005 1791 1064; x_wconf 88' lang='lat' dir='ltr'><strong>est,</strong></span> <span class='ocrx_word' id='word_1_66' title='bbox 1844 1001 1965 1056; x_wconf 89' lang='lat' dir='ltr'><strong>sine</strong></span> 
     </span>
    </p>
   </div>
   <div class='ocr_carea' id='block_1_10' title="bbox 383 1045 1965 1160">
    <p class='ocr_par' dir='ltr' id='par_1_10' title="bbox 383 1045 1965 1160">
     <span class='ocr_line' id='line_1_10' title="bbox 383 1045 1965 1160; baseline 0.032 -63"><span class='ocrx_word' id='word_1_67' title='bbox 383 1045 550 1103; x_wconf 88' lang='lat' dir='ltr'><strong>dubio</strong></span> <span class='ocrx_word' id='word_1_68' title='bbox 589 1061 641 1105; x_wconf 90' lang='lat' dir='ltr'><strong>et</strong></span> <span class='ocrx_word' id='word_1_69' title='bbox 667 1056 731 1109; x_wconf 85' lang='lat' dir='ltr'><strong>ad</strong></span> <span class='ocrx_word' id='word_1_70' title='bbox 761 1071 854 1113; x_wconf 86' lang='lat' dir='ltr'><strong>eos</strong></span> <span class='ocrx_word' id='word_1_71' title='bbox 885 1066 973 1131; x_wconf 90' lang='lat' dir='ltr'><strong>qui</strong></span> <span class='ocrx_word' id='word_1_72' title='bbox 1007 1071 1229 1135; x_wconf 80' lang='lat' dir='ltr'><strong>perituri</strong></span> <span class='ocrx_word' id='word_1_73' title='bbox 1259 1086 1384 1129; x_wconf 91' lang='lat' dir='ltr'><strong>sunt</strong></span> <span class='ocrx_word' id='word_1_74' title='bbox 1416 1080 1588 1137; x_wconf 91' lang='lat' dir='ltr'><strong>bonus</strong></span> <span class='ocrx_word' id='word_1_75' title='bbox 1611 1094 1722 1154; x_wconf 86' lang='lat' dir='ltr'><strong>est;</strong></span> <span class='ocrx_word' id='word_1_76' title='bbox 1755 1099 1807 1142; x_wconf 91' lang='lat' dir='ltr'><strong>et</strong></span> <span class='ocrx_word' id='word_1_77' title='bbox 1831 1107 1965 1160; x_wconf 86' lang='lat' dir='ltr'><strong>quo-</strong></span> 
     </span>
    </p>
   </div>
   <div class='ocr_carea' id='block_1_11' title="bbox 381 1143 1961 1239">
    <p class='ocr_par' dir='ltr' id='par_1_11' title="bbox 381 1143 1961 1239">
     <span class='ocr_line' id='line_1_11' title="bbox 381 1143 1961 1239; baseline 0.03 -47"><span class='ocrx_word' id='word_1_78' title='bbox 381 1143 546 1197; x_wconf 86' lang='lat' dir='ltr'><strong>modo</strong></span> <span class='ocrx_word' id='word_1_79' title='bbox 577 1161 682 1200; x_wconf 90' lang='lat' dir='ltr'><strong>non</strong></span> <span class='ocrx_word' id='word_1_80' title='bbox 708 1164 801 1205; x_wconf 90' lang='lat' dir='ltr'><strong>eos</strong></span> <span class='ocrx_word' id='word_1_81' title='bbox 824 1156 1032 1211; x_wconf 82' lang='lat' dir='ltr'><strong>salvat?</strong></span> <span class='ocrx_word' id='word_1_82' title='bbox 1072 1159 1127 1215; x_wconf 90' lang='lat' dir='ltr'><strong>Si</strong></span> <span class='ocrx_word' id='word_1_83' title='bbox 1164 1180 1268 1219; x_wconf 93' lang='lat' dir='ltr'><strong>non</strong></span> <span class='ocrx_word' id='word_1_84' title='bbox 1295 1170 1429 1235; x_wconf 88' lang='lat' dir='ltr'><strong>vult,</strong></span> <span class='ocrx_word' id='word_1_85' title='bbox 1454 1172 1566 1239; x_wconf 86' lang='lat' dir='ltr'><strong>jam</strong></span> <span class='ocrx_word' id='word_1_86' title='bbox 1602 1193 1708 1231; x_wconf 91' lang='lat' dir='ltr'><strong>non</strong></span> <span class='ocrx_word' id='word_1_87' title='bbox 1736 1184 1838 1236; x_wconf 90' lang='lat' dir='ltr'><strong>erit</strong></span> <span class='ocrx_word' id='word_1_88' title='bbox 1868 1185 1961 1238; x_wconf 92' lang='lat' dir='ltr'><strong>bo-</strong></span> 
     </span>
    </p>
   </div>
   <div class='ocr_carea' id='block_1_12' title="bbox 378 1235 1955 1327">
    <p class='ocr_par' dir='ltr' id='par_1_12' title="bbox 378 1235 1955 1327">
     <span class='ocr_line' id='line_1_12' title="bbox 378 1235 1955 1327; baseline 0.029 -46"><span class='ocrx_word' id='word_1_89' title='bbox 378 1245 520 1295; x_wconf 83' lang='lat' dir='ltr'><strong>nus;</strong></span> <span class='ocrx_word' id='word_1_90' title='bbox 565 1235 607 1287; x_wconf 90' lang='lat' dir='ltr'><strong>si</strong></span> <span class='ocrx_word' id='word_1_91' title='bbox 640 1238 750 1291; x_wconf 90' lang='lat' dir='ltr'><strong>vult</strong></span> <span class='ocrx_word' id='word_1_92' title='bbox 784 1250 834 1294; x_wconf 90' lang='lat' dir='ltr'><strong>et</strong></span> <span class='ocrx_word' id='word_1_93' title='bbox 887 1259 992 1299; x_wconf 95' lang='lat' dir='ltr'><strong>non</strong></span> <span class='ocrx_word' id='word_1_94' title='bbox 1043 1259 1250 1319; x_wconf 79' lang='lat' dir='ltr'><strong>potest,</strong></span> <span class='ocrx_word' id='word_1_95' title='bbox 1298 1261 1642 1327; x_wconf 84' lang='lat' dir='ltr'><strong>omnipotens</strong></span> <span class='ocrx_word' id='word_1_96' title='bbox 1692 1282 1799 1322; x_wconf 90' lang='lat' dir='ltr'><strong>non</strong></span> <span class='ocrx_word' id='word_1_97' title='bbox 1831 1266 1955 1326; x_wconf 86' lang='lat' dir='ltr'><strong>erit.</strong></span> 
     </span>
    </p>
   </div>
   <div class='ocr_carea' id='block_1_13' title="bbox 375 1320 1956 1417">
    <p class='ocr_par' dir='ltr' id='par_1_13' title="bbox 375 1320 1956 1417">
     <span class='ocr_line' id='line_1_13' title="bbox 375 1320 1956 1417; baseline 0.028 -46"><span class='ocrx_word' id='word_1_98' title='bbox 375 1320 518 1385; x_wconf 88' lang='lat' dir='ltr'><strong>Quin</strong></span> <span class='ocrx_word' id='word_1_99' title='bbox 567 1328 990 1407; x_wconf 69' lang='lat' dir='ltr'><strong>potiusaudiant</strong></span> <span class='ocrx_word' id='word_1_100' title='bbox 1041 1339 1094 1392; x_wconf 92' lang='lat' dir='ltr'><strong>in</strong></span> <span class='ocrx_word' id='word_1_101' title='bbox 1145 1341 1449 1414; x_wconf 84' lang='lat' dir='ltr'><strong>Evangeliis</strong></span> <span class='ocrx_word' id='word_1_102' title='bbox 1483 1350 1697 1408; x_wconf 83' lang='lat' dir='ltr'><strong>Patrem</strong></span> <span class='ocrx_word' id='word_1_103' title='bbox 1744 1356 1956 1417; x_wconf 85' lang='lat' dir='ltr'><strong>Domini</strong></span> 
     </span>
    </p>
   </div>
   <div class='ocr_carea' id='block_1_14' title="bbox 373 1413 1955 1505">
    <p class='ocr_par' dir='ltr' id='par_1_14' title="bbox 373 1413 1955 1505">
     <span class='ocr_line' id='line_1_14' title="bbox 373 1413 1955 1505; baseline 0.028 -44"><span class='ocrx_word' id='word_1_104' title='bbox 373 1414 548 1465; x_wconf 90' lang='lat' dir='ltr'><strong>nostri</strong></span> <span class='ocrx_word' id='word_1_105' title='bbox 584 1413 707 1470; x_wconf 85' lang='lat' dir='ltr'><strong>Jesu</strong></span> <span class='ocrx_word' id='word_1_106' title='bbox 731 1420 955 1488; x_wconf 75' lang='lat' dir='ltr'><strong>_Christi</strong></span> <span class='ocrx_word' id='word_1_107' title='bbox 993 1428 1167 1496; x_wconf 83' lang='lat' dir='ltr'><strong>ignem</strong></span> <span class='ocrx_word' id='word_1_108' title='bbox 1201 1447 1594 1502; x_wconf 83' lang='lat' dir='ltr'><strong>praeparantem</strong></span> <span class='ocrx_word' id='word_1_109' title='bbox 1642 1445 1852 1503; x_wconf 86' lang='lat' dir='ltr'><strong>diabolo</strong></span> <span class='ocrx_word' id='word_1_110' title='bbox 1900 1460 1955 1505; x_wconf 88' lang='lat' dir='ltr'><strong>et</strong></span> 
     </span>
    </p>
   </div>
   <div class='ocr_carea' id='block_1_15' title="bbox 368 1503 1951 1605">
    <p class='ocr_par' dir='ltr' id='par_1_15' title="bbox 368 1503 1951 1605">
     <span class='ocr_line' id='line_1_15' title="bbox 368 1503 1951 1605; baseline 0.027 -53"><span class='ocrx_word' id='word_1_111' title='bbox 368 1503 585 1573; x_wconf 89' lang='lat' dir='ltr'><strong>angelis</strong></span> <span class='ocrx_word' id='word_1_112' title='bbox 613 1508 728 1576; x_wconf 87' lang='lat' dir='ltr'><strong>ejus</strong></span> <span class='ocrx_word' id='word_1_113' title='bbox 762 1513 827 1566; x_wconf 78' lang='lat'><strong>&quot;.</strong></span> <span class='ocrx_word' id='word_1_114' title='bbox 858 1515 923 1567; x_wconf 85' lang='lat' dir='ltr'><strong>Et</strong></span> <span class='ocrx_word' id='word_1_115' title='bbox 952 1524 1220 1584; x_wconf 89' lang='lat' dir='ltr'><strong>quomodo</strong></span> <span class='ocrx_word' id='word_1_116' title='bbox 1250 1524 1390 1579; x_wconf 82' lang='lat' dir='ltr'><strong>istud</strong></span> <span class='ocrx_word' id='word_1_117' title='bbox 1430 1544 1566 1597; x_wconf 91' lang='lat' dir='ltr'><strong>opus</strong></span> <span class='ocrx_word' id='word_1_118' title='bbox 1592 1544 1698 1587; x_wconf 87' lang='lat' dir='ltr'><strong>tam</strong></span> <span class='ocrx_word' id='word_1_119' title='bbox 1734 1541 1951 1605; x_wconf 79' lang='lat' dir='ltr'><strong>pteuale</strong></span> 
     </span>
    </p>
   </div>
   <div class='ocr_carea' id='block_1_16' title="bbox 367 1599 1943 1697">
    <p class='ocr_par' dir='ltr' id='par_1_16' title="bbox 367 1599 1943 1697">
     <span class='ocr_line' id='line_1_16' title="bbox 367 1599 1943 1697; baseline 0.027 -53"><span class='ocrx_word' id='word_1_120' title='bbox 367 1608 537 1661; x_wconf 86' lang='lat' dir='ltr'><strong>quam</strong></span> <span class='ocrx_word' id='word_1_121' title='bbox 574 1599 723 1653; x_wconf 85' lang='lat' dir='ltr'><strong>triste</strong></span> <span class='ocrx_word' id='word_1_122' title='bbox 767 1606 1064 1660; x_wconf 90' lang='lat' dir='ltr'><strong>secundum</strong></span> <span class='ocrx_word' id='word_1_123' title='bbox 1107 1624 1330 1666; x_wconf 84' lang='lat' dir='ltr'><strong>sensum</strong></span> <span class='ocrx_word' id='word_1_124' title='bbox 1381 1616 1609 1676; x_wconf 90' lang='lat' dir='ltr'><strong>istorum</strong></span> <span class='ocrx_word' id='word_1_125' title='bbox 1656 1599 1774 1697; x_wconf 70' lang='grc' dir='ltr'>(Ἱὸ)</span> <span class='ocrx_word' id='word_1_126' title='bbox 1821 1630 1943 1686; x_wconf 90' lang='lat' dir='ltr'><strong>boni</strong></span> 
     </span>
    </p>
   </div>
   <div class='ocr_carea' id='block_1_17' title="bbox 362 1688 2019 1781">
    <p class='ocr_par' dir='ltr' id='par_1_17' title="bbox 362 1688 2019 1781">
     <span class='ocr_line' id='line_1_17' title="bbox 362 1688 2019 1781; baseline 0.025 -41"><span class='ocrx_word' id='word_1_127' title='bbox 362 1688 464 1741; x_wconf 89' lang='lat' dir='ltr'><strong>Dei</strong></span> <span class='ocrx_word' id='word_1_128' title='bbox 502 1693 802 1747; x_wconf 82' lang='lat' dir='ltr'><strong>videbitur?</strong></span> <span class='ocrx_word' id='word_1_129' title='bbox 832 1697 936 1751; x_wconf 86' lang='lat' dir='ltr'><strong>Sed</strong></span> <span class='ocrx_word' id='word_1_130' title='bbox 970 1710 1023 1754; x_wconf 91' lang='lat' dir='ltr'><strong>et</strong></span> <span class='ocrx_word' id='word_1_131' title='bbox 1056 1704 1171 1771; x_wconf 89' lang='lat' dir='ltr'><strong>ipse</strong></span> <span class='ocrx_word' id='word_1_132' title='bbox 1211 1706 1464 1764; x_wconf 77' lang='lat' dir='ltr'><strong>Salvator</strong></span> <span class='ocrx_word' id='word_1_133' title='bbox 1495 1715 1620 1770; x_wconf 93' lang='lat' dir='ltr'><strong>boni</strong></span> <span class='ocrx_word' id='word_1_134' title='bbox 1655 1688 1939 1781; x_wconf 42' lang='lat' dir='ltr'><strong>Dei&#39;Filius</strong></span> <span class='ocrx_word' id='word_1_135' title='bbox 1977 1705 2019 1759; x_wconf 74' lang='grc' dir='ltr'>Β</span> 
     </span>
    </p>
   </div>
   <div class='ocr_carea' id='block_1_18' title="bbox 360 1780 1936 1883">
    <p class='ocr_par' dir='ltr' id='par_1_18' title="bbox 360 1780 1936 1883">
     <span class='ocr_line' id='line_1_18' title="bbox 360 1780 1936 1883; baseline 0.025 -52"><span class='ocrx_word' id='word_1_136' title='bbox 360 1780 419 1833; x_wconf 89' lang='lat' dir='ltr'><strong>in</strong></span> <span class='ocrx_word' id='word_1_137' title='bbox 462 1781 766 1853; x_wconf 88' lang='lat' dir='ltr'><strong>Evangeliis</strong></span> <span class='ocrx_word' id='word_1_138' title='bbox 810 1800 1139 1855; x_wconf 75' lang='lat' dir='ltr'><strong>protestetur</strong></span> <span class='ocrx_word' id='word_1_139' title='bbox 1176 1806 1232 1850; x_wconf 91' lang='lat' dir='ltr'><strong>et</strong></span> <span class='ocrx_word' id='word_1_140' title='bbox 1277 1802 1428 1868; x_wconf 81' lang='lat' dir='ltr'><strong>dicit,</strong></span> <span class='ocrx_word' id='word_1_141' title='bbox 1468 1821 1487 1852; x_wconf 77' lang='grc' dir='ltr'><strong>ι</strong></span> <span class='ocrx_word' id='word_1_142' title='bbox 1532 1808 1656 1874; x_wconf 86' lang='lat' dir='ltr'><strong>quia</strong></span> <span class='ocrx_word' id='word_1_143' title='bbox 1683 1812 1728 1864; x_wconf 90' lang='lat' dir='ltr'><strong>si</strong></span> <span class='ocrx_word' id='word_1_144' title='bbox 1784 1815 1936 1883; x_wconf 87' lang='lat' dir='ltr'><strong>signa</strong></span> 
     </span>
    </p>
   </div>
   <div class='ocr_carea' id='block_1_19' title="bbox 355 1876 1933 1970">
    <p class='ocr_par' dir='ltr' id='par_1_19' title="bbox 355 1876 1933 1970">
     <span class='ocr_line' id='line_1_19' title="bbox 355 1876 1933 1970; baseline 0.027 -48"><span class='ocrx_word' id='word_1_145' title='bbox 355 1882 414 1924; x_wconf 87' lang='lat' dir='ltr'><strong>et</strong></span> <span class='ocrx_word' id='word_1_146' title='bbox 447 1876 687 1946; x_wconf 85' lang='lat' dir='ltr'><strong>prodigia</strong></span> <span class='ocrx_word' id='word_1_147' title='bbox 718 1880 859 1935; x_wconf 82' lang='lat' dir='ltr'><strong>facta</strong></span> <span class='ocrx_word' id='word_1_148' title='bbox 910 1885 1137 1943; x_wconf 83' lang='lat' dir='ltr'><strong>fuissent</strong></span> <span class='ocrx_word' id='word_1_149' title='bbox 1167 1893 1216 1945; x_wconf 91' lang='lat' dir='ltr'><strong>in</strong></span> <span class='ocrx_word' id='word_1_150' title='bbox 1253 1893 1396 1967; x_wconf 77' lang='lat' dir='ltr'><strong>Tyro</strong></span> <span class='ocrx_word' id='word_1_151' title='bbox 1428 1907 1483 1952; x_wconf 90' lang='lat' dir='ltr'><strong>et</strong></span> <span class='ocrx_word' id='word_1_152' title='bbox 1524 1900 1746 1970; x_wconf 88' lang='lat' dir='ltr'><strong>Sidone,</strong></span> <span class='ocrx_word' id='word_1_153' title='bbox 1801 1909 1933 1964; x_wconf 89' lang='lat' dir='ltr'><strong>olim</strong></span> 
     </span>
    </p>
   </div>
   <div class='ocr_carea' id='block_1_20' title="bbox 356 1962 1927 2062">
    <p class='ocr_par' dir='ltr' id='par_1_20' title="bbox 356 1962 1927 2062">
     <span class='ocr_line' id='line_1_20' title="bbox 356 1962 1927 2062; baseline 0.024 -49"><span class='ocrx_word' id='word_1_154' title='bbox 356 1962 414 2015; x_wconf 91' lang='lat' dir='ltr'><strong>in</strong></span> <span class='ocrx_word' id='word_1_155' title='bbox 433 1979 594 2020; x_wconf 84' lang='lat' dir='ltr'><strong>sacco</strong></span> <span class='ocrx_word' id='word_1_156' title='bbox 624 1978 676 2021; x_wconf 90' lang='lat' dir='ltr'><strong>et</strong></span> <span class='ocrx_word' id='word_1_157' title='bbox 702 1970 883 2027; x_wconf 89' lang='lat' dir='ltr'><strong>cinere</strong></span> <span class='ocrx_word' id='word_1_158' title='bbox 909 1978 1155 2035; x_wconf 87' lang='lat' dir='ltr'><strong>sedentes</strong></span> <span class='ocrx_word' id='word_1_159' title='bbox 1181 1986 1551 2050; x_wconf 79' lang='lat' dir='ltr'><strong>ptenitentiam</strong></span> <span class='ocrx_word' id='word_1_160' title='bbox 1571 1993 1807 2062; x_wconf 81' lang='lat' dir='ltr'><strong>egissent</strong></span> <span class='ocrx_word' id='word_1_161' title='bbox 1828 2000 1927 2057; x_wconf 73' lang='grc'><strong>⁸⁸.»</strong></span> 
     </span>
    </p>
   </div>
   <div class='ocr_carea' id='block_1_21' title="bbox 351 2051 1926 2157">
    <p class='ocr_par' dir='ltr' id='par_1_21' title="bbox 351 2051 1926 2157">
     <span class='ocr_line' id='line_1_21' title="bbox 351 2051 1926 2157; baseline 0.025 -53"><span class='ocrx_word' id='word_1_162' title='bbox 351 2051 423 2107; x_wconf 85' lang='grc' dir='ltr'>Ει</span> <span class='ocrx_word' id='word_1_163' title='bbox 453 2070 574 2107; x_wconf 90' lang='lat' dir='ltr'><strong>cum</strong></span> <span class='ocrx_word' id='word_1_164' title='bbox 608 2064 886 2125; x_wconf 87' lang='lat' dir='ltr'><strong>proximus</strong></span> <span class='ocrx_word' id='word_1_165' title='bbox 921 2068 1102 2137; x_wconf 89' lang='lat' dir='ltr'><strong>utique</strong></span> <span class='ocrx_word' id='word_1_166' title='bbox 1146 2072 1277 2138; x_wconf 87' lang='lat' dir='ltr'><strong>ipsis</strong></span> <span class='ocrx_word' id='word_1_167' title='bbox 1322 2077 1552 2134; x_wconf 86' lang='lat' dir='ltr'><strong>urbibus</strong></span> <span class='ocrx_word' id='word_1_168' title='bbox 1584 2086 1926 2157; x_wconf 86' lang='lat' dir='ltr'><strong>accessisset,</strong></span> 
     </span>
    </p>
   </div>
   <div class='ocr_carea' id='block_1_22' title="bbox 349 2143 1924 2245">
    <p class='ocr_par' dir='ltr' id='par_1_22' title="bbox 349 2143 1924 2245">
     <span class='ocr_line' id='line_1_22' title="bbox 349 2143 1924 2245; baseline 0.025 -52"><span class='ocrx_word' id='word_1_169' title='bbox 349 2155 421 2195; x_wconf 87' lang='lat' dir='ltr'><strong>ac</strong></span> <span class='ocrx_word' id='word_1_170' title='bbox 453 2143 588 2199; x_wconf 78' lang='lat' dir='ltr'><strong>fines</strong></span> <span class='ocrx_word' id='word_1_171' title='bbox 622 2161 807 2203; x_wconf 87' lang='lat' dir='ltr'><strong>earum</strong></span> <span class='ocrx_word' id='word_1_172' title='bbox 843 2153 1033 2209; x_wconf 90' lang='lat' dir='ltr'><strong>fuisset</strong></span> <span class='ocrx_word' id='word_1_173' title='bbox 1064 2158 1338 2226; x_wconf 88' lang='lat' dir='ltr'><strong>ingressus</strong></span> <span class='ocrx_word' id='word_1_174' title='bbox 1380 2166 1526 2237; x_wconf 84' lang='lat'><strong>(80),</strong></span> <span class='ocrx_word' id='word_1_175' title='bbox 1557 2187 1686 2238; x_wconf 85' lang='lat' dir='ltr'><strong>cur,</strong></span> <span class='ocrx_word' id='word_1_176' title='bbox 1720 2190 1924 2245; x_wconf 71' lang='lat' dir='ltr'><strong>qumso,</strong></span> 
     </span>
    </p>
   </div>
   <div class='ocr_carea' id='block_1_23' title="bbox 346 2230 1927 2324">
    <p class='ocr_par' dir='ltr' id='par_1_23' title="bbox 346 2230 1927 2324">
     <span class='ocr_line' id='line_1_23' title="bbox 346 2230 1927 2324; baseline 0.026 -43"><span class='ocrx_word' id='word_1_177' title='bbox 346 2230 590 2286; x_wconf 70' lang='lat' dir='ltr'><strong>dei-linat</strong></span> <span class='ocrx_word' id='word_1_178' title='bbox 623 2237 872 2292; x_wconf 83' lang='lat' dir='ltr'><strong>civitates</strong></span> <span class='ocrx_word' id='word_1_179' title='bbox 906 2242 1035 2298; x_wconf 86' lang='lat' dir='ltr'><strong>istas</strong></span> <span class='ocrx_word' id='word_1_180' title='bbox 1072 2246 1306 2317; x_wconf 82' lang='lat' dir='ltr'><strong>ingredi,</strong></span> <span class='ocrx_word' id='word_1_181' title='bbox 1349 2263 1404 2307; x_wconf 89' lang='lat' dir='ltr'><strong>et</strong></span> <span class='ocrx_word' id='word_1_182' title='bbox 1436 2267 1698 2324; x_wconf 68' lang='lat' dir='ltr'><strong>praestare</strong></span> <span class='ocrx_word' id='word_1_183' title='bbox 1737 2266 1817 2319; x_wconf 90' lang='lat' dir='ltr'><strong>eis</strong></span> <span class='ocrx_word' id='word_1_184' title='bbox 1852 2268 1927 2320; x_wconf 90' lang='lat' dir='ltr'><strong>si-</strong></span> 
     </span>
    </p>
   </div>
   <div class='ocr_carea' id='block_1_24' title="bbox 343 2331 1923 2425">
    <p class='ocr_par' dir='ltr' id='par_1_24' title="bbox 343 2331 1923 2425">
     <span class='ocr_line' id='line_1_24' title="bbox 343 2331 1923 2425; baseline 0.026 -52"><span class='ocrx_word' id='word_1_185' title='bbox 343 2337 580 2390; x_wconf 82' lang='lat' dir='ltr'><strong>gnorum</strong></span> <span class='ocrx_word' id='word_1_186' title='bbox 620 2338 672 2381; x_wconf 90' lang='lat' dir='ltr'><strong>et</strong></span> <span class='ocrx_word' id='word_1_187' title='bbox 715 2331 1082 2401; x_wconf 71' lang='lat' dir='ltr'><strong>prodigiorum</strong></span> <span class='ocrx_word' id='word_1_188' title='bbox 1118 2342 1350 2407; x_wconf 87' lang='lat' dir='ltr'><strong>copiam,</strong></span> <span class='ocrx_word' id='word_1_189' title='bbox 1391 2345 1437 2399; x_wconf 89' lang='lat' dir='ltr'><strong>si</strong></span> <span class='ocrx_word' id='word_1_190' title='bbox 1481 2362 1575 2404; x_wconf 90' lang='lat' dir='ltr'><strong>eas</strong></span> <span class='ocrx_word' id='word_1_191' title='bbox 1608 2338 1691 2408; x_wconf 86' lang='lat' dir='ltr'><strong>his</strong></span> <span class='ocrx_word' id='word_1_192' title='bbox 1753 2359 1923 2425; x_wconf 78' lang='lat' dir='ltr'><strong>gestis</strong></span> 
     </span>
    </p>
   </div>
   <div class='ocr_carea' id='block_1_25' title="bbox 341 2416 1922 2512">
    <p class='ocr_par' dir='ltr' id='par_1_25' title="bbox 341 2416 1922 2512">
     <span class='ocr_line' id='line_1_25' title="bbox 341 2416 1922 2512; baseline 0.023 -44"><span class='ocrx_word' id='word_1_193' title='bbox 341 2416 401 2469; x_wconf 82' lang='lat' dir='ltr'><strong>in</strong></span> <span class='ocrx_word' id='word_1_194' title='bbox 430 2432 592 2471; x_wconf 85' lang='lat' dir='ltr'><strong>sacco</strong></span> <span class='ocrx_word' id='word_1_195' title='bbox 612 2428 666 2473; x_wconf 90' lang='lat' dir='ltr'><strong>et</strong></span> <span class='ocrx_word' id='word_1_196' title='bbox 690 2422 872 2476; x_wconf 91' lang='lat' dir='ltr'><strong>cinere</strong></span> <span class='ocrx_word' id='word_1_197' title='bbox 894 2435 1099 2479; x_wconf 88' lang='lat' dir='ltr'><strong>certmn</strong></span> <span class='ocrx_word' id='word_1_198' title='bbox 1118 2442 1235 2483; x_wconf 89' lang='lat' dir='ltr'><strong>erat</strong></span> <span class='ocrx_word' id='word_1_199' title='bbox 1265 2443 1483 2491; x_wconf 88' lang='lat' dir='ltr'><strong>acturas</strong></span> <span class='ocrx_word' id='word_1_200' title='bbox 1510 2454 1629 2495; x_wconf 90' lang='lat' dir='ltr'><strong>esse</strong></span> <span class='ocrx_word' id='word_1_201' title='bbox 1651 2448 1922 2512; x_wconf 75' lang='lat' dir='ltr'><strong>pteniten-</strong></span> 
     </span>
    </p>
   </div>
   <div class='ocr_carea' id='block_1_26' title="bbox 340 2508 1920 2605">
    <p class='ocr_par' dir='ltr' id='par_1_26' title="bbox 340 2508 1920 2605">
     <span class='ocr_line' id='line_1_26' title="bbox 340 2508 1920 2605; baseline 0.022 -46"><span class='ocrx_word' id='word_1_202' title='bbox 340 2508 523 2561; x_wconf 86' lang='lat' dir='ltr'><strong>tiam?</strong></span> <span class='ocrx_word' id='word_1_203' title='bbox 553 2508 702 2573; x_wconf 87' lang='lat' dir='ltr'><strong>Quod</strong></span> <span class='ocrx_word' id='word_1_204' title='bbox 736 2513 920 2579; x_wconf 88' lang='lat' dir='ltr'><strong>utique</strong></span> <span class='ocrx_word' id='word_1_205' title='bbox 946 2531 1067 2569; x_wconf 91' lang='lat' dir='ltr'><strong>cum</strong></span> <span class='ocrx_word' id='word_1_206' title='bbox 1111 2535 1216 2573; x_wconf 91' lang='lat' dir='ltr'><strong>non</strong></span> <span class='ocrx_word' id='word_1_207' title='bbox 1249 2524 1395 2586; x_wconf 88' lang='lat' dir='ltr'><strong>facit,</strong></span> <span class='ocrx_word' id='word_1_208' title='bbox 1431 2527 1547 2581; x_wconf 89' lang='lat' dir='ltr'><strong>sine</strong></span> <span class='ocrx_word' id='word_1_209' title='bbox 1582 2508 1745 2587; x_wconf 74' lang='lat' dir='ltr'><strong>dubio</strong></span> <span class='ocrx_word' id='word_1_210' title='bbox 1790 2554 1920 2605; x_wconf 86' lang='lat' dir='ltr'><strong>per-</strong></span> 
     </span>
    </p>
   </div>
   <div class='ocr_carea' id='block_1_27' title="bbox 337 2597 1917 2686">
    <p class='ocr_par' dir='ltr' id='par_1_27' title="bbox 337 2597 1917 2686">
     <span class='ocr_line' id='line_1_27' title="bbox 337 2597 1917 2686; baseline 0.02 -35"><span class='ocrx_word' id='word_1_211' title='bbox 337 2597 539 2651; x_wconf 85' lang='lat' dir='ltr'><strong>ditioni</strong></span> <span class='ocrx_word' id='word_1_212' title='bbox 572 2613 664 2651; x_wconf 89' lang='lat' dir='ltr'><strong>eas</strong></span> <span class='ocrx_word' id='word_1_213' title='bbox 706 2601 984 2670; x_wconf 87' lang='lat' dir='ltr'><strong>relinquit,</strong></span> <span class='ocrx_word' id='word_1_214' title='bbox 1016 2622 1152 2673; x_wconf 90' lang='lat' dir='ltr'><strong>quas</strong></span> <span class='ocrx_word' id='word_1_215' title='bbox 1202 2612 1354 2667; x_wconf 76' lang='lat' dir='ltr'><strong>malre</strong></span> <span class='ocrx_word' id='word_1_216' title='bbox 1396 2624 1450 2669; x_wconf 90' lang='lat' dir='ltr'><strong>et</strong></span> <span class='ocrx_word' id='word_1_217' title='bbox 1492 2622 1714 2686; x_wconf 71' lang='lat' dir='ltr'><strong>perdita-</strong></span> <span class='ocrx_word' id='word_1_218' title='bbox 1754 2637 1917 2680; x_wconf 87' lang='lat' dir='ltr'><strong>natu-</strong></span> 
     </span>
    </p>
   </div>
   <div class='ocr_carea' id='block_1_28' title="bbox 336 2686 1914 2782">
    <p class='ocr_par' dir='ltr' id='par_1_28' title="bbox 336 2686 1914 2782">
     <span class='ocr_line' id='line_1_28' title="bbox 336 2686 1914 2782; baseline 0.02 -45"><span class='ocrx_word' id='word_1_219' title='bbox 336 2702 421 2738; x_wconf 70' lang='grc' dir='ltr'>ηε</span> <span class='ocrx_word' id='word_1_220' title='bbox 450 2686 562 2756; x_wconf 80' lang='grc'>(81)</span> <span class='ocrx_word' id='word_1_221' title='bbox 594 2702 697 2741; x_wconf 85' lang='lat' dir='ltr'><strong>non</strong></span> <span class='ocrx_word' id='word_1_222' title='bbox 738 2702 858 2743; x_wconf 88' lang='lat' dir='ltr'><strong>esse</strong></span> <span class='ocrx_word' id='word_1_223' title='bbox 889 2693 1003 2759; x_wconf 88' lang='lat' dir='ltr'><strong>ipse</strong></span> <span class='ocrx_word' id='word_1_224' title='bbox 1038 2695 1317 2768; x_wconf 77' lang='lat' dir='ltr'><strong>Evangelii</strong></span> <span class='ocrx_word' id='word_1_225' title='bbox 1353 2716 1532 2759; x_wconf 85' lang='lat' dir='ltr'><strong>sermo</strong></span> <span class='ocrx_word' id='word_1_226' title='bbox 1565 2707 1772 2765; x_wconf 89' lang='lat' dir='ltr'><strong>indicat</strong></span> <span class='ocrx_word' id='word_1_227' title='bbox 1821 2717 1914 2782; x_wconf 88' lang='lat' dir='ltr'><strong>qui</strong></span> 
     </span>
    </p>
   </div>
   <div class='ocr_carea' id='block_1_29' title="bbox 329 2777 1910 2867">
    <p class='ocr_par' dir='ltr' id='par_1_29' title="bbox 329 2777 1910 2867">
     <span class='ocr_line' id='line_1_29' title="bbox 329 2777 1910 2867; baseline 0.02 -40"><span class='ocrx_word' id='word_1_228' title='bbox 329 2790 434 2829; x_wconf 85' lang='lat' dir='ltr'><strong>eas</strong></span> <span class='ocrx_word' id='word_1_229' title='bbox 465 2777 703 2844; x_wconf 91' lang='lat' dir='ltr'><strong>potuisse</strong></span> <span class='ocrx_word' id='word_1_230' title='bbox 732 2782 996 2847; x_wconf 65' lang='lat' dir='ltr'><strong>paenitere</strong></span> <span class='ocrx_word' id='word_1_231' title='bbox 1034 2787 1295 2856; x_wconf 78' lang='lat' dir='ltr'><strong>designat.</strong></span> <span class='ocrx_word' id='word_1_232' title='bbox 1336 2791 1446 2847; x_wconf 88' lang='lat' dir='ltr'><strong>Sed</strong></span> <span class='ocrx_word' id='word_1_233' title='bbox 1485 2806 1538 2849; x_wconf 91' lang='lat' dir='ltr'><strong>et</strong></span> <span class='ocrx_word' id='word_1_234' title='bbox 1590 2798 1642 2851; x_wconf 90' lang='lat' dir='ltr'><strong>iu</strong></span> <span class='ocrx_word' id='word_1_235' title='bbox 1678 2804 1910 2867; x_wconf 86' lang='lat' dir='ltr'><strong>quadam</strong></span> 
     </span>
    </p>
   </div>
   <div class='ocr_carea' id='block_1_30' title="bbox 333 2862 1912 2953">
    <p class='ocr_par' dir='ltr' id='par_1_30' title="bbox 333 2862 1912 2953">
     <span class='ocr_line' id='line_1_30' title="bbox 333 2862 1912 2953; baseline 0.02 -37"><span class='ocrx_word' id='word_1_236' title='bbox 333 2862 612 2936; x_wconf 75' lang='lat' dir='ltr'><strong>Evangelii</strong></span> <span class='ocrx_word' id='word_1_237' title='bbox 650 2869 999 2927; x_wconf 88' lang='lat' dir='ltr'><strong>nihilominus</strong></span> <span class='ocrx_word' id='word_1_238' title='bbox 1036 2877 1298 2944; x_wconf 77' lang='lat' dir='ltr'><strong>parabola</strong></span> <span class='ocrx_word' id='word_1_239' title='bbox 1343 2882 1653 2953; x_wconf 87' lang='lat' dir='ltr'><strong>ingrediens</strong></span> <span class='ocrx_word' id='word_1_240' title='bbox 1689 2862 1783 2946; x_wconf 79' lang='lat' dir='ltr'><strong>rex</strong></span> <span class='ocrx_word' id='word_1_241' title='bbox 1828 2896 1912 2948; x_wconf 85' lang='lat' dir='ltr'><strong>vi-</strong></span> 
     </span>
    </p>
   </div>
   <div class='ocr_carea' id='block_1_31' title="bbox 331 2956 1903 3049">
    <p class='ocr_par' dir='ltr' id='par_1_31' title="bbox 331 2956 1903 3049">
     <span class='ocr_line' id='line_1_31' title="bbox 331 2956 1903 3049; baseline 0.018 -39"><span class='ocrx_word' id='word_1_242' title='bbox 331 2956 469 3011; x_wconf 77' lang='lat' dir='ltr'><strong>dere</strong></span> <span class='ocrx_word' id='word_1_243' title='bbox 496 2958 898 3015; x_wconf 81' lang='lat' dir='ltr'><strong>discumbentes</strong></span> <span class='ocrx_word' id='word_1_244' title='bbox 918 2964 1003 3029; x_wconf 91' lang='lat' dir='ltr'><strong>qui</strong></span> <span class='ocrx_word' id='word_1_245' title='bbox 1039 2964 1255 3021; x_wconf 80' lang='lat' dir='ltr'><strong>fuerant</strong></span> <span class='ocrx_word' id='word_1_246' title='bbox 1284 2971 1516 3039; x_wconf 82' lang='lat' dir='ltr'><strong>invitati,</strong></span> <span class='ocrx_word' id='word_1_247' title='bbox 1550 2979 1903 3049; x_wconf 64' lang='lat' dir='ltr'><strong>viditquemo</strong></span> 
     </span>
    </p>
   </div>
   <div class='ocr_carea' id='block_1_32' title="bbox 332 3048 1899 3132">
    <p class='ocr_par' dir='ltr' id='par_1_32' title="bbox 332 3048 1899 3132">
     <span class='ocr_line' id='line_1_32' title="bbox 332 3048 1899 3132; baseline 0.019 -32"><span class='ocrx_word' id='word_1_248' title='bbox 332 3048 460 3100; x_wconf 87' lang='lat' dir='ltr'><strong>dam</strong></span> <span class='ocrx_word' id='word_1_249' title='bbox 488 3062 592 3100; x_wconf 89' lang='lat' dir='ltr'><strong>non</strong></span> <span class='ocrx_word' id='word_1_250' title='bbox 625 3048 870 3103; x_wconf 86' lang='lat' dir='ltr'><strong>indutum</strong></span> <span class='ocrx_word' id='word_1_251' title='bbox 899 3055 1226 3120; x_wconf 88' lang='lat' dir='ltr'><strong>nuptialibus</strong></span> <span class='ocrx_word' id='word_1_252' title='bbox 1256 3061 1612 3132; x_wconf 87' lang='lat' dir='ltr'><strong>indumentis,</strong></span> <span class='ocrx_word' id='word_1_253' title='bbox 1644 3080 1697 3124; x_wconf 89' lang='lat' dir='ltr'><strong>et</strong></span> <span class='ocrx_word' id='word_1_254' title='bbox 1720 3048 1797 3127; x_wconf 86' lang='lat' dir='ltr'><strong>ait</strong></span> <span class='ocrx_word' id='word_1_255' title='bbox 1817 3078 1899 3130; x_wconf 82' lang='lat' dir='ltr'><strong>ei:</strong></span> 
     </span>
    </p>
   </div>
   <div class='ocr_carea' id='block_1_33' title="bbox 335 3135 1904 3229">
    <p class='ocr_par' dir='ltr' id='par_1_33' title="bbox 335 3135 1904 3229">
     <span class='ocr_line' id='line_1_33' title="bbox 335 3135 1904 3229; baseline 0.023 -46"><span class='ocrx_word' id='word_1_256' title='bbox 335 3151 359 3184; x_wconf 71' lang='grc' dir='ltr'>ι</span> <span class='ocrx_word' id='word_1_257' title='bbox 393 3135 604 3200; x_wconf 84' lang='lat' dir='ltr'><strong>Amice,</strong></span> <span class='ocrx_word' id='word_1_258' title='bbox 640 3138 910 3204; x_wconf 75' lang='lat' dir='ltr'><strong>quomodo</strong></span> <span class='ocrx_word' id='word_1_259' title='bbox 954 3140 1060 3197; x_wconf 90' lang='lat' dir='ltr'><strong>huc</strong></span> <span class='ocrx_word' id='word_1_260' title='bbox 1095 3144 1307 3229; x_wconf 64' lang='lat' dir='ltr'><strong>intrasti</strong></span> <span class='ocrx_word' id='word_1_261' title='bbox 1354 3166 1461 3206; x_wconf 88' lang='lat' dir='ltr'><strong>non</strong></span> <span class='ocrx_word' id='word_1_262' title='bbox 1499 3155 1706 3214; x_wconf 80' lang='lat' dir='ltr'><strong>habens</strong></span> <span class='ocrx_word' id='word_1_263' title='bbox 1746 3163 1904 3217; x_wconf 81' lang='lat' dir='ltr'><strong>indu-</strong></span> 
     </span>
    </p>
   </div>
   <div class='ocr_carea' id='block_1_34' title="bbox 327 3228 1895 3318">
    <p class='ocr_par' dir='ltr' id='par_1_34' title="bbox 327 3228 1895 3318">
     <span class='ocr_line' id='line_1_34' title="bbox 327 3228 1895 3318; baseline 0.022 -42"><span class='ocrx_word' id='word_1_264' title='bbox 327 3234 571 3277; x_wconf 87' lang='lat' dir='ltr'><strong>mentum</strong></span> <span class='ocrx_word' id='word_1_265' title='bbox 609 3228 884 3295; x_wconf 82' lang='lat' dir='ltr'><strong>nuptiale?</strong></span> <span class='ocrx_word' id='word_1_266' title='bbox 922 3231 1076 3288; x_wconf 84' lang='lat' dir='ltr'><strong>Tunc</strong></span> <span class='ocrx_word' id='word_1_267' title='bbox 1104 3235 1180 3289; x_wconf 86' lang='lat' dir='ltr'><strong>ait</strong></span> <span class='ocrx_word' id='word_1_268' title='bbox 1220 3228 1525 3299; x_wconf 88' lang='lat' dir='ltr'><strong>ministris:</strong></span> <span class='ocrx_word' id='word_1_269' title='bbox 1559 3246 1815 3318; x_wconf 87' lang='lat' dir='ltr'><strong>Ligantes</strong></span> <span class='ocrx_word' id='word_1_270' title='bbox 1847 3256 1895 3310; x_wconf 92' lang='lat' dir='ltr'><strong>ei</strong></span> 
     </span>
    </p>
   </div>
   <div class='ocr_carea' id='block_1_35' title="bbox 324 3320 1898 3400">
    <p class='ocr_par' dir='ltr' id='par_1_35' title="bbox 324 3320 1898 3400">
     <span class='ocr_line' id='line_1_35' title="bbox 324 3320 1898 3400; baseline 0.021 -34"><span class='ocrx_word' id='word_1_271' title='bbox 324 3328 522 3369; x_wconf 85' lang='lat' dir='ltr'><strong>manus</strong></span> <span class='ocrx_word' id='word_1_272' title='bbox 547 3326 603 3371; x_wconf 89' lang='lat' dir='ltr'><strong>et</strong></span> <span class='ocrx_word' id='word_1_273' title='bbox 627 3320 789 3386; x_wconf 87' lang='lat' dir='ltr'><strong>pedes</strong></span> <span class='ocrx_word' id='word_1_274' title='bbox 827 3322 1022 3378; x_wconf 87' lang='lat' dir='ltr'><strong>mittite</strong></span> <span class='ocrx_word' id='word_1_275' title='bbox 1048 3340 1169 3379; x_wconf 92' lang='lat' dir='ltr'><strong>eum</strong></span> <span class='ocrx_word' id='word_1_276' title='bbox 1211 3328 1357 3386; x_wconf 88' lang='lat' dir='ltr'><strong>foras</strong></span> <span class='ocrx_word' id='word_1_277' title='bbox 1392 3334 1449 3388; x_wconf 89' lang='lat' dir='ltr'><strong>in</strong></span> <span class='ocrx_word' id='word_1_278' title='bbox 1473 3339 1723 3395; x_wconf 89' lang='lat' dir='ltr'><strong>tenebras</strong></span> <span class='ocrx_word' id='word_1_279' title='bbox 1747 3355 1898 3400; x_wconf 80' lang='lat' dir='ltr'><strong>exte-</strong></span> 
     </span>
    </p>
   </div>
   <div class='ocr_carea' id='block_1_36' title="bbox 328 3409 1898 3494">
    <p class='ocr_par' dir='ltr' id='par_1_36' title="bbox 328 3409 1898 3494">
     <span class='ocr_line' id='line_1_36' title="bbox 328 3409 1898 3494; baseline 0.021 -35"><span class='ocrx_word' id='word_1_280' title='bbox 328 3409 522 3473; x_wconf 89' lang='lat' dir='ltr'><strong>riores,</strong></span> <span class='ocrx_word' id='word_1_281' title='bbox 552 3411 621 3464; x_wconf 88' lang='lat' dir='ltr'><strong>ibi</strong></span> <span class='ocrx_word' id='word_1_282' title='bbox 650 3412 753 3463; x_wconf 90' lang='lat' dir='ltr'><strong>erit</strong></span> <span class='ocrx_word' id='word_1_283' title='bbox 774 3410 936 3469; x_wconf 77' lang='lat' dir='ltr'><strong>ﬂetus</strong></span> <span class='ocrx_word' id='word_1_284' title='bbox 964 3425 1018 3470; x_wconf 91' lang='lat' dir='ltr'><strong>et</strong></span> <span class='ocrx_word' id='word_1_285' title='bbox 1044 3420 1245 3475; x_wconf 91' lang='lat' dir='ltr'><strong>stridor</strong></span> <span class='ocrx_word' id='word_1_286' title='bbox 1273 3424 1513 3481; x_wconf 89' lang='lat' dir='ltr'><strong>dentium</strong></span> <span class='ocrx_word' id='word_1_287' title='bbox 1540 3431 1610 3485; x_wconf 75' lang='grc'><strong>⁸⁷.</strong></span> <span class='ocrx_word' id='word_1_288' title='bbox 1648 3452 1669 3485; x_wconf 74' lang='grc' dir='ltr'><strong>ι</strong></span> <span class='ocrx_word' id='word_1_289' title='bbox 1706 3435 1898 3494; x_wconf 88' lang='lat' dir='ltr'><strong>Dicant</strong></span> 
     </span>
    </p>
   </div>
   <div class='ocr_carea' id='block_1_37' title="bbox 323 3499 1894 3588">
    <p class='ocr_par' dir='ltr' id='par_1_37' title="bbox 323 3499 1894 3588">
     <span class='ocr_line' id='line_1_37' title="bbox 323 3499 1894 3588; baseline 0.02 -37"><span class='ocrx_word' id='word_1_290' title='bbox 323 3500 480 3552; x_wconf 84' lang='lat' dir='ltr'><strong>nobis</strong></span> <span class='ocrx_word' id='word_1_291' title='bbox 528 3499 648 3566; x_wconf 92' lang='lat' dir='ltr'><strong>quis</strong></span> <span class='ocrx_word' id='word_1_292' title='bbox 693 3508 775 3554; x_wconf 88' lang='lat' dir='ltr'><strong>est</strong></span> <span class='ocrx_word' id='word_1_293' title='bbox 816 3502 916 3557; x_wconf 89' lang='lat' dir='ltr'><strong>iste</strong></span> <span class='ocrx_word' id='word_1_294' title='bbox 958 3521 1051 3560; x_wconf 79' lang='lat' dir='ltr'><strong>rex</strong></span> <span class='ocrx_word' id='word_1_295' title='bbox 1103 3510 1193 3588; x_wconf 82' lang='lat' dir='ltr'><strong>qui</strong></span> <span class='ocrx_word' id='word_1_296' title='bbox 1237 3511 1514 3581; x_wconf 85' lang='lat' dir='ltr'><strong>ingressus</strong></span> <span class='ocrx_word' id='word_1_297' title='bbox 1561 3532 1646 3576; x_wconf 91' lang='lat' dir='ltr'><strong>est</strong></span> <span class='ocrx_word' id='word_1_298' title='bbox 1708 3526 1894 3584; x_wconf 82' lang='lat' dir='ltr'><strong>videre</strong></span> 
     </span>
    </p>
   </div>
   <div class='ocr_carea' id='block_1_38' title="bbox 320 3589 1889 3681">
    <p class='ocr_par' dir='ltr' id='par_1_38' title="bbox 320 3589 1889 3681">
     <span class='ocr_line' id='line_1_38' title="bbox 320 3589 1889 3681; baseline 0.021 -40"><span class='ocrx_word' id='word_1_299' title='bbox 320 3589 742 3657; x_wconf 86' lang='lat' dir='ltr'><strong>discnmbeutes,</strong></span> <span class='ocrx_word' id='word_1_300' title='bbox 813 3604 869 3649; x_wconf 88' lang='lat' dir='ltr'><strong>et</strong></span> <span class='ocrx_word' id='word_1_301' title='bbox 924 3597 1204 3655; x_wconf 87' lang='lat' dir='ltr'><strong>inveniens</strong></span> <span class='ocrx_word' id='word_1_302' title='bbox 1268 3604 1408 3660; x_wconf 89' lang='lat' dir='ltr'><strong>inter</strong></span> <span class='ocrx_word' id='word_1_303' title='bbox 1451 3624 1547 3665; x_wconf 85' lang='lat' dir='ltr'><strong>eos</strong></span> <span class='ocrx_word' id='word_1_304' title='bbox 1599 3619 1889 3681; x_wconf 88' lang='lat' dir='ltr'><strong>quemdam</strong></span> 
     </span>
    </p>
   </div>
   <div class='ocr_carea' id='block_1_39' title="bbox 322 3681 1890 3769">
    <p class='ocr_par' dir='ltr' id='par_1_39' title="bbox 322 3681 1890 3769">
     <span class='ocr_line' id='line_1_39' title="bbox 322 3681 1890 3769; baseline 0.02 -38"><span class='ocrx_word' id='word_1_305' title='bbox 322 3681 554 3733; x_wconf 88' lang='lat' dir='ltr'><strong>sordidis</strong></span> <span class='ocrx_word' id='word_1_306' title='bbox 582 3681 928 3751; x_wconf 89' lang='lat' dir='ltr'><strong>indumentis,</strong></span> <span class='ocrx_word' id='word_1_307' title='bbox 956 3687 1111 3755; x_wconf 88' lang='lat' dir='ltr'><strong>jubet</strong></span> <span class='ocrx_word' id='word_1_308' title='bbox 1141 3705 1262 3744; x_wconf 90' lang='lat' dir='ltr'><strong>eum</strong></span> <span class='ocrx_word' id='word_1_309' title='bbox 1299 3696 1539 3752; x_wconf 91' lang='lat' dir='ltr'><strong>vinctum</strong></span> <span class='ocrx_word' id='word_1_310' title='bbox 1570 3717 1667 3769; x_wconf 87' lang='lat' dir='ltr'><strong>per</strong></span> <span class='ocrx_word' id='word_1_311' title='bbox 1725 3710 1890 3763; x_wconf 87' lang='lat' dir='ltr'><strong>mini-</strong></span> 
     </span>
    </p>
   </div>
   <div class='ocr_carea' id='block_1_40' title="bbox 318 3773 1885 3866">
    <p class='ocr_par' dir='ltr' id='par_1_40' title="bbox 318 3773 1885 3866">
     <span class='ocr_line' id='line_1_40' title="bbox 318 3773 1885 3866; baseline 0.019 -43"><span class='ocrx_word' id='word_1_312' title='bbox 318 3780 462 3823; x_wconf 77' lang='lat' dir='ltr'><strong>Stros</strong></span> <span class='ocrx_word' id='word_1_313' title='bbox 490 3785 619 3825; x_wconf 92' lang='lat' dir='ltr'><strong>suos</strong></span> <span class='ocrx_word' id='word_1_314' title='bbox 650 3773 701 3825; x_wconf 91' lang='lat' dir='ltr'><strong>in</strong></span> <span class='ocrx_word' id='word_1_315' title='bbox 727 3776 1019 3831; x_wconf 82' lang='lat' dir='ltr'><strong>exteriores</strong></span> <span class='ocrx_word' id='word_1_316' title='bbox 1053 3782 1306 3837; x_wconf 89' lang='lat' dir='ltr'><strong>tenebras</strong></span> <span class='ocrx_word' id='word_1_317' title='bbox 1337 3786 1571 3843; x_wconf 88' lang='lat' dir='ltr'><strong>detrudi.</strong></span> <span class='ocrx_word' id='word_1_318' title='bbox 1599 3792 1885 3866; x_wconf 84' lang='lat' dir='ltr'><strong>Nunquid-</strong></span> 
     </span>
    </p>
   </div>
   <div class='ocr_carea' id='block_1_41' title="bbox 320 3860 1884 3948">
    <p class='ocr_par' dir='ltr' id='par_1_41' title="bbox 320 3860 1884 3948">
     <span class='ocr_line' id='line_1_41' title="bbox 320 3860 1884 3948; baseline 0.021 -37"><span class='ocrx_word' id='word_1_319' title='bbox 320 3874 446 3912; x_wconf 84' lang='lat' dir='ltr'><strong>nam</strong></span> <span class='ocrx_word' id='word_1_320' title='bbox 478 3860 565 3914; x_wconf 90' lang='lat' dir='ltr'><strong>ille</strong></span> <span class='ocrx_word' id='word_1_321' title='bbox 593 3870 674 3915; x_wconf 76' lang='lat' dir='ltr'><strong>est</strong></span> <span class='ocrx_word' id='word_1_322' title='bbox 695 3879 855 3930; x_wconf 87' lang='lat' dir='ltr'><strong>quem</strong></span> <span class='ocrx_word' id='word_1_323' title='bbox 872 3865 1075 3933; x_wconf 89' lang='lat' dir='ltr'><strong>justum</strong></span> <span class='ocrx_word' id='word_1_324' title='bbox 1101 3871 1319 3928; x_wconf 88' lang='lat' dir='ltr'><strong>dicunt?</strong></span> <span class='ocrx_word' id='word_1_325' title='bbox 1337 3877 1401 3930; x_wconf 83' lang='lat' dir='ltr'><strong>Et</strong></span> <span class='ocrx_word' id='word_1_326' title='bbox 1422 3885 1693 3948; x_wconf 91' lang='lat' dir='ltr'><strong>quomodo</strong></span> <span class='ocrx_word' id='word_1_327' title='bbox 1711 3887 1884 3944; x_wconf 89' lang='lat' dir='ltr'><strong>bonos</strong></span> 
     </span>
    </p>
   </div>
   <div class='ocr_carea' id='block_1_42' title="bbox 314 3950 1879 4033">
    <p class='ocr_par' dir='ltr' id='par_1_42' title="bbox 314 3950 1879 4033">
     <span class='ocr_line' id='line_1_42' title="bbox 314 3950 1879 4033; baseline 0.022 -34"><span class='ocrx_word' id='word_1_328' title='bbox 314 3964 379 4002; x_wconf 88' lang='lat' dir='ltr'><strong>ac</strong></span> <span class='ocrx_word' id='word_1_329' title='bbox 408 3950 577 4004; x_wconf 89' lang='lat' dir='ltr'><strong>malos</strong></span> <span class='ocrx_word' id='word_1_330' title='bbox 602 3953 844 4019; x_wconf 74' lang='lat' dir='ltr'><strong>iusserat</strong></span> <span class='ocrx_word' id='word_1_331' title='bbox 883 3958 1103 4014; x_wconf 90' lang='lat' dir='ltr'><strong>invitari</strong></span> <span class='ocrx_word' id='word_1_332' title='bbox 1138 3962 1270 4032; x_wconf 72' lang='lat'><strong>(82),</strong></span> <span class='ocrx_word' id='word_1_333' title='bbox 1303 3981 1403 4022; x_wconf 90' lang='lat' dir='ltr'><strong>nec</strong></span> <span class='ocrx_word' id='word_1_334' title='bbox 1434 3972 1627 4027; x_wconf 88' lang='lat' dir='ltr'><strong>merita</strong></span> <span class='ocrx_word' id='word_1_335' title='bbox 1656 3991 1684 4028; x_wconf 90' lang='lat' dir='ltr'><strong>a</strong></span> <span class='ocrx_word' id='word_1_336' title='bbox 1715 3979 1879 4033; x_wconf 90' lang='lat' dir='ltr'><strong>mini-</strong></span> 
     </span>
    </p>
   </div>
   <div class='ocr_carea' id='block_1_43' title="bbox 310 4040 1876 4130">
    <p class='ocr_par' dir='ltr' id='par_1_43' title="bbox 310 4040 1876 4130">
     <span class='ocr_line' id='line_1_43' title="bbox 310 4040 1876 4130; baseline 0.02 -39"><span class='ocrx_word' id='word_1_337' title='bbox 310 4040 440 4094; x_wconf 86' lang='lat' dir='ltr'><strong>stris</strong></span> <span class='ocrx_word' id='word_1_338' title='bbox 482 4043 745 4096; x_wconf 88' lang='lat' dir='ltr'><strong>sciscitari</strong></span> <span class='ocrx_word' id='word_1_339' title='bbox 795 4051 1165 4115; x_wconf 74' lang='lat' dir='ltr'><strong>przeceperat?</strong></span> <span class='ocrx_word' id='word_1_340' title='bbox 1202 4051 1303 4107; x_wconf 87' lang='lat' dir='ltr'><strong>Per</strong></span> <span class='ocrx_word' id='word_1_341' title='bbox 1350 4059 1491 4124; x_wconf 91' lang='lat' dir='ltr'><strong>quod</strong></span> <span class='ocrx_word' id='word_1_342' title='bbox 1534 4063 1724 4130; x_wconf 88' lang='lat' dir='ltr'><strong>utique</strong></span> <span class='ocrx_word' id='word_1_343' title='bbox 1770 4082 1876 4121; x_wconf 89' lang='lat' dir='ltr'><strong>non</strong></span> 
     </span>
    </p>
   </div>
   <div class='ocr_carea' id='block_1_44' title="bbox 303 4128 1875 4213">
    <p class='ocr_par' dir='ltr' id='par_1_44' title="bbox 303 4128 1875 4213">
     <span class='ocr_line' id='line_1_44' title="bbox 303 4128 1875 4213; baseline 0.018 -31"><span class='ocrx_word' id='word_1_344' title='bbox 303 4128 436 4195; x_wconf 85' lang='lat' dir='ltr'><strong>justi</strong></span> <span class='ocrx_word' id='word_1_345' title='bbox 462 4131 713 4201; x_wconf 86' lang='lat' dir='ltr'><strong>alicujus,</strong></span> <span class='ocrx_word' id='word_1_346' title='bbox 750 4143 807 4187; x_wconf 90' lang='lat' dir='ltr'><strong>ut</strong></span> <span class='ocrx_word' id='word_1_347' title='bbox 851 4136 938 4188; x_wconf 91' lang='lat' dir='ltr'><strong>isti</strong></span> <span class='ocrx_word' id='word_1_348' title='bbox 976 4140 1183 4205; x_wconf 89' lang='lat' dir='ltr'><strong>dicunt,</strong></span> <span class='ocrx_word' id='word_1_349' title='bbox 1233 4151 1287 4195; x_wconf 88' lang='lat' dir='ltr'><strong>et</strong></span> <span class='ocrx_word' id='word_1_350' title='bbox 1326 4162 1424 4213; x_wconf 92' lang='lat' dir='ltr'><strong>pro</strong></span> <span class='ocrx_word' id='word_1_351' title='bbox 1459 4151 1670 4207; x_wconf 91' lang='lat' dir='ltr'><strong>meritis</strong></span> <span class='ocrx_word' id='word_1_352' title='bbox 1711 4158 1875 4209; x_wconf 89' lang='lat' dir='ltr'><strong>retri-</strong></span> 
     </span>
    </p>
   </div>
   <div class='ocr_carea' id='block_1_45' title="bbox 309 4221 1873 4309">
    <p class='ocr_par' dir='ltr' id='par_1_45' title="bbox 309 4221 1873 4309">
     <span class='ocr_line' id='line_1_45' title="bbox 309 4221 1873 4309; baseline 0.02 -38"><span class='ocrx_word' id='word_1_353' title='bbox 309 4221 546 4285; x_wconf 82' lang='lat' dir='ltr'><strong>buentis,</strong></span> <span class='ocrx_word' id='word_1_354' title='bbox 581 4225 673 4278; x_wconf 89' lang='lat' dir='ltr'><strong>sed</strong></span> <span class='ocrx_word' id='word_1_355' title='bbox 697 4241 823 4295; x_wconf 90' lang='lat' dir='ltr'><strong>erga</strong></span> <span class='ocrx_word' id='word_1_356' title='bbox 851 4243 1040 4284; x_wconf 89' lang='lat' dir='ltr'><strong>omnes</strong></span> <span class='ocrx_word' id='word_1_357' title='bbox 1068 4231 1373 4290; x_wconf 70' lang='lat' dir='ltr'><strong>indiscreta:</strong></span> <span class='ocrx_word' id='word_1_358' title='bbox 1400 4236 1752 4309; x_wconf 83' lang='lat' dir='ltr'><strong>benignitatis</strong></span> <span class='ocrx_word' id='word_1_359' title='bbox 1788 4249 1873 4302; x_wconf 89' lang='lat' dir='ltr'><strong>in-</strong></span> 
     </span>
    </p>
   </div>
   <div class='ocr_carea' id='block_1_46' title="bbox 303 4310 1944 4396">
    <p class='ocr_par' dir='ltr' id='par_1_46' title="bbox 303 4310 1944 4396">
     <span class='ocr_line' id='line_1_46' title="bbox 303 4310 1944 4396; baseline 0.018 -32"><span class='ocrx_word' id='word_1_360' title='bbox 303 4310 518 4365; x_wconf 85' lang='lat' dir='ltr'><strong>dicatur</strong></span> <span class='ocrx_word' id='word_1_361' title='bbox 557 4312 806 4369; x_wconf 80' lang='lat' dir='ltr'><strong>affectus.</strong></span> <span class='ocrx_word' id='word_1_362' title='bbox 844 4317 901 4371; x_wconf 90' lang='lat' dir='ltr'><strong>Si</strong></span> <span class='ocrx_word' id='word_1_363' title='bbox 936 4334 1065 4375; x_wconf 90' lang='lat' dir='ltr'><strong>vero</strong></span> <span class='ocrx_word' id='word_1_364' title='bbox 1109 4337 1331 4378; x_wconf 88' lang='lat' dir='ltr'><strong>necesse</strong></span> <span class='ocrx_word' id='word_1_365' title='bbox 1378 4337 1461 4381; x_wconf 86' lang='lat' dir='ltr'><strong>est</strong></span> <span class='ocrx_word' id='word_1_366' title='bbox 1496 4330 1599 4385; x_wconf 91' lang='lat' dir='ltr'><strong>hoc</strong></span> <span class='ocrx_word' id='word_1_367' title='bbox 1629 4333 1694 4387; x_wconf 87' lang='lat' dir='ltr'><strong>de</strong></span> <span class='ocrx_word' id='word_1_368' title='bbox 1730 4334 1867 4393; x_wconf 91' lang='lat' dir='ltr'><strong>bono</strong></span> <span class='ocrx_word' id='word_1_369' title='bbox 1900 4341 1944 4396; x_wconf 90' lang='lat' dir='ltr'><strong>D</strong></span> 
     </span>
    </p>
   </div>
   <div class='ocr_carea' id='block_1_47' title="bbox 304 4399 1874 4478">
    <p class='ocr_par' dir='ltr' id='par_1_47' title="bbox 304 4399 1874 4478">
     <span class='ocr_line' id='line_1_47' title="bbox 304 4399 1874 4478; baseline 0.018 -28"><span class='ocrx_word' id='word_1_370' title='bbox 304 4399 436 4464; x_wconf 89' lang='lat' dir='ltr'><strong>Deo,</strong></span> <span class='ocrx_word' id='word_1_371' title='bbox 468 4400 519 4455; x_wconf 91' lang='lat' dir='ltr'><strong>id</strong></span> <span class='ocrx_word' id='word_1_372' title='bbox 551 4411 634 4455; x_wconf 89' lang='lat' dir='ltr'><strong>est</strong></span> <span class='ocrx_word' id='word_1_373' title='bbox 660 4404 740 4457; x_wconf 85' lang='lat' dir='ltr'><strong>vel</strong></span> <span class='ocrx_word' id='word_1_374' title='bbox 770 4405 837 4459; x_wconf 88' lang='lat' dir='ltr'><strong>de</strong></span> <span class='ocrx_word' id='word_1_375' title='bbox 860 4405 1102 4471; x_wconf 87' lang='lat' dir='ltr'><strong>Christo,</strong></span> <span class='ocrx_word' id='word_1_376' title='bbox 1141 4409 1227 4463; x_wconf 84' lang='lat' dir='ltr'><strong>vel</strong></span> <span class='ocrx_word' id='word_1_377' title='bbox 1265 4411 1331 4466; x_wconf 92' lang='lat' dir='ltr'><strong>de</strong></span> <span class='ocrx_word' id='word_1_378' title='bbox 1362 4412 1523 4477; x_wconf 85' lang='lat' dir='ltr'><strong>Patre</strong></span> <span class='ocrx_word' id='word_1_379' title='bbox 1550 4416 1753 4473; x_wconf 90' lang='lat' dir='ltr'><strong>Christi</strong></span> <span class='ocrx_word' id='word_1_380' title='bbox 1789 4424 1874 4478; x_wconf 88' lang='lat' dir='ltr'><strong>iu-</strong></span> 
     </span>
    </p>
   </div>
   <div class='ocr_carea' id='block_1_48' title="bbox 301 4492 1873 4584">
    <p class='ocr_par' dir='ltr' id='par_1_48' title="bbox 301 4492 1873 4584">
     <span class='ocr_line' id='line_1_48' title="bbox 301 4492 1873 4584; baseline 0.017 -41"><span class='ocrx_word' id='word_1_381' title='bbox 301 4492 487 4561; x_wconf 84' lang='lat' dir='ltr'><strong>telligi,</strong></span> <span class='ocrx_word' id='word_1_382' title='bbox 538 4495 669 4562; x_wconf 90' lang='lat' dir='ltr'><strong>quid</strong></span> <span class='ocrx_word' id='word_1_383' title='bbox 704 4494 851 4550; x_wconf 88' lang='lat' dir='ltr'><strong>aliud</strong></span> <span class='ocrx_word' id='word_1_384' title='bbox 886 4508 969 4553; x_wconf 88' lang='lat' dir='ltr'><strong>est</strong></span> <span class='ocrx_word' id='word_1_385' title='bbox 1003 4502 1145 4568; x_wconf 91' lang='lat' dir='ltr'><strong>quod</strong></span> <span class='ocrx_word' id='word_1_386' title='bbox 1169 4500 1318 4569; x_wconf 88' lang='lat' dir='ltr'><strong>justo</strong></span> <span class='ocrx_word' id='word_1_387' title='bbox 1366 4505 1459 4561; x_wconf 89' lang='lat' dir='ltr'><strong>Dei</strong></span> <span class='ocrx_word' id='word_1_388' title='bbox 1494 4507 1705 4576; x_wconf 88' lang='lat' dir='ltr'><strong>judicio</strong></span> <span class='ocrx_word' id='word_1_389' title='bbox 1731 4514 1873 4584; x_wconf 82' lang='lat' dir='ltr'><strong>obji-</strong></span> 
     </span>
    </p>
   </div>
   <div class='ocr_carea' id='block_1_49' title="bbox 1733 241 2344 315">
    <p class='ocr_par' dir='ltr' id='par_1_49' title="bbox 1733 241 2344 315">
     <span class='ocr_line' id='line_1_49' title="bbox 1733 241 2344 315; baseline 0.033 -21"><span class='ocrx_word' id='word_1_390' title='bbox 1733 241 1935 300; x_wconf 81' lang='lat' dir='ltr'><strong>LIBER</strong></span> <span class='ocrx_word' id='word_1_391' title='bbox 1971 249 2344 315; x_wconf 81' lang='lat' dir='ltr'><strong>SECUNDUS.</strong></span> 
     </span>
    </p>
   </div>
   <div class='ocr_carea' id='block_1_50' title="bbox 3557 284 3660 351">
    <p class='ocr_par' dir='ltr' id='par_1_50' title="bbox 3557 284 3660 351">
     <span class='ocr_line' id='line_1_50' title="bbox 3557 284 3660 351; baseline 0.049 -5"><span class='ocrx_word' id='word_1_392' title='bbox 3557 284 3660 351; x_wconf 65' lang='grc' dir='ltr'><strong>ἐξ.ῖὸ</strong></span> 
     </span>
    </p>
   </div>
   <div class='ocr_carea' id='block_1_51' title="bbox 2011 376 3658 481">
    <p class='ocr_par' dir='ltr' id='par_1_51' title="bbox 2011 376 3658 481">
     <span class='ocr_line' id='line_1_51' title="bbox 2011 376 3658 481; baseline 0.03 -56"><span class='ocrx_word' id='word_1_393' title='bbox 2011 380 2055 434; x_wconf 79' lang='grc' dir='ltr'><strong>Α</strong></span> <span class='ocrx_word' id='word_1_394' title='bbox 2084 376 2271 445; x_wconf 90' lang='lat' dir='ltr'><strong>ciunt;</strong></span> <span class='ocrx_word' id='word_1_395' title='bbox 2308 382 2438 449; x_wconf 24' lang='lat' dir='ltr'><strong>.imo</strong></span> <span class='ocrx_word' id='word_1_396' title='bbox 2466 386 2593 454; x_wconf 84' lang='lat' dir='ltr'><strong>quid</strong></span> <span class='ocrx_word' id='word_1_397' title='bbox 2632 390 2737 444; x_wconf 86' lang='lat' dir='ltr'><strong>tale</strong></span> <span class='ocrx_word' id='word_1_398' title='bbox 2769 402 2852 449; x_wconf 89' lang='lat' dir='ltr'><strong>est</strong></span> <span class='ocrx_word' id='word_1_399' title='bbox 2889 382 3030 466; x_wconf 83' lang='lat' dir='ltr'><strong>quod</strong></span> <span class='ocrx_word' id='word_1_400' title='bbox 3073 400 3126 457; x_wconf 91' lang='lat' dir='ltr'><strong>in</strong></span> <span class='ocrx_word' id='word_1_401' title='bbox 3159 403 3270 461; x_wconf 86' lang='lat' dir='ltr'><strong>Deo</strong></span> <span class='ocrx_word' id='word_1_402' title='bbox 3303 408 3433 481; x_wconf 80' lang='lat' dir='ltr'><strong>legis</strong></span> <span class='ocrx_word' id='word_1_403' title='bbox 3471 418 3658 474; x_wconf 87' lang='lat' dir='ltr'><strong>crimi-</strong></span> 
     </span>
    </p>
   </div>
   <div class='ocr_carea' id='block_1_52' title="bbox 2083 472 3649 577">
    <p class='ocr_par' dir='ltr' id='par_1_52' title="bbox 2083 472 3649 577">
     <span class='ocr_line' id='line_1_52' title="bbox 2083 472 3649 577; baseline 0.031 -59"><span class='ocrx_word' id='word_1_404' title='bbox 2083 478 2282 523; x_wconf 88' lang='lat' dir='ltr'><strong>nantur</strong></span> <span class='ocrx_word' id='word_1_405' title='bbox 2308 472 2438 545; x_wconf 80' lang='grc'>(85),</span> <span class='ocrx_word' id='word_1_406' title='bbox 2466 479 2626 546; x_wconf 86' lang='lat' dir='ltr'><strong>quale</strong></span> <span class='ocrx_word' id='word_1_407' title='bbox 2650 491 2733 537; x_wconf 85' lang='lat' dir='ltr'><strong>est</strong></span> <span class='ocrx_word' id='word_1_408' title='bbox 2765 494 2823 539; x_wconf 91' lang='lat' dir='ltr'><strong>ut</strong></span> <span class='ocrx_word' id='word_1_409' title='bbox 2854 503 2974 542; x_wconf 89' lang='lat' dir='ltr'><strong>eum</strong></span> <span class='ocrx_word' id='word_1_410' title='bbox 3004 496 3091 562; x_wconf 88' lang='lat' dir='ltr'><strong>qui</strong></span> <span class='ocrx_word' id='word_1_411' title='bbox 3120 497 3187 551; x_wconf 88' lang='lat' dir='ltr'><strong>ab</strong></span> <span class='ocrx_word' id='word_1_412' title='bbox 3214 498 3301 554; x_wconf 91' lang='lat' dir='ltr'><strong>his</strong></span> <span class='ocrx_word' id='word_1_413' title='bbox 3323 472 3493 562; x_wconf 68' lang='lat' dir='ltr'><strong>servis</strong></span> <span class='ocrx_word' id='word_1_414' title='bbox 3509 472 3649 577; x_wconf 80' lang='lat' dir='ltr'><strong>quos</strong></span> 
     </span>
    </p>
   </div>
   <div class='ocr_carea' id='block_1_53' title="bbox 2083 559 3634 667">
    <p class='ocr_par' dir='ltr' id='par_1_53' title="bbox 2083 559 3634 667">
     <span class='ocr_line' id='line_1_53' title="bbox 2083 559 3634 667; baseline 0.031 -59"><span class='ocrx_word' id='word_1_415' title='bbox 2083 559 2304 614; x_wconf 87' lang='lat' dir='ltr'><strong>miserat</strong></span> <span class='ocrx_word' id='word_1_416' title='bbox 2356 579 2554 621; x_wconf 87' lang='lat' dir='ltr'><strong>vocare</strong></span> <span class='ocrx_word' id='word_1_417' title='bbox 2610 571 2781 639; x_wconf 86' lang='lat' dir='ltr'><strong>bonos</strong></span> <span class='ocrx_word' id='word_1_418' title='bbox 2810 585 2865 629; x_wconf 91' lang='lat' dir='ltr'><strong>et</strong></span> <span class='ocrx_word' id='word_1_419' title='bbox 2909 582 3099 650; x_wconf 89' lang='lat' dir='ltr'><strong>malos,</strong></span> <span class='ocrx_word' id='word_1_420' title='bbox 3144 586 3319 646; x_wconf 90' lang='lat' dir='ltr'><strong>fuerat</strong></span> <span class='ocrx_word' id='word_1_421' title='bbox 3347 591 3634 667; x_wconf 88' lang='lat' dir='ltr'><strong>invitatus,</strong></span> 
     </span>
     <span class='ocr_line' id='line_1_54' title="bbox 2083 644 2739 667; baseline 0.027 -20"><span class='ocrx_word' id='word_1_422' title='bbox 2083 644 2281 667; x_wconf 31' lang='lat' dir='ltr'><strong>Lng</strong></span> <span class='ocrx_word' id='word_1_423' title='bbox 2708 663 2739 667; x_wconf 89' lang='lat'><strong>__</strong></span> 
     </span>
    </p>
   </div>
   <div class='ocr_carea' id='block_1_54' title="bbox 2072 644 3643 747">
    <p class='ocr_par' dir='ltr' id='par_1_54' title="bbox 2072 644 3643 747">
     <span class='ocr_line' id='line_1_55' title="bbox 3085 644 3634 667; baseline 0.033 -18"><span class='ocrx_word' id='word_1_424' title='bbox 3085 644 3096 650; x_wconf 87' lang='lat'><strong>-</strong></span> <span class='ocrx_word' id='word_1_425' title='bbox 3306 644 3634 667; x_wconf 35' lang='lat' dir='ltr'><strong>num-nu.</strong></span> 
     </span>
     <span class='ocr_line' id='line_1_56' title="bbox 2072 644 3643 747; baseline 0.032 -50"><span class='ocrx_word' id='word_1_426' title='bbox 2072 644 2287 711; x_wconf 75' lang='lat' dir='ltr'><strong>iuberet</strong></span> <span class='ocrx_word' id='word_1_427' title='bbox 2314 668 2412 720; x_wconf 92' lang='lat' dir='ltr'><strong>pro</strong></span> <span class='ocrx_word' id='word_1_428' title='bbox 2437 660 2824 719; x_wconf 90' lang='lat' dir='ltr'><strong>sordidioribus</strong></span> <span class='ocrx_word' id='word_1_429' title='bbox 2850 667 3176 733; x_wconf 90' lang='lat' dir='ltr'><strong>indumentis</strong></span> <span class='ocrx_word' id='word_1_430' title='bbox 3199 681 3436 740; x_wconf 90' lang='lat' dir='ltr'><strong>vinctum</strong></span> <span class='ocrx_word' id='word_1_431' title='bbox 3466 695 3643 747; x_wconf 88' lang='lat' dir='ltr'><strong>mani-</strong></span> 
     </span>
    </p>
   </div>
   <div class='ocr_carea' id='block_1_55' title="bbox 2075 734 3640 845">
    <p class='ocr_par' dir='ltr' id='par_1_55' title="bbox 2075 734 3640 845">
     <span class='ocr_line' id='line_1_57' title="bbox 2075 734 3640 845; baseline 0.032 -59"><span class='ocrx_word' id='word_1_432' title='bbox 2075 734 2177 788; x_wconf 82' lang='lat' dir='ltr'><strong>bus</strong></span> <span class='ocrx_word' id='word_1_433' title='bbox 2202 741 2530 811; x_wconf 88' lang='lat' dir='ltr'><strong>pedibusque</strong></span> <span class='ocrx_word' id='word_1_434' title='bbox 2559 749 2610 800; x_wconf 92' lang='lat' dir='ltr'><strong>in</strong></span> <span class='ocrx_word' id='word_1_435' title='bbox 2651 754 2950 811; x_wconf 73' lang='lat' dir='ltr'><strong>exteriores</strong></span> <span class='ocrx_word' id='word_1_436' title='bbox 2984 766 3235 822; x_wconf 88' lang='lat' dir='ltr'><strong>tenebras</strong></span> <span class='ocrx_word' id='word_1_437' title='bbox 3275 777 3640 845; x_wconf 67' lang='lat' dir='ltr'><strong>praecipitari?</strong></span> 
     </span>
    </p>
   </div>
   <div class='ocr_carea' id='block_1_56' title="bbox 2138 827 3637 934">
    <p class='ocr_par' dir='ltr' id='par_1_56' title="bbox 2138 827 3637 934">
     <span class='ocr_line' id='line_1_58' title="bbox 2138 827 3637 934; baseline 0.035 -57"><span class='ocrx_word' id='word_1_438' title='bbox 2138 827 2252 896; x_wconf 74' lang='lat'><strong>88</strong></span> <span class='ocrx_word' id='word_1_439' title='bbox 2283 832 2334 883; x_wconf 76' lang='lat'><strong>5.</strong></span> <span class='ocrx_word' id='word_1_440' title='bbox 2374 833 2439 887; x_wconf 86' lang='lat' dir='ltr'><strong>Et</strong></span> <span class='ocrx_word' id='word_1_441' title='bbox 2468 837 2583 893; x_wconf 67' lang='lat' dir='ltr'><strong>hzec</strong></span> <span class='ocrx_word' id='word_1_442' title='bbox 2628 844 2845 909; x_wconf 80' lang='lat' dir='ltr'><strong>quidem</strong></span> <span class='ocrx_word' id='word_1_443' title='bbox 2892 855 3137 910; x_wconf 79' lang='lat' dir='ltr'><strong>sufﬁcere</strong></span> <span class='ocrx_word' id='word_1_444' title='bbox 3176 827 3372 916; x_wconf 73' lang='lat' dir='ltr'><strong>debent</strong></span> <span class='ocrx_word' id='word_1_445' title='bbox 3403 827 3522 934; x_wconf 68' lang='lat' dir='ltr'><strong>quae</strong></span> <span class='ocrx_word' id='word_1_446' title='bbox 3568 886 3637 927; x_wconf 78' lang='lat' dir='ltr'><strong>ex</strong></span> 
     </span>
    </p>
   </div>
   <div class='ocr_carea' id='block_1_57' title="bbox 2074 924 3632 1020">
    <p class='ocr_par' dir='ltr' id='par_1_57' title="bbox 2074 924 3632 1020">
     <span class='ocr_line' id='line_1_59' title="bbox 2074 924 3632 1020; baseline 0.033 -51"><span class='ocrx_word' id='word_1_447' title='bbox 2074 924 2397 980; x_wconf 90' lang='lat' dir='ltr'><strong>auctoritate</strong></span> <span class='ocrx_word' id='word_1_448' title='bbox 2417 939 2809 1001; x_wconf 86' lang='lat' dir='ltr'><strong>assumpsimus</strong></span> <span class='ocrx_word' id='word_1_449' title='bbox 2824 941 3229 1012; x_wconf 79' lang='lat' dir='ltr'><strong>Scripturarum</strong></span> <span class='ocrx_word' id='word_1_450' title='bbox 3250 957 3314 1009; x_wconf 91' lang='lat' dir='ltr'><strong>ad</strong></span> <span class='ocrx_word' id='word_1_451' title='bbox 3339 958 3632 1020; x_wconf 79' lang='lat' dir='ltr'><strong>refellenda</strong></span> 
     </span>
    </p>
   </div>
   <div class='ocr_carea' id='block_1_58' title="bbox 2067 1015 3628 1108">
    <p class='ocr_par' dir='ltr' id='par_1_58' title="bbox 2067 1015 3628 1108">
     <span class='ocr_line' id='line_1_60' title="bbox 2067 1015 3628 1108; baseline 0.029 -46"><span class='ocrx_word' id='word_1_452' title='bbox 2067 1022 2126 1062; x_wconf 88' lang='lat' dir='ltr'><strong>ea</strong></span> <span class='ocrx_word' id='word_1_453' title='bbox 2156 1027 2275 1079; x_wconf 73' lang='lat' dir='ltr'><strong>qua:</strong></span> <span class='ocrx_word' id='word_1_454' title='bbox 2298 1015 2533 1074; x_wconf 69' lang='lat' dir='ltr'><strong>ltmretici</strong></span> <span class='ocrx_word' id='word_1_455' title='bbox 2566 1024 3079 1089; x_wconf 86' lang='lat' dir='ltr'><strong>obtendere&#39;solent.</strong></span> <span class='ocrx_word' id='word_1_456' title='bbox 3115 1039 3230 1093; x_wconf 88' lang='lat' dir='ltr'><strong>Non</strong></span> <span class='ocrx_word' id='word_1_457' title='bbox 3263 1052 3440 1102; x_wconf 84' lang='lat' dir='ltr'><strong>tamen</strong></span> <span class='ocrx_word' id='word_1_458' title='bbox 3472 1052 3628 1108; x_wconf 87' lang='lat' dir='ltr'><strong>inde-</strong></span> 
     </span>
    </p>
   </div>
   <div class='ocr_carea' id='block_1_59' title="bbox 2064 1106 3625 1203">
    <p class='ocr_par' dir='ltr' id='par_1_59' title="bbox 2064 1106 3625 1203">
     <span class='ocr_line' id='line_1_61' title="bbox 2064 1106 3625 1203; baseline 0.031 -52"><span class='ocrx_word' id='word_1_459' title='bbox 2064 1113 2189 1156; x_wconf 87' lang='lat' dir='ltr'><strong>cens</strong></span> <span class='ocrx_word' id='word_1_460' title='bbox 2237 1106 2524 1176; x_wconf 90' lang='lat' dir='ltr'><strong>videbitur,</strong></span> <span class='ocrx_word' id='word_1_461' title='bbox 2576 1116 2619 1169; x_wconf 91' lang='lat' dir='ltr'><strong>si</strong></span> <span class='ocrx_word' id='word_1_462' title='bbox 2659 1120 2821 1173; x_wconf 89' lang='lat' dir='ltr'><strong>etiam</strong></span> <span class='ocrx_word' id='word_1_463' title='bbox 2870 1139 2937 1178; x_wconf 82' lang='lat' dir='ltr'><strong>ex</strong></span> <span class='ocrx_word' id='word_1_464' title='bbox 2977 1129 3185 1186; x_wconf 91' lang='lat' dir='ltr'><strong>ratione</strong></span> <span class='ocrx_word' id='word_1_465' title='bbox 3229 1134 3397 1203; x_wconf 86' lang='lat' dir='ltr'><strong>ipsius</strong></span> <span class='ocrx_word' id='word_1_466' title='bbox 3428 1156 3625 1198; x_wconf 87' lang='lat' dir='ltr'><strong>conse-</strong></span> 
     </span>
    </p>
   </div>
   <div class='ocr_carea' id='block_1_60' title="bbox 2062 1195 3627 1301">
    <p class='ocr_par' dir='ltr' id='par_1_60' title="bbox 2062 1195 3627 1301">
     <span class='ocr_line' id='line_1_62' title="bbox 2062 1195 3627 1301; baseline 0.029 -61"><span class='ocrx_word' id='word_1_467' title='bbox 2062 1195 2294 1258; x_wconf 78' lang='lat' dir='ltr'><strong>quentiae</strong></span> <span class='ocrx_word' id='word_1_468' title='bbox 2328 1202 2511 1265; x_wconf 86' lang='lat' dir='ltr'><strong>paucis</strong></span> <span class='ocrx_word' id='word_1_469' title='bbox 2543 1219 2762 1272; x_wconf 85' lang='lat' dir='ltr'><strong>agamus</strong></span> <span class='ocrx_word' id='word_1_470' title='bbox 2797 1225 2916 1265; x_wconf 82' lang='lat' dir='ltr'><strong>Cum</strong></span> <span class='ocrx_word' id='word_1_471' title='bbox 2947 1215 3045 1274; x_wconf 83' lang='lat' dir='ltr'><strong>eis.</strong></span> <span class='ocrx_word' id='word_1_472' title='bbox 3071 1216 3471 1292; x_wconf 67' lang='lat' dir='ltr'><strong>[interrogamus</strong></span> <span class='ocrx_word' id='word_1_473' title='bbox 3497 1247 3627 1301; x_wconf 86' lang='lat' dir='ltr'><strong>ergo</strong></span> 
     </span>
    </p>
   </div>
   <div class='ocr_carea' id='block_1_61' title="bbox 2061 1285 3623 1377">
    <p class='ocr_par' dir='ltr' id='par_1_61' title="bbox 2061 1285 3623 1377">
     <span class='ocr_line' id='line_1_63' title="bbox 2061 1285 3623 1377; baseline 0.031 -47"><span class='ocrx_word' id='word_1_474' title='bbox 2061 1292 2155 1333; x_wconf 89' lang='lat' dir='ltr'><strong>eos</strong></span> <span class='ocrx_word' id='word_1_475' title='bbox 2190 1285 2233 1335; x_wconf 90' lang='lat' dir='ltr'><strong>si</strong></span> <span class='ocrx_word' id='word_1_476' title='bbox 2266 1298 2462 1341; x_wconf 89' lang='lat' dir='ltr'><strong>norunt</strong></span> <span class='ocrx_word' id='word_1_477' title='bbox 2511 1307 2628 1359; x_wconf 67' lang='lat' dir='ltr'><strong>quae</strong></span> <span class='ocrx_word' id='word_1_478' title='bbox 2652 1300 2792 1353; x_wconf 86' lang='lat' dir='ltr'><strong>ratio</strong></span> <span class='ocrx_word' id='word_1_479' title='bbox 2829 1304 2968 1366; x_wconf 88' lang='lat' dir='ltr'><strong>apud</strong></span> <span class='ocrx_word' id='word_1_480' title='bbox 3017 1306 3265 1365; x_wconf 90' lang='lat' dir='ltr'><strong>homines</strong></span> <span class='ocrx_word' id='word_1_481' title='bbox 3296 1305 3510 1374; x_wconf 83' lang='lat' dir='ltr'><strong>virtutis</strong></span> <span class='ocrx_word' id='word_1_482' title='bbox 3557 1338 3623 1377; x_wconf 89' lang='lat' dir='ltr'><strong>ac</strong></span> 
     </span>
    </p>
   </div>
   <div class='ocr_carea' id='block_1_62' title="bbox 2059 1369 3625 1475">
    <p class='ocr_par' dir='ltr' id='par_1_62' title="bbox 2059 1369 3625 1475">
     <span class='ocr_line' id='line_1_64' title="bbox 2059 1369 3625 1475; baseline 0.029 -55"><span class='ocrx_word' id='word_1_483' title='bbox 2059 1369 2275 1427; x_wconf 82' lang='lat' dir='ltr'><strong>maliti:e</strong></span> <span class='ocrx_word' id='word_1_484' title='bbox 2301 1375 2581 1449; x_wconf 88' lang='lat' dir='ltr'><strong>habeatur,</strong></span> <span class='ocrx_word' id='word_1_485' title='bbox 2626 1393 2680 1437; x_wconf 91' lang='lat' dir='ltr'><strong>et</strong></span> <span class='ocrx_word' id='word_1_486' title='bbox 2705 1387 2749 1440; x_wconf 94' lang='lat' dir='ltr'><strong>si</strong></span> <span class='ocrx_word' id='word_1_487' title='bbox 2780 1389 2991 1463; x_wconf 88' lang='lat' dir='ltr'><strong>videtur</strong></span> <span class='ocrx_word' id='word_1_488' title='bbox 3020 1411 3358 1469; x_wconf 78' lang='lat' dir='ltr'><strong>consequens</strong></span> <span class='ocrx_word' id='word_1_489' title='bbox 3392 1420 3531 1475; x_wconf 88' lang='lat' dir='ltr'><strong>esse,</strong></span> <span class='ocrx_word' id='word_1_490' title='bbox 3563 1422 3625 1465; x_wconf 92' lang='lat' dir='ltr'><strong>ut</strong></span> 
     </span>
    </p>
   </div>
   <div class='ocr_carea' id='block_1_63' title="bbox 2061 1462 3621 1565">
    <p class='ocr_par' dir='ltr' id='par_1_63' title="bbox 2061 1462 3621 1565">
     <span class='ocr_line' id='line_1_65' title="bbox 2061 1462 3621 1565; baseline 0.03 -52"><span class='ocrx_word' id='word_1_491' title='bbox 2061 1462 2288 1519; x_wconf 86' lang='lat' dir='ltr'><strong>virtutes</strong></span> <span class='ocrx_word' id='word_1_492' title='bbox 2312 1470 2553 1528; x_wconf 76' lang='lat' dir='ltr'><strong>dicmuus</strong></span> <span class='ocrx_word' id='word_1_493' title='bbox 2587 1476 2636 1529; x_wconf 90' lang='lat' dir='ltr'><strong>iu</strong></span> <span class='ocrx_word' id='word_1_494' title='bbox 2662 1480 2785 1547; x_wconf 87' lang='lat' dir='ltr'><strong>Deo,</strong></span> <span class='ocrx_word' id='word_1_495' title='bbox 2810 1486 2913 1551; x_wconf 90' lang='lat' dir='ltr'><strong>vel,</strong></span> <span class='ocrx_word' id='word_1_496' title='bbox 2935 1498 2991 1541; x_wconf 93' lang='lat' dir='ltr'><strong>ut</strong></span> <span class='ocrx_word' id='word_1_497' title='bbox 3014 1491 3139 1557; x_wconf 88' lang='lat' dir='ltr'><strong>ipsis</strong></span> <span class='ocrx_word' id='word_1_498' title='bbox 3158 1495 3391 1565; x_wconf 91' lang='lat' dir='ltr'><strong>videtur,</strong></span> <span class='ocrx_word' id='word_1_499' title='bbox 3416 1501 3466 1555; x_wconf 92' lang='lat' dir='ltr'><strong>in</strong></span> <span class='ocrx_word' id='word_1_500' title='bbox 3492 1503 3621 1561; x_wconf 92' lang='lat' dir='ltr'><strong>duo-</strong></span> 
     </span>
    </p>
   </div>
   <div class='ocr_carea' id='block_1_64' title="bbox 2055 1552 3616 1650">
    <p class='ocr_par' dir='ltr' id='par_1_64' title="bbox 2055 1552 3616 1650">
     <span class='ocr_line' id='line_1_66' title="bbox 2055 1552 3616 1650; baseline 0.029 -47"><span class='ocrx_word' id='word_1_501' title='bbox 2055 1552 2156 1607; x_wconf 87' lang='lat' dir='ltr'><strong>bus</strong></span> <span class='ocrx_word' id='word_1_502' title='bbox 2174 1555 2292 1611; x_wconf 91' lang='lat' dir='ltr'><strong>istis</strong></span> <span class='ocrx_word' id='word_1_503' title='bbox 2316 1560 2437 1615; x_wconf 87' lang='lat' dir='ltr'><strong>diis.</strong></span> <span class='ocrx_word' id='word_1_504' title='bbox 2460 1561 2836 1634; x_wconf 81' lang='lat' dir='ltr'><strong>Respondeant</strong></span> <span class='ocrx_word' id='word_1_505' title='bbox 2858 1575 2957 1630; x_wconf 91' lang='lat' dir='ltr'><strong>hoc</strong></span> <span class='ocrx_word' id='word_1_506' title='bbox 2980 1552 3222 1650; x_wconf 80' lang='lat' dir='ltr'><strong>quoque:</strong></span> <span class='ocrx_word' id='word_1_507' title='bbox 3247 1586 3290 1639; x_wconf 94' lang='lat' dir='ltr'><strong>si</strong></span> <span class='ocrx_word' id='word_1_508' title='bbox 3310 1588 3523 1645; x_wconf 79' lang='lat' dir='ltr'><strong>videtur</strong></span> <span class='ocrx_word' id='word_1_509' title='bbox 3537 1596 3616 1649; x_wconf 88' lang='lat' dir='ltr'><strong>eis</strong></span> 
     </span>
    </p>
   </div>
   <div class='ocr_carea' id='block_1_65' title="bbox 2052 1642 3618 1743">
    <p class='ocr_par' dir='ltr' id='par_1_65' title="bbox 2052 1642 3618 1743">
     <span class='ocr_line' id='line_1_67' title="bbox 2052 1642 3618 1743; baseline 0.03 -49"><span class='ocrx_word' id='word_1_510' title='bbox 2052 1642 2262 1700; x_wconf 86' lang='lat' dir='ltr'><strong>bonitas</strong></span> <span class='ocrx_word' id='word_1_511' title='bbox 2296 1651 2466 1706; x_wconf 89' lang='lat' dir='ltr'><strong>virtus</strong></span> <span class='ocrx_word' id='word_1_512' title='bbox 2494 1655 2603 1726; x_wconf 73' lang='grc'>(84)</span> <span class='ocrx_word' id='word_1_513' title='bbox 2630 1673 2747 1715; x_wconf 83' lang='lat' dir='ltr'><strong>esse</strong></span> <span class='ocrx_word' id='word_1_514' title='bbox 2773 1642 3155 1738; x_wconf 40' lang='lat' dir='ltr'><strong>aliqum—quod</strong></span> <span class='ocrx_word' id='word_1_515' title='bbox 3185 1686 3314 1743; x_wconf 87' lang='lat' dir='ltr'><strong>puto</strong></span> <span class='ocrx_word' id='word_1_516' title='bbox 3351 1681 3468 1737; x_wconf 92' lang='lat' dir='ltr'><strong>sine</strong></span> <span class='ocrx_word' id='word_1_517' title='bbox 3515 1686 3618 1739; x_wconf 82' lang='lat' dir='ltr'><strong>du-</strong></span> 
     </span>
    </p>
   </div>
   <div class='ocr_carea' id='block_1_66' title="bbox 2047 1732 3613 1833">
    <p class='ocr_par' dir='ltr' id='par_1_66' title="bbox 2047 1732 3613 1833">
     <span class='ocr_line' id='line_1_68' title="bbox 2047 1732 3613 1833; baseline 0.029 -47"><span class='ocrx_word' id='word_1_518' title='bbox 2047 1732 2135 1789; x_wconf 90' lang='lat' dir='ltr'><strong>bio</strong></span> <span class='ocrx_word' id='word_1_519' title='bbox 2170 1736 2497 1812; x_wconf 88' lang='lat' dir='ltr'><strong>fatebuntur,</strong></span> <span class='ocrx_word' id='word_1_520' title='bbox 2530 1749 2658 1815; x_wconf 92' lang='lat' dir='ltr'><strong>quid</strong></span> <span class='ocrx_word' id='word_1_521' title='bbox 2697 1732 3074 1815; x_wconf 18' lang='lat' dir='ltr'><strong>etiamidiccnt</strong></span> <span class='ocrx_word' id='word_1_522' title='bbox 3106 1732 3440 1833; x_wconf 68' lang='lat' dir='ltr'><strong>dejustitia?</strong></span> <span class='ocrx_word' id='word_1_523' title='bbox 3466 1775 3613 1831; x_wconf 85' lang='lat' dir='ltr'><strong>Nun-</strong></span> 
     </span>
    </p>
   </div>
   <div class='ocr_carea' id='block_1_67' title="bbox 2041 1832 3609 1931">
    <p class='ocr_par' dir='ltr' id='par_1_67' title="bbox 2041 1832 3609 1931">
     <span class='ocr_line' id='line_1_69' title="bbox 2041 1832 3609 1931; baseline 0.029 -55"><span class='ocrx_word' id='word_1_524' title='bbox 2041 1839 2203 1893; x_wconf 91' lang='lat' dir='ltr'><strong>quam</strong></span> <span class='ocrx_word' id='word_1_525' title='bbox 2252 1832 2515 1899; x_wconf 87' lang='lat' dir='ltr'><strong>profecto,</strong></span> <span class='ocrx_word' id='word_1_526' title='bbox 2550 1847 2606 1891; x_wconf 92' lang='lat' dir='ltr'><strong>ut</strong></span> <span class='ocrx_word' id='word_1_527' title='bbox 2649 1842 2777 1895; x_wconf 90' lang='lat' dir='ltr'><strong>mihi</strong></span> <span class='ocrx_word' id='word_1_528' title='bbox 2813 1844 3043 1916; x_wconf 89' lang='lat' dir='ltr'><strong>videtur,</strong></span> <span class='ocrx_word' id='word_1_529' title='bbox 3095 1853 3170 1907; x_wconf 91' lang='lat' dir='ltr'><strong>ita</strong></span> <span class='ocrx_word' id='word_1_530' title='bbox 3205 1857 3609 1931; x_wconf 79' lang='lat' dir='ltr'><strong>desipient,&#39;ut</strong></span> 
     </span>
    </p>
   </div>
   <div class='ocr_carea' id='block_1_68' title="bbox 2031 1913 3608 2011">
    <p class='ocr_par' dir='ltr' id='par_1_68' title="bbox 2031 1913 3608 2011">
     <span class='ocr_line' id='line_1_70' title="bbox 2031 1913 3608 2011; baseline 0.029 -46"><span class='ocrx_word' id='word_1_531' title='bbox 2031 1913 2294 1981; x_wconf 88' lang='lat' dir='ltr'><strong>justitiam</strong></span> <span class='ocrx_word' id='word_1_532' title='bbox 2325 1935 2518 1992; x_wconf 81' lang='lat' dir='ltr'><strong>negent</strong></span> <span class='ocrx_word' id='word_1_533' title='bbox 2548 1941 2667 1983; x_wconf 91' lang='lat' dir='ltr'><strong>esse</strong></span> <span class='ocrx_word' id='word_1_534' title='bbox 2701 1932 2973 1991; x_wconf 89' lang='lat' dir='ltr'><strong>virtutem.</strong></span> <span class='ocrx_word' id='word_1_535' title='bbox 3021 1940 3162 2010; x_wconf 86' lang='lat' dir='ltr'><strong>Ergo</strong></span> <span class='ocrx_word' id='word_1_536' title='bbox 3202 1950 3244 1999; x_wconf 93' lang='lat' dir='ltr'><strong>si</strong></span> <span class='ocrx_word' id='word_1_537' title='bbox 3274 1948 3471 2006; x_wconf 89' lang='lat' dir='ltr'><strong>bonmn</strong></span> <span class='ocrx_word' id='word_1_538' title='bbox 3499 1957 3608 2011; x_wconf 81' lang='lat' dir='ltr'><strong>vir-</strong></span> 
     </span>
    </p>
   </div>
   <div class='ocr_carea' id='block_1_69' title="bbox 2038 2009 3604 2101">
    <p class='ocr_par' dir='ltr' id='par_1_69' title="bbox 2038 2009 3604 2101">
     <span class='ocr_line' id='line_1_71' title="bbox 2038 2009 3604 2101; baseline 0.029 -45"><span class='ocrx_word' id='word_1_539' title='bbox 2038 2013 2146 2071; x_wconf 91' lang='lat' dir='ltr'><strong>tus,</strong></span> <span class='ocrx_word' id='word_1_540' title='bbox 2171 2016 2222 2061; x_wconf 91' lang='lat' dir='ltr'><strong>et</strong></span> <span class='ocrx_word' id='word_1_541' title='bbox 2246 2009 2451 2077; x_wconf 86' lang='lat' dir='ltr'><strong>justitia</strong></span> <span class='ocrx_word' id='word_1_542' title='bbox 2478 2015 2648 2072; x_wconf 89' lang='lat' dir='ltr'><strong>virtus</strong></span> <span class='ocrx_word' id='word_1_543' title='bbox 2672 2032 2775 2088; x_wconf 91' lang='lat' dir='ltr'><strong>est,</strong></span> <span class='ocrx_word' id='word_1_544' title='bbox 2819 2024 2936 2080; x_wconf 92' lang='lat' dir='ltr'><strong>sine</strong></span> <span class='ocrx_word' id='word_1_545' title='bbox 2958 2009 3119 2085; x_wconf 86' lang='lat' dir='ltr'><strong>dubio</strong></span> <span class='ocrx_word' id='word_1_546' title='bbox 3148 2033 3363 2101; x_wconf 90' lang='lat' dir='ltr'><strong>justitia</strong></span> <span class='ocrx_word' id='word_1_547' title='bbox 3392 2042 3604 2101; x_wconf 86' lang='lat' dir='ltr'><strong>bonitas</strong></span> 
     </span>
    </p>
   </div>
   <div class='ocr_carea' id='block_1_70' title="bbox 2031 2096 3599 2203">
    <p class='ocr_par' dir='ltr' id='par_1_70' title="bbox 2031 2096 3599 2203">
     <span class='ocr_line' id='line_1_72' title="bbox 2031 2096 3599 2203; baseline 0.028 -55"><span class='ocrx_word' id='word_1_548' title='bbox 2031 2106 2117 2149; x_wconf 92' lang='lat' dir='ltr'><strong>est</strong></span> <span class='ocrx_word' id='word_1_549' title='bbox 2143 2096 2275 2168; x_wconf 84' lang='grc'>(85).</span> <span class='ocrx_word' id='word_1_550' title='bbox 2304 2100 2360 2154; x_wconf 92' lang='lat' dir='ltr'><strong>Si</strong></span> <span class='ocrx_word' id='word_1_551' title='bbox 2385 2118 2510 2159; x_wconf 90' lang='lat' dir='ltr'><strong>vero</strong></span> <span class='ocrx_word' id='word_1_552' title='bbox 2543 2108 2779 2167; x_wconf 73' lang='lat' dir='ltr'><strong>dixerint</strong></span> <span class='ocrx_word' id='word_1_553' title='bbox 2814 2132 2918 2172; x_wconf 91' lang='lat' dir='ltr'><strong>non</strong></span> <span class='ocrx_word' id='word_1_554' title='bbox 2944 2135 3062 2176; x_wconf 90' lang='lat' dir='ltr'><strong>esse</strong></span> <span class='ocrx_word' id='word_1_555' title='bbox 3084 2124 3599 2203; x_wconf 90' lang='lat' dir='ltr'><strong>bonumjustitiam,</strong></span> 
     </span>
    </p>
   </div>
   <div class='ocr_carea' id='block_1_71' title="bbox 2029 2196 3596 2294">
    <p class='ocr_par' dir='ltr' id='par_1_71' title="bbox 2029 2196 3596 2294">
     <span class='ocr_line' id='line_1_73' title="bbox 2029 2196 3596 2294; baseline 0.029 -59"><span class='ocrx_word' id='word_1_556' title='bbox 2029 2196 2279 2254; x_wconf 85' lang='lat' dir='ltr'><strong>superest</strong></span> <span class='ocrx_word' id='word_1_557' title='bbox 2306 2198 2363 2243; x_wconf 91' lang='lat' dir='ltr'><strong>ut</strong></span> <span class='ocrx_word' id='word_1_558' title='bbox 2400 2203 2493 2247; x_wconf 88' lang='lat' dir='ltr'><strong>aut</strong></span> <span class='ocrx_word' id='word_1_559' title='bbox 2518 2197 2713 2252; x_wconf 88' lang='lat' dir='ltr'><strong>malum</strong></span> <span class='ocrx_word' id='word_1_560' title='bbox 2747 2204 2838 2268; x_wconf 91' lang='lat' dir='ltr'><strong>sit,</strong></span> <span class='ocrx_word' id='word_1_561' title='bbox 2881 2218 2972 2261; x_wconf 91' lang='lat' dir='ltr'><strong>aut</strong></span> <span class='ocrx_word' id='word_1_562' title='bbox 3002 2196 3338 2271; x_wconf 76' lang='lat' dir='ltr'><strong>indili‘erens.</strong></span> <span class='ocrx_word' id='word_1_563' title='bbox 3370 2222 3434 2275; x_wconf 87' lang='lat' dir='ltr'><strong>Et</strong></span> <span class='ocrx_word' id='word_1_564' title='bbox 3472 2226 3596 2294; x_wconf 83' lang='lat' dir='ltr'><strong>qui—</strong></span> 
     </span>
    </p>
   </div>
   <div class='ocr_carea' id='block_1_72' title="bbox 2025 2276 3597 2379">
    <p class='ocr_par' dir='ltr' id='par_1_72' title="bbox 2025 2276 3597 2379">
     <span class='ocr_line' id='line_1_74' title="bbox 2025 2276 3597 2379; baseline 0.029 -51"><span class='ocrx_word' id='word_1_565' title='bbox 2025 2276 2165 2331; x_wconf 89' lang='lat' dir='ltr'><strong>dem</strong></span> <span class='ocrx_word' id='word_1_566' title='bbox 2204 2281 2505 2339; x_wconf 89' lang='lat' dir='ltr'><strong>dicentibus</strong></span> <span class='ocrx_word' id='word_1_567' title='bbox 2546 2289 2744 2346; x_wconf 86' lang='lat' dir='ltr'><strong>malum</strong></span> <span class='ocrx_word' id='word_1_568' title='bbox 2793 2300 3221 2367; x_wconf 89' lang='lat' dir='ltr'><strong>esse-justitiam</strong></span> <span class='ocrx_word' id='word_1_569' title='bbox 3266 2317 3597 2379; x_wconf 84' lang='lat' dir='ltr'><strong>respondere</strong></span> 
     </span>
    </p>
   </div>
   <div class='ocr_carea' id='block_1_73' title="bbox 2023 2366 3592 2472">
    <p class='ocr_par' dir='ltr' id='par_1_73' title="bbox 2023 2366 3592 2472">
     <span class='ocr_line' id='line_1_75' title="bbox 2023 2366 3592 2472; baseline 0.027 -53"><span class='ocrx_word' id='word_1_570' title='bbox 2023 2366 2261 2437; x_wconf 91' lang='lat' dir='ltr'><strong>ineptum</strong></span> <span class='ocrx_word' id='word_1_571' title='bbox 2294 2384 2440 2442; x_wconf 88' lang='lat' dir='ltr'><strong>puto.</strong></span> <span class='ocrx_word' id='word_1_572' title='bbox 2466 2377 2702 2436; x_wconf 82' lang='lat' dir='ltr'><strong>Videbor</strong></span> <span class='ocrx_word' id='word_1_573' title='bbox 2729 2387 2870 2441; x_wconf 91' lang='lat' dir='ltr'><strong>enim</strong></span> <span class='ocrx_word' id='word_1_574' title='bbox 2892 2392 2973 2444; x_wconf 86' lang='lat' dir='ltr'><strong>vel</strong></span> <span class='ocrx_word' id='word_1_575' title='bbox 3003 2393 3210 2451; x_wconf 89' lang='lat' dir='ltr'><strong>insanis</strong></span> <span class='ocrx_word' id='word_1_576' title='bbox 3226 2406 3592 2472; x_wconf 85' lang='lat' dir='ltr'><strong>sermonibus,</strong></span> 
     </span>
    </p>
   </div>
   <div class='ocr_carea' id='block_1_74' title="bbox 2020 2459 3590 2554">
    <p class='ocr_par' dir='ltr' id='par_1_74' title="bbox 2020 2459 3590 2554">
     <span class='ocr_line' id='line_1_76' title="bbox 2020 2459 3590 2554; baseline 0.029 -46"><span class='ocrx_word' id='word_1_577' title='bbox 2020 2459 2101 2511; x_wconf 88' lang='lat' dir='ltr'><strong>vel</strong></span> <span class='ocrx_word' id='word_1_578' title='bbox 2128 2473 2302 2517; x_wconf 88' lang='lat' dir='ltr'><strong>mente</strong></span> <span class='ocrx_word' id='word_1_579' title='bbox 2327 2468 2484 2521; x_wconf 91' lang='lat' dir='ltr'><strong>motis</strong></span> <span class='ocrx_word' id='word_1_580' title='bbox 2505 2470 2812 2531; x_wconf 79' lang='lat' dir='ltr'><strong>heminibus</strong></span> <span class='ocrx_word' id='word_1_581' title='bbox 2844 2484 3191 2550; x_wconf 88' lang='lat' dir='ltr'><strong>respondere.</strong></span> <span class='ocrx_word' id='word_1_582' title='bbox 3221 2489 3419 2547; x_wconf 85' lang='lat' dir='ltr'><strong>Malum</strong></span> <span class='ocrx_word' id='word_1_583' title='bbox 3445 2499 3590 2554; x_wconf 90' lang='lat' dir='ltr'><strong>enim</strong></span> 
     </span>
    </p>
   </div>
   <div class='ocr_carea' id='block_1_75' title="bbox 2019 2553 3590 2644">
    <p class='ocr_par' dir='ltr' id='par_1_75' title="bbox 2019 2553 3590 2644">
     <span class='ocr_line' id='line_1_77' title="bbox 2019 2553 3590 2644; baseline 0.031 -49"><span class='ocrx_word' id='word_1_584' title='bbox 2019 2553 2287 2611; x_wconf 91' lang='lat' dir='ltr'><strong>quomodo</strong></span> <span class='ocrx_word' id='word_1_585' title='bbox 2321 2554 2591 2612; x_wconf 88' lang='lat' dir='ltr'><strong>videbitur</strong></span> <span class='ocrx_word' id='word_1_586' title='bbox 2628 2564 2679 2615; x_wconf 89' lang='lat' dir='ltr'><strong>id</strong></span> <span class='ocrx_word' id='word_1_587' title='bbox 2719 2571 2862 2633; x_wconf 92' lang='lat' dir='ltr'><strong>quod</strong></span> <span class='ocrx_word' id='word_1_588' title='bbox 2904 2571 3061 2628; x_wconf 83' lang='lat' dir='ltr'><strong>bonis</strong></span> <span class='ocrx_word' id='word_1_589' title='bbox 3101 2577 3243 2633; x_wconf 91' lang='lat' dir='ltr'><strong>bona</strong></span> <span class='ocrx_word' id='word_1_590' title='bbox 3286 2553 3590 2644; x_wconf 80' lang='lat' dir='ltr'><strong>retribuere</strong></span> 
     </span>
    </p>
   </div>
   <div class='ocr_carea' id='block_1_76' title="bbox 2017 2641 3588 2736">
    <p class='ocr_par' dir='ltr' id='par_1_76' title="bbox 2017 2641 3588 2736">
     <span class='ocr_line' id='line_1_78' title="bbox 2017 2641 3588 2736; baseline 0.031 -49"><span class='ocrx_word' id='word_1_591' title='bbox 2017 2645 2213 2703; x_wconf 89' lang='lat' dir='ltr'><strong>potest,</strong></span> <span class='ocrx_word' id='word_1_592' title='bbox 2250 2641 2388 2695; x_wconf 87' lang='lat' dir='ltr'><strong>sicut</strong></span> <span class='ocrx_word' id='word_1_593' title='bbox 2417 2647 2577 2701; x_wconf 90' lang='lat' dir='ltr'><strong>etiam</strong></span> <span class='ocrx_word' id='word_1_594' title='bbox 2605 2651 2702 2719; x_wconf 90' lang='lat' dir='ltr'><strong>ipsi</strong></span> <span class='ocrx_word' id='word_1_595' title='bbox 2729 2656 3001 2715; x_wconf 86' lang='lat' dir='ltr'><strong>fatentur?</strong></span> <span class='ocrx_word' id='word_1_596' title='bbox 3033 2666 3088 2719; x_wconf 93' lang='lat' dir='ltr'><strong>Si</strong></span> <span class='ocrx_word' id='word_1_597' title='bbox 3114 2684 3242 2724; x_wconf 89' lang='lat' dir='ltr'><strong>vero</strong></span> <span class='ocrx_word' id='word_1_598' title='bbox 3270 2674 3588 2736; x_wconf 76' lang='lat' dir='ltr'><strong>inditierens</strong></span> 
     </span>
    </p>
   </div>
   <div class='ocr_carea' id='block_1_77' title="bbox 2015 2723 3585 2823">
    <p class='ocr_par' dir='ltr' id='par_1_77' title="bbox 2015 2723 3585 2823">
     <span class='ocr_line' id='line_1_79' title="bbox 2015 2723 3585 2823; baseline 0.031 -49"><span class='ocrx_word' id='word_1_599' title='bbox 2015 2723 2277 2791; x_wconf 79' lang='lat' dir='ltr'><strong>dixerint,</strong></span> <span class='ocrx_word' id='word_1_600' title='bbox 2310 2745 2650 2803; x_wconf 88' lang='lat' dir='ltr'><strong>consequens</strong></span> <span class='ocrx_word' id='word_1_601' title='bbox 2680 2753 2762 2797; x_wconf 91' lang='lat' dir='ltr'><strong>est</strong></span> <span class='ocrx_word' id='word_1_602' title='bbox 2794 2755 2850 2799; x_wconf 91' lang='lat' dir='ltr'><strong>ut</strong></span> <span class='ocrx_word' id='word_1_603' title='bbox 2881 2764 3003 2803; x_wconf 91' lang='lat' dir='ltr'><strong>cum</strong></span> <span class='ocrx_word' id='word_1_604' title='bbox 3026 2753 3236 2822; x_wconf 91' lang='lat' dir='ltr'><strong>justitia</strong></span> <span class='ocrx_word' id='word_1_605' title='bbox 3271 2762 3585 2823; x_wconf 73' lang='lat' dir='ltr'><strong>indifferens</strong></span> 
     </span>
    </p>
   </div>
   <div class='ocr_carea' id='block_1_78' title="bbox 2012 2817 3585 2919">
    <p class='ocr_par' dir='ltr' id='par_1_78' title="bbox 2012 2817 3585 2919">
     <span class='ocr_line' id='line_1_80' title="bbox 2012 2817 3585 2919; baseline 0.029 -52"><span class='ocrx_word' id='word_1_606' title='bbox 2012 2817 2103 2879; x_wconf 86' lang='lat' dir='ltr'><strong>sit,</strong></span> <span class='ocrx_word' id='word_1_607' title='bbox 2134 2827 2186 2872; x_wconf 91' lang='lat' dir='ltr'><strong>et</strong></span> <span class='ocrx_word' id='word_1_608' title='bbox 2208 2822 2474 2880; x_wconf 87' lang='lat' dir='ltr'><strong>sobrietas</strong></span> <span class='ocrx_word' id='word_1_609' title='bbox 2502 2838 2555 2882; x_wconf 93' lang='lat' dir='ltr'><strong>et</strong></span> <span class='ocrx_word' id='word_1_610' title='bbox 2579 2832 2866 2898; x_wconf 86' lang='lat' dir='ltr'><strong>prudentia</strong></span> <span class='ocrx_word' id='word_1_611' title='bbox 2905 2848 2961 2892; x_wconf 90' lang='lat' dir='ltr'><strong>et</strong></span> <span class='ocrx_word' id='word_1_612' title='bbox 3000 2856 3191 2901; x_wconf 87' lang='lat' dir='ltr'><strong>omnes</strong></span> <span class='ocrx_word' id='word_1_613' title='bbox 3225 2850 3443 2919; x_wconf 69' lang='lat' dir='ltr'><strong>reliquae</strong></span> <span class='ocrx_word' id='word_1_614' title='bbox 3471 2860 3585 2911; x_wconf 86' lang='lat' dir='ltr'><strong>vir-</strong></span> 
     </span>
    </p>
   </div>
   <div class='ocr_carea' id='block_1_79' title="bbox 2011 2910 3580 3011">
    <p class='ocr_par' dir='ltr' id='par_1_79' title="bbox 2011 2910 3580 3011">
     <span class='ocr_line' id='line_1_81' title="bbox 2011 2910 3580 3011; baseline 0.031 -53"><span class='ocrx_word' id='word_1_615' title='bbox 2011 2914 2151 2961; x_wconf 90' lang='lat' dir='ltr'><strong>tutes</strong></span> <span class='ocrx_word' id='word_1_616' title='bbox 2185 2910 2554 2973; x_wconf 80' lang='lat' dir='ltr'><strong>indiﬂ‘erentes</strong></span> <span class='ocrx_word' id='word_1_617' title='bbox 2584 2920 2909 2982; x_wconf 87' lang='lat' dir='ltr'><strong>habeantur.</strong></span> <span class='ocrx_word' id='word_1_618' title='bbox 2961 2931 3025 2985; x_wconf 86' lang='lat' dir='ltr'><strong>Et</strong></span> <span class='ocrx_word' id='word_1_619' title='bbox 3053 2936 3183 3003; x_wconf 91' lang='lat' dir='ltr'><strong>quid</strong></span> <span class='ocrx_word' id='word_1_620' title='bbox 3226 2949 3580 3011; x_wconf 85' lang='lat' dir='ltr'><strong>respondebi-</strong></span> 
     </span>
    </p>
   </div>
   <div class='ocr_carea' id='block_1_80' title="bbox 1929 2996 3576 3102">
    <p class='ocr_par' dir='ltr' id='par_1_80' title="bbox 1929 2996 3576 3102">
     <span class='ocr_line' id='line_1_82' title="bbox 1929 2996 3576 3102; baseline 0.031 -58"><span class='ocrx_word' id='word_1_621' title='bbox 1929 3022 1972 3080; x_wconf 63' lang='grc' dir='ltr'>ο</span> <span class='ocrx_word' id='word_1_622' title='bbox 2008 3012 2126 3051; x_wconf 91' lang='lat' dir='ltr'><strong>mus</strong></span> <span class='ocrx_word' id='word_1_623' title='bbox 2150 2996 2317 3056; x_wconf 78' lang='lat' dir='ltr'><strong>Paulo</strong></span> <span class='ocrx_word' id='word_1_624' title='bbox 2345 3005 2575 3063; x_wconf 88' lang='lat' dir='ltr'><strong>dicenti:</strong></span> <span class='ocrx_word' id='word_1_625' title='bbox 2603 3028 2623 3061; x_wconf 71' lang='grc' dir='ltr'><strong>ι</strong></span> <span class='ocrx_word' id='word_1_626' title='bbox 2658 3012 2713 3067; x_wconf 92' lang='lat' dir='ltr'><strong>Si</strong></span> <span class='ocrx_word' id='word_1_627' title='bbox 2747 3030 2849 3084; x_wconf 85' lang='lat' dir='ltr'><strong>qua</strong></span> <span class='ocrx_word' id='word_1_628' title='bbox 2880 2996 3134 3088; x_wconf 51' lang='lat' dir='ltr'><strong>virtus,-si</strong></span> <span class='ocrx_word' id='word_1_629' title='bbox 3162 3043 3264 3096; x_wconf 89' lang='lat' dir='ltr'><strong>qua</strong></span> <span class='ocrx_word' id='word_1_630' title='bbox 3298 2996 3434 3102; x_wconf 65' lang='lat' dir='ltr'><strong>laus,</strong></span> <span class='ocrx_word' id='word_1_631' title='bbox 3460 3038 3576 3097; x_wconf 68' lang='lat' dir='ltr'><strong>haec</strong></span> 
     </span>
    </p>
   </div>
   <div class='ocr_carea' id='block_1_81' title="bbox 2006 3085 3575 3192">
    <p class='ocr_par' dir='ltr' id='par_1_81' title="bbox 2006 3085 3575 3192">
     <span class='ocr_line' id='line_1_83' title="bbox 2006 3085 3575 3192; baseline 0.029 -54"><span class='ocrx_word' id='word_1_632' title='bbox 2006 3085 2237 3154; x_wconf 78' lang='lat' dir='ltr'><strong>cogitate</strong></span> <span class='ocrx_word' id='word_1_633' title='bbox 2266 3105 2385 3159; x_wconf 67' lang='lat' dir='ltr'><strong>quae</strong></span> <span class='ocrx_word' id='word_1_634' title='bbox 2425 3096 2709 3167; x_wconf 84' lang='lat' dir='ltr'><strong>didicistis,</strong></span> <span class='ocrx_word' id='word_1_635' title='bbox 2744 3114 2793 3159; x_wconf 86' lang='lat' dir='ltr'><strong>et</strong></span> <span class='ocrx_word' id='word_1_636' title='bbox 2824 3085 3129 3179; x_wconf 83' lang='lat' dir='ltr'><strong>accepistis,</strong></span> <span class='ocrx_word' id='word_1_637' title='bbox 3162 3085 3214 3172; x_wconf 76' lang='lat' dir='ltr'><strong>et</strong></span> <span class='ocrx_word' id='word_1_638' title='bbox 3235 3085 3485 3192; x_wconf 76' lang='lat' dir='ltr'><strong>audistis,</strong></span> <span class='ocrx_word' id='word_1_639' title='bbox 3519 3139 3575 3184; x_wconf 86' lang='lat' dir='ltr'><strong>et</strong></span> 
     </span>
    </p>
   </div>
   <div class='ocr_carea' id='block_1_82' title="bbox 2002 3176 3571 3276">
    <p class='ocr_par' dir='ltr' id='par_1_82' title="bbox 2002 3176 3571 3276">
     <span class='ocr_line' id='line_1_84' title="bbox 2002 3176 3571 3276; baseline 0.031 -49"><span class='ocrx_word' id='word_1_640' title='bbox 2002 3176 2211 3234; x_wconf 77' lang='lat' dir='ltr'><strong>vidistis</strong></span> <span class='ocrx_word' id='word_1_641' title='bbox 2266 3182 2319 3236; x_wconf 89' lang='lat' dir='ltr'><strong>in</strong></span> <span class='ocrx_word' id='word_1_642' title='bbox 2379 3190 2463 3239; x_wconf 84' lang='lat' dir='ltr'><strong>me</strong></span> <span class='ocrx_word' id='word_1_643' title='bbox 2497 3189 2575 3242; x_wconf 65' lang='lat'><strong>9°?</strong></span> <span class='ocrx_word' id='word_1_644' title='bbox 2628 3210 2647 3243; x_wconf 77' lang='grc' dir='ltr'><strong>ι</strong></span> <span class='ocrx_word' id='word_1_645' title='bbox 2710 3176 3109 3272; x_wconf 42' lang='lat' dir='ltr'><strong>Discant—ergo</strong></span> <span class='ocrx_word' id='word_1_646' title='bbox 3162 3224 3571 3276; x_wconf 80' lang='lat' dir='ltr'><strong>perscrutantes</strong></span> 
     </span>
    </p>
   </div>
   <div class='ocr_carea' id='block_1_83' title="bbox 2002 3263 3570 3371">
    <p class='ocr_par' dir='ltr' id='par_1_83' title="bbox 2002 3263 3570 3371">
     <span class='ocr_line' id='line_1_85' title="bbox 2002 3263 3570 3371; baseline 0.029 -54"><span class='ocrx_word' id='word_1_647' title='bbox 2002 3263 2310 3335; x_wconf 87' lang='lat' dir='ltr'><strong>Scripturas</strong></span> <span class='ocrx_word' id='word_1_648' title='bbox 2342 3273 2573 3344; x_wconf 86' lang='lat' dir='ltr'><strong>divinas,</strong></span> <span class='ocrx_word' id='word_1_649' title='bbox 2615 3296 2733 3349; x_wconf 85' lang='lat' dir='ltr'><strong>quae</strong></span> <span class='ocrx_word' id='word_1_650' title='bbox 2768 3297 2891 3341; x_wconf 92' lang='lat' dir='ltr'><strong>sunt</strong></span> <span class='ocrx_word' id='word_1_651' title='bbox 2942 3291 3169 3361; x_wconf 83' lang='lat' dir='ltr'><strong>singulae</strong></span> <span class='ocrx_word' id='word_1_652' title='bbox 3217 3300 3462 3371; x_wconf 80' lang='lat' dir='ltr'><strong>virtutes,</strong></span> <span class='ocrx_word' id='word_1_653' title='bbox 3515 3316 3570 3362; x_wconf 90' lang='lat' dir='ltr'><strong>et</strong></span> 
     </span>
    </p>
   </div>
   <div class='ocr_carea' id='block_1_84' title="bbox 1999 3355 3566 3467">
    <p class='ocr_par' dir='ltr' id='par_1_84' title="bbox 1999 3355 3566 3467">
     <span class='ocr_line' id='line_1_86' title="bbox 1999 3355 3566 3467; baseline 0.032 -63"><span class='ocrx_word' id='word_1_654' title='bbox 1999 3367 2104 3407; x_wconf 90' lang='lat' dir='ltr'><strong>non</strong></span> <span class='ocrx_word' id='word_1_655' title='bbox 2126 3355 2429 3428; x_wconf 76' lang='lat' dir='ltr'><strong>subripiunt</strong></span> <span class='ocrx_word' id='word_1_656' title='bbox 2455 3365 2509 3418; x_wconf 92' lang='lat' dir='ltr'><strong>in</strong></span> <span class='ocrx_word' id='word_1_657' title='bbox 2551 3368 2655 3423; x_wconf 88' lang='lat' dir='ltr'><strong>hoc</strong></span> <span class='ocrx_word' id='word_1_658' title='bbox 2684 3376 2826 3439; x_wconf 91' lang='lat' dir='ltr'><strong>quod</strong></span> <span class='ocrx_word' id='word_1_659' title='bbox 2850 3355 3060 3447; x_wconf 62' lang='lat' dir='ltr'><strong>dicunf,</strong></span> <span class='ocrx_word' id='word_1_660' title='bbox 3086 3387 3210 3451; x_wconf 87' lang='lat' dir='ltr'><strong>quia</strong></span> <span class='ocrx_word' id='word_1_661' title='bbox 3238 3388 3281 3442; x_wconf 93' lang='lat' dir='ltr'><strong>is</strong></span> <span class='ocrx_word' id='word_1_662' title='bbox 3310 3355 3566 3467; x_wconf 42' lang='lat' dir='ltr'><strong>Deitsyqtii</strong></span> 
     </span>
    </p>
   </div>
   <div class='ocr_carea' id='block_1_85' title="bbox 1996 3444 3589 3543">
    <p class='ocr_par' dir='ltr' id='par_1_85' title="bbox 1996 3444 3589 3543">
     <span class='ocr_line' id='line_1_87' title="bbox 3048 3444 3566 3467; baseline 0.031 -20"><span class='ocrx_word' id='word_1_663' title='bbox 3048 3444 3055 3447; x_wconf 38' lang='grc' dir='ltr'><em>ν</em></span> <span class='ocrx_word' id='word_1_664' title='bbox 3103 3444 3117 3451; x_wconf 90' lang='grc'><strong>-</strong></span> <span class='ocrx_word' id='word_1_665' title='bbox 3326 3444 3329 3445; x_wconf 44' lang='grc' dir='ltr'><em>ν</em></span> <span class='ocrx_word' id='word_1_666' title='bbox 3363 3444 3449 3450; x_wconf 63' lang='grc' dir='ltr'><strong>-η-</strong></span> <span class='ocrx_word' id='word_1_667' title='bbox 3476 3444 3566 3467; x_wconf 60' lang='grc' dir='ltr'><strong>ην-</strong></span> 
     </span>
     <span class='ocr_line' id='line_1_88' title="bbox 1996 3444 3589 3543; baseline 0.032 -50"><span class='ocrx_word' id='word_1_668' title='bbox 1996 3444 2284 3515; x_wconf 88' lang='lat' dir='ltr'><strong>unicuique</strong></span> <span class='ocrx_word' id='word_1_669' title='bbox 2312 3457 2603 3510; x_wconf 90' lang='lat' dir='ltr'><strong>secundum</strong></span> <span class='ocrx_word' id='word_1_670' title='bbox 2631 3463 2878 3518; x_wconf 83' lang='lat' dir='ltr'><strong>meritum</strong></span> <span class='ocrx_word' id='word_1_671' title='bbox 2912 3472 3189 3542; x_wconf 86' lang='lat' dir='ltr'><strong>retribuit,</strong></span> <span class='ocrx_word' id='word_1_672' title='bbox 3234 3483 3359 3536; x_wconf 85' lang='lat' dir='ltr'><strong>odio</strong></span> <span class='ocrx_word' id='word_1_673' title='bbox 3387 3488 3589 3543; x_wconf 54' lang='lat' dir='ltr'><strong>malo-‘</strong></span> 
     </span>
    </p>
   </div>
   <div class='ocr_carea' id='block_1_86' title="bbox 1995 3537 3561 3642">
    <p class='ocr_par' dir='ltr' id='par_1_86' title="bbox 1995 3537 3561 3642">
     <span class='ocr_line' id='line_1_89' title="bbox 1995 3537 3561 3642; baseline 0.033 -61"><span class='ocrx_word' id='word_1_674' title='bbox 1995 3543 2113 3585; x_wconf 89' lang='lat' dir='ltr'><strong>rum</strong></span> <span class='ocrx_word' id='word_1_675' title='bbox 2139 3537 2383 3593; x_wconf 90' lang='lat' dir='ltr'><strong>retribuit</strong></span> <span class='ocrx_word' id='word_1_676' title='bbox 2405 3540 2512 3612; x_wconf 86' lang='lat'><strong>(86)</strong></span> <span class='ocrx_word' id='word_1_677' title='bbox 2545 3548 2704 3602; x_wconf 90' lang='lat' dir='ltr'><strong>malis</strong></span> <span class='ocrx_word' id='word_1_678' title='bbox 2737 3554 2897 3619; x_wconf 87' lang='lat' dir='ltr'><strong>mala,</strong></span> <span class='ocrx_word' id='word_1_679' title='bbox 2931 3568 2987 3611; x_wconf 90' lang='lat' dir='ltr'><strong>et</strong></span> <span class='ocrx_word' id='word_1_680' title='bbox 3033 3577 3138 3615; x_wconf 91' lang='lat' dir='ltr'><strong>non</strong></span> <span class='ocrx_word' id='word_1_681' title='bbox 3169 3537 3267 3632; x_wconf 74' lang='lat' dir='ltr'><strong>pro</strong></span> <span class='ocrx_word' id='word_1_682' title='bbox 3308 3584 3373 3626; x_wconf 90' lang='lat' dir='ltr'><strong>eo</strong></span> 
     </span>
    </p>
   </div>
   <div class='ocr_carea' id='block_1_87' title="bbox 1993 3623 3558 3731">
    <p class='ocr_par' dir='ltr' id='par_1_87' title="bbox 1993 3623 3558 3731">
     <span class='ocr_line' id='line_1_90' title="bbox 3169 3623 3558 3642; baseline -0.003 -10"><span class='ocrx_word' id='word_1_683' title='bbox 3169 3623 3183 3632; x_wconf 93' lang='lat'><strong>.</strong></span> <span class='ocrx_word' id='word_1_684' title='bbox 3351 3623 3362 3626; x_wconf 82' lang='lat'><strong>-</strong></span> <span class='ocrx_word' id='word_1_685' title='bbox 3423 3623 3558 3642; x_wconf 55' lang='lat'><strong>1_-_</strong></span> 
     </span>
     <span class='ocr_line' id='line_1_91' title="bbox 1993 3623 3558 3731; baseline 0.024 -57"><span class='ocrx_word' id='word_1_686' title='bbox 1993 3623 2384 3682; x_wconf 85' lang='lat' dir='ltr'><strong>austerioribus</strong></span> <span class='ocrx_word' id='word_1_687' title='bbox 2421 3632 2604 3684; x_wconf 87' lang='lat' dir='ltr'><strong>curari</strong></span> <span class='ocrx_word' id='word_1_688' title='bbox 2636 3635 2881 3705; x_wconf 89' lang='lat' dir='ltr'><strong>indigent</strong></span> <span class='ocrx_word' id='word_1_689' title='bbox 2927 3648 3339 3711; x_wconf 88' lang='lat' dir='ltr'><strong>medicamentis</strong></span> <span class='ocrx_word' id='word_1_690' title='bbox 3375 3660 3429 3714; x_wconf 93' lang='lat' dir='ltr'><strong>hi</strong></span> <span class='ocrx_word' id='word_1_691' title='bbox 3466 3667 3558 3731; x_wconf 88' lang='lat' dir='ltr'><strong>qui</strong></span> 
     </span>
     <span class='ocr_line' id='line_1_92' title="bbox 1995 3712 2854 3731; baseline 0 0"><span class='ocrx_word' id='word_1_692' title='bbox 1995 3712 2241 3731; x_wconf 46' lang='lat' dir='ltr'><strong>JAIB.‘,,-,,,</strong></span> <span class='ocrx_word' id='word_1_693' title='bbox 2313 3724 2324 3731; x_wconf 80' lang='grc'>.</span> <span class='ocrx_word' id='word_1_694' title='bbox 2428 3727 2438 3731; x_wconf 88' lang='grc'><strong>-</strong></span> <span class='ocrx_word' id='word_1_695' title='bbox 2825 3728 2854 3731; x_wconf 32' lang='grc' dir='ltr'><strong>,κ</strong></span> 
     </span>
    </p>
   </div>
   <div class='ocr_carea' id='block_1_88' title="bbox 1990 3712 3558 3821">
    <p class='ocr_par' dir='ltr' id='par_1_88' title="bbox 1990 3712 3558 3821">
     <span class='ocr_line' id='line_1_93' title="bbox 1990 3712 3558 3821; baseline 0.03 -58"><span class='ocrx_word' id='word_1_696' title='bbox 1990 3712 2352 3783; x_wconf 91' lang='lat' dir='ltr'><strong>deliquerunt,</strong></span> <span class='ocrx_word' id='word_1_697' title='bbox 2389 3727 2445 3772; x_wconf 91' lang='lat' dir='ltr'><strong>et</strong></span> <span class='ocrx_word' id='word_1_698' title='bbox 2482 3732 2769 3791; x_wconf 88' lang='lat' dir='ltr'><strong>propterea</strong></span> <span class='ocrx_word' id='word_1_699' title='bbox 2811 3728 2921 3800; x_wconf 88' lang='lat'><strong>(87)</strong></span> <span class='ocrx_word' id='word_1_700' title='bbox 2961 3734 3044 3790; x_wconf 90' lang='lat' dir='ltr'><strong>his</strong></span> <span class='ocrx_word' id='word_1_701' title='bbox 3080 3742 3301 3800; x_wconf 84' lang='lat' dir='ltr'><strong>adhibet</strong></span> <span class='ocrx_word' id='word_1_702' title='bbox 3327 3712 3558 3821; x_wconf 49' lang='lat' dir='ltr'><strong>eati</strong></span> 
     </span>
    </p>
   </div>
   <div class='ocr_carea' id='block_1_89' title="bbox 1986 3803 3558 3898">
    <p class='ocr_par' dir='ltr' id='par_1_89' title="bbox 1986 3803 3558 3898">
     <span class='ocr_line' id='line_1_94' title="bbox 1986 3803 3558 3898; baseline 0.03 -46"><span class='ocrx_word' id='word_1_703' title='bbox 1986 3803 2376 3860; x_wconf 87' lang='lat' dir='ltr'><strong>emendationis</strong></span> <span class='ocrx_word' id='word_1_704' title='bbox 2425 3823 2715 3879; x_wconf 89' lang='lat' dir='ltr'><strong>prospectu</strong></span> <span class='ocrx_word' id='word_1_705' title='bbox 2761 3821 2827 3872; x_wconf 88' lang='lat' dir='ltr'><strong>ad</strong></span> <span class='ocrx_word' id='word_1_706' title='bbox 2869 3835 3106 3888; x_wconf 67' lang='lat' dir='ltr'><strong>prmscns</strong></span> <span class='ocrx_word' id='word_1_707' title='bbox 3150 3832 3401 3893; x_wconf 90' lang='lat' dir='ltr'><strong>videntur</strong></span> <span class='ocrx_word' id='word_1_708' title='bbox 3434 3858 3558 3898; x_wconf 83' lang='lat' dir='ltr'><strong>seu-</strong></span> 
     </span>
    </p>
   </div>
   <div class='ocr_carea' id='block_1_90' title="bbox 1982 3893 3549 3999">
    <p class='ocr_par' dir='ltr' id='par_1_90' title="bbox 1982 3893 3549 3999">
     <span class='ocr_line' id='line_1_95' title="bbox 1982 3893 3549 3999; baseline 0.03 -56"><span class='ocrx_word' id='word_1_709' title='bbox 1982 3905 2100 3944; x_wconf 89' lang='lat' dir='ltr'><strong>sum</strong></span> <span class='ocrx_word' id='word_1_710' title='bbox 2126 3893 2331 3950; x_wconf 88' lang='lat' dir='ltr'><strong>doloris</strong></span> <span class='ocrx_word' id='word_1_711' title='bbox 2357 3898 2573 3956; x_wconf 86' lang='lat' dir='ltr'><strong>inferre.</strong></span> <span class='ocrx_word' id='word_1_712' title='bbox 2604 3903 2718 3959; x_wconf 88' lang='lat' dir='ltr'><strong>Non</strong></span> <span class='ocrx_word' id='word_1_713' title='bbox 2752 3908 2934 3980; x_wconf 85' lang='lat' dir='ltr'><strong>legunt</strong></span> <span class='ocrx_word' id='word_1_714' title='bbox 2968 3918 3080 3989; x_wconf 90' lang='lat'><strong>(88)</strong></span> <span class='ocrx_word' id='word_1_715' title='bbox 3106 3923 3234 3990; x_wconf 91' lang='lat' dir='ltr'><strong>quid</strong></span> <span class='ocrx_word' id='word_1_716' title='bbox 3289 3893 3549 3999; x_wconf 69' lang='lat' dir='ltr'><strong>scriptum</strong></span> 
     </span>
    </p>
   </div>
   <div class='ocr_carea' id='block_1_91' title="bbox 1980 3978 3551 4087">
    <p class='ocr_par' dir='ltr' id='par_1_91' title="bbox 1980 3978 3551 4087">
     <span class='ocr_line' id='line_1_96' title="bbox 2812 3978 3549 3999; baseline 0.033 -19"><span class='ocrx_word' id='word_1_717' title='bbox 2812 3978 2824 3980; x_wconf 53' lang='grc' dir='ltr'>ν</span> <span class='ocrx_word' id='word_1_718' title='bbox 2974 3978 2984 3986; x_wconf 78' lang='grc'>.</span> <span class='ocrx_word' id='word_1_719' title='bbox 3061 3978 3072 3989; x_wconf 81' lang='grc'><em>1</em></span> <span class='ocrx_word' id='word_1_720' title='bbox 3123 3978 3138 3990; x_wconf 82' lang='grc' dir='ltr'>ι</span> <span class='ocrx_word' id='word_1_721' title='bbox 3289 3978 3364 3983; x_wconf 46' lang='grc' dir='ltr'><strong>τ’·</strong></span> <span class='ocrx_word' id='word_1_722' title='bbox 3382 3978 3549 3999; x_wconf 79' lang='lat' dir='ltr'><strong>&#39;r&#39;“&quot;&#39;</strong></span> 
     </span>
     <span class='ocr_line' id='line_1_97' title="bbox 1980 3978 3551 4087; baseline 0.031 -56"><span class='ocrx_word' id='word_1_723' title='bbox 1980 3978 2050 4032; x_wconf 86' lang='lat' dir='ltr'><strong>sit</strong></span> <span class='ocrx_word' id='word_1_724' title='bbox 2080 3981 2147 4036; x_wconf 90' lang='lat' dir='ltr'><strong>de</strong></span> <span class='ocrx_word' id='word_1_725' title='bbox 2177 3999 2271 4052; x_wconf 85' lang='lat' dir='ltr'><strong>spe</strong></span> <span class='ocrx_word' id='word_1_726' title='bbox 2305 3986 2514 4043; x_wconf 89' lang='lat' dir='ltr'><strong>illorum</strong></span> <span class='ocrx_word' id='word_1_727' title='bbox 2551 3994 2641 4061; x_wconf 91' lang='lat' dir='ltr'><strong>qui</strong></span> <span class='ocrx_word' id='word_1_728' title='bbox 2682 3996 2736 4049; x_wconf 93' lang='lat' dir='ltr'><strong>in</strong></span> <span class='ocrx_word' id='word_1_729' title='bbox 2768 4000 2969 4059; x_wconf 91' lang='lat' dir='ltr'><strong>diluvio</strong></span> <span class='ocrx_word' id='word_1_730' title='bbox 2993 4015 3255 4080; x_wconf 84' lang='lat' dir='ltr'><strong>perempti</strong></span> <span class='ocrx_word' id='word_1_731' title='bbox 3283 4030 3430 4087; x_wconf 89' lang='lat' dir='ltr'><strong>sunt,</strong></span> <span class='ocrx_word' id='word_1_732' title='bbox 3484 4026 3551 4079; x_wconf 89' lang='lat' dir='ltr'><strong>de</strong></span> 
     </span>
    </p>
   </div>
   <div class='ocr_carea' id='block_1_92' title="bbox 1977 4074 3543 4169">
    <p class='ocr_par' dir='ltr' id='par_1_92' title="bbox 1977 4074 3543 4169">
     <span class='ocr_line' id='line_1_98' title="bbox 1977 4074 3543 4169; baseline 0.032 -50"><span class='ocrx_word' id='word_1_733' title='bbox 1977 4083 2083 4137; x_wconf 90' lang='lat' dir='ltr'><strong>qua</strong></span> <span class='ocrx_word' id='word_1_734' title='bbox 2119 4086 2214 4140; x_wconf 90' lang='lat' dir='ltr'><strong>spe</strong></span> <span class='ocrx_word' id='word_1_735' title='bbox 2254 4074 2448 4133; x_wconf 88' lang='lat' dir='ltr'><strong>Petrus</strong></span> <span class='ocrx_word' id='word_1_736' title='bbox 2475 4081 2589 4149; x_wconf 91' lang='lat' dir='ltr'><strong>ipse</strong></span> <span class='ocrx_word' id='word_1_737' title='bbox 2618 4085 2668 4138; x_wconf 93' lang='lat' dir='ltr'><strong>in</strong></span> <span class='ocrx_word' id='word_1_738' title='bbox 2716 4091 2889 4155; x_wconf 87' lang='lat' dir='ltr'><strong>prima</strong></span> <span class='ocrx_word' id='word_1_739' title='bbox 2913 4074 3150 4163; x_wconf 83' lang='lat' dir='ltr'><strong>Epistula</strong></span> <span class='ocrx_word' id='word_1_740' title='bbox 3181 4074 3275 4157; x_wconf 81' lang='lat' dir='ltr'><strong>sua</strong></span> <span class='ocrx_word' id='word_1_741' title='bbox 3318 4109 3388 4161; x_wconf 91' lang='lat' dir='ltr'><strong>ita</strong></span> <span class='ocrx_word' id='word_1_742' title='bbox 3416 4074 3497 4167; x_wconf 74' lang='lat' dir='ltr'><strong>ait</strong></span> <span class='ocrx_word' id='word_1_743' title='bbox 3522 4130 3543 4169; x_wconf 84' lang='lat'><strong>:</strong></span> 
     </span>
    </p>
   </div>
   <div class='ocr_carea' id='block_1_93' title="bbox 1981 4159 3543 4262">
    <p class='ocr_par' dir='ltr' id='par_1_93' title="bbox 1981 4159 3543 4262">
     <span class='ocr_line' id='line_1_99' title="bbox 1981 4159 3543 4262; baseline 0.031 -53"><span class='ocrx_word' id='word_1_744' title='bbox 1981 4176 2000 4209; x_wconf 76' lang='grc' dir='ltr'><strong>ι</strong></span> <span class='ocrx_word' id='word_1_745' title='bbox 2025 4159 2159 4225; x_wconf 88' lang='lat' dir='ltr'><strong>Quia</strong></span> <span class='ocrx_word' id='word_1_746' title='bbox 2205 4167 2453 4224; x_wconf 90' lang='lat' dir='ltr'><strong>Christus</strong></span> <span class='ocrx_word' id='word_1_747' title='bbox 2481 4183 2725 4231; x_wconf 89' lang='lat' dir='ltr'><strong>mortuus</strong></span> <span class='ocrx_word' id='word_1_748' title='bbox 2756 4184 2973 4248; x_wconf 88' lang='lat' dir='ltr'><strong>quidem</strong></span> <span class='ocrx_word' id='word_1_749' title='bbox 3010 4200 3094 4243; x_wconf 90' lang='lat' dir='ltr'><strong>est</strong></span> <span class='ocrx_word' id='word_1_750' title='bbox 3132 4208 3320 4262; x_wconf 90' lang='lat' dir='ltr'><strong>carne,</strong></span> <span class='ocrx_word' id='word_1_751' title='bbox 3367 4201 3543 4258; x_wconf 87' lang='lat' dir='ltr'><strong>viviti-</strong></span> 
     </span>
    </p>
   </div>
   <div class='ocr_carea' id='block_1_94' title="bbox 1974 4260 3545 4349">
    <p class='ocr_par' dir='ltr' id='par_1_94' title="bbox 1974 4260 3545 4349">
     <span class='ocr_line' id='line_1_100' title="bbox 1974 4260 3545 4349; baseline 0.03 -48"><span class='ocrx_word' id='word_1_752' title='bbox 1974 4261 2127 4305; x_wconf 86' lang='lat' dir='ltr'><strong>catus</strong></span> <span class='ocrx_word' id='word_1_753' title='bbox 2148 4260 2323 4309; x_wconf 87' lang='lat' dir='ltr'><strong>autem</strong></span> <span class='ocrx_word' id='word_1_754' title='bbox 2348 4260 2539 4324; x_wconf 91' lang='lat' dir='ltr'><strong>spiritu</strong></span> <span class='ocrx_word' id='word_1_755' title='bbox 2575 4278 2591 4313; x_wconf 87' lang='lat'><strong>:</strong></span> <span class='ocrx_word' id='word_1_756' title='bbox 2624 4265 2676 4318; x_wconf 94' lang='lat' dir='ltr'><strong>in</strong></span> <span class='ocrx_word' id='word_1_757' title='bbox 2711 4282 2817 4335; x_wconf 92' lang='lat' dir='ltr'><strong>quo</strong></span> <span class='ocrx_word' id='word_1_758' title='bbox 2848 4287 3078 4343; x_wconf 85' lang='lat' dir='ltr'><strong>pergens</strong></span> <span class='ocrx_word' id='word_1_759' title='bbox 3105 4260 3426 4347; x_wconf 67' lang='lat' dir='ltr'><strong>praedicavit</strong></span> <span class='ocrx_word' id='word_1_760' title='bbox 3457 4293 3545 4349; x_wconf 85' lang='lat' dir='ltr'><strong>his</strong></span> 
     </span>
    </p>
   </div>
   <div class='ocr_carea' id='block_1_95' title="bbox 1972 4340 3538 4441">
    <p class='ocr_par' dir='ltr' id='par_1_95' title="bbox 1972 4340 3538 4441">
     <span class='ocr_line' id='line_1_101' title="bbox 1972 4340 3538 4441; baseline 0.031 -50"><span class='ocrx_word' id='word_1_761' title='bbox 1972 4340 2251 4408; x_wconf 91' lang='lat' dir='ltr'><strong>spiritibus</strong></span> <span class='ocrx_word' id='word_1_762' title='bbox 2280 4349 2371 4414; x_wconf 91' lang='lat' dir='ltr'><strong>qui</strong></span> <span class='ocrx_word' id='word_1_763' title='bbox 2412 4351 2465 4403; x_wconf 90' lang='lat' dir='ltr'><strong>in</strong></span> <span class='ocrx_word' id='word_1_764' title='bbox 2507 4366 2728 4413; x_wconf 89' lang='lat' dir='ltr'><strong>carcere</strong></span> <span class='ocrx_word' id='word_1_765' title='bbox 2760 4340 3104 4435; x_wconf 74' lang='lat' dir='ltr'><strong>tenebantur,</strong></span> <span class='ocrx_word' id='word_1_766' title='bbox 3136 4375 3227 4441; x_wconf 90' lang='lat' dir='ltr'><strong>qui</strong></span> <span class='ocrx_word' id='word_1_767' title='bbox 3273 4376 3538 4440; x_wconf 90' lang='lat' dir='ltr'><strong>increduli</strong></span> 
     </span>
    </p>
   </div>
   <div class='ocr_carea' id='block_1_96' title="bbox 1968 4430 3536 4532">
    <p class='ocr_par' dir='ltr' id='par_1_96' title="bbox 1968 4430 3536 4532">
     <span class='ocr_line' id='line_1_102' title="bbox 1968 4430 3536 4532; baseline 0.031 -51"><span class='ocrx_word' id='word_1_768' title='bbox 1968 4430 2185 4485; x_wconf 84' lang='lat' dir='ltr'><strong>fuerant</strong></span> <span class='ocrx_word' id='word_1_769' title='bbox 2212 4436 2502 4505; x_wconf 85' lang='lat' dir='ltr'><strong>aliquando</strong></span> <span class='ocrx_word' id='word_1_770' title='bbox 2536 4458 2658 4500; x_wconf 92' lang='lat' dir='ltr'><strong>cum</strong></span> <span class='ocrx_word' id='word_1_771' title='bbox 2689 4462 3066 4519; x_wconf 84' lang='lat' dir='ltr'><strong>exspectarent</strong></span> <span class='ocrx_word' id='word_1_772' title='bbox 3090 4462 3179 4516; x_wconf 88' lang='lat' dir='ltr'><strong>Dei</strong></span> <span class='ocrx_word' id='word_1_773' title='bbox 3213 4469 3536 4532; x_wconf 86' lang='lat' dir='ltr'><strong>patientiam</strong></span> 
     </span>
    </p>
   </div>
   <div class='ocr_carea' id='block_1_97' title="bbox 1970 4519 3537 4632">
    <p class='ocr_par' dir='ltr' id='par_1_97' title="bbox 1970 4519 3537 4632">
     <span class='ocr_line' id='line_1_103' title="bbox 1970 4519 3537 4632; baseline 0.033 -60"><span class='ocrx_word' id='word_1_774' title='bbox 1970 4519 2023 4573; x_wconf 91' lang='lat' dir='ltr'><strong>in</strong></span> <span class='ocrx_word' id='word_1_775' title='bbox 2050 4522 2238 4579; x_wconf 89' lang='lat' dir='ltr'><strong>diebus</strong></span> <span class='ocrx_word' id='word_1_776' title='bbox 2271 4527 2381 4583; x_wconf 84' lang='lat' dir='ltr'><strong>Noe</strong></span> <span class='ocrx_word' id='word_1_777' title='bbox 2403 4546 2523 4586; x_wconf 86' lang='lat' dir='ltr'><strong>cum</strong></span> <span class='ocrx_word' id='word_1_778' title='bbox 2553 4534 2909 4598; x_wconf 88' lang='lat' dir='ltr'><strong>fabricaretur</strong></span> <span class='ocrx_word' id='word_1_779' title='bbox 2947 4561 3095 4615; x_wconf 88' lang='lat' dir='ltr'><strong>arca,</strong></span> <span class='ocrx_word' id='word_1_780' title='bbox 3124 4553 3176 4609; x_wconf 93' lang='lat' dir='ltr'><strong>in</strong></span> <span class='ocrx_word' id='word_1_781' title='bbox 3203 4572 3309 4626; x_wconf 88' lang='lat' dir='ltr'><strong>qua</strong></span> <span class='ocrx_word' id='word_1_782' title='bbox 3349 4570 3537 4632; x_wconf 87' lang='lat' dir='ltr'><strong>pauci,</strong></span> 
     </span>
    </p>
   </div>
   <div class='ocr_carea' id='block_1_98' title="bbox 377 4663 1924 4771">
    <p class='ocr_par' dir='ltr' id='par_1_98' title="bbox 377 4663 1924 4743">
     <span class='ocr_line' id='line_1_104' title="bbox 377 4663 1924 4743; baseline 0.017 -29"><span class='ocrx_word' id='word_1_783' title='bbox 377 4664 422 4695; x_wconf 78' lang='grc'><strong>³⁸</strong></span> <span class='ocrx_word' id='word_1_784' title='bbox 457 4663 649 4720; x_wconf 83' lang='lat' dir='ltr'><strong>Matth.</strong></span> <span class='ocrx_word' id='word_1_785' title='bbox 682 4682 822 4731; x_wconf 78' lang='lat' dir='ltr'><strong>xxv,</strong></span> <span class='ocrx_word' id='word_1_786' title='bbox 852 4668 940 4723; x_wconf 71' lang='grc'><strong>41.</strong></span> <span class='ocrx_word' id='word_1_787' title='bbox 1017 4672 1062 4703; x_wconf 82' lang='grc'><strong>⁹⁶</strong></span> <span class='ocrx_word' id='word_1_788' title='bbox 1090 4672 1278 4728; x_wconf 84' lang='lat' dir='ltr'><strong>Matth.</strong></span> <span class='ocrx_word' id='word_1_789' title='bbox 1321 4692 1398 4743; x_wconf 68' lang='grc' dir='ltr'><strong>χι,</strong></span> <span class='ocrx_word' id='word_1_790' title='bbox 1427 4677 1526 4740; x_wconf 71' lang='lat' dir='ltr'><strong>2L</strong></span> <span class='ocrx_word' id='word_1_791' title='bbox 1593 4682 1641 4713; x_wconf 72' lang='grc'><strong>⁸⁷</strong></span> <span class='ocrx_word' id='word_1_792' title='bbox 1681 4683 1870 4740; x_wconf 85' lang='lat' dir='ltr'><strong>Matth.</strong></span> <span class='ocrx_word' id='word_1_793' title='bbox 1913 4703 1924 4740; x_wconf 66' lang='grc' dir='ltr'><strong>ι</strong></span> 
     </span>
    </p>
   </div>
   <div class='ocr_carea' id='block_1_99' title="bbox 2017 4663 2826 4771">
    <p class='ocr_par' dir='ltr' id='par_1_99' title="bbox 2017 4692 2826 4771">
     <span class='ocr_line' id='line_1_105' title="bbox 2017 4692 2826 4771; baseline 0.022 -29"><span class='ocrx_word' id='word_1_794' title='bbox 2017 4706 2049 4755; x_wconf 83' lang='grc' dir='ltr'>ι,</span> <span class='ocrx_word' id='word_1_795' title='bbox 2078 4692 2162 4757; x_wconf 75' lang='lat' dir='ltr'><strong>l2,</strong></span> <span class='ocrx_word' id='word_1_796' title='bbox 2197 4695 2282 4749; x_wconf 70' lang='grc' dir='ltr'><strong>ιδ.</strong></span> <span class='ocrx_word' id='word_1_797' title='bbox 2358 4699 2402 4730; x_wconf 74' lang='grc' dir='ltr'>σε</span> <span class='ocrx_word' id='word_1_798' title='bbox 2432 4699 2567 4756; x_wconf 91' lang='lat' dir='ltr'><strong>Phil.</strong></span> <span class='ocrx_word' id='word_1_799' title='bbox 2596 4721 2667 4771; x_wconf 85' lang='lat' dir='ltr'><strong>IV,</strong></span> <span class='ocrx_word' id='word_1_800' title='bbox 2692 4705 2744 4769; x_wconf 88' lang='lat'><strong>8,</strong></span> <span class='ocrx_word' id='word_1_801' title='bbox 2772 4707 2826 4760; x_wconf 90' lang='lat'><strong>9.</strong></span> 
     </span>
    </p>
   </div>
   <div class='ocr_carea' id='block_1_100' title="bbox 364 4824 1858 4907">
    <p class='ocr_par' dir='ltr' id='par_1_100' title="bbox 364 4824 1858 4907">
     <span class='ocr_line' id='line_1_106' title="bbox 364 4824 1858 4907; baseline 0.019 -32"><span class='ocrx_word' id='word_1_802' title='bbox 364 4824 474 4891; x_wconf 82' lang='lat'><strong>(79)</strong></span> <span class='ocrx_word' id='word_1_803' title='bbox 497 4825 587 4879; x_wconf 92' lang='lat' dir='ltr'><strong>Sic</strong></span> <span class='ocrx_word' id='word_1_804' title='bbox 614 4844 744 4882; x_wconf 90' lang='lat' dir='ltr'><strong>mss.</strong></span> <span class='ocrx_word' id='word_1_805' title='bbox 778 4831 947 4897; x_wconf 82' lang='lat' dir='ltr'><strong>Alias,</strong></span> <span class='ocrx_word' id='word_1_806' title='bbox 976 4853 994 4884; x_wconf 84' lang='grc'><strong>‹</strong></span> <span class='ocrx_word' id='word_1_807' title='bbox 1040 4843 1148 4891; x_wconf 75' lang='lat' dir='ltr'><strong>tam</strong></span> <span class='ocrx_word' id='word_1_808' title='bbox 1180 4840 1415 4907; x_wconf 74' lang='lat' dir='ltr'><strong>pmnale,</strong></span> <span class='ocrx_word' id='word_1_809' title='bbox 1449 4853 1557 4898; x_wconf 91' lang='lat' dir='ltr'><strong>tam</strong></span> <span class='ocrx_word' id='word_1_810' title='bbox 1591 4847 1741 4902; x_wconf 87' lang='lat' dir='ltr'><strong>triste</strong></span> <span class='ocrx_word' id='word_1_811' title='bbox 1773 4864 1858 4903; x_wconf 87' lang='lat' dir='ltr'><strong>se-</strong></span> 
     </span>
    </p>
   </div>
   <div class='ocr_carea' id='block_1_101' title="bbox 292 4896 1062 4955">
    <p class='ocr_par' dir='ltr' id='par_1_101' title="bbox 292 4896 1062 4955">
     <span class='ocr_line' id='line_1_107' title="bbox 292 4896 1062 4955; baseline 0.014 -10"><span class='ocrx_word' id='word_1_812' title='bbox 292 4896 521 4945; x_wconf 78' lang='lat' dir='ltr'><strong>Cundum</strong></span> <span class='ocrx_word' id='word_1_813' title='bbox 553 4912 766 4950; x_wconf 88' lang='lat' dir='ltr'><strong>sensum</strong></span> <span class='ocrx_word' id='word_1_814' title='bbox 797 4896 1004 4955; x_wconf 86' lang='lat' dir='ltr'><strong>eorum.</strong></span> <span class='ocrx_word' id='word_1_815' title='bbox 1045 4924 1062 4955; x_wconf 78' lang='grc' dir='ltr'><strong>ι</strong></span> 
     </span>
    </p>
   </div>
   <div class='ocr_carea' id='block_1_102' title="bbox 356 4960 1849 5044">
    <p class='ocr_par' dir='ltr' id='par_1_102' title="bbox 356 4960 1849 5044">
     <span class='ocr_line' id='line_1_108' title="bbox 356 4960 1849 5044; baseline 0.019 -32"><span class='ocrx_word' id='word_1_816' title='bbox 356 4960 466 5031; x_wconf 83' lang='grc'>(80)</span> <span class='ocrx_word' id='word_1_817' title='bbox 496 4963 570 5016; x_wconf 76' lang='lat' dir='ltr'><strong>Ac</strong></span> <span class='ocrx_word' id='word_1_818' title='bbox 598 4965 729 5044; x_wconf 60' lang='lat' dir='ltr'><strong>ﬁnes</strong></span> <span class='ocrx_word' id='word_1_819' title='bbox 769 4984 948 5044; x_wconf 70' lang='lat' dir='ltr'><strong>earum</strong></span> <span class='ocrx_word' id='word_1_820' title='bbox 980 4971 1164 5039; x_wconf 79' lang='lat' dir='ltr'><strong>fuisset</strong></span> <span class='ocrx_word' id='word_1_821' title='bbox 1197 4976 1479 5044; x_wconf 74' lang='lat' dir='ltr'><strong>ingressus.</strong></span> <span class='ocrx_word' id='word_1_822' title='bbox 1506 4980 1631 5036; x_wconf 66' lang='lat' dir='ltr'><strong>Haec</strong></span> <span class='ocrx_word' id='word_1_823' title='bbox 1656 4986 1849 5040; x_wconf 88' lang='lat' dir='ltr'><strong>desunt</strong></span> 
     </span>
    </p>
   </div>
   <div class='ocr_carea' id='block_1_103' title="bbox 288 5026 1744 5133">
    <p class='ocr_par' dir='ltr' id='par_1_103' title="bbox 288 5026 1744 5133">
     <span class='ocr_line' id='line_1_109' title="bbox 288 5026 1744 5133; baseline 0.016 -52"><span class='ocrx_word' id='word_1_824' title='bbox 288 5026 341 5082; x_wconf 89' lang='lat' dir='ltr'><strong>in</strong></span> <span class='ocrx_word' id='word_1_825' title='bbox 366 5026 374 5031; x_wconf 81' lang='grc'><em>’</em></span> <span class='ocrx_word' id='word_1_826' title='bbox 396 5026 550 5085; x_wconf 80' lang='lat' dir='ltr'><strong>antea</strong></span> <span class='ocrx_word' id='word_1_827' title='bbox 583 5026 767 5100; x_wconf 80' lang='lat' dir='ltr'><strong>editis,</strong></span> <span class='ocrx_word' id='word_1_828' title='bbox 795 5040 887 5093; x_wconf 90' lang='lat' dir='ltr'><strong>sed</strong></span> <span class='ocrx_word' id='word_1_829' title='bbox 937 5026 1203 5133; x_wconf 67' lang='lat' dir='ltr'><strong>habentur</strong></span> <span class='ocrx_word' id='word_1_830' title='bbox 1232 5026 1287 5099; x_wconf 77' lang='grc' dir='ltr'>ἱῖι</span> <span class='ocrx_word' id='word_1_831' title='bbox 1329 5052 1574 5104; x_wconf 88' lang='lat' dir='ltr'><strong>omnibus</strong></span> <span class='ocrx_word' id='word_1_832' title='bbox 1610 5068 1744 5133; x_wconf 76' lang='lat' dir='ltr'><strong>mss.</strong></span> 
     </span>
     <span class='ocr_line' id='line_1_110' title="bbox 357 5098 1444 5133; baseline 0 0"><span class='ocrx_word' id='word_1_833' title='bbox 357 5098 467 5133; x_wconf 64' lang='grc' dir='ltr'><strong>ΙΩΙ)</strong></span> <span class='ocrx_word' id='word_1_834' title='bbox 528 5103 618 5133; x_wconf 62' lang='grc' dir='ltr'><strong>Ωςη</strong></span> <span class='ocrx_word' id='word_1_835' title='bbox 676 5117 821 5133; x_wconf 62' lang='grc' dir='ltr'><strong>...ιη-η</strong></span> <span class='ocrx_word' id='word_1_836' title='bbox 886 5124 988 5133; x_wconf 54' lang='grc' dir='ltr'><strong>.-.ΛΑ</strong></span> <span class='ocrx_word' id='word_1_837' title='bbox 1032 5129 1044 5133; x_wconf 86' lang='grc'><strong>-</strong></span> <span class='ocrx_word' id='word_1_838' title='bbox 1136 5115 1202 5133; x_wconf 65' lang='lat'><strong>:,.</strong></span> <span class='ocrx_word' id='word_1_839' title='bbox 1324 5118 1444 5133; x_wconf 56' lang='grc' dir='ltr'><strong>,ιη-</strong></span> 
     </span>
    </p>
   </div>
   <div class='ocr_carea' id='block_1_104' title="bbox 357 5098 1844 5204">
    <p class='ocr_par' dir='ltr' id='par_1_104' title="bbox 357 5098 1844 5204">
     <span class='ocr_line' id='line_1_111' title="bbox 357 5098 1844 5204; baseline 0.02 -56"><span class='ocrx_word' id='word_1_840' title='bbox 357 5098 467 5204; x_wconf 51' lang='grc' dir='ltr'>(ξι)</span> <span class='ocrx_word' id='word_1_841' title='bbox 520 5103 620 5204; x_wconf 67' lang='lat' dir='ltr'><strong>Sic</strong></span> <span class='ocrx_word' id='word_1_842' title='bbox 674 5098 823 5160; x_wconf 86' lang='lat' dir='ltr'><strong>recte</strong></span> <span class='ocrx_word' id='word_1_843' title='bbox 865 5114 1243 5204; x_wconf 30' lang='lat' dir='ltr'><strong>“Imma-libb.</strong></span> <span class='ocrx_word' id='word_1_844' title='bbox 1517 5123 1773 5204; x_wconf 30' lang='grc' dir='ltr'><strong>⁸εηγὶιεηεζ</strong></span> <span class='ocrx_word' id='word_1_845' title='bbox 1825 5142 1844 5176; x_wconf 77' lang='grc' dir='ltr'><strong>ι</strong></span> 
     </span>
    </p>
   </div>
   <div class='ocr_carea' id='block_1_105' title="bbox 286 5164 1844 5257">
    <p class='ocr_par' dir='ltr' id='par_1_105' title="bbox 286 5164 1844 5257">
     <span class='ocr_line' id='line_1_112' title="bbox 286 5164 1844 5257; baseline 0.02 -41"><span class='ocrx_word' id='word_1_846' title='bbox 286 5164 591 5237; x_wconf 76' lang='grc' dir='ltr'><strong>Ρ..υιο’ροει</strong></span> <span class='ocrx_word' id='word_1_847' title='bbox 619 5187 775 5239; x_wconf 88' lang='lat' dir='ltr'><strong>mss.,</strong></span> <span class='ocrx_word' id='word_1_848' title='bbox 808 5194 829 5229; x_wconf 75' lang='grc' dir='ltr'><strong>ι</strong></span> <span class='ocrx_word' id='word_1_849' title='bbox 865 5177 972 5232; x_wconf 90' lang='lat' dir='ltr'><strong>huc</strong></span> <span class='ocrx_word' id='word_1_850' title='bbox 996 5164 1241 5236; x_wconf 63' lang='grc' dir='ltr'><strong>ίιὶιηξιῖζ</strong></span> <span class='ocrx_word' id='word_1_851' title='bbox 1265 5203 1284 5236; x_wconf 76' lang='grc' dir='ltr'><strong>ι</strong></span> <span class='ocrx_word' id='word_1_852' title='bbox 1316 5164 1482 5240; x_wconf 59' lang='lat' dir='ltr'><strong>Lilia:</strong></span> <span class='ocrx_word' id='word_1_853' title='bbox 1510 5190 1664 5257; x_wconf 89' lang='lat' dir='ltr'><strong>editi,</strong></span> <span class='ocrx_word' id='word_1_854' title='bbox 1697 5210 1715 5243; x_wconf 77' lang='grc' dir='ltr'><strong>ι</strong></span> <span class='ocrx_word' id='word_1_855' title='bbox 1760 5194 1844 5247; x_wconf 84' lang='lat' dir='ltr'><strong>in-</strong></span> 
     </span>
    </p>
   </div>
   <div class='ocr_carea' id='block_1_106' title="bbox 288 5238 676 5295">
    <p class='ocr_par' dir='ltr' id='par_1_106' title="bbox 288 5238 676 5295">
     <span class='ocr_line' id='line_1_113' title="bbox 288 5238 676 5295; baseline 0.01 -8"><span class='ocrx_word' id='word_1_856' title='bbox 288 5238 457 5290; x_wconf 88' lang='lat' dir='ltr'><strong>troisti</strong></span> <span class='ocrx_word' id='word_1_857' title='bbox 491 5241 613 5295; x_wconf 85' lang='lat' dir='ltr'><strong>huc.</strong></span> <span class='ocrx_word' id='word_1_858' title='bbox 656 5260 676 5291; x_wconf 75' lang='grc' dir='ltr'><strong>ι</strong></span> 
     </span>
    </p>
   </div>
   <div class='ocr_carea' id='block_1_107' title="bbox 353 5306 1838 5392">
    <p class='ocr_par' dir='ltr' id='par_1_107' title="bbox 353 5306 1838 5392">
     <span class='ocr_line' id='line_1_114' title="bbox 353 5306 1838 5392; baseline 0.02 -36"><span class='ocrx_word' id='word_1_859' title='bbox 353 5306 461 5384; x_wconf 68' lang='grc'>(82)</span> <span class='ocrx_word' id='word_1_860' title='bbox 495 5308 571 5388; x_wconf 77' lang='lat' dir='ltr'><strong>ita</strong></span> <span class='ocrx_word' id='word_1_861' title='bbox 600 5313 922 5392; x_wconf 10' lang='lat' dir='ltr'><strong>mss.7Libb.</strong></span> <span class='ocrx_word' id='word_1_862' title='bbox 948 5317 1099 5384; x_wconf 90' lang='lat' dir='ltr'><strong>editi,</strong></span> <span class='ocrx_word' id='word_1_863' title='bbox 1130 5338 1149 5371; x_wconf 74' lang='grc' dir='ltr'><strong>ι</strong></span> <span class='ocrx_word' id='word_1_864' title='bbox 1180 5323 1419 5392; x_wconf 90' lang='lat' dir='ltr'><strong>nunquid</strong></span> <span class='ocrx_word' id='word_1_865' title='bbox 1440 5339 1544 5379; x_wconf 92' lang='lat' dir='ltr'><strong>non</strong></span> <span class='ocrx_word' id='word_1_866' title='bbox 1574 5327 1664 5383; x_wconf 89' lang='lat' dir='ltr'><strong>ille</strong></span> <span class='ocrx_word' id='word_1_867' title='bbox 1690 5339 1838 5385; x_wconf 90' lang='lat' dir='ltr'><strong>est...</strong></span> 
     </span>
    </p>
   </div>
   <div class='ocr_carea' id='block_1_108' title="bbox 278 5376 1336 5473">
    <p class='ocr_par' dir='ltr' id='par_1_108' title="bbox 278 5376 1336 5473">
     <span class='ocr_line' id='line_1_115' title="bbox 278 5376 1326 5444; baseline 0.011 -17"><span class='ocrx_word' id='word_1_868' title='bbox 278 5376 773 5444; x_wconf 82' lang='lat' dir='ltr'><strong>Invitarejusserat.</strong></span> <span class='ocrx_word' id='word_1_869' title='bbox 808 5402 829 5432; x_wconf 72' lang='grc' dir='ltr'><strong>ι</strong></span> <span class='ocrx_word' id='word_1_870' title='bbox 1086 5376 1098 5384; x_wconf 84' lang='grc'><em>’</em></span> <span class='ocrx_word' id='word_1_871' title='bbox 1305 5376 1326 5392; x_wconf 73' lang='grc'><strong>⁸</strong></span> 
     </span>
     <span class='ocr_line' id='line_1_116' title="bbox 352 5442 1336 5473; baseline 0 0"><span class='ocrx_word' id='word_1_872' title='bbox 352 5442 459 5473; x_wconf 54' lang='grc'><strong>192)</strong></span> <span class='ocrx_word' id='word_1_873' title='bbox 498 5446 586 5473; x_wconf 65' lang='lat' dir='ltr'><strong>Q...</strong></span> <span class='ocrx_word' id='word_1_874' title='bbox 616 5465 723 5473; x_wconf 56' lang='grc' dir='ltr'>μυ...</span> <span class='ocrx_word' id='word_1_875' title='bbox 775 5452 794 5473; x_wconf 85' lang='lat' dir='ltr'><strong>I’</strong></span> <span class='ocrx_word' id='word_1_876' title='bbox 822 5454 901 5473; x_wconf 40' lang='grc' dir='ltr'>ειμι</span> <span class='ocrx_word' id='word_1_877' title='bbox 970 5456 1087 5473; x_wconf 63' lang='grc'><strong>-;·.·</strong></span> <span class='ocrx_word' id='word_1_878' title='bbox 1241 5459 1275 5473; x_wconf 83' lang='grc' dir='ltr'><strong>Λ</strong></span> <span class='ocrx_word' id='word_1_879' title='bbox 1324 5460 1336 5473; x_wconf 76' lang='grc' dir='ltr'><strong>ο</strong></span> 
     </span>
    </p>
   </div>
   <div class='ocr_carea' id='block_1_109' title="bbox 352 5442 1373 5541">
    <p class='ocr_par' dir='ltr' id='par_1_109' title="bbox 352 5442 1373 5541">
     <span class='ocr_line' id='line_1_117' title="bbox 352 5442 1373 5541; baseline 0.02 -47"><span class='ocrx_word' id='word_1_880' title='bbox 352 5442 587 5541; x_wconf 60' lang='grc' dir='ltr'><strong>(85)Π5ιε</strong></span> <span class='ocrx_word' id='word_1_881' title='bbox 616 5465 744 5541; x_wconf 69' lang='lat' dir='ltr'><strong>mss.</strong></span> <span class='ocrx_word' id='word_1_882' title='bbox 775 5452 1144 5541; x_wconf 26' lang='lat' dir='ltr'><strong>Libbze-ditini</strong></span> <span class='ocrx_word' id='word_1_883' title='bbox 1173 5477 1191 5509; x_wconf 71' lang='grc' dir='ltr'><strong>ε</strong></span> <span class='ocrx_word' id='word_1_884' title='bbox 1236 5459 1373 5541; x_wconf 78' lang='lat' dir='ltr'><strong>Quid</strong></span> 
     </span>
    </p>
   </div>
   <div class='ocr_carea' id='block_1_110' title="bbox 273 5509 1405 5600">
    <p class='ocr_par' dir='ltr' id='par_1_110' title="bbox 273 5509 1405 5600">
     <span class='ocr_line' id='line_1_118' title="bbox 273 5509 1405 5600; baseline 0.024 -41"><span class='ocrx_word' id='word_1_885' title='bbox 273 5509 423 5600; x_wconf 42' lang='grc' dir='ltr'>διιέιο</span> <span class='ocrx_word' id='word_1_886' title='bbox 442 5509 545 5600; x_wconf 67' lang='lat' dir='ltr'><strong>Dei</strong></span> <span class='ocrx_word' id='word_1_887' title='bbox 577 5517 791 5599; x_wconf 65' lang='lat' dir='ltr'><strong>judicio</strong></span> <span class='ocrx_word' id='word_1_888' title='bbox 814 5524 1104 5600; x_wconf 33' lang='lat' dir='ltr'><strong>objicixtur?</strong></span> <span class='ocrx_word' id='word_1_889' title='bbox 1123 5509 1405 5600; x_wconf 21' lang='lat' dir='ltr'><strong>iltnowtiuid</strong></span> 
     </span>
    </p>
   </div>
   <div class='ocr_carea' id='block_1_111' title="bbox 277 5579 1047 5653">
    <p class='ocr_par' dir='ltr' id='par_1_111' title="bbox 277 5579 1047 5653">
     <span class='ocr_line' id='line_1_119' title="bbox 277 5579 1047 5653; baseline 0.016 -22"><span class='ocrx_word' id='word_1_890' title='bbox 277 5579 333 5632; x_wconf 87' lang='lat' dir='ltr'><strong>in</strong></span> <span class='ocrx_word' id='word_1_891' title='bbox 360 5580 463 5636; x_wconf 85' lang='lat' dir='ltr'><strong>Deo</strong></span> <span class='ocrx_word' id='word_1_892' title='bbox 486 5579 618 5653; x_wconf 79' lang='lat' dir='ltr'><strong>legis</strong></span> <span class='ocrx_word' id='word_1_893' title='bbox 641 5579 996 5646; x_wconf 75' lang='lat' dir='ltr'><strong>crimiuaiur?</strong></span> <span class='ocrx_word' id='word_1_894' title='bbox 1028 5612 1047 5643; x_wconf 73' lang='grc' dir='ltr'><strong>ι</strong></span> 
     </span>
    </p>
   </div>
   <div class='ocr_carea' id='block_1_112' title="bbox 1409 5463 1839 5536">
    <p class='ocr_par' dir='ltr' id='par_1_112' title="bbox 1409 5463 1839 5536">
     <span class='ocr_line' id='line_1_120' title="bbox 1409 5463 1839 5536; baseline 0.019 -22"><span class='ocrx_word' id='word_1_895' title='bbox 1409 5463 1535 5518; x_wconf 92' lang='lat' dir='ltr'><strong>illud</strong></span> <span class='ocrx_word' id='word_1_896' title='bbox 1574 5476 1655 5519; x_wconf 89' lang='lat' dir='ltr'><strong>est</strong></span> <span class='ocrx_word' id='word_1_897' title='bbox 1693 5471 1839 5536; x_wconf 85' lang='lat' dir='ltr'><strong>quod</strong></span> 
     </span>
    </p>
   </div>
   <div class='ocr_carea' id='block_1_113' title="bbox 1448 5536 1836 5606">
    <p class='ocr_par' dir='ltr' id='par_1_113' title="bbox 1448 5536 1836 5606">
     <span class='ocr_line' id='line_1_121' title="bbox 1448 5536 1836 5606; baseline 0.015 -20"><span class='ocrx_word' id='word_1_898' title='bbox 1448 5536 1552 5588; x_wconf 83' lang='lat' dir='ltr'><strong>tale</strong></span> <span class='ocrx_word' id='word_1_899' title='bbox 1587 5546 1667 5591; x_wconf 84' lang='lat' dir='ltr'><strong>est</strong></span> <span class='ocrx_word' id='word_1_900' title='bbox 1694 5541 1836 5606; x_wconf 85' lang='lat' dir='ltr'><strong>quod</strong></span> 
     </span>
    </p>
   </div>
   <div class='ocr_carea' id='block_1_114' title="bbox 2027 4855 3542 4954">
    <p class='ocr_par' dir='ltr' id='par_1_114' title="bbox 2027 4855 3542 4954">
     <span class='ocr_line' id='line_1_122' title="bbox 2027 4855 3542 4954; baseline 0.026 -48"><span class='ocrx_word' id='word_1_901' title='bbox 2027 4855 2386 4954; x_wconf 47' lang='lat' dir='ltr'><strong>(.8I2l)kBonita§</strong></span> <span class='ocrx_word' id='word_1_902' title='bbox 2415 4862 3011 4954; x_wconf 37' lang='lat' dir='ltr'><strong>vi‘rtusLDesiderautur</strong></span> <span class='ocrx_word' id='word_1_903' title='bbox 3048 4875 3099 4929; x_wconf 90' lang='lat' dir='ltr'><strong>in</strong></span> <span class='ocrx_word' id='word_1_904' title='bbox 3143 4890 3300 4935; x_wconf 84' lang='lat' dir='ltr'><strong>antea</strong></span> <span class='ocrx_word' id='word_1_905' title='bbox 3340 4888 3542 4954; x_wconf 85' lang='lat' dir='ltr'><strong>editis,&#39;</strong></span> 
     </span>
    </p>
   </div>
   <div class='ocr_carea' id='block_1_115' title="bbox 1952 4926 2856 4990">
    <p class='ocr_par' dir='ltr' id='par_1_115' title="bbox 1952 4926 2856 4990">
     <span class='ocr_line' id='line_1_123' title="bbox 1952 4926 2856 4990; baseline 0.017 -15"><span class='ocrx_word' id='word_1_906' title='bbox 1952 4928 2045 4976; x_wconf 89' lang='lat' dir='ltr'><strong>sed</strong></span> <span class='ocrx_word' id='word_1_907' title='bbox 2073 4926 2337 4980; x_wconf 89' lang='lat' dir='ltr'><strong>habentur</strong></span> <span class='ocrx_word' id='word_1_908' title='bbox 2359 4931 2410 4981; x_wconf 91' lang='lat' dir='ltr'><strong>in</strong></span> <span class='ocrx_word' id='word_1_909' title='bbox 2449 4934 2699 4987; x_wconf 87' lang='lat' dir='ltr'><strong>omnibus</strong></span> <span class='ocrx_word' id='word_1_910' title='bbox 2729 4953 2856 4990; x_wconf 88' lang='lat' dir='ltr'><strong>mss.</strong></span> 
     </span>
    </p>
   </div>
   <div class='ocr_carea' id='block_1_116' title="bbox 2023 4993 3519 5081">
    <p class='ocr_par' dir='ltr' id='par_1_116' title="bbox 2023 4993 3519 5081">
     <span class='ocr_line' id='line_1_124' title="bbox 2023 4993 3519 5081; baseline 0.025 -37"><span class='ocrx_word' id='word_1_911' title='bbox 2023 4993 2131 5064; x_wconf 81' lang='grc'>(85)</span> <span class='ocrx_word' id='word_1_912' title='bbox 2160 4994 2284 5049; x_wconf 85' lang='lat' dir='ltr'><strong>Sine</strong></span> <span class='ocrx_word' id='word_1_913' title='bbox 2312 4998 2469 5051; x_wconf 82' lang='lat' dir='ltr'><strong>dubio</strong></span> <span class='ocrx_word' id='word_1_914' title='bbox 2508 5002 2720 5081; x_wconf 62' lang='lat' dir='ltr'><strong>justitia</strong></span> <span class='ocrx_word' id='word_1_915' title='bbox 2773 5006 2976 5081; x_wconf 72' lang='lat' dir='ltr'><strong>bonitas</strong></span> <span class='ocrx_word' id='word_1_916' title='bbox 3025 5025 3120 5068; x_wconf 85' lang='lat' dir='ltr'><strong>est.</strong></span> <span class='ocrx_word' id='word_1_917' title='bbox 3178 5018 3304 5074; x_wconf 73' lang='lat' dir='ltr'><strong>ilzee</strong></span> <span class='ocrx_word' id='word_1_918' title='bbox 3352 5025 3519 5081; x_wconf 86' lang='lat' dir='ltr'><strong>etiam</strong></span> 
     </span>
    </p>
   </div>
   <div class='ocr_carea' id='block_1_117' title="bbox 1950 5061 3495 5152">
    <p class='ocr_par' dir='ltr' id='par_1_117' title="bbox 1950 5061 3495 5152">
     <span class='ocr_line' id='line_1_125' title="bbox 1950 5061 3495 5152; baseline 0.025 -41"><span class='ocrx_word' id='word_1_919' title='bbox 1950 5061 2217 5117; x_wconf 66' lang='lat' dir='ltr'><strong>demntia</strong></span> <span class='ocrx_word' id='word_1_920' title='bbox 2255 5075 2412 5121; x_wconf 88' lang='lat' dir='ltr'><strong>antea</strong></span> <span class='ocrx_word' id='word_1_921' title='bbox 2456 5061 2632 5136; x_wconf 74' lang='lat' dir='ltr'><strong>editis,</strong></span> <span class='ocrx_word' id='word_1_922' title='bbox 2667 5080 2913 5141; x_wconf 89' lang='lat' dir='ltr'><strong>quamvis</strong></span> <span class='ocrx_word' id='word_1_923' title='bbox 2956 5088 3294 5152; x_wconf 88' lang='lat' dir='ltr'><strong>reperiantur</strong></span> <span class='ocrx_word' id='word_1_924' title='bbox 3319 5093 3372 5145; x_wconf 92' lang='lat' dir='ltr'><strong>in</strong></span> <span class='ocrx_word' id='word_1_925' title='bbox 3408 5109 3495 5150; x_wconf 90' lang='lat' dir='ltr'><strong>om</strong></span> 
     </span>
     <span class='ocr_line' id='line_1_126' title="bbox 1951 5130 2240 5152; baseline 0.021 0"><span class='ocrx_word' id='word_1_926' title='bbox 1951 5130 2103 5152; x_wconf 66' lang='lat' dir='ltr'><strong>..:L--n</strong></span> <span class='ocrx_word' id='word_1_927' title='bbox 2142 5149 2240 5152; x_wconf 35' lang='grc' dir='ltr'><strong>-κ--ξ</strong></span> 
     </span>
    </p>
   </div>
   <div class='ocr_carea' id='block_1_118' title="bbox 1951 5130 2266 5190">
    <p class='ocr_par' dir='ltr' id='par_1_118' title="bbox 1951 5130 2266 5190">
     <span class='ocr_line' id='line_1_127' title="bbox 1951 5130 2266 5190; baseline 0.035 -11"><span class='ocrx_word' id='word_1_928' title='bbox 1951 5130 2106 5183; x_wconf 88' lang='lat' dir='ltr'><strong>uibus</strong></span> <span class='ocrx_word' id='word_1_929' title='bbox 2142 5149 2266 5190; x_wconf 89' lang='lat' dir='ltr'><strong>mss.</strong></span> 
     </span>
    </p>
   </div>
   <div class='ocr_carea' id='block_1_119' title="bbox 2019 5200 2935 5271">
    <p class='ocr_par' dir='ltr' id='par_1_119' title="bbox 2019 5200 2935 5271">
     <span class='ocr_line' id='line_1_128' title="bbox 2019 5200 2935 5271; baseline 0.02 -19"><span class='ocrx_word' id='word_1_930' title='bbox 2019 5200 2127 5271; x_wconf 82' lang='lat'><strong>(86)</strong></span> <span class='ocrx_word' id='word_1_931' title='bbox 2190 5203 2325 5257; x_wconf 80' lang='lat' dir='ltr'><strong>Odia</strong></span> <span class='ocrx_word' id='word_1_932' title='bbox 2387 5207 2643 5263; x_wconf 85' lang='lat' dir='ltr'><strong>malorum</strong></span> <span class='ocrx_word' id='word_1_933' title='bbox 2675 5216 2935 5270; x_wconf 78' lang='lat' dir='ltr'><strong>retribuit.</strong></span> 
     </span>
    </p>
   </div>
   <div class='ocr_carea' id='block_1_120' title="bbox 2987 5219 3518 5297">
    <p class='ocr_par' dir='ltr' id='par_1_120' title="bbox 2987 5219 3518 5297">
     <span class='ocr_line' id='line_1_129' title="bbox 2987 5219 3518 5297; baseline 0.024 -25"><span class='ocrx_word' id='word_1_934' title='bbox 2987 5219 3112 5297; x_wconf 64' lang='lat' dir='ltr'><strong>Marc</strong></span> <span class='ocrx_word' id='word_1_935' title='bbox 3165 5242 3380 5297; x_wconf 88' lang='lat' dir='ltr'><strong>quoque</strong></span> <span class='ocrx_word' id='word_1_936' title='bbox 3420 5233 3518 5284; x_wconf 34' lang='lat' dir='ltr'><strong>des</strong></span> 
     </span>
    </p>
   </div>
   <div class='ocr_carea' id='block_1_121' title="bbox 1944 5268 2934 5349">
    <p class='ocr_par' dir='ltr' id='par_1_121' title="bbox 1944 5268 2934 5349">
     <span class='ocr_line' id='line_1_130' title="bbox 1944 5268 2934 5349; baseline 0.019 -28"><span class='ocrx_word' id='word_1_937' title='bbox 1944 5268 2250 5349; x_wconf 42' lang='lat' dir='ltr'><strong>sitleILautur</strong></span> <span class='ocrx_word' id='word_1_938' title='bbox 2307 5277 2359 5327; x_wconf 90' lang='lat' dir='ltr'><strong>in</strong></span> <span class='ocrx_word' id='word_1_939' title='bbox 2418 5288 2574 5349; x_wconf 72' lang='lat' dir='ltr'><strong>antea</strong></span> <span class='ocrx_word' id='word_1_940' title='bbox 2624 5282 2805 5349; x_wconf 85' lang='lat' dir='ltr'><strong>editis,</strong></span> <span class='ocrx_word' id='word_1_941' title='bbox 2842 5291 2934 5340; x_wconf 89' lang='lat' dir='ltr'><strong>sed</strong></span> 
     </span>
    </p>
   </div>
   <div class='ocr_carea' id='block_1_122' title="bbox 2977 5291 3513 5352">
    <p class='ocr_par' dir='ltr' id='par_1_122' title="bbox 2977 5291 3513 5352">
     <span class='ocr_line' id='line_1_131' title="bbox 2977 5291 3513 5352; baseline 0.019 -10"><span class='ocrx_word' id='word_1_942' title='bbox 2977 5291 3243 5347; x_wconf 82' lang='lat' dir='ltr'><strong>habentur</strong></span> <span class='ocrx_word' id='word_1_943' title='bbox 3284 5291 3336 5349; x_wconf 79' lang='lat' dir='ltr'><strong>in</strong></span> <span class='ocrx_word' id='word_1_944' title='bbox 3380 5314 3513 5352; x_wconf 80' lang='lat' dir='ltr'><strong>mss.</strong></span> 
     </span>
    </p>
   </div>
   <div class='ocr_carea' id='block_1_123' title="bbox 2014 5339 3511 5434">
    <p class='ocr_par' dir='ltr' id='par_1_123' title="bbox 2014 5339 3511 5434">
     <span class='ocr_line' id='line_1_132' title="bbox 2014 5339 3511 5434; baseline 0.011 -44"><span class='ocrx_word' id='word_1_945' title='bbox 2014 5339 2126 5407; x_wconf 88' lang='lat'><strong>(87)</strong></span> <span class='ocrx_word' id='word_1_946' title='bbox 2158 5342 2394 5434; x_wconf 43' lang='lat' dir='ltr'><strong>ltaimss.</strong></span> <span class='ocrx_word' id='word_1_947' title='bbox 2429 5345 2586 5403; x_wconf 87' lang='lat' dir='ltr'><strong>Libb.</strong></span> <span class='ocrx_word' id='word_1_948' title='bbox 2618 5350 2769 5434; x_wconf 51' lang='lat' dir='ltr'><strong>ed‘iti,</strong></span> <span class='ocrx_word' id='word_1_949' title='bbox 2793 5339 2837 5404; x_wconf 70' lang='grc' dir='ltr'><strong>’ς</strong></span> <span class='ocrx_word' id='word_1_950' title='bbox 2884 5339 3353 5434; x_wconf 23' lang='lat' dir='ltr'><strong>*p’os‘ielfiimiib</strong></span> <span class='ocrx_word' id='word_1_951' title='bbox 3381 5339 3511 5434; x_wconf 54' lang='grc' dir='ltr'><strong>’ἐξζῖἔὲ</strong></span> 
     </span>
    </p>
   </div>
   <div class='ocr_carea' id='block_1_124' title="bbox 1942 5414 3512 5496">
    <p class='ocr_par' dir='ltr' id='par_1_124' title="bbox 1942 5414 3512 5496">
     <span class='ocr_line' id='line_1_133' title="bbox 1942 5414 3512 5496; baseline 0.02 -38"><span class='ocrx_word' id='word_1_952' title='bbox 1942 5422 2097 5473; x_wconf 88' lang='lat' dir='ltr'><strong>mss.,</strong></span> <span class='ocrx_word' id='word_1_953' title='bbox 2153 5429 2171 5461; x_wconf 71' lang='grc' dir='ltr'><strong>ι</strong></span> <span class='ocrx_word' id='word_1_954' title='bbox 2228 5414 2297 5467; x_wconf 88' lang='lat' dir='ltr'><strong>de</strong></span> <span class='ocrx_word' id='word_1_955' title='bbox 2349 5430 2452 5483; x_wconf 85' lang='lat' dir='ltr'><strong>qua</strong></span> <span class='ocrx_word' id='word_1_956' title='bbox 2504 5432 2599 5484; x_wconf 86' lang='lat' dir='ltr'><strong>spe</strong></span> <span class='ocrx_word' id='word_1_957' title='bbox 2651 5418 2863 5476; x_wconf 82' lang='lat' dir='ltr'><strong>Petrus.</strong></span> <span class='ocrx_word' id='word_1_958' title='bbox 2894 5414 2947 5476; x_wconf 76' lang='grc' dir='ltr'><strong>ἰ</strong></span> <span class='ocrx_word' id='word_1_959' title='bbox 3010 5424 3077 5478; x_wconf 79' lang='grc' dir='ltr'><strong>ιη’</strong></span> <span class='ocrx_word' id='word_1_960' title='bbox 3127 5414 3512 5496; x_wconf 64' lang='lat' dir='ltr'><strong>editisdeest,</strong></span> 
     </span>
    </p>
   </div>
   <div class='ocr_carea' id='block_1_125' title="bbox 1945 5492 2161 5541">
    <p class='ocr_par' dir='ltr' id='par_1_125' title="bbox 1945 5492 2161 5541">
     <span class='ocr_line' id='line_1_134' title="bbox 1945 5492 2161 5541; baseline 0.023 -16"><span class='ocrx_word' id='word_1_961' title='bbox 1945 5494 1961 5525; x_wconf 75' lang='grc' dir='ltr'><strong>ι</strong></span> <span class='ocrx_word' id='word_1_962' title='bbox 1999 5492 2114 5541; x_wconf 80' lang='lat' dir='ltr'><strong>spe.</strong></span> <span class='ocrx_word' id='word_1_963' title='bbox 2144 5499 2161 5529; x_wconf 69' lang='grc' dir='ltr'><strong>ι</strong></span> 
     </span>
    </p>
   </div>
   <div class='ocr_carea' id='block_1_126' title="bbox 2009 5548 3094 5630">
    <p class='ocr_par' dir='ltr' id='par_1_126' title="bbox 2009 5548 3094 5630">
     <span class='ocr_line' id='line_1_135' title="bbox 2009 5548 3094 5630; baseline 0.011 -27"><span class='ocrx_word' id='word_1_964' title='bbox 2009 5548 2119 5618; x_wconf 76' lang='lat'><strong>(88)</strong></span> <span class='ocrx_word' id='word_1_965' title='bbox 2147 5550 2276 5604; x_wconf 83' lang='lat' dir='ltr'><strong>Vide</strong></span> <span class='ocrx_word' id='word_1_966' title='bbox 2301 5551 2335 5603; x_wconf 91' lang='lat' dir='ltr'><strong>l.</strong></span> <span class='ocrx_word' id='word_1_967' title='bbox 2364 5567 2400 5605; x_wconf 91' lang='lat' dir='ltr'><strong>tt</strong></span> <span class='ocrx_word' id='word_1_968' title='bbox 2434 5550 2760 5623; x_wconf 73' lang='lat' dir='ltr'><strong>0rigenian.,</strong></span> <span class='ocrx_word' id='word_1_969' title='bbox 2781 5575 2834 5629; x_wconf 88' lang='lat' dir='ltr'><strong>q.</strong></span> <span class='ocrx_word' id='word_1_970' title='bbox 2874 5561 3015 5630; x_wconf 43' lang='lat' dir='ltr'><strong>l‘l,n.</strong></span> <span class='ocrx_word' id='word_1_971' title='bbox 3043 5563 3094 5615; x_wconf 89' lang='lat'><strong>7.</strong></span> 
     </span>
    </p>
   </div>
  </div>
