4014 6142
390 290 494 349 237

1626 288 1786 345 ORIG
1796 288 1948 345 ENIS
1979 291 2137 343 ΠΕΡΙ
2174 289 2405 343 ΑΡΧΩΝ

3540 287 3649 344 2(8

394 413 445 466 id
482 420 563 465 est
618 423 742 466 octo
800 412 990 465 animm
1044 410 1204 465 salvae
1258 412 1409 464 factae
1432 418 1561 463 sunt
1608 426 1703 479 per
1753 425 1969 479 aquam,
2002 420 2048 477 Α
2079 408 2354 479 legislator
2397 406 2677 476 putabitur
2728 406 2887 459 Deus.
2942 405 3140 461 Paulus
3192 406 3465 475 apostolus
3506 404 3653 463 nulla

394 502 536 571 quod
573 510 626 556 et
652 518 747 556 vos
770 504 931 558 simili
968 502 1136 559 forma
1177 516 1317 554 nime
1354 502 1619 569 baptisma
1668 502 1852 555 salvos
1891 501 1970 555 fa-

394 595 465 646 cit
495 594 560 645 ”.
611 612 629 645 ι
670 592 741 646 De
770 593 997 646 Sodoma
1026 600 1202 643 autem
1227 599 1280 643 et
1304 589 1608 644 Gontorrha
1650 591 1837 643 dicant
1869 604 1969 642 no-

397 681 501 745 bis,
533 684 578 737 si
616 682 1126 737 creduntcrcatoris
1152 680 1241 732 Dei
1261 693 1380 733 esse
1406 681 1751 748 propheticas
1783 695 1963 747 voces,

397 771 511 836 ejus
534 772 740 824 scilicet
766 770 853 836 qui
889 767 1122 821 refertur
1162 782 1324 835 super
1364 782 1457 822 eos
1485 769 1621 837 ignis
1649 778 1705 823 et
1748 769 1970 837 sulphu-

398 864 470 914 ris
522 861 745 913 imbrem
801 858 1030 927 pluisse:
1084 860 1215 926 quid
1267 859 1399 911 dicit
1445 861 1512 913 de
1560 860 1691 927 ipsis
1723 860 1971 913 Ezechiel

395 952 737 1022 proplictah
794 950 1149 1011 liestituetur,
1207 950 1405 1017 inquit,
1462 950 1698 1005 Sodoma
1750 951 1803 1003 in
1841 950 1976 1002 auti-

393 1060 554 1115 quum
586 1044 625 1096 ⁸.
660 1062 678 1093 ι
716 1042 851 1106 Quid
875 1051 1054 1094 autem
1086 1039 1330 1110 afﬂigens
1361 1056 1456 1095 eos
1493 1041 1583 1109 qui
1631 1056 1789 1110 pinna
1823 1041 1974 1110 digni

392 1144 538 1199 sunt,
570 1150 675 1186 non
710 1147 806 1200 pro
830 1133 972 1185 bono
995 1129 1217 1199 aﬂligit?
1248 1128 1352 1195 Qui
1382 1132 1545 1184 etiam
1571 1131 1635 1183 ad
1663 1130 1972 1184 Chaldaeum

393 1226 562 1280 dicit:
600 1243 617 1274 ι
652 1224 829 1277 llabcs
864 1224 1133 1277 carbones
1161 1224 1323 1291 ignis,
1363 1222 1493 1276 sede
1535 1236 1695 1291 super
1726 1236 1839 1287 eos,
1874 1222 1971 1290 ipsi

390 1326 555 1370 erunt
587 1317 680 1370 tibi
706 1314 1038 1384 adjutorio’.
1069 1332 1089 1366 ι
1126 1313 1232 1368 Sed
1263 1325 1316 1367 et
1346 1314 1411 1368 de
1443 1314 1526 1367 his
1551 1315 1642 1383 qui
1674 1316 1728 1368 in
1762 1314 1975 1367 deserto

389 1408 725 1469 ceciderunt,
773 1407 997 1459 audiant
1047 1406 1176 1475 quid
1232 1407 1286 1459 in
1350 1422 1533 1460 Lxxvu
1586 1406 1814 1475 psalmo,
1883 1407 1975 1474 qui

390 1499 570 1567 Asaph
605 1497 1048 1566 superscribitur,
1082 1496 1387 1561 referatur;
1419 1497 1495 1549 ait
1547 1496 1730 1549 enim:
1780 1513 1799 1546 ι
1837 1495 1976 1549 Cum

389 1591 666 1647 occideret
693 1604 808 1654 eos,
838 1600 965 1643 tunc
987 1589 1345 1656 exquirebant
1376 1604 1498 1642 eum
1527 1589 1567 1645 ⁸.
1608 1607 1627 1638 ι
1668 1586 1784 1640 Non
1824 1586 1978 1650 dicit,

326 1736 331 1743 λ
391 1685 513 1750 quia
559 1682 679 1736 aliis
724 1680 1024 1736 interfectis
1068 1681 1155 1734 alii
1201 1679 1552 1749 requirebant
1589 1694 1733 1745 eum,
1776 1678 1871 1733 sed
1904 1678 1979 1732 ait

2077 499 2391 554 circuitione
2417 513 2546 552 usus
2575 498 2684 550 ait:
2722 516 2740 548 (
2798 497 2906 553 Lex
2953 512 3082 567 ergo
3112 497 3250 551 bona
3280 506 3387 561 est,
3419 507 3471 549 et
3500 512 3651 551 man-

2075 592 2257 646 datum
2303 600 2549 643 sanctum
2590 597 2645 643 et
2678 588 2885 655 justum
2925 598 2982 643 et
3006 588 3203 644 bonum
3224 591 3267 643 ³.
3298 608 3317 641 ι
3352 588 3427 642 Ex
3460 589 3658 657 quibus

2076 690 2161 735 est
2197 680 2568 746 manifestum,
2615 679 2741 748 quia
2780 679 2980 735 Paulus
3015 698 3118 735 non
3175 681 3401 735 istorum
3449 681 3659 735 litteras

2070 773 2338 827 didicerat
2359 774 2449 841 qui
2478 772 2683 841 justum
2716 787 2745 824 a
2776 771 2915 827 bono
2934 771 3339 841 separant(9l),
3369 772 3461 825 sed
3496 772 3564 825 ab
3592 787 3658 825 eo

2078 863 2188 920 Deo
2250 864 2428 918 fuerat
2461 866 2782 930 instructus,
2839 874 2894 921 et
2943 864 3059 933 ejus
3098 864 3190 917 Dei
3226 862 3430 930 Spiritu
3483 861 3656 916 fuerat

2078 955 2431 1018 illuminatus,
2464 956 2554 1023 qui
2589 956 2749 1011 simul
2783 964 2836 1010 et
2864 967 3085 1010 sanctus
3117 965 3169 1008 et
3198 954 3370 1007 bonus
3403 961 3457 1005 et
3484 952 3658 1019 iustus
3720 952 3723 953 ⁷

2074 1055 2191 1110 est;
2240 1059 2335 1114 per
2379 1046 2532 1111 Cujus
2570 1047 2657 1101 ille
2695 1047 2955 1116 Spiritum
2989 1045 3238 1115 loquens,
3263 1045 3479 1099 dicebat
3505 1060 3656 1099 man-

2077 1139 2258 1191 datum
2321 1139 2454 1207 legis
2511 1155 2632 1193 esse
2682 1148 2951 1203 sanctum,
2984 1149 3036 1193 et
3068 1137 3295 1206 justum,
3333 1146 3387 1190 et
3430 1138 3656 1194 bonum.

2075 1228 2144 1282 Et
2203 1240 2258 1283 ut
2309 1231 2612 1285 evidentius
2670 1245 2830 1298 supra
2878 1230 3143 1300 justitiam
3203 1239 3259 1284 et
3313 1228 3654 1282 sanctitatem

2079 1320 2372 1374 bonitatem
2435 1323 2606 1389 magis
2648 1322 2826 1376 inesse
2888 1323 3200 1375 ostenderet
3260 1320 3313 1373 in
3366 1319 3654 1381 mandato,

2076 1413 2307 1479 repetito
2373 1425 2644 1475 sermone,
2694 1426 2791 1480 pro
2844 1412 2927 1465 his
2980 1412 3153 1465 tribus
3201 1411 3371 1466 solam
3431 1410 3659 1479 protulit

2079 1504 2375 1557 bonitatem
2444 1503 2692 1557 dicens:
2763 1522 2780 1553 ι
2829 1503 2977 1568 Quod
3047 1518 3176 1573 ergo
3254 1504 3454 1556 bonum
3529 1513 3654 1565 est.

2080 1592 2193 1661 89
2222 1592 2352 1645 mihi
2385 1607 2531 1646 mors
2552 1592 2673 1646 est?
2710 1592 2853 1645 ahsit
2899 1593 2939 1646 ⁸.
2975 1611 2994 1643 ›
3032 1592 3226 1646 Sciens
3267 1592 3467 1660 quippe
3494 1591 3650 1646 boni-

2089 1693 2252 1736 tatem
2283 1699 2457 1753 genus
2483 1698 2605 1738 esse
2635 1684 2922 1749 virtutum,
2947 1683 3217 1751 justitiam
3256 1697 3387 1736 vero
3412 1683 3493 1736 vel
3526 1698 3652 1737 san-

391 1776 516 1843 quia
550 1789 738 1828 eorum
775 1774 864 1842 qui
895 1773 1286 1828 occidebantur
1324 1772 1446 1825 talis
1484 1772 1891 1832 eratintcritus,
1921 1780 1979 1823 ut
2015 1762 2052 1815 Β
2086 1772 2331 1824 ctitatem
2365 1772 2572 1840 species
2604 1773 2844 1841 generis,
2882 1774 2999 1825 ideo
3026 1787 3149 1826 cum
3181 1770 3234 1825 in
3280 1772 3656 1840 superioribus

389 1864 700 1918 mortiticati
746 1862 1088 1933 requirerent
1120 1863 1311 1917 Deum.
1368 1862 1444 1916 Ex
1481 1863 1678 1932 quibus
1726 1861 1976 1918 omnibus

391 1964 605 2011 constat
636 1970 797 2009 unum
822 1956 1178 2023 eamdemque
1200 1967 1318 2009 esse
1340 1952 1544 2021 justum
1586 1963 1641 2008 et
1672 1954 1869 2009 bonum
1901 1952 1977 2007 le-

388 2047 470 2114 gis
501 2057 555 2101 et
588 2045 1004 2114 ‘Evangeliorum
1052 2045 1240 2110 Deum,
1275 2053 1329 2098 et
1369 2042 1693 2099 benefacere
1723 2059 1849 2098 cum
1883 2044 1974 2112 ju-

388 2139 534 2192 stitia
570 2146 623 2192 et
661 2152 781 2192 cum
813 2138 1055 2191 bonitate
1088 2137 1313 2204 punire;
1343 2136 1471 2203 quia
1503 2149 1603 2189 nec
1631 2136 1831 2190 bonum
1858 2135 1975 2190 sine

384 2230 551 2297 justo,
580 2244 678 2285 nec
700 2228 904 2296 justum
931 2230 1051 2284 sine
1071 2229 1211 2283 bono
1240 2228 1555 2308 dignitatem
1573 2228 1769 2282 divina:
1794 2235 1971 2296 potest

388 2323 628 2375 indicare
651 2320 1154 2376 naturrc.Addemus
1174 2319 1350 2374 adhuc
1376 2319 1540 2373 etiam
1570 2321 1692 2385 hoc,
1721 2320 1975 2374 versutiis

387 2428 574 2467 eorum
609 2411 1055 2480 compellentibus
1084 2426 1179 2465 nos
1201 2429 1212 2463 :
1234 2410 1289 2465 Si
1311 2410 1454 2464 aliud
1482 2409 1786 2477 estjustum
1812 2426 1973 2480 quant

387 2501 611 2564 bonum,
646 2501 900 2570 quoniam
948 2501 1092 2556 bono
1142 2500 1342 2555 malum
1384 2502 1716 2556 contrarium
1762 2514 1862 2569 est,
1919 2513 1974 2558 et

382 2590 531 2657 justo
563 2591 840 2660 injustum,
896 2592 1015 2645 sine
1066 2592 1231 2646 dubio
1274 2603 1330 2647 et
1368 2594 1620 2663 iujuslum
1670 2595 1815 2648 aliud
1868 2597 1972 2650 erit

387 2699 546 2751 quam
582 2684 812 2745 malum;
842 2691 894 2737 et
922 2684 1260 2751 sieutjustus
1299 2690 1440 2754 apud
1473 2703 1567 2743 vos
1613 2687 1724 2758 (89)
1759 2704 1860 2743 non
1892 2698 1973 2745 est

386 2776 582 2838 bonus,
622 2776 691 2827 ita
732 2789 905 2843 neque
953 2775 1182 2841 injustus
1225 2778 1332 2831 erit
1378 2777 1584 2839 malus;
1632 2789 1685 2833 et
1731 2795 1970 2845 rursum,

387 2865 527 2916 sicut
555 2864 724 2917 bonus
765 2881 867 2919 non
895 2863 1187 2931 estjustus,
1220 2866 1292 2919 ita
1325 2876 1378 2921 et
1423 2868 1717 2921 malusnon
1751 2870 1856 2923 erit
1888 2870 1971 2922 iu-

382 2954 578 3019 jnstus.
630 2954 727 3008 Cui
780 2964 958 3009 autem
1004 2971 1109 3011 non
1154 2957 1366 3010 videtur
1398 2960 1713 3023 absurdum,
1762 2969 1817 3012 ut
1866 2961 1971 3014 Deo

385 3046 600 3113 quidem
628 3048 767 3099 bono
805 3048 1109 3099 contrarius
1128 3047 1195 3100 sit
1231 3048 1425 3110 malus,
1460 3049 1567 3104 Deo
1608 3059 1789 3103 autem
1821 3051 1970 3118 justo

388 3153 545 3203 quem
576 3136 888 3191 inferiorem
928 3140 1069 3193 bono
1099 3139 1302 3205 dicunt,
1330 3143 1642 3195 contrarius
1670 3157 1827 3196 nemo
1857 3144 1968 3196 sit?

388 3228 504 3282 Non
550 3229 692 3282 enim
727 3230 864 3281 sicut
904 3230 1135 3283 Satanas
1164 3239 1244 3283 est
1288 3231 1376 3299 qui
1416 3231 1590 3284 malus
1632 3233 1846 3297 dicitur,
1894 3234 1965 3287 ita

386 3334 463 3371 ρει
506 3321 643 3374 alius
689 3321 883 3389 aliquis
935 3321 1023 3389 qui
1081 3321 1299 3375 dicatur
1346 3322 1597 3388 injustus.
1648 3304 1787 3389 Quid
1839 3340 1970 3394 ergo

386 3413 503 3465 est?
551 3412 943 3466 Rescindamus
990 3428 1052 3466 ea
1100 3426 1221 3480 qua:
1261 3412 1622 3467 defendimus.
1667 3414 1782 3469 Non
1821 3417 1965 3469 enim

385 3515 639 3573 poterunt
668 3505 867 3568 dicere,
898 3505 1021 3573 quia
1057 3504 1233 3559 malus
1262 3519 1368 3559 non
1402 3506 1563 3559 etiam
1592 3506 1823 3575 iujustus
1857 3508 1962 3571 sit,

384 3607 438 3647 et
478 3595 707 3662 injustus
734 3596 926 3649 malus.
963 3597 1115 3661 Quod
1145 3596 1189 3650 si
1229 3597 1423 3651 inislis
1462 3598 1754 3651 contrariis
1797 3599 1971 3651 indis.

385 3683 714 3738 sm-iabiliter
737 3685 962 3739 inhaeret
989 3683 1069 3738 vel
1107 3685 1247 3739 malo
1277 3684 1564 3753 injustitia,
1584 3687 1664 3740 vel
1697 3687 1969 3755 injustitiaa‘

386 3777 609 3838 malum,
637 3778 755 3829 sine
783 3776 945 3831 dubio
966 3786 1019 3830 et
1045 3777 1216 3831 bonus
1238 3778 1654 3832 indissociabilis
1672 3779 1772 3833 erit
1796 3780 1964 3848 justo,

386 3876 440 3919 et
469 3866 645 3932 justus
675 3867 845 3931 bono;
878 3875 937 3919 ut
982 3866 1121 3919 sicut
1154 3883 1315 3920 unam
1363 3870 1717 3936 eamdemque
1771 3870 1968 3937 nequi-

390 3959 520 4011 tiam
580 3957 800 4010 malitiae
858 3965 911 4010 et
967 3956 1241 4024 iujustitite
1303 3957 1553 4023 dicimus,
1614 3960 1685 4011 ita
1749 3958 1966 4012 bonita-

389 4050 455 4103 tis
520 4062 584 4100 ac
633 4046 860 4116 iustitia:
918 4047 1174 4101 virtutem
1239 4061 1400 4099 unam
1472 4051 1826 4119 eamdemque
1889 4060 1969 4104 te-

384 4152 633 4194 ineamus.

452 4229 507 4284 4.
536 4228 642 4281 Sed
678 4228 871 4282 iterum
923 4227 990 4282 ad
1024 4226 1320 4295 Scriptura}
1366 4242 1465 4283 nos
1500 4238 1754 4284 revocant
1801 4231 1965 4286 verba

382 4319 721 4387 proferentes
747 4318 890 4372 illam
928 4332 1080 4371 suam
1111 4316 1223 4389 (90)
1256 4317 1677 4373 famosissimaut
1708 4321 1965 4388 qimstio-

2080 1876 2253 1931 genus
2276 1861 2436 1916 simul
2464 1878 2526 1917 ac
2558 1862 2767 1931 species
2796 1863 3151 1925 nominasset,
3169 1871 3423 1930 repetens
3446 1878 3656 1916 sermo-

2082 1968 2203 2006 nem
2237 1953 2304 2006 ad
2338 1954 2509 2007 solum
2550 1968 2718 2023 genus
2746 1955 2984 2008 retorsit.
3026 1953 3131 2008 Sed
3155 1963 3210 2007 et
3240 1955 3291 2007 in
3318 1968 3653 2020 consequen-

2083 2042 2224 2097 tibus
2253 2059 2266 2095 :
2303 2061 2323 2093 ι
2357 2041 2669 2106 Peccatum,
2712 2042 2909 2112 inquit,
2942 2058 3037 2111 per
3062 2044 3260 2097 bonum
3291 2043 3421 2096 mihi
3455 2057 3653 2111 Opera--

2080 2144 2191 2187 tum
2219 2144 2300 2188 est
2332 2137 2624 2189 mortem".
2673 2155 2691 2186 ι
2736 2136 2789 2188 In
2848 2149 2954 2203 quo
3005 2135 3054 2188 id
3102 2150 3194 2204 per
3223 2149 3391 2203 genus
3428 2136 3651 2189 conclu-

2079 2225 2174 2291 dit,
2223 2228 2368 2293 quod
2416 2227 2662 2294 superius
2719 2241 2815 2295 per
2854 2226 3064 2292 species
3128 2235 3475 2294 exposuerat.
3542 2226 3653 2282 Hoc

2078 2316 2240 2371 modo
2290 2332 2529 2385 namque
2575 2317 2980 2385 intelligendum
3015 2326 3097 2372 est
3150 2318 3313 2371 etiam
3348 2317 3477 2371 illud
3509 2319 3652 2385 quod

2078 2408 2281 2461 dictum
2316 2418 2401 2463 est
2430 2424 2446 2463 :
2482 2426 2499 2457 ι
2534 2408 2710 2463 Bonus
2739 2410 2900 2461 homo
2927 2408 2994 2462 de
3023 2408 3163 2463 bono
3189 2410 3444 2464 thesauro
3470 2410 3653 2464 cordis

2077 2500 2159 2553 sui
2204 2500 2411 2566 profert
2440 2502 2663 2565 bonum,
2713 2510 2770 2555 et
2819 2503 2991 2557 malus
3023 2502 3089 2556 de
3135 2501 3275 2554 malo
3302 2500 3508 2570 profert
3538 2517 3654 2555 ma-

2077 2594 2188 2647 lum
2218 2593 2259 2645 ⁸.
2302 2613 2320 2645 ι
2358 2592 2542 2648 Genus
2599 2609 2834 2664 namque
2890 2593 3183 2662 assumpsit
3239 2594 3402 2647 etiam
3460 2594 3549 2648 hic
3595 2595 3648 2648 in

2075 2685 2217 2739 bono
2248 2684 2357 2757 (9'2)
2397 2685 2479 2740 vel
2522 2686 2687 2751 malo,
2717 2687 3009 2741 ostendens
3037 2684 3156 2738 sine
3186 2683 3352 2737 dubio
3402 2684 3454 2736 in
3503 2684 3651 2740 bono

2076 2774 2296 2828 homine
2336 2788 2457 2830 esse
2490 2786 2540 2830 et
2570 2775 2835 2843 justitiam
2868 2784 2923 2830 et
2948 2773 3295 2827 sobrietatem
3328 2782 3381 2828 et
3416 2775 3651 2842 prudeno

2080 2864 2209 2918 tiam
2243 2874 2298 2918 et
2323 2865 2582 2933 pietatem
2614 2874 2668 2919 et
2698 2881 2861 2919 omne
2887 2867 3031 2934 quod
3062 2864 3146 2917 vel
3194 2864 3297 2917 dici
3330 2866 3531 2918 bonum
3564 2863 3647 2917 vel

2074 2954 2300 3025 intelligi
2340 2965 2539 3024 potest.
2576 2956 2843 3011 Similiter
2870 2959 3032 3012 etiam
3067 2970 3121 3013 et
3149 2957 3345 3011 malum
3375 2957 3647 3010 hominem

2074 3045 2233 3110 dixit,
2261 3046 2355 3114 qui
2398 3047 2515 3100 sine
2542 3047 2708 3101 dubio
2745 3060 2889 3103 esset
2924 3049 3180 3118 injustus,
3212 3059 3267 3104 et
3300 3049 3565 3116 impurus,
3592 3056 3649 3102 et

2081 3137 2300 3206 impius,
2339 3148 2395 3193 et
2424 3140 2603 3193 omma
2629 3154 2748 3208 qua:
2781 3154 2879 3209 per
2911 3152 3091 3208 partes
3138 3141 3412 3195 hominem
3446 3139 3646 3192 malum

2075 3230 2401 3283 deformant.
2436 3230 2595 3285 Sicut
2622 3232 2765 3284 enim
2797 3233 2917 3286 s'ne
2944 3233 3026 3285 his
3055 3232 3312 3301 nequitiis
3352 3244 3517 3283 nemo
3544 3228 3646 3282 ali-

2075 3322 2232 3390 quem
2261 3320 2370 3393 (95)
2400 3322 2601 3375 malum
2651 3323 2923 3377 hominem
2972 3331 3146 3390 putat,
3182 3336 3282 3376 nec
3324 3335 3443 3376 esse
3475 3318 3650 3373 malus

2073 3423 2272 3481 potest,
2306 3414 2376 3466 ita
2429 3423 2483 3466 et
2531 3412 2652 3467 sine
2683 3413 2788 3466 illis
2820 3412 3114 3466 virtutibus
3148 3422 3353 3466 certum
3389 3417 3473 3463 est
3502 3407 3647 3476 quod

2074 3518 2235 3557 nemo
2286 3504 2579 3572 putabitur
2624 3517 2745 3557 esse
2796 3503 2989 3556 bonus.
3051 3502 3311 3569 Superest
3353 3503 3433 3556 cis
3472 3501 3649 3554 adhuc

2072 3594 2262 3659 etiam,
2303 3593 2454 3658 illud,
2479 3592 2623 3661 quod
2641 3592 2788 3646 velut
2820 3592 3036 3662 proprie
3072 3593 3174 3647 sibi
3210 3592 3397 3646 datum
3431 3599 3647 3644 scutum

2074 3698 2289 3759 putant,
2321 3689 2467 3759 quod
2503 3688 2639 3741 dixit
2665 3688 2923 3741 Dominus
2956 3688 3009 3740 in
3040 3686 3338 3755 Evangelio
3371 3702 3384 3737 :
3422 3704 3441 3736 ι
3475 3683 3647 3739 Nemo

2072 3782 2249 3834 bonus
2288 3777 2394 3832 nisi
2427 3791 2567 3830 unus
2598 3776 2742 3830 Deus
2768 3776 2933 3829 Pater
2963 3777 2982 3808 °
3011 3815 3025 3840 ,
3073 3794 3091 3827 ι
3124 3775 3367 3828 dicentes
3394 3774 3499 3827 hoc
3521 3786 3645 3827 esse

2071 3870 2351 3939 proprium
2409 3867 2734 3922 vocabulum
2793 3866 2973 3919 Patris
3032 3866 3256 3931 Christi,
3309 3864 3400 3932 qui
3462 3874 3659 3918 tamen.

2071 3962 2208 4015 alius
2230 3961 2302 4014 sit
2332 3975 2361 4013 a
2394 3970 2642 4014 creatore
2667 3958 2907 4014 omnium
2947 3956 3077 4019 Deo,
3108 3956 3195 4010 cui
3218 3955 3456 4010 creatori
3486 3955 3645 4009 boni-

2076 4053 2203 4105 tatis
2241 4051 2352 4121 (94)
2384 4051 2587 4104 nullam
2622 4050 2833 4104 dederit
2884 4047 3322 4117 appellationem.
3348 4047 3646 4102 Videamus

2070 4158 2201 4213 ergo
2232 4143 2276 4197 si
2318 4141 2371 4195 in
2412 4140 2591 4195 Veteri
2620 4140 2970 4193 Testamento
3004 4141 3142 4193 Deus
3174 4139 3565 4206 prophetarum
3590 4146 3646 4189 et

2071 4234 2256 4288 mundi
2292 4242 2513 4287 creator
2542 4246 2604 4283 ac
2630 4230 2916 4297 legislator
2965 4244 3071 4282 non
3119 4228 3320 4281 dicitur
3353 4229 3546 4281 bonus.
3578 4225 3647 4281 Et

2069 4326 2197 4395 quid
2251 4335 2337 4379 est
2387 4324 2530 4392 quod
2575 4324 2626 4375 in
2680 4319 2912 4376 Psalmis
2952 4320 3086 4375 dicit
3127 4339 3139 4374 :
3177 4338 3195 4372 ι
3241 4319 3414 4385 Quam
3463 4320 3644 4372 bonus

385 4425 529 4464 nem.
558 4411 1007 4479 Aiuntnamque:
1039 4409 1309 4478 Scriptum
1334 4418 1441 4476 est,
1465 4410 1588 4480 quia
1622 4429 1640 4462 ι
1663 4427 1766 4465 non
1791 4422 1967 4479 potest
2002 4418 2041 4471 D
2074 4414 2235 4469 Israel
2288 4413 2429 4468 Deus
2472 4413 2637 4468 rectis
2685 4413 2850 4466 corde
2907 4411 2984 4475 “;
3046 4430 3064 4463 ι
3096 4420 3153 4465 et
3188 4430 3201 4465 :
3236 4429 3255 4461 ι
3305 4410 3455 4465 Dicat
3496 4423 3643 4463 nunc

384 4504 545 4556 arbor
582 4502 719 4554 mala
772 4500 983 4555 fructus
1018 4503 1187 4556 honos
1232 4501 1443 4566 facere;
1492 4517 1556 4555 ex
1608 4500 1784 4556 fructu
1820 4504 1963 4557 enim

387 4594 547 4647 arbor
567 4593 912 4661 cognoscitur
937 4592 979 4645 ⁸.
1024 4611 1043 4644 ι
1076 4591 1213 4657 Quid
1244 4608 1375 4660 ergo
1416 4593 1603 4647 aiunt?
1647 4593 1834 4659 Qualis
1871 4608 1966 4647 ar-

386 4685 485 4737 bor
511 4684 582 4737 sit
604 4683 709 4747 lex,
739 4698 805 4736 cx
836 4683 1099 4736 fructibus
1125 4683 1259 4745 suis,
1282 4683 1334 4735 id
1366 4693 1533 4737 estex
1568 4695 1965 4753 praeceptorum

387 4774 724 4827 sermonibus
758 4772 1086 4825 declaratur.
1114 4770 1171 4825 Si
1194 4774 1337 4825 enim
1353 4770 1489 4825 bona
1516 4772 1820 4827 inveniatur
1855 4775 1961 4842 lex,

385 4866 504 4919 sine
536 4863 696 4917 dubio
725 4869 778 4916 et
799 4863 889 4930 qui
921 4862 1065 4916 dedit
1097 4877 1216 4917 cam
1268 4860 1439 4917 bonus
1470 4860 1608 4917 Deus
1639 4877 1759 4917 esse
1790 4864 1966 4918 credi-

389 4944 494 5010 tur.
525 4954 579 5007 Si
614 4968 742 5007 vero
785 4953 928 5021 justa
969 4952 1141 5023 magis
1176 4967 1338 5022 quam
1381 4952 1543 5017 bona,
1572 4952 1751 5021 justus
1798 4954 1959 5008 etiam

452 5089 499 5126 "
530 5088 548 5142 l
576 5087 689 5143 Pet.
723 5103 803 5150 Ill,
838 5088 1037 5153 18,19,
1064 5084 1152 5151 20,
1187 5088 1275 5142 21.
1316 5089 1330 5119 ¹
1362 5087 1786 5152 Ezech.xw,55,

392 5163 475 5217 18,
528 5167 581 5212 et
629 5172 732 5221 xu,
782 5158 870 5210 55.
948 5158 969 5189 ⁸
1003 5158 1158 5210 lium.
1237 5172 1332 5215 vn.
1406 5156 1493 5211 12.
1574 5158 1755 5211 “Ibid.
1808 5159 1890 5213 l3.

383 5245 557 5291 Lun,
582 5228 634 5281 1.
714 5229 753 5258 ³⁸
785 5226 925 5280 l’sal.
955 5227 1197 5291 cwnﬂ.
1277 5230 1317 5257 ¹²
1346 5226 1548 5280 Thren.
1574 5242 1659 5293 ιιι,
1683 5227 1772 5281 25.

456 5352 567 5425 (89)
592 5350 683 5403 Sic
713 5364 854 5425 mss._
889 5348 1045 5403 l.ihb.
1106 5347 1258 5410 editi,
1300 5366 1350 5425 _i_
1379 5349 1520 5425 apud
1563 5362 1680 5425 nos.
1724 5366 1761 5425 i_
1791 5347 1957 5404 Paulo

384 5418 507 5490 post
532 5418 681 5481 iiiss.,
718 5437 735 5469 ι
770 5420 854 5471 cui
908 5428 1085 5490 autem
1130 5431 1232 5471 non
1265 5418 1535 5490 videbitur
1564 5418 1877 5490 absurdum.
1935 5438 1953 5473 ι

388 5487 542 5546 Lilib.
574 5492 724 5553 editi,
752 5507 768 5538 ι
794 5489 1064 5557 quomodo
1091 5495 1270 5557 autem
1298 5502 1402 5540 non
1436 5488 1542 5541 erit
1570 5487 1885 5557 absurdum.
1934 5506 1952 5538 ι

389 5564 586 5612 ibidem
634 5555 848 5621 mss.,'¢
910 5572 1067 5626 quem
1121 5555 1430 5626 inferiorem
1492 5557 1631 5626 bono
1683 5556 1890 5609 dicunt.
1938 5577 1953 5607 ι

384 5628 540 5683 Lihh.
583 5628 734 5690 editi,
788 5646 803 5677 ι
839 5625 996 5696 quem
1022 5626 1335 5680 inferiorem
1359 5625 1501 5696 bono
1536 5625 1850 5696 dicimus.)

459 5697 566 5767 (90)
609 5696 797 5752 Suam.
853 5694 1010 5752 Deest
1041 5697 1093 5750 in
1150 5705 1306 5750 antea
1357 5695 1535 5762 editis,
1589 5695 1680 5750 sed
1715 5694 1960 5767 habetur

1865 5091 1885 5121 ³
1917 5088 2018 5144 lsa.
2065 5103 2232 5154 XLVII,
2258 5087 2344 5150 H,
2381 5086 2467 5139 15'.

1967 5162 1986 5189 "
2014 5160 2152 5214 Ibid.

2071 4505 2239 4559 Israel
2266 4504 2524 4572 quoniam
2572 4502 2767 4570 bonus,
2800 4502 3057 4572 quoniam
3090 4503 3141 4555 in
3174 4501 3426 4557 saeculum
3479 4501 3646 4553 mise-

2072 4594 2311 4649 ricordia
2343 4593 2465 4663 ejus
2500 4594 2565 4645 “.
2606 4610 2625 4644 ι
2660 4592 2727 4646 Ει
2766 4593 2821 4645 in
2856 4591 3361 4647 Lamentatiouibus
3393 4589 3645 4645 Jer‘emia

2074 4686 2338 4754 scriptum
2371 4692 2456 4737 est
2487 4698 2502 4735 :
2536 4700 2554 4733 ι
2598 4681 2781 4736 Bonus
2811 4681 3071 4735 Dominus
3099 4682 3184 4736 his
3226 4680 3315 4749 qui
3366 4681 3643 4735 sustinent

2071 4791 2214 4838 cum,
2247 4775 2440 4828 anima:
2474 4773 2735 4842 quaerenti
2766 4786 2891 4826 eum
2926 4772 2988 4823 “.
3022 4789 3041 4823 ι
3082 4771 3239 4825 Sicut
3280 4785 3414 4838 ergo
3457 4770 3632 4824 bonus

2071 4872 2127 4921 in
2159 4866 2343 4922 Veteri
2374 4865 2729 4919 Testamento
2759 4863 3078 4931 frequenter
3109 4861 3310 4914 dicitur
3358 4861 3520 4922 Deus,
3565 4858 3639 4911 ita

2069 4960 2234 5012 etiam
2303 4955 2486 5025 justus
2546 4954 2602 5006 in
2666 4950 2974 5020 Evangeliis
3050 4949 3358 5020 appellatur
3426 4945 3638 5004 Domini

3270 5082 3291 5111 ⁸
3325 5079 3511 5133 Matth.
3540 5095 3640 5142 vn,

3270 5150 3340 5207 l9.
3420 5150 3462 5181 ¹⁰
3490 5149 3637 5207 PSaL

3535 5165 3637 5204 Sat.

2546 5083 2788 5139 ’Psalm.
2837 5097 3044 5145 Lxxvu,
3102 5080 3192 5134 54.

2233 5159 2254 5189 ⁸
2282 5157 2473 5211 Matth.
2539 5170 2636 5221 xit,
2674 5155 2764 5208 '55.
2838 5152 3014 5207 “Luc.
3068 5165 3220 5214 xvut,
3253 5150 3340 5207 i9.

2060 5368 2111 5403 111
2146 5365 2275 5403 11185.

2132 5421 2241 5493 (9i)
2271 5418 2361 5493 Sic
2396 5433 2525 5471 mss.
2558 5417 2714 5493 {ibi}.
2748 5412 2900 5493 editi,
2941 5430 2961 5463 ι
2996 5421 3331 5493 separarent.
3374 5424 3392 5458 ι

2132 5479 2244 5557 (92)
2281 5490 2530 5541 Sic-mss.
2568 5486 2726 5557 ιλιι).
2762 5485 2913 5557 editi,
2956 5499 2974 5532 ι
3011 5479 3327 5557 huichouo.
3364 5494 3389 5531 δ

2154 5551 2242 5626 95)
2272 5558 2362 5611 Szc
2397 5571 2540 5626 mss.
2567 5555 2723 5626 μω,
2746 5552 2898 5626 editi,
2940 5568 2958 5601 ι
2997 5551 3213 5621 aliquis.
3253 5566 3276 5602 ι

2154 5563 2242 5626 95)
2272 5563 2362 5611 Szc
2397 5571 2527 5609 mss.
2567 5563 2723 5607 Libb.
2746 5563 2898 5613 editi,

2131 5563 2242 5697 ξω)
2276 5626 2430 5681 Libb.
2458 5624 2616 5691 editi,
2652 5641 2668 5675 ι
2704 5622 2940 5679 bonitas.
