4014 6142
356 246 464 300 20')

1671 257 1870 315 LIBER
1913 259 2293 317 SECUNDUS.

3514 279 3621 336 210

357 366 531 421 nostri
547 366 659 440 (95)
694 367 822 424 Jesu
851 371 1053 428 Cltl’iSli
1079 372 1262 430 Pater.
1287 376 1535 447 Denique
1566 378 1618 433 in
1650 379 1944 451 Evangelio
1974 390 2019 444 Α
2051 398 2264 438 versam
2293 383 2444 440 verbi
2471 385 2553 440 sui
2588 395 2860 453 naturam,
2891 396 3056 458 atque
3086 391 3260 460 ipsius
3288 393 3381 450 Dei
3410 413 3530 467 qua
3551 416 3616 457 ex

359 461 657 515 secundum
696 460 961 519 Joannem
992 483 1160 524 orans
1194 470 1308 537 ipse
1340 470 1605 526 Dominus
1652 483 1839 528 noster
1874 475 1939 528 ad

356 550 581 607 Patrem
613 554 753 611 dicit
780 572 795 608 :
834 575 854 608 ‹
892 558 1052 612 Pater
1076 560 1245 630 juste,
1274 572 1329 616 et
1355 564 1591 618 mundus
1633 574 1683 619 te
1713 581 1818 620 non
1850 583 1941 621 co-

354 643 544 709 gnovit
600 645 663 697 ¹³.
707 665 726 697 ι
784 646 864 703 Ne
906 649 1051 705 forte
1105 652 1313 718 dicant,
1363 655 1491 722 quia
1543 657 1706 709 etiam
1755 659 1938 713 mundi

352 747 663 790 creatorem
693 753 792 807 pro
824 744 1200 811 assumptione
1223 745 1405 799 carnis
1434 744 1652 801 Patrem
1691 750 1937 814 vocabat,

350 834 405 881 et
427 827 606 896 ipsum
633 828 842 898 justum
874 833 1217 899 nominabat,
1243 835 1608 891 excluduntur
1638 840 1706 891 ab
1728 854 1793 894 eo
1826 855 1942 894 ser-

350 931 514 970 mone
541 918 635 986 qui
664 921 856 973 statim
888 922 1179 991 sequitur;
1219 924 1297 978 ait
1324 925 1472 979 enim
1512 940 1528 978 :
1566 945 1585 978 ι
1618 928 1684 981 Ει
1709 931 1940 986 mundus

353 1015 407 1060 te
466 1022 579 1062 non
638 1012 920 1079 cognovit.
954 1031 974 1065 ι
1007 1013 1319 1071 Secundum
1369 1017 1520 1085 ipsos
1571 1020 1714 1075 enim
1765 1024 1936 1077 solum

354 1098 531 1152 Deum
582 1100 785 1157 bonum
844 1105 1103 1177 mundus
1133 1108 1371 1177 ignorat.
1416 1109 1552 1163 Nam
1604 1112 1937 1168 conditorem

350 1204 514 1244 suum
546 1194 838 1250 verissime
860 1202 1223 1268 recognoscit,
1252 1203 1485 1258 Domine
1535 1204 1653 1271 ipso
1697 1206 1935 1274 dicente,

351 1284 488 1350 quia
540 1286 774 1341 mundus
817 1291 962 1357 quod
1016 1306 1173 1347 suum
1207 1306 1290 1351 est
1326 1299 1528 1368 diligit.
1578 1302 1782 1369 Aperte
1810 1318 1940 1375 ergo

357 1376 449 1430 ille
487 1393 648 1445 quem
668 1391 857 1449 putant
888 1385 1086 1438 bonum
1121 1388 1307 1455 Deum,
1338 1393 1522 1460 justus
1550 1408 1670 1449 esse
1698 1396 1750 1449 in
1776 1396 1941 1450 Evan-

355 1470 521 1536 geliis
554 1470 775 1527 dicitur.
814 1474 889 1529 Ex
920 1480 1030 1532 otio
1055 1494 1189 1535 sane
1214 1482 1397 1537 licebit
1429 1485 1539 1557 (96)
1569 1486 1725 1554 plura
1783 1489 1941 1541 testi-

356 1562 545 1614 monia
578 1578 936 1635 congregare,
966 1569 1146 1624 sicubi
1177 1574 1229 1625 in
1259 1573 1410 1628 Novo
1446 1575 1796 1633 Testamento
1835 1579 1939 1633 Pa-

353 1661 439 1707 ter
479 1654 690 1710 Domini
726 1661 898 1713 nostri
933 1658 1058 1716 Jesu
1082 1663 1495 1736 Christijustus
1526 1670 1853 1739 appellatur,
1884 1684 1939 1727 et

346 1744 521 1797 etiam
564 1748 615 1799 in
649 1748 827 1804 Veteri
861 1751 1210 1810 Testamento
1239 1758 1371 1812 coeli'
1411 1769 1465 1813 et
1503 1770 1669 1815 terra:
1716 1772 1937 1817 creator

349 1833 534 1889 bonus
567 1838 788 1903 dicitur,
830 1850 886 1895 ut
914 1843 1163 1912 pluribus
1186 1848 1517 1905 testimoniis
1552 1852 1788 1906 convicti
1834 1854 1943 1908 hae-

349 1925 514 1980 retici
560 1928 861 1999 aliquando
892 1934 1035 1989 forte
1057 1937 1404 1992 erubescant.

962 2045 1191 2104 CAPUT
1245 2048 1332 2104 VI.

784 2135 860 2190 De
888 2138 1260 2196 incarnatione
1295 2142 1511 2197 Christi.

423 2223 748 2296 LTempus
780 2238 865 2282 est
913 2230 996 2285 his
1037 2232 1285 2287 decursis
1315 2244 1562 2304 repetere
1607 2250 1705 2291 nos
1746 2241 1811 2294 de
1861 2240 1943 2295 in-

351 2317 673 2372 carnatione
720 2317 934 2373 Domini
984 2331 1038 2375 et
1096 2322 1396 2379 Salvatoris
1430 2328 1622 2392 nostri,
1664 2331 1939 2396 quomodo

352 2410 443 2462 Vel
493 2426 663 2479 quare
710 2415 873 2467 homo
919 2412 1081 2468 luerit
1129 2416 1329 2472 factus.
1388 2420 1495 2473 Pro
1543 2422 1751 2476 viribus
1781 2424 1943 2492 igitur

350 2502 566 2555 nostris
615 2504 930 2571 perexiguis
975 2508 1324 2563 considerata
1356 2526 1422 2565 ex
1456 2529 1683 2580 opermn
1715 2532 1940 2570 suorum

348 2592 536 2654 magis
567 2607 732 2658 quam
753 2608 818 2644 ex
853 2594 1024 2647 nostri
1054 2610 1248 2651 sensus
1266 2604 1940 2670 contemplatione,divina

353 2692 581 2742 natura,
602 2682 924 2750 intuitisque
953 2685 1307 2741 nihilominus
1324 2694 1590 2747 creaturis
1613 2695 1730 2763 ejus
1758 2697 1946 2750 visibi-

347 2771 525 2836 lihns,
562 2772 668 2825 ﬁde
706 2788 922 2843 quoque
972 2777 1337 2833 invisibilibus
1384 2786 1782 2853 contemplatis,
1820 2791 1944 2858 quia

351 2877 466 2916 non
493 2865 679 2917 omnia
710 2867 796 2921 vel
846 2869 1022 2924 oculis
1050 2871 1238 2926 videre
1272 2885 1450 2942 potest
1492 2877 1731 2933 humana
1775 2881 1945 2953 fragi-

351 2954 501 3017 litas,
538 2954 621 3007 vel
656 2956 871 3011 ratione
900 2958 1209 3027 complecti,
1262 2978 1361 3030 pro
1413 2979 1477 3018 eo
1523 2967 1667 3034 quod
1700 2971 1942 3025 onmium

353 3046 767 3100 rationabilium
803 3046 1076 3107 infirmius
1108 3059 1166 3105 et
1192 3050 1434 3121 fragilius
1461 3056 1664 3110 animal
1708 3076 1808 3114 nos
1840 3062 1934 3116 ho-
1967 3062 2008 3116 C

353 3138 532 3189 mines
559 3152 787 3203 sumus;
821 3143 1202 3208 praestantiora
1235 3149 1378 3199 enim
1415 3159 1543 3203 sunt
1581 3151 1670 3203 illa
1704 3168 1824 3221 quae
1856 3157 1938 3207 vel

354 3230 411 3282 in
445 3231 605 3291 ctelo,
634 3230 715 3283 vel
751 3249 919 3302 super
954 3235 1126 3290 cmlos
1157 3237 1461 3307 habentur;
1495 3254 1817 3312 superestut
1845 3248 1939 3301 ba-

364 3335 485 3372 rum
521 3321 765 3374 omnium
794 3333 1193 3391 creaturarum,
1231 3337 1285 3379 et
1311 3327 1428 3396 Dei,
1466 3334 1725 3399 medium,
1774 3337 1825 3388 id
1856 3348 1939 3389 est

357 3411 717 3465 mediator-em
746 3428 1073 3484 quaeramus,
1112 3432 1275 3485 quem
1303 3418 1507 3476 Paulus
1535 3426 1811 3491 apostolus
1829 3431 1939 3497 pri-

358 3504 699 3573 mogenitum
750 3507 929 3562 omnis
972 3520 1243 3566 creatura:
1284 3517 1624 3581 pronuntiat.
1679 3518 1940 3577 Videntes

357 3611 579 3666 quoque
613 3615 713 3653 nos
741 3613 801 3653 ea
843 3617 962 3670 quae
998 3604 1061 3657 de
1090 3603 1210 3672 ejus
1236 3605 1526 3676 majestate
1560 3611 1611 3664 in
1643 3610 1941 3682 Scriptnris

356 3689 565 3743 sanctis
594 3690 924 3749 referuntur.
963 3704 1014 3746 ct
1042 3696 1320 3753 intuentes
1356 3700 1497 3768 quod
1538 3720 1556 3752 ι
1593 3702 1771 3772 imago
1802 3707 1941 3761 invi-

360 3781 539 3834 sibilis
577 3782 693 3846 Dei,
725 3792 780 3837 et
825 3786 1224 3854 primogenitus
1274 3791 1454 3847 omnis
1486 3804 1755 3851 creaturae
1787 3799 1905 3853 dica
1926 3832 1939 3841 -

362 3885 471 3939 tur,
497 3885 552 3929 et
575 3877 719 3945 quod
753 3878 805 3931 in
857 3880 973 3948 ipso
996 3892 1183 3937 creata
1230 3894 1353 3939 sunt
1387 3890 1570 3944 omnia
1601 3892 1835 3948 visibilia
1888 3905 1941 3950 et

364 3965 683 4032 invisibilia,
741 3970 861 4025 sive
922 3972 1130 4039 throni,
1186 3978 1301 4032 sive
1350 3978 1771 4051 dominationes,
1827 3987 1941 4043 sive

360 4058 724 4127 principatus,
765 4061 881 4115 sive
932 4073 1250 4130 potestates,
1288 4070 1471 4123 omnia
1521 4087 1616 4139 per
1655 4074 1832 4141 ipsum
1887 4086 1941 4151 et

360 4146 414 4201 in
450 4149 568 4216 ipso
600 4163 781 4207 creata
811 4163 971 4217 sunt;
1002 4166 1057 4209 et
1085 4157 1202 4225 ipse
1226 4157 1337 4230 (97‘)
1360 4170 1445 4215 est
1482 4172 1606 4217 ante
1635 4181 1843 4231 omnes,
1887 4146 1941 4224 et

360 4241 543 4293 omnia
576 4241 650 4294 illi
680 4254 936 4299 constant
967 4246 1033 4311 “,
1079 4266 1098 4299 ι
1138 4248 1229 4316 qui
1257 4259 1340 4304 est
1369 4263 1534 4320 caput
1558 4256 1820 4322 omnium,
1850 4274 1939 4314 so-

361 4327 444 4383 lus
462 4330 669 4386 habens
698 4344 859 4402 caput
891 4334 1056 4388 Deum
1083 4335 1296 4390 Patrem
1322 4356 1335 4404 ;
1368 4342 1634 4410 scriptum
1654 4349 1934 4405 estenim:

365 4437 386 4471 σ
423 4420 598 4490 Caput
629 4434 806 4477 autem
844 4424 1041 4479 Christi
1068 4427 1209 4484 Deus
1240 4429 1319 4495 ¹⁹;
1356 4449 1373 4483 ι
1409 4434 1752 4500 pervidentes
1777 4438 1937 4494 etiam

361 4513 507 4581 quod
542 4514 806 4581 scriptum
839 4526 941 4582 est,
974 4520 1232 4586 quoniam
1266 4520 1377 4594 (98)
1414 4544 1431 4575 ‹
1468 4540 1627 4580 nemo
1658 4528 1807 4583 novit
1838 4525 1940 4584 Pa-

364 4613 498 4656 trem
529 4604 630 4657 nisi
662 4603 853 4670 Filius,
891 4622 1065 4677 neque
1094 4611 1218 4679 quis
1247 4617 1397 4671 novit
1433 4616 1629 4672 Filium
1678 4620 1782 4675 nisi
1839 4621 1942 4676 Pa-

364 4704 443 4749 ter
467 4696 511 4727 ⁸⁸
538 4713 552 4760 ;
589 4716 606 4748 ›
642 4696 789 4767 (quis
820 4701 965 4754 enim
992 4713 1169 4770 potest
1200 4721 1359 4762 nosse
1389 4724 1513 4777 quae
1538 4710 1610 4767 sit
1642 4714 1936 4782 sapientia,

364 4787 465 4840 nisi
505 4790 597 4856 qui
629 4790 819 4859 genuit
847 4806 965 4847 eam
992 4794 1015 4847 *ἶ
1039 4793 1145 4848 Αυι
1169 4797 1291 4866 quis
1321 4803 1388 4855 ad
1423 4802 1692 4871 liquidum
1719 4821 1840 4875 quae
1868 4807 1940 4863 sit

365 4879 569 4934 veritas
596 4883 748 4937 novit
784 4883 887 4938 nisi
930 4886 1181 4943 veritatis
1208 4893 1396 4961 pater?
1445 4894 1578 4961 Quis
1624 4907 1771 4954 certe
1818 4900 1940 4953 uni-

515 4999 678 5086 .loan.
714 5002 953 5086 xvn,_2§.
1021 5006 1065 5036 ”
1097 5005 1308 5065 Coloss.
1334 5027 1373 5076 ι,
1414 5014 1498 5077 15,
1536 5015 1623 5079 l6,
1680 5017 1767 5075 Π.
1848 5019 1890 5051 ¹⁵
1926 5020 1939 5072 Ι

2048 5020 2143 5072 ιον.
2188 5033 2264 5086 xt,
2325 5016 2379 5070 5.

368 5067 413 5101 ⁸⁸
437 5069 631 5125 Matth.
674 5074 943 5139 xxvn,,58.

438 5187 549 5258 (95)
583 5188 790 5243 Nostri.
820 5190 975 5245 Deest
999 5194 1049 5245 in
1082 5202 1237 5246 antea
1275 5193 1453 5275 editis,
1488 5198 1583 5249 sed
1611 5195 1841 5253 habetur
1880 5199 1930 5252 in

371 5272 499 5310 ιῐιες.

440 5326 551 5396 (96)
601 5327 677 5382 lta
717 5344 903 5385 omnes
959 5331 1115 5387 codd.
1170 5348 1325 5400 mss.,
1379 5335 1507 5389 editi
1556 5350 1707 5406 vero,
1748 5354 1766 5387 ι
1817 5338 1945 5393 Hec-

373 5398 555 5545 ljaiii'l.)
613 5468 706 5524 Sic
742 5470 1064 5545 mgss._Libb.
1095 5473 1273 5545 _editi,
1328 5493 1347 5524 ι
1402 5475 1582 5529 omnia
1618 5491 1715 5543 Der
1767 5477 1941 5545 ips‘m‘

378 5536 513 5613 facta
548 5548 676 5594 sunt
701 5550 754 5593 et
789 5541 839 5594 in
855 5541 992 5613 ipso
1014 5541 1235 5613 et'ipso,
1262 5536 1290 5595 ὀ
1322 5553 1429 5599 etc.
1484 5536 1651 5599 Paulo
1687 5536 1807 5613 post
1846 5548 1936 5601 lib.

375 5606 525 5682 editi,
553 5626 572 5658 ι
634 5624 767 5682 cum
789 5608 935 5682 solus
980 5606 1201 5682 haheat_
1221 5614 1595 5682 caputDr-nm
1626 5606 1863 5671 Patrem.
1918 5638 1935 5669 ι

376 5674 497 5731 Mss-
528 5696 547 5728 α
577 5678 724 5733 solus
756 5679 960 5733 habens
983 5688 1143 5749 caput
1176 5674 1340 5737 Deum
1370 5674 1602 5738 Patrem.
1640 5703 1657 5736 ι

2046 471 2155 524 Deo
2206 481 2315 538 est,
2353 471 2683 543 investigare
2712 475 2907 545 potuit,
2950 477 3054 533 nisi
3104 480 3254 537 solus
3301 483 3443 540 Deus
3475 491 3619 557 apud

2041 571 2368 635 qucmerat
2400 562 2718 636 Verbum?)
2769 581 2865 635 pro
2914 581 3063 627 certo
3110 573 3312 630 habere
3358 577 3619 635 debemus

2042 653 2185 721 quod
2213 654 2315 709 hoc
2350 655 2612 721 Verbum,
2639 657 2757 712 sive
2792 659 2929 723 ratio
2958 662 3186 718 dicenda
3217 676 3320 731 est,
3351 667 3489 723 hanc
3524 685 3615 723 sa-

2043 745 2330 812 pientiam,
2382 746 2869 817 hanc'veritatem,
2902 752 3085 808 nullus
3134 754 3272 811 alius
3319 759 3424 812 nisi
3470 762 3618 816 solus

2043 837 2153 907 (99)
2183 837 2345 892 Pater
2380 840 2549 905 novit,
2583 840 2650 895 de
2679 856 2788 909 quo
2817 843 3084 912 scriptum
3112 857 3195 903 est
3234 866 3246 901 :
3284 869 3301 902 ι
3336 850 3412 906 Ne
3438 855 3617 922 ipsum

2041 930 2262 998 quidem
2291 932 2549 987 mundum
2591 948 2787 1001 capere
2818 937 3060 992 arbitror
3089 938 3259 995 libros
3286 942 3376 1011 qui
3405 945 3615 998 scribe-

2044 1030 2236 1075 rentur
2282 1022 2367 1087 ";
2415 1040 2435 1074 ι
2481 1023 2548 1079 de
2590 1025 2761 1094 gloria
2799 1027 3013 1083 scilicet
3057 1041 3116 1083 et
3165 1033 3449 1102 majestate
3490 1035 3615 1090 Filii

2043 1110 2160 1165 Dei.
2193 1112 2534 1186 lmpossibile
2566 1128 2800 1183 namque
2828 1124 2911 1170 est
2942 1115 3140 1172 litteris
3180 1122 3525 1180 committere
3553 1140 3618 1180 ea

2040 1218 2159 1270 qua:
2187 1205 2254 1258 ad
2288 1204 2591 1260 Salvatoris
2613 1207 2838 1276 gloriam
2865 1209 3155 1276 pertinent.
3188 1211 3283 1267 His
3308 1214 3472 1283 igitur
3503 1225 3623 1272 tan-

2045 1294 2112 1350 tis
2140 1311 2206 1353 ac
2239 1296 2436 1354 talibus
2465 1297 2539 1369 (l)
2573 1300 2640 1355 de
2682 1308 2873 1354 natura
2902 1300 3023 1356 Filii
3075 1303 3168 1358 Dei
3218 1308 3607 1371 consideratis.

2042 1406 2164 1445 cum
2210 1406 2420 1460 summa
2445 1394 2807 1449 admiratione
2832 1396 3263 1463 ohstupescimus
3292 1402 3433 1467 quod
3478 1402 3619 1456 emi-

2043 1497 2174 1549 nens
2204 1484 2445 1537 omnimn
2490 1485 2596 1538 ista
2652 1496 2847 1539 natura
2899 1489 3227 1544 exinaniens
3262 1506 3321 1545 se
3362 1495 3427 1545 de
3470 1504 3619 1547 statu

2014 1574 2344 1643 .majestatis
2372 1590 2485 1628 suae
2515 1576 2678 1631 homo
2723 1577 2899 1631 factus
2934 1583 3025 1644 sit,
3081 1590 3137 1634 et
3191 1582 3334 1636 inter
3371 1583 3621 1637 homines

2040 1677 2420 1731 conversatus,
2454 1671 2602 1724 sicut
2629 1674 2805 1740 gratia
2840 1672 2998 1727 labiis
3024 1673 3139 1740 ejus
3170 1676 3343 1729 infusa
3365 1685 3619 1739 testatur,

2044 1767 2102 1815 et
2128 1760 2272 1813 sicut
2311 1762 2680 1815 testimonium
2713 1763 2760 1817 ei
2796 1767 2970 1819 reddit
3006 1765 3164 1819 Pater
3196 1768 3456 1831 cmlestis,
3482 1779 3623 1822 etut

2045 1851 2221 1920 signis
2246 1867 2462 1920 quoque
2509 1864 2566 1907 et
2618 1856 2881 1923 prodigiis
2910 1858 3079 1911 variis
3124 1859 3523 1928 virtutibusque
3554 1863 3621 1914 ab

2044 1959 2110 1997 eo
2140 1946 2312 2013 gestis
2355 1948 2737 2000 confirmatur.
2769 1947 2870 2011 Qui
2918 1947 3081 2003 etiam
3116 1962 3245 2004 ante
3275 1954 3619 2019 praesentiam

2046 2051 2200 2089 suam
2239 2036 2382 2090 hanc
2411 2051 2573 2104 quam
2602 2041 2842 2093 ostendit
2881 2041 2933 2094 in
2967 2055 3219 2108 corpore,
3258 2058 3621 2110 praecursores

2046 2144 2176 2183 suos
2206 2138 2262 2181 et
2299 2130 2521 2183 nuntios
2542 2132 2806 2185 adventus
2838 2134 2920 2187 sui
2950 2133 3098 2187 misit
3126 2135 3417 2203 prophetas
3444 2153 3458 2199 ;
3502 2148 3622 2205 post

2045 2221 2418 2274 ascensionem
2448 2234 2577 2275 vero
2609 2236 2764 2277 suam
2803 2226 2853 2276 in
2890 2224 3080 2289 caelos,
3117 2237 3339 2280 sanctos
3365 2225 3476 2297 9o
3496 2242 3624 2296 apo-

2045 2312 2218 2366 stolos
2251 2312 2560 2366 divinitatis
2586 2330 2697 2368 sua:
2734 2316 2936 2370 virtute
2962 2316 3196 2384 repletos
3238 2318 3485 2372 homines
3539 2319 3624 2372 vel

2044 2420 2107 2459 ex
2146 2405 2454 2475 publicanis
2490 2407 2570 2460 vel
2609 2422 2673 2459 ex
2710 2408 3081 2476 piscatoribus
3132 2409 3416 2478 imperitos
3454 2421 3508 2465 et
3541 2412 3624 2464 in-

1982 2518 2005 2529 ί
2046 2499 2236 2551 doctos
2268 2498 2505 2552 circuire
2532 2497 2664 2552 fecit
2696 2501 2882 2555 orbem
2916 2508 3211 2564 terrarum,
3254 2510 3312 2553 ut
3358 2514 3423 2553 ex
3475 2504 3620 2555 omni

2048 2603 2246 2656 genere
2273 2596 2437 2657 atque
2461 2606 2525 2643 ex
2562 2592 2814 2645 onmibus
2847 2592 3058 2660 populis
3085 2590 3301 2660 piorum
3328 2593 3539 2661 plebem
3568 2594 3620 2647 in

2048 2698 2107 2737 se
2141 2684 2477 2738 credentium
2504 2696 2927 2753 congregarent.

2118 2774 2172 2827 2.
2204 2774 2408 2828 Verum
2435 2790 2501 2828 ex
2528 2776 2782 2829 omnibus
2812 2777 2879 2829 de
2919 2790 2983 2830 eo
3020 2776 3305 2830 miraculis
3331 2785 3383 2828 et
3418 2777 3625 2845 magni—

2048 2866 2284 2922 ﬁcentiis
2313 2866 2441 2919 illud
2470 2866 2686 2934 penitus
2719 2865 3140 2920 admirationem
3176 2866 3431 2921 humanze
3467 2883 3621 2922 nien-

2050 2960 2118 3014 tis
2146 2958 2382 3021 excedit,
2416 2974 2516 3012 nec
2544 2958 2755 3011 invenit
2788 2956 3037 3010 mortalis
3066 2958 3432 3028 intelligentiae
3465 2960 3625 3029 fragi-

2048 3051 2175 3104 litas
2220 3049 2491 3116 quomodo
2543 3047 2745 3101 sentire
2779 3046 2861 3099 vel
2897 3047 3202 3116 intelligere
3251 3050 3444 3116 possit,
3478 3053 3619 3117 quod

2045 3152 2196 3196 tanta
2224 3143 2311 3196 illa
2365 3140 2606 3209 potentia
2644 3139 2842 3192 divinae
2887 3140 3204 3215 majestatis,
3263 3142 3439 3210 ipsum
3490 3141 3620 3194 illud

2045 3233 2279 3289 Verbum
2314 3232 2518 3297 Patris,
2571 3243 2732 3302 atque
2768 3234 2885 3302 ipsa
2936 3233 3199 3302 sapientia
3253 3233 3367 3297 Dei,
3415 3232 3468 3287 in
3513 3248 3617 3301 qua

2042 3336 2224 3382 crana
2257 3337 2381 3380 sunt
2414 3327 2600 3380 omnia
2630 3328 2864 3381 visibilia
2893 3336 2944 3380 et
2978 3325 3297 3390 invisibilia,
3336 3326 3480 3378 intra
3513 3327 3623 3377 cir-

2042 3418 2523 3485 cumscriptionem
2555 3415 2671 3484 ejus
2694 3416 2929 3471 hominis
2950 3416 3039 3482 qui
3066 3416 3315 3484 apparuit
3337 3416 3389 3469 in
3413 3414 3619 3479 Judrea,

2044 3509 2219 3563 fuisse
2269 3509 2540 3563 credenda
2574 3508 2683 3573 sit;
2733 3508 2828 3563 sed
2871 3517 2928 3561 et
2972 3509 3217 3578 ingressa
3248 3521 3368 3560 esse
3410 3506 3504 3561 Dei
3533 3522 3623 3561 sa-

2044 3600 2250 3671 pientia
2287 3600 2503 3652 vulvam
2535 3598 2767 3660 feminae,
2804 3607 2860 3651 et
2893 3596 3042 3651 nasci
3075 3594 3360 3665 parvulus,
3393 3605 3449 3649 et
3472 3598 3623 3664 vagi-

2047 3703 2159 3746 tum
2194 3693 2445 3746 emittere
2473 3692 2539 3743 ad
2567 3689 2978 3744 similitudinem
3010 3688 3337 3756 plorantium
3371 3688 3625 3756 parvulo-

2047 3800 2164 3839 rum
2193 3802 2206 3851 ;
2236 3793 2347 3837 tum
2368 3782 2565 3837 deinde
2602 3781 2744 3851 quod
2778 3782 2828 3834 in
2855 3793 3032 3837 morte
3057 3782 3416 3836 conturbatus
3450 3780 3623 3835 refer-

2047 3887 2154 3941 tur,
2192 3884 2252 3930 ut
2303 3875 2417 3943 ipse
2449 3872 2617 3928 etiam
2667 3872 2953 3943 proﬁtetur
2980 3875 3166 3929 dicens
3204 3889 3215 3925 :
3255 3892 3273 3926 ι
3309 3873 3507 3928 Tristis
3540 3883 3625 3928 est

2044 3971 2221 4024 anima
2257 3981 2376 4021 mea
2409 3981 2581 4036 usque
2614 3967 2683 4021 ad
2712 3975 2941 4021 mortem
2981 3966 3057 4031 ‘3;
3104 3986 3120 4018 ι
3164 3976 3219 4020 et
3269 3966 3333 4020 ad
3374 3965 3619 4019 ultimum

2043 4061 2186 4133 quod
2218 4075 2393 4130 usque
2441 4059 2507 4113 ad
2553 4074 2670 4113 eam
2709 4074 2831 4128 quae
2865 4059 3008 4112 inter
3067 4058 3315 4112 homines
3366 4058 3625 4127 indiguis-

2044 4156 2179 4209 sima
2222 4153 2477 4218 habetur,
2513 4152 2780 4206 adductus
2799 4160 2881 4204 est
2914 4159 3167 4211 mortem,
3204 4149 3330 4202 licet
3363 4156 3483 4215 post
3508 4155 3621 4199 ter-7

2045 4246 2175 4300 tiam
2206 4244 2509 4300 surrexerit
2543 4243 2686 4297 diem
2727 4241 2829 4310 (2).
2860 4240 2994 4294 Cum
3019 4254 3147 4306 ergo
3177 4240 3231 4291 in
3268 4253 3334 4290 eo
3370 4238 3621 4304 qua-dam

2045 4337 2119 4391 ita
2147 4336 2426 4389 videamus
2455 4334 2690 4387 humana
2740 4341 2795 4384 ut
2846 4330 2982 4383 nihil
3024 4345 3051 4381 a
3095 4329 3367 4381 communi
3417 4336 3622 4380 morta»

2045 4430 2178 4485 lium
2215 4427 2514 4498 fragilitate
2548 4426 2757 4479 distare
2794 4424 3102 4486 videantur,
3154 4421 3400 4491 quaedam
3435 4422 3506 4474 ita
3544 4422 3625 4475 di-

2051 4525 2200 4587 vina,
2231 4531 2288 4577 ut
2322 4518 2449 4574 nulli
2478 4518 2568 4573 alii
2607 4517 2708 4572 nisi
2741 4514 2815 4569 illi
2846 4516 3033 4584 primae
3064 4525 3117 4570 et
3169 4512 3429 4569 ineﬂ'ahili
3466 4522 3625 4566 natu-

2053 4635 2124 4672 ra:
2178 4615 2504 4673 conveniant
2556 4611 2797 4675 dcitatis,
2849 4610 3017 4663 lueret
3054 4606 3274 4662 humani
3314 4607 3626 4661 intellectus

2050 4708 2323 4780 angustia,
2369 4715 2423 4761 et
2468 4713 2629 4760 tantae
2665 4702 3041 4758 admirationis
3093 4713 3313 4769 Stupore
3368 4715 3623 4770 percussa

2049 4818 2156 4874 quo
2200 4802 2455 4865 declinet,
2507 4798 2634 4868 quid
2665 4805 2869 4859 teneat,
2902 4810 3010 4865 quo
3038 4811 3095 4849 se
3123 4804 3437 4857 convertat,
3472 4794 3626 4861 igno-

2051 4907 2135 4953 rat
2169 4896 2268 4966 ('5).
2303 4894 2358 4949 Si
2393 4896 2560 4949 Deum
2588 4893 2810 4957 sentiat,
2846 4891 3129 4944 mortalem
3161 4890 3340 4951 videt;
3382 4886 3424 4941 si
3462 4887 3627 4939 homi-

2456 5015 2499 5045 ⁸⁸
2560 5010 2748 5065 Matth.
2802 5025 2877 5075 ιι,
2910 5008 3001 5061 27.
3082 5008 3123 5038 ¹⁷
3167 5005 3324 5060 Joan.
3373 5019 3485 5068 xxi,
3531 5003 3622 5055 25.

2083 5229 2089 5234 -
2261 5200 2360 5279 §ic
2388 5216 2522 5279 mss.
2560 5200 2715 5279 bibl).
2749 5200 2902 5279 editi,
2939 5216 2956 5248 ι
2991 5199 3277 5279 quomodo.
3318 5215 3336 5247 ι

2117 5264 2229 5340 ι’99)
2267 5270 2448 5326 Solus.
2472 5270 2823 5327 Desideratur
2853 5269 2907 5321 in
2938 5264 3093 5321 antea
3120 5267 3303 5332 editis,
3334 5266 3425 5319 sed
3452 5264 3621 5317 habe-

2047 5341 2207 5412 lnrin
2227 5355 2367 5412 _t_n_ss.
2435 5411 2440 5412 γ
2692 5410 2699 5412 Α
3134 5406 3184 5412 ,,
3466 5403 3484 5412 -
3514 5405 3522 5412 .

2115 5410 2190 5492 (1)
2224 5408 2336 5492 "is.
2371 5411 2534 5492 igitur
2567 5410 2726 5492 tantis
2757 5406 3221 5492 acdtalibu‘saHSic
3281 5418 3414 5457 mss.
3466 5402 3622 5456 Libb.

2043 5477 2195 5541 editi,
2226 5498 2245 5529 ι
2285 5477 2889 5553 liis—igiturtransactis
2924 5493 2987 5553 ac
3020 5477 3236 5553 talibus.
3274 5495 3292 5527 ι
3360 5552 3364 5553 ί
3444 5543 3473 5553 γ’
3557 5542 3587 5553 η

2119 5549 2197 5619 (2)
2234 5550 2308 5604 lla
2366 5545 2495 5630 mss.
2539 5550 2705 5617 Alias,
2741 5568 2757 5599 ι
2803 5549 3175 5602 habebatur...
3204 5547 3328 5597 licet
3354 5545 3511 5596 tertia
3541 5545 3625 5595 die

2043 5630 2424 5698 resurr'ettertt.
2465 5638 2483 5671 υ
3029 5687 3038 5696 ,
3213 5693 3223 5698 _
3274 5684 3284 5695 .
3371 5685 3400 5698 ,.
3569 5684 3579 5693 -

2115 5693 2190 5762 (5)
2222 5691 2313 5747 Sic
2338 5698 2486 5745 recte
2521 5704 2647 5743 mss.
2686 5690 2855 5754 Alias,
2905 5704 2923 5738 ι
2960 5687 3133 5755 primo
3176 5693 3229 5738 et
3274 5684 3534 5748 inenubili
3568 5684 3623 5735 in
