4014 6142
430 259 528 315 2!!

1666 243 1986 313 OtitGENts
2023 255 2178 307 ΠΕΡι
2211 251 2443 306 ΑΡΧΩΝ

3571 245 3678 301 212

433 393 556 432 ncm
589 386 761 448 putet,
799 357 1010 434 devicto
1046 377 1232 434 mortis
1261 377 1494 462 imperio
1517 391 1641 432 cum
1680 378 1868 447 spoliis
1911 394 1996 433 rc-
2027 385 2073 436 Α
2104 383 2269 428 serat.
2306 371 2458 428 Unde
2479 379 2530 424 et
2568 369 2759 424 merito
2789 383 2887 436 pro
2916 379 2980 420 eo
3014 364 3096 419 vel
3134 366 3274 432 quod
3313 366 3422 417 tota
3444 375 3590 418 esset
3621 365 3673 416 in

431 470 687 523 deuntem
714 484 744 524 a
771 471 999 525 mortuis
1040 469 1235 526 cernit.
1265 469 1495 536 Propter
1526 469 1667 537 quod
1696 484 1818 524 cum
1848 471 1995 524 omni

431 569 583 614 metu
610 569 666 616 et
697 562 1002 616 reverentia
1035 559 1508 628 contemplandum
1547 569 1651 624 est,
1689 569 1747 614 ut
1778 561 1830 615 in
1887 575 1996 614 uno

428 651 727 720 eodemque
762 651 833 704 ita
870 650 1147 718 utriusque
1173 661 1380 704 naturae
1409 650 1607 704 veritas
1650 651 1997 705 demonstre-

431 748 540 804 tur,
576 747 633 793 ιιι
663 753 838 806 neque
866 738 1065 805 aliqttid
1105 738 1385 807 indignum
1419 749 1473 793 et
1508 740 1764 795 indecens
1817 741 1870 794 in
1913 741 1996 794 di-

428 829 553 882 vina
584 827 671 882 illa
726 839 780 881 et
831 826 1089 882 ineffabili
1145 829 1450 883 substantia
1505 830 1789 893 sentiatur,
1822 845 1993 894 neque

427 933 645 972 rursum
695 932 814 986 quae
851 929 1002 986 gesta
1037 931 1187 986 sunt,
1239 919 1389 974 falsis
1443 920 1602 976 illusa
1657 923 1992 991 imaginibus

423 1008 824 1062 existimentur.
860 1009 989 1075 Quae
1017 1011 1232 1078 quidem
1278 1011 1331 1065 in
1363 1027 1523 1066 aures
1568 1000 1836 1068 humanas
1867 1029 1991 1082 pro-

425 1097 588 1163 ferre,
615 1108 670 1153 et
703 1100 1049 1154 sermonibus
1072 1100 1368 1168 explicare,
1397 1101 1553 1170 longe
1580 1103 1721 1158 vires
1747 1103 1831 1156 vel
1879 1119 1992 1158 me-

424 1187 730 1252 ritinostri,
757 1189 838 1242 vel
857 1189 1060 1258 ingenii
1085 1192 1428 1246 acsermonis
1461 1193 1694 1246 excedit.
1737 1193 1991 1247 Arbitror

421 1286 600 1331 autem
630 1279 759 1347 quia
804 1280 968 1333 etiam
1001 1289 1313 1334 sanctorum
1367 1283 1742 1351 apostolorum
1794 1299 1988 1353 super-

420 1367 702 1435 grediatur
746 1384 1096 1434 mensuram;
1133 1373 1377 1440 quinimo
1425 1373 1586 1427 etiam
1618 1376 1867 1432 fortassis
1904 1389 1987 1433 to-

421 1460 532 1513 tius
585 1468 853 1514 creaturae
893 1462 1199 1518 coelestium
1235 1464 1497 1519 virtutum
1546 1467 1871 1521 eminentior
1902 1479 1989 1523 est

418 1550 746 1603 sacramenti
780 1549 935 1605 istius
964 1553 1290 1621 explanatio.
1308 1552 1383 1609 De
1411 1569 1518 1623 quo
1551 1570 1646 1610 nos
1678 1573 1784 1610 non
1819 1567 1985 1613 teme-

419 1639 580 1692 ritate
634 1638 835 1708 aliqua,
882 1642 972 1696 sed
1005 1645 1261 1712 quoniam
1313 1645 1390 1712 (4)
1424 1646 1559 1700 ordo
1587 1646 1690 1701 loci
1719 1649 1982 1717 deposcit,

2099 466 2238 519 Filio
2273 464 2388 527 Dei,
2416 461 2500 516 vel
2531 468 2698 514 totum
2731 460 2863 513 inse
2893 465 3111 526 caperet
3137 456 3330 511 Filium
3359 456 3476 519 Dei,
3507 455 3674 509 etiam

2098 560 2211 624 ipsa
2241 569 2361 608 cum
2386 568 2451 606 ea
2484 565 2647 620 quam
2677 557 3051 617 assumpserat
3078 561 3263 613 carne,
3297 545 3392 600 Dei
3423 545 3592 601 Filius
3619 557 3676 600 et

2098 646 2194 700 Dei
2230 646 2422 707 virtus,
2451 642 2700 696 Christus
2735 648 2788 694 et
2819 639 2912 692 Dei
2941 638 3206 707 sapientia
3241 637 3587 706 appellatur;
3618 645 3674 690 et

2096 750 2314 790 rursum
2342 733 2437 786 Dei
2469 731 2638 786 Filius
2674 745 2768 798 per
2801 745 2962 799 quem
2987 729 3168 782 omnia
3194 735 3380 782 creata
3402 735 3546 791 sunt,
3575 725 3670 780 Je-

2098 843 2192 882 sus
2221 827 2480 882 Christus
2507 833 2561 878 et
2605 822 2775 876 Filius
2803 821 3037 874 hominis
3068 820 3399 873 nominatur.
3451 817 3584 870 Nam
3617 827 3671 872 et

2095 918 2264 971 Filius
2289 916 2381 970 Dei
2412 923 2659 968 mortuus
2686 926 2805 967 esse
2830 910 3054 975 dicitur,
3100 924 3196 978 pro
3235 924 3296 963 ea
3343 910 3552 964 scilicet
3575 925 3669 964 na-

2096 1023 2217 1066 tura
2253 1024 2374 1078 quaz
2401 1017 2630 1063 mortem
2670 1008 2861 1074 utique
2896 1006 3138 1069 recipere
3173 1011 3424 1071 poterat;
3481 1011 3535 1056 et
3571 1002 3667 1063 Fi-

2096 1102 2201 1155 lius
2234 1100 2468 1155 hominis
2513 1098 2837 1168 appellatur,
2866 1097 2956 1164 qui
2989 1103 3252 1148 venturus
3280 1095 3332 1148 in
3366 1094 3460 1147 Dei
3489 1092 3668 1149 Patris

2093 1191 2258 1262 gloria
2306 1205 2430 1242 cum
2474 1187 2680 1243 sanctis
2728 1185 2932 1254 angelis
2987 1183 3335 1252 praedicatur.
3361 1182 3428 1235 Et
3464 1183 3566 1235 hac
3599 1180 3668 1234 de

2091 1296 2252 1337 causa
2303 1295 2398 1348 per
2421 1294 2635 1339 omnem
2675 1277 3014 1344 Scripturam
3078 1283 3187 1327 tam
3241 1273 3420 1327 divina
3470 1283 3666 1332 natura
3761 1293 3779 1308 -

2091 1371 2346 1425 humanis
2374 1369 2650 1423 vocabulis
2677 1367 2998 1436 appellatur,
3024 1381 3185 1435 quam
3208 1365 3441 1418 humana
3470 1372 3662 1417 natura

2090 1461 2286 1515 divinae
2312 1459 2735 1529 nuncupationis
2771 1456 3077 1526 insignibus
3119 1457 3434 1528 decoratur.
3484 1455 3663 1524 Magis

2084 1551 2229 1606 enim
2277 1551 2341 1604 de
2386 1551 2485 1604 hoc
2514 1564 2678 1618 quam
2722 1548 2787 1602 de
2836 1547 2946 1600 ullo
3000 1546 3106 1599 alio
3138 1545 3246 1598 dici
3286 1553 3482 1620 potest,
3516 1547 3660 1614 quod

2087 1639 2350 1708 scriptum
2397 1648 2504 1702 est,
2535 1637 2657 1706 quia
2698 1654 2716 1687 ι
2749 1645 2908 1689 erunt
2940 1634 3097 1686 ambo
3150 1634 3201 1686 in
3234 1647 3395 1686 carne
3431 1646 3562 1695 una,
3607 1641 3663 1685 et

413 1740 485 1785 ea
520 1731 691 1799 magis
717 1745 836 1799 qua:
877 1732 1010 1786 fides
1045 1743 1231 1788 nostra
1258 1735 1520 1802 continet,
1553 1750 1712 1803 quam
1732 1706 1852 1807 quae
1881 1706 1983 1793 hu;
2017 1706 2057 1759 Β
2083 1729 2192 1798 jam
2219 1742 2322 1782 non
2355 1736 2482 1782 sunt
2507 1727 2744 1782 duo.sed
2767 1740 2892 1778 caro
2920 1739 3024 1776 una
3047 1721 3325 1792 “.tlilagis
3346 1721 3489 1774 enim
3521 1721 3653 1773 Ver-

415 1831 588 1873 manae
619 1821 843 1874 rationis
873 1824 1104 1878 assertio
1127 1825 1400 1880 vindicare
1457 1826 1614 1891 solet,
1650 1841 1809 1895 quam
1847 1845 1980 1897 pau-

415 1906 656 1963 cissimis
715 1910 1086 1978 proferemus,
1140 1914 1474 1981 suspiciones
1524 1916 1708 1983 potius
1764 1926 1978 1972 nostras

410 2010 574 2064 quam
635 1997 946 2055 manifestas
990 2002 1200 2072 aliquas
1232 2002 1613 2061 afﬁrmationes
1651 2006 1704 2061 in
1737 2008 1977 2062 medium

411 2085 776 2153 proferentes.
1956 2090 1961 2096 ’

483 2175 538 2229 3.
571 2177 737 2246 Igitur
769 2179 1088 2250 Unigenitus
1114 2183 1208 2239 Dei
1261 2199 1362 2253 per
1388 2201 1549 2255 quem
1589 2187 1771 2242 omnia
1828 2187 1972 2242 facta

408 2275 531 2319 esse
555 2267 788 2322 visibilis
818 2279 872 2324 et
902 2271 1190 2327 invisibilia
1222 2273 1273 2327 in
1295 2275 1666 2342 superioribus
1689 2276 1766 2344 (5)
1791 2290 1974 2330 sermo

407 2353 794 2423 disputationis
812 2360 1052 2426 edocuit,
1083 2363 1382 2422 secundum
1428 2361 1730 2430 Scriptura:
1755 2374 1974 2418 senten-
2003 2421 2007 2425 ,

406 2445 539 2500 tiam
571 2458 624 2502 et
653 2447 781 2503 fecit
805 2451 1007 2515 omnia,
1032 2460 1085 2506 et
1113 2467 1234 2529 qutc
1260 2452 1410 2518 fecit,
1451 2453 1646 2520 diligit.
1676 2455 1813 2508 Nam
1848 2470 1970 2510 cum

359 2593 362 2595 _
407 2537 698 2593 invisibilis
731 2539 820 2592 Dei
850 2541 964 2608 ipse
989 2542 1060 2594 sit
1109 2542 1286 2611 imago
1334 2544 1637 2609 invisibilis,
1675 2547 1968 2615 participa-

408 2626 608 2681 tionem
640 2629 724 2683 sui
749 2629 1012 2684 universis
1038 2630 1395 2698 rationalibus
1435 2637 1700 2690 creaturis
1729 2637 1972 2692 invisibi-

402 2717 532 2772 liter
557 2721 806 2788 prmbuit,
833 2723 907 2776 ita
948 2730 1004 2774 ut
1038 2732 1242 2777 tantum
1271 2739 1335 2778 ex
1367 2739 1432 2782 eo
1458 2730 1828 2800 unusquisque
1848 2747 1968 2800 par-

406 2810 574 2878 ticipii
603 2821 861 2879 sumeret,
898 2821 1101 2877 quanto
1146 2829 1276 2886 erga
1302 2831 1426 2871 cum
1452 2819 1758 2874 dilectionis
1796 2823 1965 2877 inhae-

399 2902 563 2956 sisset
593 2902 812 2958 aiIectu.
843 2905 1044 2960 Verum
1071 2924 1193 2962 cum
1224 2924 1324 2978 pro
1354 2911 1510 2966 liberi
1542 2915 1754 2968 arbitrii
1791 2915 1964 2969 facul-

407 3001 523 3046 tate
572 2993 649 3061 (6)
699 2995 934 3052 varietas
975 3014 1417 3070 unumquemque
1450 3019 1512 3057 ac
1546 3005 1836 3058 diversitas
1867 3008 1952 3059 ha.

398 3082 614 3138 buisset
645 3085 972 3154 animorum,
1028 3099 1087 3142 ut
1142 3092 1283 3145 alius
1335 3095 1669 3160 ardentiore,
1710 3097 1848 3151 alius
1886 3107 1962 3152 te—

400 3174 594 3236 nuiore
649 3185 705 3230 et
755 3178 981 3234 exiliore
1039 3197 1169 3251 erga
1227 3193 1506 3238 auctorem
1562 3202 1723 3240 suum
1777 3203 1963 3243 amore

400 3273 703 3332 teneretur,
749 3268 839 3321 illa
874 3271 1054 3324 anima
1084 3273 1151 3324 de
1176 3288 1281 3342 qua
1302 3274 1438 3327 dixit
1463 3261 1638 3341 Jesus,
1659 3277 1783 3345 quia
1822 3277 1959 3332 «Ne-

402 3369 493 3406 mo
546 3356 754 3412 auferet
803 3374 829 3413 a
860 3375 943 3414 me
967 3362 1200 3416 animam
1227 3379 1402 3419 meam
1433 3366 1620 3431 "pub
1644 3367 1962 3422 initiocrea-

395 3453 532 3499 turae
559 3458 614 3501 et
645 3449 899 3519 deinceps
954 3453 1391 3522 inseparabiliter
1428 3459 1477 3511 ei
1516 3467 1680 3526 atque
1732 3459 1958 3514 indisso-

389 3535 660 3591 ciabiliter
692 3539 961 3594 inhmrens
993 3541 1096 3612 (7),
1133 3553 1321 3611 utpote
1369 3547 1651 3614 sapientia:
1685 3557 1743 3603 et
1774 3547 1953 3605 Verbo

386 3625 483 3680 Dei
516 3638 570 3682 et
600 3632 811 3686 veritati
842 3649 905 3690 ac
935 3633 1038 3689 luci
1060 3650 1224 3702 verre,
1253 3645 1308 3692 et
1329 3647 1436 3692 tota
1465 3649 1634 3694 totum
1667 3641 1952 3710 recipiens,

389 3728 554 3787 atque
583 3722 638 3775 in
677 3725 797 3792 ejus
852 3725 1030 3781 lucem
1069 3727 1525 3800 splendoremque
1573 3732 1688 3800 ipsa
1731 3735 1950 3798 cedens,

382 3801 527 3858 facta
565 3819 788 3863 estcum
814 3812 931 3881 ipso
961 3815 1336 3884 principaliter
1370 3835 1508 3874 unus
1537 3822 1781 3889 spiritus,
1813 3825 1953 3877 sicut

383 3903 442 3948 ct
473 3896 760 3964 Apostolus
787 3901 868 3954 his
902 3904 992 3971 qui
1023 3920 1143 3959 eam
1177 3907 1377 3961 imitari
1402 3910 1684 3978 deberent,
1717 3916 1948 3982 promit-

384 3985 471 4051 tit,
501 3988 625 4054 quia
673 4008 691 4041 ‹
751 3993 843 4060 qui
896 4008 956 4048 se
990 3995 1172 4064 jungit
1223 3997 1474 4065 Domino,
1527 4016 1666 4055 unus
1728 4005 1950 4071 spiritus

379 4088 467 4133 est
499 4080 564 4133 '°.
597 4099 615 4132 ι
650 4081 760 4138 Hac
807 4099 935 4159 ergo
984 4087 1292 4142 substantia
1338 4091 1532 4144 animae
1579 4092 1722 4145 inter
1779 4093 1946 4148 Deum

341 4235 348 4240 κ
378 4183 710 4241 carnemque
743 4176 1016 4229 mediante
1045 4177 1191 4247 (non
1241 4180 1385 4233 enim
1424 4181 1679 4248 possibile
1707 4193 1822 4237 erat
1855 4185 1946 4239 Dei

377 4268 627 4315 naturam
655 4267 868 4334 corpori
906 4267 1024 4320 sine
1051 4269 1346 4324 mediatore
1378 4271 1638 4343 misceri)
1671 4275 1943 4341 nascitur,

375 4446 701 4512 exsistente,
749 4452 833 4503 cui
885 4451 1072 4518 utique
1117 4462 1306 4508 contra
1361 4466 1610 4510 naturam
1669 4472 1776 4512 non
1824 4469 1944 4515 erat

371 4552 572 4606 corpus
601 4555 898 4597 assumere.
934 4543 1040 4598 Sed
1073 4561 1249 4615 neque
1284 4564 1472 4602 rursus
1503 4550 1682 4604 anima
1707 4552 1820 4618 illa,
1853 4562 1941 4608 ut-

2087 1819 2212 1872 butn
2263 1818 2352 1872 Dei
2382 1832 2506 1872 cum
2540 1816 2723 1870 anima
2765 1815 2817 1868 iu
2851 1829 3014 1868 carne
3047 1827 3151 1866 una
3195 1827 3336 1878 esse,
3376 1826 3534 1880 quam
3573 1813 3658 1864 vir

2086 1923 2210 1962 cum
2249 1922 2438 1971 uxore,
2475 1907 2768 1975 putandum
2809 1911 2910 1958 est.
2971 1903 3075 1956 Sed
3125 1913 3182 1957 et
3241 1915 3381 1954 unus
3433 1900 3658 1968 spiritus

2083 2014 2206 2054 esse
2230 2015 2350 2054 cum
2389 1999 2518 2064 Deo,
2549 1981 2634 2051 cui
2667 1997 2838 2066 magis
2868 1995 3147 2059 convenit,
3172 2007 3336 2060 quam
3373 1982 3498 2045 huic
3533 1993 3655 2044 ani-

2085 2107 2186 2146 mae
2221 2106 2339 2159 quae
2368 2105 2426 2144 se
2456 2091 2527 2144 ita
2562 2089 2675 2144 Deo
2708 2103 2805 2155 per
2835 2086 3177 2140 dilectionem
3208 2085 3408 2153 junxit,
3445 2093 3502 2137 ut
3529 2098 3653 2138 cum

2081 2199 2146 2236 eo
2174 2198 2314 2235 unus
2339 2181 2565 2249 spiritus
2591 2180 2785 2233 merito
2814 2176 3072 2232 dicatur?
3462 2234 3469 2243 ί

2083 2273 2201 2345 [Διὰ
2225 2271 2381 2325 τοῦτο
2410 2271 2503 2325 καὶ
2549 2257 2831 2342 ἄνθρωπος
2900 2270 2954 2323 4.
2989 2265 3140 2332 Quod
3175 2273 3352 2319 autem
3393 2265 3649 2320 dilectio-

2079 2360 2612 2433 γέγονεΧριστὸς,ὲξ
2640 2362 2832 2432 ἁνδρα-
2903 2361 2986 2414 nis
3038 2358 3320 2428 perfectio,
3363 2368 3418 2412 et
3469 2357 3650 2412 meriti

2078 2455 2391 2526 γαοήματος
2416 2454 2604 2506 τούτου
2630 2441 2825 2522 τυχὼν,
2901 2451 3124 2506 affectus
3141 2451 3424 2506 sinceritas
3440 2450 3488 2501 ei
3510 2451 3650 2503 hanc

2076 2547 2152 2609 ὡς
2179 2547 2499 2618 μαρτυρεῖὸ
2535 2545 2826 2616 Προφήτης
2900 2541 3318 2611 inseparabilem
3367 2555 3490 2594 cum
3537 2538 3648 2593 Deo

2075 2638 2248 2705 λέγων
2281 2655 2294 2667 ο
2348 2637 2710 2706 «Ἠγάπησας
2744 2634 2824 2687 δι-
2897 2631 3086 2687 fecerit
3115 2632 3400 2696 unitatem,
3453 2630 3525 2683 ita
3584 2638 3645 2683 ut

2076 2729 2393 2797 καιοσύνην,
2429 2728 2523 2780 καὶ
2554 2726 2821 2796 ἐμίσησας
2895 2737 3005 2792 non
3060 2720 3281 2775 fortuita
3319 2719 3501 2784 fuerit,
3547 2727 3642 2773 aut

2071 2821 2320 2890 ἀνομίαν·
2347 2819 2434 2872 διὰ
2457 2818 2612 2871 τοῦτο
2637 2816 2819 2887 ἕχρισέ

2073 2931 2131 2966 σε
2148 2917 2174 2966 ὁ
2191 2914 2374 2976 Θεὸς,ὁ
2391 2913 2521 2975 Θεός
2538 2929 2628 2963 σου
2643 2909 2818 2964 ἔλαιον

2069 3005 2439 3073 ἀγαλλιάσεως
2502 3002 2652 3073 παρὰ
2695 3003 2818 3065 τοὺς

2073 3097 2327 3166 μετόχους
2355 3113 2465 3146 σου.
2502 3113 2521 3145 ι
2575 3095 2818 3164 Ἔπρεπε

2068 3187 2123 3240 δὲ
2160 3187 2249 3239 τὸν
2277 3187 2543 3258 μηδέποτε
2584 3203 2814 3256 κεχωρι-

2069 3279 2261 3348 σμένον
2329 3279 2420 3330 τοῦ
2501 3279 2816 3348 μονογενοῦς

2068 3387 2272 3440 συγχρη
2282 3369 2502 3440 ματίσαι
2540 3368 2616 3438 τῷ
2659 3385 2814 3438 μονο-

2064 3463 2213 3527 γενεῖ
2251 3462 2345 3512 καὶ
2391 3457 2811 3529 συνδοξασθῆναι

2062 3550 2343 3622 αὐτῷ(9)·ξ
2375 3550 2428 3604 ld
2456 3564 2574 3609 est:

2063 3644 2270 3697 Idcirco
2321 3653 2368 3698 et
2421 3645 2573 3697 homo
2631 3644 2807 3712 [actus

2059 3746 2136 3790 est
2185 3734 2424 3789 Christus
2479 3751 2572 3789 suo
2621 3737 2804 3788 merito

2058 3829 2154 3881 hoc
2176 3829 2414 3893 sortitus,
2452 3837 2508 3880 ut
2544 3827 2806 3895 Propheta

2057 3930 2278 3973 testatur
2302 3921 2517 3973 dicens:
2548 3938 2565 3970 ε
2599 3919 2804 3972 Dilecti-

2057 4014 2124 4066 sti
2150 4012 2436 4079 justitiam,
2457 4024 2501 4065 et
2521 4013 2678 4065 odisti
2707 4014 2804 4065 ini-

2054 4102 2324 4173 quitatem,
2355 4113 2624 4171 propterea
2652 4105 2802 4156 unxit

2055 4203 2104 4248 te
2136 4194 2296 4258 Deus,
2330 4194 2468 4248 Deus
2523 4204 2642 4247 tuus
2690 4195 2800 4248 oleo

2890 2811 2994 2880 91
3023 2825 3146 2865 cum
3194 2824 3438 2879 personat
3485 2825 3643 2864 acce-

2893 2903 3077 2970 ptione
3129 2902 3323 2954 anima:
3379 2899 3496 2966 ejus
3549 2915 3642 2954 as-

2893 2993 3162 3061 sumptio,
3223 2992 3317 3046 sed
3375 2991 3640 3046 virtutum

2891 3100 3108 3138 suarum
3135 3085 3184 3139 ei
3216 3083 3409 3138 merito
3433 3083 3634 3148 delata,

2889 3177 3013 3230 audi
3057 3178 3132 3230 ad
3182 3192 3303 3230 eam
3337 3175 3448 3244 (10)
3503 3175 3636 3229 Pro-

2886 3270 3102 3337 phetam
3137 3269 3443 3321 dicentem:
3487 3284 3506 3318 ι
3548 3267 3630 3320 Di-

2885 3363 3060 3417 lexisti
3084 3353 3442 3432 justitiam,et
3468 3362 3632 3414 odisti

2884 3457 3263 3525 iniquitatem;
3340 3466 3626 3523 propterea

2883 3547 3037 3599 unxit
3070 3555 3120 3600 te
3157 3546 3318 3606 Deus.
3345 3545 3484 3598 Deus
3509 3553 3631 3598 tuus

2879 3641 2998 3694 oleo
3024 3641 3223 3695 laetitiae
3263 3655 3373 3708 prae
3400 3631 3628 3708 partici—

2878 3733 3034 3801 pibus
3074 3735 3178 3788 tuis
3205 3734 3272 3787 ¹¹.
3310 3751 3327 3783 ι
3370 3731 3630 3785 Dilectio-

2879 3829 2959 3882 nis
2993 3843 3121 3897 ergo
3167 3828 3362 3882 merito
3403 3826 3630 3895 ungitur

2876 3920 2996 3973 oleo
3035 3920 3254 3985 laetitiae,
3288 3920 3340 3972 id
3387 3927 3470 3972 est
3501 3919 3624 3970 ani-

2876 4025 2960 4062 ma
3013 4009 3215 4063 Christi
3275 4023 3398 4063 cum
3441 4006 3623 4062 Verbo

2876 4105 2967 4158 Dei
3020 4102 3268 4159 Christus
3311 4105 3422 4176 (Η)
3458 4101 3622 4159 eiiici-

2873 4197 3036 4249 citur.

2053 4283 2254 4338 laetitia:
2302 4301 2411 4353 prw
2449 4284 2789 4353 participibus
2820 4285 2942 4338 tuis.
2983 4303 3001 4336 ι
3035 4285 3254 4340 Decebat
3276 4286 3411 4339 enim
3460 4285 3613 4337 illum

374 4361 436 4407 ut
460 4355 722 4424 diximus,
772 4359 918 4414 Deus
969 4361 1135 4417 homo
1193 4362 1297 4431 illa,
1325 4363 1633 4419 substantia
1666 4369 1840 4421 media
1868 4369 1944 4440 (8)
1981 4387 2024 4440 ι)
2053 4375 2142 4442 qui
2173 4390 2437 4442 nunquam
2466 4375 2529 4428 ab
2559 4373 2834 4444 Unigenito
2864 4388 3141 4444 separatus
3192 4387 3289 4439 est,
3341 4392 3446 4429 una
3494 4393 3616 4430 cum

2054 4461 2332 4532 Unigenito
2348 4463 2556 4535 (Deum)
2591 4465 2868 4534 appellari,
2900 4477 2945 4519 et
2978 4465 3411 4537 congloriﬁcari.]
3559 4467 3571 4484 ⁵

2121 4555 2258 4624 Ungi
2289 4572 2523 4624 namque
2556 4556 2672 4612 oleo
2699 4557 2915 4621 laetitiae,
2964 4573 3068 4612 non
3099 4559 3244 4613 aliud
3289 4559 3614 4629 intelligitur

367 4636 498 4695 pote
523 4631 825 4686 substantia
859 4635 1213 4701 rationabilis,
1243 4648 1428 4691 contra
1462 4649 1709 4694 naturam
1749 4643 1940 4698 habuit
2045 4660 2208 4713 quam
2249 4645 2456 4713 Spiritu
2497 4657 2683 4701 sancto
2724 4648 2950 4716 repleri.
2991 4647 3147 4713 Quod
3185 4659 3367 4703 autem
3429 4667 3447 4700 ι
3503 4665 3614 4717 prae

369 4732 566 4785 capere
594 4720 786 4786 Deum,
819 4723 872 4775 in
900 4739 1085 4793 quem,
1133 4735 1190 4779 ut
1235 4729 1482 4795 superius
1506 4731 1760 4800 diximus,
1791 4735 1937 4791 velut
2042 4736 2400 4803 participibus
2439 4755 2458 4788 ι
2488 4735 2642 4801 dixit,
2681 4737 3022 4805 indicatquia
3047 4753 3149 4791 non
3175 4739 3350 4804 gratia
3375 4736 3612 4806 Spiritus

368 4806 424 4860 in
461 4809 696 4864 Verbum
717 4822 773 4866 et
803 4815 1122 4882 sapientiam
1144 4825 1199 4871 et
1229 4818 1514 4873 veritatem
1545 4831 1652 4875 tota
1681 4824 1792 4890 jam
1820 4841 1938 4880 ces-
2043 4826 2185 4880 sicut
2215 4829 2496 4896 prophetis
2521 4828 2572 4881 ei
2603 4829 2725 4882 data
2755 4837 2858 4894 est,
2895 4829 2988 4883 sed
3022 4830 3190 4901 ipsius
3221 4830 3383 4884 Verbi
3421 4830 3513 4884 Dei
3552 4830 3604 4883 in

442 4922 484 4953 "
516 4922 672 4979 Joan.
699 4941 752 4992 x,
785 4925 873 4980 18.
951 4927 1037 4980 ’⁸1
1087 4929 1216 4986 Cor.
1243 4945 1317 4996 γι,
1345 4931 1428 4985 i7.
1462 4996 1467 5002 ι
1505 4934 1548 4966 ²¹
1584 4933 1720 4990 Gen.
1744 4952 1805 5003 ιι,
1832 4937 1936 5005 24;

2081 4955 2135 4996 ’0.
2178 4955 2231 5006 x,
2277 4940 2331 4995 8.
2408 4942 2453 4974 ³³
2497 4941 2641 4997 Psal.
2693 4958 2838 5010 XLIV,
2881 4943 2935 4999 8.

2104 5083 2179 5154 (8)
2215 5084 2328 5155 Vox
2372 5103 2390 5135 ι
2423 5085 2597 5139 media
2631 5105 2650 5138 ι
2692 5087 2844 5140 deest
2875 5086 2927 5139 in
2978 5093 3136 5141 antea
3167 5086 3352 5154 editis,
3404 5100 3603 5155 quam-

2033 5154 2116 5208 vis
2145 5154 2443 5222 reperiatur
2477 5156 2528 5208 in
2557 5157 2809 5209 omnibus
2833 5171 2966 5212 mss.

2105 5221 2180 5292 (9)
2206 5221 2307 5274 Διὰ
2333 5222 2505 5276 τοῦτο
2530 5225 2626 5277 καὶ
2660 5224 2987 5292 ἄνθρωπος,
3015 5236 3124 5281 etc.
3162 5225 3350 5280 Grtcca
3381 5226 3494 5281 haec
3519 5243 3604 5281 re-

2032 5303 2331 5362 prtL-sentat
2357 5293 2694 5347 Justinianus
2719 5296 3014 5360 imperator
3047 5306 3103 5349 ut
3140 5311 3365 5350 erronca
3391 5296 3459 5350 ad
3485 5296 3600 5350 cal-

2034 5377 2149 5416 cem
2175 5363 2417 5432 epistolae
2440 5365 2506 5415 ad
2537 5363 2769 5415 Menam.
2798 5365 2868 5416 De
2896 5366 2996 5418 hoc
3021 5375 3199 5417 autem
3236 5365 3489 5432 Origenis
3511 5382 3603 5422 cr-

2033 5447 2156 5502 rore
2182 5433 2302 5502 vide
2331 5431 2775 5502 Origeniauorum
2814 5434 2907 5486 lib.
2941 5449 3004 5497 ιι,
3031 5450 3123 5502 qu.
3153 5435 3206 5499 5,
3239 5451 3294 5490 n.
3325 5431 3378 5489 6.

2107 5500 2216 5572 (l0)
2245 5501 2320 5572 Ita
2356 5516 2486 5554 mss.
2515 5501 2688 5572 Alias,
2726 5519 2744 5552 t
2779 5517 2922 5567 eum,
2959 5522 2976 5554 ι
3015 5500 3172 5556 male.

2103 5569 2214 5642 (il)
2251 5569 2510 5625 Christus.
2547 5571 2636 5624 Sic
2667 5587 2795 5627 mss.
2836 5573 3004 5640 Alias,
3044 5592 3062 5624 ι
3101 5587 3287 5628 unum.
3331 5591 3352 5628 ι

363 5078 426 5117 se
452 5065 743 5143 conveniat
771 5065 960 5143 deitati
991 5068 1212 5143 habere,
1236 5073 1458 5128 humani
1491 5074 1800 5133 intellectus
1831 5096 1927 5132 an-

361 5137 541 5218 gustia
580 5145 762 5218 tantm
815 5137 1191 5193 admirationis
1239 5151 1462 5218 stupore
1519 5161 1775 5213 percussa
1813 5165 1921 5218 quo

358 5202 615 5280 declinet,
641 5213 693 5258 et
725 5219 832 5272 quo
855 5219 1227 5280 seAconvertat
1260 5202 1492 5280 ignorat.
1519 5202 1554 5266 ἰ

541 5273 679 5349 _h-lss.
717 5271 1056 5349 (quoniam.
1097 5295 1114 5327 ι
1144 5271 1314 5343 Αιίςιέ,
1355 5301 1372 5332 ‹
1407 5286 1694 5349 quomodo.
1728 5306 1746 5338 ι

429 5341 507 5425 (5)
541 5344 615 5396 lla
654 5341 989 5425 mssa—ﬁlias,
1031 5363 1050 5398 ‹
1080 5358 1210 5404 sunt
1241 5341 1496 5419 viSibilia,
1522 5363 1576 5410 et
1613 5355 1920 5422 invisibilia,

357 5420 417 5466 ut
455 5416 504 5464 in
535 5416 922 5482 superioribus.
971 5435 990 5467 ι

431 5483 508 5554 (6)
538 5483 652 5538 Pro,
673 5483 822 5540 liberi
869 5486 1079 5543 arbitrii
1119 5489 1393 5557 facultate.
1449 5491 1540 5547 Sic
1595 5509 1726 5550 mss.
1774 5496 1921 5552 Alias

358 5549 530 5622 deest,
566 5573 583 5604 ι
616 5568 713 5622 pro
749 5575 794 5608 ι.

431 5621 505 5693 (7)
540 5621 670 5679 Vide
708 5625 743 5681 Ι.
787 5643 822 5682 tt
851 5629 1180 5702 0rigeuian.,
1217 5645 1269 5701 (ι.
1307 5631 1358 5700 '5,
1392 5650 1441 5687 ιι.
1473 5633 1524 5688 6.
