4014 6142
334 234 441 295 213

1564 192 1565 195 γ
1642 222 1835 281 LIBER
1880 213 2269 281 secessus:
2306 197 2310 200 ‘

3462 194 3567 249 ΞΗ

339 370 397 407 ea
430 350 806 406 substantialis
839 351 1013 404 inerat
1044 348 1342 418 plenitudo,
1370 346 1504 400 sicut
1537 352 1590 399 et
1615 342 1903 412 Apostolus
1932 337 1978 393 Α
2005 335 2056 387 in
2093 335 2214 404 igne
2272 316 2500 398 positam
2553 333 2607 379 et
2659 320 3030 376 indesinenter
3077 312 3354 369 ardentem
3411 324 3568 378 posse

340 445 470 497 dixit
503 460 515 494 :
554 460 572 492 ο
607 442 661 494 Iit
690 456 797 509 quo
825 439 1089 492 inhabitat
1119 437 1230 507 (l2)
1255 438 1430 490 omnis
1460 434 1733 504 plenitudo
1765 432 1900 486 divi-

338 532 522 585 nitatis
551 531 912 599 corporaliter
944 530 1008 583 ".
1051 548 1068 579 ›
1116 528 1355 597 Denique
1410 534 1627 594 prepter
1660 525 1760 577 hoc
1797 538 1900 575 non

338 623 509 676 solum
556 622 733 674 dixit:
779 640 797 671 ι
855 619 1102 674 Dilexisti
1153 617 1466 686 justitiam,
1506 636 1523 667 ι
1568 616 1657 668 sed
1714 615 1899 667 addit:

342 731 359 762 ι
392 713 455 765 Et
488 713 652 765 odisti
685 711 1027 779 iniquitatem
1068 710 1134 762 ".
1171 728 1190 761 ι
1225 708 1418 764 Odisse
1472 707 1615 761 enim
1648 706 1905 773 iniquita-

338 811 443 856 tem
478 811 562 856 est
596 802 727 855 illud
754 801 896 869 quod
945 799 1222 869 Scriptura
1263 798 1391 851 dicit
1425 800 1489 852 de
1520 813 1584 852 eo
1615 796 1750 864 (15),
1776 793 1905 862 quia

343 913 361 944 ι
390 901 681 961 peccatum
714 907 820 946 non
852 892 997 960 fecit,
1032 906 1131 944 nec
1164 890 1415 943 inventus
1443 896 1526 943 est.
1556 887 1708 940 dolus
1735 887 1787 938 in
1813 900 1907 939 ore

336 986 452 1053 ejus
477 985 559 1047 ²⁹;
600 1003 619 1035 ι
663 992 718 1037 et
764 983 906 1050 quod
954 982 1063 1034 ait:
1108 998 1126 1029 ι
1175 968 1439 1034 Teutalus
1473 994 1570 1047 per
1597 978 1779 1033 omnia
1809 992 1906 1044 pro

337 1070 698 1124 similitudine
735 1071 940 1137 absque
988 1077 1213 1136 peccato
1243 1068 1310 1121 ".
1350 1087 1369 1120 ι
1424 1067 1528 1121 Sed
1571 1075 1625 1120 et
1653 1068 1769 1135 ipse
1802 1065 1908 1118 Do~

336 1162 522 1213 minus
564 1161 734 1214 dicit:
785 1177 803 1209 ι
832 1159 967 1224 Quis
1018 1170 1259 1212 vestrum
1316 1168 1509 1227 arguet
1545 1173 1631 1211 me
1672 1158 1737 1211 de
1789 1170 1911 1224 pec-

338 1259 462 1303 cato
500 1250 587 1303 '7?
620 1269 641 1302 ›
681 1250 746 1302 Et
777 1250 972 1303 iterum
1002 1250 1117 1315 ipse
1148 1249 1277 1302 dicit
1312 1250 1379 1302 de
1406 1263 1465 1302 se
1492 1263 1507 1301 :
1547 1266 1564 1297 ι
1596 1247 1734 1301 Ecce
1768 1246 1913 1299 venit

336 1340 597 1409 princeps
626 1340 808 1392 nmndi
852 1340 1043 1406 hujus,
1075 1348 1129 1393 et
1168 1340 1223 1392 in
1254 1352 1341 1392 me
1380 1353 1487 1391 non
1518 1336 1724 1390 invenit
1758 1336 1917 1404 quid»

339 1445 506 1498 quam
536 1430 599 1481 ’⁸.
644 1448 661 1480 ι
711 1429 840 1494 Quae
877 1431 1058 1482 omnia
1086 1430 1290 1482 nullum
1325 1430 1378 1482 in
1428 1444 1493 1481 eo
1524 1427 1735 1495 peccati
1788 1442 1915 1480 sen-

340 1539 465 1577 sum
499 1523 739 1576 indicant
788 1522 1086 1576 exstitisse.
1125 1520 1278 1586 Quod
1320 1530 1376 1572 ut
1404 1519 1663 1587 propheta
1696 1518 1916 1571 eviden-

340 1614 452 1667 tius
487 1613 832 1681 designaret,
865 1612 991 1680 quia
1025 1624 1305 1679 nunquam
1357 1610 1409 1662 in
1458 1624 1579 1663 eum
1618 1609 1918 1677 iniquitatis

2009 426 2176 493 frigus
2213 420 2499 489 aliquando
2534 413 2813 483 recipere?
2839 408 3091 477 Quinimo
3117 442 3133 468 ,
3187 402 3331 470 quod
3386 398 3569 451 verius

2010 526 2111 580 est,
2146 514 2316 582 magis
2346 525 2467 564 eam
2499 508 2641 564 sicut
2675 508 2731 559 in
2754 500 3065 559 fornacibus
3085 509 3225 564 saepe
3252 492 3369 547 fieri
3399 489 3571 545 oculis

2011 604 2514 676 deprehendimus,
2572 607 2736 651 totam
2798 594 2973 662 ignem
3031 586 3275 640 effectam
3306 582 3570 642 dicimus,

2012 698 2268 766 quoniam
2323 708 2419 747 nec
2451 690 2596 744 aliud
2630 689 2683 742 in
2717 701 2781 739 ea
2825 683 2926 736 nisi
2970 679 3114 750 ignis
3169 675 3441 737 cernitur;
3478 673 3573 725 sed

2012 765 2065 844 et
2090 788 2133 842 si
2163 788 2284 856 quis
2312 785 2626 849 contingere
2653 787 2811 845 atque
2835 779 3123 826 attrectare
3137 765 3572 839 (‘20)tentaverit,

2014 893 2118 932 non
2153 855 2320 940 ferri,
2358 874 2451 927 sed
2490 870 2629 939 ignis
2659 868 2765 921 vim
2820 864 3042 918 sentiet.
3093 859 3205 913 Hoc
3251 872 3383 923 ergo
3418 855 3577 909 modo

2015 969 2177 1021 etiam
2220 966 2310 1019 illa
2360 963 2541 1015 anima
2567 972 2708 1028 quae,
2746 956 2902 1024 quasi
2960 954 3162 1006 ferrum
3204 948 3257 1001 in
3307 948 3427 1016 igne
3453 986 3468 1010 ,
3500 945 3580 998 sic

2017 1073 2230 1127 semper
2262 1059 2314 1110 in
2343 1053 2520 1109 Verbo
2541 1091 2555 1116 ,
2596 1061 2812 1116 semper
2856 1046 2907 1097 in
2950 1041 3242 1110 sapientia,
3277 1051 3490 1105 semper
3522 1037 3573 1087 in

2020 1125 2339 1216 Deoiposita
2370 1153 2472 1207 est,
2510 1154 2669 1195 omne
2702 1135 2842 1207 quod
2867 1135 2998 1204 agit,
3031 1131 3175 1201 quod
3204 1128 3402 1190 sentit,
3435 1125 3578 1195 quod

2021 1239 2308 1308 intelligit,
2361 1237 2502 1289 Deus
2538 1241 2656 1296 est;
2713 1237 2767 1283 et
2796 1228 2917 1281 ideo
2955 1239 3056 1279 nec
3094 1218 3463 1277 convertibilis
3492 1226 3585 1270 aut

2022 1331 2299 1388 mutabilis
2332 1328 2435 1383 dici
2486 1331 2705 1394 potest,
2756 1335 2878 1389 quae
2911 1313 3486 1372 inconvertibilitatem
3517 1322 3582 1363 ex

2032 1424 2196 1479 Verbi
2235 1421 2333 1475 Dei
2360 1419 2568 1473 unitate
2600 1413 2969 1469 indesinenter
3011 1406 3179 1475 ignita
3211 1403 3467 1473 possedit.
3505 1401 3587 1453 Ad

2024 1527 2212 1568 omnes
2244 1508 2477 1575 denique
2515 1512 2735 1558 sanctos
2759 1503 2911 1554 calor
2938 1495 3136 1564 aliquis
3171 1491 3333 1546 Verbi
3366 1491 3461 1545 Dei
3487 1505 3586 1558 pu-

2026 1604 2218 1656 tandus
2262 1610 2344 1654 est
2378 1597 2722 1668 pervenisse;
2774 1593 2825 1645 in
2868 1591 2968 1643 hac
3020 1597 3198 1642 autem
3232 1583 3416 1638 anima
3473 1582 3591 1650 ipse

340 1718 539 1757 sensus
569 1705 852 1767 intrasset,
890 1704 1007 1756 ait:
1048 1720 1064 1751 ι
1104 1702 1424 1768 Priusquam
1458 1701 1622 1755 sciret
1655 1716 1787 1770 puer
1817 1715 1914 1767 pa-
1951 1682 1991 1735 Β
2026 1694 2164 1764 ignis
2216 1691 2436 1746 divinus
2490 1683 2924 1742 substantialiter
2980 1677 3312 1747 requievisse
3359 1672 3589 1728 creden-

332 1779 486 1847 trem
541 1804 632 1846 aut
684 1804 914 1848 matrem
964 1808 1203 1858 vocare,
1256 1792 1452 1847 avertit
1504 1806 1562 1846 se
1606 1793 1673 1846 ab
1720 1791 1920 1859 iniqui-

342 1894 458 1939 tate
481 1885 550 1937 ³⁹.
581 1904 599 1936 ι

322 1965 327 1973 ’
413 1976 470 2031 5.
504 1976 657 2041 Quod
686 1976 731 2030 si
770 1975 935 2030 alicui
963 1975 1180 2030 diﬂieile
1225 1974 1521 2038 videbitur,
1554 1988 1653 2042 pro
1682 1988 1747 2027 eo
1780 1974 1922 2041 quod

344 2068 728 2123 rationabilem
766 2069 1000 2121 animam
1034 2084 1157 2123 esse
1198 2069 1248 2121 in
1281 2066 1498 2121 Christo
1538 2082 1701 2134 supra
1744 2074 1926 2118 osten-

343 2159 532 2212 dimus
558 2200 573 2224 ,
611 2174 735 2213 cum
790 2158 903 2227 (14)
938 2160 1122 2226 utique
1147 2159 1450 2211 animarum
1498 2168 1751 2212 naturam
1799 2157 1925 2211 boni

330 2251 593 2317 ‘malique
630 2264 884 2318 capacem
933 2264 1029 2318 per
1057 2265 1248 2304 omnes
1280 2249 1670 2317 disputationes
1715 2257 1927 2302 nostras

347 2338 671 2406 frequenter
698 2340 1059 2400 ostendimus,
1091 2340 1191 2393 hoc
1236 2344 1394 2393 modo
1426 2340 1500 2393 rei
1547 2339 1702 2405 hujus
1735 2338 1927 2405 expla-

332 2424 575 2484 inabitur
601 2428 907 2481 dilIicultas.
967 2429 1228 2481 Naturam
1278 2427 1493 2495 quidem
1543 2427 1736 2478 animae
1785 2424 1929 2478 illius

352 2521 504 2573 hanc
531 2518 694 2571 fuisse
722 2532 845 2584 quae
867 2527 947 2570 est
969 2517 1211 2571 omnium
1246 2517 1574 2578 animarum,
1606 2496 1713 2567 non
1749 2524 1930 2582 potest

347 2609 597 2661 dubitari
624 2625 638 2672 ;
664 2607 900 2674 alioquin
936 2622 1039 2660 nec
1062 2607 1163 2658 dici
1186 2607 1362 2658 anima
1387 2606 1579 2672 potuit,
1603 2605 1646 2658 si
1678 2619 1803 2657 vere
1824 2619 1932 2657 non

352 2699 464 2751 fuit
481 2697 680 2751 anima.
698 2696 894 2752 Verum
910 2696 1161 2765 quoniam
1179 2695 1289 2763 (15)
1306 2696 1428 2748 boni
1449 2694 1682 2762 malique
1703 2692 1938 2763 eligendi

352 2787 595 2841 facultas
621 2788 874 2841 omnibus
906 2794 1104 2855 praesto
1130 2795 1236 2850 est,
1264 2786 1378 2839 hcce
1401 2786 1577 2837 anima
1601 2799 1721 2853 quae
1738 2784 1939 2839 Christi

354 2876 604 2947 est(l6),
630 2877 704 2929 ita
739 2875 899 2945 elegit
927 2876 1155 2944 diligere
1175 2873 1463 2944 justitiam,
1490 2881 1668 2941 utpro
1710 2871 1943 2925 immen-

355 2974 522 3022 sitate
546 2968 853 3021 dilectionis
877 2965 1363 3020 inconvertibiliter
1383 2964 1433 3018 ei
1464 2972 1627 3031 atque
1656 2965 1940 3031 insepara-

358 3058 544 3113 biliter
568 3057 680 3127 (Π)
700 3056 1011 3118 inhaereret,
1042 3055 1113 3107 ita
1146 3062 1202 3107 ut
1231 3051 1495 3122 propositi
1518 3051 1767 3115 firmitas,
1790 3058 1845 3103 et
1862 3048 1941 3102 af-

361 3147 539 3201 fectus
566 3148 923 3210 immensitas,
954 3155 1007 3199 et
1033 3144 1336 3198 dilectionis
1365 3141 1822 3210 inexstinguibilis
1846 3156 1959 3197 car

363 3241 465 3304 lor,
487 3254 699 3293 omnem
727 3252 942 3291 sensum
967 3234 1336 3289 conversionis
1362 3245 1519 3302 atque
1549 3232 1942 3288 inimutationis

363 3332 731 3395 abscinderet,
761 3339 816 3383 et
849 3329 993 3398 quod
1022 3327 1075 3381 in
1104 3328 1331 3380 arbitrio
1359 3334 1477 3380 erat
1506 3326 1764 3393 positum,
1795 3324 1941 3394 longi

366 3437 501 3475 usus
550 3420 744 3474 affectu
776 3419 889 3487 jam
942 3433 1162 3473 versum
1221 3419 1291 3470 sit
1328 3418 1380 3469 in
1437 3425 1720 3470 naturam:
1779 3417 1854 3469 ita
1887 3427 1942 3471 et

368 3514 538 3567 fuisse
572 3514 790 3581 qnidem
817 3515 869 3563 in
927 3510 1147 3565 Christo
1203 3510 1437 3563 humana
1491 3518 1546 3560 et
1596 3507 1944 3561 rationabilis

369 3605 550 3656 anima
579 3602 852 3656 credenda
881 3611 964 3655 est
994 3600 1129 3670 (l8),
1151 3610 1208 3653 ct
1229 3599 1432 3664 nullum
1465 3614 1681 3653 sensum
1709 3598 1791 3652 vel
1822 3613 1946 3667 pos-

373 3694 694 3748 sibilitatem
727 3709 845 3747 eam
881 3693 1177 3761 putandum
1210 3701 1294 3745 est
1321 3690 1575 3744 habuisse
1606 3691 1837 3758 peccati.

444 3790 498 3843 6.
551 3788 630 3842 Ad
666 3788 960 3856 pleniorem
1006 3791 1185 3839 tamen
1240 3784 1316 3837 rei
1366 3783 1801 3852 explanationem
1840 3797 1945 3838 non

374 3880 598 3933 videtur
644 3878 939 3931 absurdum
969 3914 985 3942 ,
1035 3876 1078 3930 si
1139 3875 1302 3928 etiam
1361 3874 1720 3927 similitudine
1768 3873 1946 3943 aliqua

374 3980 614 4032 utamur,
650 3968 774 4023 licet
810 3969 862 4021 in
895 3982 952 4021 re
976 3977 1091 4033 tam
1141 3967 1335 4031 ardua,
1375 3975 1592 4033 tamque
1618 3963 1844 4029 diﬂicili,
1879 3980 1947 4019 ne

378 4061 641 4130 exemplis
674 4062 890 4130 quidem
934 4059 1010 4112 uti
1053 4057 1349 4111 commodis
1382 4057 1536 4125 copia
1588 4066 1692 4110 est.
1742 4055 1946 4110 Tamen

380 4164 440 4209 ut
466 4157 671 4224 absque
692 4154 874 4222 aliquo
892 4149 1205 4222 pra'judicio
1227 4148 1489 4212 dicamus,
1523 4146 1650 4200 ferri
1677 4147 1947 4201 metallum

380 4260 553 4314 capax
584 4254 663 4299 est
692 4243 910 4311 frigoris
941 4247 994 4294 et
1024 4238 1245 4294 caloris.
1281 4236 1338 4290 Si
1369 4250 1499 4304 ergo
1537 4250 1717 4289 massa
1767 4236 1946 4304 aliqua

2022 1763 2122 1838 dus
2144 1791 2229 1836 est
2250 1822 2264 1846 ,
2304 1796 2369 1834 ex
2423 1795 2527 1848 quo
2553 1778 2618 1830 ad
2676 1783 2902 1829 eazteros
2929 1771 3076 1825 calor
3101 1766 3300 1837 aliquis
3357 1763 3587 1818 venerit.

2025 1875 2267 1943 Denique
2318 1871 2461 1941 quod
2516 1868 2672 1930 dixit,
2717 1864 2846 1933 quia
2892 1880 2910 1912 ‹
2947 1861 3116 1917 Unxit
3150 1869 3202 1912 te
3253 1860 3417 1919 Deus,
3452 1856 3592 1908 Deus

2028 1973 2151 2019 tuus
2174 1964 2293 2017 oleo
2323 1960 2519 2013 laetitiae
2539 1972 2646 2026 pra:
2684 1953 3040 2025 participibus
3061 1949 3167 2003 tuis
3194 1949 3261 2014 ³⁸,
3300 1966 3319 1998 ι
3357 1945 3595 2006 ostendit

2035 2055 2181 2124 quod
2211 2053 2373 2105 aliter
2400 2050 2501 2103 ista
2532 2048 2713 2101 anima
2739 2044 2859 2099 oleo
2883 2042 3099 2106 laetitiae,
3128 2039 3179 2093 id
3197 2047 3279 2092 est
3299 2035 3477 2091 Verbo
3503 2035 3593 2087 Dei

2029 2156 2087 2199 et
2122 2143 2388 2212 sapientia
2422 2140 2535 2210 (2i)
2568 2138 2807 2206 ungitur,
2838 2146 2893 2189 et
2928 2133 3089 2186 aliter
3129 2129 3418 2199 participes
3455 2127 3593 2195 ejus,

2031 2241 2082 2295 id
2113 2248 2194 2293 est
2220 2235 2393 2291 sancti
2420 2235 2695 2301 prophetm
2729 2238 2783 2282 et
2817 2225 3065 2296 apostoli.
3092 2223 3168 2277 llli
3190 2222 3332 2276 enim
3357 2221 3410 2273 in
3427 2219 3597 2273 odore

2030 2338 2427 2401 unguentorum
2459 2326 2575 2392 ejus
2598 2322 2912 2376 cucurrisse
2956 2317 3245 2371 dicuntur:
3280 2313 3380 2366 ista
3412 2319 3592 2363 autem

2033 2399 2216 2478 ani—ma
2246 2417 2523 2474 vasculum
2558 2413 2817 2484 unguenti
2851 2410 3021 2481 ipsius
3047 2406 3167 2469 fuit,
3199 2420 3263 2457 ex
3298 2401 3452 2468 cujus
3491 2399 3599 2452 fra-

2035 2513 2245 2584 grantia
2274 2510 2662 2580 participantes
2694 2504 2839 2574 digni
2863 2503 3067 2572 quique
3089 2496 3365 2568 prephetae
3398 2492 3601 2547 fiebant

2037 2583 2091 2662 et
2117 2605 2370 2675 apostoli.
2392 2604 2546 2657 Sicut
2569 2612 2700 2669 ergo
2723 2597 2868 2650 aliud
2895 2603 2977 2650 est
2994 2589 3251 2661 unguenti
3275 2583 3599 2647 substantia,

2040 2673 2185 2750 aliud
2220 2696 2350 2748 odor
2388 2692 2539 2761 ejus;
2591 2691 2664 2742 ita
2713 2686 2863 2740 aliud
2892 2696 2977 2738 est
3012 2682 3298 2742 Christus,
3348 2685 3403 2731 et
3456 2673 3602 2727 aliud

2040 2784 2335 2855 participes
2361 2782 2464 2837 sui.
2494 2780 2558 2833 Et
2588 2779 2729 2832 sicut
2757 2790 2852 2829 vas
2874 2775 3047 2842 ipsum
3076 2770 3217 2839 quod
3246 2765 3602 2822 substantiam

2043 2854 2287 2931 continet
2315 2869 2578 2942 unguenti
2633 2866 2770 2937 (Ὤ),
2807 2863 2951 2919 nullo
2973 2874 3171 2932 genere
3199 2866 3374 2929 potest
3405 2854 3606 2921 aliquid

2044 2967 2283 3034 recipere
2308 2963 2553 3025 fcetoris;
2581 2960 2633 3013 hi
2666 2971 2794 3011 vero
2820 2955 2912 3024 qui
2935 2967 2999 3007 ex
3031 2952 3201 3006 odore
3231 2948 3348 3018 ejus
3379 2945 3607 3016 partici-

2043 3065 2211 3126 pant,
2252 3056 2297 3110 si
2331 3069 2390 3109 se
2425 3050 2586 3122 paulo
2621 3048 2830 3117 longius
2861 3059 2888 3096 a
2943 3041 3244 3111 fragrantia
3279 3036 3397 3105 ejus
3433 3048 3610 3089 remo-

2039 3148 2239 3211 verint,
2272 3143 2529 3214 possibile
2575 3146 2659 3195 est
2700 3146 2758 3191 ut
2810 3134 3133 3189 incidentem
3162 3129 3425 3214 recipiant
3454 3126 3609 3180 fleto-

2042 3253 2155 3292 rem
2180 3255 2194 3304 ;
2223 3237 2295 3289 ita
2326 3234 2601 3297 Christus,
2634 3229 2777 3284 velut
2802 3241 2898 3280 vas
2934 3226 3108 3293 ipsum
3137 3223 3190 3274 in
3218 3206 3325 3290 quo
3352 3225 3469 3273 erat
3512 3230 3611 3271 un-

2049 3302 2236 3398 guenti
2268 3324 2569 3381 substantia
2600 3361 2615 3384 ,
2662 3316 2997 3388 impossibile
3043 3313 3144 3367 fuit
3183 3321 3239 3365 ut
3270 3302 3605 3365 con‘t'rarium

2046 3422 2315 3489 reciperet
2364 3418 2606 3473 odorem.
2632 3410 2935 3478 Participes
2975 3421 3105 3460 vero
3139 3404 3253 3471 ejus
3285 3416 3448 3472 quam
3480 3413 3610 3469 pro-

2046 3512 2180 3564 ximi
2209 3509 2411 3562 fuerint
2436 3505 2550 3575 (‘23)
2578 3502 2798 3558 vasculo
2825 3542 2840 3566 ,
2882 3508 2993 3553 tam
3034 3496 3219 3552 odoris
3253 3500 3415 3546 erunt
3442 3489 3610 3555 parti-

2045 3603 2191 3671 cipes
2224 3609 2278 3655 et
2309 3612 2556 3667 capaces.

2115 3692 2224 3762 92
2259 3691 2313 3744 7.
2344 3689 2597 3744 Arbitror
2626 3700 2757 3739 sane
2786 3684 2949 3738 etiam
2983 3676 3268 3735 Jeremiam
3298 3673 3613 3745 prephetam

2048 3782 2432 3851 intelligentem
2473 3792 2591 3847 qua:
2634 3777 2705 3831 sit
2737 3777 2787 3829 in
2832 3790 2897 3830 eo
2944 3782 3137 3828 natura
3182 3767 3273 3824 Dei
3308 3764 3608 3835 sapientiae,

2048 3891 2166 3946 quae
2196 3874 2360 3928 etiam
2394 3871 2506 3925 hare
2534 3878 2678 3923 esset
2702 3882 2862 3935 quam
2892 3880 2988 3935 pro
3014 3864 3187 3919 salute
3219 3860 3402 3915 mundi
3430 3873 3615 3914 susce-

2048 3977 2243 4038 perat,
2282 3965 2524 4039 dixisse:
2586 3980 2603 4013 ι
2636 3962 2871 4030 Spiritus
2912 3957 3097 4014 vultus
3136 3955 3307 4009 nostri
3363 3952 3616 4007 Christus

2050 4038 2331 4122 Dominus,
2364 4054 2449 4110 cui
2481 4054 2716 4107 diximus
2745 4051 2888 4121 quod
2917 4052 2972 4105 in
3001 4047 3189 4103 untbra
3220 4046 3337 4114 ejus
3371 4038 3615 4097 vivemus

2050 4155 2104 4210 in
2154 4152 2414 4225 gentibus
2443 4152 2509 4205 ³¹.
2566 4169 2583 4203 ι
2622 4149 2729 4203 Pro
2776 4148 2921 4202 enim
2952 4158 3017 4198 eo
3055 4142 3197 4210 quod
3245 4140 3386 4194 sicut
3422 4136 3615 4189 umbra

2053 4244 2297 4313 corporis
2328 4233 2498 4295 nostri
2524 4233 2903 4306 inseparabilis
2933 4239 3016 4284 est
3048 4245 3078 4283 a
3102 4238 3347 4294 corpore,
3382 4232 3438 4276 et
3465 4220 3616 4273 inde-

381 4336 513 4389 ferri
544 4350 757 4402 semper
788 4335 841 4387 in
869 4335 992 4403 igne
1022 4333 1095 4385 sit
1127 4330 1330 4400 posita,
1357 4327 1608 4408 omnibus
1635 4326 1747 4380 suis
1780 4327 1948 4395 poris,
1982 4331 2022 4385 11
2056 4311 2385 4388 clinabiliter
2418 4337 2598 4383 motus
2624 4342 2689 4381 ac
2715 4333 2901 4394 gestus
2924 4318 3174 4387 corporis
3204 4311 3428 4380 suscipit
3449 4317 3503 4363 et
3530 4322 3621 4377 ge-

380 4426 742 4493 omnibusque
789 4425 938 4478 venis
978 4423 1155 4491 ignem
1198 4416 1507 4488 recipiens,
1540 4426 1595 4470 et
1646 4426 1755 4471 tota
1811 4419 1951 4487 ignis

381 4516 596 4579 effecta,
625 4517 669 4570 si
702 4530 875 4583 neque
915 4514 1053 4583 ignis
1089 4511 1157 4565 ab
1207 4525 1270 4564 ea
1305 4519 1480 4564 cesset
1509 4507 1816 4577 aliquando,
1855 4523 1951 4562 ne-

354 4622 492 4681 [que
520 4608 635 4676 ipsa
684 4607 752 4661 ab
784 4607 912 4674 igne
937 4614 1242 4674 separetur,
1282 4600 1651 4669 nunquidnam
1706 4599 1817 4670 (19)
1866 4601 1951 4655 di—

386 4713 575 4752 cemus
606 4699 764 4761 hanc,
801 4711 919 4765 qua:
955 4705 1143 4750 natura
1201 4693 1417 4763 quidem
1458 4689 1588 4745 ferri
1631 4705 1806 4746 massa
1846 4702 1949 4757 est,

431 4811 503 4876 ,μ’
549 4811 857 4868 Coloss.n,
910 4809 963 4863 9.
1041 4805 1481 4876 “Psalm.3t.tv,
1513 4804 1566 4876 _8.

1643 4805 1687 4835 "
1718 4804 1819 4859 lsa.
1845 4823 1961 4868 LIII.
1995 4809 2048 4864 9.

2058 4424 2150 4489 rit,
2181 4432 2310 4492 puto
2340 4434 2464 4474 eum
2496 4418 2690 4472 anima:
2735 4413 2937 4469 Christi
2966 4425 3103 4479 opus
3129 4422 3190 4461 ac
3221 4412 3426 4459 motum
3446 4399 3539 4469 qui
3571 4400 3619 4451 ei

2039 4500 2505 4581 inseparabiliter
2534 4506 2853 4572 inhaerebat,
2884 4513 2938 4559 et
2965 4515 3061 4571 pro
3090 4507 3237 4553 metu
3274 4492 3390 4561 ejus
3422 4506 3484 4546 ac
3526 4504 3621 4543 vor-

2060 4578 2266 4657 luntate
2345 4607 2541 4654 cuncta
2617 4594 3001 4665 perpetrabat,
3089 4588 3380 4643 ostendere
3432 4578 3621 4634 volen-

2065 4704 2172 4750 tem
2221 4691 2465 4746 umbram
2506 4686 2707 4743 Cbristi
2734 4685 2945 4740 Domini
2974 4684 3115 4737 hanc
3138 4690 3381 4738 vocasse,
3429 4673 3622 4742 inqua

2125 4808 2171 4843 ’θ
2200 4806 2333 4859 lleb.
2367 4819 2443 4865 IV,
2474 4800 2560 4855 l5.
2638 4801 2681 4830 ’⁷
2721 4797 2879 4852 Joan.
2921 4810 3040 4859 vui,
3072 4792 3159 4848 16.
3252 4790 3296 4823 ’⁸
3327 4786 3483 4845 101m.
3515 4802 3621 4851 XIV.

549 4881 594 4911 ”
637 4881 738 4933 Isa.
785 4895 899 4943 vni,
939 4878 1004 4943 4;
1034 4893 1130 4940 vti,
1172 4868 1260 4928 lii.
1330 4874 1372 4905 ³⁸
1405 4868 1605 4929 Psalm.
1635 4889 1775 4939 xuv,
1810 4876 1864 4930 8.
1938 4879 1978 4910 ³³
2008 4879 2209 4933 Thren.
2238 4891 2309 4941 ιν,
2341 4877 2389 4927 1.

466 4993 577 5133 (η)
605 4993 696 5047 Sic
725 4974 855 5045 mss.
884 4991 1053 5057 Alias,
1095 5009 1112 5041 ι
1148 4990 1377 5043 habitat.
1409 5006 1427 5038 ι

466 5065 556 5131 (15
610 5064 701 5133 Sic
732 5078 860 5116 mss.
888 5062 1058 5133 Alias,
1092 5078 1110 5110 ι
1146 5060 1293 5133 illius
1320 5067 1403 5111 est

463 5056 577 5131 (15)
610 5064 701 5115 Sic
732 5078 860 5116 mss.
888 5056 1058 5123 Alias,
1092 5078 1110 5110 ι
1146 5060 1293 5131 illius
1320 5067 1403 5111 est
1443 5057 1508 5111 de
1536 5073 1643 5125 quo
1677 5056 1958 5128 Scriptura

392 5129 527 5190 dicit
545 5129 569 5185 ε’
590 5132 776 5199 qui....
811 5140 867 5184 et
904 5132 968 5183 de
996 5144 1102 5198 quo
1134 5129 1394 5198 scriptum
1425 5137 1507 5180 est
1544 5135 1828 5181 tentatum.
1867 5148 1887 5179 ι

465 5202 578 5272 (14)
608 5199 892 5272 ςυιηᾼιίι,
916 5200 1070 5272 e_diti.
1096 5199 1225 5272 Mss.
1262 5210 1411 5272 vero,
1454 5214 1472 5246 ‹
1510 5213 1694 5272 quam.
1733 5215 1752 5248 ι
1897 5207 1901 5211 ‘

466 5266 581 5411 (15)
604 5271 744 5339 Vide
774 5270 812 5322 I.
847 5285 884 5322 ιι
918 5268 1321 5337 0rigeuiau.,q.
1364 5266 1415 5327 '5,
1455 5281 1600 5319 num.
1633 5266 1686 5320 6.

467 5340 558 5411 (16
614 5338 693 5393 lta
724 5354 856 5393 mss.
886 5339 1052 5402 Alias,
1090 5356 1108 5389 ι
1138 5347 1331 5405 przesto
1362 5344 1443 5388 est
1471 5336 1597 5390 huic
1628 5350 1686 5389 an

467 5340 581 5411 (16)
614 5340 693 5393 Ita
724 5357 771 5391 tu

397 5409 602 5464 Christi
628 5419 733 5462 est.
760 5426 779 5459 ι

366 5498 380 5510 ι
471 5479 585 5548 (17)
618 5477 685 5530 Ei
737 5488 890 5544 atque
938 5472 1539 5548 inseparabiliter._Hmc
1588 5473 1966 5548 desiderantur

405 5544 648 5603 in'an'tea
688 5548 851 5603 editis
878 5584 893 5611 ,
945 5545 1190 5615 quamvis
1236 5546 1577 5614 reperiantur
1611 5545 1662 5597 in
1715 5544 1967 5599 omnibus

406 5632 535 5674 mss.

604 5336 693 5393 'lta
724 5354 856 5393 mss.
886 5336 1052 5402 Alias,
1090 5356 1108 5389 ι
1138 5347 1331 5405 praesto
1362 5344 1443 5388 est
1471 5336 1597 5390 huic
1628 5337 1817 5390 animae
1846 5351 1967 5405 quae

2134 4991 2245 5063 (l8)
2273 4990 2365 5045 Sic
2386 5002 2515 5043 mss.
2534 4986 2687 5041 Libb.
2721 4982 2876 5053 editi,
2902 5000 2920 5032 ι
2951 4983 3023 5034 ita
3056 4988 3113 5033 ut
3143 4978 3306 5032 fuisse
3333 4974 3622 5044 quidem...

2062 5063 2330 5117 credenda
2364 5062 2455 5113 sit.
2488 5076 2508 5108 ι

2166 5131 2251 5199 19)
2283 5127 2686 5199 Nunquidnam.
2724 5122 2801 5176 Ita
2832 5135 2990 5185 mss.;
3021 5118 3173 5183 editi,
3208 5135 3225 5168 ι
3264 5127 3566 5183 nunquam.
3605 5128 3624 5160 ι

2108 5193 2250 5263 (20)
2292 5200 2385 5252 Sic
2420 5193 2550 5250 inss.
2588 5193 2815 5263 Aliastc
2855 5200 3115 5263 tractare.
3152 5206 3168 5263 ξ

2166 5132 2227 5185 19
2283 5131 2686 5199 Nunquidnam.
2724 5131 2801 5176 Ita
2832 5135 2990 5185 mss.;
3021 5131 3173 5183 eunti,
3208 5135 3225 5168 ι
3264 5131 3566 5183 nunquam.
3605 5131 3624 5160 ι

2160 5200 2230 5253 20
2292 5200 2385 5252 Sic
2420 5211 2550 5250 mss.
2588 5193 2753 5254 Alias,
2798 5211 2815 5241 ι
2855 5200 3115 5244 tractare.
3152 5206 3168 5238 ι

2135 5131 2252 5339 iiii
2308 5266 2373 5318 Et
2420 5263 2704 5339 sapientia.
2756 5261 3104 5315 Desideratur
3152 5257 3206 5309 in
3237 5260 3393 5306 antea
3429 5249 3584 5305 editis
3617 5284 3629 5305 ,

2071 5336 2162 5394 sed
2191 5336 2421 5392 habetur
2458 5336 2509 5387 in
2539 5348 2666 5385 mss.

2144 5409 2256 5475 (29.)
2290 5403 2576 5471 Ungueuti.
2613 5399 2701 5475 Sic
2727 5414 2855 5453 mss.
2888 5397 3062 5475 Alias,
3097 5413 3113 5444 ι
3145 5400 3198 5446 et
3228 5398 3579 5467 unguentum.
3612 5401 3629 5475 ξ

2308 5457 2564 5549 Sicanis-5.
2607 5469 2774 5535 Alias,
2816 5487 2833 5519 ι
2874 5457 3162 5534 participes
3196 5474 3322 5513 vero
3355 5457 3435 5510 sui
3473 5466 3637 5523 quam

2074 5542 2359 5620 propinqui
2393 5542 2611 5596 fuerint.
2644 5558 2665 5592 ι
