4014 6142
409 206 513 262 215

1640 196 1961 275 OMGENIS
1996 200 2151 253 ΠΕΡι
2192 196 2426 252 ΑΡΧΩΝ

3550 195 3655 248 21η

407 330 602 384 umbra
624 341 725 383 nos
749 326 1058 382 viveremus
1085 325 1138 379 in
1162 322 1435 392 gentibus.
1474 320 1530 374 In
1557 316 1720 388 hujus
1745 337 1978 393 namque
2008 329 2054 382 Α
2080 321 2344 391 geliorum
2378 331 2520 372 unus
2543 324 2708 383 atque
2737 312 2878 367 idem
2911 304 3055 365 Deus
3082 326 3097 377 ;
3130 317 3242 365 tum
3270 308 3646 365 deinde'etiam

408 418 798 488 Issumptionis
832 423 1175 472 sacramento
1219 422 1408 484 gentes
1455 414 1665 478 vivunt,
1702 427 1821 481 quae
1852 413 1975 467 imi-

411 516 594 563 tantes
627 521 746 563 eam
782 522 881 576 per
903 508 1059 561 fidem
1100 505 1320 558 veniunt
1351 503 1418 556 ad
1463 502 1716 557 salutem.
1767 502 1872 557 Sed
1924 511 1978 558 et

412 599 583 653 David
610 598 797 653 dicens
819 615 834 652 :
865 616 883 647 ι
904 596 1105 650 Memor
1131 603 1247 650 esto
1270 595 1548 664 opprobrii
1575 594 1704 659 mei,
1731 593 1974 659 Domine,

413 702 525 755 quo
547 687 1015 755 exprobraverunt
1040 698 1124 737 me
1171 684 1223 736 in
1257 682 1738 737 commutationem
1775 682 1973 738 Christi

414 774 493 827 tui
518 775 582 836 ",
622 793 641 826 ι
672 772 868 827 similia
902 771 1032 825 mihi
1065 769 1280 824 videtur
1320 770 1629 825 ostendere.
1685 769 1752 822 Et
1780 768 1977 822 Paulus

411 866 542 933 quid
573 864 715 918 aliud
738 864 925 927 sentit,
964 877 1085 916 cum
1118 862 1285 915 dicit:
1328 879 1346 911 ‹
1378 861 1495 914 Vita
1533 870 1712 914 vestra
1746 861 1976 914 abscon-

409 955 522 1009 dita
555 964 637 1008 est
683 969 803 1007 cum
836 953 1059 1008 Chrism
1089 953 1141 1005 in
1175 952 1284 1006 Deo
1335 951 1425 1004 ³³⁸3
1461 970 1479 1002 ι
1536 951 1600 1004 Ει
1644 951 1860 1017 quidem
1922 951 1973 1002 in

411 1049 518 1100 alio
543 1046 661 1102 loco
690 1046 822 1100 dicit
847 1045 991 1114 (24);
1020 1062 1039 1093 ι
1070 1044 1153 1098 An
1185 1044 1566 1096 documentum
1591 1042 1831 1111 quarritis
1861 1042 1975 1108 ejus

407 1141 499 1207 qui
533 1139 587 1190 in
616 1150 705 1191 me
738 1136 979 1204 loquitur
1005 1134 1252 1190 Christus
1277 1134 1359 1186 ³³⁸2
1386 1153 1405 1185 ι
1437 1134 1501 1186 Ει
1533 1149 1675 1187 nunc
1698 1135 1973 1188 Christum

406 1231 460 1282 in
494 1229 603 1283 Deo
634 1228 765 1281 dicit
797 1227 1201 1280 absconditum.
1231 1225 1397 1293 Cujus
1431 1226 1506 1280 rei
1534 1226 1841 1280 intellectus
1870 1226 1973 1278 nisi

408 1320 535 1373 talis
580 1318 779 1386 aliquis
830 1317 1100 1371 indicetur
1144 1316 1253 1385 (25)
1281 1356 1296 1381 ,
1345 1317 1563 1385 qualem
1591 1330 1691 1383 per
1725 1314 1970 1368 umbram

404 1408 610 1463 Christi
636 1424 665 1461 a
690 1409 951 1476 prepheta
981 1408 1339 1475 significatum
1372 1422 1490 1462 esse
1522 1421 1683 1474 supra
1714 1406 1973 1473 diximus,

407 1499 657 1554 fortassis
686 1500 849 1553 etiam
883 1500 1030 1553 hunc
1060 1514 1274 1552 sensum
1305 1501 1555 1566 humanae
1595 1499 1789 1552 mentis
1813 1514 1974 1553 exce-

408 1589 508 1643 dit.
547 1589 651 1642 Sed
683 1596 735 1643 et
768 1589 1163 1656 quamplurima
1200 1588 1303 1641 alia
1352 1589 1403 1641 in
1444 1587 1742 1657 Scripturis
1779 1588 1977 1642 divinis

2087 412 2155 466 de
2186 410 2425 474 Christo,
2454 406 2596 477 quod
2634 406 2679 460 is
2708 405 2799 474 qui
2828 402 3060 458 Verbum
3085 411 3140 455 et
3160 402 3423 472 sapientia
3449 400 3541 455 Dei
3567 417 3653 455 su-

2084 502 2269 573 perius
2299 500 2471 554 fuerat
2494 505 2771 561 ostensus,
2804 495 2967 549 etiam
2998 492 3232 562 qualiter
3268 492 3432 547 homo
3477 490 3652 546 factus

2081 600 2165 647 est
2197 590 2247 644 in
2274 586 2732 657 consequentibus
2756 582 2941 640 debuit
2967 582 3369 647 demonstrari;
3401 588 3651 649 superest

2084 690 2141 734 ut
2167 681 2332 733 etiam
2363 680 2430 731 de
2460 677 2664 744 Spiritu
2689 680 2876 728 sancto
2908 687 3066 740 quam
3091 686 3380 739 possumus
3412 670 3651 724 breviter

2086 778 2412 839 repetamus.
2456 766 2692 834 Tempus
2740 778 2870 833 ergo
2898 773 2982 816 est
3016 778 3161 815 nunc
3194 761 3260 814 de
3288 760 3490 829 Spiritu
3521 776 3650 812 san-

2082 870 2170 915 cto
2202 876 2301 915 nos
2328 875 2424 928 pro
2454 856 2657 911 viribus
2689 870 2860 923 pauca
2892 854 3163 909 disserere
3195 866 3354 921 quem
3390 849 3648 905 Dominus

2082 961 2134 1004 et
2168 951 2419 1004 Salvator
2452 960 2641 1004 noster
2670 950 2725 1004 in
2754 944 3045 1013 Evangelio
3070 944 3362 999 secundum
3386 943 3647 996 Joannem

2084 1042 2421 1096 Paracletum
2464 1040 2765 1094 nominavit
2817 1037 2883 1090 ’9.
2951 1035 3102 1087 Sicut
3149 1034 3292 1088 enim
3344 1034 3483 1086 idem
3538 1033 3666 1100 ipse'

2085 1131 2249 1199 Deus,
2283 1141 2446 1200 atque
2474 1132 2614 1186 idem
2668 1129 2787 1197 ipse
2822 1126 3094 1188 Christus,
3143 1126 3216 1178 ita
3248 1126 3384 1179 idem
3419 1124 3651 1195 Spiritus

2084 1235 2303 1279 sanctus
2335 1232 2414 1276 est
2445 1223 2536 1289 qui
2569 1221 2621 1273 in
2654 1219 2929 1289 prophetis
2961 1225 3015 1270 et
3050 1216 3100 1269 in
3140 1219 3402 1283 apostolis
3431 1218 3552 1282 fuit,
3596 1219 3647 1273 id

2082 1326 2165 1371 est
2190 1316 2304 1368 sive
2337 1316 2385 1366 in
2418 1313 2523 1366 illis
2550 1314 2638 1380 qui
2667 1322 2791 1364 ante
2817 1313 3104 1367 adventum
3148 1313 3350 1365 Christi
3394 1312 3500 1364 Deo
3530 1326 3653 1365 cre-

2084 1407 2357 1469 didcrunl,
2392 1405 2505 1457 sive
2538 1403 2589 1456 in
2622 1403 2707 1457 his
2737 1403 2826 1470 qui
2856 1419 2951 1472 per
2979 1403 3255 1457 Christum
3291 1401 3652 1470 confugerunt

2085 1499 2150 1549 ad
2186 1496 2373 1549 Deum.
2397 1494 2463 1547 Et
2488 1495 2619 1548 duos
2642 1495 2860 1561 quidem
2885 1495 3011 1547 deos
3040 1508 3196 1546 ausos
3230 1508 3348 1548 esse
3372 1495 3650 1547 haereticos

2085 1588 2303 1651 dicere,
2356 1596 2411 1639 et
2440 1585 2576 1639 duos
2612 1586 2857 1638 Christos
2908 1585 3252 1645 audivimus,
3290 1585 3424 1638 duos
3469 1597 3648 1637 autem

406 1680 475 1734 de
508 1680 717 1733 umbrae
745 1679 1103 1748 significantia
1129 1679 1371 1732 videmus
1402 1680 1630 1741 inserta,
1659 1688 1716 1731 ut
1749 1678 1879 1732 illud
1917 1680 1968 1732 in
2005 1679 2043 1733 Β
2076 1678 2310 1745 Spiritus
2326 1686 2539 1731 sanctos
2561 1690 2830 1743 nunquam
2851 1676 3198 1742 cognovimus
3223 1676 3289 1726 ab
3314 1673 3492 1742 aliquo
3520 1691 3652 1742 pra:-

410 1772 700 1841 Evaugelio
725 1772 1025 1826 secundum
1059 1771 1283 1835 Lucam,
1334 1787 1459 1825 cum
1493 1772 1626 1824 dicit
1660 1771 1876 1825 Gabriel
1907 1773 1971 1825 ad

408 1859 634 1912 Mariam
666 1877 679 1909 :
718 1879 736 1911 ι
769 1860 1004 1928 Spiritus
1036 1870 1212 1914 autem
1260 1861 1472 1915 Domini
1523 1862 1868 1929 superveniet
1912 1861 1966 1914 in

409 1960 482 2013 te,
509 1958 564 2003 et
598 1952 768 2003 virtus
796 1950 1055 2003 Altissimi
1091 1950 1437 2004 obumbrabit
1465 1950 1559 2004 tibi
1586 1950 1651 2007 ³⁵.
1683 1971 1700 2003 ι
1738 1952 1801 2003 Ει
1831 1955 1973 2021 Apo-

406 2040 576 2093 stolus
603 2041 668 2096 de
717 2041 835 2109 lege
870 2040 1037 2103 dicit,
1073 2040 1198 2107 quia
1246 2058 1264 2091 ‹
1297 2040 1636 2095 similitudini
1686 2051 1739 2097 et
1769 2045 1973 2097 umbrte

408 2132 724 2186 deserviunt
772 2131 1074 2185 cmlestium
1112 2132 1157 2162 ⁸⁸
1187 2150 1207 2183 ι
1244 2131 1296 2185 hi
1322 2133 1411 2200 qui
1446 2134 1720 2187 carnalem
1774 2135 1974 2188 habent

407 2221 907 2275 circumcisionem.
958 2222 1025 2276 Et
1054 2221 1180 2275 alibi
1231 2220 1462 2274 dicitur:
1500 2240 1518 2272 ι
1557 2222 1746 2277 Nonne
1785 2223 1970 2276 umbra

407 2320 492 2366 est
548 2312 658 2365 vita
709 2323 892 2367 nostra
944 2329 1107 2380 supra
1142 2323 1341 2369 terram
1373 2314 1415 2345 ³⁷
1440 2315 1462 2366 ?
1490 2334 1508 2366 ι
1561 2316 1617 2369 Si
1647 2329 1777 2382 ergo
1805 2324 1859 2368 et
1889 2314 1972 2368 lex

406 2417 529 2470 qua:
559 2417 720 2469 super
751 2412 973 2470 terram,
1005 2409 1197 2462 umbra
1226 2416 1332 2472 est,
1367 2416 1421 2462 et
1449 2408 1500 2460 in
1549 2409 1738 2460 umbra
1772 2406 1973 2461 Christi

410 2495 641 2549 vivimus
676 2496 819 2549 inter
843 2497 1066 2564 gentesf;
1104 2499 1393 2555 videndum
1434 2500 1613 2553 estne
1640 2500 1831 2553 harum
1853 2515 1974 2553 oin-

407 2588 557 2639 niuin
590 2586 704 2659 (26)
732 2590 935 2644 veritas
964 2592 1283 2645 umbrarum
1311 2593 1362 2645 in
1396 2591 1484 2645 illa
1515 2592 1841 2645 revelatione
1872 2604 1971 2651 [LO—

404 2690 594 2734 scatur
620 2696 740 2735 cum
764 2680 874 2748 jam
904 2698 1010 2737 non
1042 2697 1138 2751 per
1179 2685 1455 2752 speculum
1487 2694 1542 2738 et
1584 2684 1637 2738 in
1664 2684 1970 2751 aenigmate,

404 2769 499 2823 sed
536 2769 677 2823 facie
705 2771 773 2823 ad
817 2770 1008 2826 faciem
1040 2774 1213 2828 sancti
1267 2775 1468 2842 quique
1515 2774 1743 2843 gloriam
1778 2774 1869 2826 Dei
1920 2782 1973 2827 et

405 2873 587 2913 rerum
623 2877 821 2916 causas
871 2877 933 2917 ac
968 2864 1250 2918 veritatem
1289 2868 1557 2934 speculari
1595 2866 1969 2919 merebuntur.

405 2950 573 3018 Cujus
599 2952 847 3007 veritatis
884 2962 1108 3021 accepto
1133 2952 1244 3021 jam
1295 2955 1521 3025 pignore
1569 2970 1665 3023 per
1709 2955 1970 3023 Spiritum

2080 1771 2248 1822 dicari
2275 1769 2690 1839 (27).Qnomodo
2707 1768 2849 1821 enim
2874 1768 2972 1821 hoc
2990 1769 3055 1822 de
3078 1769 3377 1835 Scripturis
3396 1776 3650 1835 poterunt

2082 1856 2370 1923 aliirtnare,
2394 1865 2485 1911 aut
2510 1874 2669 1926 quam
2689 1852 3047 1911 differentiam
3074 1857 3200 1910 dare
3229 1868 3478 1925 poterunt
3511 1858 3652 1912 inter

2082 1951 2337 2019 Spiritum
2362 1961 2608 2005 sanctum
2627 1961 2676 2003 et
2697 1950 2957 2017 Spiritum
2973 1950 3252 2004 sanctum?
3272 1951 3312 2003 si
3349 1958 3523 2002 tamen
3547 1948 3652 2001 dif—

2081 2042 2251 2095 finitio
2275 2043 2473 2111 aliqua,
2509 2051 2601 2094 aut
2638 2040 2931 2108 descriptio
2956 2039 3185 2092 inveniri
3210 2047 3387 2107 potest
3411 2037 3648 2106 Spiritus

2080 2137 2274 2191 sancti.
2307 2134 2441 2189 Nam
2471 2145 2526 2188 ut
2556 2135 2912 2189 concedamus
2959 2130 3217 2186 Marcioui
3250 2130 3333 2184 vel
3366 2128 3651 2184 Valentino

2080 2242 2243 2296 posse
2277 2225 2614 2281 diﬂerentitts
2643 2225 2860 2279 deitatis
2911 2225 3187 2288 inducere,
3240 2232 3293 2277 et
3329 2221 3487 2275 aliam
3522 2222 3647 2276 boni

2084 2328 2355 2383 naturam,
2389 2318 2549 2371 aliam
2579 2331 2710 2369 vero
2740 2314 2868 2383 justi
2894 2313 3005 2385 (28)
3043 2312 3374 2378 describere,
3406 2314 3534 2381 quid
3562 2330 3653 2367 ex-

2082 2410 2364 2479 cogitabit,
2400 2418 2561 2476 atque
2586 2408 2711 2477 quid
2747 2407 3007 2467 inveniet,
3038 2414 3094 2458 ut
3127 2405 3489 2459 differentiam
3516 2405 3644 2474 Spi-

2083 2498 2219 2551 ritus
2240 2496 2409 2551 sancti
2438 2495 2784 2551 introducat?
2820 2493 2963 2547 Nihil
2987 2509 3114 2563 ergo
3144 2494 3262 2548 illos
3290 2509 3447 2563 posse
3470 2495 3534 2547 ad
3562 2496 3646 2547 iu-

2081 2588 2279 2643 dicium
2304 2588 2693 2656 qualiscunque
2724 2584 3041 2638 differentia:
3077 2585 3317 2638 arbitror
3354 2585 3618 2639 invenire.

2150 2680 2208 2733 2.
2238 2678 2346 2732 Νοε
2389 2694 2516 2732 vero
2548 2679 2922 2731 existimamus
2954 2676 3066 2747 (29)
3100 2677 3241 2744 quod
3274 2678 3644 2746 participatio-

2083 2785 2205 2824 nem
2233 2770 2352 2839 ejus
2386 2770 2634 2823 similiter
2684 2778 2741 2822 ut
2772 2768 3052 2837 sapientia:
3105 2766 3196 2822 Dei
3244 2780 3297 2823 et
3349 2769 3505 2823 Verbi
3552 2770 3643 2825 Dei

2081 2862 2285 2930 absque
2329 2861 2435 2915 ulla
2467 2859 2768 2915 differentia
2816 2871 3064 2916 creatura
3096 2862 3435 2917 rationabilis
3467 2864 3644 2916 omnis

2083 2961 2347 3005 assumat.
2386 2946 2558 3005 Video
2586 2959 2765 3003 tamen
2794 2952 2934 3017 quod
2966 2954 3269 3023 przecipuus
3301 2954 3471 3008 saneti
3521 2952 3648 3020 Spi-

403 3051 679 3109 sanctum,
717 3043 932 3097 dicebat
958 3018 1249 3113 Apostolus
1272 3018 1310 3098 ε-
1335 3063 1354 3096 ι
1414 3046 1587 3099 Etiam
1627 3046 1673 3101 si
1721 3046 1977 3115 cognovi—
2002 3018 2049 3079 θ
2083 3040 2218 3094 ritus
2240 3039 2509 3094 adventus
2533 3040 2598 3093 ad
2622 3040 2868 3096 homines
2903 3053 3025 3110 post
3048 3045 3420 3099 ascensionem
3443 3044 3642 3098 Christi

405 3144 528 3187 mus
579 3131 856 3187 Christum
890 3136 1186 3189 secundum
1221 3148 1440 3189 carnem
1494 3136 1825 3204 aliquando,
1882 3138 1976 3192 sed

403 3237 548 3276 nunc
566 3222 676 3290 jam
708 3240 813 3278 non
856 3226 1105 3280 novimus
1162 3226 1228 3280 ³⁸.
1270 3247 1288 3280 ›
1323 3228 1448 3283 llaec
1479 3229 1693 3282 interim
1729 3230 1882 3284 nobis
1909 3230 1974 3283 ad

415 3327 657 3380 praesens
697 3314 764 3368 de
795 3314 954 3369 rebus
989 3324 1094 3370 tam
1125 3316 1432 3372 difﬁcilibus
1463 3318 1888 3386 disputantihus,
1920 3319 1975 3374 id

406 3411 491 3457 est
525 3402 594 3458 de
622 3405 1008 3461 incarnatione
1038 3416 1093 3461 et
1121 3407 1188 3460 de
1220 3407 1423 3462 deitate
1457 3408 1657 3464 Christi
1687 3425 1977 3465 occurrere

401 3500 720 3560 potuerunt.
748 3494 805 3548 Si
831 3495 954 3563 quis
985 3510 1114 3551 sane
1144 3497 1337 3552 melius
1362 3497 1561 3567 aliquid
1599 3501 1796 3567 poterit
1825 3501 1977 3555 inve-

402 3584 546 3649 nire,
573 3595 628 3640 et
668 3588 1101 3644 evidentioribus
1143 3590 1208 3645 de
1242 3591 1541 3661 Scripturis
1570 3592 1775 3646 sanctis
1796 3607 1974 3649 asser-

404 3672 642 3732 tionibus
665 3679 992 3736 confirmare
1016 3696 1136 3751 quae
1166 3683 1319 3749 dicit,
1356 3683 1443 3737 illa
1476 3683 1656 3751 potius
1679 3697 1839 3755 quam
1860 3683 1974 3740 haec

402 3766 755 3834 recipiantur.

989 3863 1214 3919 CAPUT
1270 3864 1378 3918 VII.

898 3953 973 4007 De
1029 3954 1230 4022 Spiritu
1269 3964 1475 4008 sancto.

472 4040 526 4096 Ι.
561 4040 699 4106 Quia
726 4057 853 4111 ergo
872 4052 991 4113 post
1022 4044 1226 4114 primas
1258 4044 1379 4098 illas
1397 4045 1805 4100 dissertationes
1835 4060 1970 4114 quas

399 4132 468 4187 de
494 4130 662 4187 Patre
682 4142 739 4187 et
767 4131 906 4187 Filio
936 4142 990 4189 et
1019 4134 1226 4203 Spiritu
1262 4118 1452 4189 sancto
1484 4134 1537 4187 in
1570 4134 1742 4189 initiis
1770 4150 1967 4192 secun-

397 4224 526 4278 dum
562 4224 707 4291 quod
760 4240 848 4281 res
894 4235 1233 4295 poposcerat,
1264 4228 1643 4297 exposuimus,
1675 4226 1849 4280 visum
1887 4235 1968 4282 est

2080 3130 2133 3195 in
2168 3130 2335 3185 caelos
2362 3131 2530 3201 magis
2556 3146 2719 3200 quam
2755 3143 2882 3187 ante
2924 3135 3211 3189 adventum
3253 3134 3370 3203 ejus
3401 3134 3646 3189 declare-

2080 3228 2187 3273 tur.
2213 3220 2383 3275 Antea
2408 3237 2638 3289 namque
2656 3206 2793 3278 'solis
2816 3225 3114 3293 prophetis,
3144 3233 3199 3278 et
3225 3224 3431 3293 paucis,
3455 3225 3500 3277 si
3524 3224 3645 3294 quis

2081 3309 2224 3365 forte
2276 3312 2329 3365 in
2383 3313 2577 3382 populo
2624 3317 2912 3371 meruisset
2943 3315 3095 3389 (50),
3149 3316 3349 3370 donum
3407 3315 3642 3385 Spiritus

2081 3408 2252 3461 sancti
2283 3406 2658 3477 prmbehatUr;
2691 3420 2813 3479 post
2861 3412 3149 3463 adventum
3184 3425 3311 3463 vero
3343 3409 3643 3464 Salvatoris

2079 3498 2341 3564 Scriptum
2391 3511 2477 3555 est
2522 3500 2877 3570 adimpletum
2912 3516 3033 3557 esse
3072 3502 3225 3564 illud,
3258 3502 3399 3569 quod
3437 3503 3640 3555 dictum

2078 3596 2162 3641 est
2214 3589 2268 3641 iu
2301 3590 2560 3658 prepheta
2593 3587 2743 3644 Joele
2771 3629 2785 3653 ,
2839 3592 2966 3658 quia
3026 3608 3043 3641 ι
3084 3592 3199 3645 Erit
3232 3594 3283 3646 in
3330 3594 3639 3647 novissimis

2077 3680 2302 3748 diebus,
2332 3692 2386 3736 et
2414 3682 2683 3737 effundam
2717 3685 2782 3738 de
2819 3685 3025 3754 Spiritu
3061 3701 3179 3739 meo
3200 3703 3373 3757 super
3424 3704 3638 3744 onmem

2076 3786 2318 3837 carnem,
2345 3782 2399 3827 et
2430 3775 2831 3844 prophetabunt
2858 3776 2903 3807 ⁸ο
2930 3794 2945 3843 ;
2982 3796 3000 3829 ›
3028 3778 3173 3846 quod
3210 3780 3397 3847 utique
3426 3779 3531 3832 tale
3557 3791 3639 3833 est

2075 3864 2217 3918 sicut
2242 3865 2372 3919 illud
2400 3868 2541 3933 quod
2563 3868 2673 3921 ait:
2705 3887 2724 3920 ι
2746 3866 2946 3924 Omnes
2972 3881 3158 3939 gentes
3180 3872 3422 3925 servient
3443 3872 3491 3925 ei
3522 3872 3595 3928 εί.
3614 3891 3630 3922 ι

2075 3953 2180 4007 Per
2212 3954 2444 4024 gratiam
2472 3954 2579 4025 93
2613 3969 2741 4025 ergo
2774 3956 3009 4027 Spiritus
3043 3961 3215 4013 sancti
3257 3975 3377 4014 cum
3417 3962 3635 4030 reliquis

2074 4044 2490 4113 quamplurimis
2535 4046 2701 4100 etiam
2738 4048 2868 4101 illud
2903 4050 3497 4119 magnificentissimum
3539 4055 3632 4107 de-

2074 4145 2428 4210 monstratur,
2455 4138 2595 4206 quod
2628 4152 2688 4191 ea
2716 4153 2835 4208 qua:
2866 4141 2917 4193 in
2952 4143 3230 4211 prophetis
3256 4143 3456 4211 scripta
3488 4156 3631 4210 sunt,

2072 4225 2155 4280 vel
2189 4226 2304 4297 lege
2335 4226 2528 4298 Moysi,
2556 4229 2710 4296 pauci
2758 4238 2909 4295 tunc,
2941 4230 2994 4284 id
3024 4240 3106 4284 est
3128 4232 3238 4303 (51)
3276 4233 3376 4300 ipsi
3402 4236 3635 4301 pr0phe-

394 4330 609 4371 rursum
635 4326 877 4386 repetere
902 4334 1000 4374 nos
1025 4318 1243 4386 debere,
1270 4328 1325 4374 et
1346 4319 1631 4375 ostendere
1654 4319 1796 4389 quod
1822 4318 1965 4373 Deus
1996 4342 2041 4399 ι)
2072 4326 2160 4382 ta),
2213 4329 2267 4373 et
2304 4319 2392 4373 vix
2425 4320 2594 4374 sicubi
2632 4336 2772 4376 unus
2805 4338 2870 4376 ex
2920 4324 3066 4376 omni
3116 4324 3313 4393 popqu
3371 4340 3633 4392 superare

392 4407 535 4462 idem
584 4419 732 4463 esset
765 4419 982 4464 creator
1010 4412 1216 4476 mundi,
1244 4419 1299 4466 et
1350 4410 1513 4466 Pater
1541 4410 1755 4466 Domini
1792 4409 1960 4464 nostri

389 4495 518 4553 Jesu
540 4497 766 4564 Christi,
785 4500 834 4554 id
856 4509 940 4554 est
960 4501 1094 4570 legis
1120 4514 1174 4556 et
1194 4502 1577 4572 prophetarum
1604 4512 1765 4572 atque
1787 4499 1965 4555 Evan-

464 4634 507 4665 ³²
528 4634 672 4703 Psal.
707 4652 968 4700 Lxxxvnt,
998 4640 1087 4703 5f,
1122 4641 1213 4694 52.
1289 4643 1333 4674 ³³
1360 4643 1476 4698 Col.
1513 4659 1597 4702 Ill,
1627 4645 1680 4699 '5.

390 4705 445 4759 9.
521 4702 567 4735 ³⁸
612 4704 652 4757 ll
716 4705 845 4761 Cor.
875 4724 927 4771 v,
958 4709 1039 4762 l6.

461 4842 575 4981 (24)
602 4843 677 4897 lla
709 4859 839 4900 mss.
874 4848 1041 4914 Alias,
1083 4867 1100 4900 ι
1143 4849 1364 4905 dicitur.
1404 4869 1422 4902 ι

485 4912 575 4981 25)
609 4914 699 4969 Sic
734 4931 863 4969 mss.
897 4917 1047 4970 Alias
1075 4959 1089 4981 ,
1149 4937 1168 4969 ί
1198 4919 1422 4981 judiceti

485 4912 575 4985 25)
609 4914 863 4985 δίοίῐηεε.
897 4912 1089 4983 Alias,
1149 4937 1168 4969 ί
1198 4919 1495 4985 judicetur.
1531 4940 1549 4972 ι
1588 4922 1791 4976 Ibidem
1829 4923 1959 4980 libb.

389 4982 567 5062 editi,
598 5000 645 5062 _i
676 4984 954 5053 signatum
1005 4982 1124 5043 esSe
1158 4982 1320 5062 supra
1379 4990 1636 5062 diximus.
1686 4992 1962 5048 Fortassis

390 5053 570 5131 etiam
595 5051 697 5131 hoc
731 5051 1279 5131 sensmn.....-sed_et
1319 5052 1717 5127 quamplurima
1753 5062 1858 5116 alia
1896 5065 1962 5118 de

392 5122 712 5188 Scripturis.
754 5141 772 5174 ι
803 5122 913 5177 Mss
941 5161 957 5188 ,
987 5143 1006 5175 ι
1038 5122 1399 5197 significatum
1435 5122 1579 5194 esse,
1608 5150 1627 5183 ›
1654 5140 1785 5198 etc.,
1819 5142 1877 5186 ut
1908 5133 1959 5187 in

392 5198 579 5243 nostro
621 5200 789 5244 textu.

461 5259 577 5329 (26)
610 5259 701 5342 Sic
733 5261 860 5316 hbb.
901 5264 1037 5318 editi
1058 5303 1072 5325 .
1104 5266 1309 5335 aliquot
1338 5281 1469 5323 vero
1500 5283 1631 5325 mss.
1660 5311 1677 5337 ,
1715 5289 1735 5324 ι
1774 5279 1833 5326 ut
1862 5271 1962 5326 ha-

390 5344 509 5384 ῘἪΙΙΙ
537 5343 720 5383 οηιηιυ
733 5346 803 5382 ιη.
837 5351 853 5383 1

427 5384 576 5480 ,(27)
595 5398 940 5481 Duos'aulem
971 5402 1201 5481 Spiritus
1234 5416 1441 5481 sanctos
1472 5424 1738 5481 nunquam
1773 5427 1961 5479 cogno-

390 5470 565 5539 rimus
589 5470 652 5521 ab
686 5470 863 5539 aliqua
896 5470 1203 5539 pra’dicari.
1233 5470 1792 5534 Contrarium'tamen
1823 5470 1959 5532 scri-

390 5540 510 5617 psit.
534 5536 797 5617 Origenes
834 5536 905 5617 ad
942 5543 1047 5617 Titi
1092 5560 1174 5609 Ill,
1227 5546 1316 5608 10,
1350 5546 1618 5617 referente
1679 5548 1958 5617 Pamphilo

392 5608 446 5662 in
480 5608 729 5677 .lpoiogia
753 5624 767 5660 :
802 5629 819 5661 ι
856 5610 962 5667 Sed
996 5624 1050 5667 el.
1081 5608 1205 5667 sunt
1254 5618 1343 5684 qui
1394 5616 1653 5684 Spiritum
1706 5608 1954 5673 sanctum

1760 4642 1869 4714 “_ll
1907 4642 2043 4714 Cor.
2075 4641 2285 4714 _x_m,»5.
2308 4642 2359 4714 ξ’
2389 4641 2516 4695 Luc.
2548 4659 2586 4707 ι,
2612 4644 2700 4697 55.
2775 4645 2820 4676 ⁸⁵
2842 4646 2972 4700 lleb.
3006 4662 3122 4714 vm,
3151 4648 3206 4706 5.

1118 4710 1160 4742 ”
1199 4709 1353 4764 Joan.
1408 4726 1522 4777 xlv,
1569 4711 1659 4766 26.
1730 4714 1776 4744 ⁵ο
1803 4712 1917 4767 Joel
1971 4728 2034 4778 ll,
2066 4712 2156 4767 28.

2070 4418 2287 4479 poterat
2326 4410 2660 4464 intellectum
2699 4427 3058 4481 corporeum,
3090 4424 3145 4467 et
3190 4420 3366 4483 majus
3405 4416 3630 4484 aliquid,

2072 4501 2123 4554 id
2158 4509 2240 4553 est
2270 4500 2515 4570 spiritale
2545 4502 2670 4570 quid
2702 4514 2913 4573 poterat
2945 4506 3245 4575 intelligere
3285 4509 3336 4560 in
3392 4506 3506 4576 lege
3551 4508 3631 4560 vel

3282 4649 3326 4681 ιτ
3362 4648 3461 4705 Job
3508 4598 3628 4715 viii:

2233 4714 2276 4743 ιι
2305 4711 2446 4766 Psal.
2472 4728 2621 4780 Lm,
2669 4715 2752 4770 ll.

2072 4854 2236 4926 alium
2272 4853 2491 4922 quidem
2542 4854 2728 4926 dicant
2776 4868 2902 4926 esse
2939 4856 3028 4924 qui
3082 4855 3264 4926 fuitin
3300 4856 3585 4926 prOphetis
3612 4895 3627 4918 .

2071 4924 2460 4993 alinmdautem
2494 4924 2583 4992 qui
2626 4925 2726 4978 fuit
2772 4924 2825 4977 in
2885 4928 3144 4993 apostolis
3178 4924 3419 4978 Domiui'
3453 4927 3624 4980 nostri

2068 4992 2195 5047 Jesu
2227 4991 2450 5045 Christi.
2484 4991 2700 5049 {Certe
2734 4991 2941 5048 canone
2974 4996 3268 5062 apostolico
3305 4995 3369 5049 41
3406 4999 3627 5049 damna-

2072 5071 2161 5114 tur
2189 5062 2279 5129 qui
2311 5063 2665 5129 baptizaverit
2695 5064 2746 5116 in
2782 5072 2891 5117 tres
2925 5064 3089 5118 Filios
3116 5075 3208 5119 aut
3238 5066 3287 5117 in
3324 5075 3433 5118 tres
3462 5064 3625 5118 Para-
3684 5074 3688 5079 '

2069 5131 2274 5193 cletos;
2310 5140 2366 5183 et
2388 5134 2562 5201 capite
2587 5134 2823 5185 secundo
2845 5135 3061 5186 concilii
3084 5134 3431 5188 Bracarensis
3460 5134 3619 5201 primi

2068 5200 2734 5273 anathematejeriuntur
2780 5201 3020 5256 Gnostici
3063 5206 3205 5273 quod
3239 5206 3291 5258 in
3341 5200 3622 5257 divinitate

2064 5268 2387 5322 Trinitatem
2416 5268 2700 5323 Trinitatis
2727 5281 3007 5337 ponerent.

2130 5337 2241 5407 (28)
2286 5339 2376 5407 Sic
2403 5353 2592 5393 omnes
2621 5341 2776 5391 codd.
2802 5355 2932 5393 mss.
2962 5342 3133 5407 Alias,
3171 5360 3189 5394 ι
3216 5342 3362 5397 mali.
3395 5359 3414 5394 ι

2132 5339 2219 5405 (28
2286 5339 2376 5391 Sic
2403 5353 2592 5393 omnes
2621 5341 2776 5391 codd.
2802 5355 2932 5393 mss.
2962 5342 3133 5407 Alias,
3171 5360 3189 5394 ι
3216 5342 3362 5397 mali.
3395 5359 3414 5394 ι

2132 5339 2243 5479 (“29)
2292 5406 2424 5479 Yide
2456 5408 2488 5461 l.
2524 5423 2563 5460 ιι
2598 5408 2906 5479 Origenian.
2933 5450 2946 5473 ,
2983 5427 3037 5479 q.
3071 5412 3126 5477 2,
3166 5429 3221 5467 n.
3246 5414 3313 5466 27
3344 5423 3398 5466 et
3420 5413 3513 5470 28.

2131 5477 2243 5555 (50)
2291 5477 2567 5555 Siciidem
2604 5492 2731 5533 mss.
2763 5477 2931 5543 Alias,
2971 5477 3069 5535 (si
3111 5485 3203 5551 qui
3239 5482 3381 5536 forte
3432 5487 3483 5541 in
3518 5499 3619 5555 po-

2056 5551 2182 5616 pulo
2219 5547 2560 5600 meruissent.
2596 5564 2614 5616 ι

2130 5615 2241 5686 (El)
2282 5616 2357 5669 lla
2390 5632 2517 5669 mss.
2551 5615 2719 5682 Alias,
2744 5636 2761 5669 ς
2792 5619 2969 5674 iidem.
3000 5638 3018 5671 ι
