4014 6142
347 226 449 287 ΞΠ

1642 227 1844 282 LIBER
1887 226 2276 286 SECUNDUS.

3498 234 3608 292 2l8

346 339 656 411 prophetis;
684 355 830 399 nunc
850 339 1358 399 autemlnnumerte
1383 351 1512 397 sunt
1544 344 1920 399 multitudines
1950 343 1994 398 Α
2026 339 2261 410 Spiritus
2301 349 2558 405 sanctus,
2596 339 2801 396 docens
2846 339 3052 409 majora
3100 355 3262 409 quam
3306 356 3437 396 voce
3482 359 3609 411 pro-

345 430 707 496 credentium,
739 432 831 500 qui
876 432 1004 487 licet
1036 447 1139 486 non
1170 447 1359 487 omnes
1408 433 1619 501 possint
1642 448 1738 501 per
1770 434 1919 487 ordi—

345 538 464 577 nem
496 530 664 591 atque
697 522 768 576 ad
814 522 1077 592 liquidum
1118 522 1382 592 spiritalis
1418 523 1788 594 intelligentiae
1817 540 1916 579 cx~

340 614 565 683 planare
595 616 1048 684 consequentiam
1077 615 1221 683 (52),
1260 623 1438 669 tamen
1475 630 1664 669 omnes
1691 632 1919 687 persua-

337 721 454 762 sum
509 707 717 761 habent
744 746 759 770 ,
789 707 935 775 quod
967 720 1139 775 neque
1182 706 1529 762 circumcisio
1560 708 1919 777 corporaliter

338 799 561 868 intelligi
622 800 819 855 debeat
874 814 1052 868 neque
1103 799 1271 855 otium
1298 798 1545 866 Sabbati,
1589 800 1671 853 vel
1698 802 1916 871 sangui-

246 938 249 941 .
337 892 416 944 nis
445 890 646 945 effusio
697 891 931 961 pecoris,
969 906 1143 959 neque
1177 892 1321 959 quod
1355 892 1421 946 de
1472 893 1556 947 his
1604 891 1771 963 Moysi
1830 908 1917 947 re-

334 996 534 1049 sponsa
570 983 831 1036 darentur
882 997 911 1035 a
945 983 1085 1037 Deo:
1119 983 1210 1050 qui
1244 984 1432 1051 utique
1458 998 1652 1038 sensus
1691 985 1913 1039 dubium

332 1087 434 1125 non
465 1081 553 1126 est
585 1073 732 1141 quod
767 1072 1006 1142 Spiritus
1034 1074 1211 1129 sancti
1254 1074 1455 1129 virtute
1486 1075 1742 1130 omnibus
1780 1091 1911 1147 sug-

329 1176 575 1232 geratur.

399 1256 452 1308 5.
503 1256 659 1310 Sicut
695 1265 872 1309 autem
908 1258 1060 1311 mnlti
1088 1268 1213 1313 sunt
1240 1258 1544 1313 intellectus
1570 1262 1637 1315 de
1664 1260 1911 1324 Christo,

328 1345 419 1413 qui
477 1346 669 1413 utique
705 1347 958 1415 quamvis
1008 1348 1276 1417 sapientia
1330 1351 1430 1413 sit,
1466 1364 1572 1402 non
1626 1361 1805 1403 tamen
1862 1352 1913 1402 in

326 1439 585 1491 omnibus
625 1438 903 1505 sapientia}
955 1439 1067 1507 agit
1128 1450 1220 1493 aut
1268 1440 1480 1492 obtinet
1519 1442 1667 1504 vim,
1713 1441 1814 1493 nisi
1861 1441 1913 1493 in

328 1532 415 1587 bis
446 1530 544 1594 qui
577 1530 629 1583 in
659 1532 775 1599 ipso
806 1530 1083 1597 sapientia:
1126 1532 1382 1585 student:
1436 1546 1611 1601 neque
1644 1548 1765 1586 cum
1799 1548 1915 1586 me-

324 1622 490 1675 dicus
526 1621 763 1684 dicatur,
797 1636 926 1687 erga
968 1635 1159 1674 omnes
1188 1620 1342 1688 quasi
1386 1621 1627 1674 medicus
1656 1621 1786 1690 agit,
1821 1621 1911 1674 sed

2027 431 2160 487 ferri
2200 432 2309 503 (54)
2349 441 2598 501 possunt,
2628 441 2702 499 et,
2739 441 2797 486 ut
2839 432 2910 485 ita
2954 431 3208 498 dixerim,
3240 447 3359 500 quae
3414 434 3601 488 inetia-

2028 523 2155 579 bilia
2189 533 2337 592 sunt,
2364 534 2420 578 et
2464 541 2483 575 t
2514 538 2632 591 quae
2666 539 2769 578 non
2806 522 2934 579 licet
2982 524 3189 579 homini
3222 525 3460 595 loqui“,
3492 546 3512 577 ι
3553 527 3605 583 id

2027 624 2112 669 est
2166 628 2289 682 qua:
2346 614 2576 669 indicari
2619 614 2855 668 humano
2890 628 3141 669 sermone
3193 631 3301 670 non
3354 625 3600 686 possunt.

2027 704 2179 770 Quod
2224 713 2404 759 autem
2452 706 2528 759 ait
2571 723 2589 754 t
2617 720 2722 758 non
2768 703 2916 770 licet,
2946 722 2963 756 ι
3010 721 3106 775 pro
3145 722 3209 762 eo
3252 711 3393 777 quod
3442 729 3461 761 ι
3495 722 3601 763 non

2028 803 2228 865 potest,
2263 812 2281 844 ι
2321 793 2521 847 dictum
2569 794 2830 849 sentimus
2868 795 2933 849 ab
2964 795 3241 864 Apostolo,
3278 798 3418 852 sicut
3445 808 3500 853 et
3528 797 3599 853 ibi

2028 882 2119 936 ubi
2152 884 2228 935 ait
2252 882 2401 953 (55):
2440 900 2458 931 ι
2492 883 2684 937 Omnia
2716 885 2847 938 mihi
2896 885 3089 949 licent,
3139 889 3232 942 sed
3284 904 3388 942 neu
3420 892 3601 944 omnia

2025 974 2361 1042 expediunt;
2394 978 2577 1026 omnia
2614 975 2745 1028 mihi
2787 975 2970 1039 licent,
3005 978 3098 1032 sed
3127 995 3231 1031 non
3262 982 3441 1033 omnia
3471 982 3600 1035 tedi-

2025 1065 2329 1127 iicant”.r
2380 1064 2453 1118 Ea
2508 1065 2652 1118 enim
2710 1083 2941 1137 quorum
2994 1078 3239 1135 potestas
3294 1072 3451 1125 nobis
3498 1081 3601 1135 est,

2027 1166 2246 1225 propter
2281 1158 2425 1225 quod
2472 1158 2678 1212 habere
2735 1174 2798 1212 ea
2850 1173 3175 1224 possumus,
3231 1161 3395 1216 licere
3449 1164 3606 1217 nobis

2023 1240 2182 1302 dicit.
2220 1249 2541 1304 Paraclelus
2572 1264 2701 1303 vero
2742 1250 2886 1317 quod
2941 1250 3140 1303 dicitur
3189 1253 3426 1320 Spiritus
3476 1270 3604 1308 san-

2024 1350 2164 1401 etus,
2203 1355 2229 1391 a
2266 1342 2642 1394 consolatione
2674 1342 2892 1394 dicitur.
2925 1340 3223 1397 Paraclesis
3248 1346 3389 1398 enim
3413 1345 3603 1401 Latine

2024 1429 2326 1483 consolatio
2377 1430 2703 1498 appellatur.
2737 1430 2791 1485 Si
2829 1431 2949 1499 quis
2999 1447 3232 1497 namque
3284 1432 3348 1487 de
3399 1434 3601 1502 Spiritu

2023 1530 2213 1575 sancto
2254 1523 2582 1590 participare
2628 1525 2921 1585 meruerit,
2971 1524 3200 1592 cognitis
3240 1523 3602 1582 inetiabilibus

2026 1615 2386 1667 sacramentis
2428 1615 2857 1668 consolationem
2892 1617 3009 1671 sine
3058 1617 3222 1671 dubio
3258 1626 3315 1671 et
3359 1617 3600 1672 Lt-titiam

323 1729 450 1783 erga
488 1713 608 1767 illos
636 1722 845 1766 tantum
869 1714 960 1781 qui
984 1712 1321 1781 azgritudinis
1347 1726 1457 1765 suae
1495 1712 1768 1766 intellecto
1797 1713 1917 1764 lan-
1950 1693 1990 1750 Β
2022 1706 2204 1759 cordis
2247 1709 2498 1762 assamit.
2538 1710 2671 1763 Cutn
2722 1711 2866 1763 enim
2909 1709 3145 1763 rationes
3190 1712 3430 1764 ontnium
3484 1727 3602 1780 quae

324 1817 501 1870 gnere
533 1800 847 1872 coafugiunt
874 1803 939 1854 ad
973 1801 1401 1856 miscricordiam
1449 1801 1586 1869 ejus,
1621 1812 1678 1854 ut
1711 1804 1921 1868 possint

323 1894 596 1962 consequi
637 1894 967 1959 sanitatem;
1012 1894 1083 1947 ita
1126 1893 1365 1946 arbitror
1404 1894 1568 1947 etiam
1611 1894 1677 1946 de
1709 1894 1923 1963 Spiritu

322 1992 519 2038 sancto
550 1984 600 2037 in
624 1999 732 2050 quo
754 1986 933 2038 omnis
957 1992 1041 2038 est
1067 1995 1259 2037 natura
1291 1986 1733 2040 donorum.A|iis
1763 2002 1917 2039 nam-

318 2090 427 2145 que
462 2076 742 2144 praebetttr
774 2090 869 2142 per
902 2074 1163 2143 Spiritum
1214 2091 1395 2130 sermo
1430 2078 1751 2146 sapientiae,
1794 2079 1916 2133 aliis

319 2180 514 2220 sermo
542 2166 805 2231 scientiae,
825 2168 947 2223 aliis
981 2168 1110 2222 [idos
1138 2167 1205 2233 ι’,
1236 2175 1291 2219 et
1329 2166 1399 2219 ita
1435 2184 1532 2237 per
1558 2170 1802 2240 singulos
1819 2170 1911 2239 qui

319 2272 446 2311 eum
491 2273 685 2326 capere
720 2269 969 2327 possunt,
1009 2260 1112 2313 hoc
1146 2259 1401 2325 eliicitur,
1439 2263 1522 2316 vel
1567 2263 1671 2318 hoc
1712 2264 1912 2317 intelli-

319 2346 478 2416 gitur
508 2349 620 2415 ipse
653 2348 910 2417 Spiritus,
941 2366 1050 2420 quo
1077 2352 1283 2421 indiget
1328 2353 1414 2407 ille
1445 2353 1534 2421 qui
1574 2369 1696 2407 eum
1733 2357 1909 2423 parti-

317 2438 514 2508 ciparc
541 2442 822 2496 meruerit.
838 2442 985 2508 Quas
1008 2443 1308 2496 divisiones
1341 2458 1405 2497 ac
1441 2445 1774 2501 diITereutias
1804 2464 1909 2501 non

315 2531 683 2586 atlvertentes
728 2534 785 2586 hi
834 2536 923 2599 qui
968 2549 1091 2587 eum
1138 2534 1482 2591 Paracletum
1523 2539 1573 2590 in
1616 2538 1913 2606 Evangelio

313 2622 561 2674 audiunt
586 2622 877 2687 nominari,
905 2636 1081 2691 neque
1100 2625 1512 2680 considerantes
1532 2642 1597 2681 ex
1622 2642 1731 2694 quo
1752 2643 1915 2695 opere

313 2712 410 2765 vel
448 2720 572 2763 actu
608 2709 923 2767 Paracletus
954 2715 1291 2777 nominetur,
1324 2716 1526 2771 vilibus
1565 2732 1690 2771 eum
1731 2722 1918 2775 nescio

314 2801 530 2871 quibus
552 2802 835 2870 spiritibus
890 2817 1299 2873 compararunt,
1329 2821 1384 2863 et
1421 2824 1517 2878 per
1554 2810 1655 2864 hoc
1689 2820 1918 2865 contur-

318 2894 462 2950 bare
488 2893 669 2946 conati
697 2904 822 2948 sunt
869 2895 1145 2971 Ecclesias
1186 2896 1412 2964 Christi,
1469 2900 1539 2952 ita
1593 2911 1651 2954 ut
1698 2902 1909 2956 dissen-

319 2986 511 3041 siones
551 2983 811 3041 fratribus
849 3002 956 3040 non
1004 2989 1247 3043 modicas
1278 3000 1623 3057 generarent.
1665 2992 1913 3063 Evange-
1942 3024 1984 3081 α

318 3078 457 3130 lium
482 3092 613 3132 vero
648 3086 810 3132 tanta:
840 3094 964 3133 eum
998 3083 1251 3148 potentia
1290 3096 1355 3137 ac
1386 3084 1686 3151 maiestatis
1727 3097 1910 3142 osten-

322 3170 433 3233 dit,
467 3178 527 3222 ut
577 3171 722 3223 dicat
753 3177 1030 3241 apostolos
1072 3190 1175 3227 non
1217 3191 1377 3244 posse
1408 3193 1606 3245 capere
1639 3180 1817 3234 adhuc
1846 3197 1907 3234 ea

320 3275 448 3329 quae
470 3261 682 3314 volebat
722 3263 921 3317 docere
963 3280 1058 3319 eos
1098 3264 1371 3332 Salvator,
1417 3268 1523 3324 nisi
1573 3285 1695 3323 cum
1738 3272 1909 3325 adve-

324 3352 464 3404 nerit
499 3351 614 3422 (55)
644 3351 878 3420 Spirittts
906 3365 1145 3421 sanctus,
1180 3360 1357 3427 quise
1392 3376 1583 3415 eorum
1619 3364 1909 3418 animabus

325 3443 619 3497 infundens
649 3445 957 3501 illuminare
1005 3463 1099 3502 eos
1141 3451 1311 3517 possit
1349 3452 1415 3505 de
1451 3453 1659 3507 ratione
1697 3469 1761 3507 ac
1806 3455 1910 3509 llde

300 3533 637 3591 ‘Triuitatis.
684 3537 775 3590 lsti
811 3553 941 3591 vero
988 3555 1085 3607 pro
1136 3541 1413 3609 imperitia
1460 3544 1541 3599 sui
1578 3544 1907 3609 intellectus,

327 3624 455 3690 quia
491 3640 599 3678 non
630 3626 804 3681 solum
835 3627 934 3695 ipsi
979 3628 1123 3696 quod
1158 3639 1363 3683 rectum
1392 3640 1477 3685 est
1510 3644 1911 3700 consequenter

328 3732 436 3770 non
493 3715 677 3771 valent
719 3732 1016 3786 exponere.
1065 3719 1159 3773 sed
1210 3734 1277 3773 ne
1327 3720 1414 3775 his
1455 3721 1673 3789 quidem
1709 3737 1830 3789 qua:
1879 3738 1911 3775 a

330 3810 490 3863 nobis
537 3809 825 3875 dicuntur,
872 3820 1100 3879 possunt
1146 3812 1480 3867 audientiam
1522 3815 1907 3879 commodare,

329 3903 543 3956 minora
575 3918 736 3972 quam
792 3905 1015 3975 dignum
1063 3918 1150 3959 est
1182 3907 1248 3961 de
1295 3907 1412 3975 ejus
1452 3906 1737 3961 divinitate
1782 3924 1909 3962 sen—

331 3996 555 4059 tientes,
594 3998 873 4051 erroribus
900 4014 958 4052 se
991 4013 1055 4051 ac
1092 3998 1506 4069 deceptiouibus
1548 4000 1906 4061 tradiderunt,

330 4089 572 4143 erratico
624 4090 798 4157 magis
870 4089 1067 4156 spiritu
1123 4089 1449 4159 depravati,
1502 4106 1667 4158 quam
1735 4092 1907 4145 sancti

331 4178 569 4247 Spiritus
622 4179 1056 4233 institutionibus
1119 4181 1355 4244 eruditi,
1406 4183 1703 4238 secundum
1765 4183 1908 4250 quod

330 4268 624 4338 Apostolus
667 4271 843 4326 dixit:
880 4289 897 4321 ι
934 4270 1246 4324 Doctriuam
1283 4271 1567 4338 Spirituum
1614 4273 1909 4327 daemonio-

2025 1798 2182 1860 liunt,
2233 1814 2404 1865 quare
2460 1801 2538 1853 vel
2585 1804 2824 1870 qualiter
2862 1805 3022 1869 liant,
3074 1802 3275 1870 Spiritu
3323 1800 3605 1858 indicante

2022 1890 2363 1957 cognoverit,
2401 1890 2452 1942 in
2507 1891 2652 1943 nullo
2695 1893 2879 1961 utique
2925 1894 3238 1946 conturbari
3276 1895 3391 1960 ejus
3417 1896 3597 1949 anima

2021 1980 2241 2051 poterit,
2274 1990 2366 2033 aut
2415 1980 2580 2033 ullum
2619 1996 2838 2036 sensum
2885 1985 3140 2038 maeroris
3170 1984 3281 2054 (56)
3314 1986 3597 2054 accipere;

2022 2087 2118 2125 nec
2151 2073 2201 2123 in
2229 2072 2408 2139 aliquo
2442 2081 2697 2139 terretur,
2718 2088 2839 2127 cum
2886 2072 3059 2128 Verbo
3109 2076 3207 2128 Dei
3239 2085 3293 2130 et
3320 2076 3599 2145 sapientia:

2028 2165 2148 2232 ejus
2198 2163 2493 2228 inliterens,
2552 2165 2836 2219 Dominum
2891 2164 3072 2221 Jcsutn
3124 2166 3340 2221 dicitin
3394 2169 3599 2236 Spiritu

2016 2269 2205 2310 sancto
2231 2254 2365 2327 (57).
2394 2255 2589 2311 Verum
2617 2258 2881 2327 quoniam
2903 2258 3171 2313 Paracleti
3201 2260 3426 2314 fecimus
3449 2276 3600 2314 men-

2019 2351 2241 2412 tionem,
2281 2358 2333 2403 et
2365 2366 2463 2419 pro
2491 2351 2697 2406 viribus
2731 2351 2932 2405 nostris
2953 2352 3187 2419 qualiter
3221 2353 3286 2406 de
3313 2368 3378 2406 eo
3408 2354 3597 2407 sentiri

2018 2441 2230 2499 debeat,
2266 2442 2658 2509 exposuimus;
2711 2442 2908 2495 dicitur
2942 2451 3122 2494 autem
3152 2442 3317 2495 etiam
3348 2443 3599 2498 Salmlor

2019 2542 2203 2584 noster
2240 2531 2556 2586 Paracletus
2608 2534 2657 2586 in
2710 2532 2945 2600 Epistola
2984 2531 3208 2588 Joannis
3247 2550 3370 2588 cum
3425 2537 3595 2591 dicit:

2024 2639 2040 2669 ι
2067 2621 2124 2672 Si
2153 2621 2277 2687 quis
2312 2632 2555 2673 nostrum
2596 2623 2924 2688 peccaverit,
2960 2620 3300 2678 Paracletutn
3340 2626 3603 2682 habemus

2020 2713 2159 2779 apud
2188 2710 2399 2762 Putrem
2426 2710 2609 2764 Jcsutn
2633 2710 2906 2777 Christum
2929 2716 3155 2783 justum,
3177 2728 3230 2770 et
3253 2718 3364 2785 ipse
3386 2728 3466 2771 cst
3486 2717 3598 2787 (58)

2019 2801 2332 2869 propitiatio
2373 2815 2468 2866 pro
2516 2802 2755 2867 peccatis
2802 2806 3097 2871 noStris“;
3132 2826 3150 2857 ι
3187 2809 3601 2863 consideremus

2020 2910 2086 2946 ne
2120 2893 2260 2946 forte
2278 2892 2420 2945 aliud
2453 2893 2539 2946 hic
2568 2892 2844 2957 signiticet
2874 2896 2985 2951 hinc
3012 2898 3305 2967 appellatio
3328 2898 3597 2953 Paracleti

2019 2988 2084 3042 de
2116 2986 2420 3053 Salvatore,
2449 2985 2591 3038 aliud
2625 2987 2690 3039 tle
2726 2984 2930 3054 Spiritu
2958 3000 3169 3045 sancto.
3207 2992 3429 3046 Videtur
3451 2992 3596 3046 enim

2021 3079 2086 3133 de
2111 3078 2394 3132 Salvatore
2432 3077 2747 3132 Paracletus
2782 3080 2884 3130 dici
2921 3081 3264 3148 deprecator.
3298 3083 3600 3152 Utrumque

2018 3172 2162 3224 enim
2202 3170 2473 3241 signiﬁcat
2531 3171 2582 3223 in
2627 3169 2819 3227 Grieco
2862 3172 3194 3239 Paracletus,
3246 3189 3301 3229 et
3334 3178 3597 3243 depreca-

2021 3273 2229 3329 torem,
2276 3274 2330 3318 et
2382 3266 2802 3322 consolatorem.
2859 3267 3083 3335 Propter
3137 3283 3261 3319 eum
3313 3282 3443 3335 ergo
3503 3269 3597 3336 qui

2017 3356 2370 3425 subsequitur
2422 3372 2752 3423 sermonem,
2790 3374 2895 3427 quo
2929 3360 3005 3411 ait
3044 3376 3059 3412 :
3094 3376 3110 3408 ι
3138 3357 3203 3412 Et
3247 3358 3360 3427 ipse
3393 3369 3474 3412 est
3510 3374 3602 3412 re-

2018 3447 2336 3516 propitiatio
2372 3463 2470 3516 pro
2506 3453 2744 3516 peccatis
2775 3450 3000 3515 nostris,
3037 3469 3054 3500 ι
3093 3451 3266 3520 magis
3304 3452 3355 3505 in
3402 3450 3595 3505 Salva-

2022 3547 2137 3591 tore
2166 3554 2360 3593 nomen
2386 3538 2651 3593 Paraeleti
2685 3555 2782 3608 pro
2808 3542 3161 3611 deprecatore
3190 3544 3596 3611 intelligendum

2018 3631 2266 3694 videtur;
2307 3632 2589 3699 deprecari
2638 3634 2783 3686 enim
2825 3633 3039 3687 Patrem
3089 3652 3186 3703 pro
3234 3636 3471 3702 peet-atis
3502 3651 3591 3690 no-

2020 3722 2280 3790 stris(59)
2307 3723 2532 3776 dicitur.
2563 3724 2635 3777 De
2662 3724 2872 3792 Spiritu
2901 3734 3092 3777 sancto
3121 3724 3434 3780 Paracletus
3463 3742 3597 3781 cono

2018 3814 2221 3867 solator
2251 3812 2364 3883 (40)
2398 3813 2563 3867 debet
2593 3815 2816 3885 intelligi
2854 3832 2951 3885 pro
2991 3832 3056 3871 eo
3090 3817 3233 3886 quod
3268 3817 3595 3872 consolatio-

2019 3921 2143 3959 nem
2180 3914 2401 3974 prwstat
2430 3906 2749 3973 animabus,
2779 3909 2975 3977 quibus
3004 3917 3189 3979 aperte
3227 3909 3429 3965 revelat
3464 3925 3596 3965 sen-

2019 4012 2138 4053 sum
2173 3999 2415 4053 scientize
2442 4001 2724 4069 spiritalis.

2602 4115 2829 4169 CAPUT
2876 4114 3007 4169 VIII.

2653 4186 2725 4238 De
2754 4187 2953 4237 anima.

2088 4279 2140 4332 1.
2196 4278 2324 4332 Post
2380 4280 2494 4331 lucc
2540 4275 2652 4341 jam
2688 4275 2821 4327 ordo
2867 4274 3111 4341 deposcit
3165 4288 3264 4327 nos
3316 4272 3482 4326 etiam
3529 4273 3597 4326 de

331 4377 447 4415 rum
490 4373 777 4432 sequentes
823 4363 1230 4431 prohibentium
1275 4364 1481 4417 nubere
1524 4366 1591 4419 ad
1629 4367 1907 4421 interitum

2024 4374 2195 4426 anima
2252 4373 2585 4441 generaliter
2650 4368 2963 4434 inquirere,
3017 4377 3073 4421 et
3130 4367 3199 4420 ab
3243 4364 3593 4420 inferioribus

330 4463 385 4508 et
416 4455 629 4508 ruinam
665 4454 977 4518 multorum,
1014 4464 1070 4509 et
1113 4456 1421 4525 importune
1467 4471 1527 4511 se
1573 4459 1846 4514 abstinere
1878 4475 1907 4515 a

330 4544 487 4609 cibis,
537 4554 596 4598 ut
656 4560 752 4614 per
804 4546 1226 4601 ostentationem
1261 4546 1494 4602 acrioris
1537 4547 1902 4607 observantia:

331 4634 596 4689 seducant
622 4636 838 4690 animas
869 4636 1220 4691 innocentum
1244 4636 1314 4694 ⁸³.
1346 4657 1367 4690 ι

400 4726 455 4779 4.
497 4725 725 4793 Oportet
772 4743 905 4797 ergo
954 4742 1055 4783 nos
1099 4728 1240 4782 scire
1288 4729 1414 4796 quia
1471 4718 1791 4789 Paracletus
1825 4745 1905 4793 est

333 4956 358 5011 1
401 4887 505 5011 gl
549 4886 781 4956 Comm,
806 4887 861 4943 8.
936 4888 981 4921 ⁸³
1032 4889 1053 4944 l
1102 4888 1242 4943 Tim.
1306 4906 1381 4960 tv,
1438 4891 1490 4957 I,
1520 4890 1577 4945 2.

401 5101 513 5171 (52)
557 5102 649 5159 Sic
692 5120 822 5160 mss.
853 5103 1023 5168 Alias,
1057 5122 1076 5155 ι
1100 5117 1275 5173 neque
1316 5106 1383 5161 ad
1414 5106 1774 5177 liquidum...
1810 5123 1907 5164 ex-

330 5170 533 5243 plicare
558 5178 1027 5243 consequentiam.
1057 5194 1074 5224 ι

402 5242 512 5314 (55)
554 5242 711 5298 Libb.
750 5242 899 5309 editi,
933 5264 951 5297 ι
987 5245 1286 5300 adveniret.
1316 5264 1333 5296 ι
1368 5243 1474 5298 Sed
1512 5260 1698 5303 omnes
1747 5264 1904 5315 mss.,

336 5327 356 5362 ι
382 5315 678 5367 advenerit.
712 5334 731 5364 ι

402 5382 511 5454 (54)
552 5382 815 5451 Proferri.
846 5383 922 5437 Ita
960 5393 1109 5439 recte
1145 5400 1273 5439 mss.
1308 5384 1478 5446 Alias,
1513 5403 1531 5436 ‹
1560 5386 1697 5439 fieri.
1724 5406 1745 5439 ι
1782 5388 1899 5441 Mox

336 5464 485 5526 mss.,
521 5469 825 5526 tquaenon
856 5455 1221 5526 licetgltomini
1252 5455 1416 5523 loqui.
1457 5470 1475 5505 ι
1514 5455 1569 5509 In
1604 5458 1768 5511 editis
1808 5474 1903 5526 pro

339 5537 357 5569 ι
391 5522 617 5587 homini,
646 5543 665 5576 ι
703 5524 922 5592 legitur,
951 5541 969 5573 ι
997 5522 1369 5577 hominibus.»

424 5592 513 5657 55)
554 5593 707 5656 Mss.,
746 5594 860 5647 tibi
895 5594 983 5645 ubi
1013 5595 1110 5646 ait.
1142 5613 1161 5645 ι
1195 5594 1359 5657 Alias,
1384 5615 1401 5647 ι
1426 5596 1553 5652 alibi
1584 5596 1676 5651 ait.
1710 5615 1728 5646 ι

424 5592 493 5655 55
554 5593 707 5656 Mss.,
746 5594 860 5647 tibi
895 5594 983 5645 ubi
1013 5595 1110 5646 ait.
1142 5613 1161 5645 ι
1195 5594 1359 5657 Alias,

358 5698 363 5703 η
403 5592 513 5731 inti;
553 5664 643 5717 Sic
679 5678 808 5717 mss.
836 5662 1005 5729 Alias,
1037 5681 1055 5715 ‹
1083 5663 1316 5718 timoris.
1346 5685 1362 5715 ι

1653 4892 1700 4925 “
1750 4894 1795 4948 ll
1871 4896 2000 4953 Cor.
2037 4917 2135 4967 xu,
2173 4898 2226 4955 4.

2021 4461 2344 4529 incipientes
2377 4460 2443 4513 ad
2469 4458 2749 4526 superiora
2782 4456 3173 4511 conscendere.
3196 4456 3329 4511 Esse
3357 4470 3592 4524 namque

2016 4553 2227 4607 animas
2259 4554 2310 4605 itt
2357 4549 2583 4618 singulis
2612 4548 2918 4617 quibusque
2946 4548 3288 4615 animalibus,
3340 4548 3503 4601 etiam
3539 4550 3590 4600 in

2016 4648 2102 4702 bis
2135 4662 2254 4714 qua:
2290 4647 2339 4698 in
2372 4644 2527 4712 aquis
2560 4643 2783 4712 degunt,
2815 4656 2843 4694 a
2876 4642 3021 4694 nullo
3050 4642 3288 4696 arbitror
3333 4639 3588 4694 dubitari.

2014 4739 2147 4793 Nam
2183 4748 2237 4793 et
2264 4735 2376 4807 94
2412 4736 2717 4789 communis
2749 4734 2990 4788 omnium
3032 4734 3136 4788 hoc
3170 4741 3353 4787 servat
3384 4732 3589 4801 opinio,

2352 4898 2395 4928 ⁸⁵
2468 4893 2740 4957 ICor.x,
2781 4894 2873 4960 2‘2,
2916 4893 3006 4947 25.
3095 4893 3138 4924 “
3196 4890 3217 4944 Ι
3311 4890 3467 4947 Joan.
3528 4908 3585 4957 ιι,

2087 5104 2197 5177 (57)
2239 5103 2451 5157 Sancto.
2505 5101 2667 5156 Deest
2714 5100 2765 5153 in
2799 5109 2956 5153 antea
2997 5100 3179 5163 editis,
3218 5099 3313 5155 sed
3362 5098 3591 5155 habetur

2014 5193 2311 5316 ωῶξῗᾟθ
2344 5258 2476 5298 mss.
2518 5242 2687 5316 Alias,
2728 5260 2747 5292 ι
2774 5242 2913 5312 apud
2946 5239 3163 5295 Patrem
3200 5249 3470 5302 nostrum,
3500 5237 3589 5293 Je-

2012 5314 2130 5374 sutn
2156 5314 2445 5374 Christum,
2477 5322 2531 5366 et
2560 5314 2673 5380 ipse
2710 5321 2811 5366 est.
2838 5332 2856 5364 ι

2084 5384 2195 5458 (59)
2243 5384 2496 5458 Sicmss.
2541 5376 2711 5458 Alias,
2760 5400 2780 5433 ι
2815 5383 3147 5449 deprecatur
3173 5377 3315 5432 enim
3370 5376 3588 5431 Patrem

2011 5453 2114 5525 pro
2150 5453 2387 5521 peccatis
2418 5453 2648 5525 nostris.
2684 5472 2702 5503 ι

2081 5514 2193 5595 (40)
2234 5522 2565 5595 (ἱοιιεοζᾳιον.
2602 5522 2763 5576 Deest
2792 5520 2843 5573 in
2878 5527 3041 5595 antea
3072 5517 3251 5579 editis,
3287 5515 3380 5571 sed
3418 5514 3591 5595 liabe-

2014 5586 2103 5649 tur
2140 5586 2192 5650 in
2228 5610 2356 5649 mss.
2411 5592 2528 5644 Mox
2581 5605 2736 5653 mss.,
2786 5608 2804 5641 ι
2831 5590 3029 5656 quibus
3070 5597 3260 5653 aperte
3300 5586 3530 5642 revelat.
3559 5598 3591 5641 υ

2008 5665 2170 5723 Libb.
2204 5665 2357 5728 editi,
2396 5681 2411 5712 ι
2439 5663 2637 5729 quibus
2673 5662 2845 5728 aperit
2871 5668 2923 5711 et
2958 5658 3184 5711 revelat.
3212 5674 3230 5707 ι
