4014 6142
396 239 503 294 εις)

1633 247 1951 302 ΟΒΙΟΕΧΙΒ
1992 248 2147 300 ΠΕΡΙ
2184 248 2413 300 ΛΡΧΩΝ

3546 234 3655 302 eeo

393 346 822 414 et'eonllrmatio
858 370 1060 415 sanctm
1097 361 1392 430 Scripturae
1437 361 1779 416 auctoritatis
1813 377 1971 416 acce-
2005 366 2048 420 A
2079 361 2203 413 item
2236 360 2361 413 alibi
2392 377 2404 414 :
2447 377 2465 410 ι
2494 358 2818 414 Ncom'cuias
2845 346 3053 415 vestras
3084 369 3134 414 et
3162 361 3388 416 sabbata
3417 349 3470 415 et
3506 364 3648 418 diem

395 443 499 506 dit,
536 459 660 500 cum
691 448 915 514 di‘citur,
959 451 1082 518 quia
1122 467 1140 499 ε
1168 450 1289 502 fecit
1351 451 1490 504 Deus
1543 461 1694 505 cetos
1727 467 1970 522 magnos,

399 543 455 585 et
505 549 718 588 onmem
777 538 1012 589 animam
1060 538 1418 590 animantium
1473 543 1811 607 repentium,
1855 556 1974 607 quae

410 624 788 691 produxerunt
818 642 966 694 aqua:
997 628 1289 680 secundum
1325 643 1492 696 genus
1529 644 1714 682 eorum
1738 629 1806 683 -".
1839 649 1856 681 ι
1895 630 1972 683 Ex

397 718 674 770 communi
731 733 858 771 vero
923 720 1152 773 rati0nis
1208 721 1563 791 intelligentia
1621 723 1974 779 conﬁrmatur

395 808 560 861 etiam
593 810 659 862 ab
705 811 786 862 his
815 811 906 878 qui
941 812 1316 868 deﬁnitionem
1359 819 1556 870 anima:
1595 819 1759 872 certis
1789 819 1972 872 deter-

399 899 610 952 minant
637 901 835 953 verbis.
868 902 1134 956 Definitur
1161 921 1394 973 namque
1427 908 1608 961 anima
1655 909 1755 962 hoc
1790 911 1968 977 modo,

393 991 521 1058 quia
566 991 634 1043 sit
663 992 961 1045 substantia
999 999 1335 1069 φανταστικὴ
1384 1008 1438 1051 et
1484 1002 1791 1073 ὀρμητική,
1826 1005 1972 1071 quod

394 1081 619 1146 Latine,
675 1082 803 1136 licet
857 1100 960 1137 non
1013 1095 1122 1138 tam
1185 1090 1402 1158 proprie
1454 1093 1814 1158 explanetur,
1865 1094 1970 1147 dici

393 1177 573 1224 tamen
601 1179 779 1240 potest
841 1176 1116 1231 sensibilis
1161 1190 1217 1232 et
1273 1180 1507 1237 mobilis.
1563 1183 1714 1247 Quod
1787 1185 1971 1254 utique

391 1265 645 1318 convenit
676 1267 840 1319 etiam
868 1269 934 1323 de
969 1272 1219 1327 omnibus
1264 1275 1589 1330 animalibus
1627 1278 1754 1342 diei,
1796 1289 1850 1333 et
1886 1280 1971 1334 his

390 1366 513 1420 quae
543 1356 595 1408 in
646 1359 803 1425 aquis
833 1359 1070 1429 degunt;
1112 1365 1204 1418 sed
1239 1375 1292 1420 et
1339 1368 1392 1420 in
1427 1369 1741 1426 volucribus
1777 1371 1969 1425 eadem

392 1443 640 1500 deﬁnitio
691 1449 886 1503 anima:
937 1454 1323 1509 convenienter
1373 1460 1702 1513 ostenditur.
1747 1461 1970 1513 Addidit

391 1549 527 1590 sane
558 1535 842 1606 Scriptura
881 1541 1044 1594 etiam
1076 1544 1304 1600 alterius
1345 1551 1632 1603 sententia:
1663 1552 1966 1604 auctorita-

395 1635 540 1692 tem,
594 1643 716 1682 cum
748 1630 922 1685 dicit:
972 1651 990 1684 ι
1021 1631 1138 1707 Non
1178 1639 1577 1694 manducabitis
1621 1641 1966 1712 sanguinem,

391 1717 518 1782 quia
561 1719 740 1772 anima
792 1723 956 1778 totius
1000 1725 1184 1780 carnis
1218 1729 1439 1797 sanguis
1482 1729 1598 1798 ejus
1641 1740 1746 1796 est,
1778 1741 1832 1787 et
1861 1749 1967 1787 non

392 1807 791 1866 manducabitis
848 1814 1084 1867 animam
1129 1832 1252 1870 eum
1287 1821 1545 1876 carnibus
1570 1822 1644 1889 ‘3;
1681 1842 1702 1875 ι
1752 1826 1804 1877 in
1860 1840 1969 1893 quo

389 1899 803 1955 evidentissima
839 1907 1156 1973 sanguinem
1207 1910 1448 1963 omnium
1496 1913 1812 1968 animalium
1851 1917 1969 1970 aui-

391 2005 534 2044 mam
588 2007 772 2046 eorum
809 2010 930 2051 esse
980 1998 1246 2067 designat.
1297 1999 1415 2055 Jam
1447 2018 1576 2058 vero
1630 2006 1674 2058 si
1725 2008 1848 2074 quis
1887 2023 1971 2063 re-

389 2083 592 2150 quirat,
623 2089 894 2154 quomodo
933 2092 1172 2144 animam
1206 2094 1388 2147 omnis
1418 2097 1600 2150 carnis
1639 2101 1967 2168 sanguinem

385 2175 504 2244 ejus
527 2191 649 2230 esse
672 2178 830 2247 dixit,
860 2182 926 2236 de
961 2183 1177 2251 apibus,
1210 2185 1413 2254 vespis,
1445 2195 1499 2241 et
1521 2187 1784 2252 formicis,
1823 2200 1876 2245 et
1903 2194 1969 2246 de

388 2265 476 2319 bis
522 2283 641 2336 quae
691 2270 744 2323 in
799 2273 954 2339 aquis
988 2285 1156 2341 sunt,
1193 2279 1422 2340 ostreis,
1484 2288 1537 2332 et
1584 2281 1862 2350 cochleis,
1916 2292 1970 2338 et

385 2371 728 2427 quaecunque
774 2371 901 2416 sunt
930 2365 1033 2417 alia
1061 2365 1174 2434 (41)
1211 2383 1331 2434 qua
1372 2381 1560 2424 carent
1593 2376 1851 2441 sanguine
1871 2414 1885 2437 ,
1915 2384 1969 2429 et

387 2463 511 2505 esse
575 2453 873 2508 animantia
959 2457 1407 2514 manifestissime
1481 2462 1965 2530 demonstrantur;

389 2543 825 2608 respondendum
863 2556 982 2611 est,
1017 2551 1273 2616 quoniam
1321 2551 1374 2604 iu
1424 2551 1800 2619 hujuscemodi
1851 2558 1969 2609 ani-

389 2633 663 2688 mantibus
685 2650 844 2703 quam
871 2637 924 2691 in
961 2641 1174 2694 cmteris
1197 2640 1304 2693 vim
1328 2643 1486 2696 habet
1513 2644 1658 2698 rubri
1688 2648 1968 2714 sanguinis

385 2723 560 2791 vigor,
616 2725 754 2781 hanc
786 2728 891 2780 vim
949 2730 1162 2784 obtinet
1211 2731 1264 2785 in
1310 2733 1430 2787 istis
1479 2734 1673 2788 humor
1722 2737 1821 2791 iste
1871 2739 1965 2807 qui

385 2815 527 2870 inest
556 2816 610 2871 in
645 2819 764 2882 eis,
813 2819 938 2874 licet
984 2821 1208 2878 alterius
1241 2825 1311 2879 sit
1346 2817 1580 2890 coloris,
1626 2827 1760 2881 nihil
1820 2831 1965 2883 enim

385 2909 670 2979 refertqui
697 2912 769 2966 sit
793 2914 964 2980 color,
993 2916 1287 2972 dummodo
1323 2919 1628 2972 substantia
1663 2920 1733 2973 sit
1759 2921 1964 2974 vitalis.

2079 469 2332 520 magnum
2364 461 2641 520 acceptum
2690 468 2793 504 non
2831 452 3024 506 habeo.
3060 451 3272 520 Jejunia
3309 462 3363 507 et
3395 454 3563 509 ferias
3593 467 3649 509 et

2077 542 2194 594 dies
2235 541 2404 595 festos
2437 553 2644 595 vestros
2685 543 2801 595 odit
2842 544 3019 595 anima
3058 559 3174 596 mea
3201 545 3266 599 ".
3301 563 3319 596 ι
3353 543 3418 598 Ει
3465 546 3518 600 in
3556 563 3645 601 xx:

2076 621 2284 699 psalmo
2311 632 2380 685 de
2411 632 2630 686 Christo
2659 635 2902 700 (certum
2951 644 3034 688 est
3065 637 3212 690 enim
3256 636 3384 704 quia
3420 651 3484 690 ex
3522 652 3650 706 per-

2075 735 2204 772 sona
2238 723 2407 788 ipsius
2449 723 2554 776 iste
2595 725 2834 791 psalmus
2865 725 3187 792 ascribitur,
3226 727 3369 780 sicut
3406 728 3650 797 Evange-

2073 812 2202 865 lium
2235 817 2604 881 contestatur)
2644 815 2714 867 ita
2753 815 2949 868 dictum
2988 826 3072 870 est
3100 834 3114 870 :
3155 836 3174 868 ι
3202 817 3281 871 Tu
3310 828 3516 883 autem,
3543 819 3651 872 Do-

2075 905 2240 969 mine,
2286 921 2354 958 ne
2402 905 2558 975 longe
2600 905 2769 960 facias
2811 907 3071 961 auxilium
3113 919 3306 972 tuum,
3343 911 3410 963 ad
3461 912 3652 964 defen-

2073 996 2278 1051 sionem
2309 1013 2480 1051 meam
2519 999 2743 1067 respice,
2763 1015 2890 1054 erue
2923 1016 2952 1054 a
2980 1002 3668 1069 framea,Deus,auimam-

2074 1101 2272 1150 meam,
2295 1095 2348 1140 et
2370 1087 2436 1140 de
2461 1102 2623 1139 manu
2654 1089 2802 1142 cauis
2822 1089 3036 1144 unicam
3066 1107 3239 1145 meam
3261 1092 3326 1145 ⁵³.
3345 1111 3362 1144 ι
3385 1093 3649 1158 Quamvis

2072 1185 2128 1230 et
2177 1175 2341 1229 multa
2389 1175 2489 1229 alia
2537 1177 2647 1232 sint
2682 1179 2988 1233 testimonia
3036 1181 3102 1236 de
3144 1181 3325 1236 anima
3355 1183 3558 1239 Christi
3592 1185 3648 1238 in

2072 1279 2236 1319 carne
2263 1265 2444 1332 positi.

2141 1354 2195 1407 2.
2230 1355 2336 1409 Sed
2373 1357 2439 1410 de
2479 1357 2678 1411 Christi
2731 1358 2948 1426 quidem
2994 1361 3176 1416 anima
3222 1378 3440 1418 omnem
3489 1365 3652 1420 nobis

2072 1447 2270 1500 adimet
2303 1448 2653 1514 qua-stionem
2700 1451 2840 1504 ratio
2895 1452 3285 1508 incarnationis
3327 1469 3644 1510 occurrens.

2073 1537 2224 1591 Sicut
2257 1541 2400 1591 enim
2436 1554 2562 1594 vere
2583 1556 2802 1595 carnem
2837 1543 3046 1607 habuit,
3074 1545 3146 1597 ita
3172 1560 3297 1599 vere
3325 1558 3381 1600 et
3407 1547 3648 1601 animam

2074 1629 2284 1683 habuit.
2318 1630 2391 1684 De
2428 1646 2492 1686 eo
2541 1647 2670 1686 vero
2702 1633 2816 1702 (45)
2849 1636 2990 1702 quod
3026 1635 3115 1689 Dei
3159 1637 3338 1690 anima
3388 1638 3442 1690 in
3496 1635 3652 1693 Scri—

2001 1702 2046 1762 Β
2076 1721 2250 1789 pturis
2281 1723 2616 1788 nominatur,
2643 1726 2884 1791 qualiter
2925 1726 3155 1797 intelligi
3190 1728 3405 1796 debeat,
3435 1739 3492 1784 et
3522 1745 3651 1785 sen-

2075 1817 2178 1868 tire
2207 1823 2263 1869 et
2290 1815 2536 1884 proferre
2573 1816 2788 1870 difﬁcile
2823 1828 2938 1882 est;
2980 1820 3146 1873 semel
3175 1821 3318 1874 enim
3343 1823 3648 1891 simplicem

2073 1907 2222 1960 illam
2253 1917 2540 1967 naturam.
2577 1917 2626 1962 et
2684 1909 2890 1979 absque
2935 1911 3100 1965 ullius
3146 1912 3469 1981 adjectionis
3515 1930 3648 1983 per-

2071 1999 2329 2053 mistioue
2385 1999 2733 2068 proﬁtemur;
2769 2010 2948 2055 tamen
2984 2003 3363 2071 quoquomodo
3403 2005 3647 2060 sentien-

2073 2091 2198 2143 dum
2225 2098 2332 2156 est,
2376 2092 2645 2144 nominari
2677 2091 2896 2145 interim
2935 2093 3027 2148 Dei
3068 2095 3248 2148 anima
3292 2095 3540 2162 videtur;
3583 2100 3651 2152 de

2070 2179 2292 2236 Christo
2339 2195 2466 2236 vero
2526 2195 2632 2234 non
2698 2181 2998 2237 dubitatur.
3048 2185 3114 2238 Et
3171 2185 3294 2240 ideo
3356 2201 3462 2241 non
3515 2189 3649 2244 mihi

2072 2272 2282 2324 videtur
2329 2273 2621 2327 absurdum
2673 2273 2788 2343 (46)
2837 2274 3000 2328 etiam
3049 2276 3118 2331 de
3165 2278 3376 2332 sanctis
3433 2278 3651 2348 angelis

2071 2365 2394 2433 ueterisque
2446 2367 2768 2422 coelestibus
2813 2367 3105 2422 virtutibus
3152 2367 3260 2423 tale
3309 2369 3514 2438 aliquid
3562 2371 3648 2426 vel

2071 2453 2273 2519 dicere,
2309 2456 2393 2511 vel
2436 2457 2664 2512 sentire.
2717 2458 2998 2526 Siquidem
3053 2459 3294 2515 deﬁnitio
3323 2461 3416 2515 illa
3450 2463 3649 2518 animae

2070 2547 2234 2600 etiam
2265 2549 2318 2600 iu
2359 2548 2508 2616 ipsos
2540 2549 2758 2603 videtur
2801 2550 3105 2604 incurrere.
3139 2551 3272 2617 Quis
3301 2553 3444 2605 enim
3479 2555 3650 2607 ratio-

2073 2639 2331 2693 nabiliter
2380 2641 2670 2696 seusibiles
2716 2656 2809 2695 eos
2859 2657 2979 2696 esse
3037 2643 3118 2696 vel
3169 2643 3398 2699 mobiles
3448 2646 3647 2714 poterit

2070 2728 2370 2798 denegare?
2397 2730 2552 2798 Quod
2591 2732 2635 2785 si
2669 2742 2815 2786 recta
2852 2733 2956 2786 ista
2988 2734 3203 2788 videtur
3226 2749 3348 2790 esse
3378 2736 3644 2804 deﬁnitio,

2068 2822 2212 2888 quod
2249 2822 2556 2876 substantia
2600 2821 3006 2878 rationabiliter
3032 2825 3305 2881 sensibilis
3334 2837 3390 2880 et
3427 2828 3645 2882 mobilis

2069 2912 2252 2965 anima
2305 2913 2539 2978 dicatur,
2587 2913 2805 2968 videtur
2853 2915 2966 2970 haec
3015 2917 3203 2969 eadem
3242 2917 3354 2987 (47)
3395 2917 3649 2974 deﬁnitio

386 2997 464 3052 De
501 2997 761 3067 iumentis
802 3016 931 3057 vero
983 3003 1066 3057 vel
1119 3006 1413 3074 pecudibus
1470 3010 1612 3076 quod
1669 3010 1962 3064 animantia
1993 3037 2036 3094 α
2071 3003 2238 3094 etiam
2289 3004 2355 3056 ad
2408 3004 2628 3074 angelos
2677 3005 2969 3074 pertinere.
3009 3006 3146 3074 Quid
3199 3007 3343 3061 enim
3398 3007 3545 3061 aliud
3591 3010 3647 3063 ir.

385 3088 519 3155 sint,
544 3091 707 3145 etiam
745 3094 881 3162 apud
905 3109 1250 3151 communem
1291 3098 1602 3168 opinionem
1635 3101 1776 3153 nulla
1807 3103 1966 3157 dubi-

385 3181 521 3236 tatio
549 3191 651 3237 est.
681 3182 917 3240 Evidens
949 3196 1131 3242 tamen
1164 3199 1248 3243 est
1278 3190 1475 3245 divinae
1502 3192 1800 3261 Scriptura:
1839 3211 1964 3249 seu-

389 3275 580 3340 tentia,
618 3290 743 3329 cum
793 3277 925 3332 dicit
977 3279 1156 3347 Deus_:
1192 3297 1213 3330 ε
1246 3281 1515 3336 Producat
1553 3293 1695 3338 terra
1729 3287 1964 3339 animam

384 3365 561 3418 vivam
593 3369 889 3422 secundum
919 3386 1089 3440 genus
1111 3412 1125 3436 ,
1157 3373 1528 3441 quadrupedia
1555 3385 1609 3428 et
1642 3379 1883 3445 repentia
1913 3387 1966 3432 et

391 3455 598 3511 bestias
632 3467 792 3512 terra:
810 3462 1103 3516 secundum
1135 3465 1508 3534 genus”(42).
1545 3487 1562 3519 ι
1589 3467 1706 3521 Jam
1741 3485 1870 3525 vero
1900 3473 1966 3526 de

387 3547 605 3604 homine
631 3553 880 3618 quamvis
910 3554 1036 3606 nulli
1064 3555 1286 3610 dubiqu
1315 3558 1404 3621 sit,
1433 3575 1530 3612 nec
1558 3563 1835 3629 requirere
1867 3563 1967 3615 ali-

386 3639 506 3707 quis
528 3643 726 3709 possit;
753 3655 932 3698 tamen
954 3655 1003 3698 et
1022 3647 1298 3717 Scriptura
1322 3651 1500 3704 divina
1527 3651 1798 3720 designat,
1819 3655 1964 3722 quod

392 3729 564 3783 «Deus
593 3731 644 3784 in
673 3731 862 3786 faciem
886 3736 1001 3803 ejus
1029 3739 1375 3806 inspiraverit
1402 3741 1794 3808 spiramentum
1819 3744 1962 3808 vita},

297 3819 300 3822 ’
386 3830 444 3874 et
470 3822 644 3876 factus
665 3835 751 3877 est
777 3825 936 3880 homo
963 3830 1014 3881 iu
1035 3833 1271 3883 animam
1292 3833 1560 3886 viventem
1583 3833 1649 3885 5°.
1667 3853 1683 3884 ι
1704 3834 1967 3902 Superest

389 3911 456 3964 de
490 3915 737 3981 angelico
768 3917 957 3970 ordine
1001 3921 1301 3988 requirere,
1332 3931 1512 3976 tttrum
1539 3933 1593 3978 et
1623 3925 1725 3993 ipsi
1757 3927 1966 3982 animas

389 4003 783 4076 habeant(45),
809 4024 876 4062 an
907 4011 1102 4064 animae
1133 4013 1265 4077 sint,
1307 4014 1388 4067 vel
1428 4017 1493 4068 de
1525 4017 1738 4070 caneris
1767 4017 1966 4072 divinis

390 4095 817 4169 ctelcstibusque
867 4101 1179 4168 virtutibus,
1210 4103 1303 4156 sed
1352 4111 1405 4156 et
1433 4105 1498 4157 de
1538 4107 1833 4161 contrariis
1872 4124 1967 4176 po-

393 4190 702 4245 testatibus.
743 4193 1135 4247 Auctoritatem
1188 4193 1406 4262 quidem
1441 4196 1635 4248 divinae
1669 4198 1968 4268 Scriptura:

388 4292 614 4347 usquam
658 4281 856 4335 nullam
899 4283 1227 4346 invenimus,
1259 4285 1403 4350 quod
1435 4287 1516 4338 vel
1566 4286 1768 4355 angeli,
1805 4289 1887 4343 vel
1917 4290 1962 4344 si

2071 3093 2178 3147 illis
2216 3109 2380 3162 quam
2429 3109 2620 3150 sensus
2667 3096 3010 3151 rationabilis
3059 3106 3114 3152 et
3145 3106 3324 3174 motus
3365 3109 3448 3154 est
3487 3097 3601 3168 (48)
3628 3141 3642 3154 .

2068 3185 2312 3250 Quorum
2364 3195 2542 3240 autem
2576 3201 2682 3240 una
2739 3189 3068 3243 deﬁnitionis
3114 3190 3253 3244 ratio
3306 3198 3410 3256 est,
3450 3190 3645 3244 horum

2067 3277 2185 3331 sine
2224 3277 2390 3331 dubio
2425 3291 2479 3332 et.
2527 3280 2716 3334 eadem
2760 3281 3066 3336 substantia
3107 3290 3212 3336 est.
3261 3281 3462 3336 Paulus
3511 3297 3648 3340 sane

2067 3380 2189 3420 esse
2242 3369 2535 3435 quemdam
2602 3370 2892 3423 animalem
2943 3370 3217 3425 hominem
3281 3371 3644 3442 signiﬁcat”,

2067 3473 2226 3526 quem
2265 3469 2424 3525 negat
2450 3474 2511 3512 ea
2550 3476 2670 3528 qua:
2717 3473 2844 3515 sunt
2879 3461 3120 3532 Spiritus
3170 3463 3260 3516 Dei
3300 3479 3458 3532 posse
3505 3465 3647 3519 reci-

2067 3565 2224 3619 pere;
2257 3553 2350 3606 sed
2394 3553 2616 3606 stultam
2659 3553 2793 3607 dicit
2842 3555 2890 3607 ei
2951 3554 3121 3608 videri
3179 3555 3414 3624 Spiritus
3467 3557 3639 3610 sancti

2067 3641 2404 3706 doctrinam,
2447 3659 2546 3697 nec
2583 3658 2743 3713 posse
2788 3660 2911 3699 eum
2958 3645 3259 3714 intelligere
3301 3648 3443 3715 quod
3480 3649 3647 3715 spiri-

2071 3731 2292 3786 tualiter
2325 3734 2690 3788 discernatur.
2725 3735 2830 3790 Sed
2866 3746 2921 3791 et
2968 3736 3021 3790 in
3059 3737 3166 3790 alio
3210 3739 3333 3793 loco
3365 3739 3442 3791 ait
3480 3741 3644 3792 semi-

2069 3823 2186 3876 nari
2221 3837 2423 3893 corpus
2452 3826 2708 3890 animale,
2744 3835 2798 3881 et
2827 3841 3052 3896 surgere
3080 3843 3280 3898 corpus
3305 3828 3549 3899 spiritale
3571 3829 3642 3894 ",

2068 3914 2363 3969 ostendens
2392 3914 2443 3968 in
2475 3919 2873 3987 resurrectione
2908 3918 3175 3985 iustorum
3221 3921 3354 3973 nihil
3401 3922 3640 3977 animale

2069 4004 2332 4058 futurum.
2374 4005 2439 4060 Et
2489 4008 2608 4060 ideo
2661 4009 2992 4076 requirimus
3041 4023 3108 4062 ne
3150 4008 3288 4064 forte
3337 4013 3640 4065 substantia

2069 4097 2250 4164 aliqua
2285 4097 2354 4150 sit
2383 4112 2501 4166 qua:
2531 4099 2825 4152 secundum
2870 4100 2973 4153 hoc
3001 4104 3145 4168 quod
3189 4103 3367 4154 anima
3394 4112 3499 4160 est.
3546 4102 3647 4155 im-

2068 4187 2312 4257 perfecta
2348 4189 2438 4242 sit.
2483 4187 2682 4243 Verum
2731 4199 2910 4242 utrum
2955 4190 3067 4259 (49)
3120 4200 3403 4260 propterea
3441 4193 3646 4260 imper-

2068 4280 2212 4334 lecta
2243 4280 2318 4334 sit
2346 4281 2489 4349 quod
2531 4297 2559 4332 a
2593 4279 2924 4350 perfectione
2956 4281 3182 4345 decidit,
3217 4296 3283 4334 an
3315 4281 3437 4335 talis
3467 4298 3496 4334 a
3535 4283 3644 4337 Deo

388 4371 480 4440 qui
525 4382 648 4426 sunt
689 4374 855 4428 divini
909 4375 1132 4442 spiritus
1162 4377 1394 4429 ministri
1451 4375 1565 4440 Dei,
1625 4379 1709 4432 vel
1752 4381 1966 4436 animas

2073 4373 2218 4428 facta
2247 4374 2344 4436 sit,
2388 4389 2510 4427 cum
2544 4389 2642 4442 per
2673 4375 2921 4428 ordinem
2963 4375 3176 4444 singula
3223 4375 3422 4429 discuti
3462 4389 3646 4445 cmpe-

388 4461 611 4529 babere,
637 4465 718 4519 vel
757 4467 950 4520 anima:
981 4468 1257 4534 dicantur;
1290 4468 1587 4522 animantia
1623 4480 1803 4524 tamen
1843 4487 1966 4527 esse

389 4567 418 4605 a
451 4557 865 4624 quamplurimis
898 4562 1227 4614 sentiuntur.
1259 4561 1333 4614 De
1372 4559 1482 4614 Deo
1511 4572 1694 4614 autem
1732 4563 1844 4632 (44)
1881 4564 1968 4617 iu-

387 4645 634 4700 vcnimus
691 4650 952 4717 scriptum
987 4667 1107 4704 esse
1163 4652 1275 4703 ita:
1327 4668 1344 4700 t
1370 4649 1435 4702 Et
1481 4667 1678 4718 ponant
1721 4656 1958 4708 animant

390 4751 566 4789 meam
598 4753 761 4806 super
795 4740 1030 4794 animam
1063 4743 1206 4795 illaut
1241 4759 1359 4810 qute
1397 4745 1812 4798 manducaverit
1839 4762 1966 4800 san-

390 4827 624 4893 guinem,
663 4836 716 4881 et
772 4831 1063 4886 eradicabo
1113 4849 1230 4886 eam
1282 4836 1349 4889 de
1405 4835 1599 4906 pepulo
1631 4851 1732 4892 Suo
1752 4837 1793 4866 ⁵¹
1823 4851 1872 4901 ς»
1911 4845 1966 4891 ει

462 4941 506 5019 ξ’
538 4941 676 5019 G_eu.
707 4961 743 5007 ι,
776 4947 865 5019 217.
913 4947 989 5019 7“
1012 4949 1182 5003 Levit.
1214 4967 1348 5016 xvtt,
1389 4952 1474 5005 14.
1552 4953 1594 4983 ιθ
1619 4951 1754 5007 Gen.
1787 4969 1825 5016 ι,
1860 4953 1952 5006 24.

2071 4959 2076 4983 ⁵
2117 4939 2257 5009 Cen.
2289 4969 2350 5019 tt,
2383 4934 2434 5006 Ἰ.

1607 5023 1652 5054 ⁵⁵
1684 5023 1704 5076 ι
1734 5025 1855 5078 Cor.
1881 5041 1966 5088 xv,
1992 5026 2082 5079 44.

389 5009 438 5044 ⁸³
466 5009 610 5067 Psal.
641 5030 754 5080 ut,
784 5017 875 5084 ‘20,
901 5018 991 5071 2t.

464 5151 576 5294 (4|?
621 5153 712 5206 Sic
748 5171 876 5208 mss.
914 5157 1084 5223 Alias,
1122 5179 1141 5212 ς
1169 5161 1315 5216 talia.
1341 5179 1360 5212 ι

464 5225 548 5294 (42
609 5224 986 5293 Quadrupedia
1013 5239 1066 5281 et
1097 5234 1326 5294 repentia

455 5224 571 5299 (42)
609 5224 986 5299 Quadrupedia
1013 5239 1066 5281 et
1097 5234 1326 5299 repentia
1366 5243 1412 5285 et
1449 5231 1637 5286 bestias
1686 5241 1838 5288 terra
1881 5251 1964 5289 se-

391 5297 624 5374 cundum
655 5296 990 5374 genus._ll".ec
1037 5300 1088 5374 i_u
1129 5296 1295 5374 antea
1337 5301 1498 5356 editis
1544 5307 1749 5358 omissa
1798 5314 1962 5374 sunt,

390 5365 1100 5437 quamvisreperiantur.in
1135 5371 1386 5425 omnibus
1423 5387 1554 5424 mss.

1072 5022 1117 5051 ⁵“’
1143 5024 1157 5074 l
1186 5022 1308 5075 Cor.
1343 5039 1402 5088 tt,
1441 5021 1526 5077 14.

463 5433 574 5507 (43)
619 5433 806 5507 Utrum
857 5449 904 5490 et
951 5440 1050 5504 ipsi
1107 5439 1312 5492 animus
1360 5441 1616 5507 habeant,
1672 5453 1782 5496 etc.
1832 5443 1970 5502 Vide

301 5495 324 5506 ’
393 5495 647 5577 Ηιιῖεξιῇηιε
679 5495 1123 5577 Origenianurnm
1162 5509 1254 5561 lib.
1286 5526 1344 5574 Il,
1381 5522 1574 5577 quaest.
1683 5495 1832 5566 num.

488 5573 578 5641 44)
622 5573 695 5628 De
726 5573 830 5629 Deo
862 5588 1061 5641 autent,
1095 5589 1200 5634 etc.
1237 5573 1366 5634 Vide
1394 5573 1644 5634 lluelium
1677 5583 1898 5637 ibidem.

488 5575 554 5626 44
622 5573 695 5628 De
726 5573 830 5629 Deo
862 5588 1061 5641 autent,
1095 5589 1200 5634 etc.
1237 5573 1366 5634 Vide
1394 5573 1644 5634 lluelium
1677 5583 1898 5637 ibidem.

464 5573 581 5715 ita;
626 5643 758 5701 Vide
787 5647 881 5703 lib.
902 5664 942 5703 ιι
993 5649 1327 5719 0rigeniau.,
1356 5659 1551 5719 (ιυιεδι.
1581 5653 1634 5718 5,
1670 5669 1820 5707 num.
1847 5653 1899 5708 6.

2075 4466 2220 4529 rint,
2283 4479 2642 4532 requiremus.
2698 4463 2756 4517 Si
2824 4465 2967 4518 enim
3023 4466 3276 4519 animalis
3320 4470 3482 4520 homo
3535 4481 3642 4521 non

2075 4554 2268 4622 recipit
2299 4571 2420 4622 qua:
2443 4563 2572 4607 sunt
2597 4552 2833 4623 Spiritus
2860 4555 2975 4617 Dei,
3015 4567 3069 4610 et
3109 4573 3206 4626 pro
3241 4571 3306 4610 eo
3339 4557 3480 4625 quod
3529 4557 3648 4610 ani-

2075 4646 2234 4701 malis
2267 4655 2372 4709 est,
2400 4646 2640 4700 melioris
2665 4657 2893 4712 natura‘,
2921 4647 2969 4700 id
2987 4658 3070 4700 est
3095 4649 3309 4714 divinze,
3335 4648 3646 4719 intelligen-

2077 4745 2204 4798 tiam
2243 4742 2485 4811 recipere
2517 4756 2622 4795 non
2672 4751 2876 4811 potest,
2931 4744 3028 4798 hac
3083 4742 3335 4798 fortassis
3377 4745 3444 4797 de
3478 4760 3642 4797 causa

2072 4836 2378 4892 evidentius
2420 4833 2754 4902 nosPaulus
2790 4836 2988 4890 docere
3035 4835 3223 4891 volens
3255 4837 3385 4905 quid
3435 4837 3507 4902 sit
3551 4853 3645 4906 per

2513 4951 2554 4984 ιι
2596 4937 2768 5010 Levii.
2815 4967 2962 5016 xm,
3000 4952 3084 5006 ιο.
3161 4953 3334 5008 ιειεει.
3370 4969 3406 5017 ι,
3434 4955 3522 5021 ιδ,
3561 4954 3642 5010 tt.

2150 5164 2259 5235 (46)
2303 5163 2394 5217 Sic
2422 5177 2553 5217 mss.
2602 5161 2774 5227 Alias,
2807 5135 3053 5218 «etiideo
3088 5179 3193 5218 non
3236 5163 3506 5220 videbitur
3548 5167 3648 5220 ab-

2065 5238 2512 5387 .sulll'll)ml.£cidem.
2561 5301 2720 5357 Deest
2752 5303 2808 5357 in
2856 5295 3210 5359 antea'editis
3233 5342 3252 5367 ,
3283 5303 3376 5358 sed
3412 5303 3646 5361 habetur

2067 5390 2448 5515 ιηὸιξῗᾞδε..
2499 5463 2517 5496 ι
2550 5453 2602 5500 et
2639 5453 2820 5497 motus
2857 5453 2962 5498 est.
2991 5461 3009 5494 ο
3043 5441 3197 5496 Libb.
3235 5443 3402 5508 editi,
3439 5462 3457 5494 ι
3487 5411 3646 5497 com?

2069 5523 2246 5569 motus
2276 5526 2382 5567 est.
2419 5533 2436 5565 ι

2144 5583 2255 5652 (49)
2306 5582 2494 5636 Verum
2542 5591 2752 5653 atrum,
2785 5592 2892 5636 etc.
2939 5579 3069 5653 Vide
3119 5582 3220 5640 lib.
3283 5599 3318 5638 tt
3363 5581 3647 5653 Origem'a-

2073 5651 2281 5720 norum,
2316 5662 2506 5722 quaest.
2539 5651 2594 5718 6,
2625 5668 2772 5706 num.
2800 5653 2831 5706 4
2868 5662 2918 5705 et
2946 5651 2999 5705 5.
