4014 6142
313 257 409 317 ﬁl

1618 251 1819 306 LIBER
1861 252 2240 312 SECUNDUS.

3462 250 3567 303 2'22

313 373 457 445 ⁸1⁸³οά
486 384 549 426 ea
579 383 703 441 qua
744 377 873 423 sum
902 369 1147 439 εΡῘτῙῑυεν
1176 367 1230 421 id
1276 376 1360 422 est
1396 367 1659 438 spiritalia
1691 370 1887 422 intelli-
1921 382 1962 430 A
1994 389 2057 426 nc
2084 373 2308 427 liberata
2358 378 2538 440 potest
2571 371 2766 424 iterum
2818 366 2946 421 illud
2980 380 3101 422 esse
3116 366 3258 435 quod
3290 365 3390 419 fuit
3414 377 3566 420 ante-

316 477 440 532 gere
479 474 793 531 possumus,
838 470 1074 514 mentem
1110 459 1280 529 magis
1307 475 1466 529 quam
1499 461 1730 513 animam
1766 461 1887 527 Spi-

317 553 436 606 ritui
477 561 673 606 sancto
727 552 1010 621 conjungit
1043 559 1098 605 et
1143 551 1333 604 sociat.
1384 549 1496 605 Hoc
1567 550 1711 603 enim
1763 565 1886 604 eum

314 655 439 712 puto
461 643 755 696 ostendere
777 656 899 694 cum
923 641 1086 694 dicit:
1112 658 1130 689 ι
1150 639 1329 695 Orabo
1352 640 1567 708 spiritu,
1587 641 1756 694 orabo
1774 640 1885 708 (50)

311 745 366 791 et
395 744 600 800 mente,
635 732 902 802 psalmum
935 733 1112 786 dicam
1155 732 1373 800 Spiritu,
1402 733 1671 800 psalmum
1708 733 1886 786 dicam

311 835 363 884 et
399 839 584 882 mente
606 827 674 879 ³⁸.
701 844 720 876 ι
755 825 821 878 Ει
866 839 970 878 non
1013 825 1144 879 dicit
1178 826 1306 894 quia
1350 825 1530 878 anima
1559 827 1747 891 orabo,
1793 826 1888 879 sed

311 919 504 988 spiritu
543 926 603 972 et
633 925 846 980 mente;
881 924 938 970 et
976 929 1083 969 non
1115 916 1268 982 dicit,
1300 917 1480 970 anima
1509 917 1755 985 psallam;
1794 917 1888 970 sed

311 1009 510 1079 spiritu
548 1008 781 1076 psallam
811 1015 867 1060 et
893 1015 1094 1060 mente.
1773 997 1798 1007 ‘

375 1099 488 1170 95
510 1099 566 1152 5.
599 1097 704 1152 Sed
729 1097 958 1151 fortasse
982 1112 1070 1152 re-

307 1191 573 1260 quiritur:
595 1188 655 1242 Si
682 1203 831 1268 mens
846 1196 929 1242 est
951 1201 1070 1255 qua:
1212 1190 1362 1246 Unde
1393 1209 1507 1246 cum
1533 1191 1740 1259 inﬁnita
1768 1205 1892 1242 cau-

311 1285 506 1354 spiritu
544 1291 666 1338 orat
695 1291 749 1337 et
787 1281 989 1352 psallit,
1014 1289 1068 1334 et
1140 1286 1279 1338 tione
1310 1284 1647 1337 tractandum
1673 1291 1748 1335 est
1770 1321 1783 1344 ,
1830 1298 1892 1333 ne

310 1381 425 1448 ipsa
449 1387 537 1434 est
562 1393 682 1448 quae
706 1376 1068 1446 etperfectio-
1139 1376 1274 1444 forte
1298 1391 1414 1427 cum
1447 1374 1641 1426 anima;
1672 1371 1893 1424 salutem

309 1488 438 1528 nem
469 1473 698 1541 percipit
720 1479 774 1524 et
796 1470 1024 1524 salutem
1050 1486 1066 1524 :
1138 1465 1336 1534 fuerint
1384 1471 1676 1516 consecuta:
1697 1501 1710 1525 ,
1737 1471 1784 1514 et
1826 1462 1894 1513 ad

308 1567 590 1634 quomodo
648 1565 782 1618 dicit
838 1563 1068 1628 Petrus,
1141 1558 1339 1610 beatam
1369 1555 1524 1608 vitam
1551 1554 1894 1622 pervenerint,

313 1677 333 1709 ι
358 1657 736 1726 Percipientes
757 1657 916 1710 linem
942 1653 1067 1708 ﬁdei
1140 1651 1336 1705 anima:
1363 1665 1474 1704 esse
1499 1649 1772 1702 desistant.

1314 1115 1462 1154 HIEB.
1504 1113 1719 1152 INTERP.

1993 480 2156 536 quam
2210 463 2414 532 periret
2466 473 2519 516 et
2565 462 2741 522 anima
2803 460 3091 513 diceretur.
3130 456 3239 510 Sed
3273 466 3327 510 et
3353 470 3418 509 ex
3449 457 3562 520 ipsa

1996 554 2234 608 nominis
2269 554 2464 607 animm
2485 551 2885 620 signiﬁcatione
2909 563 3072 616 quam
3110 549 3160 600 in
3208 545 3398 600 Graeco
3426 546 3570 599 indi-

1997 656 2105 709 cat,
2143 645 2318 698 visunt
2351 651 2434 698 est
2460 651 2517 696 et
2545 641 2822 694 nonnullis
2859 628 3262 707 requirentibus
3297 636 3570 690 curiosius

1998 752 2158 805 posse
2188 750 2292 789 non
2326 734 2652 788 mediocrem
2674 730 2786 802 (56)
2813 730 3024 799 suggeri
3058 728 3404 781 intellectum.
3432 726 3566 779 Nam

1997 846 2175 884 sermo
2223 829 2439 882 divinus
2494 825 2658 878 Deum
2711 825 2886 894 ignem
2933 837 3057 898 esse
3105 822 3402 874 dixitcum
3455 819 3564 872 ait:

2002 939 2021 972 ι
2058 923 2200 974 Deus
2234 929 2416 972 noster
2457 917 2596 986 ignis
2630 927 2715 969 est
2763 928 3090 968 consumens
3119 911 3186 965 ⁸⁸.
3220 930 3238 960 ι
3279 911 3383 964 Sed
3417 919 3472 963 et
3503 914 3569 964 de

1997 1013 2312 1081 angelorum
2341 1010 2650 1064 substantia
2693 1007 2767 1060 ita
2813 1006 2924 1058 ait;
2985 1023 3002 1053 ι
3037 1004 3139 1072 Qui
3175 1003 3306 1056 facit
3352 1002 3570 1072 angelos

1999 1119 2132 1158 suos
2160 1103 2408 1170 spiritus,
2429 1109 2483 1154 et
2508 1099 2792 1152 ministros
2822 1111 2950 1150 suos
2980 1097 3155 1163 ignem
3181 1104 3425 1147 urentem
3448 1094 3492 1126 ⁸³
3515 1111 3564 1158 ςο

1997 1209 2053 1252 et
2083 1197 2245 1250 alibi:
2285 1214 2302 1245 ι
2329 1194 2592 1262 Apparuit
2617 1189 2840 1258 angelus
2864 1188 3076 1242 Domini
3105 1188 3157 1238 in
3188 1185 3400 1238 ﬂanima
3432 1185 3572 1253 ignis

2000 1289 2051 1342 in
2084 1290 2219 1341 rubo
2254 1288 2319 1341 ⁸⁸.
2364 1307 2382 1338 i
2434 1287 2657 1353 Insuper
2678 1283 2845 1336 etiam
2891 1281 3205 1332 mandatum
3239 1278 3572 1346 accepimus,

2002 1390 2058 1432 ut
2090 1379 2258 1433 simus
2294 1377 2487 1445 spiritu
2542 1375 2816 1429 ferventes
2843 1373 2918 1436 ⁸¹;
2952 1386 3048 1440 per
3075 1369 3218 1436 quod
3254 1368 3372 1421 sine
3409 1368 3572 1422 dubio

2003 1475 2220 1542 igneum
2246 1469 2549 1525 ostenditur
2577 1477 2630 1522 et
2668 1465 2900 1520 calidum
2944 1463 3037 1517 Dei
3074 1463 3330 1516 Verbum.
3363 1457 3468 1513 Sed
3517 1467 3576 1512 et

2002 1563 2269 1618 Jeremias
2297 1561 2559 1629 propheta
2613 1559 2764 1611 audit
2807 1560 2875 1609 ab
2925 1570 2990 1609 eo
3027 1555 3115 1622 qui
3170 1552 3271 1606 sibi
3309 1563 3573 1619 responsa

2005 1657 2204 1710 dabat:
2239 1672 2257 1704 ι
2287 1654 2424 1708 Ecce
2447 1651 2567 1705 dedi
2588 1651 2751 1704 verba
2780 1665 2897 1703 mea
2931 1631 2984 1701 in
3003 1663 3065 1700 os
3095 1656 3242 1699 tuum
3263 1645 3440 1712 ignem
3457 1640 3524 1694 “.
3548 1658 3567 1691 ι

307 1761 518 1808 nostra:
548 1753 776 1807 salutem
806 1751 1109 1806 animarum
1128 1757 1442 1804 nostrarum
1471 1747 1550 1801 '7?
1578 1768 1597 1800 ι
1634 1747 1690 1802 Si
1715 1747 1892 1800 anima
1927 1725 1970 1780 Β
2003 1745 2156 1800 Sicut
2189 1760 2321 1813 ergo
2355 1743 2495 1797 Deus
2525 1742 2664 1812 ignis
2698 1750 2803 1802 est,
2833 1750 2888 1793 et
2924 1737 3101 1808 angeli
3141 1735 3356 1788 ﬂamma
3396 1732 3574 1801 ignis,

308 1860 432 1898 cum
456 1843 657 1913 spiritu
693 1857 794 1897 nec
831 1851 951 1897 orat
981 1857 1079 1895 nec
1105 1841 1302 1910 psallit,
1339 1839 1616 1907 quomodo
1653 1838 1897 1906 sperabit

307 1934 591 1989 salutem?
622 1936 728 1987 Aut
757 1934 800 1987 si
836 1948 960 1988 cum
989 1933 1057 1986 ad
1089 1931 1481 1987 beatitudinem
1514 1930 1754 1993 venerit,
1783 1929 1896 1996 jam

307 2023 494 2077 anima
528 2039 634 2076 non
663 2023 913 2079 dicetur?
961 2021 1068 2077 Sed
1093 2021 1370 2075 videamus
1433 2035 1501 2074 ne
1549 2019 1690 2074 forte
1731 2017 1900 2086 possit

252 2119 254 2122 ’
311 2114 421 2169 hoc
457 2114 621 2168 modo
659 2113 1002 2182 resp0uderi,
1035 2113 1165 2181 quia
1197 2113 1343 2168 sicut
1372 2110 1626 2165 Salvator
1654 2109 1765 2181 (51)
1799 2124 1893 2163 ve-

381 2202 401 2272 l.
424 2202 548 2274 (52),
581 2204 793 2274 ᾭσπερ
821 2201 993 2274 σῷσαι
1013 2201 1073 2255 τὺ

309 2268 596 2337 arietata;
623 2268 792 2343 ἦλθες(
811 2275 838 2324 ὁ
862 2272 1012 2340 Σωτὴ
1022 2289 1071 2343 ρ’,

308 2343 400 2394 ὅτε
454 2344 555 2412 μέν
596 2340 675 2394 tot
731 2341 964 2406 σώζεται
1017 2340 1076 2393 ἀπὸ

308 2412 598 2475 ἀπολωλὸς
624 2452 637 2475 ,
697 2412 879 2462 οὐκέτι
931 2413 1077 2461 ἐστὶν

307 2480 626 2548 ἀπολωλὸς,
664 2479 836 2540 οὕτως
878 2481 943 2548 ἣν
975 2478 1079 2548 at?"

308 2567 408 2604 σαι
447 2546 581 2620 ἦλθε
619 2549 793 2620 ψιιχῂγ
830 2546 912 2609 ὡς
937 2616 948 2620 _
971 2546 1080 2620 σῷ-

306 2637 406 2672 σαι
453 2615 517 2669 ’ἐὺ
559 2615 866 2678 ἀπολώλὸς,
899 2615 1082 2666 οὐκέτι

309 2685 708 2758 μένεεψυχὴή
734 2683 1084 2758 69W“)?-

345 2758 383 2826 ὴ
394 2795 410 2813 ,
437 2752 563 2807 οὔτε
580 2752 950 2826 έέὸὰπᾳλῳλός.
962 2753 1084 2826 Ἔτι

345 2776 410 2826 η,
437 2776 563 2807 ουτε
580 2776 639 2807 το
653 2776 950 2814 αποΛωΛυς.
988 2776 1084 2804 ιγει

305 2776 676 2896 ἔασᾳνισςτέρν
716 2825 767 2896 ξι
799 2821 985 2896 ὥςπερ
1023 2822 1085 2874 τὸ

308 2889 601 2955 ἆπολωλὺς
619 2889 686 2962 ἦν
709 2893 797 2944 ὅτε
825 2892 923 2943 οὐκ
941 2889 1083 2962 ξᾶπο-

311 2963 503 3025 λὼλει,
533 2960 804 3016 καὶέσται
836 2960 963 3013 ποτὲ
989 2961 1079 3012 ὅτε

313 3036 418 3086 οὐκ
445 3032 597 3085 ἔσται
615 3029 908 3091 amttam.
935 3029 1079 3081 οὕτω

316 3104 477 3172 καὶ-ἡ
502 3100 646 3172 ψυχὴ
671 3097 737 3172 ᾖν
769 3099 982 3172 ὅτεηοῦκ
1010 3095 1078 3172 ᾖν

312 3169 500 3242 ψυχή,
516 3169 643 3242 aut
659 3170 814 3242 iicreat
829 3239 836 3242 Α
850 3170 938 3220 ὅτε
981 3169 1078 3242 οςδκ

318 3237 477 3295 ἔσθιεὰί
498 3237 928 3310 ψυχή.1.ρ.8ἱειιε
943 3238 1079 3310 enirn

320 3315 464 3364 venit
500 3307 754 3362 Durnium
778 3319 930 3376 atque
955 3307 1076 3359 Sul-

319 3390 475 3435 valor
503 3394 736 3449 quaerere
789 3388 834 3449 e_t
877 3377 1077 3429 salvum

319 3447 524 3516 facere
548 3449 688 3518 quod
719 3447 972 3518 perierat,
1021 3455 1076 3497 ut

318 3515 588 3585 perditum
646 3534 756 3570 esse
820 3515 1076 3577 desistat;

320 3590 398 3641 sic
442 3589 623 3640 anima
663 3601 779 3654 qua:
828 3585 1076 3654 perierat,

322 3667 370 3710 et
403 3659 467 3711 ob
505 3657 658 3724 cujus
678 3652 907 3707 salutem
946 3652 1077 3724 uenit

327 3721 608 3789 Dominus,
629 3741 744 3778 cum
767 3724 910 3775 salva
939 3721 1078 3789 facta

326 3799 489 3862 fuerit
523 3797 724 3860 anima,
759 3793 937 3844 anima
967 3807 1077 3843 esse

323 3866 574 3917 cessabit.
607 3862 750 3916 Illud
764 3876 964 3928 quoque
986 3877 1081 3923 pa-

326 3936 458 3987 riter
491 3934 881 4002 requirenduiu,
902 3939 1076 4002 atrurn

327 4006 464 4056 sicut
505 3999 758 4070 perditum
788 3999 1077 4070 aliquando

329 4089 434 4126 non
461 4068 558 4139 fuit
590 4068 884 4138 perditum,
907 4076 964 4139 et
979 4068 1078 4118 erit

330 4138 536 4206 tempus
576 4140 785 4208 quando
821 4138 1080 4208 perditum

331 4227 433 4263 non
456 4206 656 4276 erit,sic
673 4207 956 4277 aliquando
976 4206 1085 4257 ani-

332 4296 419 4333 ma
462 4281 620 4348 fuerit
663 4295 766 4332 nun
795 4277 971 4348 anima
991 4314 1006 4337 ,
1034 4285 1080 4325 et

333 4344 472 4417 {oret
496 4360 693 4414 tempus
733 4344 945 4415 quando
995 4359 1086 4396 ne-

334 4435 596 4484 quaquam
637 4418 814 4472 anima
850 4428 1085 4484 perseve-

334 4497 412 4542 ret
419 4534 429 4542 .

411 4716 456 4749 “
495 4715 662 4768 lCor.
721 4725 834 4772 xw.
895 4707 982 4762 15.
1058 4705 1354 4767 ιτΙΡει.ι,
1393 4703 1446 4758 7.
1522 4701 1568 4732 ⁸⁸

418 4785 530 4831 .Ier-
577 4800 615 4831 I.
654 4782 707 4831 9.
821 4780 870 4817 ³³
898 4778 1087 4831 Matth.
1139 4791 1285 4831 xxw.
1320 4775 1407 4826 12.
1520 4771 1563 4803 ⁸⁸

923 4791 1087 4831 ίιδιιιι.
1139 4791 1285 4840 xxiv,
1320 4791 1407 4826 η.

830 4850 874 4883 ⁸⁸
902 4848 1072 4903 Eccli.
1111 4862 1268 4911 mu,
1313 4845 1406 4898 22.

346 4787 389 4817 “
418 4785 530 4840 Jer.
577 4800 615 4847 I,
654 4782 707 4836 9.

349 4857 394 4890 ⁸⁸
412 4855 522 4912 Jer.
566 4871 630 4922 ιΜ
655 4851 740 4905 14.

1146 2227 1226 2280 nit
1277 2227 1488 2281 salvare
1533 2225 1676 2294 quod
1722 2225 1898 2292 perie-

1149 2331 1249 2386 rat,
1278 2323 1443 2377 etiam
1475 2337 1598 2375 cum
1635 2299 1897 2384 salvatur,

1151 2431 1256 2469 non
1308 2423 1394 2468 est
1441 2415 1708 2482 perditum
1756 2415 1898 2482 quod

1151 2507 1298 2572 prius
1316 2506 1582 2572 perditum
1598 2505 1896 2569 dicebatur;

1153 2596 1227 2647 ita
1281 2593 1528 2647 fortassis
1585 2596 1748 2647 etiam
1801 2595 1902 2647 hoc

1155 2685 1296 2752 quod
1329 2683 1585 2747 salvatur,
1617 2683 1795 2735 anima
1824 2684 1907 2736 di-

1157 2771 1335 2835 citur;
1382 2785 1506 2823 cum
1565 2778 1744 2823 autem
1791 2769 1904 2837 jam

1153 2862 1299 2916 salva
1325 2861 1467 2916 facta
1491 2859 1676 2926 fuerit,
1696 2877 1764 2914 ex
1781 2877 1906 2930 per-

1150 2956 1395 3011 fectioris
1447 2956 1618 3026 partis
1661 2971 1772 3010 suae
1805 2971 1905 3010 vo-

1151 3049 1342 3102 cabulo
1360 3047 1753 3115 nuncupabitur
1767 3046 1898 3117 (55).
1931 3047 1972 3102 C

1154 3136 1259 3192 Sed
1290 3147 1345 3191 et
1379 3137 1504 3190 illud
1538 3135 1696 3203 adjici
1743 3151 1902 3203 posse

1153 3229 1366 3282 videtur
1387 3227 1740 3295 quibusdam;
1776 3226 1899 3293 quia

1150 3321 1292 3376 sicut
1323 3320 1424 3373 hoc
1453 3318 1596 3388 quod
1630 3317 1900 3386 perditum

1149 3424 1252 3479 est,
1291 3422 1409 3468 erat
1453 3412 1574 3465 sine
1607 3409 1772 3463 dubio
1807 3425 1902 3462 au-

1153 3515 1365 3574 lequam
1381 3503 1600 3574 periret,
1619 3516 1738 3554 cum
1761 3499 1905 3553 aliud

1153 3596 1334 3650 nescio
1391 3595 1520 3664 quid
1573 3600 1691 3646 erat
1739 3605 1902 3660 quam

1150 3689 1444 3756 perditum,
1481 3685 1622 3740 sicut
1651 3683 1756 3738 erit
1791 3680 1902 3754 (54)

1150 3785 1335 3852 utique
1368 3797 1490 3836 cum
1525 3779 1639 3848 jam
1685 3794 1790 3834 non
1820 3787 1906 3830 est

1151 3877 1454 3944 perditum:
1484 3873 1559 3927 ita
1584 3871 1750 3925 etiam
1788 3869 1909 3923 ani-

1151 3987 1238 4026 ma
1270 3985 1389 4039 quae
1435 3969 1642 4038 perisse
1681 3965 1900 4028 dicitur,

1153 4062 1422 4116 videbitur
1456 4059 1622 4114 fuisse
1650 4059 1779 4128 quid
1807 4059 1906 4110 ali-

1153 4155 1370 4224 quando
1394 4168 1516 4207 cum
1552 4152 1786 4206 nondum
1813 4165 1904 4218 pe-

1157 4251 1351 4314 risset,
1411 4255 1469 4300 et
1517 4254 1738 4315 propter
1799 4246 1904 4298 hoc

1158 4341 1338 4394 anima
1403 4339 1685 4394 diceretur
1747 4334 1903 4408 (55),

1158 4448 1279 4504 qua:
1315 4445 1530 4485 rursum
1555 4445 1623 4484 ex
1654 4428 1908 4498 perditio-

421 5008 535 5079 (50)
576 5006 776 5063 Orabo.
811 5003 1165 5060 Desideratur
1208 5003 1262 5056 in
1291 5002 1493 5067 editis,
1541 4999 1634 5054 sed
1680 4981 1912 5054 habetur

352 5080 404 5134 in
433 5095 536 5131 ms.

421 5147 530 5269 till

352 5231 504 5287 Spont

422 5285 532 5357 (52)
561 5279 784 5357 ’Ὠσπερ
811 5284 1160 5357 σῷσᾳιλθιιξ.
1186 5281 1380 5357 _Gr:eca
1428 5279 1547 5357 haec
1589 5286 1806 5357 exstant
1850 5279 1916 5334 ad

563 5145 654 5200 Sic
683 5161 815 5199 mss.
853 5144 968 5200 Lib.
1004 5143 1174 5208 editi,
1211 5159 1230 5193 ι
1266 5115 1449 5212 potest
1488 5139 1590 5194 hoc
1626 5137 1789 5194 modo
1831 5153 1913 5193 re-

526 5217 626 5275 eri,
651 5217 773 5282 quia
803 5215 1070 5269 Salvator.
1102 5232 1120 5264 ι

353 5348 556 5409 eali-ein
587 5348 828 5423 epistolas
849 5348 1142 5407 Justiniani
1185 5349 1531 5423 imperatoris
1561 5350 1627 5401 ad
1659 5348 1866 5423 Menam
1896 5365 1908 5413 ;

355 5425 540 5477 Latina
573 5419 751 5478 autem
783 5423 1165 5489 interpretatio
1195 5423 1245 5474 in
1265 5419 1696 5490 epistulasancti
1725 5419 1908 5472 lliero-
2015 5482 2026 5490 _
2050 5419 2162 5490 (58)
2197 5419 2286 5490 SK}
2316 5420 2450 5487 m_SS-
2481 5419 2714 5490 ³⁸³⁵νῇ
2750 5419 2876 5490 ἹΨἚΞ
2913 5419 3040 5490 tua

357 5495 498 5562 nyini
523 5494 587 5546 ad
615 5494 858 5546 Avitum.
876 5461 1010 5546 γιῖιο
1035 5461 1472 5560 Ονὶθεηίαιτοναηι
1502 5489 1597 5542 lib.
1626 5461 1689 5557 li,
1979 5461 2472 5562 gitlaufeticharitlas
2504 5461 2726 5562 peccato
2752 5461 2952 5562 dicitur
2977 5461 3270 5562 ftjgtffle‘re
3291 5472 3341 5562 κ»

355 5561 408 5627 6,
447 5561 520 5614 De
552 5563 760 5616 anima.

426 5612 537 5704 (55)
553 5612 829 5690 “ἑίέὶ’“ιῖιέε.
864 5631 1028 5697 Alias,
1059 5649 1076 5684 ι
1101 5629 1209 5698 jam
1243 5612 1605 5700 nuncupatur.
1646 5646 1663 5678 ι

1520 4771 1563 4803 ⁸⁸
1589 4770 1785 4823 Eaech.
1823 4756 1992 4818 x’xxu.
2040 4760 2108 4830 f'
2141 4756 2244 4811 lsa.
2277 4769 2444 4819 xxvu,
2472 4756 2524 4806 1.

1999 1847 2053 1890 et
2077 1837 2245 1890 sancti
2280 1836 2478 1902 quique
2509 1832 2701 1901 spiritu
2739 1831 2948 1884 fervent
2977 1845 2992 1892 ;
3047 1830 3117 1880 ita
3148 1841 3178 1880 e
3215 1824 3494 1880 contrario
3519 1824 3573 1877 lii

2001 1925 2090 1993 qui
2119 1923 2440 1978 deciderunt
2486 1936 2516 1973 a
2551 1919 2841 1972 dilectione
2873 1918 3001 1980 Dei,
3037 1917 3155 1970 sine
3205 1915 3372 1968 dubio
3417 1911 3576 1966 refri-

2003 2017 2148 2068 xisse
2183 2015 2236 2067 in
2261 2012 2533 2066 charitate
2564 2009 2680 2076 ejus
2709 2024 2775 2062 ac
2807 2008 2992 2076 frigidi
3025 2007 3150 2060 facti
3185 2003 3396 2059 dicendi
3425 2011 3572 2056 sunt.

2003 2107 2254 2160 Aitenim
2279 2112 2333 2159 et
2362 2103 2646 2166 Dominus,
2673 2101 2798 2169 quia
2830 2117 2850 2150 ι
2892 2108 3177 2170 propterea
3212 2096 3357 2164 quod
3395 2093 3578 2148 multi-

2003 2197 2198 2266 plicata
2249 2204 2332 2249 est
2378 2193 2669 2263 iniquitas,
2719 2191 3037 2260 refrigescet
3085 2187 3342 2242 charitas.
3377 2184 3578 2239 multo-

2004 2305 2120 2342 rum
2158 2288 2224 2345 ⁸³.
2261 2306 2283 2338 ι
2336 2287 2442 2341 Sed
2495 2293 2548 2340 et
2578 2283 2758 2339 omnia
2791 2295 3125 2351 quaecunque
3151 2287 3278 2334 sunt
3320 2291 3438 2346 qua:
3474 2276 3577 2329 ad-

2003 2395 2173 2435 versae
2206 2378 2460 2450 potestati
2491 2377 2544 2430 in
2577 2375 2880 2443 Scripturis
2911 2372 3116 2427 sanctis
3158 2377 3573 2438 comparantur,

2005 2474 2195 2542 frigida
2229 2486 2443 2540 semper
2477 2470 2758 2524 inveniens
2777 2465 3024 2520 diabolus
3047 2464 3283 2519 dicitur:
3312 2475 3419 2530 quo
3446 2459 3575 2526 quid

2006 2564 2252 2631 frigidius
2287 2563 2584 2616 invenitur.
2617 2560 2722 2614 Sed
2753 2568 2809 2612 et
2854 2558 2908 2612 in
2950 2556 3086 2611 mari
3122 2566 3353 2622 regnare
3377 2550 3577 2604 dicitur

2006 2654 2192 2707 draco.
2231 2651 2550 2718 Serpentem
2577 2663 2810 2716 namque
2842 2655 2897 2702 et
2926 2646 3216 2699 draconem
3237 2683 3252 2710 ,
3299 2639 3441 2709 quod
3473 2639 3577 2691 uti-

2009 2759 2114 2812 que
2146 2744 2210 2798 ad
2239 2743 2470 2811 aliquem
2507 2741 2573 2794 de
2605 2738 2857 2808 malignis
2882 2736 3162 2804 spiritibus
3199 2738 3578 2798 retorquetur,

1993 2844 2062 2890 et
2096 2835 2149 2888 in
2175 2834 2310 2888 mari
2341 2833 2603 2901 propheta
2642 2843 2765 2883 esse
2799 2827 3050 2894 designat
3080 2825 3147 2880 “.
3184 2822 3250 2876 Et
3291 2819 3419 2875 alibi
3452 2818 3583 2872 dicit

2008 2924 2298 2993 pr0plieta:
2330 2939 2349 2972 ι
2385 2921 2641 2974 lnducam
2683 2917 2920 2984 gladium
2970 2923 3219 2969 sanctum
3255 2923 3418 2980 super
3455 2908 3581 2961 dra-

2008 3030 2196 3070 conem
2233 3023 2540 3082 serpentem
2578 3009 2688 3082 (57)
2729 3009 3048 3076 fugientem,
3097 3018 3260 3073 super
3286 3003 3578 3055 draconem

2006 3113 2308 3173 serpentem
2357 3115 2708 3171 perversum,
2751 3109 2808 3154 et
2844 3095 3133 3151 interﬁciet
3170 3108 3292 3147 eum
3325 3089 3392 3142 ⁸⁸.
3435 3108 3454 3141 ι
3514 3088 3576 3142 Et

2006 3198 2204 3252 iterum
2233 3195 2342 3248 ait:
2379 3211 2397 3243 ι
2430 3193 2608 3246 Etiam
2637 3192 2680 3245 si
2707 3187 3073 3244 abscesserint
3108 3187 3174 3239 ab
3208 3183 3383 3238 oculis
3417 3181 3577 3242 meis,

2003 3295 2056 3340 et
2088 3284 2465 3339 descenderint
2501 3282 2552 3335 in
2590 3281 2914 3350 profundum
2945 3276 3150 3339 maris,
3197 3274 3268 3327 ibi
3311 3271 3579 3324 mandabo

2004 3378 2225 3432 draconi
2251 3385 2307 3431 et
2333 3374 2600 3430 mordebit
2629 3387 2725 3426 eos
2755 3372 2820 3424 ⁸⁸.
2863 3389 2880 3422 ι
2917 3369 3023 3423 Sed
3053 3375 3105 3421 et
3133 3367 3184 3418 in
3220 3363 3321 3418 Job
3345 3363 3460 3430 ipse
3483 3375 3578 3413 rex

2005 3484 2125 3524 esse
2145 3469 2388 3523 omnium
2414 3481 2536 3535 quae
2569 3465 2620 3518 in
2647 3463 2808 3532 aquis
2838 3469 2966 3514 sunt
2999 3457 3200 3512 dicitur
3227 3454 3294 3506 ⁸⁷.
3328 3454 3372 3506 Α
3409 3453 3577 3506 Borea

2007 3577 2135 3616 vero
2160 3560 2385 3615 accendi
2418 3557 2558 3613 mala
2604 3570 2765 3623 super
2805 3567 2995 3607 omnes
3043 3549 3135 3617 qui
3180 3545 3426 3600 habitant
3467 3552 3577 3596 ter-

2009 3667 2150 3718 ram,
2177 3651 2440 3718 propheta
2481 3639 2765 3700 denuntiat
2816 3645 2881 3696 ⁸⁸.
2912 3642 3116 3715 Boreas
3156 3647 3337 3691 autem
3389 3643 3582 3688 ventus

2009 3744 2062 3798 in
2089 3743 2384 3809 Scripturis
2416 3738 2621 3793 sanctis
2649 3735 2877 3804 frigidus
2906 3732 3236 3800 designatur,
3273 3728 3414 3781 sicut
3439 3726 3577 3780 scri-

2007 3845 2156 3904 ptum
2183 3841 2266 3886 est
2290 3831 2343 3883 in
2371 3827 2614 3899 Sapienti
2643 3841 2657 3878 :
2690 3844 2712 3878 ι
2751 3824 2998 3892 Frigidus
3020 3832 3209 3876 ventus
3236 3819 3436 3874 Boreas
3462 3818 3525 3871 δ’.
3554 3837 3572 3868 ι

2005 3925 2158 3992 Quod
2183 3933 2235 3977 et
2268 3923 2444 3990 ipsum
2485 3923 2604 3975 sine
2646 3918 2810 3973 dubio
2844 3915 3182 3970 sentiendum
3212 3921 3296 3967 est
3347 3913 3413 3965 de
3457 3910 3579 3964 dia-

2007 4015 2151 4070 bolo.
2185 4013 2243 4066 Si
2271 4025 2402 4081 ergo
2433 4024 2494 4063 ea
2521 4025 2641 4079 qua:
2665 4015 2858 4062 sancta
2891 4013 3040 4069 sunt,
3067 4013 3122 4058 et
3155 4002 3296 4070 ignis
3313 4009 3369 4054 et
3399 3999 3580 4054 lumen

2006 4115 2060 4159 et
2089 4102 2351 4160 ferventia
2375 4100 2748 4162 nominantur,
2785 4111 2905 4164 quae
2931 4104 3110 4147 autem
3130 4090 3404 4147 contraria
3429 4098 3578 4152 sunt,

2009 4197 2228 4265 frigida,
2254 4203 2308 4249 et
2343 4193 2586 4249 charitas
2619 4191 2912 4244 multorum
2962 4185 3316 4253 refrigescere
3351 4181 3465 4252 (58)
3483 4181 3582 4259 ‘di-

2008 4296 2149 4350 citur
2180 4292 2314 4362 (59).
2339 4287 2724 4356 requirendum
2756 4291 2839 4335 est
2862 4295 2932 4332 ne
2963 4278 3101 4331 forte
3141 4281 3197 4326 et
3235 4284 3436 4324 nomen
3465 4269 3585 4321 ani-

1937 4378 1979 4432 D
2009 4400 2111 4440 ma:
2134 4360 2276 4451 quod
2303 4378 2488 4432 Graece
2513 4375 2708 4429 dicitur
2727 4371 2892 4440 ψυχή,
2917 4383 2946 4421 a
2967 4361 3364 4435 refrigescendo
3384 4360 3493 4431 (60)
3517 4361 3584 4415 de

2009 4482 2156 4531 statu
2181 4468 2443 4526 diviniore
2465 4481 2529 4520 ac
2557 4463 2798 4526 meliore,
2828 4459 3032 4514 dictum
3066 4454 3156 4518 sit,
3187 4461 3242 4506 et
3267 4451 3582 4506 translatum

1597 4701 1752 4754 Deut.
1795 4710 1869 4761 iv,

2061 4689 2107 4761 ιςι
2131 4685 2296 4761 pleb“
2342 4699 2378 4744 ι,
2407 4682 2494 4761 9,-
2534 4676 2786 4761 θοεὶιιοά.
2820 4688 2900 4735 ιιι,
2940 4671 3014 4761 2."
3069 4668 3314 4761 “nihilnil.
3347 4681 3444 4731 xii,

2597 4747 2828 4800 6‘Auios
2878 4759 2956 4808 ix,
2986 4742 3041 4797 5.
3111 4739 3153 4771 ⁸⁷
3195 4737 3298 4821 {ob
3355 4737 3576 4802 xu,54.

2071 4991 2136 5046 54
2180 4988 2271 5043 Sic
2299 4998 2432 5040 mss.
2463 4980 2608 5037 Alias
2635 4973 2889 5046 pessime,
2927 4989 2946 5021 ι
2984 4960 3331 5023 succurrerit.
3377 4959 3411 5009 ι’

2071 4989 2159 5130 55)
2195 5058 2284 5130 Sic
2309 5051 2640 5130 mss.__Alias,
2676 5066 2694 5098 ι
2725 5045 3019 5130 (dicetur-Li
3046 5122 3153 5130 ﬂ“
3244 5103 3411 5130 mm

2047 4991 2159 5115 (54)
2180 4991 2271 5069 Sic
2299 4998 2432 5040 mss.
2463 4991 2608 5062 Alias
2635 4991 2889 5056 pessime,
2927 4991 2946 5021 ι
2984 4991 3019 5023 δι

2047 5063 2139 5115 (55
2195 5059 2284 5114 Sic
2309 5070 2440 5110 mss.
2475 5052 2640 5107 Alias.
2676 5066 2694 5098 ι
2730 5047 2958 5100 dicetur.
3002 5056 3019 5088 ι

2071 5063 2159 5130 55)
2195 5063 2284 5114 Sic
2309 5070 2440 5110 mss.
2475 5063 2640 5119 Alias,
2676 5066 2694 5098 ί
2730 5063 2958 5100 (licetur.
3002 5063 3019 5088 ι
3303 5103 3313 5114 .

2047 5063 2312 5209 (ὅςῆ-,Νοη
2341 5124 2670 5180 mediocrem.
2725 5115 2814 5170 Sic
2846 5120 2993 5167 recte
3046 5122 3176 5163 mss.
3233 5103 3379 5159 Alias
3403 5113 3552 5162 vero,
3615 5185 3622 5190 1

1983 5222 2001 5255 ι
2047 5201 2392 5256 ὴιὲᾱὶορτθῐη.
2430 5213 2450 5244 ›

2545 5260 2711 5315 Deest
2746 5254 2799 5309 in
2834 5261 2995 5309 antea
3031 5247 3211 5312 editis,
3245 5242 3341 5298 sed
3385 5239 3556 5294 habe-

1980 5350 2067 5398 tur
2095 5343 2151 5396 in
2180 5354 2310 5395 mss.

2053 5376 2450 5484 i518|)lSiachmss.
2481 5401 2654 5463 Alias,
2695 5417 2714 5449 ι
2750 5411 2870 5484 qua:
2913 5401 3094 5484 autem
3137 5382 3408 5440 contraria
3459 5376 3556 5430 fri-

2346 5521 2470 5601 Ilili:
2488 5521 2886 5620 tljdriqenialtz,
2912 5548 2989 5620 q.‘
3097 5541 3249 5581 num.
3288 5521 3346 5601 5.

2057 5605 2165 5695 (ὁὸ)
2200 5621 2289 5678 Sic
2318 5631 2448 5676 mss.
2484 5605 2701 5675 Aliasﬁ
2737 5623 2766 5661 a
2799 5605 3012 5672 frigesc.
3053 5616 3071 5651 ι
