4014 6142
418 269 524 324 2‘35

1652 267 1973 324 ORIGENIS
2013 266 2171 319 ΠΕΡΙ
2205 263 2437 318 ΑΡΧΩΝ

3559 265 3668 320 9⁸24

419 384 549 439 inde
582 387 723 452 quod
753 400 817 440 ex
849 388 1036 443 calore
1073 389 1163 443 illo
1211 386 1442 442 naturali
1498 397 1554 442 et
1605 388 1790 444 divino
1828 388 1982 442 refri-
2013 391 2057 447 Α
2089 385 2202 437 licet
2231 385 2403 438 inrita'
2433 381 2714 450 compulste
2744 383 2847 436 sint
2871 381 3059 450 subjici
3074 383 3319 447 vanitati,
3343 384 3406 438 ob
3444 386 3692 451 premis

417 475 564 530 xisse
584 477 835 532 videatur
857 518 874 544 ,
905 490 960 533 et
1005 480 1123 534 ideo
1164 481 1214 533 in
1247 480 1349 533 hoc
1384 494 1493 548 quo
1520 493 1660 533 nunc
1687 489 1772 535 est
1805 487 1981 542 statu,

417 575 474 620 et
539 567 797 624 vocabulo
833 570 931 625 sila
967 570 1054 626 sit.
1095 570 1332 642 Denique
1371 572 1585 644 proprie
1643 568 1985 624 laudabiliter

419 656 657 708 animam
687 657 810 725 poni
843 657 893 708 in
921 656 1220 725 Scripturis
1253 659 1484 722 sanctis,
1514 658 1726 726 require
1746 657 1790 711 si
1829 656 1986 712 facile

420 744 705 810 invenias;
759 745 1101 814 culpabiliter
1139 756 1320 802 autem
1368 749 1681 817 frequenter
1724 751 1982 811 occurrit,

419 845 476 888 ιιι
501 835 609 889 ibi:
681 856 698 885 ι
732 837 923 889 Anima
954 838 1090 890 mala
1127 838 1302 908 perdit
1331 837 1439 910 (6l)
1461 853 1582 892 eum
1616 840 1707 908 qui
1744 839 1987 908 possidet

418 940 578 991 eam;
611 945 628 978 ι
655 937 707 980 et
738 927 944 981 (anima
977 945 1096 997 quze
1147 938 1364 997 peccat,
1416 930 1529 997 ipsa
1564 931 1820 983 morietur
1849 929 1915 980 ⁷ο.
1961 945 1982 979 ι

417 1017 604 1071 Postea
636 1015 782 1070 enim
807 1032 968 1085 quam
999 1017 1203 1070 dictum
1223 1025 1339 1072 est:
1366 1036 1383 1068 ι
1417 1020 1614 1072 Omnes
1640 1017 1830 1071 animae
1855 1031 1987 1068 mea:

415 1115 559 1169 situt,
585 1106 725 1159 sicut
750 1107 932 1159 anima
964 1107 1155 1174 patris,
1180 1107 1252 1160 ita
1282 1107 1461 1160 anima
1489 1107 1582 1160 lilii
1610 1121 1728 1160 mea
1753 1115 1833 1158 est
1853 1104 1896 1134 τι
1920 1121 1934 1168 ;
1962 1122 1980 1153 ι

415 1197 601 1264 utique
644 1211 986 1264 consequens
1040 1196 1322 1250 videbatur
1372 1213 1431 1252 ιιι
1489 1199 1692 1253 diceret
1735 1218 1745 1251 :
1793 1193 1986 1247 Anima

412 1303 530 1356 quze
558 1287 670 1355 agit
698 1286 989 1355 justitiam,
1035 1288 1149 1356 ipsa
1189 1286 1484 1341 salvabitur
1507 1303 1520 1351 ;
1547 1294 1602 1340 et
1636 1283 1818 1338 anima
1868 1298 1988 1351 quae

410 1383 640 1444 peccat,
685 1375 799 1441 ipsa
848 1376 1130 1432 morietur.
1194 1376 1296 1430 Sed
1361 1391 1505 1431 nunc
1559 1374 1800 1428 videmus
1849 1389 1977 1441 quo-

413 1466 559 1518 niam
583 1466 726 1533 quod
762 1465 1032 1534 culpabile
1060 1466 1275 1534 quidem
1318 1475 1404 1519 est
1433 1507 1446 1531 ,
1489 1465 1737 1535 adjunsit
1767 1466 1832 1518 ad
1862 1465 1984 1518 ani-

412 1571 594 1610 mam:
647 1559 792 1625 quod
844 1565 1025 1610 autem
1069 1559 1230 1613 laude
1282 1559 1500 1626 dignum
1541 1567 1695 1622 erat,
1747 1558 1981 1611 reticuit.

414 1645 596 1718 [Παρὰ
613 1647 709 1718 τὴν
725 1648 1039 1701 ἀπόπτωσιν
1058 1648 1168 1718 (62)
1239 1649 1350 1719 96
1376 1647 1670 1703 Videndum
1715 1662 1844 1714 ergo
1881 1660 1982 1712 est,

413 1736 509 1790 καὶ
524 1737 619 1806 τὴν
641 1738 800 1806 ψύξιν
831 1739 926 1808 τὴν
949 1740 1053 1790 ἀπὸ
1076 1736 1168 1790 τοῦ

413 1827 514 1901 ζῇν
537 1830 613 1899 τῷ
641 1830 931 1899 πνεύματι,
951 1831 1169 1898 γέγονεν
1242 1845 1308 1882 ex
1347 1831 1464 1898 ipso
1496 1830 1714 1882 nomine
1744 1829 1988 1882 declara-

411 1906 558 1990 ήῖιῦν
578 1922 1020 1994 γεγομένηψυχὴ,
1035 1919 1168 1975 οὖσα.

411 2011 505 2063 καὶ
526 2012 744 2082 δεκτικὴ
775 2013 876 2080 τῆς
908 2013 1166 2065 ἐπανόδου

409 2102 507 2172 τῆς
535 2104 618 2172 ἐφ’
652 2106 788 2174 ὅπερ
812 2101 878 2176 ἦν
912 2107 968 2157 ὲν
999 2107 1161 2175 ἀρχῇ·

406 2197 543 2269 ὅπερ
569 2199 777 2268 νομίζω
791 2199 1045 2267 λέγεσθαι
1062 2201 1164 2254 ὑπὸ

409 2289 502 2340 τοῦ
557 2291 847 2360 ,Προφήτην
929 2292 986 2343 ὲν
1053 2291 1158 2360 τῷ·

415 2399 435 2432 ι
476 2382 848 2453 Ἐπίστρεψον,
865 2384 1007 2455 ψυχή
1040 2402 1164 2454 μου,

408 2475 489 2536 εἰς
517 2474 613 2546 τὴν
646 2475 950 2527 ἀνάπαυσίν
987 2492 1080 2527 σου
1102 2492 1113 2503 ·
1143 2494 1160 2525 ι

409 2566 549 2620 ὥστε
578 2568 696 2620 ὅλον
729 2568 881 2622 τοῦτο
909 2563 1066 2621 εἶναι.

479 2656 501 2681 ⁹
521 2658 667 2721 Νοῦς
700 2675 816 2721 πως
864 2654 954 2710 οὖν
980 2658 1168 2726 γέγονε

406 2748 573 2819 ψυχὴ,
603 2751 697 2803 καὶ
723 2749 868 2820 ψυχὴ
895 2750 1168 2821 κατορθω-

408 2837 561 2891 θεῖσα
593 2839 799 2905 γίνεται
821 2837 962 2902 νοῦς.
994 2840 1073 2892 Ea:
1106 2855 1165 2893 eo

409 2931 547 2998 quod
572 2930 761 2982 decidit
788 2942 833 2982 et
883 2931 1086 2999 refrixit
1129 2948 1159 2983 a

407 3021 636 3089 spiritali
669 3025 798 3086 vita,
823 3023 960 3092 facta
995 3035 1069 3077 est
1098 3042 1161 3077 a-

410 3115 585 3176 nima,
633 3131 748 3184 qua:
789 3117 948 3168 etiam
995 3117 1048 3168 in
1107 3117 1162 3167 id

405 3212 545 3279 quod
578 3211 642 3262 ab
669 3211 817 3263 initio
837 3213 964 3274 fuit,
995 3213 1164 3264 redire

407 3311 595 3367 potest.
633 3299 787 3365 Quod
833 3319 864 3353 α
903 3301 1163 3369 Pmplteta

409 3391 697 3460 signiﬁcm'i
737 3392 997 3458 arbitror,
1041 3395 1164 3446 dum

410 3483 516 3536 ait:
552 3502 570 3534 ι
621 3483 925 3549 Revertere,
987 3486 1162 3538 anima

412 3558 546 3636 mea,
580 3574 634 3626 in
665 3577 889 3644 requiem
926 3584 1072 3628 tuam
1097 3617 1110 3642 ,
1138 3595 1156 3628 ι

411 3677 467 3720 ut
496 3677 658 3723 totum
685 3668 780 3723 ltoc
810 3671 900 3723 sit.

1243 1922 1307 1984 ri,
1339 1920 1405 1974 ab
1446 1937 1510 1975 eo
1537 1920 1678 1989 quod
1718 1921 1990 1973 refrixerit

1239 2028 1266 2064 a
1325 2009 1539 2064 fervore
1601 2009 1874 2076 jnstorum
1934 2021 1989 2064 et

1237 2100 1401 2152 divini
1437 2099 1574 2168 ignis
1614 2099 1992 2168 participatio-

1237 2204 1304 2242 ne
1335 2187 1445 2258 (65)
1471 2189 1641 2260 ψυχή,
1675 2189 1726 2242 id
1763 2200 1845 2243 est
1872 2190 1990 2242 ani-

1237 2297 1326 2335 ma
1359 2282 1624 2348 appellata
1651 2281 1742 2344 sit,
1778 2297 1874 2337 nec
1911 2292 1991 2336 ta-

1239 2391 1362 2429 men
1434 2377 1613 2429 amisit
1677 2375 1987 2430 facultatem

1241 2466 1555 2520 restituendi
1621 2481 1680 2520 se
1740 2469 1791 2520 in
1841 2467 1988 2521 illum

1239 2570 1436 2616 statum
1475 2561 1736 2629 fervoris,
1789 2563 1841 2616 in
1883 2578 1990 2632 quo

1239 2669 1307 2706 ex
1365 2655 1517 2708 initio
1562 2653 1683 2708 fuit.
1737 2654 1889 2709 llnde
1937 2668 1991 2711 et

1235 2743 1505 2812 Propheta
1541 2745 1646 2798 tale
1677 2745 1879 2814 aliquid
1910 2749 1990 2800 vi-

1235 2836 1394 2888 detur
1419 2835 1728 2898 estendere,
1754 2851 1874 2888 cum
1906 2835 1989 2888 di-

1236 2923 1344 2976 cit:
1383 2939 1401 2972 ι
1445 2922 1760 2992 Revertere,
1802 2924 1985 2978 anima

1238 3030 1378 3076 mea,
1395 3016 1445 3068 in
1461 3015 1700 3084 requiem
1724 3027 1868 3068 luam
1885 3018 1951 3069 τ’.
1965 3035 1983 3068 ι

1236 3111 1309 3164 Et
1345 3111 1541 3178 quibus
1583 3110 1696 3181 (6i)
1738 3113 1988 3165 omnibus

1238 3202 1364 3255 illud
1381 3201 1834 3265 videturostendi,
1847 3203 1988 3268 quod

1237 3309 1387 3347 mens
1415 3294 1482 3347 de
1514 3302 1656 3347 statu
1679 3308 1778 3348 suo
1809 3310 1872 3348 ac
1906 3295 1986 3349 di-

1236 3389 1441 3458 gnitate
1463 3388 1764 3454 declinans,
1798 3387 1987 3443 eﬂ‘ecta

1236 3483 1319 3537 vel
1349 3493 1652 3551 nuncupata
1683 3485 1984 3549 estanima;

1234 3589 1356 3642 quae
1385 3573 1431 3626 si
1457 3584 1704 3642 reparata
1731 3573 1892 3627 fuerit
1931 3583 1989 3628 et

1237 3677 1505 3729 correcta,
1541 3669 1683 3722 redit
1715 3669 1766 3722 in
1798 3668 1901 3724 hoc
1932 3677 1989 3722 ut

1237 3764 1308 3817 sit
1331 3778 1500 3840 mens.

1018 3911 1211 3952 \‘ERSIO
1239 3913 1381 3951 ﬂlElI.

484 4007 504 4030 ⁶
522 4006 685 4070 Νοῦς,
705 4008 760 4060 id
779 4017 874 4073 est,
908 4025 1051 4061 mens
1070 4026 1317 4062 corruens
1335 4009 1474 4076 facta
1495 4020 1566 4062 est
1585 4010 1785 4071 artiora,
1807 4019 1853 4061 et
1868 4026 1988 4062 rur-

413 4100 726 4149 {unian'ma
757 4100 1017 4150 instructa
1049 4098 1336 4150 virtutibus
1368 4114 1510 4150 mem
1535 4099 1645 4162 ﬁet.
1677 4098 1828 4162 Quod
1847 4109 1894 4150 et
1925 4099 1987 4151 de

411 4187 585 4238 animo
604 4184 746 4242 Esau
761 4197 1055 4241 scrutantes
1071 4203 1346 4256 possumus
1361 4189 1608 4252 invenire,
1628 4201 1836 4256 propter
1849 4191 1986 4242 antio

408 4293 515 4344 qua
534 4289 746 4346 peccata
771 4295 888 4332 eum
935 4281 988 4331 in
1017 4280 1265 4333 deteriori
1291 4281 1397 4332 vita
1423 4295 1533 4332 esse
1559 4281 1886 4332 damnatum.
1918 4279 1986 4332 Et

408 4370 472 4422 de
492 4370 777 4424 razlestibas
794 4373 1157 4441 requirendum
1182 4383 1279 4434 est,
1292 4373 1429 4441 quod
1447 4388 1548 4428 non
1565 4388 1623 4425 eo
1643 4381 1868 4438 tempore
1886 4388 1985 4440 quo

2093 477 2430 544 futurorum;
2465 490 2570 527 non
2601 490 2755 526 suam
2788 472 2982 539 facere,
3014 473 3100 525 sed
3133 471 3396 527 Creatoris
3423 474 3669 530 volunta—

2092 575 2216 627 tem,
2242 582 2272 617 a
2301 581 2400 634 quo
2424 565 2478 616 in
2498 563 2607 616 lure
2641 562 2806 632 oﬁicia
2834 563 3131 615 distributi:
3159 561 3342 633 sunt.]
3532 624 3552 643 .

2157 657 2212 710 4.
2245 657 2398 723 Quod
2423 657 2464 711 si
2499 657 2572 708 ita
2609 664 2714 718 est,
2747 654 3002 708 decessus
3025 653 3144 722 ipse
3178 656 3376 710 mentis
3408 670 3471 710 ac
3499 657 3668 712 devo—

2090 747 2223 802 lutio
2255 748 2470 801 videtur
2503 747 2634 800 mihi
2681 746 2824 815 quod
2873 762 2978 802 non
3013 747 3240 816 aequalis
3263 748 3504 801 omnium
3534 763 3668 801 sen-

2090 839 2304 892 ticndus
2335 839 2425 901 sit,
2453 837 2546 893 sed
2583 837 2663 891 vel
2688 837 2810 909 plus
2833 837 2914 891 vel
2947 838 3125 892 minus
3150 838 3201 890 in
3231 838 3467 891 animam
3500 838 3664 903 verti,

2090 937 2146 983 et
2183 928 2390 998 aliquas
2440 929 2653 997 quidem
2709 937 2916 983 mentes
2962 943 3181 983 servare
3243 928 3444 998 aliquid
3496 928 3662 982 etiam

2067 1019 2288 1087 prioris
2325 1021 2552 1085 vigoris,
2579 1019 2791 1088 aliquas
2817 1034 2947 1074 vero
2978 1033 3069 1073 aut
3101 1019 3257 1083 nihil,
3283 1029 3375 1073 aut
3405 1020 3666 1090 es-iguum

2091 1111 2310 1179 aliquid.
2346 1110 2501 1166 Unde
2531 1111 2884 1166 inveniuntur
2900 1111 3115 1180 quidam
3135 1113 3318 1165 statim
3347 1111 3415 1166 ab
3444 1113 3666 1166 ineunte

2089 1210 2255 1257 actate
2288 1202 2932 1264 ardentioris‘acuminis,
2967 1203 3054 1256 alii
3079 1219 3207 1259 vero
3228 1205 3503 1271 tardioris,
3529 1221 3666 1261 non.

2092 1288 2221 1342 nulli
2259 1300 2436 1344 autem
2471 1289 2800 1344 obtusissimi
2844 1301 2898 1344 et
2930 1293 3143 1359 penitus
3190 1294 3451 1350 indociles
3486 1297 3657 1351 nasci.

2090 1381 2474 1436 Verumtamen
2508 1383 2658 1449 quod
2713 1383 2952 1438 diximus
3000 1383 3133 1454 (65),
3167 1395 3399 1439 mentem
3454 1388 3505 1440 in
3541 1389 3664 1441 ani-

2089 1487 2231 1526 mam
2259 1473 2418 1536 verti,
2448 1473 2530 1526 vel
2563 1474 2608 1527 si
2636 1488 2750 1542 qua
2775 1473 2876 1527 alia
2905 1475 2954 1526 in
2983 1477 3085 1530 hoc
3117 1478 3374 1530 videntur
3402 1479 3663 1546 aspicere,

2090 1561 2346 1617 discutiat
2374 1566 2512 1632 apud
2538 1578 2596 1618 se
2632 1565 2722 1632 qui
2749 1564 2880 1634 legit
2909 1565 3220 1634 diligentius
3245 1577 3299 1619 et
3328 1577 3659 1635 pertractet;
3745 1614 3748 1616 _

2092 1668 2120 1704 a
2175 1655 2327 1708 nobis
2373 1663 2553 1708 tamen
2600 1671 2704 1708 non
2761 1666 3018 1724 putentur
3055 1657 3199 1711 velut
3251 1659 3502 1728 dogmata
3544 1675 3666 1715 esse

1243 1756 1309 1795 ne
1352 1741 1494 1795 forte
1518 1780 1536 1805 ,
1581 1741 1725 1794 sicut
1759 1741 1990 1794 diximus
2023 1743 2061 1796 Β
2088 1744 2317 1812 prolata,
2356 1748 2451 1798 sed
2481 1747 2743 1799 tractandi
2775 1762 2922 1799 more
2964 1763 3028 1800 ac
3075 1750 3384 1815 requirendi
3407 1765 3527 1807 esse
3543 1750 3668 1809 dis-.

2093 1853 2241 1893 cuss.
2325 1837 2502 1889 Addat
2533 1845 2712 1890 autem
2737 1845 2793 1890 et
2835 1837 2937 1890 hoc
2963 1837 3056 1906 qui
3095 1839 3224 1907 legit
3247 1843 3312 1892 ad
3347 1847 3664 1908 tractatum,

2093 1924 2231 1992 quod
2268 1925 2432 1978 etiam
2461 1927 2528 1978 de
2553 1926 2852 1980 Salvatoris
2885 1928 3063 1981 anima
3086 1944 3150 1982 ex
3190 1930 3274 1982 his
3297 1931 3514 1997 quidem
3543 1948 3663 1998 quae

2093 2012 2144 2064 in
2204 2013 2488 2083 Evangelio
2529 2016 2730 2082 scripta
2786 2018 3323 2082 sunt,ohservatnr,
3369 2023 3510 2087 quod
3561 2021 3664 2074 alia

2091 2112 2216 2156 sunt
2250 2119 2371 2172 quae
2403 2104 2449 2156 ei
2479 2104 2579 2157 sub
2609 2105 2803 2158 anima:
2833 2108 3056 2160 nomine
3084 2108 3454 2174 ascribuntur,
3482 2122 3536 2164 et
3561 2112 3669 2166 alia

2091 2210 2212 2262 qua:
2258 2196 2358 2247 sub
2395 2194 2632 2264 Spiritus
2685 2197 2904 2251 nomine
2937 2199 3288 2265 deputantur.
3357 2199 3489 2253 Nam
3540 2219 3662 2257 cum

2093 2283 2401 2350 passionem
2440 2283 2678 2353 aliquant
2716 2286 2799 2340 vel
2831 2289 3294 2355 perturbationem
3329 2291 3410 2343 sui
3443 2292 3557 2344 vult
3581 2293 3668 2346 in-

2092 2375 2294 2438 dicare,
2335 2375 2435 2428 sub
2463 2376 2656 2429 animae
2706 2377 2922 2430 nomine
2951 2377 3181 2443 indicat,
3233 2388 3290 2433 ut
3343 2396 3462 2434 cum
3497 2383 3667 2440 dicit:

2097 2483 2116 2514 ι
2159 2463 2310 2519 Nunc
2335 2466 2511 2518 anima
2545 2481 2660 2518 mea
2687 2469 2895 2521 turbata
2923 2455 3142 2535 εει’⁷³,ι
3175 2480 3229 2524 et
3256 2487 3325 2526 :_s
3363 2470 3559 2524 Tristis
3585 2481 3671 2528 est

2092 2559 2272 2610 anima
2306 2573 2421 2611 mea
2459 2573 2628 2625 usque
2657 2558 2722 2610 ad
2762 2569 2987 2611 mortem
3021 2559 3086 2622 7‘,
3134 2579 3152 2610 ι
3183 2570 3272 2614 et:
3311 2580 3329 2612 ι
3367 2560 3537 2614 Nemo
3567 2561 3666 2614 tol-

2092 2648 2152 2700 lit
2190 2649 2424 2700 animam
2447 2662 2620 2700 meam
2642 2645 2774 2718 (66);
2798 2649 2891 2701 sed
2911 2663 3011 2716 ego
3035 2665 3178 2717 pono
3204 2665 3321 2703 eam
3341 2652 3439 2703 abs
3463 2652 3625 2705 me".
3643 2670 3660 2702 ι

2093 2739 2146 2792 In
2185 2753 2376 2792 manus
2410 2749 2591 2790 autem
2633 2737 2808 2790 Patris
2851 2741 3198 2791 commendat
3244 2755 3347 2792 non
3399 2741 3661 2806 animam,

2093 2827 2184 2882 sed
2214 2828 2494 2896 spiritum;
2544 2838 2598 2880 et
2627 2841 2748 2878 cum
2778 2841 2998 2879 carnem
3033 2828 3178 2881 dicat
3226 2828 3518 2895 infirmam,
3555 2844 3660 2884 non

2092 2919 2330 2969 animam
2359 2925 2662 2984 promptam
2698 2915 2854 2978 dicit,
2897 2917 2988 2986 sed
3023 2918 3308 2986 Spiritum;
3343 2921 3482 2972 unde
3512 2919 3662 2973 vide-

2096 3019 2181 3062 tur
2204 3009 2353 3076 quasi
2385 3009 2619 3060 medimu
2642 3008 2912 3074 quoddam
2935 3021 3056 3062 esse
3079 3009 3256 3062 anima
3280 3009 3420 3063 inter
3439 3023 3660 3064 carnem

2017 3090 2058 3145 C
2093 3098 2360 3152 infirmam
2390 3107 2444 3150 et
2477 3097 2726 3165 spiritum
2767 3107 3097 3166 promptum.

2163 3188 2216 3241 5.
2248 3187 2352 3241 Sed
2385 3186 2638 3240 fortassis
2661 3197 2912 3241 occurrat
2951 3188 3103 3241 nobis
3136 3187 3332 3256 aliquis
3360 3203 3424 3242 ex
3460 3188 3547 3242 his
3596 3190 3664 3244 de

2091 3278 2286 3344 quibus
2325 3276 2422 3346 ipsi
2460 3275 2511 3327 iu
2548 3275 2748 3329 nostris
2776 3277 3238 3343 propositionibus
3259 3278 3658 3342 admonuimus,

2089 3377 2145 3420 et
2177 3366 2358 3418 dicat:
2401 3365 2681 3430 Quomodo
2714 3379 2843 3434 ergo
2887 3367 3050 3419 etiam
3085 3365 3174 3418 Dei
3207 3365 3386 3419 anima
3419 3365 3661 3421 dicitur?

2089 3455 2186 3511 Cui
2225 3455 2669 3526 respondebimus
2728 3457 2827 3509 hoc
2879 3457 3073 3509 modo:
3125 3455 3250 3523 quia
3286 3455 3426 3509 sicut
3473 3457 3656 3509 omnia

2091 3565 2210 3618 qme
2259 3549 2620 3617 corporaliter
2647 3546 2756 3617 (67)
2789 3547 2854 3601 de
2892 3549 2996 3600 Deo
3027 3547 3310 3611 dicunturj,
3363 3548 3414 3600 id
3463 3558 3545 3602 est
3575 3548 3659 3602 vel

2090 3641 2272 3710 digiti,
2304 3639 2388 3692 vel
2433 3653 2647 3700 manus,
2687 3635 2773 3691 vel
2802 3638 3046 3698 brachia,
3082 3637 3164 3690 vel
3198 3637 3340 3691 oculi
3365 3676 3380 3701 ,
3413 3637 3492 3691 vel
3541 3653 3657 3706 pes,

2089 3736 2171 3786 vel
2202 3748 2283 3797 os,
2315 3733 2544 3784 dicimus
2564 3746 2669 3782 non
2697 3730 2809 3782 lia-.0.
2844 3729 3077 3782 lnnnaua
3115 3731 3377 3788 membra,
3411 3731 3504 3783 sed
3547 3731 3659 3783 vir-

2091 3827 2230 3875 tutes
2258 3818 2372 3886 ejus
2394 3819 2654 3888 quasdam
2685 3819 2736 3870 in
2767 3819 2850 3870 his
2883 3833 3268 3885 cor-porcorum
3294 3819 3653 3873 membrorum

2089 3913 2535 3982 appellationibus
2564 3911 2824 3976 indicari;
2875 3911 2945 3963 ita
2981 3920 3034 3964 et
3090 3925 3210 3963 esse
3252 3902 3454 3978 aliquid
3510 3911 3654 3966 aliud

2091 4005 2384 4075 putandum
2439 4013 2558 4068 est,
2619 4002 2761 4070 quod
2817 4000 2925 4072 (68)
2974 4002 3337 4071 appellatione
3391 4004 3490 4056 hac
3536 4018 3658 4072 qua:

2089 4098 2262 4150 anima
2299 4096 2390 4148 Dei
2441 4096 2662 4161 dicitur,
2710 4095 3000 4148 indicatur.
3051 4095 3116 4148 Et
3142 4095 3183 4147 si
3218 4095 3296 4148 fas
3336 4103 3416 4148 est
3455 4097 3656 4150 audere

2091 4205 2187 4242 nos
2226 4191 2290 4242 in'
2335 4187 2423 4240 tali
2472 4201 2530 4240 re
2584 4185 2816 4253 amplius
2847 4186 3048 4253 aliquid
3105 4187 3288 4240 dicere
3326 4186 3458 4257 (69).
3485 4195 3660 4255 potest

2091 4279 2320 4333 fortasse
2353 4279 2531 4331 anima
2569 4277 2662 4331 Dei
2705 4277 2931 4347 intelligi
2965 4277 3273 4346 unigenitus
3317 4277 3485 4331 Filius
3517 4279 3655 4347 ejus.

2091 4376 2242 4426 Sicut
2269 4372 2411 4426 enim
2455 4370 2634 4423 anima
2661 4381 2761 4437 per
2791 4384 2952 4423 omne
2997 4382 3194 4436 corpus
3226 4367 3428 4422 inserta
3477 4376 3659 4422 movet

408 4459 579 4526 factus
611 4473 682 4513 est
709 4466 955 4524 minutus,
982 4464 1107 4516 solis
1140 4465 1318 4518 anima
1342 4504 1357 4524 ,
1391 4464 1468 4516 re!
1496 4465 1839 4531 quodcunque
1865 4479 1979 4528 eam
2017 4433 2062 4488 υ
2089 4464 2270 4515 onmia
2307 4470 2361 4514 et
2391 4460 2559 4530 agitat
2591 4473 2711 4527 qum
2729 4470 2987 4526 operatur
3017 4459 3302 4521 universa;
3344 4459 3415 4511 ita
3453 4469 3505 4512 et
3532 4460 3658 4513 uni-

406 4551 664 4615 appellari
696 4561 916 4613 oportet,
951 4569 1059 4604 esse
1085 4554 1316 4618 cmperit,
1349 4551 1439 4605 sed
1477 4563 1756 4620 antequam
1796 4551 1974 4606 lucens

406 4635 538 4686 illud
564 4647 611 4688 et
658 4641 848 4690 ardens
880 4655 1066 4705 corpus
1104 4640 1346 4692 intrm'et.
1376 4640 1449 4692 De
1488 4641 1614 4693 luna
1633 4651 1678 4692 et
1716 4641 1878 4693 stellis
1905 4642 1980 4692 si-

407 4727 599 4784 militer
643 4731 930 4782 sentiamus
958 4773 972 4797 ,
1009 4734 1147 4797 quod
1193 4748 1256 4784 ea:
1311 4732 1485 4783 causis
1541 4733 1975 4798 prwcedentibus,

2090 4554 2302 4618 genitus
2330 4550 2496 4604 Filius
2521 4549 2633 4613 Dei,
2653 4552 2743 4617 qui
2775 4559 2858 4603 est
2884 4547 3118 4603 Verbum
3143 4559 3196 4602 et
3223 4550 3484 4616 sapientia
3509 4549 3647 4619 ejus,

2087 4637 2344 4706 pertingit
2370 4646 2424 4690 et
2448 4636 2696 4704 pervenit
2716 4636 2780 4688 ad
2803 4650 3023 4688 omnem
3055 4634 3311 4688 virtutem
3339 4636 3452 4702 Dei,
3482 4637 3657 4691 inser-

2087 4738 2171 4781 tus
2234 4724 2307 4779 ei.
2365 4721 2431 4776 Et
2485 4722 2733 4776 fortassis
2786 4716 2856 4773 ob
2910 4716 3069 4786 hujus
3129 4724 3453 4776 sacramenti
3505 4725 3648 4778 indi—

476 4836 523 4868 "
561 4837 726 4892 Eccli.
763 4854 833 4906 vr,
867 4841 920 4892 4.
1001 4845 1042 4873 ⁷¹
1086 4843 1282 4896 Ezech.
1307 4857 1465 4908 XVIII,
1491 4841 1544 4895 4.
1606 4817 1831 4896 “'Psal.
1862 4857 1982 4896 cxtv

2092 4879 2101 4894 .
2162 4839 2207 4870 ⁷³
2258 4836 2416 4894 Joan.
2449 4853 2547 4904 xu,
2583 4837 2675 4897 27.
2747 4839 2793 4870 ⁷⁵
2830 4839 3021 4900 Matth.
3058 4853 3209 4904 sui,
3243 4837 3330 4894 '58.
3410 4838 3454 4869 ⁷⁸
3487 4836 3645 4894 Joau.

407 4921 462 4970 χ,
507 4909 593 4964 l8.

476 5067 587 5137 (6|)
628 5068 742 5122 Ibi:
771 5085 947 5123 animo
999 5076 1141 5123 mala
1181 5071 1371 5138 perdit.
1418 5069 1511 5123 Sic
1557 5085 1690 5124 mss.
1725 5071 1779 5123 In
1813 5070 1971 5124 editis

413 5154 430 5186 ι
478 5139 603 5208 ibis
637 5139 925 5208 omittitur,
957 5151 1010 5194 et
1039 5154 1140 5204 pro
1177 5161 1192 5190 ι
1225 5141 1363 5193 mala
1406 5159 1422 5191 ι
1461 5139 1654 5208 legitur
1696 5159 1714 5190 ι
1753 5139 1914 5195 male.
1950 5160 1966 5190 ι

2087 5047 2092 5049 ’
2143 5063 2253 5136 (65)
2293 5061 2427 5136 Vide
2459 5061 2494 5116 Ι.
2529 5075 2566 5115 ιι
2599 5053 2930 5136 Origenia_n.,
2961 5075 3013 5127 q.
3052 5057 3105 5122 6,
3136 5076 3190 5113 η.
3231 5059 3371 5136 l2_et
3413 5059 3500 5115 l3.

2139 5130 2250 5204 (66)
2293 5130 2359 5190 Et
2397 5148 2546 5187 nemo
2598 5132 2742 5204 tollit
2767 5131 3001 5204 animant
3053 5145 3240 5204 meam.
3298 5130 3639 5204 ilmcietiam

479 5206 588 5276 (62)
618 5206 782 5273 Παρὰ
807 5208 919 5275 τὴν
941 5201 1310 5269 ἀπόπτωσιν,
1335 5219 1443 5266 etc.
1478 5201 1598 5262 Ilvaec
1620 5210 1888 5261 lmbenlur
1910 5212 1975 5262 ad

2092 5201 2265 5260 Iesunt
2317 5205 2370 5256 in
2414 5212 2574 5256 antea
2611 5201 2799 5261 editis,
2847 5201 2940 5253 sed
2991 5201 3042 5253 in
3076 5202 3330 5257 omnibus
3373 5203 3643 5256 habentur

407 5275 612 5328 calcem
642 5277 884 5345 epistola:
914 5277 1207 5332 Justiniani
1239 5281 1305 5332 ad
1337 5279 1565 5343 Monam,
1587 5277 1771 5332 Latina
1791 5289 1975 5332 autem
2068 5290 2200 5345 mss.

410 5346 796 5418 interpretatio
829 5351 1027 5412 partim
1062 5359 1243 5418 exstat
1290 5350 1341 5402 in
1391 5350 1618 5418 epistola
1666 5349 1976 5418 Hieronymi

2135 5341 2654 5424 (67)_Corporaliter.
2689 5341 2850 5395 Deest
2895 5338 2948 5392 in
2983 5347 3138 5393 antea
3168 5338 3349 5404 editis,
3395 5338 3492 5394 sed
3543 5339 3640 5392 ha-

410 5417 474 5465 ad
504 5415 743 5489 Avitum,
778 5432 843 5469 ex
893 5434 999 5486 qua
1034 5417 1212 5489 palam
1245 5431 1327 5473 est
1364 5415 1532 5473 multa
1589 5419 1842 5470 Rufinum
1872 5415 1982 5472 'in-
2065 5415 2320 5489 hetupitr
2347 5428 2476 5489 mss.

413 5488 760 5552 terpretando
782 5488 1051 5543 omisisse.

484 5556 596 5635 (65)
630 5553 1074 5637 (Ρανρὶιιὶραιὶρηε.
1107 5555 1273 5611 Deest
1320 5558 1372 5611 in
1427 5567 1585 5614 antea
1617 5557 1797 5625 editis,
1853 5557 1954 5611 lice

414 5630 714 5690 reperiatur
747 5630 797 5678 in
823 5630 1072 5681 omnilms
1103 5641 1238 5682 mss.

487 5692 598 5764 (64)
632 5691 759 5749 Vide
784 5697 818 5748 ι.
854 5713 888 5750 ιι
927 5698 1259 5767 0rigrnian.,
1285 5713 1335 5766 ξι.
1372 5698 1423 5765 6,
1456 5713 1507 5752 ιι.
1539 5697 1593 5751 4.

2138 5483 2248 5555 (68)
2289 5483 2504 5552 Aliquid
2530 5480 2679 5555 aliud
2723 5481 3011 5555 putandum
3055 5485 3311 5548 estquod.
3362 5474 3455 5532 Sic
3503 5493 3637 5555 mss.

2068 5548 2185 5607 Lib.
2216 5548 2342 5607 vero
2370 5548 2521 5618 editi,
2558 5569 2576 5602 ι
2609 5552 2752 5605 aliud
2786 5549 3085 5620 putandum
3111 5560 3195 5604 est
3214 5563 3378 5619 quam
3418 5548 3584 5620 quod,
3609 5565 3636 5604 ι

2069 5635 2176 5679 CIC.

2142 5691 2252 5762 (69)
2287 5691 2457 5746 Caute
2487 5692 2624 5762 lege.
