4014 6142
342 275 450 335 235

346 490 696 554 describitur.
724 499 1184 557 Considerandum
1215 490 1345 556 sane
1370 511 1470 564 est,
1498 514 1566 553 ne
1591 498 1726 552 forte
1752 497 1920 566 possit

345 594 510 644 etiam
564 606 661 660 pro
709 591 812 645 ltoc
845 589 953 662 (7|)
982 591 1158 641 anima
1201 590 1292 642 Dei
1349 587 1576 658 intelligi
1609 586 1934 654 Unigenitus

342 680 484 749 ejus,
516 683 769 750 quoniam
811 683 960 735 venit
983 690 1037 735 et
1064 683 1182 748 ipse
1216 681 1269 734 iu
1300 680 1478 734 locum
1509 681 1652 733 hunc
1690 679 1938 735 aﬁlictio-

344 773 452 839 nis,
489 783 545 825 et
593 773 646 826 in
679 773 979 828 convallem
1031 771 1190 826 ﬂetus
1227 772 1525 835 descendit,
1567 781 1621 825 ct
1650 773 1704 825 in
1752 772 1929 826 locum

343 864 740 920 humiliationis
773 874 972 919 nostra!
999 881 1012 928 ;
1043 864 1336 918 sicutdicit
1363 865 1416 918 iu
1444 862 1659 918 Psaltno
1685 879 1698 916 :
1737 883 1754 913 ι
1787 851 1932 930 Quo-

344 957 491 1010 niam
547 957 846 1010 humiliasti
882 971 980 1010 nos
1015 957 1066 1009 in
1101 957 1220 1011 loco
1253 954 1566 1010 aﬂlictiouis
1601 956 1668 1008 ".
1715 975 1734 1007 ι
1765 955 1930 1009 Deni-

342 1060 451 1114 que
482 1048 598 1100 scio
620 1047 887 1116 quosdam
912 1055 1250 1116 exponentes
1282 1046 1414 1099 illud
1449 1045 1662 1114 quodin
1690 1044 1931 1112 Evange-

341 1138 414 1191 lio
437 1155 464 1191 a
499 1137 787 1194 Salvatore
817 1138 927 1210 (72)
964 1140 1166 1193 dictum
1207 1146 1322 1191 est:
1359 1156 1376 1188 ι
1408 1136 1604 1190 'l'ristis
1636 1146 1720 1190 est
1747 1137 1929 1190 :mima

339 1243 461 1281 mea
494 1243 667 1296 usque
698 1229 764 1281 ad
811 1237 1040 1281 morlent
1069 1229 1154 1293 77;
1189 1246 1206 1279 ι
1254 1227 1642 1295 interpretatos
1695 1243 1815 1282 esse
1863 1227 1930 1281 de

339 1321 650 1387 apostolis,
701 1335 838 1389 quos
903 1319 1048 1372 velut
1100 1319 1354 1374 meliores
1417 1323 1627 1388 reliquo
1699 1333 1932 1388 corpore

341 1416 590 1467 animam
657 1429 813 1469 suam
869 1413 1086 1466 dixerit.
1139 1412 1273 1465 Nam
1309 1414 1435 1481 quia
1476 1411 1768 1465 multitudo
1813 1426 1932 1465 cre-

342 1506 590 1558 dentium
632 1519 828 1573 corpus
866 1504 1016 1557 illius
1040 1503 1259 1564 dicitur,
1307 1504 1584 1570 apostolos
1623 1503 1771 1555 velut
1801 1503 1932 1558 reli-

339 1611 451 1665 quo
482 1612 708 1666 corpore
733 1596 989 1649 meliores
1021 1593 1256 1646 animam
1283 1595 1509 1662 intelligi
1540 1595 1739 1649 debere
1773 1596 1929 1648 dixe-

336 1699 492 1743 runt.
532 1687 657 1742 [lure
685 1696 846 1756 prout
869 1687 1148 1754 potuimus
1181 1688 1245 1740 de
1281 1685 1587 1740 rationabili
1617 1687 1797 1739 anima
1843 1685 1925 1739 tli-

336 1780 624 1832 scntienda
657 1779 833 1849 magis
858 1794 885 1830 a
913 1778 1216 1846 legentibus
1256 1795 1417 1849 quam
1451 1787 1654 1833 statuta
1703 1794 1768 1832 ac
1797 1777 1930 1830 deﬁ-
1965 1747 2003 1799 Β

335 1871 451 1922 uita
488 1871 834 1940 protulimus.
882 1872 956 1924 De
991 1872 1278 1926 animabus
1314 1887 1443 1924 vero
1475 1870 1742 1939 pecudum
1770 1877 1931 1923 caete-

337 1975 642 2030 rorumque
698 1970 976 2016 mutorum
1036 1962 1304 2018 sufﬁciant
1359 1961 1445 2015 illa
1503 1976 1626 2030 quae
1681 1959 1930 2013 absolute

333 2053 597 2120 superius
631 2053 893 2108 diximus.

882 2249 991 2320 97
1033 2247 1260 2305 CAPUT
1304 2247 1396 2320 Ix.

333 2361 414 2414 De
448 2363 647 2416 mundo
677 2362 790 2433 (75)
828 2373 874 2414 et
923 2363 1150 2433 motibus
1202 2359 1597 2413 rationabilium
1647 2369 1925 2433 creatura-

411 2450 558 2496 rum,
599 2433 675 2485 νει
729 2431 1012 2494 bettarunt,
1062 2432 1135 2484 vel
1193 2433 1479 2492 mularum,
1540 2439 1588 2480 et
1647 2431 1710 2481 de
1751 2432 1926 2480 causis

407 2519 541 2555 earn
551 2519 620 2554 m.

411 2617 468 2670 l.
502 2614 611 2666 Sed
643 2627 786 2665 nunc
815 2589 880 2662 ad
909 2607 1631 2680 propositaeidisputationis
1677 2605 1928 2660 ordinem

333 2715 714 2768 revertamur,
741 2711 795 2754 ct
824 2703 1139 2754 intueamur
1204 2707 1470 2750 creatnrre
1502 2696 1736 2757 initium,
1763 2698 1933 2766 quod-

330 2809 570 2862 cunque
627 2793 756 2850 illud
822 2791 1041 2846 initium
1093 2787 1334 2845 creantis
1386 2787 1478 2842 Dei
1513 2801 1666 2841 mens
1699 2787 1933 2857 potuerit

331 2889 573 2943 intuerL

1657 280 1860 336 LIBER
1899 278 2284 338 SECUNDUS.

343 401 492 455 cium
527 405 640 472 (70)
675 421 872 477 corpus
900 411 953 463 in
985 384 1277 478 Scriptur-is
1301 407 1385 464 vel
1410 405 1606 462 dicitur
1635 406 1795 471 Deus,
1835 405 1915 458 vel
1962 407 2005 462 A
2040 418 2239 478 mem"!

2369 403 2785 470 mrelltyibﬂtmn

2035 471 2453 525 salutantium»;
2525 470 2790 524 t'olnntatr

2036 560 2131 594 sua
2228 543 2499 594 Constituit
2624 540 2783 603 Deus,

2073 620 2235 662 tHﬂlO
2281 620 2487 679 poterat
2528 611 2780 677 su/ﬁrcre.

2057 681 2331 732 Dicendum
2385 682 2521 731 enim
2581 680 2782 745 [initam

2035 766 2148 802 esse
2192 748 2285 801 Dei
2339 751 2663 812 potentiam;
2693 766 2785 803 nec

2035 820 2130 872 sub
2162 821 2375 871 obtentu
2433 818 2634 877 laudis,
2686 822 2784 870 tol-

2035 888 2190 940 lenda
2270 888 2383 955 ejus
2450 889 2784 940 circumscri-

2035 957 2142 1022 ptio
2187 969 2287 1010 est.
2328 958 2534 1010 Etenim
2581 959 2625 1009 si
2671 957 2788 1024 inﬁ-

2035 1027 2147 1079 nita
2182 1028 2250 1080 sit
2300 1028 2478 1080 diuina
2526 1028 2784 1094 potentia,

2037 1111 2247 1150 necesse
2297 1109 2370 1149 εει
2426 1113 2541 1148 eam
2589 1113 2652 1148 ne
2707 1113 2787 1148 δε-

2033 1166 2199 1232 ipsam
2226 1168 2436 1235 quidem
2460 1165 2783 1231 intelligere:

2036 1245 2229 1287 natura
2300 1238 2438 1288 enim
2514 1235 2784 1300 inﬁnitum

2034 1305 2404 1369 comprehendi
2463 1322 2564 1357 non
2597 1315 2784 1372 potest.

2039 1372 2210 1425 Tanta
2242 1376 2405 1440 igitur
2435 1377 2581 1441 fecit,
2613 1390 2789 1442 quan-

2035 1450 2086 1491 ta
2127 1455 2330 1507 poterat
2367 1445 2778 1511 ap,-n'eltendere,

2033 1527 2094 1562 ac
2143 1514 2238 1564 sub
2286 1513 2614 1581 providentia
2687 1530 2784 1564 sua

2033 1583 2299 1636 continere
2320 1599 2336 1646 ;
2433 1584 2780 1653 quemadmo-

2032 1653 2156 1702 dum
2188 1663 2234 1704 et
2267 1652 2469 1707 tantam
2501 1652 2784 1703 materiam

2032 1724 2326 1786 apparavit,
2395 1735 2648 1791 quautam
2691 1737 2787 1789 po-

3511 279 3620 336 226

2864 415 2968 456 nec
3029 397 3340 464 contineri,
3382 405 3462 460 vel
3495 405 3611 462 dis-

2862 494 3077 564 pensari
3111 509 3140 546 a
3181 495 3291 548 Deo
3320 508 3442 564 quae
3472 494 3616 549 facta

2862 599 3008 655 sunt,
3035 600 3309 660 poterunt.
3331 589 3582 644 Naturali
3601 621 3617 632 -

2863 696 2947 739 ter
2980 701 3170 754 nempe
3200 685 3464 754 quidquid
3497 683 3612 756 (76)

2859 779 3131 831 inﬁnitum
3182 777 3366 842 fuerit,
3417 787 3474 832 et
3530 779 3614 831 in-

2861 871 3357 939 comprehensibilis
3481 872 3610 926 erit.

2861 963 3030 1018 Porro
3067 974 3250 1018 autem
3284 967 3428 1020 sicut
3458 964 3610 1020 Seri-

2862 1068 3021 1125 ptnra
3049 1059 3223 1112 dicit:
3252 1057 3349 1111 «ln
3387 1074 3614 1113 numero

2859 1160 2914 1202 ct
2957 1165 3218 1203 mensura
3255 1151 3507 1204 universa
3532 1151 3610 1204 ⁷⁸»

2861 1242 3103 1294 condidit
3134 1241 3297 1304 Dens,
3323 1253 3376 1296 et
3411 1243 3615 1298 idcirco

2862 1351 3121 1390 numerus
3173 1337 3396 1404 quidem
3466 1349 3615 1392 recte

2859 1431 3142 1498 aptabilttr
3190 1429 3613 1485 ralionabilibus

2860 1526 3147 1592 creaturis,
3187 1525 3271 1578 vel
3314 1526 3606 1588 mentibus,

2861 1627 2915 1669 ut
2957 1626 3120 1671 tanta:
3171 1617 3279 1671 sint
3326 1629 3541 1684 quantae
3583 1633 3612 1671 a

2861 1709 3199 1777 providentia
3246 1707 3341 1762 Dei
3388 1709 3615 1778 dispen-

335 3025 550 3100 ['va‘tﬁ
583 3025 800 3100 ἐπινρου
810 3021 962 3100 μένῃ.
982 3018 1096 3100 (Ἱέ)

335 3089 486 3176 ἆρχῇ
586 3089 837 3176 ῖοσειῐξτοὺ
922 3089 1096 3176 apto:

391 3147 486 3166 ,M'
525 3163 549 3176 η
978 3147 989 3176 ι
1069 3158 1093 3168 _

379 3147 444 3218 iw
480 3183 559 3234 τῳ
601 3163 900 3234 βουλήμᾳτι.
933 3177 1096 3211 αυτου

375 3231 648 3304 nocti,th
691 3231 781 3304 tot)
813 3231 956 3304 ΘεὸνΔ
979 3245 1097 3304 γοε-

339 3307 454 3375 ρῶν
479 3298 706 3375 (οὖσιῷν,
734 3303 858 3354 ὅσον
896 3298 1097 3368 ἠδύνα-

336 3373 400 3427 ἒεο
469 3373 786 3444 διαρκές-αε-
850 3386 1098 3444 transpa-

339 3445 552 3527 ςμὲνην
566 3437 686 3514 ’γὰρ
704 3437 857 3527 sive}
883 3439 978 3520 κέιὶ
997 3437 1097 3527 ξῆν

337 3509 599 3582 δῦναμξινί
635 3509 731 3564 ’ἐοῦ
803 3509 936 3563 Θεοῦ
1000 3510 1097 3561 λε-

335 3582 518 3646 κτέον,
557 3584 651 3636 καὶ
694 3582 768 3651 μὴ
824 3595 1095 3651 προφασει

339 3654 620 3723 εὐφημίας
668 3651 765 3722 τὴν
827 3665 1091 3723 περιγρα-

341 3724 449 3794 φὴν
475 3724 645 3794 αὐτῆς
696 3724 1093 3794 ξτερίιαιρετὲον..

353 3786 480 3848 Ἒὰν
538 3786 647 3862 γάρ
693 3786 727 3863 ᾗ
766 3786 1008 3863 Ϊάπεὶρος
1041 3790 1096 3863 ,ἡ

338 3863 461 3917 θεῖα
477 3860 726 3931 δύναμιςέζ
753 3861 964 3930 ἀνάγκη
995 3860 1095 3910 αὑ-

272 3954 281 3958 -
338 3934 441 4004 τὴν
479 3931 614 4004 μηδὲ
648 3931 862 4004 -ὲαυτὴν
881 4000 901 4004 η
918 3933 1092 3982 νοεῖν·

338 4000 407 4072 τῇ
454 4000 565 4073 id!)
590 4002 750 4070 φύσει
782 4000 1095 4073 τργᾶπειρον

339 4069 738 4144 ἀὲὲερίὶξητὲντονἐ
817 4069 1094 4144 ΙΙξποίςτᾶε

340 4113 521 4195 τοὶνῧν
565 4113 815 4193 ’τοσαῦτα
862 4133 938 4192 ὧν
986 4113 1098 4190 ἐδύ-

339 4229 470 4265 νατο
514 4228 582 4263 πε
589 4209 964 4282 ριδρᾴξᾳσϐαι,
999 4209 1092 4262 καὶ

337 4283 486 4352 ἔχειν
529 4280 688 4334 αὐτὰ
713 4280 820 4332 ὑπὸ
859 4282 1088 4352 λχξῖραςν

337 4349 436 4405 atati
481 4352 798 4422 ςῖυγκρρτῖῖν
847 4349 953 4422 ὑπρ
993 4351 1092 4418 τὴν

340 4420 508 4474 αὑτοῦ
559 4417 842 4491 ἶπρᾧνοιιιιγ⁶
905 4417 1094 4489 ὥσπερ

341 4493 436 4544 καὶ
494 4489 760 4560 τοσάύτην
781 4489 914 4560 ὓλην
945 4505 1094 4560 ᾐκατο

341 4508 436 4544 και.
494 4508 760 4560 τοσαυτην
781 4508 844 4542 υΛ
883 4508 912 4540 ν
955 4508 1091 4540 σκατ-

341 4561 642 4615 εσκεύασεν
669 4562 803 4631 ὅσην
847 4508 1091 4683 Υᾗδύνιοικιςο

344 4631 784 4683 κατακοσμῆσαι.
836 4629 858 4683 1
947 4638 1032 4683 est
1073 4644 1088 4682 :

344 4629 784 4702 κατακοσμῆσαι.
836 4629 892 4683 Id
947 4638 1032 4684 est
1053 4644 1088 4702 _:

348 4701 409 4753 In
439 4703 531 4754 illo
556 4700 696 4770 quod
728 4711 898 4754 mente
921 4700 1062 4765 perci
1085 4729 1088 4732 «

1175 2995 1236 3047 ln
1267 2993 1355 3072 illo
1389 3006 1517 3060 ergo
1543 2991 1700 3072 initio
1730 3000 1929 3061 putan-

2034 1791 2516 1863 tcratexornarej
2863 1799 3007 1860 sari,
3067 1799 3176 1868 regi
3229 1808 3283 1854 et
3339 1801 3610 1854 centincri

2861 1891 3092 1955 possint.
3155 1889 3410 1946 Mensura
3481 1905 3615 1945 vero

2861 1984 3102 2038 materiae
3124 1986 3388 2052 corporali
3415 2001 3617 2040 conse-

2035 2081 2267 2139 quenter
2312 2071 2426 2143 (77)
2493 2073 2799 2142 optabitur;
2851 2090 3014 2143 quam
3073 2075 3260 2144 utique
3308 2086 3526 2144 tantum
3582 2091 3612 2128 a

2037 2161 2143 2215 Deo
2184 2176 2305 2216 esse
2354 2170 2596 2215 creatam
2650 2163 2978 2218 credendum
3027 2173 3149 2229 est,
3203 2142 3463 2232 quantam
3507 2166 3613 2220 sibi

2032 2251 2200 2304 sciret
2229 2249 2296 2303 ad
2325 2259 2578 2304 ornatum
2612 2249 2724 2323 (78)
2763 2252 2944 2306 mundi
2997 2267 3153 2320 posse
3198 2252 3465 2308 sullicere.
3492 2253 3616 2308 Haec

2033 2357 2164 2412 ergo
2222 2359 2349 2402 sunt
2421 2359 2541 2413 qua:
2589 2344 2641 2397 in
2697 2343 2878 2406 initio,
2935 2343 2986 2397 id
3037 2351 3120 2397 est
3172 2356 3298 2398 ante
3361 2346 3543 2400 omnia
3585 2361 3614 2398 a

2035 2433 2144 2488 Deo
2191 2443 2380 2487 creata
2435 2449 2558 2488 esse
2604 2434 3032 2489 existimandum
3081 2443 3181 2489 cst.
3213 2434 3364 2501 Quod
3400 2436 3617 2505 quidem

2031 2526 2192 2601 etiam
2239 2527 2292 2579 in
2338 2527 2433 2580 illo
2470 2529 2630 2582 initio
2677 2529 2822 2598 quod
2858 2527 3070 2598 Moyses
3121 2527 3384 2583 latentius
3422 2530 3608 2604 intro-

2034 2616 2204 2679 duxit,
2243 2617 2472 2671 iudicari
2510 2629 2769 2686 putamus
2818 2633 2941 2673 cum
2977 2619 3152 2672 dicit:
3184 2636 3204 2671 ‹
3234 2618 3293 2672 ln
3341 2620 3617 2688 principio

2037 2705 2157 2758 fecit
2180 2706 2340 2767 _Deus
2371 2706 2573 2760 coelum
2621 2718 2677 2760 et
2728 2717 2929 2760 terram
2950 2709 3017 2760 ⁷⁹.
3045 2727 3063 2760 ι
3099 2708 3321 2762 Certum
3349 2720 3432 2764 est
3472 2711 3616 2763 enim

2035 2795 2162 2862 quia
2217 2811 2321 2848 non
2373 2797 2440 2849 de
2489 2795 2855 2860 ﬁrmamento,
2893 2813 3069 2866 neque
3118 2799 3184 2852 de
3223 2799 3398 2863 arida,
3427 2800 3521 2854 sed
3554 2801 3620 2854 de

2037 2888 2126 2941 illo
2167 2887 2306 2943 coelo
2345 2902 2409 2942 ac
2446 2897 2592 2943 terra
2632 2889 2848 2942 dicatur
2883 2904 3113 2958 quorum
3166 2889 3366 2943 coelum
3413 2890 3515 2945 ltoc
3563 2901 3618 2945 et

2036 2988 2180 3030 terra
2230 2993 2393 3047 quam
2465 2978 2754 3047 videmus,
2804 2980 3070 3034 vocabula
3115 2990 3308 3051 postea
3361 2990 3608 3038 mutuata

1171 3070 1299 3142 dum
1343 3095 1427 3140 est
1481 3070 1686 3140 tantum
1731 3073 1993 3142 nume-C
2031 3081 2178 3126 Sum-

1171 3198 1289 3238 rum
1321 3181 1722 3236 rationabilium
1762 3197 1921 3236 crea-

1173 3287 1442 3344 turarum,
1462 3277 1546 3332 vel
1579 3277 1921 3332 intellectua-

1171 3369 1330 3430 lium,
1384 3369 1467 3422 vel
1537 3367 1920 3436 quoqnomodo

1168 3460 1506 3530 appellanda:
1578 3471 1706 3514 sunt
1789 3476 1922 3527 quas

1171 3562 1383 3606 mentes
1449 3553 1705 3619 superius
1774 3552 1920 3605 dixi-

1171 3662 1290 3701 mus
1322 3647 1457 3720 (75),
1493 3647 1691 3702 fecisse
1748 3647 1920 3702 Deum

1171 3752 1437 3812 quantum
1470 3741 1718 3796 stdﬁccre
1760 3758 1922 3810 posse

1172 3838 1476 3907 prospexit.
1535 3838 1760 3891 Certum
1838 3848 1925 3892 est

1168 3931 1368 4000 quippe
1431 3929 1578 3998 quod
1638 3929 1866 3997 praaﬁnit
1881 3945 1913 3986 0

1169 4023 1350 4091 aliquo
1392 4021 1534 4089 apud
1580 4035 1640 4076 se
1691 4036 1920 4077 numero

1167 4129 1260 4168 eas
1296 4113 1425 4166 fecit
1459 4131 1474 4169 :
1503 4127 1608 4167 non
1655 4113 1825 4178 enim,
1864 4123 1922 4169 ut

1169 4205 1388 4273 quidam
1454 4204 1689 4268 volunt,
1754 4205 1919 4260 liuent

1170 4301 1468 4372 putandum
1505 4309 1585 4354 est
1610 4317 1715 4354 nou
1747 4302 1921 4358 habe-

2095 3213 2152 3270 2.
2205 3212 2402 3269 Verum
2460 3217 2718 3284 quoniam
2795 3216 3151 3272 rationabiles
3216 3219 3334 3274 ista;
3399 3229 3610 3275 natura:

2025 3320 2166 3374 quas
2201 3307 2254 3360 in
2308 3308 2465 3361 initio
2501 3307 2677 3362 factas
2729 3323 2890 3376 supra
2949 3309 3206 3373 diximus,
3271 3309 3430 3365 facta:
3483 3323 3612 3368 sunt

2025 3410 2146 3449 cum
2198 3407 2326 3451 ante
2377 3415 2483 3452 non
2530 3409 2738 3466 essent,
2775 3403 2874 3454 hoc
2906 3402 3020 3472 ipso
3047 3406 3172 3470 quia
3204 3417 3311 3458 non
3341 3412 3523 3468 erant,
3557 3413 3614 3458 et

2027 3500 2152 3538 esse
2177 3497 2487 3555 creperum,
2517 3490 2830 3542 necessario
2863 3490 3251 3542 convertibiles
3279 3501 3334 3542 et
3365 3491 3611 3543 mutabi—

2025 3575 2102 3629 les
2134 3575 2245 3646 (79)
2286 3578 2652 3630 substiterunt
2679 3596 2692 3632 :
2719 3578 2978 3646 quoniam
3040 3594 3379 3646 qumcunque
3427 3580 3609 3632 inerat

2026 3670 2343 3722 substantia:
2376 3684 2562 3724 earum
2615 3672 2809 3734 virtus,
2867 3686 2970 3724 non
3027 3671 3352 3723 naturaliter
3403 3670 3603 3737 inerat,

2023 3760 2120 3814 sed
2168 3760 2437 3814 beneﬁcio
2487 3761 2792 3814 conditoris
2825 3760 3040 3815 enecta.
3075 3760 3227 3826 Quod
3279 3776 3409 3831 ergo
3459 3771 3608 3829 sunt,

2025 3867 2133 3906 non
2185 3860 2272 3906 est
2327 3853 2630 3921 proprium,
2673 3867 2774 3906 nec
2827 3853 3246 3922 sempiternum,
3303 3854 3458 3908 seda
3491 3854 3604 3910 Deo

2025 3945 2240 3999 datun‘t.
2274 3940 2391 3996 Non
2422 3942 2566 3997 enim
2595 3957 2813 4011 semper
2844 3940 2948 3995 fuit
2975 3961 2988 3998 :
3015 3953 3069 3998 et
3110 3960 3270 3998 omne
3321 3947 3464 4012 quod
3511 3947 3610 3998 da-

2025 4045 2136 4090 tum
2165 4043 2270 4099 est,
2301 4036 2466 4090 etiam
2523 4033 2727 4088 auferri
2781 4044 2837 4090 et
2889 4038 3144 4091 recedere
3192 4045 3389 4104 potest.
3439 4035 3610 4091 Rece-

2023 4127 2180 4181 dentli
2213 4137 2394 4182 autem
2426 4142 2592 4181 causa
2627 4127 2680 4179 in
2709 4142 2774 4180 eo
2809 4128 2937 4189 erit,
2965 4129 3012 4182 si
3039 4144 3144 4181 non
3174 4138 3322 4181 recte
3373 4137 3426 4181 et
3475 4143 3608 4196 pro-

2024 4218 2281 4272 babiliter
2339 4218 2594 4286 dirigitur
2638 4228 2820 4272 motus
2878 4219 3206 4271 animorum.
3256 4217 3608 4271 Volunt-arios

2023 4308 2166 4362 enim
2196 4308 2308 4380 (80)
2338 4319 2393 4363 et
2427 4308 2633 4363 liberos
2674 4301 2854 4362 motus
2885 4322 2914 4360 a
2942 4322 3000 4361 se
3049 4308 3286 4362 conditis
3335 4308 3609 4367 mentibus

1171 4408 1230 4446 re
1286 4405 1603 4458 creaturas;
1657 4394 1784 4463 quia
1824 4396 1913 4450 ubi
1951 4395 2254 4459 DCI-calor
2311 4395 2557 4460 indulsit,
2617 4409 2726 4464 quo
2780 4395 2994 4449 scilicet
3045 4395 3245 4448 bonum
3275 4395 3327 4448 in
3355 4394 3437 4450 eis
3467 4410 3606 4464 pro.

1169 4488 1294 4542 linis
1341 4502 1450 4541 non
1504 4497 1736 4550 est,nec
1766 4505 1915 4546 com-

1167 4580 1456 4650 prehensio
1497 4579 1630 4648 ulia,
1661 4595 1761 4635 nec
1811 4582 1918 4637 clr-

1165 4672 1520 4740 cmnscriptio
1555 4687 1677 4727 esse
1711 4684 1912 4744 potem.

344 4772 492 4834 pitur
534 4767 708 4836 initio,
744 4779 948 4823 tantum
992 4785 1092 4821 nu-
1163 4768 1318 4834 Quod
1379 4767 1424 4822 si
1492 4767 1676 4830 fuerit,
1726 4772 1914 4838 utique

403 4869 452 4899 ⁷⁸
475 4864 621 4919 Psa!.
642 4861 896 4924 )l.tll,9.0.
956 4862 1001 4892 ⁷⁷
1024 4860 1218 4913 Matth.
1251 4876 1400 4927 xu't,
1428 4861 1519 4915 35.

417 4950 528 5019 (70)
562 4951 634 5003 lta
668 4965 797 5019 mss.
820 4949 986 5011 Alias,
1025 4967 1044 5019 ς
1079 4960 1135 5002 ει
1161 4951 1403 5005 insertus
1428 4960 1513 5006 est
1542 4954 1612 5018 ei,
1633 4962 1683 5006 et
1715 4953 1914 5012 fortas-

346 5014 520 5073 sis‘ad'
545 5020 702 5086 hujus
739 5014 989 5070 Sacram.
1022 5015 1304 5082 indicium,
1332 5028 1475 5073 sete.

413 5088 524 5158 (7t)
556 5088 647 5143 Sic
667 5103 794 5143 mss.
820 5087 978 5158 Libb.
1003 5089 1164 5158 editi,
1199 5107 1216 5138 ι
1244 5097 1421 5158 potest
1442 5094 1602 5142 etiam
1637 5105 1731 5158 pcr
1754 5093 1912 5148 hoc.»

413 5157 528 5228 (7‘2)
559 5160 707 5213 Alias
733 5198 748 5224 ,
785 5175 803 5210 ι
838 5159 906 5212 de
931 5157 1232 5213 Salvatore.
1267 5176 1286 5210 ι
1319 5157 1424 5213 Sed
1468 5174 1599 5213 mss.
1633 5157 1687 5214 ut
1722 5161 1776 5214 in
1824 5180 1918 5219 no-

345 5239 458 5282 SU'O
487 5238 659 5282 ιθιιιι.

413 5277 658 5367 (iiii—1');
692 5277 928 5362 munda,
990 5306 1096 5352 etc.
1151 5295 1208 5351 In
1251 5297 1530 5365 prioribus
1573 5300 1907 5356 editionibus

346 5367 457 5423 lucc
490 5370 652 5440 verba
685 5369 858 5422 series
884 5378 1012 5440 sunt
1044 5369 1403 5440 praecedentis
1431 5369 1643 5440 capitis,
1674 5380 1721 5422 et
1750 5383 1915 5440 caput

345 5454 541 5491 nonum
575 5439 654 5490 De
681 5440 880 5491 mundo
920 5437 994 5489 ibi
1026 5447 1236 5492 tantum
1265 5439 1480 5506 incipit,
1514 5438 1603 5492 ubi
1629 5455 1776 5494 nunc
1806 5437 1911 5494 nu-

345 5521 525 5562 merus
567 5510 761 5561 tertius
793 5507 1034 5574 ponitur.

409 5577 525 5648 (74)
566 5575 800 5649 Ὲν-τῇ-
826 5575 1254 5649 ἐπρνορυμένῃ.
1291 5583 1397 5632 etc.
1443 5578 1569 5633 [an
1611 5579 1907 5649 desumpta

342 5644 464 5700 mut
494 5644 560 5701 ex
606 5645 838 5715 epistola
889 5644 1183 5699 Justiniani
1244 5647 1438 5714 imper.
1489 5650 1557 5704 ad
1607 5644 1903 5703 Menam'in

345 5715 466 5770 line.
524 5716 734 5772 Vidcsis
776 5715 1087 5785 Origeniau.
1144 5715 1235 5768 lib.
1286 5731 1346 5782 Il,
1379 5733 1433 5786 q.
1477 5719 1526 5787 l,
1571 5736 1624 5772 n.
1681 5720 1732 5784 1,
1776 5719 1829 5784 2,
1875 5721 1907 5774 3

1596 4861 1642 4894 ⁷⁸
1681 4861 1806 4931 Sap.
1857 4883 1936 4935 ιιι,
1979 4870 2072 4924 2|.

2025 4490 2202 4557 prium
2236 4486 2348 4558 (81)
2387 4486 2565 4551 ﬁeret,
2607 4499 2729 4541 cum
2769 4485 2821 4540 id
2854 4485 3134 4540 voluntate
3165 4486 3382 4556 prepria
3417 4501 3608 4540 serva-

2024 4591 2213 4647 retur;
2244 4580 2336 4635 sed
2376 4577 2584 4632 desidia
2618 4587 2674 4632 et
2714 4576 2917 4632 laboris
2963 4578 3182 4632 tardium
3235 4577 3287 4632 in
3338 4577 3608 4633 servando

2020 4677 2184 4739 bono,
2209 4681 2264 4727 et
2311 4669 2529 4725 aversio
2569 4682 2633 4725 ac
2669 4669 3006 4739 negligentia
3047 4671 3355 4738 meliorum,
3389 4671 3604 4727 initimn

2020 4769 2169 4824 dedit
2221 4764 2508 4819 recedendi
2554 4781 2584 4818 a
2638 4763 2800 4819 bono.
2853 4763 3130 4819 Recedere
3169 4773 3406 4820 autema
3435 4767 3602 4833 bono,

2149 4867 2192 4896 ⁷³
2229 4862 2366 4917 Gen.
2400 4877 2452 4925 ι,
2487 4859 2540 4912 1.

2025 4968 2081 5013 ει
2107 4956 2160 5010 4.

2099 5023 2212 5095 (75)
2245 5019 2771 5095 Sic,mss._Alias._c
2799 5019 3210 5088 quomodolibet
3262 5023 3602 5093 appellanda

2027 5090 2157 5151 sunt
2181 5090 2322 5161 quas
2355 5092 2607 5160 superius
2635 5090 2892 5146 diximus.
2922 5109 2942 5144 ι

2101 5163 2212 5234 (76)
2253 5162 2332 5234 lla
2357 5177 2488 5234 mss.
2519 5161 2691 5234 alias,
2733 5163 2812 5213 tsi
2847 5162 3170 5234 quidquam,
3197 5171 3354 5234 rete.

2099 5231 2214 5304 (77)
2254 5233 2412 5286 Libb.
2465 5231 2619 5296 editi,
2665 5233 3121 5288 «convenienter.
3152 5252 3171 5284 ι
3216 5231 3374 5299 Mss.,
3421 5250 3601 5290 «cono

2026 5312 2337 5372 seqttenter.
2365 5320 2386 5354 ι

2095 5368 2214 5445 (78)
2247 5371 2338 5445 Sic
2366 5385 2511 5445 mss._
2533 5368 2705 5445 μω».
2724 5370 2878 5445 editi,
2916 5390 2935 5422 ι
2960 5383 3373 5445 ornamentum.
3395 5390 3417 5424 ι

2094 5441 2223 5516 ('79),
2243 5441 2311 5495 Et
2345 5441 2643 5494 mutabiles.
2675 5441 2834 5495 Deest
2860 5441 2917 5494 in
2945 5453 3108 5496 antea
3153 5443 3343 5505 editis,
3371 5441 3464 5495 sed
3499 5441 3602 5497 ha-

2019 5515 2180 5570 betur
2213 5515 2264 5567 in
2295 5526 2426 5564 mss.

2089 5577 2204 5653 (80)
2246 5581 2381 5637 V-ide
2415 5579 2726 5653 Origeuian.
2752 5580 2792 5634 1.
2816 5595 2877 5643 ιι,
2910 5595 2966 5650 q.
2999 5579 3054 5646 7,
3079 5595 3134 5635 ιι.
3175 5581 3265 5636 14.

2086 5651 2199 5725 (8')
2235 5653 2404 5717 Alias,
2448 5667 2467 5699 ι
2494 5651 2857 5719 propositum.
2889 5665 2910 5700 ι
