4014 6142
413 255 522 313 227

1681 251 2001 309 ORIGENIS
2038 255 2195 308 ΠΕΡΙ
2230 255 2462 308 ΑΡΧΩΝ

3550 253 3655 312 128

419 394 526 432 non
552 377 697 432 aliud
738 387 818 433 est
846 391 1006 448 quam
1037 376 1170 432 eflici
1203 376 1255 430 in
1292 375 1455 432 malo.
1489 374 1712 430 Certum
1753 391 1985 444 namque
2017 383 2062 439 Α
2089 385 2144 428 et
2182 392 2235 429 in
2270 374 2577 429 hominibus
2607 375 2898 430 invenitur.
2928 375 3072 430 Sane
3116 377 3393 445 apostolus
3444 378 3654 436 Paulus

418 476 503 521 est
538 467 736 521 malum
767 476 888 522 esse
930 471 1072 521 bono
1111 480 1320 520 carere.
1352 467 1429 520 Ex
1453 480 1561 536 quo
1585 467 1800 530 accidit,
1831 477 1888 521 ut
1927 469 1980 521 in

419 567 622 624 quanta
654 573 903 612 mensura
936 558 1055 626 quis
1099 557 1480 611 devolveretur
1525 573 1555 610 a
1591 559 1750 621 bono,
1785 560 1835 612 in
1866 568 1982 612 tan-

424 655 532 703 tam
595 664 899 704 mensuram
957 648 1179 702 malitiae
1243 649 1544 704 deveniret.
1601 649 1657 702 In
1711 664 1820 717 quo
1870 652 1980 703 uti-

423 753 530 807 que
557 739 670 811 (82)
701 755 796 808 pro
823 738 1055 794 motibus
1086 741 1199 794 suis
1227 753 1558 808 unaquaeque
1585 753 1738 794 mens
1764 740 1848 793 vel
1874 754 1985 794 arn-

424 831 587 897 plius,
616 831 697 884 vel
731 831 946 898 parcius
975 829 1088 901 (85)
1120 832 1316 884 bonum
1353 831 1654 900 negligens,
1689 831 1742 883 in
1767 835 1985 885 contra-

424 923 562 974 rium
597 922 721 974 boui
753 922 894 988 quod
929 923 1051 976 sine
1085 923 1249 994 dubio
1278 923 1476 977 malum
1510 931 1611 986 est,
1645 923 1981 976 trahebatur.

422 1011 498 1065 Ex
530 1026 634 1080 quo
663 1013 880 1066 videtur
913 1013 1122 1066 semina
1154 1013 1400 1081 quasdam
1435 1023 1490 1067 et
1514 1028 1704 1068 causas
1742 1013 1982 1065 varieta-

423 1105 490 1156 tis
522 1117 584 1155 ae
616 1103 948 1157 diversitatis
979 1103 1065 1158 ille
1095 1105 1338 1158 omninn»
1390 1105 1635 1158 conditor
1681 1105 1977 1173 accepisse,

420 1204 477 1246 ut
521 1207 620 1260 pro
663 1194 980 1248 diversitate
1022 1196 1300 1257 mentium,
1334 1195 1385 1248 id
1423 1203 1528 1258 est,
1573 1194 1978 1248 rationabilium

419 1291 820 1347 creaturarum,
850 1298 1012 1352 quam
1053 1283 1420 1336 diversitatem
1444 1298 1507 1337 ex
1533 1298 1593 1336 ea
1625 1299 1785 1338 causa
1819 1298 1978 1350 quam

421 1373 670 1442 superius
692 1373 946 1438 diximus,
986 1375 1234 1440 putandte
1257 1384 1383 1427 sunt
1422 1374 1752 1440 concepisse,
1774 1374 1980 1426 varium

423 1478 487 1516 ac
509 1465 776 1516 diversum
802 1464 1055 1516 mundum
1079 1463 1465 1529 crearet.()uod
1489 1472 1665 1516 autem
1688 1464 1892 1517 varium
1917 1478 1983 1517 ac

421 1553 695 1608 diversum
733 1555 977 1619 dicimus,
1014 1557 1114 1608 hoc
1142 1563 1224 1608 est
1261 1555 1402 1623 quod
1447 1554 1691 1608 volumus
1717 1554 1978 1610 indicare.

493 1646 548 1698 5.
579 1645 832 1698 Mnndum
871 1660 1013 1698 nunc
1042 1645 1292 1707 dicimus,
1323 1659 1483 1698 omne
1514 1644 1656 1712 quod
1687 1651 1770 1698 est
1817 1660 1982 1713 super

2088 479 2210 519 esse
2261 466 2508 534 quaedam
2549 466 2710 519 etiam
2751 465 2964 520 inferna
3016 466 3285 534 designat,
3320 478 3376 522 et
3412 471 3463 523 in
3517 472 3652 540 ipsis

2089 557 2251 610 simili
2282 560 2440 610 modo
2476 558 2594 612 sine
2624 557 2788 610 dubio
2819 558 3101 611 varietatis
3129 573 3295 612 causa
3321 561 3651 630 requirenda

2085 655 2189 700 est.
2225 647 2299 700 De
2328 647 2491 702 mutis
2517 663 2646 701 vero
2670 647 2996 702 animalibus
3022 659 3076 702 et
3117 648 3456 715 volucribus,
3490 661 3653 720 atque

2088 738 2154 792 de
2174 739 2262 792 his
2292 753 2413 807 qua:
2449 739 2502 792 in
2539 741 2697 808 aquis
2720 739 2986 802 habitant,
3019 739 3297 806 requirere
3322 738 3649 808 superﬂuum

2091 829 2342 882 videtur:
2373 845 2501 883 cum
2536 831 2650 884 haec
2685 845 2789 883 non
2819 829 3158 899 principalia,
3191 830 3285 884 sed
3309 846 3652 901 consequen-

2088 920 2164 974 tia
2201 921 2372 990 accipi
2405 922 2604 975 debere
2636 930 2842 976 certum
2872 922 2966 975 sit.

2156 1011 2210 1064 4.
2265 1011 2527 1076 Quoniam
2575 1025 2705 1080 ergo
2758 1012 2936 1064 omnia
2989 1027 3110 1081 quae
3161 1012 3304 1068 facta
3360 1021 3510 1078 sunt,
3552 1021 3652 1085 per

2088 1100 2362 1155 Christum
2416 1111 2471 1156 et
2513 1103 2580 1156 ein
2634 1103 2852 1156 Christo
2883 1101 3024 1154 facta
3074 1117 3195 1157 esse
3225 1105 3482 1158 diettntur
3512 1105 3660 1176 (87),

2090 1193 2236 1246 sicut
2269 1201 2323 1246 et
2353 1192 2631 1258 apostolus
2681 1191 2877 1246 Paulus
2929 1193 3371 1248 manifestissime
3404 1195 3653 1264 designat

2087 1283 2313 1337 dicens:
2358 1282 2668 1348 «Quoniam
2726 1283 2778 1336 in
2829 1283 2947 1351 ipso
3001 1293 3057 1338 et
3107 1298 3206 1351 per
3261 1285 3436 1351 ipsum
3465 1295 3650 1338 creata

2087 1384 2214 1426 sunt
2263 1374 2469 1437 omnia,
2504 1374 2616 1428 sive
2671 1389 2790 1441 quae
2825 1374 2877 1426 in
2914 1375 3050 1428 coelo
3099 1383 3244 1438 sunt,
3280 1375 3396 1429 sive
3430 1389 3549 1444 quae
3598 1376 3650 1428 in

2088 1471 2256 1526 terra,
2283 1463 2516 1516 visibilia
2571 1473 2628 1517 et
2679 1464 2998 1529 invisibilia,
3025 1466 3138 1519 sive
3173 1466 3376 1531 throni,
3407 1466 3520 1519 sive
3554 1481 3653 1534 po-

2089 1565 2329 1620 testates,
2363 1557 2477 1610 sive
2524 1557 2883 1626 principatus,
2910 1558 3026 1612 sive
3067 1558 3503 1623 dominationes;
3536 1574 3656 1612 on»-

2089 1645 2174 1698 nia
2214 1660 2309 1713 per
2341 1645 2513 1713 ipsum
2541 1653 2594 1698 et
2637 1646 2689 1698 in
2722 1646 2836 1714 ipso
2869 1655 3050 1699 creata
3082 1645 3288 1699 sunt“.
3317 1664 3336 1697 »
3367 1645 3475 1699 Sed
3504 1654 3560 1700 et
3594 1646 3648 1700 iit

424 1734 615 1797 caelos,
650 1734 733 1788 vel
768 1733 820 1785 in
872 1733 1048 1796 caelis,
1090 1733 1172 1788 vel
1209 1748 1370 1801 super
1408 1741 1637 1798 terram,
1661 1734 1744 1788 vel
1791 1736 1842 1787 in
1899 1736 1985 1789 his
2019 1720 2059 1774 Β
2090 1735 2387 1802 Evangelia
2419 1735 2654 1788 Joannes
2688 1734 3044 1788 nihilominus
3068 1734 3259 1788 eadem
3283 1733 3542 1798 ostendit,
3577 1733 3654 1786 di-

423 1827 513 1895 qui
544 1826 701 1880 inferi
734 1824 845 1897 (84)
879 1826 1234 1894 appellantur,
1264 1825 1350 1878 vel
1392 1838 1722 1894 quaecunque
1754 1842 1980 1896 usquam

425 1931 652 1986 prorsus
685 1915 799 1969 loca
831 1925 980 1979 sunt,
1011 1925 1064 1969 et
1097 1914 1150 1968 hi
1177 1916 1264 1983 qui
1298 1916 1352 1967 in
1393 1914 1526 1982 ipsis
1566 1917 1763 1982 degere
1806 1915 1982 1968 nomi-

424 1989 640 2061 nantur.
671 2006 864 2060 Totum
905 2020 1032 2074 ergo
1069 2006 1196 2067 hoe,
1239 2007 1469 2058 mundus
1505 2016 1750 2064 vocatur.
1789 2005 1844 2059 ln
1873 2021 1981 2074 quo

428 2096 626 2152 mundo
672 2099 912 2165 qttmdam
962 2097 1217 2149 dicuntur
1265 2111 1384 2150 esse
1433 2095 1866 2164 superctelestia,
1927 2097 1981 2149 id

424 2197 530 2251 est,
560 2189 614 2240 in
648 2185 1068 2240 habitationibus
1109 2185 1439 2239 beatioribus
1472 2187 1667 2252 posita,
1704 2198 1758 2240 et
1791 2202 1986 2254 corpo-

427 2277 576 2330 ribus
594 2275 994 2328 eoelestioribus
1023 2287 1084 2326 ac
1115 2273 1611 2342 splendenlioribus
1637 2274 1821 2326 induta
1848 2271 1982 2346 (85),

424 2377 480 2421 et
514 2368 564 2419 in
593 2368 674 2418 his
702 2367 830 2433 ipsis
855 2364 1035 2417 multae
1066 2362 1386 2417 differentia:
1415 2365 1798 2430 ostenduntur;
1823 2364 1982 2427 sicut,

427 2455 579 2508 verbi
602 2470 794 2519 causa,
825 2457 986 2507 etiam
1018 2454 1304 2522 Apostolus
1337 2453 1486 2515 dicit,
1519 2453 1663 2523 quod
1717 2471 1736 2503 ι
1761 2454 1863 2506 alia
1915 2454 1986 2506 sit

427 2545 602 2611 gloria
632 2544 784 2606 solis,
808 2543 908 2596 alia
944 2543 1098 2606 lunas,
1137 2542 1243 2597 alia
1277 2543 1449 2612 gloria
1479 2543 1791 2610 stellarum;
1822 2545 1973 2599 stella

425 2635 570 2687 enim
617 2639 652 2686 ‘a
695 2634 849 2687 stella
907 2632 1089 2688 dill'ert
1138 2633 1192 2688 in
1244 2634 1417 2702 gloria
1435 2634 1481 2666 ⁸⁸
1511 2633 1646 2704 (86).
1673 2655 1692 2684 »
1725 2634 1980 2700 Quaedam

424 2741 554 2779 vero
591 2735 804 2779 terrena
853 2726 1126 2790 dicuntur,
1158 2734 1212 2780 et
1239 2727 1379 2780 inter
1426 2727 1537 2794 ipsa
1571 2743 1676 2782 non
1703 2743 1865 2798 parva
1897 2737 1982 2782 est

424 2817 744 2884 differentia,
781 2819 830 2872 id
872 2827 976 2882 est,
1010 2821 1152 2875 inter
1198 2818 1479 2884 homines;
1504 2819 1598 2872 alii
1632 2833 1866 2889 namque
1894 2834 1985 2872 co-

425 2927 544 2965 rum
584 2911 699 2982 98
743 2912 985 2976 barbari,
1011 2913 1102 2964 alii
1131 2910 1338 2976 Grzeei;
1366 2919 1422 2966 ct
1475 2912 1829 2987 barbarorum
1861 2913 1986 2981 qui-

385 2993 393 3020 ⁷
427 3004 550 3055 dam
582 3004 844 3056 immanes
865 3012 920 3056 et
962 3003 1084 3067 feri,
1120 3003 1211 3056 alii
1241 3004 1514 3058 mitiores.
1537 3003 1600 3056 Et
1627 3005 1846 3072 quidam
1870 3005 1986 3071 qui-

427 3095 549 3147 dem
587 3092 795 3160 legibus
847 3093 1246 3161 probatissimis
1279 3104 1525 3159 utuntur,
1567 3095 1658 3147 alii
1697 3095 1980 3148 vilioribus

428 3185 517 3239 vel
560 3184 950 3253 asperioribus,
977 3183 1068 3237 alii
1112 3199 1324 3252 quoque
1357 3185 1664 3244 inhumanis
1697 3195 1753 3240 et
1799 3186 1990 3239 ferinis

427 3276 602 3346 magis
632 3276 872 3330 moribus
919 3291 1080 3345 quam
1115 3275 1332 3346 legibus
1373 3285 1620 3328 utuntur.
1659 3276 1724 3329 Et
1770 3277 1988 3346 quidam

428 3369 645 3436 quidem
694 3367 877 3421 statim
913 3369 980 3421 ab
1028 3367 1185 3421 initio
1221 3367 1529 3420 nativitatis
1561 3382 1671 3421 suae
1701 3367 1991 3420 humilian-

428 3469 539 3523 tur,
575 3466 630 3513 et
663 3457 893 3526 subjecti
926 3466 1075 3522 sunt,
1133 3473 1197 3512 ac
1246 3457 1522 3510 serviliter
1549 3458 1868 3522 educantur,
1905 3457 1990 3510 vel

427 3551 529 3605 sub
557 3551 812 3614 dominis,
849 3549 929 3604 vel
961 3553 1063 3604 sub
1110 3549 1453 3620 principibus
1482 3549 1664 3618 positi,
1701 3549 1782 3601 vel
1811 3557 1992 3619 tyran-

427 3645 536 3708 nis,
563 3645 658 3698 alii
701 3659 830 3699 vero
881 3643 1108 3698 liberius
1137 3654 1192 3697 et
1229 3642 1606 3696 rationabilius
1661 3641 1988 3704 educantur,

429 3736 522 3790 alii
547 3736 693 3789 sanis
719 3735 1059 3802 corporibus,
1092 3734 1335 3787 nonnulli
1364 3733 1528 3801 aegris
1553 3732 1736 3787 statim
1761 3748 1788 3785 a
1819 3733 1991 3802 prima

428 3835 608 3890 aetate,
643 3826 732 3877 alii
779 3825 916 3886 visu,
947 3823 1036 3877 alii
1106 3825 1290 3877 auditu
1317 3832 1371 3876 ct
1411 3839 1543 3877 voce
1586 3824 1822 3892 decepti,
1859 3839 1994 3876 non-

429 3918 560 3972 nulli
600 3920 672 3970 ita
723 3918 860 3982 nati,
908 3917 998 3968 alii
1055 3917 1232 3968 statim
1275 3923 1396 3981 post
1433 3914 1768 3967 nativitatem
1816 3913 1996 3981 hujus-

430 4010 636 4065 cemodi
670 4001 914 4062 sensibus
957 4005 1269 4059 defraudati
1293 4043 1308 4068 ,
1343 4005 1428 4057 vel
1473 4015 1617 4056 certe
1654 4004 1765 4071 jam
1809 4003 1990 4057 adulta

2086 1840 2212 1878 cens
2245 1842 2260 1878 :
2297 1844 2316 1876 ι
2341 1824 2396 1877 ln
2424 1826 2688 1895 principio
2734 1834 2851 1879 erat
2904 1824 3158 1890 Verbum,
3189 1833 3244 1878 et
3268 1824 3500 1878 Verbum
3529 1832 3652 1877 erat

2085 1917 2226 1985 apud
2282 1917 2468 1979 Deum,
2515 1925 2570 1969 et
2610 1915 2756 1970 Dens
2788 1924 2910 1969 erat
2961 1915 3235 1979 Verbum;
3290 1916 3392 1969 hoc
3445 1923 3562 1968 erat
3597 1915 3649 1967 in

2085 2006 2353 2074 principio
2384 2007 2525 2074 apud
2560 2007 2722 2060 Deum
2751 2005 2898 2077 (88);
2933 2009 3110 2078 omnia
3149 2022 3245 2075 per
3290 2007 3464 2074 ipsum
3496 2004 3641 2058 facta

2087 2108 2234 2162 sunt,
2273 2107 2329 2150 et
2377 2098 2494 2150 sine
2541 2098 2656 2163 ipso
2705 2097 2907 2151 factum
2947 2108 3040 2150 est
3086 2098 3294 2150 nihil".
3320 2116 3338 2148 »
3381 2096 3486 2150 Sed
3510 2105 3565 2150 et
3596 2097 3650 2148 in

2085 2188 2296 2257 psalmo
2339 2188 2600 2254 scriptum
2632 2197 2712 2242 est
2741 2189 2864 2256 quia
2903 2186 3128 2242 «Omnia
3179 2189 3232 2242 in
3269 2188 3532 2257 sapientia
3580 2187 3654 2241 fe-

2087 2277 2294 2332 cisti“.
2323 2296 2341 2328 »
2379 2277 2516 2343 Quia
2550 2293 2680 2346 ergo
2705 2278 2960 2332 Christus
2996 2279 3140 2332 sicut
3173 2279 3409 2334 Verbum
3459 2289 3513 2334 et
3559 2292 3650 2332 sa-

2088 2369 2293 2439 pientia
2325 2377 2431 2435 est,
2464 2369 2538 2423 ita
2569 2370 2730 2422 etiam
2772 2370 2986 2439 justitia
3034 2379 3135 2433 est,
3163 2385 3503 2439 consequens
3532 2372 3651 2426 sine

2089 2460 2251 2514 dubio
2275 2459 2400 2522 erit,
2435 2469 2494 2512 ut
2545 2475 2609 2513 ea
2652 2475 2771 2529 qua:
2815 2461 2868 2513 in
2916 2458 3094 2513 Verbo
3123 2470 3176 2514 et
3209 2460 3475 2529 sapientia
3505 2460 3647 2516 facta

2090 2557 2236 2613 sunt,
2271 2549 2434 2603 etiam
2473 2564 2534 2603 ea
2573 2550 2625 2602 in
2651 2549 2859 2617 justitia
2907 2565 3026 2618 qua:
3076 2562 3161 2605 est
3206 2551 3480 2618 Christus,
3511 2551 3651 2607 facta

2089 2657 2211 2697 esse
2257 2641 2513 2695 dicantur
2542 2641 2683 2709 (89);
2715 2641 2856 2710 quod
2893 2642 3106 2696 scilicet
3137 2641 3190 2695 in
3229 2641 3312 2696 his
3341 2657 3462 2710 quae
3508 2643 3648 2696 facta

2089 2743 2236 2798 sunt,
2272 2733 2405 2786 nihil
2450 2734 2729 2802 injttstum,
2770 2733 2900 2786 nihil
2935 2732 3218 2787 fortuitum
3261 2736 3529 2797 videatur,
3556 2735 3648 2788 sed

2086 2825 2265 2879 omnia
2286 2825 2356 2878 ita
2375 2840 2494 2878 esse
2516 2835 2572 2877 nt
2589 2825 2861 2892 aequitatis
2881 2840 2942 2877 ac
2967 2826 3193 2893 justitia:
3223 2825 3402 2889 regula
3423 2827 3650 2896 expetit,

2091 2918 2405 2972 doceantur.
2435 2916 2718 2982 Quomodo
2747 2931 2874 2983 ergo
2901 2924 3044 2968 tanta
3067 2916 3168 2969 ista
3195 2931 3373 2970 rerum
3390 2918 3648 2982 varietas,

2013 3038 2057 3094 ε
2094 3018 2349 3076 tantaque
2379 3008 2662 3061 diversitas
2707 3006 3004 3073 justissima
3049 3018 3103 3062 et
3153 3011 3465 3078 aequissima”
3483 3013 3655 3080 possit

2092 3098 2340 3168 intelligi,
2377 3108 2560 3152 certus
2600 3113 2716 3152 sum
2763 3097 3001 3153 humano
3039 3099 3249 3168 ingenio
3280 3100 3360 3154 vel
3403 3117 3654 3157 sermone

2090 3187 2346 3258 explicari
2367 3204 2469 3242 non
2490 3203 2661 3256 posse,
2681 3189 2780 3242 nisi
2806 3188 2977 3257 ipsum
2999 3189 3228 3244 Verbum
3250 3205 3310 3243 ac
3328 3193 3651 3258 sapientiam

2091 3290 2147 3335 et
2170 3279 2440 3348 justitiam
2465 3279 2553 3346 qui
2581 3287 2664 3332 est
2691 3280 3003 3348 unigenitus
3037 3279 3206 3333 Filius
3237 3281 3349 3343 Dei,
3381 3281 3647 3350 prostrati

2092 3387 2154 3426 ac
2207 3371 2480 3440 supplices
2533 3371 2908 3440 deprecemur,
2958 3371 3048 3439 qui
3097 3387 3192 3440 per
3237 3373 3462 3441 gratiam
3501 3387 3654 3428 suam

2091 3463 2341 3516 sensibus
2385 3477 2445 3515 se
2487 3462 2689 3515 nostris
2714 3459 3022 3526 infundens,
3053 3463 3283 3515 obscura
3320 3461 3650 3527 illuminare,

2093 3554 2272 3608 clausa
2305 3551 2636 3620 patefacere,
2662 3553 3010 3620 pandereqne
3061 3552 3308 3619 dignetur
3335 3568 3534 3606 arcana
3569 3555 3654 3608 :si

2095 3652 2276 3696 tamen
2330 3642 2670 3694 inveniamur
2709 3639 3009 3708 tam'digne
3039 3636 3154 3710 (90)
3200 3640 3282 3692 vel
3333 3651 3540 3708 petere,
3569 3640 3654 3694 vel

2093 3745 2356 3801 quaerere,
2382 3731 2463 3784 vel
2492 3730 2726 3798 pulsare,
2758 3737 2816 3782 ut
2847 3730 2930 3782 vel
2967 3739 3210 3797 petentes
3250 3734 3502 3799 accipere
3536 3747 3656 3785 me-

2092 3838 2336 3884 reamur,
2388 3821 2467 3874 vel
2511 3827 2816 3885 quaerentes
2869 3820 3135 3884 invenire,
3188 3822 3272 3874 vel
3312 3823 3656 3889 pulsantibus

2089 3913 2345 3982 iubeatur
2391 3913 2610 3980 aperiri.
2667 3911 2781 3964 Non
2835 3927 2963 3980 ergo
2998 3911 3120 3966 freti
3173 3923 3362 3967 nostro
3414 3915 3655 3982 ingenio,

2095 4007 2188 4060 sed
2223 4005 2394 4074 ipsius
2427 4005 2709 4071 sapientia:
2740 4004 2944 4057 auxilio
2977 4019 3097 4072 qua:
3142 4003 3269 4058 fecit
3297 4005 3571 4069 universa,
3603 4015 3660 4059 et

431 4109 588 4154 aetate
623 4100 726 4153 tale
753 4098 955 4166 aliquid
995 4097 1162 4164 passi.
1193 4097 1261 4148 Et
1286 4095 1413 4161 quid
1443 4093 1608 4147 refert
1637 4093 1885 4148 evolvere
1909 4107 1993 4148 me
2083 4099 2314 4168 iustitiae
2342 4097 2459 4164 ejus
2483 4112 2648 4166 quam
2675 4097 2850 4150 inesse
2894 4098 3161 4150 creaturis
3191 4098 3443 4152 omnibus
3479 4097 3658 4153 credi-

432 4209 620 4246 omnes
666 4202 833 4259 atque
872 4203 1192 4243 enumerare
1219 4188 1584 4240 humanarum
1615 4186 1800 4239 clades
1831 4187 1993 4240 mise-

434 4279 660 4347 riarum,
687 4299 715 4336 a
749 4283 944 4351 quibus
975 4280 1065 4334 alii
1095 4280 1274 4345 liberi,
1308 4279 1400 4333 alii
1433 4277 1658 4332 involuti
1683 4287 1830 4342 sunt,
1867 4291 1989 4330 cum

2093 4205 2236 4252 mus,
2267 4189 2482 4242 interim
2517 4188 2728 4241 etiamsi
2757 4202 3010 4240 asserere
3045 4202 3150 4240 non
3177 4189 3449 4253 valemus,
3493 4189 3661 4257 ipsius

2099 4287 2278 4332 tamen
2309 4279 2499 4332 confisi
2540 4278 2918 4331 misericordia
2973 4278 3250 4345 inquirere
3295 4280 3660 4346 perscrutari-

431 4377 602 4446 possit
629 4375 998 4444 unusquisque
1026 4373 1192 4427 etiam
1228 4372 1368 4440 apud
1412 4371 1762 4438 semetipsum
1813 4369 1992 4422 consi-
2025 4368 2067 4422 D
2097 4386 2200 4440 que
2227 4371 2554 4425 tentabimus
2581 4371 2852 4437 quomodo
2887 4369 2988 4422 ista
3024 4377 3174 4422 tanta
3206 4371 3442 4424 varietas
3473 4371 3662 4425 mundi

431 4470 622 4520 derare
660 4466 725 4520 de
767 4467 850 4518 bis
895 4464 1126 4532 singulis
1171 4473 1337 4531 atque
1361 4461 1734 4531 perpendere?
1769 4460 1908 4514 Sunt
1936 4470 1992 4514 et

431 4558 678 4627 quaedam
730 4556 1031 4608 invisibiles
1083 4555 1334 4619 virtutes,
1397 4552 1593 4619 quibus
1649 4565 1774 4619 qua:
1832 4565 1992 4618 super

435 4659 640 4702 terram
684 4657 832 4710 sunt,
875 4645 1232 4714 dispensanda
1262 4645 1554 4697 commissa
1603 4653 1764 4707 sunt;
1802 4651 1991 4695 etnon

395 4809 402 4816 η
433 4755 602 4809 parva
635 4738 800 4791 etiam
833 4738 884 4791 in
905 4768 914 4778 ε
937 4738 1066 4806 ipsis
1089 4734 1394 4790 dilfereutia
1429 4735 1696 4788 credenda
1720 4743 1821 4800 est,
1854 4734 1995 4788 sicut

2099 4473 2259 4530 atque
2281 4461 2591 4523 diversitas,
2615 4461 2764 4512 omni
2795 4461 3011 4528 justitia
3042 4475 3106 4514 ac
3146 4461 3359 4514 ratione
3383 4460 3496 4529 (91)
3524 4475 3661 4515 con-

2099 4563 2245 4608 stare
2288 4555 2557 4608 videatur.
2591 4551 2874 4604 [tationem
2919 4561 3098 4604 autem
3126 4551 3246 4605 dico
3277 4552 3539 4604 duntaxat
3563 4564 3659 4618 ge-

2099 4643 2378 4706 neralem;
2416 4657 2540 4695 nam
2589 4642 2873 4710 specialem
2927 4639 3288 4710 singulorum,
3319 4649 3374 4693 et
3418 4652 3664 4708 quaerere

2101 4734 2331 4802 imperiti
2357 4743 2462 4798 est,
2489 4741 2543 4783 et
2569 4732 2792 4786 reddere
2818 4730 2954 4784 veile
2981 4731 3245 4785 dementis
3275 4738 3380 4784 est.

503 4881 548 4913 ⁸⁸
583 4880 604 4933 l
647 4880 772 4934 Cor.
816 4893 912 4944 xv,
969 4879 1060 4932 ll.
1135 4872 1408 4929 “Coloss.
1442 4887 1478 4934 ι,
1525 4872 1609 4926 l6.
1684 4869 1728 4903 ⁸⁸
1770 4869 1925 4925 Joan.
1951 4885 1988 4934 i,
2026 4870 2077 4934 l,
2103 4868 2158 4920 2.
2236 4868 2281 4898 ⁸³
2321 4867 2464 4920 Psal.
2495 4881 2616 4932 eiii,
2653 4866 2746 4921 24.

508 5013 619 5092 (83)
653 5016 784 5092 Vide
809 5016 846 5068 Ι.
871 5031 909 5070 it
965 5014 1298 5092 Qrige‘niam,
1323 5029 1381 5092 (ι.
1414 5013 1500 5092 12,
1529 5029 1582 5066 n.
1611 5013 1666 5092 2_.
1829 5079 1839 5092 .

508 5083 617 5161 (85)
651 5087 870 5161 Priores
917 5086 1189 5140 editiones
1241 5085 1500 5139 omittunt
1533 5101 1550 5132 ι
1572 5083 1655 5134 vel
1692 5083 1932 5149 parcius,
1961 5098 1978 5130 »

435 5155 578 5228 quod
599 5155 827 5228 habetur
859 5155 910 5207 in
939 5168 1073 5207 mss.

504 5228 619 5298 (84)
644 5224 828 5298 Alias,
851 5242 871 5276 ι
896 5238 1058 5290 supra
1091 5231 1289 5276 terram
1311 5221 1398 5277 vel
1425 5221 1480 5276 in
1507 5220 1594 5275 bis
1625 5233 1744 5288 qua:
1766 5218 1980 5274 inferi.»

436 5296 540 5353 Sed
579 5311 706 5350 mss.
734 5305 790 5348 ut
818 5296 870 5349 in
906 5303 1090 5346 nostro
1115 5303 1286 5347 textu.
1613 5315 1616 5318 ·

528 5367 618 5437 85)
655 5367 747 5437 Sic
773 5380 903 5421 mss.
938 5363 1109 5437 Alias,
1145 5379 1162 5411 ι
1187 5363 1414 5437 inclyta.
1441 5371 1462 5412 »

528 5427 620 5504 86)
653 5436 822 5498 Alias,
864 5453 881 5484 α
907 5432 1220 5504 claritate.»
1251 5427 1420 5504 Paulo
1442 5436 1565 5504 p0'_t
1596 5442 1752 5504 mss.,
1785 5427 1880 5504 «id
1912 5436 1994 5480 est

437 5498 578 5560 inter
602 5498 902 5560 homines.»
943 5501 1098 5556 Libb.
1135 5501 1287 5565 editi,
1320 5518 1338 5551 ι
1364 5501 1504 5553 sicut
1528 5499 1667 5550 inter
1691 5498 1986 5551 homines.»

435 5578 440 5579 “
510 5576 620 5642 (87)
649 5576 740 5630 Sic
762 5572 902 5632 Imss.
925 5573 1097 5643 Alias,
1136 5586 1152 5622 t
1178 5569 1568 5641 quouiodu.;...
1605 5567 1743 5621 facta
1767 5581 1888 5622 esse
1912 5569 1988 5620 vi-

439 5646 649 5697 dentur.
666 5661 688 5696 »
1532 5657 1536 5661 '

2163 5009 2273 5081 (88)
2297 5006 2360 5064 In
2384 5012 2781 5081 principioerat
2807 5008 3030 5062 Verbum
3056 5017 3103 5061 et
3136 5007 3357 5081 Verbum
3383 5017 3494 5081 erat
3523 5011 3666 5077 apud

2092 5079 2279 5144 Deum,
2297 5093 2342 5133 et
2365 5081 2500 5133 Deus
2519 5095 2627 5134 erat
2655 5079 2910 5132 Verbum:
2932 5081 3027 5129 hoc
3042 5079 3226 5130 eratin
3242 5079 3502 5146 principio
3526 5093 3667 5143 npua

2095 5151 2282 5202 Deum.
2328 5151 2451 5203 lltec
2487 5152 2869 5203 desiderantur
2908 5148 2962 5198 iti
3011 5149 3282 5213 prioribus
3308 5148 3666 5212 editionibus,

2097 5221 2222 5271 licet
2253 5221 2552 5272 habeantur
2581 5221 2633 5271 in
2660 5218 2913 5271 omnibus
2938 5230 3070 5269 mss.

2169 5289 2280 5355 (89)
2317 5289 2409 5342 Sic
2434 5304 2564 5345 mss.
2601 5288 2823 5356 Alias”
2849 5284 3015 5338 etiam
3062 5299 3125 5338 ea
3172 5283 3384 5356 justitia
3432 5298 3554 5353 qua:
3585 5291 3674 5338 est

2099 5357 2154 5410 in
2185 5357 2405 5411 Christo
2437 5360 2577 5411 facta
2606 5370 2728 5410 esse
2763 5355 3040 5408 dicantur.
3067 5369 3087 5405 »

2193 5426 2284 5494 90)
2319 5427 2863 5489 Mss.,«lamdigne.p
2893 5422 3045 5475 Libb.
3073 5423 3228 5491 editi,
3259 5441 3278 5476 (
3303 5438 3423 5477 eam
3450 5423 3666 5494 digne.»

2193 5433 2284 5494 90)
2319 5433 2863 5489 Mss.,«lamdigne.p
2893 5433 3045 5475 LIDD.
3073 5433 3228 5491 editi,
3259 5441 3278 5476 (
3303 5438 3423 5477 eam
3450 5433 3666 5492 digne.»

2172 5433 2286 5566 i9”
2320 5497 2408 5550 Sic
2441 5507 2587 5566 recte
2619 5509 2748 5548 mss.
2784 5493 2950 5554 Alias,
2991 5508 3010 5541 t
3036 5495 3274 5557 omnium
3307 5493 3534 5560 justitia:
3583 5507 3672 5566 ref

2104 5562 2270 5618 tione.
2303 5584 2322 5616 »
2379 5565 2547 5619 Paulo
2596 5573 2720 5631 post
2777 5577 2930 5623 mss.,
2972 5579 2988 5608 ι
3017 5573 3073 5615 et
3116 5577 3364 5629 quaerere
3429 5562 3669 5626 imperiti

2104 5645 2237 5691 est.»
2280 5635 2455 5700 Alias,
2489 5652 2506 5684 ι
2529 5645 2583 5689 et
2621 5648 2866 5702 tittterere
2893 5632 3162 5686 rationem
3198 5633 3485 5700 imperitia:
3520 5643 3661 5685 est.»
