  <div class='ocr_page' id='page_1' title='image "/cluster/home/n/w/nwhite01/storage/ocr_20150623/11/mdp.39015013266690/128.png"; bbox 0 0 4014 6142; ppageno 0'>
   <div class='ocr_carea' id='block_1_1' title="bbox 395 300 500 354">
    <p class='ocr_par' dir='ltr' id='par_1_1' title="bbox 395 300 500 354">
     <span class='ocr_line' id='line_1_1' title="bbox 395 300 500 354; baseline -0.01 0"><span class='ocrx_word' id='word_1_1' title='bbox 395 300 500 354; x_wconf 69' lang='lat'><strong>2‘29</strong></span> 
     </span>
    </p>
   </div>
   <div class='ocr_carea' id='block_1_2' title="bbox 1727 293 2354 349">
    <p class='ocr_par' dir='ltr' id='par_1_2' title="bbox 1727 293 2354 349">
     <span class='ocr_line' id='line_1_2' title="bbox 1727 293 2354 349; baseline -0.003 -1"><span class='ocrx_word' id='word_1_2' title='bbox 1727 295 1928 348; x_wconf 81' lang='lat' dir='ltr'><strong>LIBER</strong></span> <span class='ocrx_word' id='word_1_3' title='bbox 1971 293 2354 349; x_wconf 76' lang='lat' dir='ltr'><strong>SECUNDUS.</strong></span> 
     </span>
    </p>
   </div>
   <div class='ocr_carea' id='block_1_3' title="bbox 3537 293 3642 353">
    <p class='ocr_par' dir='ltr' id='par_1_3' title="bbox 3537 293 3642 353">
     <span class='ocr_line' id='line_1_3' title="bbox 3537 293 3642 353; baseline 0 0"><span class='ocrx_word' id='word_1_4' title='bbox 3537 293 3642 353; x_wconf 70' lang='lat'><strong>250</strong></span> 
     </span>
    </p>
   </div>
   <div class='ocr_carea' id='block_1_4' title="bbox 465 412 3639 495">
    <p class='ocr_par' dir='ltr' id='par_1_4' title="bbox 465 412 3639 495">
     <span class='ocr_line' id='line_1_4' title="bbox 465 412 3639 495; baseline -0.001 -22"><span class='ocrx_word' id='word_1_5' title='bbox 465 419 520 473; x_wconf 87' lang='grc'><strong>5.</strong></span> <span class='ocrx_word' id='word_1_6' title='bbox 548 416 862 473; x_wconf 86' lang='lat' dir='ltr'><strong>Dicentibus</strong></span> <span class='ocrx_word' id='word_1_7' title='bbox 895 419 1074 471; x_wconf 82' lang='lat' dir='ltr'><strong>autem</strong></span> <span class='ocrx_word' id='word_1_8' title='bbox 1105 416 1262 472; x_wconf 90' lang='lat' dir='ltr'><strong>nobis</strong></span> <span class='ocrx_word' id='word_1_9' title='bbox 1297 417 1558 470; x_wconf 91' lang='lat' dir='ltr'><strong>mundum</strong></span> <span class='ocrx_word' id='word_1_10' title='bbox 1584 417 1750 470; x_wconf 92' lang='lat' dir='ltr'><strong>istum</strong></span> <span class='ocrx_word' id='word_1_11' title='bbox 1777 417 1830 469; x_wconf 92' lang='lat' dir='ltr'><strong>in</strong></span> <span class='ocrx_word' id='word_1_12' title='bbox 1856 418 1960 470; x_wconf 87' lang='lat' dir='ltr'><strong>hac</strong></span> <span class='ocrx_word' id='word_1_13' title='bbox 1990 421 2038 478; x_wconf 76' lang='grc' dir='ltr'>Α</span> <span class='ocrx_word' id='word_1_14' title='bbox 2068 427 2260 495; x_wconf 75' lang='lat' dir='ltr'><strong>natura</strong></span> <span class='ocrx_word' id='word_1_15' title='bbox 2294 415 2489 468; x_wconf 68' lang='lat' dir='ltr'><strong>anima:</strong></span> <span class='ocrx_word' id='word_1_16' title='bbox 2531 413 2598 467; x_wconf 88' lang='lat' dir='ltr'><strong>ad</strong></span> <span class='ocrx_word' id='word_1_17' title='bbox 2630 421 2845 483; x_wconf 97' lang='lat' dir='ltr'><strong>gentem</strong></span> <span class='ocrx_word' id='word_1_18' title='bbox 2891 413 3091 467; x_wconf 88' lang='lat' dir='ltr'><strong>malam</strong></span> <span class='ocrx_word' id='word_1_19' title='bbox 3127 412 3460 480; x_wconf 75' lang='lat' dir='ltr'><strong>destinetur,</strong></span> <span class='ocrx_word' id='word_1_20' title='bbox 3495 416 3639 471; x_wconf 86' lang='lat' dir='ltr'><strong>bona</strong></span> 
     </span>
    </p>
   </div>
   <div class='ocr_carea' id='block_1_5' title="bbox 399 509 1965 579">
    <p class='ocr_par' dir='ltr' id='par_1_5' title="bbox 399 509 1965 579">
     <span class='ocr_line' id='line_1_5' title="bbox 399 509 1965 579; baseline 0.001 -16"><span class='ocrx_word' id='word_1_21' title='bbox 399 513 659 565; x_wconf 77' lang='lat' dir='ltr'><strong>varietate</strong></span> <span class='ocrx_word' id='word_1_22' title='bbox 707 509 968 579; x_wconf 76' lang='lat' dir='ltr'><strong>positum,</strong></span> <span class='ocrx_word' id='word_1_23' title='bbox 1022 525 1129 578; x_wconf 87' lang='lat' dir='ltr'><strong>qua</strong></span> <span class='ocrx_word' id='word_1_24' title='bbox 1196 526 1358 578; x_wconf 82' lang='lat' dir='ltr'><strong>supra</strong></span> <span class='ocrx_word' id='word_1_25' title='bbox 1407 510 1756 578; x_wconf 74' lang='lat' dir='ltr'><strong>exposuimus</strong></span> <span class='ocrx_word' id='word_1_26' title='bbox 1795 526 1822 563; x_wconf 92' lang='lat' dir='ltr'><strong>a</strong></span> <span class='ocrx_word' id='word_1_27' title='bbox 1855 509 1965 564; x_wconf 87' lang='lat' dir='ltr'><strong>Deo</strong></span> 
     </span>
    </p>
   </div>
   <div class='ocr_carea' id='block_1_6' title="bbox 395 601 1966 671">
    <p class='ocr_par' dir='ltr' id='par_1_6' title="bbox 395 601 1966 671">
     <span class='ocr_line' id='line_1_6' title="bbox 395 601 1966 671; baseline -0.001 -15"><span class='ocrx_word' id='word_1_28' title='bbox 395 604 616 669; x_wconf 88' lang='lat' dir='ltr'><strong>factum,</strong></span> <span class='ocrx_word' id='word_1_29' title='bbox 651 615 812 671; x_wconf 90' lang='lat' dir='ltr'><strong>quem</strong></span> <span class='ocrx_word' id='word_1_30' title='bbox 855 601 1022 654; x_wconf 89' lang='lat' dir='ltr'><strong>Deum</strong></span> <span class='ocrx_word' id='word_1_31' title='bbox 1074 611 1131 656; x_wconf 90' lang='lat' dir='ltr'><strong>et</strong></span> <span class='ocrx_word' id='word_1_32' title='bbox 1175 603 1373 655; x_wconf 87' lang='lat' dir='ltr'><strong>bonum</strong></span> <span class='ocrx_word' id='word_1_33' title='bbox 1425 609 1476 654; x_wconf 92' lang='lat' dir='ltr'><strong>et</strong></span> <span class='ocrx_word' id='word_1_34' title='bbox 1526 601 1736 668; x_wconf 87' lang='lat' dir='ltr'><strong>justum</strong></span> <span class='ocrx_word' id='word_1_35' title='bbox 1805 613 1966 669; x_wconf 88' lang='lat' dir='ltr'><strong>atque</strong></span> 
     </span>
    </p>
   </div>
   <div class='ocr_carea' id='block_1_7' title="bbox 393 697 1963 766">
    <p class='ocr_par' dir='ltr' id='par_1_7' title="bbox 393 697 1963 766">
     <span class='ocr_line' id='line_1_7' title="bbox 393 697 1963 766; baseline -0.003 -12"><span class='ocrx_word' id='word_1_36' title='bbox 393 699 763 766; x_wconf 68' lang='lat' dir='ltr'><strong>aequissimum</strong></span> <span class='ocrx_word' id='word_1_37' title='bbox 808 699 1059 761; x_wconf 77' lang='lat' dir='ltr'><strong>dicimus,</strong></span> <span class='ocrx_word' id='word_1_38' title='bbox 1091 697 1328 764; x_wconf 90' lang='lat' dir='ltr'><strong>objicere</strong></span> <span class='ocrx_word' id='word_1_39' title='bbox 1377 698 1479 750; x_wconf 94' lang='lat' dir='ltr'><strong>hoc</strong></span> <span class='ocrx_word' id='word_1_40' title='bbox 1520 698 1735 766; x_wconf 86' lang='lat' dir='ltr'><strong>plurimi</strong></span> <span class='ocrx_word' id='word_1_41' title='bbox 1767 699 1963 762; x_wconf 91' lang='lat' dir='ltr'><strong>solent,</strong></span> 
     </span>
    </p>
   </div>
   <div class='ocr_carea' id='block_1_8' title="bbox 393 787 2003 858">
    <p class='ocr_par' dir='ltr' id='par_1_8' title="bbox 393 787 2003 858">
     <span class='ocr_line' id='line_1_8' title="bbox 393 787 2003 858; baseline -0.001 -14"><span class='ocrx_word' id='word_1_42' title='bbox 393 801 448 845; x_wconf 91' lang='lat' dir='ltr'><strong>et</strong></span> <span class='ocrx_word' id='word_1_43' title='bbox 480 790 534 843; x_wconf 89' lang='lat' dir='ltr'><strong>hi</strong></span> <span class='ocrx_word' id='word_1_44' title='bbox 589 790 828 843; x_wconf 78' lang='lat' dir='ltr'><strong>maxime</strong></span> <span class='ocrx_word' id='word_1_45' title='bbox 874 792 963 858; x_wconf 93' lang='lat' dir='ltr'><strong>qui</strong></span> <span class='ocrx_word' id='word_1_46' title='bbox 1013 806 1078 844; x_wconf 86' lang='lat' dir='ltr'><strong>ex</strong></span> <span class='ocrx_word' id='word_1_47' title='bbox 1122 789 1307 843; x_wconf 84' lang='lat' dir='ltr'><strong>schola</strong></span> <span class='ocrx_word' id='word_1_48' title='bbox 1347 789 1657 849; x_wconf 84' lang='lat' dir='ltr'><strong>Marcionis,</strong></span> <span class='ocrx_word' id='word_1_49' title='bbox 1685 797 1737 842; x_wconf 90' lang='lat' dir='ltr'><strong>et</strong></span> <span class='ocrx_word' id='word_1_50' title='bbox 1771 787 2003 842; x_wconf 39' lang='lat' dir='ltr'><strong>Valen-&#39;</strong></span> 
     </span>
    </p>
   </div>
   <div class='ocr_carea' id='block_1_9' title="bbox 394 879 1965 949">
    <p class='ocr_par' dir='ltr' id='par_1_9' title="bbox 394 879 1965 949">
     <span class='ocr_line' id='line_1_9' title="bbox 394 879 1965 949; baseline 0.001 -17"><span class='ocrx_word' id='word_1_51' title='bbox 394 883 517 945; x_wconf 92' lang='lat' dir='ltr'><strong>tini,</strong></span> <span class='ocrx_word' id='word_1_52' title='bbox 550 890 608 934; x_wconf 88' lang='lat' dir='ltr'><strong>et</strong></span> <span class='ocrx_word' id='word_1_53' title='bbox 641 880 890 934; x_wconf 80' lang='lat' dir='ltr'><strong>Basilidae</strong></span> <span class='ocrx_word' id='word_1_54' title='bbox 920 882 1220 942; x_wconf 81' lang='lat' dir='ltr'><strong>venientes,</strong></span> <span class='ocrx_word' id='word_1_55' title='bbox 1251 880 1537 938; x_wconf 82' lang='lat' dir='ltr'><strong>audierunt</strong></span> <span class='ocrx_word' id='word_1_56' title='bbox 1568 879 1679 949; x_wconf 73' lang='lat'>(92)</span> <span class='ocrx_word' id='word_1_57' title='bbox 1719 881 1965 934; x_wconf 79' lang='lat' dir='ltr'><strong>diversas</strong></span> 
     </span>
    </p>
   </div>
   <div class='ocr_carea' id='block_1_10' title="bbox 389 965 1960 1036">
    <p class='ocr_par' dir='ltr' id='par_1_10' title="bbox 389 965 1960 1036">
     <span class='ocr_line' id='line_1_10' title="bbox 389 965 1960 1036; baseline -0.001 -15"><span class='ocrx_word' id='word_1_58' title='bbox 389 982 513 1021; x_wconf 87' lang='lat' dir='ltr'><strong>esse</strong></span> <span class='ocrx_word' id='word_1_59' title='bbox 544 965 770 1020; x_wconf 82' lang='lat' dir='ltr'><strong>naturas</strong></span> <span class='ocrx_word' id='word_1_60' title='bbox 797 968 1098 1019; x_wconf 89' lang='lat' dir='ltr'><strong>animarum</strong></span> <span class='ocrx_word' id='word_1_61' title='bbox 1129 967 1677 1036; x_wconf 71' lang='lat' dir='ltr'><strong>:qnomodojnstitize</strong></span> <span class='ocrx_word' id='word_1_62' title='bbox 1706 968 1796 1021; x_wconf 87' lang='lat' dir='ltr'><strong>Dei</strong></span> <span class='ocrx_word' id='word_1_63' title='bbox 1827 984 1960 1021; x_wconf 89' lang='lat' dir='ltr'><strong>con-</strong></span> 
     </span>
    </p>
   </div>
   <div class='ocr_carea' id='block_1_11' title="bbox 390 1057 1962 1127">
    <p class='ocr_par' dir='ltr' id='par_1_11' title="bbox 390 1057 1962 1127">
     <span class='ocr_line' id='line_1_11' title="bbox 390 1057 1962 1127; baseline 0.001 -15"><span class='ocrx_word' id='word_1_64' title='bbox 390 1058 578 1113; x_wconf 80' lang='lat' dir='ltr'><strong>veniat</strong></span> <span class='ocrx_word' id='word_1_65' title='bbox 611 1059 869 1111; x_wconf 88' lang='lat' dir='ltr'><strong>muudum</strong></span> <span class='ocrx_word' id='word_1_66' title='bbox 905 1057 1176 1122; x_wconf 83' lang='lat' dir='ltr'><strong>facientis,</strong></span> <span class='ocrx_word' id='word_1_67' title='bbox 1211 1069 1267 1112; x_wconf 93' lang='lat' dir='ltr'><strong>ut</strong></span> <span class='ocrx_word' id='word_1_68' title='bbox 1299 1058 1667 1112; x_wconf 86' lang='lat' dir='ltr'><strong>habitaculum</strong></span> <span class='ocrx_word' id='word_1_69' title='bbox 1693 1060 1816 1112; x_wconf 90' lang='lat' dir='ltr'><strong>aliis</strong></span> <span class='ocrx_word' id='word_1_70' title='bbox 1841 1060 1962 1127; x_wconf 88' lang='lat' dir='ltr'><strong>qui-</strong></span> 
     </span>
    </p>
   </div>
   <div class='ocr_carea' id='block_1_12' title="bbox 344 1148 1962 1215">
    <p class='ocr_par' dir='ltr' id='par_1_12' title="bbox 344 1148 1962 1215">
     <span class='ocr_line' id='line_1_12' title="bbox 344 1148 1962 1215; baseline -0.001 -13"><span class='ocrx_word' id='word_1_71' title='bbox 344 1173 350 1182; x_wconf 92' lang='lat'><strong><em>-</em></strong></span> <span class='ocrx_word' id='word_1_72' title='bbox 390 1149 516 1202; x_wconf 89' lang='lat' dir='ltr'><strong>dem</strong></span> <span class='ocrx_word' id='word_1_73' title='bbox 553 1149 604 1201; x_wconf 93' lang='lat' dir='ltr'><strong>in</strong></span> <span class='ocrx_word' id='word_1_74' title='bbox 638 1148 792 1201; x_wconf 64' lang='lat' dir='ltr'><strong>caelis</strong></span> <span class='ocrx_word' id='word_1_75' title='bbox 821 1148 1082 1215; x_wconf 73' lang='lat' dir='ltr'><strong>praebeat,</strong></span> <span class='ocrx_word' id='word_1_76' title='bbox 1113 1157 1166 1202; x_wconf 89' lang='lat' dir='ltr'><strong>et</strong></span> <span class='ocrx_word' id='word_1_77' title='bbox 1198 1164 1302 1201; x_wconf 92' lang='lat' dir='ltr'><strong>non</strong></span> <span class='ocrx_word' id='word_1_78' title='bbox 1341 1148 1514 1202; x_wconf 89' lang='lat' dir='ltr'><strong>solum</strong></span> <span class='ocrx_word' id='word_1_79' title='bbox 1560 1150 1645 1202; x_wconf 88' lang='lat' dir='ltr'><strong>his</strong></span> <span class='ocrx_word' id='word_1_80' title='bbox 1676 1150 1962 1203; x_wconf 86' lang='lat' dir='ltr'><strong>habitacu-</strong></span> 
     </span>
    </p>
   </div>
   <div class='ocr_carea' id='block_1_13' title="bbox 393 1238 1959 1308">
    <p class='ocr_par' dir='ltr' id='par_1_13' title="bbox 393 1238 1959 1308">
     <span class='ocr_line' id='line_1_13' title="bbox 393 1238 1959 1308; baseline 0 -16"><span class='ocrx_word' id='word_1_81' title='bbox 393 1241 503 1294; x_wconf 87' lang='lat' dir='ltr'><strong>lum</strong></span> <span class='ocrx_word' id='word_1_82' title='bbox 542 1238 739 1293; x_wconf 88' lang='lat' dir='ltr'><strong>melius</strong></span> <span class='ocrx_word' id='word_1_83' title='bbox 763 1248 1004 1306; x_wconf 60' lang='lat' dir='ltr'><strong>prastet,</strong></span> <span class='ocrx_word' id='word_1_84' title='bbox 1040 1253 1227 1292; x_wconf 90' lang='lat' dir='ltr'><strong>verum</strong></span> <span class='ocrx_word' id='word_1_85' title='bbox 1276 1239 1442 1292; x_wconf 88' lang='lat' dir='ltr'><strong>etiam</strong></span> <span class='ocrx_word' id='word_1_86' title='bbox 1473 1240 1697 1308; x_wconf 85' lang='lat' dir='ltr'><strong>gradum</strong></span> <span class='ocrx_word' id='word_1_87' title='bbox 1724 1240 1959 1307; x_wconf 84' lang='lat' dir='ltr'><strong>aliquem</strong></span> 
     </span>
    </p>
   </div>
   <div class='ocr_carea' id='block_1_14' title="bbox 349 1331 1964 1403">
    <p class='ocr_par' dir='ltr' id='par_1_14' title="bbox 349 1331 1964 1403">
     <span class='ocr_line' id='line_1_14' title="bbox 349 1331 1964 1403; baseline -0.002 -15"><span class='ocrx_word' id='word_1_88' title='bbox 349 1341 353 1344; x_wconf 81' lang='grc'><strong>’</strong></span> <span class='ocrx_word' id='word_1_89' title='bbox 390 1335 679 1388; x_wconf 89' lang='lat' dir='ltr'><strong>celsiorem</strong></span> <span class='ocrx_word' id='word_1_90' title='bbox 724 1332 1268 1400; x_wconf 88' lang='lat' dir='ltr'><strong>speetabilioremque</strong></span> <span class='ocrx_word' id='word_1_91' title='bbox 1299 1331 1408 1403; x_wconf 76' lang='lat'><strong>(93)</strong></span> <span class='ocrx_word' id='word_1_92' title='bbox 1439 1332 1726 1397; x_wconf 88' lang='lat' dir='ltr'><strong>concedat,</strong></span> <span class='ocrx_word' id='word_1_93' title='bbox 1762 1333 1964 1398; x_wconf 81' lang='lat' dir='ltr'><strong>princi-</strong></span> 
     </span>
    </p>
   </div>
   <div class='ocr_carea' id='block_1_15' title="bbox 390 1425 1960 1495">
    <p class='ocr_par' dir='ltr' id='par_1_15' title="bbox 390 1425 1960 1495">
     <span class='ocr_line' id='line_1_15' title="bbox 390 1425 1960 1495; baseline 0 -19"><span class='ocrx_word' id='word_1_94' title='bbox 390 1435 578 1495; x_wconf 85' lang='lat' dir='ltr'><strong>patum</strong></span> <span class='ocrx_word' id='word_1_95' title='bbox 618 1427 740 1478; x_wconf 92' lang='lat' dir='ltr'><strong>aliis</strong></span> <span class='ocrx_word' id='word_1_96' title='bbox 781 1425 1079 1494; x_wconf 81' lang='lat' dir='ltr'><strong>indulgeat,</strong></span> <span class='ocrx_word' id='word_1_97' title='bbox 1124 1425 1246 1478; x_wconf 89' lang='lat' dir='ltr'><strong>aliis</strong></span> <span class='ocrx_word' id='word_1_98' title='bbox 1281 1433 1601 1492; x_wconf 85' lang='lat' dir='ltr'><strong>potestates,</strong></span> <span class='ocrx_word' id='word_1_99' title='bbox 1634 1425 1960 1477; x_wconf 86' lang='lat' dir='ltr'><strong>dominatio-</strong></span> 
     </span>
    </p>
   </div>
   <div class='ocr_carea' id='block_1_16' title="bbox 349 1515 1960 1585">
    <p class='ocr_par' dir='ltr' id='par_1_16' title="bbox 349 1515 1960 1585">
     <span class='ocr_line' id='line_1_16' title="bbox 349 1515 1960 1585; baseline -0.001 -16"><span class='ocrx_word' id='word_1_100' title='bbox 349 1534 352 1536; x_wconf 87' lang='grc'><strong>·</strong></span> <span class='ocrx_word' id='word_1_101' title='bbox 393 1532 492 1572; x_wconf 90' lang='lat' dir='ltr'><strong>nes</strong></span> <span class='ocrx_word' id='word_1_102' title='bbox 543 1532 756 1585; x_wconf 90' lang='lat' dir='ltr'><strong>quoque</strong></span> <span class='ocrx_word' id='word_1_103' title='bbox 801 1516 929 1570; x_wconf 87' lang='lat' dir='ltr'><strong>aliis</strong></span> <span class='ocrx_word' id='word_1_104' title='bbox 976 1516 1200 1578; x_wconf 87' lang='lat' dir='ltr'><strong>tribuat,</strong></span> <span class='ocrx_word' id='word_1_105' title='bbox 1235 1517 1356 1569; x_wconf 87' lang='lat' dir='ltr'><strong>aliis</strong></span> <span class='ocrx_word' id='word_1_106' title='bbox 1406 1515 1775 1582; x_wconf 85' lang='lat' dir='ltr'><strong>amplissimas</strong></span> <span class='ocrx_word' id='word_1_107' title='bbox 1805 1517 1960 1569; x_wconf 86' lang='lat' dir='ltr'><strong>sedes</strong></span> 
     </span>
    </p>
   </div>
   <div class='ocr_carea' id='block_1_17' title="bbox 387 1607 1960 1676">
    <p class='ocr_par' dir='ltr' id='par_1_17' title="bbox 387 1607 1960 1676">
     <span class='ocr_line' id='line_1_17' title="bbox 387 1607 1960 1676; baseline -0.003 -12"><span class='ocrx_word' id='word_1_108' title='bbox 387 1609 700 1663; x_wconf 77' lang='lat' dir='ltr'><strong>ctelestium</strong></span> <span class='ocrx_word' id='word_1_109' title='bbox 743 1607 1098 1660; x_wconf 80' lang='lat' dir='ltr'><strong>tribunalium</strong></span> <span class='ocrx_word' id='word_1_110' title='bbox 1136 1615 1378 1676; x_wconf 78' lang='lat' dir='ltr'><strong>praestet,</strong></span> <span class='ocrx_word' id='word_1_111' title='bbox 1407 1607 1656 1659; x_wconf 89' lang='lat' dir='ltr'><strong>eluceant</strong></span> <span class='ocrx_word' id='word_1_112' title='bbox 1693 1607 1784 1660; x_wconf 90' lang='lat' dir='ltr'><strong>alii</strong></span> <span class='ocrx_word' id='word_1_113' title='bbox 1825 1608 1960 1660; x_wconf 90' lang='lat' dir='ltr'><strong>ruti-</strong></span> 
     </span>
    </p>
   </div>
   <div class='ocr_carea' id='block_1_18' title="bbox 388 1694 1959 1764">
    <p class='ocr_par' dir='ltr' id='par_1_18' title="bbox 388 1694 1959 1764">
     <span class='ocr_line' id='line_1_18' title="bbox 388 1694 1959 1764; baseline -0.001 -15"><span class='ocrx_word' id='word_1_114' title='bbox 388 1697 616 1756; x_wconf 87' lang='lat' dir='ltr'><strong>lantius.</strong></span> <span class='ocrx_word' id='word_1_115' title='bbox 649 1705 703 1748; x_wconf 93' lang='lat' dir='ltr'><strong>et</strong></span> <span class='ocrx_word' id='word_1_116' title='bbox 728 1705 1018 1750; x_wconf 90' lang='lat' dir='ltr'><strong>coruscent</strong></span> <span class='ocrx_word' id='word_1_117' title='bbox 1065 1695 1272 1764; x_wconf 82' lang='lat' dir='ltr'><strong>fulgore</strong></span> <span class='ocrx_word' id='word_1_118' title='bbox 1305 1694 1550 1760; x_wconf 88' lang='lat' dir='ltr'><strong>sidereo;</strong></span> <span class='ocrx_word' id='word_1_119' title='bbox 1585 1694 1706 1749; x_wconf 90' lang='lat' dir='ltr'><strong>aliis</strong></span> <span class='ocrx_word' id='word_1_120' title='bbox 1746 1695 1818 1749; x_wconf 89' lang='lat' dir='ltr'><strong>sit</strong></span> <span class='ocrx_word' id='word_1_121' title='bbox 1844 1695 1959 1764; x_wconf 87' lang='lat' dir='ltr'><strong>glo-</strong></span> 
     </span>
    </p>
   </div>
   <div class='ocr_carea' id='block_1_19' title="bbox 347 1774 1954 1857">
    <p class='ocr_par' dir='ltr' id='par_1_19' title="bbox 347 1774 1954 1857">
     <span class='ocr_line' id='line_1_19' title="bbox 347 1774 1954 1857; baseline -0.002 -14"><span class='ocrx_word' id='word_1_122' title='bbox 347 1791 468 1843; x_wconf 86' lang='lat' dir='ltr'><strong>&#39;ria</strong></span> <span class='ocrx_word' id='word_1_123' title='bbox 522 1789 678 1852; x_wconf 85' lang='lat' dir='ltr'><strong>solis,</strong></span> <span class='ocrx_word' id='word_1_124' title='bbox 735 1789 856 1841; x_wconf 87' lang='lat' dir='ltr'><strong>aliis</strong></span> <span class='ocrx_word' id='word_1_125' title='bbox 911 1785 1108 1857; x_wconf 81' lang='lat' dir='ltr'><strong>gloria</strong></span> <span class='ocrx_word' id='word_1_126' title='bbox 1141 1774 1300 1851; x_wconf 62' lang='lat' dir='ltr'><strong>lunae,</strong></span> <span class='ocrx_word' id='word_1_127' title='bbox 1366 1787 1490 1840; x_wconf 88' lang='lat' dir='ltr'><strong>aliis</strong></span> <span class='ocrx_word' id='word_1_128' title='bbox 1535 1787 1703 1856; x_wconf 80' lang='lat' dir='ltr'><strong>gloria</strong></span> <span class='ocrx_word' id='word_1_129' title='bbox 1764 1788 1954 1841; x_wconf 84' lang='lat' dir='ltr'><strong>stella-</strong></span> 
     </span>
    </p>
   </div>
   <div class='ocr_carea' id='block_1_20' title="bbox 385 1875 1958 1950">
    <p class='ocr_par' dir='ltr' id='par_1_20' title="bbox 385 1875 1958 1950">
     <span class='ocr_line' id='line_1_20' title="bbox 385 1875 1958 1950; baseline -0.001 -19"><span class='ocrx_word' id='word_1_130' title='bbox 385 1895 508 1932; x_wconf 88' lang='lat' dir='ltr'><strong>rum</strong></span> <span class='ocrx_word' id='word_1_131' title='bbox 534 1876 679 1950; x_wconf 67' lang='lat'><strong>(94);</strong></span> <span class='ocrx_word' id='word_1_132' title='bbox 712 1878 861 1932; x_wconf 84' lang='lat' dir='ltr'><strong>stella</strong></span> <span class='ocrx_word' id='word_1_133' title='bbox 911 1893 937 1931; x_wconf 90' lang='lat' dir='ltr'><strong>a</strong></span> <span class='ocrx_word' id='word_1_134' title='bbox 977 1877 1126 1931; x_wconf 90' lang='lat' dir='ltr'><strong>stella</strong></span> <span class='ocrx_word' id='word_1_135' title='bbox 1165 1877 1214 1930; x_wconf 93' lang='lat' dir='ltr'><strong>in</strong></span> <span class='ocrx_word' id='word_1_136' title='bbox 1242 1877 1407 1946; x_wconf 81' lang='lat' dir='ltr'><strong>gloria</strong></span> <span class='ocrx_word' id='word_1_137' title='bbox 1441 1875 1750 1942; x_wconf 69' lang='lat' dir='ltr'><strong>differat“;</strong></span> <span class='ocrx_word' id='word_1_138' title='bbox 1787 1887 1864 1939; x_wconf 87' lang='lat' dir='ltr'><strong>et,</strong></span> <span class='ocrx_word' id='word_1_139' title='bbox 1900 1887 1958 1930; x_wconf 88' lang='lat' dir='ltr'><strong>ut</strong></span> 
     </span>
    </p>
   </div>
   <div class='ocr_carea' id='block_1_21' title="bbox 385 1968 1958 2032">
    <p class='ocr_par' dir='ltr' id='par_1_21' title="bbox 385 1968 1958 2032">
     <span class='ocr_line' id='line_1_21' title="bbox 385 1968 1958 2032; baseline -0.001 -9"><span class='ocrx_word' id='word_1_140' title='bbox 385 1971 550 2023; x_wconf 86' lang='lat' dir='ltr'><strong>simul</strong></span> <span class='ocrx_word' id='word_1_141' title='bbox 579 1983 642 2023; x_wconf 93' lang='lat' dir='ltr'><strong>ac</strong></span> <span class='ocrx_word' id='word_1_142' title='bbox 678 1969 920 2024; x_wconf 84' lang='lat' dir='ltr'><strong>breviter</strong></span> <span class='ocrx_word' id='word_1_143' title='bbox 953 1977 1122 2023; x_wconf 92' lang='lat' dir='ltr'><strong>totum</strong></span> <span class='ocrx_word' id='word_1_144' title='bbox 1154 1968 1351 2032; x_wconf 86' lang='lat' dir='ltr'><strong>dicam,</strong></span> <span class='ocrx_word' id='word_1_145' title='bbox 1383 1969 1426 2023; x_wconf 94' lang='lat' dir='ltr'><strong>si</strong></span> <span class='ocrx_word' id='word_1_146' title='bbox 1454 1971 1682 2024; x_wconf 86' lang='lat' dir='ltr'><strong>creatori</strong></span> <span class='ocrx_word' id='word_1_147' title='bbox 1717 1969 1826 2023; x_wconf 91' lang='lat' dir='ltr'><strong>Deo</strong></span> <span class='ocrx_word' id='word_1_148' title='bbox 1860 1984 1958 2022; x_wconf 90' lang='lat' dir='ltr'><strong>nec</strong></span> 
     </span>
    </p>
   </div>
   <div class='ocr_carea' id='block_1_22' title="bbox 381 2060 1956 2130">
    <p class='ocr_par' dir='ltr' id='par_1_22' title="bbox 381 2060 1956 2130">
     <span class='ocr_line' id='line_1_22' title="bbox 381 2060 1956 2130; baseline 0.001 -18"><span class='ocrx_word' id='word_1_149' title='bbox 381 2062 644 2114; x_wconf 76' lang='lat' dir='ltr'><strong>voluntas</strong></span> <span class='ocrx_word' id='word_1_150' title='bbox 702 2060 896 2114; x_wconf 90' lang='lat' dir='ltr'><strong>summi</strong></span> <span class='ocrx_word' id='word_1_151' title='bbox 951 2061 1184 2128; x_wconf 90' lang='lat' dir='ltr'><strong>bonique</strong></span> <span class='ocrx_word' id='word_1_152' title='bbox 1232 2061 1437 2129; x_wconf 89' lang='lat' dir='ltr'><strong>operis,</strong></span> <span class='ocrx_word' id='word_1_153' title='bbox 1476 2076 1576 2116; x_wconf 90' lang='lat' dir='ltr'><strong>nec</strong></span> <span class='ocrx_word' id='word_1_154' title='bbox 1637 2061 1956 2130; x_wconf 86' lang='lat' dir='ltr'><strong>perticicndi</strong></span> 
     </span>
    </p>
   </div>
   <div class='ocr_carea' id='block_1_23' title="bbox 384 2148 1958 2218">
    <p class='ocr_par' dir='ltr' id='par_1_23' title="bbox 384 2148 1958 2218">
     <span class='ocr_line' id='line_1_23' title="bbox 384 2148 1958 2218; baseline 0.001 -18"><span class='ocrx_word' id='word_1_155' title='bbox 384 2149 622 2202; x_wconf 77' lang='lat' dir='ltr'><strong>facultas</strong></span> <span class='ocrx_word' id='word_1_156' title='bbox 650 2150 822 2211; x_wconf 89' lang='lat' dir='ltr'><strong>deest,</strong></span> <span class='ocrx_word' id='word_1_157' title='bbox 863 2148 991 2215; x_wconf 90' lang='lat' dir='ltr'><strong>quid</strong></span> <span class='ocrx_word' id='word_1_158' title='bbox 1032 2162 1209 2202; x_wconf 73' lang='lat' dir='ltr'><strong>causa:</strong></span> <span class='ocrx_word' id='word_1_159' title='bbox 1237 2149 1503 2202; x_wconf 80' lang='lat' dir='ltr'><strong>exsistere</strong></span> <span class='ocrx_word' id='word_1_160' title='bbox 1536 2151 1732 2218; x_wconf 88' lang='lat' dir='ltr'><strong>potuit,</strong></span> <span class='ocrx_word' id='word_1_161' title='bbox 1767 2158 1828 2202; x_wconf 91' lang='lat' dir='ltr'><strong>ut</strong></span> <span class='ocrx_word' id='word_1_162' title='bbox 1864 2165 1958 2201; x_wconf 90' lang='lat' dir='ltr'><strong>na-</strong></span> 
     </span>
    </p>
   </div>
   <div class='ocr_carea' id='block_1_24' title="bbox 384 2239 1956 2308">
    <p class='ocr_par' dir='ltr' id='par_1_24' title="bbox 384 2239 1956 2308">
     <span class='ocr_line' id='line_1_24' title="bbox 384 2239 1956 2308; baseline 0.001 -17"><span class='ocrx_word' id='word_1_163' title='bbox 384 2250 545 2294; x_wconf 86' lang='lat' dir='ltr'><strong>turas</strong></span> <span class='ocrx_word' id='word_1_164' title='bbox 599 2239 950 2294; x_wconf 87' lang='lat' dir='ltr'><strong>rationabiles</strong></span> <span class='ocrx_word' id='word_1_165' title='bbox 985 2255 1200 2307; x_wconf 89' lang='lat' dir='ltr'><strong>creans,</strong></span> <span class='ocrx_word' id='word_1_166' title='bbox 1232 2243 1284 2295; x_wconf 90' lang='lat' dir='ltr'><strong>id</strong></span> <span class='ocrx_word' id='word_1_167' title='bbox 1319 2249 1424 2305; x_wconf 91' lang='lat' dir='ltr'><strong>est,</strong></span> <span class='ocrx_word' id='word_1_168' title='bbox 1454 2241 1654 2308; x_wconf 89' lang='lat' dir='ltr'><strong>quibus</strong></span> <span class='ocrx_word' id='word_1_169' title='bbox 1681 2251 1738 2293; x_wconf 93' lang='lat' dir='ltr'><strong>ut</strong></span> <span class='ocrx_word' id='word_1_170' title='bbox 1768 2248 1956 2294; x_wconf 85' lang='lat' dir='ltr'><strong>essent</strong></span> 
     </span>
    </p>
   </div>
   <div class='ocr_carea' id='block_1_25' title="bbox 371 2330 1949 2400">
    <p class='ocr_par' dir='ltr' id='par_1_25' title="bbox 371 2330 1949 2400">
     <span class='ocr_line' id='line_1_25' title="bbox 371 2330 1949 2400; baseline 0 -15"><span class='ocrx_word' id='word_1_171' title='bbox 371 2332 504 2400; x_wconf 88' lang='lat' dir='ltr'><strong>ipse</strong></span> <span class='ocrx_word' id='word_1_172' title='bbox 544 2333 754 2385; x_wconf 75' lang='lat' dir='ltr'><strong>exstitit</strong></span> <span class='ocrx_word' id='word_1_173' title='bbox 809 2345 993 2394; x_wconf 86' lang='lat' dir='ltr'><strong>causa,</strong></span> <span class='ocrx_word' id='word_1_174' title='bbox 1047 2331 1308 2386; x_wconf 90' lang='lat' dir='ltr'><strong>celsiores</strong></span> <span class='ocrx_word' id='word_1_175' title='bbox 1359 2330 1494 2384; x_wconf 88' lang='lat' dir='ltr'><strong>alios</strong></span> <span class='ocrx_word' id='word_1_176' title='bbox 1545 2330 1778 2395; x_wconf 87' lang='lat' dir='ltr'><strong>faceret,</strong></span> <span class='ocrx_word' id='word_1_177' title='bbox 1810 2331 1949 2385; x_wconf 90' lang='lat' dir='ltr'><strong>alios</strong></span> 
     </span>
    </p>
   </div>
   <div class='ocr_carea' id='block_1_26' title="bbox 380 2421 1957 2490">
    <p class='ocr_par' dir='ltr' id='par_1_26' title="bbox 380 2421 1957 2490">
     <span class='ocr_line' id='line_1_26' title="bbox 380 2421 1957 2490; baseline -0.001 -14"><span class='ocrx_word' id='word_1_178' title='bbox 380 2423 648 2486; x_wconf 80' lang='lat' dir='ltr'><strong>secundo,</strong></span> <span class='ocrx_word' id='word_1_179' title='bbox 674 2429 766 2475; x_wconf 88' lang='lat' dir='ltr'><strong>aut</strong></span> <span class='ocrx_word' id='word_1_180' title='bbox 801 2422 986 2485; x_wconf 90' lang='lat' dir='ltr'><strong>tertio,</strong></span> <span class='ocrx_word' id='word_1_181' title='bbox 1016 2431 1072 2476; x_wconf 91' lang='lat' dir='ltr'><strong>et</strong></span> <span class='ocrx_word' id='word_1_182' title='bbox 1107 2421 1420 2488; x_wconf 88' lang='lat' dir='ltr'><strong>multisjam</strong></span> <span class='ocrx_word' id='word_1_183' title='bbox 1455 2421 1743 2475; x_wconf 89' lang='lat' dir='ltr'><strong>inferiores</strong></span> <span class='ocrx_word' id='word_1_184' title='bbox 1775 2423 1957 2490; x_wconf 89' lang='lat' dir='ltr'><strong>gradi-</strong></span> 
     </span>
    </p>
   </div>
   <div class='ocr_carea' id='block_1_27' title="bbox 341 2512 1958 2580">
    <p class='ocr_par' dir='ltr' id='par_1_27' title="bbox 341 2512 1958 2580">
     <span class='ocr_line' id='line_1_27' title="bbox 341 2512 1958 2580; baseline -0.002 -12"><span class='ocrx_word' id='word_1_185' title='bbox 341 2552 348 2560; x_wconf 90' lang='grc'><strong>-.</strong></span> <span class='ocrx_word' id='word_1_186' title='bbox 378 2515 490 2568; x_wconf 86' lang='lat' dir='ltr'><strong>bus</strong></span> <span class='ocrx_word' id='word_1_187' title='bbox 539 2513 951 2579; x_wconf 81' lang='lat' dir='ltr'><strong>deterioresque</strong></span> <span class='ocrx_word' id='word_1_188' title='bbox 996 2512 1344 2580; x_wconf 86' lang='lat' dir='ltr'><strong>procrearet?</strong></span> <span class='ocrx_word' id='word_1_189' title='bbox 1373 2513 1507 2565; x_wconf 89' lang='lat' dir='ltr'><strong>Tum</strong></span> <span class='ocrx_word' id='word_1_190' title='bbox 1571 2513 1767 2566; x_wconf 89' lang='lat' dir='ltr'><strong>deinde</strong></span> <span class='ocrx_word' id='word_1_191' title='bbox 1825 2512 1958 2580; x_wconf 81' lang='lat' dir='ltr'><strong>obji-</strong></span> 
     </span>
    </p>
   </div>
   <div class='ocr_carea' id='block_1_28' title="bbox 379 2601 1951 2670">
    <p class='ocr_par' dir='ltr' id='par_1_28' title="bbox 379 2601 1951 2670">
     <span class='ocr_line' id='line_1_28' title="bbox 379 2601 1951 2670; baseline -0.003 -10"><span class='ocrx_word' id='word_1_192' title='bbox 379 2606 545 2660; x_wconf 87' lang='lat' dir='ltr'><strong>ciunt</strong></span> <span class='ocrx_word' id='word_1_193' title='bbox 577 2603 741 2656; x_wconf 91' lang='lat' dir='ltr'><strong>etiam</strong></span> <span class='ocrx_word' id='word_1_194' title='bbox 775 2602 839 2655; x_wconf 90' lang='lat' dir='ltr'><strong>de</strong></span> <span class='ocrx_word' id='word_1_195' title='bbox 872 2601 957 2654; x_wconf 88' lang='lat' dir='ltr'><strong>his</strong></span> <span class='ocrx_word' id='word_1_196' title='bbox 991 2616 1110 2670; x_wconf 77' lang='lat' dir='ltr'><strong>qua:</strong></span> <span class='ocrx_word' id='word_1_197' title='bbox 1142 2603 1194 2654; x_wconf 92' lang='lat' dir='ltr'><strong>in</strong></span> <span class='ocrx_word' id='word_1_198' title='bbox 1229 2603 1387 2654; x_wconf 86' lang='lat' dir='ltr'><strong>terris</strong></span> <span class='ocrx_word' id='word_1_199' title='bbox 1421 2612 1568 2665; x_wconf 90' lang='lat' dir='ltr'><strong>sunt,</strong></span> <span class='ocrx_word' id='word_1_200' title='bbox 1621 2603 1767 2670; x_wconf 92' lang='lat' dir='ltr'><strong>quod</strong></span> <span class='ocrx_word' id='word_1_201' title='bbox 1826 2603 1951 2656; x_wconf 87' lang='lat' dir='ltr'><strong>aliis</strong></span> 
     </span>
    </p>
   </div>
   <div class='ocr_carea' id='block_1_29' title="bbox 383 2690 1946 2758">
    <p class='ocr_par' dir='ltr' id='par_1_29' title="bbox 383 2690 1946 2758">
     <span class='ocr_line' id='line_1_29' title="bbox 383 2690 1946 2758; baseline -0.003 -10"><span class='ocrx_word' id='word_1_202' title='bbox 383 2694 652 2748; x_wconf 86' lang='lat' dir='ltr'><strong>nascendi</strong></span> <span class='ocrx_word' id='word_1_203' title='bbox 679 2708 797 2747; x_wconf 90' lang='lat' dir='ltr'><strong>sors</strong></span> <span class='ocrx_word' id='word_1_204' title='bbox 832 2690 1042 2746; x_wconf 87' lang='lat' dir='ltr'><strong>felicior</strong></span> <span class='ocrx_word' id='word_1_205' title='bbox 1073 2691 1341 2754; x_wconf 90' lang='lat' dir='ltr'><strong>evenerit,</strong></span> <span class='ocrx_word' id='word_1_206' title='bbox 1372 2702 1428 2744; x_wconf 92' lang='grc' dir='ltr'><strong>ιιι</strong></span> <span class='ocrx_word' id='word_1_207' title='bbox 1456 2692 1594 2758; x_wconf 87' lang='lat' dir='ltr'><strong>quis,</strong></span> <span class='ocrx_word' id='word_1_208' title='bbox 1632 2692 1778 2744; x_wconf 90' lang='lat' dir='ltr'><strong>verbi</strong></span> <span class='ocrx_word' id='word_1_209' title='bbox 1823 2707 1946 2757; x_wconf 81' lang='lat' dir='ltr'><strong>gra-</strong></span> 
     </span>
    </p>
   </div>
   <div class='ocr_carea' id='block_1_30' title="bbox 385 2779 1958 2850">
    <p class='ocr_par' dir='ltr' id='par_1_30' title="bbox 385 2779 1958 2850">
     <span class='ocr_line' id='line_1_30' title="bbox 385 2779 1958 2850; baseline -0.005 -11"><span class='ocrx_word' id='word_1_210' title='bbox 385 2788 496 2850; x_wconf 87' lang='lat' dir='ltr'><strong>tia,</strong></span> <span class='ocrx_word' id='word_1_211' title='bbox 527 2801 594 2839; x_wconf 84' lang='lat' dir='ltr'><strong>ex</strong></span> <span class='ocrx_word' id='word_1_212' title='bbox 642 2783 914 2838; x_wconf 77' lang='lat' dir='ltr'><strong>Abraham</strong></span> <span class='ocrx_word' id='word_1_213' title='bbox 949 2790 1264 2850; x_wconf 77' lang='lat' dir='ltr'><strong>generetur,</strong></span> <span class='ocrx_word' id='word_1_214' title='bbox 1302 2789 1357 2834; x_wconf 86' lang='lat' dir='ltr'><strong>et</strong></span> <span class='ocrx_word' id='word_1_215' title='bbox 1411 2795 1475 2832; x_wconf 84' lang='lat' dir='ltr'><strong>ex</strong></span> <span class='ocrx_word' id='word_1_216' title='bbox 1530 2779 1958 2847; x_wconf 77' lang='lat' dir='ltr'><strong>repromissione</strong></span> 
     </span>
    </p>
   </div>
   <div class='ocr_carea' id='block_1_31' title="bbox 382 2862 1961 2942">
    <p class='ocr_par' dir='ltr' id='par_1_31' title="bbox 382 2862 1961 2942">
     <span class='ocr_line' id='line_1_31' title="bbox 382 2862 1961 2942; baseline -0.006 -10"><span class='ocrx_word' id='word_1_217' title='bbox 382 2884 669 2939; x_wconf 89' lang='lat' dir='ltr'><strong>nascatur,</strong></span> <span class='ocrx_word' id='word_1_218' title='bbox 689 2874 827 2929; x_wconf 91' lang='lat' dir='ltr'><strong>alius</strong></span> <span class='ocrx_word' id='word_1_219' title='bbox 849 2873 1156 2942; x_wconf 62' lang='lat' dir='ltr'><strong>quoque‘ex</strong></span> <span class='ocrx_word' id='word_1_220' title='bbox 1183 2862 1330 2925; x_wconf 84' lang='lat' dir='ltr'><strong>Isaac</strong></span> <span class='ocrx_word' id='word_1_221' title='bbox 1346 2881 1400 2925; x_wconf 91' lang='lat' dir='ltr'><strong>et</strong></span> <span class='ocrx_word' id='word_1_222' title='bbox 1417 2871 1656 2924; x_wconf 81' lang='lat' dir='ltr'><strong>Rebecca</strong></span> <span class='ocrx_word' id='word_1_223' title='bbox 1671 2869 1738 2934; x_wconf 80' lang='grc'><strong>⁸⁸,</strong></span> <span class='ocrx_word' id='word_1_224' title='bbox 1761 2870 1961 2939; x_wconf 87' lang='lat' dir='ltr'><strong>quique</strong></span> 
     </span>
    </p>
   </div>
   <div class='ocr_carea' id='block_1_32' title="bbox 380 2958 1954 3030">
    <p class='ocr_par' dir='ltr' id='par_1_32' title="bbox 380 2958 1954 3030">
     <span class='ocr_line' id='line_1_32' title="bbox 380 2958 1954 3030; baseline -0.009 -7"><span class='ocrx_word' id='word_1_225' title='bbox 380 2968 570 3023; x_wconf 84' lang='lat' dir='ltr'><strong>adhuc</strong></span> <span class='ocrx_word' id='word_1_226' title='bbox 600 2966 652 3019; x_wconf 94' lang='lat' dir='ltr'><strong>in</strong></span> <span class='ocrx_word' id='word_1_227' title='bbox 689 2973 879 3020; x_wconf 84' lang='lat' dir='ltr'><strong>ventre</strong></span> <span class='ocrx_word' id='word_1_228' title='bbox 911 2963 1119 3030; x_wconf 89' lang='lat' dir='ltr'><strong>positus</strong></span> <span class='ocrx_word' id='word_1_229' title='bbox 1163 2959 1479 3029; x_wconf 87' lang='lat' dir='ltr'><strong>supplantat</strong></span> <span class='ocrx_word' id='word_1_230' title='bbox 1511 2958 1732 3011; x_wconf 86' lang='lat' dir='ltr'><strong>fratrem</strong></span> <span class='ocrx_word' id='word_1_231' title='bbox 1778 2972 1954 3021; x_wconf 79' lang='lat' dir='ltr'><strong>Sllllll,</strong></span> 
     </span>
    </p>
   </div>
   <div class='ocr_carea' id='block_1_33' title="bbox 2067 505 3638 573">
    <p class='ocr_par' dir='ltr' id='par_1_33' title="bbox 2067 505 3638 573">
     <span class='ocr_line' id='line_1_33' title="bbox 2067 505 3638 573; baseline 0.001 -14"><span class='ocrx_word' id='word_1_232' title='bbox 2067 518 2246 560; x_wconf 90' lang='lat' dir='ltr'><strong>autem</strong></span> <span class='ocrx_word' id='word_1_233' title='bbox 2283 507 2350 559; x_wconf 91' lang='lat' dir='ltr'><strong>ad</strong></span> <span class='ocrx_word' id='word_1_234' title='bbox 2398 509 2586 569; x_wconf 88' lang='lat' dir='ltr'><strong>bonas,</strong></span> <span class='ocrx_word' id='word_1_235' title='bbox 2623 505 2752 573; x_wconf 90' lang='lat' dir='ltr'><strong>quid</strong></span> <span class='ocrx_word' id='word_1_236' title='bbox 2805 505 2948 558; x_wconf 86' lang='lat' dir='ltr'><strong>aliud</strong></span> <span class='ocrx_word' id='word_1_237' title='bbox 3000 516 3264 572; x_wconf 88' lang='lat' dir='ltr'><strong>superest,</strong></span> <span class='ocrx_word' id='word_1_238' title='bbox 3294 506 3396 560; x_wconf 92' lang='lat' dir='ltr'><strong>nisi</strong></span> <span class='ocrx_word' id='word_1_239' title='bbox 3435 515 3492 560; x_wconf 90' lang='lat' dir='ltr'><strong>ut</strong></span> <span class='ocrx_word' id='word_1_240' title='bbox 3524 509 3638 562; x_wconf 81' lang='lat' dir='ltr'><strong>for-</strong></span> 
     </span>
    </p>
   </div>
   <div class='ocr_carea' id='block_1_34' title="bbox 2068 595 3640 668">
    <p class='ocr_par' dir='ltr' id='par_1_34' title="bbox 2068 595 3640 668">
     <span class='ocr_line' id='line_1_34' title="bbox 2068 595 3640 668; baseline 0.001 -16"><span class='ocrx_word' id='word_1_241' title='bbox 2068 600 2206 652; x_wconf 90' lang='lat' dir='ltr'><strong>tuito</strong></span> <span class='ocrx_word' id='word_1_242' title='bbox 2241 599 2341 652; x_wconf 89' lang='lat' dir='ltr'><strong>ista</strong></span> <span class='ocrx_word' id='word_1_243' title='bbox 2371 599 2453 668; x_wconf 85' lang='lat' dir='ltr'><strong>agi</strong></span> <span class='ocrx_word' id='word_1_244' title='bbox 2499 605 2758 664; x_wconf 89' lang='lat' dir='ltr'><strong>putentur</strong></span> <span class='ocrx_word' id='word_1_245' title='bbox 2786 605 2840 648; x_wconf 92' lang='lat' dir='ltr'><strong>et</strong></span> <span class='ocrx_word' id='word_1_246' title='bbox 2875 597 3043 650; x_wconf 82' lang='lat' dir='ltr'><strong>casu?</strong></span> <span class='ocrx_word' id='word_1_247' title='bbox 3078 595 3233 661; x_wconf 85' lang='lat' dir='ltr'><strong>Quod</strong></span> <span class='ocrx_word' id='word_1_248' title='bbox 3269 598 3456 664; x_wconf 89' lang='lat' dir='ltr'><strong>utique</strong></span> <span class='ocrx_word' id='word_1_249' title='bbox 3475 599 3519 652; x_wconf 93' lang='lat' dir='ltr'><strong>si</strong></span> <span class='ocrx_word' id='word_1_250' title='bbox 3552 614 3640 654; x_wconf 91' lang='lat' dir='ltr'><strong>re-</strong></span> 
     </span>
    </p>
   </div>
   <div class='ocr_carea' id='block_1_35' title="bbox 2026 686 3638 757">
    <p class='ocr_par' dir='ltr' id='par_1_35' title="bbox 2026 686 3638 757">
     <span class='ocr_line' id='line_1_35' title="bbox 2026 686 3638 757; baseline 0 -14"><span class='ocrx_word' id='word_1_251' title='bbox 2026 716 2034 727; x_wconf 89' lang='lat'>-</span> <span class='ocrx_word' id='word_1_252' title='bbox 2066 689 2321 757; x_wconf 85' lang='lat' dir='ltr'><strong>cipiatur,</strong></span> <span class='ocrx_word' id='word_1_253' title='bbox 2350 689 2462 757; x_wconf 90' lang='lat' dir='ltr'><strong>jam</strong></span> <span class='ocrx_word' id='word_1_254' title='bbox 2497 702 2601 741; x_wconf 89' lang='lat' dir='ltr'><strong>nec</strong></span> <span class='ocrx_word' id='word_1_255' title='bbox 2637 703 2665 739; x_wconf 89' lang='lat' dir='ltr'><strong>a</strong></span> <span class='ocrx_word' id='word_1_256' title='bbox 2717 687 2828 740; x_wconf 88' lang='lat' dir='ltr'><strong>Deo</strong></span> <span class='ocrx_word' id='word_1_257' title='bbox 2862 686 3036 739; x_wconf 89' lang='lat' dir='ltr'><strong>factus</strong></span> <span class='ocrx_word' id='word_1_258' title='bbox 3086 702 3208 740; x_wconf 87' lang='lat' dir='ltr'><strong>esse</strong></span> <span class='ocrx_word' id='word_1_259' title='bbox 3241 689 3495 755; x_wconf 89' lang='lat' dir='ltr'><strong>mundus,</strong></span> <span class='ocrx_word' id='word_1_260' title='bbox 3532 705 3638 744; x_wconf 90' lang='lat' dir='ltr'><strong>nec</strong></span> 
     </span>
    </p>
   </div>
   <div class='ocr_carea' id='block_1_36' title="bbox 2065 779 3639 849">
    <p class='ocr_par' dir='ltr' id='par_1_36' title="bbox 2065 779 3639 849">
     <span class='ocr_line' id='line_1_36' title="bbox 2065 779 3639 849; baseline 0.001 -17"><span class='ocrx_word' id='word_1_261' title='bbox 2065 795 2092 832; x_wconf 90' lang='lat' dir='ltr'><strong>a</strong></span> <span class='ocrx_word' id='word_1_262' title='bbox 2123 780 2459 848; x_wconf 83' lang='lat' dir='ltr'><strong>providentia</strong></span> <span class='ocrx_word' id='word_1_263' title='bbox 2496 779 2613 847; x_wconf 85' lang='lat' dir='ltr'><strong>ejus</strong></span> <span class='ocrx_word' id='word_1_264' title='bbox 2649 780 2762 847; x_wconf 85' lang='lat' dir='ltr'><strong>regi</strong></span> <span class='ocrx_word' id='word_1_265' title='bbox 2816 781 3089 842; x_wconf 88' lang='lat' dir='ltr'><strong>credetur,</strong></span> <span class='ocrx_word' id='word_1_266' title='bbox 3126 788 3180 832; x_wconf 90' lang='lat' dir='ltr'><strong>et</strong></span> <span class='ocrx_word' id='word_1_267' title='bbox 3233 789 3639 849; x_wconf 82' lang='lat' dir='ltr'><strong>consequenter</strong></span> 
     </span>
    </p>
   </div>
   <div class='ocr_carea' id='block_1_37' title="bbox 2067 870 3632 937">
    <p class='ocr_par' dir='ltr' id='par_1_37' title="bbox 2067 870 3632 937">
     <span class='ocr_line' id='line_1_37' title="bbox 2067 870 3632 937; baseline 0.001 -14"><span class='ocrx_word' id='word_1_268' title='bbox 2067 887 2167 925; x_wconf 86' lang='lat' dir='ltr'><strong>nec</strong></span> <span class='ocrx_word' id='word_1_269' title='bbox 2192 871 2284 924; x_wconf 91' lang='lat' dir='ltr'><strong>Dei</strong></span> <span class='ocrx_word' id='word_1_270' title='bbox 2310 870 2580 937; x_wconf 85' lang='lat' dir='ltr'><strong>judicium</strong></span> <span class='ocrx_word' id='word_1_271' title='bbox 2612 871 2678 922; x_wconf 91' lang='lat' dir='ltr'><strong>de</strong></span> <span class='ocrx_word' id='word_1_272' title='bbox 2711 870 3138 937; x_wconf 89' lang='lat' dir='ltr'><strong>uniuscujusque</strong></span> <span class='ocrx_word' id='word_1_273' title='bbox 3164 871 3329 937; x_wconf 87' lang='lat' dir='ltr'><strong>gestis</strong></span> <span class='ocrx_word' id='word_1_274' title='bbox 3359 871 3632 924; x_wconf 86' lang='lat' dir='ltr'><strong>videbitur</strong></span> 
     </span>
    </p>
   </div>
   <div class='ocr_carea' id='block_1_38' title="bbox 2065 960 3638 1030">
    <p class='ocr_par' dir='ltr' id='par_1_38' title="bbox 2065 960 3638 1030">
     <span class='ocr_line' id='line_1_38' title="bbox 2065 960 3638 1030; baseline 0 -15"><span class='ocrx_word' id='word_1_275' title='bbox 2065 963 2509 1030; x_wconf 78' lang='lat' dir='ltr'><strong>exspectandum.</strong></span> <span class='ocrx_word' id='word_1_276' title='bbox 2542 960 2596 1013; x_wconf 83' lang='grc' dir='ltr'><strong>ιιι</strong></span> <span class='ocrx_word' id='word_1_277' title='bbox 2631 975 2734 1028; x_wconf 88' lang='lat' dir='ltr'><strong>qua</strong></span> <span class='ocrx_word' id='word_1_278' title='bbox 2771 975 2828 1013; x_wconf 91' lang='lat' dir='ltr'><strong>re</strong></span> <span class='ocrx_word' id='word_1_279' title='bbox 2852 975 2992 1028; x_wconf 70' lang='lat' dir='ltr'><strong>quae</strong></span> <span class='ocrx_word' id='word_1_280' title='bbox 3027 961 3097 1014; x_wconf 92' lang='lat' dir='ltr'><strong>sit</strong></span> <span class='ocrx_word' id='word_1_281' title='bbox 3125 961 3344 1030; x_wconf 92' lang='lat' dir='ltr'><strong>quidem</strong></span> <span class='ocrx_word' id='word_1_282' title='bbox 3377 962 3442 1014; x_wconf 92' lang='lat' dir='ltr'><strong>ad</strong></span> <span class='ocrx_word' id='word_1_283' title='bbox 3476 961 3638 1030; x_wconf 82' lang='lat' dir='ltr'><strong>liqui-</strong></span> 
     </span>
    </p>
   </div>
   <div class='ocr_carea' id='block_1_39' title="bbox 2065 1049 3636 1118">
    <p class='ocr_par' dir='ltr' id='par_1_39' title="bbox 2065 1049 3636 1118">
     <span class='ocr_line' id='line_1_39' title="bbox 2065 1049 3636 1118; baseline 0.001 -15"><span class='ocrx_word' id='word_1_284' title='bbox 2065 1053 2193 1104; x_wconf 89' lang='lat' dir='ltr'><strong>dum</strong></span> <span class='ocrx_word' id='word_1_285' title='bbox 2226 1051 2427 1104; x_wconf 86' lang='lat' dir='ltr'><strong>veritas</strong></span> <span class='ocrx_word' id='word_1_286' title='bbox 2458 1065 2664 1111; x_wconf 90' lang='lat' dir='ltr'><strong>rerum,</strong></span> <span class='ocrx_word' id='word_1_287' title='bbox 2684 1049 2838 1101; x_wconf 78' lang='lat' dir='ltr'><strong>illius</strong></span> <span class='ocrx_word' id='word_1_288' title='bbox 2869 1059 2953 1101; x_wconf 90' lang='lat' dir='ltr'><strong>est</strong></span> <span class='ocrx_word' id='word_1_289' title='bbox 2981 1064 3139 1103; x_wconf 90' lang='lat' dir='ltr'><strong>nosse</strong></span> <span class='ocrx_word' id='word_1_290' title='bbox 3167 1050 3336 1104; x_wconf 91' lang='lat' dir='ltr'><strong>solius</strong></span> <span class='ocrx_word' id='word_1_291' title='bbox 3357 1050 3447 1118; x_wconf 92' lang='lat' dir='ltr'><strong>qui</strong></span> <span class='ocrx_word' id='word_1_292' title='bbox 3479 1065 3636 1105; x_wconf 90' lang='lat' dir='ltr'><strong>scru-</strong></span> 
     </span>
    </p>
   </div>
   <div class='ocr_carea' id='block_1_40' title="bbox 2066 1139 2999 1204">
    <p class='ocr_par' dir='ltr' id='par_1_40' title="bbox 2066 1139 2999 1204">
     <span class='ocr_line' id='line_1_40' title="bbox 2066 1139 2999 1204; baseline -0.004 -10"><span class='ocrx_word' id='word_1_293' title='bbox 2066 1151 2214 1196; x_wconf 88' lang='lat' dir='ltr'><strong>tatur</strong></span> <span class='ocrx_word' id='word_1_294' title='bbox 2245 1141 2448 1204; x_wconf 86' lang='lat' dir='ltr'><strong>omnia,</strong></span> <span class='ocrx_word' id='word_1_295' title='bbox 2485 1143 2650 1193; x_wconf 89' lang='lat' dir='ltr'><strong>etiam</strong></span> <span class='ocrx_word' id='word_1_296' title='bbox 2689 1140 2793 1191; x_wconf 84' lang='lat' dir='ltr'><strong>alla</strong></span> <span class='ocrx_word' id='word_1_297' title='bbox 2828 1139 2915 1191; x_wconf 82' lang='lat' dir='ltr'><strong>Dei</strong></span> <span class='ocrx_word' id='word_1_298' title='bbox 2935 1139 2999 1190; x_wconf 77' lang='grc'><strong>⁸⁸.</strong></span> 
     </span>
    </p>
   </div>
   <div class='ocr_carea' id='block_1_41' title="bbox 2139 1229 3634 1299">
    <p class='ocr_par' dir='ltr' id='par_1_41' title="bbox 2139 1229 3634 1299">
     <span class='ocr_line' id='line_1_41' title="bbox 2139 1229 3634 1299; baseline -0.001 -13"><span class='ocrx_word' id='word_1_299' title='bbox 2139 1234 2191 1287; x_wconf 88' lang='lat'><strong>6.</strong></span> <span class='ocrx_word' id='word_1_300' title='bbox 2223 1233 2334 1286; x_wconf 89' lang='lat' dir='ltr'><strong>Nos</strong></span> <span class='ocrx_word' id='word_1_301' title='bbox 2368 1238 2494 1284; x_wconf 77' lang='lat' dir='ltr'><strong>vero</strong></span> <span class='ocrx_word' id='word_1_302' title='bbox 2529 1231 2679 1298; x_wconf 88' lang='lat' dir='ltr'><strong>quasi</strong></span> <span class='ocrx_word' id='word_1_303' title='bbox 2732 1229 2978 1283; x_wconf 88' lang='lat' dir='ltr'><strong>homines</strong></span> <span class='ocrx_word' id='word_1_304' title='bbox 3009 1230 3099 1299; x_wconf 90' lang='lat' dir='ltr'><strong>(ne</strong></span> <span class='ocrx_word' id='word_1_305' title='bbox 3141 1229 3514 1284; x_wconf 61' lang='lat' dir='ltr'><strong>haereticorum</strong></span> <span class='ocrx_word' id='word_1_306' title='bbox 3549 1231 3634 1285; x_wconf 92' lang='lat' dir='ltr'><strong>in-</strong></span> 
     </span>
    </p>
   </div>
   <div class='ocr_carea' id='block_1_42' title="bbox 2064 1319 3633 1396">
    <p class='ocr_par' dir='ltr' id='par_1_42' title="bbox 2064 1319 3633 1396">
     <span class='ocr_line' id='line_1_42' title="bbox 2064 1319 3633 1396; baseline 0.001 -19"><span class='ocrx_word' id='word_1_307' title='bbox 2064 1322 2347 1396; x_wconf 85' lang='lat' dir='ltr'><strong>solentiam</strong></span> <span class='ocrx_word' id='word_1_308' title='bbox 2398 1321 2674 1374; x_wconf 76' lang='lat' dir='ltr'><strong>reticendo</strong></span> <span class='ocrx_word' id='word_1_309' title='bbox 2712 1319 3057 1387; x_wconf 81' lang='lat' dir='ltr'><strong>nutriamus),</strong></span> <span class='ocrx_word' id='word_1_310' title='bbox 3103 1335 3224 1388; x_wconf 74' lang='lat' dir='ltr'><strong>quae</strong></span> <span class='ocrx_word' id='word_1_311' title='bbox 3278 1337 3376 1388; x_wconf 89' lang='lat' dir='ltr'><strong>pro</strong></span> <span class='ocrx_word' id='word_1_312' title='bbox 3428 1322 3633 1378; x_wconf 89' lang='lat' dir='ltr'><strong>viribus</strong></span> 
     </span>
    </p>
   </div>
   <div class='ocr_carea' id='block_1_43' title="bbox 2065 1411 3636 1479">
    <p class='ocr_par' dir='ltr' id='par_1_43' title="bbox 2065 1411 3636 1479">
     <span class='ocr_line' id='line_1_43' title="bbox 2065 1411 3636 1479; baseline -0.001 -12"><span class='ocrx_word' id='word_1_313' title='bbox 2065 1414 2266 1467; x_wconf 87' lang='lat' dir='ltr'><strong>nostris</strong></span> <span class='ocrx_word' id='word_1_314' title='bbox 2287 1424 2574 1464; x_wconf 89' lang='lat' dir='ltr'><strong>occurrere</strong></span> <span class='ocrx_word' id='word_1_315' title='bbox 2609 1411 2760 1461; x_wconf 90' lang='lat' dir='ltr'><strong>nobis</strong></span> <span class='ocrx_word' id='word_1_316' title='bbox 2783 1421 3027 1477; x_wconf 77' lang='lat' dir='ltr'><strong>possunt,</strong></span> <span class='ocrx_word' id='word_1_317' title='bbox 3069 1411 3132 1462; x_wconf 91' lang='lat' dir='ltr'><strong>ad</strong></span> <span class='ocrx_word' id='word_1_318' title='bbox 3175 1427 3237 1463; x_wconf 91' lang='lat' dir='ltr'><strong>ea</strong></span> <span class='ocrx_word' id='word_1_319' title='bbox 3291 1427 3411 1479; x_wconf 77' lang='lat' dir='ltr'><strong>qua:</strong></span> <span class='ocrx_word' id='word_1_320' title='bbox 3443 1415 3636 1465; x_wconf 83' lang='lat' dir='ltr'><strong>obten-</strong></span> 
     </span>
    </p>
   </div>
   <div class='ocr_carea' id='block_1_44' title="bbox 2065 1499 3634 1568">
    <p class='ocr_par' dir='ltr' id='par_1_44' title="bbox 2065 1499 3634 1568">
     <span class='ocr_line' id='line_1_44' title="bbox 2065 1499 3634 1568; baseline -0.003 -10"><span class='ocrx_word' id='word_1_321' title='bbox 2065 1505 2278 1564; x_wconf 89' lang='lat' dir='ltr'><strong>derunt,</strong></span> <span class='ocrx_word' id='word_1_322' title='bbox 2313 1505 2415 1556; x_wconf 93' lang='lat' dir='ltr'><strong>hoc</strong></span> <span class='ocrx_word' id='word_1_323' title='bbox 2457 1505 2616 1554; x_wconf 90' lang='lat' dir='ltr'><strong>modo</strong></span> <span class='ocrx_word' id='word_1_324' title='bbox 2649 1500 3112 1568; x_wconf 83' lang='lat' dir='ltr'><strong>respondebimus.</strong></span> <span class='ocrx_word' id='word_1_325' title='bbox 3161 1499 3366 1553; x_wconf 85' lang='lat' dir='ltr'><strong>Bonum</strong></span> <span class='ocrx_word' id='word_1_326' title='bbox 3421 1516 3543 1556; x_wconf 85' lang='lat' dir='ltr'><strong>esse</strong></span> <span class='ocrx_word' id='word_1_327' title='bbox 3579 1509 3634 1555; x_wconf 81' lang='lat' dir='ltr'><strong>et</strong></span> 
     </span>
    </p>
   </div>
   <div class='ocr_carea' id='block_1_45' title="bbox 2033 1577 3631 1660">
    <p class='ocr_par' dir='ltr' id='par_1_45' title="bbox 2033 1577 3631 1660">
     <span class='ocr_line' id='line_1_45' title="bbox 2033 1577 3631 1660; baseline -0.001 -14"><span class='ocrx_word' id='word_1_328' title='bbox 2033 1584 2259 1660; x_wconf 29' lang='lat' dir='ltr'><strong>&#39;justum</strong></span> <span class='ocrx_word' id='word_1_329' title='bbox 2291 1603 2344 1646; x_wconf 91' lang='lat' dir='ltr'><strong>et</strong></span> <span class='ocrx_word' id='word_1_330' title='bbox 2367 1592 2794 1660; x_wconf 86' lang='lat' dir='ltr'><strong>omnipotentem</strong></span> <span class='ocrx_word' id='word_1_331' title='bbox 2832 1589 2999 1642; x_wconf 91' lang='lat' dir='ltr'><strong>Deum</strong></span> <span class='ocrx_word' id='word_1_332' title='bbox 3057 1599 3358 1645; x_wconf 88' lang='lat' dir='ltr'><strong>creatorem</strong></span> <span class='ocrx_word' id='word_1_333' title='bbox 3399 1577 3631 1645; x_wconf 43' lang='lat' dir='ltr'><strong>‘univer-</strong></span> 
     </span>
    </p>
   </div>
   <div class='ocr_carea' id='block_1_46' title="bbox 2063 1679 3630 1752">
    <p class='ocr_par' dir='ltr' id='par_1_46' title="bbox 2063 1679 3630 1752">
     <span class='ocr_line' id='line_1_46' title="bbox 2063 1679 3630 1752; baseline -0.003 -13"><span class='ocrx_word' id='word_1_334' title='bbox 2063 1701 2266 1747; x_wconf 88' lang='lat' dir='ltr'><strong>serum,</strong></span> <span class='ocrx_word' id='word_1_335' title='bbox 2302 1685 2498 1751; x_wconf 89' lang='lat' dir='ltr'><strong>quibus</strong></span> <span class='ocrx_word' id='word_1_336' title='bbox 2539 1681 2808 1734; x_wconf 89' lang='lat' dir='ltr'><strong>valuimus</strong></span> <span class='ocrx_word' id='word_1_337' title='bbox 2848 1695 2913 1733; x_wconf 82' lang='lat' dir='ltr'><strong>ex</strong></span> <span class='ocrx_word' id='word_1_338' title='bbox 2958 1679 3155 1734; x_wconf 90' lang='lat' dir='ltr'><strong>divinis</strong></span> <span class='ocrx_word' id='word_1_339' title='bbox 3196 1681 3492 1752; x_wconf 69' lang='lat' dir='ltr'><strong>Scriptnris</strong></span> <span class='ocrx_word' id='word_1_340' title='bbox 3538 1698 3630 1735; x_wconf 87' lang='lat' dir='ltr'><strong>as-</strong></span> 
     </span>
    </p>
   </div>
   <div class='ocr_carea' id='block_1_47' title="bbox 2061 1772 3630 1850">
    <p class='ocr_par' dir='ltr' id='par_1_47' title="bbox 2061 1772 3630 1850">
     <span class='ocr_line' id='line_1_47' title="bbox 2061 1772 3630 1850; baseline -0.003 -20"><span class='ocrx_word' id='word_1_341' title='bbox 2061 1776 2389 1850; x_wconf 85' lang='lat' dir='ltr'><strong>sertionibus</strong></span> <span class='ocrx_word' id='word_1_342' title='bbox 2447 1775 2760 1843; x_wconf 84' lang='lat' dir='ltr'><strong>frequenter</strong></span> <span class='ocrx_word' id='word_1_343' title='bbox 2826 1774 3180 1826; x_wconf 89' lang='lat' dir='ltr'><strong>ostendimus.</strong></span> <span class='ocrx_word' id='word_1_344' title='bbox 3242 1772 3339 1826; x_wconf 87' lang='lat' dir='ltr'><strong>Hic</strong></span> <span class='ocrx_word' id='word_1_345' title='bbox 3394 1789 3517 1827; x_wconf 91' lang='lat' dir='ltr'><strong>cum</strong></span> <span class='ocrx_word' id='word_1_346' title='bbox 3573 1772 3630 1827; x_wconf 91' lang='lat' dir='ltr'><strong>in</strong></span> 
     </span>
    </p>
   </div>
   <div class='ocr_carea' id='block_1_48' title="bbox 2061 1865 3632 1938">
    <p class='ocr_par' dir='ltr' id='par_1_48' title="bbox 2061 1865 3632 1938">
     <span class='ocr_line' id='line_1_48' title="bbox 2061 1865 3632 1938; baseline -0.001 -18"><span class='ocrx_word' id='word_1_347' title='bbox 2061 1867 2324 1938; x_wconf 89' lang='lat' dir='ltr'><strong>princioio</strong></span> <span class='ocrx_word' id='word_1_348' title='bbox 2368 1875 2581 1921; x_wconf 89' lang='lat' dir='ltr'><strong>crearet</strong></span> <span class='ocrx_word' id='word_1_349' title='bbox 2624 1882 2684 1918; x_wconf 92' lang='lat' dir='ltr'><strong>ea</strong></span> <span class='ocrx_word' id='word_1_350' title='bbox 2729 1879 2851 1932; x_wconf 64' lang='lat' dir='ltr'><strong>quae</strong></span> <span class='ocrx_word' id='word_1_351' title='bbox 2887 1881 3074 1918; x_wconf 88' lang='lat' dir='ltr'><strong>creare</strong></span> <span class='ocrx_word' id='word_1_352' title='bbox 3106 1865 3269 1918; x_wconf 88' lang='lat' dir='ltr'><strong>voluit</strong></span> <span class='ocrx_word' id='word_1_353' title='bbox 3301 1865 3432 1934; x_wconf 82' lang='lat'><strong>(98).</strong></span> <span class='ocrx_word' id='word_1_354' title='bbox 3466 1867 3516 1920; x_wconf 88' lang='lat' dir='ltr'><strong>id</strong></span> <span class='ocrx_word' id='word_1_355' title='bbox 3546 1875 3632 1920; x_wconf 85' lang='lat' dir='ltr'><strong>est</strong></span> 
     </span>
    </p>
   </div>
   <div class='ocr_carea' id='block_1_49' title="bbox 2063 1956 3629 2019">
    <p class='ocr_par' dir='ltr' id='par_1_49' title="bbox 2063 1956 3629 2019">
     <span class='ocr_line' id='line_1_49' title="bbox 2063 1956 3629 2019; baseline -0.002 -6"><span class='ocrx_word' id='word_1_356' title='bbox 2063 1959 2414 2014; x_wconf 87' lang='lat' dir='ltr'><strong>rationabiles</strong></span> <span class='ocrx_word' id='word_1_357' title='bbox 2440 1970 2681 2019; x_wconf 90' lang='lat' dir='ltr'><strong>naturas,</strong></span> <span class='ocrx_word' id='word_1_358' title='bbox 2727 1957 2927 2008; x_wconf 89' lang='lat' dir='ltr'><strong>nullam</strong></span> <span class='ocrx_word' id='word_1_359' title='bbox 2980 1956 3169 2010; x_wconf 90' lang='lat' dir='ltr'><strong>habuit</strong></span> <span class='ocrx_word' id='word_1_360' title='bbox 3199 1957 3358 2009; x_wconf 86' lang='lat' dir='ltr'><strong>aliam</strong></span> <span class='ocrx_word' id='word_1_361' title='bbox 3410 1957 3629 2011; x_wconf 86' lang='lat' dir='ltr'><strong>creandi</strong></span> 
     </span>
    </p>
   </div>
   <div class='ocr_carea' id='block_1_50' title="bbox 2060 2045 3625 2115">
    <p class='ocr_par' dir='ltr' id='par_1_50' title="bbox 2060 2045 3625 2115">
     <span class='ocr_line' id='line_1_50' title="bbox 2060 2045 3625 2115; baseline -0.003 -12"><span class='ocrx_word' id='word_1_362' title='bbox 2060 2065 2277 2103; x_wconf 81' lang='lat' dir='ltr'><strong>causam</strong></span> <span class='ocrx_word' id='word_1_363' title='bbox 2304 2049 2402 2102; x_wconf 91' lang='lat' dir='ltr'><strong>nisi</strong></span> <span class='ocrx_word' id='word_1_364' title='bbox 2439 2058 2656 2115; x_wconf 74' lang='lat' dir='ltr'><strong>promer</strong></span> <span class='ocrx_word' id='word_1_365' title='bbox 2687 2047 2921 2114; x_wconf 89' lang='lat' dir='ltr'><strong>seipsum</strong></span> <span class='ocrx_word' id='word_1_366' title='bbox 2951 2046 3089 2115; x_wconf 90' lang='lat'><strong>(99),</strong></span> <span class='ocrx_word' id='word_1_367' title='bbox 3129 2046 3177 2098; x_wconf 92' lang='lat' dir='ltr'><strong>id</strong></span> <span class='ocrx_word' id='word_1_368' title='bbox 3215 2055 3298 2098; x_wconf 89' lang='lat' dir='ltr'><strong>est</strong></span> <span class='ocrx_word' id='word_1_369' title='bbox 3329 2045 3625 2100; x_wconf 89' lang='lat' dir='ltr'><strong>bonitatem</strong></span> 
     </span>
    </p>
   </div>
   <div class='ocr_carea' id='block_1_51' title="bbox 2060 2136 3632 2208">
    <p class='ocr_par' dir='ltr' id='par_1_51' title="bbox 2060 2136 3632 2208">
     <span class='ocr_line' id='line_1_51' title="bbox 2060 2136 3632 2208; baseline -0.001 -16"><span class='ocrx_word' id='word_1_370' title='bbox 2060 2156 2235 2193; x_wconf 90' lang='lat' dir='ltr'><strong>suam.</strong></span> <span class='ocrx_word' id='word_1_371' title='bbox 2267 2138 2400 2208; x_wconf 76' lang='lat' dir='ltr'><strong>Quia</strong></span> <span class='ocrx_word' id='word_1_372' title='bbox 2439 2153 2565 2207; x_wconf 88' lang='lat' dir='ltr'><strong>ergo</strong></span> <span class='ocrx_word' id='word_1_373' title='bbox 2614 2151 2800 2189; x_wconf 89' lang='lat' dir='ltr'><strong>eorum</strong></span> <span class='ocrx_word' id='word_1_374' title='bbox 2843 2151 2962 2204; x_wconf 63' lang='lat' dir='ltr'><strong>quae</strong></span> <span class='ocrx_word' id='word_1_375' title='bbox 3009 2137 3238 2189; x_wconf 86' lang='lat' dir='ltr'><strong>ereanda</strong></span> <span class='ocrx_word' id='word_1_376' title='bbox 3287 2145 3459 2198; x_wconf 89' lang='lat' dir='ltr'><strong>erant,</strong></span> <span class='ocrx_word' id='word_1_377' title='bbox 3517 2136 3632 2205; x_wconf 90' lang='lat' dir='ltr'><strong>ipse</strong></span> 
     </span>
    </p>
   </div>
   <div class='ocr_carea' id='block_1_52' title="bbox 2062 2226 3630 2296">
    <p class='ocr_par' dir='ltr' id='par_1_52' title="bbox 2062 2226 3630 2296">
     <span class='ocr_line' id='line_1_52' title="bbox 2062 2226 3630 2296; baseline -0.003 -12"><span class='ocrx_word' id='word_1_378' title='bbox 2062 2231 2268 2284; x_wconf 79' lang='lat' dir='ltr'><strong>exstitit</strong></span> <span class='ocrx_word' id='word_1_379' title='bbox 2297 2244 2458 2283; x_wconf 89' lang='lat' dir='ltr'><strong>causa</strong></span> <span class='ocrx_word' id='word_1_380' title='bbox 2495 2247 2508 2283; x_wconf 91' lang='lat'><strong>:</strong></span> <span class='ocrx_word' id='word_1_381' title='bbox 2544 2230 2594 2281; x_wconf 93' lang='lat' dir='ltr'><strong>in</strong></span> <span class='ocrx_word' id='word_1_382' title='bbox 2628 2243 2737 2296; x_wconf 92' lang='lat' dir='ltr'><strong>quo</strong></span> <span class='ocrx_word' id='word_1_383' title='bbox 2786 2240 2959 2294; x_wconf 87' lang='lat' dir='ltr'><strong>neque</strong></span> <span class='ocrx_word' id='word_1_384' title='bbox 3007 2226 3242 2279; x_wconf 87' lang='lat' dir='ltr'><strong>varietas</strong></span> <span class='ocrx_word' id='word_1_385' title='bbox 3281 2227 3483 2295; x_wconf 88' lang='lat' dir='ltr'><strong>aliqua,</strong></span> <span class='ocrx_word' id='word_1_386' title='bbox 3531 2243 3630 2281; x_wconf 85' lang='lat' dir='ltr'><strong>ne-</strong></span> 
     </span>
    </p>
   </div>
   <div class='ocr_carea' id='block_1_53' title="bbox 2033 2314 3632 2391">
    <p class='ocr_par' dir='ltr' id='par_1_53' title="bbox 2033 2314 3632 2391">
     <span class='ocr_line' id='line_1_53' title="bbox 2033 2314 3632 2391; baseline -0.002 -18"><span class='ocrx_word' id='word_1_387' title='bbox 2033 2324 2164 2391; x_wconf 82' lang='lat' dir='ltr'><strong>que</strong></span> <span class='ocrx_word' id='word_1_388' title='bbox 2193 2320 2540 2390; x_wconf 83' lang='lat' dir='ltr'><strong>permutatio,</strong></span> <span class='ocrx_word' id='word_1_389' title='bbox 2575 2330 2750 2385; x_wconf 89' lang='lat' dir='ltr'><strong>neque</strong></span> <span class='ocrx_word' id='word_1_390' title='bbox 2772 2314 3172 2384; x_wconf 89' lang='lat' dir='ltr'><strong>impossibilitas</strong></span> <span class='ocrx_word' id='word_1_391' title='bbox 3205 2316 3406 2379; x_wconf 88' lang='lat' dir='ltr'><strong>inerat,</strong></span> <span class='ocrx_word' id='word_1_392' title='bbox 3448 2331 3632 2384; x_wconf 67' lang='lat' dir='ltr'><strong>mqua-</strong></span> 
     </span>
    </p>
   </div>
   <div class='ocr_carea' id='block_1_54' title="bbox 2057 2407 3626 2479">
    <p class='ocr_par' dir='ltr' id='par_1_54' title="bbox 2057 2407 3626 2479">
     <span class='ocr_line' id='line_1_54' title="bbox 2057 2407 3626 2479; baseline -0.004 -15"><span class='ocrx_word' id='word_1_393' title='bbox 2057 2411 2136 2464; x_wconf 91' lang='lat' dir='ltr'><strong>les</strong></span> <span class='ocrx_word' id='word_1_394' title='bbox 2193 2410 2405 2465; x_wconf 87' lang='lat' dir='ltr'><strong>creavit</strong></span> <span class='ocrx_word' id='word_1_395' title='bbox 2449 2409 2532 2479; x_wconf 91' lang='lat' dir='ltr'><strong>(l)</strong></span> <span class='ocrx_word' id='word_1_396' title='bbox 2586 2423 2782 2462; x_wconf 88' lang='lat' dir='ltr'><strong>onmes</strong></span> <span class='ocrx_word' id='word_1_397' title='bbox 2826 2423 2890 2461; x_wconf 89' lang='lat' dir='ltr'><strong>ac</strong></span> <span class='ocrx_word' id='word_1_398' title='bbox 2964 2407 3170 2460; x_wconf 91' lang='lat' dir='ltr'><strong>similes</strong></span> <span class='ocrx_word' id='word_1_399' title='bbox 3223 2420 3358 2473; x_wconf 89' lang='lat' dir='ltr'><strong>quos</strong></span> <span class='ocrx_word' id='word_1_400' title='bbox 3401 2409 3626 2467; x_wconf 86' lang='lat' dir='ltr'><strong>creavit.</strong></span> 
     </span>
    </p>
   </div>
   <div class='ocr_carea' id='block_1_55' title="bbox 2023 2496 3632 2572">
    <p class='ocr_par' dir='ltr' id='par_1_55' title="bbox 2023 2496 3632 2572">
     <span class='ocr_line' id='line_1_55' title="bbox 2023 2496 3632 2572; baseline -0.003 -15"><span class='ocrx_word' id='word_1_401' title='bbox 2023 2553 2028 2557; x_wconf 85' lang='lat'><strong>.</strong></span> <span class='ocrx_word' id='word_1_402' title='bbox 2057 2505 2256 2572; x_wconf 84' lang='lat' dir='ltr'><strong>quippe</strong></span> <span class='ocrx_word' id='word_1_403' title='bbox 2282 2517 2405 2557; x_wconf 91' lang='lat' dir='ltr'><strong>cum</strong></span> <span class='ocrx_word' id='word_1_404' title='bbox 2440 2502 2585 2555; x_wconf 90' lang='lat' dir='ltr'><strong>nulla</strong></span> <span class='ocrx_word' id='word_1_405' title='bbox 2631 2501 2679 2554; x_wconf 90' lang='lat' dir='ltr'><strong>ei</strong></span> <span class='ocrx_word' id='word_1_406' title='bbox 2710 2513 2872 2554; x_wconf 90' lang='lat' dir='ltr'><strong>causa</strong></span> <span class='ocrx_word' id='word_1_407' title='bbox 2904 2498 3184 2551; x_wconf 86' lang='lat' dir='ltr'><strong>varietatis</strong></span> <span class='ocrx_word' id='word_1_408' title='bbox 3211 2512 3274 2550; x_wconf 89' lang='lat' dir='ltr'><strong>ac</strong></span> <span class='ocrx_word' id='word_1_409' title='bbox 3299 2496 3632 2552; x_wconf 76' lang='lat' dir='ltr'><strong>diversitatil</strong></span> 
     </span>
    </p>
   </div>
   <div class='ocr_carea' id='block_1_56' title="bbox 2061 2589 3631 2658">
    <p class='ocr_par' dir='ltr' id='par_1_56' title="bbox 2061 2589 3631 2658">
     <span class='ocr_line' id='line_1_56' title="bbox 2061 2589 3631 2658; baseline -0.004 -13"><span class='ocrx_word' id='word_1_410' title='bbox 2061 2595 2373 2646; x_wconf 79' lang='lat' dir='ltr'><strong>exsisteret.</strong></span> <span class='ocrx_word' id='word_1_411' title='bbox 2405 2591 2610 2645; x_wconf 80' lang='lat' dir='ltr'><strong>Verum</strong></span> <span class='ocrx_word' id='word_1_412' title='bbox 2643 2590 2896 2658; x_wconf 88' lang='lat' dir='ltr'><strong>quoniam</strong></span> <span class='ocrx_word' id='word_1_413' title='bbox 2923 2589 3278 2642; x_wconf 78' lang='lat' dir='ltr'><strong>rationabiles</strong></span> <span class='ocrx_word' id='word_1_414' title='bbox 3310 2589 3438 2656; x_wconf 72' lang='lat' dir='ltr'><strong>ipsa:</strong></span> <span class='ocrx_word' id='word_1_415' title='bbox 3477 2602 3631 2641; x_wconf 83' lang='lat' dir='ltr'><strong>crea-</strong></span> 
     </span>
    </p>
   </div>
   <div class='ocr_carea' id='block_1_57' title="bbox 2063 2661 3631 2745">
    <p class='ocr_par' dir='ltr' id='par_1_57' title="bbox 2063 2661 3631 2745">
     <span class='ocr_line' id='line_1_57' title="bbox 2063 2661 3631 2745; baseline -0.004 -13"><span class='ocrx_word' id='word_1_416' title='bbox 2063 2688 2221 2742; x_wconf 69' lang='lat' dir='ltr'><strong>tum,</strong></span> <span class='ocrx_word' id='word_1_417' title='bbox 2268 2661 2408 2732; x_wconf 89' lang='lat' dir='ltr'><strong>sicut</strong></span> <span class='ocrx_word' id='word_1_418' title='bbox 2449 2679 2762 2745; x_wconf 89' lang='lat' dir='ltr'><strong>frequenter</strong></span> <span class='ocrx_word' id='word_1_419' title='bbox 2818 2679 3173 2740; x_wconf 89' lang='lat' dir='ltr'><strong>ostendimus,</strong></span> <span class='ocrx_word' id='word_1_420' title='bbox 3217 2685 3270 2729; x_wconf 91' lang='lat' dir='ltr'><strong>et</strong></span> <span class='ocrx_word' id='word_1_421' title='bbox 3301 2676 3352 2728; x_wconf 91' lang='lat' dir='ltr'><strong>in</strong></span> <span class='ocrx_word' id='word_1_422' title='bbox 3384 2676 3499 2728; x_wconf 92' lang='lat' dir='ltr'><strong>loco</strong></span> <span class='ocrx_word' id='word_1_423' title='bbox 3531 2688 3631 2728; x_wconf 91' lang='lat' dir='ltr'><strong>suo</strong></span> 
     </span>
    </p>
   </div>
   <div class='ocr_carea' id='block_1_58' title="bbox 2065 2765 3632 2831">
    <p class='ocr_par' dir='ltr' id='par_1_58' title="bbox 2065 2765 3632 2831">
     <span class='ocr_line' id='line_1_58' title="bbox 2065 2765 3632 2831; baseline -0.004 -10"><span class='ocrx_word' id='word_1_424' title='bbox 2065 2768 2424 2822; x_wconf 84' lang='lat' dir='ltr'><strong>nihilominus</strong></span> <span class='ocrx_word' id='word_1_425' title='bbox 2479 2769 2846 2831; x_wconf 89' lang='lat' dir='ltr'><strong>ostendemus,</strong></span> <span class='ocrx_word' id='word_1_426' title='bbox 2882 2766 3092 2819; x_wconf 89' lang='lat' dir='ltr'><strong>arbitrii</strong></span> <span class='ocrx_word' id='word_1_427' title='bbox 3133 2765 3390 2818; x_wconf 81' lang='lat' dir='ltr'><strong>facultate</strong></span> <span class='ocrx_word' id='word_1_428' title='bbox 3421 2765 3632 2817; x_wconf 62' lang='lat' dir='ltr'><strong>donatae</strong></span> 
     </span>
    </p>
   </div>
   <div class='ocr_carea' id='block_1_59' title="bbox 2062 2855 3629 2926">
    <p class='ocr_par' dir='ltr' id='par_1_59' title="bbox 2062 2855 3629 2926">
     <span class='ocr_line' id='line_1_59' title="bbox 2062 2855 3629 2926; baseline -0.003 -13"><span class='ocrx_word' id='word_1_429' title='bbox 2062 2867 2225 2921; x_wconf 91' lang='lat' dir='ltr'><strong>sunt;</strong></span> <span class='ocrx_word' id='word_1_430' title='bbox 2253 2857 2474 2912; x_wconf 88' lang='lat' dir='ltr'><strong>libertas</strong></span> <span class='ocrx_word' id='word_1_431' title='bbox 2496 2871 2937 2926; x_wconf 89' lang='lat' dir='ltr'><strong>unumquemque</strong></span> <span class='ocrx_word' id='word_1_432' title='bbox 2972 2855 3049 2926; x_wconf 76' lang='grc'><strong>(2)</strong></span> <span class='ocrx_word' id='word_1_433' title='bbox 3083 2855 3377 2909; x_wconf 87' lang='lat' dir='ltr'><strong>voluntatis</strong></span> <span class='ocrx_word' id='word_1_434' title='bbox 3407 2870 3515 2908; x_wconf 73' lang='lat' dir='ltr'><strong>sua:</strong></span> <span class='ocrx_word' id='word_1_435' title='bbox 3543 2855 3629 2908; x_wconf 88' lang='lat' dir='ltr'><strong>vel</strong></span> 
     </span>
    </p>
   </div>
   <div class='ocr_carea' id='block_1_60' title="bbox 2061 2937 3628 3018">
    <p class='ocr_par' dir='ltr' id='par_1_60' title="bbox 2061 2937 3628 3018">
     <span class='ocr_line' id='line_1_60' title="bbox 2061 2937 3628 3018; baseline -0.003 -16"><span class='ocrx_word' id='word_1_436' title='bbox 2061 2949 2127 3003; x_wconf 88' lang='lat' dir='ltr'><strong>ad</strong></span> <span class='ocrx_word' id='word_1_437' title='bbox 2156 2937 2453 3017; x_wconf 87' lang='lat' dir='ltr'><strong>profectum</strong></span> <span class='ocrx_word' id='word_1_438' title='bbox 2486 2963 2583 3018; x_wconf 91' lang='lat' dir='ltr'><strong>per</strong></span> <span class='ocrx_word' id='word_1_439' title='bbox 2622 2949 2975 3001; x_wconf 89' lang='lat' dir='ltr'><strong>imitationem</strong></span> <span class='ocrx_word' id='word_1_440' title='bbox 3026 2947 3116 3001; x_wconf 92' lang='lat' dir='ltr'><strong>Dei</strong></span> <span class='ocrx_word' id='word_1_441' title='bbox 3161 2947 3474 3014; x_wconf 85' lang='lat' dir='ltr'><strong>provocavit</strong></span> <span class='ocrx_word' id='word_1_442' title='bbox 3527 2945 3628 3017; x_wconf 78' lang='lat'><strong>(3),</strong></span> 
     </span>
    </p>
   </div>
   <div class='ocr_carea' id='block_1_61' title="bbox 380 3035 3630 3124">
    <p class='ocr_par' dir='ltr' id='par_1_61' title="bbox 380 3035 3630 3124">
     <span class='ocr_line' id='line_1_61' title="bbox 380 3035 3630 3124; baseline -0.006 -12"><span class='ocrx_word' id='word_1_443' title='bbox 380 3068 441 3112; x_wconf 84' lang='lat' dir='ltr'><strong>et</strong></span> <span class='ocrx_word' id='word_1_444' title='bbox 476 3066 764 3124; x_wconf 89' lang='lat' dir='ltr'><strong>antequam</strong></span> <span class='ocrx_word' id='word_1_445' title='bbox 798 3062 1079 3114; x_wconf 91' lang='lat' dir='ltr'><strong>nascatur,</strong></span> <span class='ocrx_word' id='word_1_446' title='bbox 1114 3051 1480 3120; x_wconf 84' lang='lat' dir='ltr'><strong>diligidicitur</strong></span> <span class='ocrx_word' id='word_1_447' title='bbox 1510 3064 1539 3102; x_wconf 88' lang='lat' dir='ltr'><strong>a</strong></span> <span class='ocrx_word' id='word_1_448' title='bbox 1573 3050 1701 3103; x_wconf 89' lang='lat' dir='ltr'><strong>Deo.</strong></span> <span class='ocrx_word' id='word_1_449' title='bbox 1731 3047 1821 3102; x_wconf 89' lang='lat' dir='ltr'><strong>Vel</strong></span> <span class='ocrx_word' id='word_1_450' title='bbox 1856 3049 1955 3102; x_wconf 92' lang='lat' dir='ltr'><strong>hoc</strong></span> <span class='ocrx_word' id='word_1_451' title='bbox 1982 3065 2026 3123; x_wconf 71' lang='grc' dir='ltr'><strong>ο</strong></span> <span class='ocrx_word' id='word_1_452' title='bbox 2059 3041 2142 3105; x_wconf 72' lang='lat' dir='ltr'><strong>Vel</strong></span> <span class='ocrx_word' id='word_1_453' title='bbox 2172 3041 2238 3094; x_wconf 76' lang='lat' dir='ltr'><strong>ad</strong></span> <span class='ocrx_word' id='word_1_454' title='bbox 2276 3041 2544 3094; x_wconf 67' lang='grc' dir='ltr'><strong>ἀθῖθεῑυιιι</strong></span> <span class='ocrx_word' id='word_1_455' title='bbox 2587 3054 2683 3108; x_wconf 79' lang='grc' dir='ltr'><strong>ροι-</strong></span> <span class='ocrx_word' id='word_1_456' title='bbox 2741 3039 3127 3108; x_wconf 63' lang='lat' dir='ltr'><strong>negligentiam</strong></span> <span class='ocrx_word' id='word_1_457' title='bbox 3185 3037 3367 3089; x_wconf 76' lang='lat' dir='ltr'><strong>lraxit.</strong></span> <span class='ocrx_word' id='word_1_458' title='bbox 3409 3035 3473 3089; x_wconf 77' lang='lat' dir='ltr'><strong>Et</strong></span> <span class='ocrx_word' id='word_1_459' title='bbox 3515 3037 3630 3091; x_wconf 62' lang='lat' dir='ltr'><strong>hinc</strong></span> 
     </span>
    </p>
   </div>
   <div class='ocr_carea' id='block_1_62' title="bbox 384 3139 1950 3220">
    <p class='ocr_par' dir='ltr' id='par_1_62' title="bbox 384 3139 1950 3220">
     <span class='ocr_line' id='line_1_62' title="bbox 384 3139 1950 3220; baseline -0.009 -15"><span class='ocrx_word' id='word_1_460' title='bbox 384 3153 566 3220; x_wconf 90' lang='lat' dir='ltr'><strong>ipsum</strong></span> <span class='ocrx_word' id='word_1_461' title='bbox 592 3147 701 3218; x_wconf 79' lang='lat'><strong>(95)</strong></span> <span class='ocrx_word' id='word_1_462' title='bbox 729 3147 972 3210; x_wconf 92' lang='lat' dir='ltr'><strong>omnino,</strong></span> <span class='ocrx_word' id='word_1_463' title='bbox 995 3143 1136 3213; x_wconf 88' lang='lat' dir='ltr'><strong>quod</strong></span> <span class='ocrx_word' id='word_1_464' title='bbox 1166 3142 1220 3196; x_wconf 91' lang='lat' dir='ltr'><strong>in</strong></span> <span class='ocrx_word' id='word_1_465' title='bbox 1253 3140 1497 3196; x_wconf 66' lang='lat' dir='ltr'><strong>Hebraeis</strong></span> <span class='ocrx_word' id='word_1_466' title='bbox 1531 3141 1654 3209; x_wconf 91' lang='lat' dir='ltr'><strong>quis</strong></span> <span class='ocrx_word' id='word_1_467' title='bbox 1687 3139 1950 3205; x_wconf 89' lang='lat' dir='ltr'><strong>nascitur,</strong></span> 
     </span>
    </p>
   </div>
   <div class='ocr_carea' id='block_1_63' title="bbox 385 3229 1954 3312">
    <p class='ocr_par' dir='ltr' id='par_1_63' title="bbox 385 3229 1954 3312">
     <span class='ocr_line' id='line_1_63' title="bbox 385 3229 1954 3312; baseline -0.009 -15"><span class='ocrx_word' id='word_1_468' title='bbox 385 3245 532 3312; x_wconf 90' lang='lat' dir='ltr'><strong>apud</strong></span> <span class='ocrx_word' id='word_1_469' title='bbox 560 3255 695 3308; x_wconf 87' lang='lat' dir='ltr'><strong>quos</strong></span> <span class='ocrx_word' id='word_1_470' title='bbox 735 3238 1098 3292; x_wconf 88' lang='lat' dir='ltr'><strong>eruditionem</strong></span> <span class='ocrx_word' id='word_1_471' title='bbox 1128 3233 1326 3288; x_wconf 74' lang='lat' dir='ltr'><strong>divina:</strong></span> <span class='ocrx_word' id='word_1_472' title='bbox 1351 3230 1741 3299; x_wconf 84' lang='lat' dir='ltr'><strong>legisinveniat</strong></span> <span class='ocrx_word' id='word_1_473' title='bbox 1767 3246 1779 3293; x_wconf 91' lang='lat'><strong>;</strong></span> <span class='ocrx_word' id='word_1_474' title='bbox 1813 3229 1954 3283; x_wconf 87' lang='lat' dir='ltr'><strong>alius</strong></span> 
     </span>
    </p>
   </div>
   <div class='ocr_carea' id='block_1_64' title="bbox 340 3323 1952 3399">
    <p class='ocr_par' dir='ltr' id='par_1_64' title="bbox 340 3323 1952 3399">
     <span class='ocr_line' id='line_1_64' title="bbox 340 3323 1952 3399; baseline -0.009 -10"><span class='ocrx_word' id='word_1_475' title='bbox 340 3363 346 3371; x_wconf 95' lang='lat'><strong><em>-</em></strong></span> <span class='ocrx_word' id='word_1_476' title='bbox 385 3350 522 3390; x_wconf 87' lang='lat' dir='ltr'><strong>vero</strong></span> <span class='ocrx_word' id='word_1_477' title='bbox 556 3329 695 3399; x_wconf 89' lang='lat' dir='ltr'><strong>apud</strong></span> <span class='ocrx_word' id='word_1_478' title='bbox 723 3328 940 3384; x_wconf 65' lang='lat' dir='ltr'><strong>Graecos</strong></span> <span class='ocrx_word' id='word_1_479' title='bbox 963 3335 1030 3383; x_wconf 85' lang='lat' dir='ltr'><strong>et</strong></span> <span class='ocrx_word' id='word_1_480' title='bbox 1049 3325 1195 3393; x_wconf 91' lang='lat' dir='ltr'><strong>ipsos</strong></span> <span class='ocrx_word' id='word_1_481' title='bbox 1224 3323 1522 3392; x_wconf 89' lang='lat' dir='ltr'><strong>sapientes,</strong></span> <span class='ocrx_word' id='word_1_482' title='bbox 1556 3331 1611 3376; x_wconf 90' lang='lat' dir='ltr'><strong>et</strong></span> <span class='ocrx_word' id='word_1_483' title='bbox 1637 3337 1742 3375; x_wconf 91' lang='lat' dir='ltr'><strong>non</strong></span> <span class='ocrx_word' id='word_1_484' title='bbox 1769 3335 1952 3389; x_wconf 63' lang='lat' dir='ltr'><strong>parvae</strong></span> 
     </span>
    </p>
   </div>
   <div class='ocr_carea' id='block_1_65' title="bbox 385 3409 1954 3481">
    <p class='ocr_par' dir='ltr' id='par_1_65' title="bbox 385 3409 1954 3481">
     <span class='ocr_line' id='line_1_65' title="bbox 385 3409 1954 3481; baseline -0.011 -4"><span class='ocrx_word' id='word_1_485' title='bbox 385 3420 713 3477; x_wconf 88' lang='lat' dir='ltr'><strong>eruditionis</strong></span> <span class='ocrx_word' id='word_1_486' title='bbox 777 3417 1026 3471; x_wconf 87' lang='lat' dir='ltr'><strong>homines</strong></span> <span class='ocrx_word' id='word_1_487' title='bbox 1060 3451 1077 3479; x_wconf 93' lang='lat'><strong>,</strong></span> <span class='ocrx_word' id='word_1_488' title='bbox 1116 3411 1250 3481; x_wconf 54' lang='lat'><strong>‘99</strong></span> <span class='ocrx_word' id='word_1_489' title='bbox 1293 3411 1402 3480; x_wconf 83' lang='lat' dir='ltr'><strong>jam</strong></span> <span class='ocrx_word' id='word_1_490' title='bbox 1455 3425 1586 3464; x_wconf 88' lang='lat' dir='ltr'><strong>vero</strong></span> <span class='ocrx_word' id='word_1_491' title='bbox 1622 3409 1763 3462; x_wconf 88' lang='lat' dir='ltr'><strong>alius</strong></span> <span class='ocrx_word' id='word_1_492' title='bbox 1812 3409 1954 3476; x_wconf 90' lang='lat' dir='ltr'><strong>apud</strong></span> 
     </span>
    </p>
   </div>
   <div class='ocr_carea' id='block_1_66' title="bbox 386 3500 1957 3580">
    <p class='ocr_par' dir='ltr' id='par_1_66' title="bbox 386 3500 1957 3580">
     <span class='ocr_line' id='line_1_66' title="bbox 386 3500 1957 3580; baseline -0.012 -11"><span class='ocrx_word' id='word_1_493' title='bbox 386 3513 701 3580; x_wconf 64' lang='lat' dir='ltr'><strong>Ethiopes,</strong></span> <span class='ocrx_word' id='word_1_494' title='bbox 764 3509 966 3577; x_wconf 87' lang='lat' dir='ltr'><strong>quibus</strong></span> <span class='ocrx_word' id='word_1_495' title='bbox 1023 3505 1166 3558; x_wconf 88' lang='lat' dir='ltr'><strong>vesci</strong></span> <span class='ocrx_word' id='word_1_496' title='bbox 1220 3502 1333 3574; x_wconf 85' lang='lat'><strong>(96)</strong></span> <span class='ocrx_word' id='word_1_497' title='bbox 1397 3501 1650 3555; x_wconf 90' lang='lat' dir='ltr'><strong>humanis</strong></span> <span class='ocrx_word' id='word_1_498' title='bbox 1700 3500 1957 3552; x_wconf 88' lang='lat' dir='ltr'><strong>carnibus</strong></span> 
     </span>
    </p>
   </div>
   <div class='ocr_carea' id='block_1_67' title="bbox 344 3591 1954 3671">
    <p class='ocr_par' dir='ltr' id='par_1_67' title="bbox 344 3591 1954 3671">
     <span class='ocr_line' id='line_1_67' title="bbox 344 3591 1954 3671; baseline -0.015 -7"><span class='ocrx_word' id='word_1_499' title='bbox 344 3627 349 3631; x_wconf 90' lang='grc'>·</span> <span class='ocrx_word' id='word_1_500' title='bbox 375 3618 524 3663; x_wconf 73' lang='lat' dir='ltr'><strong>“usus</strong></span> <span class='ocrx_word' id='word_1_501' title='bbox 548 3614 670 3671; x_wconf 85' lang='lat' dir='ltr'><strong>est;</strong></span> <span class='ocrx_word' id='word_1_502' title='bbox 709 3610 803 3655; x_wconf 87' lang='lat' dir='ltr'><strong>aut</strong></span> <span class='ocrx_word' id='word_1_503' title='bbox 827 3599 970 3670; x_wconf 92' lang='lat' dir='ltr'><strong>apud</strong></span> <span class='ocrx_word' id='word_1_504' title='bbox 1001 3595 1233 3667; x_wconf 82' lang='lat' dir='ltr'><strong>Scythas</strong></span> <span class='ocrx_word' id='word_1_505' title='bbox 1275 3594 1416 3662; x_wconf 89' lang='lat' dir='ltr'><strong>apud</strong></span> <span class='ocrx_word' id='word_1_506' title='bbox 1446 3607 1582 3660; x_wconf 86' lang='lat' dir='ltr'><strong>quos</strong></span> <span class='ocrx_word' id='word_1_507' title='bbox 1608 3591 1954 3659; x_wconf 89' lang='lat' dir='ltr'><strong>parricidium</strong></span> 
     </span>
    </p>
   </div>
   <div class='ocr_carea' id='block_1_68' title="bbox 387 3680 1957 3769">
    <p class='ocr_par' dir='ltr' id='par_1_68' title="bbox 387 3680 1957 3769">
     <span class='ocr_line' id='line_1_68' title="bbox 387 3680 1957 3769; baseline -0.014 -17"><span class='ocrx_word' id='word_1_508' title='bbox 387 3691 548 3769; x_wconf 82' lang='lat' dir='ltr'><strong>quasi</strong></span> <span class='ocrx_word' id='word_1_509' title='bbox 582 3711 647 3750; x_wconf 83' lang='lat' dir='ltr'><strong>ex</strong></span> <span class='ocrx_word' id='word_1_510' title='bbox 682 3694 800 3763; x_wconf 85' lang='lat' dir='ltr'><strong>lege</strong></span> <span class='ocrx_word' id='word_1_511' title='bbox 850 3691 1102 3761; x_wconf 81' lang='lat' dir='ltr'><strong>geritur;</strong></span> <span class='ocrx_word' id='word_1_512' title='bbox 1141 3685 1228 3739; x_wconf 92' lang='lat' dir='ltr'><strong>vel</strong></span> <span class='ocrx_word' id='word_1_513' title='bbox 1281 3682 1691 3754; x_wconf 73' lang='lat' dir='ltr'><strong>apud&#39;Tauros,</strong></span> <span class='ocrx_word' id='word_1_514' title='bbox 1726 3680 1816 3734; x_wconf 92' lang='lat' dir='ltr'><strong>ubi</strong></span> <span class='ocrx_word' id='word_1_515' title='bbox 1860 3680 1957 3732; x_wconf 90' lang='lat' dir='ltr'><strong>ho-</strong></span> 
     </span>
    </p>
   </div>
   <div class='ocr_carea' id='block_1_69' title="bbox 389 3769 1956 3857">
    <p class='ocr_par' dir='ltr' id='par_1_69' title="bbox 389 3769 1956 3857">
     <span class='ocr_line' id='line_1_69' title="bbox 389 3769 1956 3857; baseline -0.015 -15"><span class='ocrx_word' id='word_1_516' title='bbox 389 3789 562 3857; x_wconf 89' lang='lat' dir='ltr'><strong>spites</strong></span> <span class='ocrx_word' id='word_1_517' title='bbox 595 3775 1164 3837; x_wconf 85' lang='lat' dir='ltr'><strong>immolantur.-Aiunt</strong></span> <span class='ocrx_word' id='word_1_518' title='bbox 1197 3785 1326 3840; x_wconf 87' lang='lat' dir='ltr'><strong>ergo</strong></span> <span class='ocrx_word' id='word_1_519' title='bbox 1359 3770 1515 3824; x_wconf 92' lang='lat' dir='ltr'><strong>nobis</strong></span> <span class='ocrx_word' id='word_1_520' title='bbox 1547 3785 1562 3822; x_wconf 86' lang='lat'><strong>:</strong></span> <span class='ocrx_word' id='word_1_521' title='bbox 1594 3769 1650 3822; x_wconf 90' lang='lat' dir='ltr'><strong>Si</strong></span> <span class='ocrx_word' id='word_1_522' title='bbox 1689 3771 1804 3822; x_wconf 72' lang='lat' dir='ltr'><strong>htec</strong></span> <span class='ocrx_word' id='word_1_523' title='bbox 1842 3775 1956 3819; x_wconf 89' lang='lat' dir='ltr'><strong>tan-</strong></span> 
     </span>
    </p>
   </div>
   <div class='ocr_carea' id='block_1_70' title="bbox 393 3862 1958 3939">
    <p class='ocr_par' dir='ltr' id='par_1_70' title="bbox 393 3862 1958 3939">
     <span class='ocr_line' id='line_1_70' title="bbox 393 3862 1958 3939; baseline -0.017 -4"><span class='ocrx_word' id='word_1_524' title='bbox 393 3896 446 3934; x_wconf 87' lang='lat' dir='ltr'><strong>ta</strong></span> <span class='ocrx_word' id='word_1_525' title='bbox 481 3893 662 3932; x_wconf 90' lang='lat' dir='ltr'><strong>rerum</strong></span> <span class='ocrx_word' id='word_1_526' title='bbox 705 3872 1020 3939; x_wconf 78' lang='lat' dir='ltr'><strong>diversitas,</strong></span> <span class='ocrx_word' id='word_1_527' title='bbox 1061 3867 1429 3933; x_wconf 89' lang='lat' dir='ltr'><strong>nascendique</strong></span> <span class='ocrx_word' id='word_1_528' title='bbox 1460 3862 1698 3916; x_wconf 88' lang='lat' dir='ltr'><strong>conditio</strong></span> <span class='ocrx_word' id='word_1_529' title='bbox 1733 3871 1840 3913; x_wconf 91' lang='lat' dir='ltr'><strong>tam</strong></span> <span class='ocrx_word' id='word_1_530' title='bbox 1865 3872 1958 3911; x_wconf 89' lang='lat' dir='ltr'><strong>va-</strong></span> 
     </span>
    </p>
   </div>
   <div class='ocr_carea' id='block_1_71' title="bbox 393 3949 1957 4037">
    <p class='ocr_par' dir='ltr' id='par_1_71' title="bbox 393 3949 1957 4037">
     <span class='ocr_line' id='line_1_71' title="bbox 393 3949 1957 4037; baseline -0.013 -13"><span class='ocrx_word' id='word_1_531' title='bbox 393 3973 496 4037; x_wconf 88' lang='lat' dir='ltr'><strong>ria,</strong></span> <span class='ocrx_word' id='word_1_532' title='bbox 547 3977 772 4034; x_wconf 90' lang='lat' dir='ltr'><strong>tamque</strong></span> <span class='ocrx_word' id='word_1_533' title='bbox 817 3963 1052 4025; x_wconf 89' lang='lat' dir='ltr'><strong>diversa,</strong></span> <span class='ocrx_word' id='word_1_534' title='bbox 1088 3959 1142 4012; x_wconf 89' lang='lat' dir='ltr'><strong>in</strong></span> <span class='ocrx_word' id='word_1_535' title='bbox 1171 3971 1277 4026; x_wconf 90' lang='lat' dir='ltr'><strong>qua</strong></span> <span class='ocrx_word' id='word_1_536' title='bbox 1307 3969 1472 4010; x_wconf 88' lang='lat' dir='ltr'><strong>causa</strong></span> <span class='ocrx_word' id='word_1_537' title='bbox 1505 3953 1694 4022; x_wconf 91' lang='lat' dir='ltr'><strong>utique</strong></span> <span class='ocrx_word' id='word_1_538' title='bbox 1729 3949 1957 4003; x_wconf 85' lang='lat' dir='ltr'><strong>facultas</strong></span> 
     </span>
    </p>
   </div>
   <div class='ocr_carea' id='block_1_72' title="bbox 390 4041 1958 4116">
    <p class='ocr_par' dir='ltr' id='par_1_72' title="bbox 390 4041 1958 4116">
     <span class='ocr_line' id='line_1_72' title="bbox 390 4041 1958 4116; baseline -0.015 -1"><span class='ocrx_word' id='word_1_539' title='bbox 390 4060 549 4116; x_wconf 87' lang='lat' dir='ltr'><strong>liberi</strong></span> <span class='ocrx_word' id='word_1_540' title='bbox 577 4055 787 4112; x_wconf 89' lang='lat' dir='ltr'><strong>arbitrii</strong></span> <span class='ocrx_word' id='word_1_541' title='bbox 819 4053 998 4107; x_wconf 91' lang='lat' dir='ltr'><strong>locum</strong></span> <span class='ocrx_word' id='word_1_542' title='bbox 1036 4064 1142 4102; x_wconf 91' lang='lat' dir='ltr'><strong>non</strong></span> <span class='ocrx_word' id='word_1_543' title='bbox 1172 4048 1335 4100; x_wconf 88' lang='lat' dir='ltr'><strong>habet</strong></span> <span class='ocrx_word' id='word_1_544' title='bbox 1360 4049 1490 4107; x_wconf 89' lang='lat' dir='ltr'><strong>(non</strong></span> <span class='ocrx_word' id='word_1_545' title='bbox 1523 4044 1666 4096; x_wconf 92' lang='lat' dir='ltr'><strong>enim</strong></span> <span class='ocrx_word' id='word_1_546' title='bbox 1693 4043 1814 4109; x_wconf 88' lang='lat' dir='ltr'><strong>quis</strong></span> <span class='ocrx_word' id='word_1_547' title='bbox 1845 4041 1958 4107; x_wconf 90' lang='lat' dir='ltr'><strong>ipse</strong></span> 
     </span>
    </p>
   </div>
   <div class='ocr_carea' id='block_1_73' title="bbox 392 4130 1951 4222">
    <p class='ocr_par' dir='ltr' id='par_1_73' title="bbox 392 4130 1951 4222">
     <span class='ocr_line' id='line_1_73' title="bbox 392 4130 1951 4222; baseline -0.017 -13"><span class='ocrx_word' id='word_1_548' title='bbox 392 4155 498 4210; x_wconf 89' lang='lat' dir='ltr'><strong>sibi</strong></span> <span class='ocrx_word' id='word_1_549' title='bbox 533 4150 704 4222; x_wconf 89' lang='lat' dir='ltr'><strong>eligit,</strong></span> <span class='ocrx_word' id='word_1_550' title='bbox 735 4146 819 4201; x_wconf 90' lang='lat' dir='ltr'><strong>vel</strong></span> <span class='ocrx_word' id='word_1_551' title='bbox 855 4144 972 4210; x_wconf 77' lang='lat' dir='ltr'><strong>ubi,</strong></span> <span class='ocrx_word' id='word_1_552' title='bbox 998 4141 1081 4194; x_wconf 91' lang='lat' dir='ltr'><strong>vel</strong></span> <span class='ocrx_word' id='word_1_553' title='bbox 1110 4139 1250 4208; x_wconf 92' lang='lat' dir='ltr'><strong>apud</strong></span> <span class='ocrx_word' id='word_1_554' title='bbox 1302 4151 1460 4206; x_wconf 87' lang='lat' dir='ltr'><strong>quos,</strong></span> <span class='ocrx_word' id='word_1_555' title='bbox 1487 4133 1573 4188; x_wconf 89' lang='lat' dir='ltr'><strong>vel</strong></span> <span class='ocrx_word' id='word_1_556' title='bbox 1603 4147 1711 4201; x_wconf 89' lang='lat' dir='ltr'><strong>qua</strong></span> <span class='ocrx_word' id='word_1_557' title='bbox 1760 4130 1951 4222; x_wconf 80' lang='lat' dir='ltr'><strong>condi-</strong></span> 
     </span>
    </p>
   </div>
   <div class='ocr_carea' id='block_1_74' title="bbox 394 4219 1961 4306">
    <p class='ocr_par' dir='ltr' id='par_1_74' title="bbox 394 4219 1961 4306">
     <span class='ocr_line' id='line_1_74' title="bbox 394 4219 1961 4306; baseline -0.019 -5"><span class='ocrx_word' id='word_1_558' title='bbox 394 4221 546 4300; x_wconf 86' lang='lat' dir='ltr'><strong>tione</strong></span> <span class='ocrx_word' id='word_1_559' title='bbox 601 4219 996 4306; x_wconf 78' lang='lat' dir='ltr'><strong>nascatur);si</strong></span> <span class='ocrx_word' id='word_1_560' title='bbox 1030 4236 1182 4300; x_wconf 82' lang='lat' dir='ltr'><strong>ergo,</strong></span> <span class='ocrx_word' id='word_1_561' title='bbox 1217 4228 1488 4296; x_wconf 88' lang='lat' dir='ltr'><strong>inquiunt,</strong></span> <span class='ocrx_word' id='word_1_562' title='bbox 1524 4225 1625 4278; x_wconf 89' lang='lat' dir='ltr'><strong>hoc</strong></span> <span class='ocrx_word' id='word_1_563' title='bbox 1669 4237 1775 4276; x_wconf 91' lang='lat' dir='ltr'><strong>non</strong></span> <span class='ocrx_word' id='word_1_564' title='bbox 1827 4219 1961 4274; x_wconf 86' lang='lat' dir='ltr'><strong>facit</strong></span> 
     </span>
    </p>
   </div>
   <div class='ocr_carea' id='block_1_75' title="bbox 393 4308 1945 4390">
    <p class='ocr_par' dir='ltr' id='par_1_75' title="bbox 393 4308 1945 4390">
     <span class='ocr_line' id='line_1_75' title="bbox 393 4308 1945 4390; baseline -0.018 0"><span class='ocrx_word' id='word_1_565' title='bbox 393 4347 605 4390; x_wconf 70' lang='lat' dir='ltr'><strong>naturae</strong></span> <span class='ocrx_word' id='word_1_566' title='bbox 653 4328 944 4386; x_wconf 84' lang='lat' dir='ltr'><strong>diversitas</strong></span> <span class='ocrx_word' id='word_1_567' title='bbox 982 4324 1286 4384; x_wconf 80' lang='lat' dir='ltr'><strong>animarum</strong></span> <span class='ocrx_word' id='word_1_568' title='bbox 1323 4315 1457 4388; x_wconf 86' lang='lat'><strong>(97),</strong></span> <span class='ocrx_word' id='word_1_569' title='bbox 1481 4314 1536 4369; x_wconf 93' lang='lat' dir='ltr'><strong>id</strong></span> <span class='ocrx_word' id='word_1_570' title='bbox 1573 4321 1677 4378; x_wconf 89' lang='lat' dir='ltr'><strong>est,</strong></span> <span class='ocrx_word' id='word_1_571' title='bbox 1717 4319 1778 4364; x_wconf 92' lang='lat' dir='ltr'><strong>ut</strong></span> <span class='ocrx_word' id='word_1_572' title='bbox 1804 4308 1945 4362; x_wconf 83' lang='lat' dir='ltr'><strong>mala</strong></span> 
     </span>
    </p>
   </div>
   <div class='ocr_carea' id='block_1_76' title="bbox 464 4476 1925 4561">
    <p class='ocr_par' dir='ltr' id='par_1_76' title="bbox 464 4476 1925 4561">
     <span class='ocr_line' id='line_1_76' title="bbox 464 4476 1925 4561; baseline -0.016 -6"><span class='ocrx_word' id='word_1_573' title='bbox 464 4501 511 4534; x_wconf 72' lang='grc' dir='ltr'><strong>οδ</strong></span> <span class='ocrx_word' id='word_1_574' title='bbox 544 4499 709 4555; x_wconf 90' lang='lat' dir='ltr'><strong>lCor.</strong></span> <span class='ocrx_word' id='word_1_575' title='bbox 732 4510 824 4561; x_wconf 86' lang='lat' dir='ltr'><strong>xv,</strong></span> <span class='ocrx_word' id='word_1_576' title='bbox 853 4494 943 4548; x_wconf 72' lang='grc'><strong>41.</strong></span> <span class='ocrx_word' id='word_1_577' title='bbox 1017 4491 1062 4522; x_wconf 81' lang='grc'><strong>⁸³</strong></span> <span class='ocrx_word' id='word_1_578' title='bbox 1092 4488 1228 4544; x_wconf 89' lang='lat' dir='ltr'><strong>Gen.</strong></span> <span class='ocrx_word' id='word_1_579' title='bbox 1256 4499 1384 4539; x_wconf 87' lang='lat' dir='ltr'><strong>xxv.</strong></span> <span class='ocrx_word' id='word_1_580' title='bbox 1457 4481 1504 4514; x_wconf 76' lang='lat'><strong>“</strong></span> <span class='ocrx_word' id='word_1_581' title='bbox 1538 4481 1559 4536; x_wconf 88' lang='lat' dir='ltr'><strong>l</strong></span> <span class='ocrx_word' id='word_1_582' title='bbox 1585 4480 1713 4536; x_wconf 84' lang='lat' dir='ltr'><strong>Cor.</strong></span> <span class='ocrx_word' id='word_1_583' title='bbox 1742 4492 1804 4545; x_wconf 91' lang='grc' dir='ltr'>ιι,</span> <span class='ocrx_word' id='word_1_584' title='bbox 1832 4476 1925 4532; x_wconf 79' lang='grc' dir='ltr'><strong>1οδ</strong></span> 
     </span>
    </p>
   </div>
   <div class='ocr_carea' id='block_1_77' title="bbox 469 4611 1647 4711">
    <p class='ocr_par' dir='ltr' id='par_1_77' title="bbox 469 4611 1647 4711">
     <span class='ocr_line' id='line_1_77' title="bbox 469 4611 1647 4711; baseline -0.014 -16"><span class='ocrx_word' id='word_1_585' title='bbox 469 4636 588 4711; x_wconf 68' lang='lat' dir='ltr'><strong>(se)</strong></span> <span class='ocrx_word' id='word_1_586' title='bbox 611 4617 687 4711; x_wconf 77' lang='lat' dir='ltr'><strong>l_ta</strong></span> <span class='ocrx_word' id='word_1_587' title='bbox 722 4616 856 4692; x_wconf 83' lang='lat' dir='ltr'><strong>mss.</strong></span> <span class='ocrx_word' id='word_1_588' title='bbox 880 4634 1048 4696; x_wconf 81' lang='lat' dir='ltr'><strong>Alias,</strong></span> <span class='ocrx_word' id='word_1_589' title='bbox 1085 4649 1104 4682; x_wconf 85' lang='grc'><em>‹</em></span> <span class='ocrx_word' id='word_1_590' title='bbox 1135 4611 1458 4711; x_wconf 54' lang='lat' dir='ltr'><strong>asserunt?</strong></span> <span class='ocrx_word' id='word_1_591' title='bbox 1614 4694 1647 4711; x_wconf 51' lang='grc' dir='ltr'><strong>μ</strong></span> 
     </span>
    </p>
   </div>
   <div class='ocr_carea' id='block_1_78' title="bbox 467 4688 1951 4785">
    <p class='ocr_par' dir='ltr' id='par_1_78' title="bbox 467 4688 1951 4785">
     <span class='ocr_line' id='line_1_78' title="bbox 467 4688 1951 4785; baseline -0.021 -16"><span class='ocrx_word' id='word_1_592' title='bbox 1108 4703 1282 4785; x_wconf 43' lang='lat' dir='ltr'><strong>etimit.</strong></span> 
     </span>
    </p>
   </div>
   <div class='ocr_carea' id='block_1_79' title="bbox 399 4761 1953 4846">
    <p class='ocr_par' dir='ltr' id='par_1_79' title="bbox 399 4761 1953 4846">
     <span class='ocr_line' id='line_1_79' title="bbox 399 4761 1953 4846; baseline -0.018 -8"><span class='ocrx_word' id='word_1_593' title='bbox 399 4761 1178 4846; x_wconf 17' lang='lat' dir='ltr'><strong>tiaramispectabilioremqae.</strong></span> <span class='ocrx_word' id='word_1_594' title='bbox 1230 4761 1515 4830; x_wconf 42' lang='lat' dir='ltr'><strong>Sic-tussi;</strong></span> <span class='ocrx_word' id='word_1_595' title='bbox 1571 4767 1622 4816; x_wconf 92' lang='lat' dir='ltr'><strong>in</strong></span> <span class='ocrx_word' id='word_1_596' title='bbox 1676 4761 1953 4846; x_wconf 66' lang='lat' dir='ltr'><strong>prioribus</strong></span> 
     </span>
    </p>
   </div>
   <div class='ocr_carea' id='block_1_80' title="bbox 402 4830 2037 4910">
    <p class='ocr_par' dir='ltr' id='par_1_80' title="bbox 402 4830 2037 4910">
     <span class='ocr_line' id='line_1_80' title="bbox 402 4830 2037 4910; baseline -0.017 -4"><span class='ocrx_word' id='word_1_597' title='bbox 402 4830 733 4906; x_wconf 58' lang='lat' dir='ltr'><strong>Eliiliéiubii&#39;s</strong></span> <span class='ocrx_word' id='word_1_598' title='bbox 779 4847 931 4899; x_wconf 88' lang='lat' dir='ltr'><strong>deest</strong></span> <span class='ocrx_word' id='word_1_599' title='bbox 969 4859 988 4892; x_wconf 86' lang='grc' dir='ltr'><strong>ι</strong></span> <span class='ocrx_word' id='word_1_600' title='bbox 1011 4830 1249 4910; x_wconf 70' lang='grc' dir='ltr'>ρι’ἒιιειθι,</span> <span class='ocrx_word' id='word_1_601' title='bbox 1277 4857 1294 4887; x_wconf 79' lang='grc' dir='ltr'><strong>ι</strong></span> <span class='ocrx_word' id='word_1_602' title='bbox 1321 4846 1376 4890; x_wconf 90' lang='lat' dir='ltr'><strong>et</strong></span> <span class='ocrx_word' id='word_1_603' title='bbox 1425 4851 1519 4904; x_wconf 91' lang='lat' dir='ltr'><strong>pro</strong></span> <span class='ocrx_word' id='word_1_604' title='bbox 1562 4851 1578 4883; x_wconf 91' lang='grc' dir='ltr'><strong>ι</strong></span> <span class='ocrx_word' id='word_1_605' title='bbox 1605 4830 1953 4901; x_wconf 86' lang='lat' dir='ltr'><strong>spectabilio-</strong></span> <span class='ocrx_word' id='word_1_606' title='bbox 2033 4892 2037 4896; x_wconf 28' lang='grc' dir='ltr'><em>ι</em></span> 
     </span>
    </p>
   </div>
   <div class='ocr_carea' id='block_1_81' title="bbox 406 4909 1829 4986">
    <p class='ocr_par' dir='ltr' id='par_1_81' title="bbox 406 4909 1829 4986">
     <span class='ocr_line' id='line_1_81' title="bbox 406 4909 1829 4986; baseline -0.01 -13"><span class='ocrx_word' id='word_1_607' title='bbox 406 4909 1316 4986; x_wconf 33' lang='lat' dir='ltr'><strong>rem,»legitur(Spectaculumzi</strong></span> <span class='ocrx_word' id='word_1_608' title='bbox 1373 4985 1379 4986; x_wconf 11' lang='grc' dir='ltr'>ί</span> <span class='ocrx_word' id='word_1_609' title='bbox 1470 4979 1481 4986; x_wconf 35' lang='grc' dir='ltr'><strong><em>Δ</em></strong></span> 
     </span>
    </p>
   </div>
   <div class='ocr_carea' id='block_1_82' title="bbox 477 4967 1956 5058">
    <p class='ocr_par' dir='ltr' id='par_1_82' title="bbox 477 4967 1956 5058">
     <span class='ocr_line' id='line_1_82' title="bbox 477 4967 1956 5058; baseline -0.016 -16"><span class='ocrx_word' id='word_1_610' title='bbox 619 4967 709 5039; x_wconf 47' lang='lat' dir='ltr'><strong>Si:</strong></span> <span class='ocrx_word' id='word_1_611' title='bbox 760 4967 890 5037; x_wconf 87' lang='lat' dir='ltr'><strong>mss.</strong></span> <span class='ocrx_word' id='word_1_612' title='bbox 917 4967 1102 5058; x_wconf 59' lang='lat' dir='ltr'><strong>&#39;Alias,</strong></span> <span class='ocrx_word' id='word_1_613' title='bbox 1139 4995 1156 5027; x_wconf 89' lang='grc' dir='ltr'><strong>ι</strong></span> <span class='ocrx_word' id='word_1_614' title='bbox 1181 4985 1234 5031; x_wconf 91' lang='lat' dir='ltr'><strong>et</strong></span> <span class='ocrx_word' id='word_1_615' title='bbox 1275 4975 1488 5058; x_wconf 70' lang='lat' dir='ltr'><strong>luceant</strong></span> <span class='ocrx_word' id='word_1_616' title='bbox 1513 4971 1672 5058; x_wconf 44' lang='lat' dir='ltr'><strong>:‘aliis</strong></span> <span class='ocrx_word' id='word_1_617' title='bbox 1711 4967 1956 5058; x_wconf 56' lang='lat' dir='ltr'><strong>rutilae:</strong></span> 
     </span>
    </p>
   </div>
   <div class='ocr_carea' id='block_1_83' title="bbox 407 5036 1954 5119">
    <p class='ocr_par' dir='ltr' id='par_1_83' title="bbox 407 5036 1954 5119">
     <span class='ocr_line' id='line_1_83' title="bbox 407 5036 1954 5119; baseline -0.016 -7"><span class='ocrx_word' id='word_1_618' title='bbox 407 5036 646 5119; x_wconf 58' lang='grc' dir='ltr'><strong>ιίτιῖἷιξίξι</strong></span> <span class='ocrx_word' id='word_1_619' title='bbox 664 5036 954 5109; x_wconf 70' lang='lat' dir='ltr'><strong>coruscent</strong></span> <span class='ocrx_word' id='word_1_620' title='bbox 1006 5036 1211 5119; x_wconf 84' lang='lat' dir='ltr'><strong>fulgore</strong></span> <span class='ocrx_word' id='word_1_621' title='bbox 1245 5045 1477 5099; x_wconf 91' lang='lat' dir='ltr'><strong>sidereo.</strong></span> <span class='ocrx_word' id='word_1_622' title='bbox 1515 5041 1632 5094; x_wconf 82' lang='lat' dir='ltr'><strong>Alia</strong></span> <span class='ocrx_word' id='word_1_623' title='bbox 1681 5044 1751 5092; x_wconf 88' lang='lat' dir='ltr'><strong>sit</strong></span> <span class='ocrx_word' id='word_1_624' title='bbox 1783 5036 1954 5107; x_wconf 88' lang='lat' dir='ltr'><strong>gloria</strong></span> 
     </span>
    </p>
   </div>
   <div class='ocr_carea' id='block_1_84' title="bbox 403 5117 1473 5188">
    <p class='ocr_par' dir='ltr' id='par_1_84' title="bbox 403 5117 1473 5188">
     <span class='ocr_line' id='line_1_84' title="bbox 403 5117 1473 5188; baseline -0.022 -5"><span class='ocrx_word' id='word_1_625' title='bbox 403 5117 556 5188; x_wconf 75' lang='lat' dir='ltr'><strong>solis,</strong></span> <span class='ocrx_word' id='word_1_626' title='bbox 590 5124 690 5177; x_wconf 84' lang='lat' dir='ltr'><strong>alia</strong></span> <span class='ocrx_word' id='word_1_627' title='bbox 721 5123 880 5185; x_wconf 55' lang='lat' dir='ltr'><strong>lunas,</strong></span> <span class='ocrx_word' id='word_1_628' title='bbox 913 5119 1016 5188; x_wconf 86' lang='lat' dir='ltr'><strong>alia</strong></span> <span class='ocrx_word' id='word_1_629' title='bbox 1048 5117 1350 5188; x_wconf 54' lang='lat' dir='ltr'><strong>stellarum.</strong></span> <span class='ocrx_word' id='word_1_630' title='bbox 1372 5127 1391 5160; x_wconf 82' lang='grc' dir='ltr'><strong>ι</strong></span> <span class='ocrx_word' id='word_1_631' title='bbox 1465 5138 1473 5144; x_wconf 97' lang='grc'><strong>-</strong></span> 
     </span>
    </p>
   </div>
   <div class='ocr_carea' id='block_1_85' title="bbox 477 5175 2040 5268">
    <p class='ocr_par' dir='ltr' id='par_1_85' title="bbox 477 5175 2040 5268">
     <span class='ocr_line' id='line_1_85' title="bbox 477 5175 2040 5268; baseline -0.003 4"><span class='ocrx_word' id='word_1_632' title='bbox 477 5175 952 5268; x_wconf 52' lang='lat' dir='ltr'><strong>eaeeae:-</strong></span> <span class='ocrx_word' id='word_1_633' title='bbox 986 5187 1075 5268; x_wconf 68' lang='grc' dir='ltr'><strong>δίς</strong></span> <span class='ocrx_word' id='word_1_634' title='bbox 1271 5175 1440 5268; x_wconf 51' lang='lat' dir='ltr'><strong>Aliae</strong></span> <span class='ocrx_word' id='word_1_635' title='bbox 1461 5178 1645 5268; x_wconf 60' lang='lat'><strong>132‘.&quot;</strong></span> <span class='ocrx_word' id='word_1_636' title='bbox 1674 5178 1792 5268; x_wconf 62' lang='lat'><strong>1&#39;92</strong></span> <span class='ocrx_word' id='word_1_637' title='bbox 1819 5175 1958 5268; x_wconf 59' lang='lat' dir='ltr'><strong>sit-3.</strong></span> <span class='ocrx_word' id='word_1_638' title='bbox 2033 5246 2040 5254; x_wconf 94' lang='lat'><strong>.</strong></span> 
     </span>
    </p>
   </div>
   <div class='ocr_carea' id='block_1_86' title="bbox 477 5245 1960 5333">
    <p class='ocr_par' dir='ltr' id='par_1_86' title="bbox 477 5245 1960 5333">
     <span class='ocr_line' id='line_1_86' title="bbox 477 5245 1960 5333; baseline -0.014 -15"><span class='ocrx_word' id='word_1_639' title='bbox 477 5245 587 5333; x_wconf 54' lang='lat' dir='ltr'><strong>i963</strong></span> <span class='ocrx_word' id='word_1_640' title='bbox 644 5245 808 5313; x_wconf 67' lang='lat' dir='ltr'><strong>Verri.</strong></span> <span class='ocrx_word' id='word_1_641' title='bbox 843 5257 1014 5312; x_wconf 89' lang='lat' dir='ltr'><strong>Deest</strong></span> <span class='ocrx_word' id='word_1_642' title='bbox 1050 5257 1129 5308; x_wconf 66' lang='lat' dir='ltr'><strong>in~</strong></span> <span class='ocrx_word' id='word_1_643' title='bbox 1153 5253 1424 5323; x_wconf 88' lang='lat' dir='ltr'><strong>prioribus</strong></span> <span class='ocrx_word' id='word_1_644' title='bbox 1461 5245 1814 5308; x_wconf 62' lang='lat' dir='ltr'><strong>&#39;editiouibus,</strong></span> <span class='ocrx_word' id='word_1_645' title='bbox 1865 5245 1960 5298; x_wconf 89' lang='lat' dir='ltr'><strong>sed</strong></span> 
     </span>
    </p>
   </div>
   <div class='ocr_carea' id='block_1_87' title="bbox 406 5333 1920 5394">
    <p class='ocr_par' dir='ltr' id='par_1_87' title="bbox 406 5333 1920 5394">
     <span class='ocr_line' id='line_1_87' title="bbox 406 5333 1920 5394; baseline -0.004 -3"><span class='ocrx_word' id='word_1_646' title='bbox 406 5336 633 5391; x_wconf 85' lang='lat' dir='ltr'><strong>habetur</strong></span> <span class='ocrx_word' id='word_1_647' title='bbox 663 5333 714 5381; x_wconf 90' lang='lat' dir='ltr'><strong>in</strong></span> <span class='ocrx_word' id='word_1_648' title='bbox 744 5344 874 5383; x_wconf 91' lang='lat' dir='ltr'><strong>mss.</strong></span> <span class='ocrx_word' id='word_1_649' title='bbox 1059 5352 1066 5394; x_wconf 78' lang='grc' dir='ltr'>χ</span> <span class='ocrx_word' id='word_1_650' title='bbox 1262 5389 1302 5394; x_wconf 85' lang='lat'>__</span> <span class='ocrx_word' id='word_1_651' title='bbox 1699 5383 1712 5394; x_wconf 84' lang='lat'>_</span> <span class='ocrx_word' id='word_1_652' title='bbox 1860 5391 1870 5394; x_wconf 91' lang='lat'><em>_</em></span> <span class='ocrx_word' id='word_1_653' title='bbox 1907 5381 1920 5394; x_wconf 82' lang='lat'><strong>,</strong></span> 
     </span>
    </p>
   </div>
   <div class='ocr_carea' id='block_1_88' title="bbox 475 5383 1959 5473">
    <p class='ocr_par' dir='ltr' id='par_1_88' title="bbox 475 5383 1959 5473">
     <span class='ocr_line' id='line_1_88' title="bbox 475 5383 1959 5473; baseline -0.018 -14"><span class='ocrx_word' id='word_1_654' title='bbox 629 5401 970 5473; x_wconf 61' lang='lat' dir='ltr'><strong>Animarum,</strong></span> <span class='ocrx_word' id='word_1_655' title='bbox 1118 5403 1211 5473; x_wconf 66' lang='lat' dir='ltr'><strong>est.</strong></span> <span class='ocrx_word' id='word_1_656' title='bbox 1262 5389 1383 5470; x_wconf 76' lang='lat' dir='ltr'><strong>Haec</strong></span> <span class='ocrx_word' id='word_1_657' title='bbox 1429 5383 1959 5473; x_wconf 43' lang='lat' dir='ltr'><strong>([lqulllfl.‘(l(?fllllt_.in</strong></span> 
     </span>
    </p>
   </div>
   <div class='ocr_carea' id='block_1_89' title="bbox 405 5454 1956 5528">
    <p class='ocr_par' dir='ltr' id='par_1_89' title="bbox 405 5454 1956 5528">
     <span class='ocr_line' id='line_1_89' title="bbox 405 5454 1956 5528; baseline -0.015 0"><span class='ocrx_word' id='word_1_658' title='bbox 405 5454 717 5528; x_wconf 37' lang='lat' dir='ltr'><strong>lib‘baantea</strong></span> <span class='ocrx_word' id='word_1_659' title='bbox 740 5467 920 5527; x_wconf 86' lang='lat' dir='ltr'><strong>editis,</strong></span> <span class='ocrx_word' id='word_1_660' title='bbox 944 5454 1034 5517; x_wconf 81' lang='lat' dir='ltr'><strong>sed</strong></span> <span class='ocrx_word' id='word_1_661' title='bbox 1058 5463 1328 5514; x_wconf 88' lang='lat' dir='ltr'><strong>habentur</strong></span> <span class='ocrx_word' id='word_1_662' title='bbox 1349 5461 1399 5511; x_wconf 87' lang='lat' dir='ltr'><strong>in</strong></span> <span class='ocrx_word' id='word_1_663' title='bbox 1423 5471 1550 5528; x_wconf 87' lang='lat' dir='ltr'><strong>mss.</strong></span> <span class='ocrx_word' id='word_1_664' title='bbox 1579 5454 1777 5506; x_wconf 88' lang='lat' dir='ltr'><strong>Ibidem</strong></span> <span class='ocrx_word' id='word_1_665' title='bbox 1806 5467 1956 5528; x_wconf 47' lang='lat' dir='ltr'><strong>mss-.2</strong></span> 
     </span>
    </p>
   </div>
   <div class='ocr_carea' id='block_1_90' title="bbox 410 5520 1961 5603">
    <p class='ocr_par' dir='ltr' id='par_1_90' title="bbox 410 5520 1961 5603">
     <span class='ocr_line' id='line_1_90' title="bbox 410 5520 1961 5603; baseline -0.015 -6"><span class='ocrx_word' id='word_1_666' title='bbox 410 5520 608 5597; x_wconf 65' lang='grc' dir='ltr'><strong>Γιῐότίέι</strong></span> <span class='ocrx_word' id='word_1_667' title='bbox 632 5544 812 5589; x_wconf 91' lang='lat' dir='ltr'><strong>autem</strong></span> <span class='ocrx_word' id='word_1_668' title='bbox 848 5520 924 5588; x_wconf 73' lang='lat' dir='ltr'><strong>ad</strong></span> <span class='ocrx_word' id='word_1_669' title='bbox 947 5539 1137 5587; x_wconf 87' lang='lat' dir='ltr'><strong>bonas.</strong></span> <span class='ocrx_word' id='word_1_670' title='bbox 1172 5548 1190 5581; x_wconf 80' lang='grc' dir='ltr'><strong>ι</strong></span> <span class='ocrx_word' id='word_1_671' title='bbox 1222 5529 1394 5603; x_wconf 77' lang='lat' dir='ltr'><strong>Alias,</strong></span> <span class='ocrx_word' id='word_1_672' title='bbox 1422 5542 1463 5596; x_wconf 43' lang='grc' dir='ltr'>,ι</span> <span class='ocrx_word' id='word_1_673' title='bbox 1511 5526 1648 5578; x_wconf 90' lang='lat' dir='ltr'><strong>bona</strong></span> <span class='ocrx_word' id='word_1_674' title='bbox 1684 5531 1862 5575; x_wconf 87' lang='lat' dir='ltr'><strong>autem</strong></span> <span class='ocrx_word' id='word_1_675' title='bbox 1895 5520 1961 5574; x_wconf 87' lang='lat' dir='ltr'><strong>ad</strong></span> 
     </span>
    </p>
   </div>
   <div class='ocr_carea' id='block_1_91' title="bbox 405 5613 1576 5666">
    <p class='ocr_par' dir='ltr' id='par_1_91' title="bbox 405 5613 1576 5666">
     <span class='ocr_line' id='line_1_91' title="bbox 405 5613 1576 5666; baseline -0.012 0"><span class='ocrx_word' id='word_1_676' title='bbox 405 5613 595 5666; x_wconf 83' lang='lat' dir='ltr'><strong>bonos.</strong></span> <span class='ocrx_word' id='word_1_677' title='bbox 626 5623 645 5655; x_wconf 78' lang='grc' dir='ltr'><strong>ι</strong></span> <span class='ocrx_word' id='word_1_678' title='bbox 1403 5665 1416 5666; x_wconf 20' lang='lat'><em>7</em></span> <span class='ocrx_word' id='word_1_679' title='bbox 1566 5617 1576 5627; x_wconf 62' lang='grc' dir='ltr'><strong>ι</strong></span> 
     </span>
    </p>
   </div>
   <div class='ocr_carea' id='block_1_92' title="bbox 361 5663 1632 5746">
    <p class='ocr_par' dir='ltr' id='par_1_92' title="bbox 361 5663 1632 5746">
     <span class='ocr_line' id='line_1_92' title="bbox 361 5663 1632 5746; baseline -0.014 -13"><span class='ocrx_word' id='word_1_680' title='bbox 361 5663 591 5746; x_wconf 48' lang='grc' dir='ltr'><strong>διεδ)</strong></span> <span class='ocrx_word' id='word_1_681' title='bbox 619 5671 750 5728; x_wconf 79' lang='lat' dir='ltr'><strong>Vide</strong></span> <span class='ocrx_word' id='word_1_682' title='bbox 782 5673 818 5724; x_wconf 86' lang='grc' dir='ltr'>ι.</span> <span class='ocrx_word' id='word_1_683' title='bbox 846 5687 881 5724; x_wconf 92' lang='grc' dir='ltr'><strong>ιι</strong></span> <span class='ocrx_word' id='word_1_684' title='bbox 910 5669 1239 5739; x_wconf 80' lang='lat' dir='ltr'><strong>0rigenian.,</strong></span> <span class='ocrx_word' id='word_1_685' title='bbox 1272 5681 1326 5733; x_wconf 93' lang='lat' dir='ltr'><strong>q.</strong></span> <span class='ocrx_word' id='word_1_686' title='bbox 1364 5665 1452 5728; x_wconf 69' lang='lat'><strong>1-2,</strong></span> <span class='ocrx_word' id='word_1_687' title='bbox 1484 5678 1553 5731; x_wconf 74' lang='grc' dir='ltr'><strong>ιιι.¹</strong></span> <span class='ocrx_word' id='word_1_688' title='bbox 1574 5663 1632 5715; x_wconf 74' lang='lat'><strong>2.</strong></span> 
     </span>
    </p>
   </div>
   <div class='ocr_carea' id='block_1_93' title="bbox 2059 3127 3630 3196">
    <p class='ocr_par' dir='ltr' id='par_1_93' title="bbox 2059 3127 3630 3196">
     <span class='ocr_line' id='line_1_93' title="bbox 2059 3127 3630 3196; baseline -0.004 -10"><span class='ocrx_word' id='word_1_689' title='bbox 2059 3131 2266 3187; x_wconf 83' lang='lat' dir='ltr'><strong>exstitit</strong></span> <span class='ocrx_word' id='word_1_690' title='bbox 2292 3144 2476 3192; x_wconf 88' lang='lat' dir='ltr'><strong>causa,</strong></span> <span class='ocrx_word' id='word_1_691' title='bbox 2505 3127 2645 3182; x_wconf 86' lang='lat' dir='ltr'><strong>sicut</strong></span> <span class='ocrx_word' id='word_1_692' title='bbox 2675 3136 2729 3182; x_wconf 91' lang='lat' dir='ltr'><strong>et</strong></span> <span class='ocrx_word' id='word_1_693' title='bbox 2760 3139 2917 3181; x_wconf 90' lang='lat' dir='ltr'><strong>antea</strong></span> <span class='ocrx_word' id='word_1_694' title='bbox 2950 3129 3061 3196; x_wconf 90' lang='lat' dir='ltr'><strong>jam</strong></span> <span class='ocrx_word' id='word_1_695' title='bbox 3109 3127 3375 3188; x_wconf 88' lang='lat' dir='ltr'><strong>diximus,</strong></span> <span class='ocrx_word' id='word_1_696' title='bbox 3406 3127 3630 3181; x_wconf 83' lang='lat' dir='ltr'><strong>diversi-</strong></span> 
     </span>
    </p>
   </div>
   <div class='ocr_carea' id='block_1_94' title="bbox 2029 3214 3631 3280">
    <p class='ocr_par' dir='ltr' id='par_1_94' title="bbox 2029 3214 3631 3280">
     <span class='ocr_line' id='line_1_94' title="bbox 2029 3214 3631 3280; baseline -0.006 -6"><span class='ocrx_word' id='word_1_697' title='bbox 2029 3220 2348 3276; x_wconf 77' lang='lat' dir='ltr'><strong>-tatisinter</strong></span> <span class='ocrx_word' id='word_1_698' title='bbox 2380 3217 2731 3272; x_wconf 88' lang='lat' dir='ltr'><strong>rationabiles</strong></span> <span class='ocrx_word' id='word_1_699' title='bbox 2783 3224 3083 3280; x_wconf 87' lang='lat' dir='ltr'><strong>creaturas,</strong></span> <span class='ocrx_word' id='word_1_700' title='bbox 3133 3229 3239 3267; x_wconf 92' lang='lat' dir='ltr'><strong>non</strong></span> <span class='ocrx_word' id='word_1_701' title='bbox 3285 3227 3352 3268; x_wconf 84' lang='lat' dir='ltr'><strong>ex</strong></span> <span class='ocrx_word' id='word_1_702' title='bbox 3384 3214 3631 3266; x_wconf 82' lang='lat' dir='ltr'><strong>condito-</strong></span> 
     </span>
    </p>
   </div>
   <div class='ocr_carea' id='block_1_95' title="bbox 2061 3305 3633 3377">
    <p class='ocr_par' dir='ltr' id='par_1_95' title="bbox 2061 3305 3633 3377">
     <span class='ocr_line' id='line_1_95' title="bbox 2061 3305 3633 3377; baseline -0.006 -10"><span class='ocrx_word' id='word_1_703' title='bbox 2061 3314 2136 3367; x_wconf 88' lang='lat' dir='ltr'><strong>ris</strong></span> <span class='ocrx_word' id='word_1_704' title='bbox 2163 3312 2440 3365; x_wconf 86' lang='lat' dir='ltr'><strong>voluntate</strong></span> <span class='ocrx_word' id='word_1_705' title='bbox 2465 3309 2547 3362; x_wconf 90' lang='lat' dir='ltr'><strong>vel</strong></span> <span class='ocrx_word' id='word_1_706' title='bbox 2578 3307 2784 3377; x_wconf 85' lang='lat' dir='ltr'><strong>judicio</strong></span> <span class='ocrx_word' id='word_1_707' title='bbox 2818 3308 3085 3375; x_wconf 83' lang='lat' dir='ltr'><strong>originem</strong></span> <span class='ocrx_word' id='word_1_708' title='bbox 3119 3306 3360 3369; x_wconf 84' lang='lat' dir='ltr'><strong>trahens,</strong></span> <span class='ocrx_word' id='word_1_709' title='bbox 3388 3305 3480 3358; x_wconf 87' lang='lat' dir='ltr'><strong>sed</strong></span> <span class='ocrx_word' id='word_1_710' title='bbox 3507 3319 3633 3372; x_wconf 83' lang='lat' dir='ltr'><strong>pro-</strong></span> 
     </span>
    </p>
   </div>
   <div class='ocr_carea' id='block_1_96' title="bbox 2060 3395 3632 3469">
    <p class='ocr_par' dir='ltr' id='par_1_96' title="bbox 2060 3395 3632 3469">
     <span class='ocr_line' id='line_1_96' title="bbox 2060 3395 3632 3469; baseline -0.003 -17"><span class='ocrx_word' id='word_1_711' title='bbox 2060 3401 2194 3469; x_wconf 74' lang='lat' dir='ltr'><strong>pria:</strong></span> <span class='ocrx_word' id='word_1_712' title='bbox 2217 3399 2486 3454; x_wconf 89' lang='lat' dir='ltr'><strong>libertatis</strong></span> <span class='ocrx_word' id='word_1_713' title='bbox 2514 3398 2766 3452; x_wconf 90' lang='lat' dir='ltr'><strong>arbitrio.</strong></span> <span class='ocrx_word' id='word_1_714' title='bbox 2803 3397 2948 3450; x_wconf 88' lang='lat' dir='ltr'><strong>Deus</strong></span> <span class='ocrx_word' id='word_1_715' title='bbox 2990 3411 3122 3450; x_wconf 89' lang='lat' dir='ltr'><strong>vero</strong></span> <span class='ocrx_word' id='word_1_716' title='bbox 3151 3397 3235 3450; x_wconf 93' lang='lat' dir='ltr'><strong>cui</strong></span> <span class='ocrx_word' id='word_1_717' title='bbox 3269 3395 3379 3462; x_wconf 84' lang='lat' dir='ltr'><strong>jam</strong></span> <span class='ocrx_word' id='word_1_718' title='bbox 3414 3405 3632 3448; x_wconf 82' lang='lat' dir='ltr'><strong>creatu-</strong></span> 
     </span>
    </p>
   </div>
   <div class='ocr_carea' id='block_1_97' title="bbox 2062 3486 3631 3559">
    <p class='ocr_par' dir='ltr' id='par_1_97' title="bbox 2062 3486 3631 3559">
     <span class='ocr_line' id='line_1_97' title="bbox 2062 3486 3631 3559; baseline -0.004 -16"><span class='ocrx_word' id='word_1_719' title='bbox 2062 3506 2174 3543; x_wconf 87' lang='lat' dir='ltr'><strong>ram</strong></span> <span class='ocrx_word' id='word_1_720' title='bbox 2205 3505 2358 3544; x_wconf 89' lang='lat' dir='ltr'><strong>suam</strong></span> <span class='ocrx_word' id='word_1_721' title='bbox 2390 3504 2489 3559; x_wconf 88' lang='lat' dir='ltr'><strong>pro</strong></span> <span class='ocrx_word' id='word_1_722' title='bbox 2523 3491 2714 3543; x_wconf 89' lang='lat' dir='ltr'><strong>merito</strong></span> <span class='ocrx_word' id='word_1_723' title='bbox 2747 3489 3064 3556; x_wconf 90' lang='lat' dir='ltr'><strong>dispensare</strong></span> <span class='ocrx_word' id='word_1_724' title='bbox 3088 3487 3293 3555; x_wconf 84' lang='lat' dir='ltr'><strong>justum</strong></span> <span class='ocrx_word' id='word_1_725' title='bbox 3326 3486 3631 3552; x_wconf 85' lang='lat' dir='ltr'><strong>videbatur,</strong></span> 
     </span>
    </p>
   </div>
   <div class='ocr_carea' id='block_1_98' title="bbox 2063 3580 3631 3646">
    <p class='ocr_par' dir='ltr' id='par_1_98' title="bbox 2063 3580 3631 3646">
     <span class='ocr_line' id='line_1_98' title="bbox 2063 3580 3631 3646; baseline -0.001 -13"><span class='ocrx_word' id='word_1_726' title='bbox 2063 3583 2406 3635; x_wconf 84' lang='lat' dir='ltr'><strong>diversitates</strong></span> <span class='ocrx_word' id='word_1_727' title='bbox 2435 3581 2695 3634; x_wconf 90' lang='lat' dir='ltr'><strong>mentium</strong></span> <span class='ocrx_word' id='word_1_728' title='bbox 2727 3580 2780 3632; x_wconf 90' lang='lat' dir='ltr'><strong>in</strong></span> <span class='ocrx_word' id='word_1_729' title='bbox 2817 3581 2976 3646; x_wconf 84' lang='lat' dir='ltr'><strong>unius</strong></span> <span class='ocrx_word' id='word_1_730' title='bbox 3009 3580 3191 3631; x_wconf 90' lang='lat' dir='ltr'><strong>mundi</strong></span> <span class='ocrx_word' id='word_1_731' title='bbox 3217 3581 3631 3631; x_wconf 88' lang='lat' dir='ltr'><strong>consonantiam</strong></span> 
     </span>
    </p>
   </div>
   <div class='ocr_carea' id='block_1_99' title="bbox 2063 3663 3632 3737">
    <p class='ocr_par' dir='ltr' id='par_1_99' title="bbox 2063 3663 3632 3737">
     <span class='ocr_line' id='line_1_99' title="bbox 2063 3663 3632 3737; baseline -0.002 -15"><span class='ocrx_word' id='word_1_732' title='bbox 2063 3669 2245 3730; x_wconf 81' lang='lat' dir='ltr'><strong>traxit,</strong></span> <span class='ocrx_word' id='word_1_733' title='bbox 2275 3685 2380 3737; x_wconf 89' lang='lat' dir='ltr'><strong>quo</strong></span> <span class='ocrx_word' id='word_1_734' title='bbox 2405 3669 2550 3721; x_wconf 92' lang='lat' dir='ltr'><strong>velut</strong></span> <span class='ocrx_word' id='word_1_735' title='bbox 2576 3683 2738 3720; x_wconf 84' lang='lat' dir='ltr'><strong>unam</strong></span> <span class='ocrx_word' id='word_1_736' title='bbox 2787 3670 3005 3720; x_wconf 87' lang='lat' dir='ltr'><strong>demum</strong></span> <span class='ocrx_word' id='word_1_737' title='bbox 3042 3665 3093 3716; x_wconf 92' lang='lat' dir='ltr'><strong>in</strong></span> <span class='ocrx_word' id='word_1_738' title='bbox 3123 3679 3227 3732; x_wconf 88' lang='lat' dir='ltr'><strong>qua</strong></span> <span class='ocrx_word' id='word_1_739' title='bbox 3259 3663 3439 3716; x_wconf 79' lang='lat' dir='ltr'><strong>inesse</strong></span> <span class='ocrx_word' id='word_1_740' title='bbox 3473 3665 3632 3719; x_wconf 85' lang='lat' dir='ltr'><strong>debe-</strong></span> 
     </span>
    </p>
   </div>
   <div class='ocr_carea' id='block_1_100' title="bbox 2064 3756 3634 3821">
    <p class='ocr_par' dir='ltr' id='par_1_100' title="bbox 2064 3756 3634 3821">
     <span class='ocr_line' id='line_1_100' title="bbox 2064 3756 3634 3821; baseline -0.002 -9"><span class='ocrx_word' id='word_1_741' title='bbox 2064 3769 2186 3812; x_wconf 87' lang='lat' dir='ltr'><strong>rent</strong></span> <span class='ocrx_word' id='word_1_742' title='bbox 2230 3773 2333 3812; x_wconf 92' lang='lat' dir='ltr'><strong>non</strong></span> <span class='ocrx_word' id='word_1_743' title='bbox 2387 3757 2558 3811; x_wconf 90' lang='lat' dir='ltr'><strong>solum</strong></span> <span class='ocrx_word' id='word_1_744' title='bbox 2611 3771 2736 3808; x_wconf 85' lang='lat' dir='ltr'><strong>vasa</strong></span> <span class='ocrx_word' id='word_1_745' title='bbox 2764 3770 2929 3807; x_wconf 90' lang='lat' dir='ltr'><strong>aurea</strong></span> <span class='ocrx_word' id='word_1_746' title='bbox 2972 3764 3026 3807; x_wconf 90' lang='lat' dir='ltr'><strong>et</strong></span> <span class='ocrx_word' id='word_1_747' title='bbox 3069 3761 3321 3821; x_wconf 81' lang='lat' dir='ltr'><strong>argentea</strong></span> <span class='ocrx_word' id='word_1_748' title='bbox 3351 3795 3366 3819; x_wconf 95' lang='lat'><strong>,</strong></span> <span class='ocrx_word' id='word_1_749' title='bbox 3426 3756 3519 3808; x_wconf 90' lang='lat' dir='ltr'><strong>sed</strong></span> <span class='ocrx_word' id='word_1_750' title='bbox 3578 3762 3634 3809; x_wconf 89' lang='lat' dir='ltr'><strong>et</strong></span> 
     </span>
    </p>
   </div>
   <div class='ocr_carea' id='block_1_101' title="bbox 2064 3845 3631 3918">
    <p class='ocr_par' dir='ltr' id='par_1_101' title="bbox 2064 3845 3631 3918">
     <span class='ocr_line' id='line_1_101' title="bbox 2064 3845 3631 3918; baseline -0.003 -14"><span class='ocrx_word' id='word_1_751' title='bbox 2064 3850 2238 3918; x_wconf 84' lang='lat' dir='ltr'><strong>lignea</strong></span> <span class='ocrx_word' id='word_1_752' title='bbox 2270 3859 2324 3902; x_wconf 90' lang='lat' dir='ltr'><strong>et</strong></span> <span class='ocrx_word' id='word_1_753' title='bbox 2349 3847 2552 3911; x_wconf 85' lang='lat' dir='ltr'><strong>ﬁctilia,</strong></span> <span class='ocrx_word' id='word_1_754' title='bbox 2592 3857 2646 3900; x_wconf 89' lang='lat' dir='ltr'><strong>et</strong></span> <span class='ocrx_word' id='word_1_755' title='bbox 2685 3847 2791 3899; x_wconf 85' lang='lat' dir='ltr'><strong>alia</strong></span> <span class='ocrx_word' id='word_1_756' title='bbox 2825 3845 3040 3913; x_wconf 88' lang='lat' dir='ltr'><strong>quidem</strong></span> <span class='ocrx_word' id='word_1_757' title='bbox 3097 3845 3162 3897; x_wconf 87' lang='lat' dir='ltr'><strong>ad</strong></span> <span class='ocrx_word' id='word_1_758' title='bbox 3211 3846 3493 3910; x_wconf 86' lang='lat' dir='ltr'><strong>honorem,</strong></span> <span class='ocrx_word' id='word_1_759' title='bbox 3523 3845 3631 3899; x_wconf 86' lang='lat' dir='ltr'><strong>alia</strong></span> 
     </span>
    </p>
   </div>
   <div class='ocr_carea' id='block_1_102' title="bbox 2063 3935 3630 4005">
    <p class='ocr_par' dir='ltr' id='par_1_102' title="bbox 2063 3935 3630 4005">
     <span class='ocr_line' id='line_1_102' title="bbox 2063 3935 3630 4005; baseline -0.003 -12"><span class='ocrx_word' id='word_1_760' title='bbox 2063 3950 2239 3994; x_wconf 87' lang='lat' dir='ltr'><strong>autem</strong></span> <span class='ocrx_word' id='word_1_761' title='bbox 2264 3941 2329 3993; x_wconf 90' lang='lat' dir='ltr'><strong>ad</strong></span> <span class='ocrx_word' id='word_1_762' title='bbox 2364 3937 2768 4000; x_wconf 89' lang='lat' dir='ltr'><strong>contumeliam,</strong></span> <span class='ocrx_word' id='word_1_763' title='bbox 2813 3952 2878 3990; x_wconf 83' lang='lat' dir='ltr'><strong>ex</strong></span> <span class='ocrx_word' id='word_1_764' title='bbox 2925 3936 3044 3990; x_wconf 74' lang='lat' dir='ltr'><strong>istis</strong></span> <span class='ocrx_word' id='word_1_765' title='bbox 3081 3935 3156 4005; x_wconf 69' lang='lat'><strong>(4)</strong></span> <span class='ocrx_word' id='word_1_766' title='bbox 3193 3935 3426 3989; x_wconf 88' lang='lat' dir='ltr'><strong>diversis</strong></span> <span class='ocrx_word' id='word_1_767' title='bbox 3459 3937 3630 4002; x_wconf 82' lang='lat' dir='ltr'><strong>vasis,</strong></span> 
     </span>
    </p>
   </div>
   <div class='ocr_carea' id='block_1_103' title="bbox 2064 4026 3633 4094">
    <p class='ocr_par' dir='ltr' id='par_1_103' title="bbox 2064 4026 3633 4094">
     <span class='ocr_line' id='line_1_103' title="bbox 2064 4026 3633 4094; baseline -0.004 -9"><span class='ocrx_word' id='word_1_768' title='bbox 2064 4032 2143 4085; x_wconf 90' lang='lat' dir='ltr'><strong>vel</strong></span> <span class='ocrx_word' id='word_1_769' title='bbox 2173 4030 2390 4094; x_wconf 87' lang='lat' dir='ltr'><strong>animis,</strong></span> <span class='ocrx_word' id='word_1_770' title='bbox 2417 4028 2501 4083; x_wconf 90' lang='lat' dir='ltr'><strong>vel</strong></span> <span class='ocrx_word' id='word_1_771' title='bbox 2531 4029 2800 4082; x_wconf 89' lang='lat' dir='ltr'><strong>mentibus</strong></span> <span class='ocrx_word' id='word_1_772' title='bbox 2828 4037 3071 4092; x_wconf 90' lang='lat' dir='ltr'><strong>ornaret,</strong></span> <span class='ocrx_word' id='word_1_773' title='bbox 3106 4036 3160 4080; x_wconf 91' lang='lat' dir='ltr'><strong>et</strong></span> <span class='ocrx_word' id='word_1_774' title='bbox 3190 4026 3286 4078; x_wconf 90' lang='lat' dir='ltr'><strong>bas</strong></span> <span class='ocrx_word' id='word_1_775' title='bbox 3319 4039 3534 4091; x_wconf 75' lang='lat' dir='ltr'><strong>causas,</strong></span> <span class='ocrx_word' id='word_1_776' title='bbox 3574 4034 3633 4078; x_wconf 88' lang='lat' dir='ltr'><strong>ut</strong></span> 
     </span>
    </p>
   </div>
   <div class='ocr_carea' id='block_1_104' title="bbox 2065 4121 3633 4196">
    <p class='ocr_par' dir='ltr' id='par_1_104' title="bbox 2065 4121 3633 4196">
     <span class='ocr_line' id='line_1_104' title="bbox 2065 4121 3633 4196; baseline -0.004 -16"><span class='ocrx_word' id='word_1_777' title='bbox 2065 4141 2166 4196; x_wconf 92' lang='lat' dir='ltr'><strong>ego</strong></span> <span class='ocrx_word' id='word_1_778' title='bbox 2196 4125 2455 4191; x_wconf 89' lang='lat' dir='ltr'><strong>arbitror,</strong></span> <span class='ocrx_word' id='word_1_779' title='bbox 2491 4124 2726 4177; x_wconf 86' lang='lat' dir='ltr'><strong>mundus</strong></span> <span class='ocrx_word' id='word_1_780' title='bbox 2778 4123 2877 4176; x_wconf 91' lang='lat' dir='ltr'><strong>iste</strong></span> <span class='ocrx_word' id='word_1_781' title='bbox 2916 4137 3027 4175; x_wconf 62' lang='lat' dir='ltr'><strong>sua:</strong></span> <span class='ocrx_word' id='word_1_782' title='bbox 3094 4121 3428 4174; x_wconf 85' lang='lat' dir='ltr'><strong>diversitatis</strong></span> <span class='ocrx_word' id='word_1_783' title='bbox 3473 4135 3633 4174; x_wconf 83' lang='lat' dir='ltr'><strong>acce-</strong></span> 
     </span>
    </p>
   </div>
   <div class='ocr_carea' id='block_1_105' title="bbox 2067 4199 3632 4286">
    <p class='ocr_par' dir='ltr' id='par_1_105' title="bbox 2067 4199 3632 4286">
     <span class='ocr_line' id='line_1_105' title="bbox 2067 4199 3632 4286; baseline -0.006 -14"><span class='ocrx_word' id='word_1_784' title='bbox 2067 4221 2166 4286; x_wconf 87' lang='lat' dir='ltr'><strong>pit,</strong></span> <span class='ocrx_word' id='word_1_785' title='bbox 2224 4219 2348 4272; x_wconf 92' lang='lat' dir='ltr'><strong>dum</strong></span> <span class='ocrx_word' id='word_1_786' title='bbox 2381 4227 2820 4283; x_wconf 89' lang='lat' dir='ltr'><strong>unumquemque</strong></span> <span class='ocrx_word' id='word_1_787' title='bbox 2845 4213 3024 4265; x_wconf 90' lang='lat' dir='ltr'><strong>divina</strong></span> <span class='ocrx_word' id='word_1_788' title='bbox 3056 4199 3389 4278; x_wconf 84' lang='lat' dir='ltr'><strong>providentia</strong></span> <span class='ocrx_word' id='word_1_789' title='bbox 3431 4210 3510 4277; x_wconf 75' lang='lat'><strong>(5)</strong></span> <span class='ocrx_word' id='word_1_790' title='bbox 3536 4225 3632 4276; x_wconf 89' lang='lat' dir='ltr'><strong>pro</strong></span> 
     </span>
    </p>
   </div>
   <div class='ocr_carea' id='block_1_106' title="bbox 2068 4298 3635 4367">
    <p class='ocr_par' dir='ltr' id='par_1_106' title="bbox 2068 4298 3635 4367">
     <span class='ocr_line' id='line_1_106' title="bbox 2068 4298 3635 4367; baseline -0.005 -7"><span class='ocrx_word' id='word_1_791' title='bbox 2068 4307 2330 4361; x_wconf 88' lang='lat' dir='ltr'><strong>varietate</strong></span> <span class='ocrx_word' id='word_1_792' title='bbox 2365 4314 2607 4359; x_wconf 92' lang='lat' dir='ltr'><strong>motuum</strong></span> <span class='ocrx_word' id='word_1_793' title='bbox 2647 4316 2894 4364; x_wconf 89' lang='lat' dir='ltr'><strong>suorum,</strong></span> <span class='ocrx_word' id='word_1_794' title='bbox 2919 4300 3004 4354; x_wconf 90' lang='lat' dir='ltr'><strong>vel</strong></span> <span class='ocrx_word' id='word_1_795' title='bbox 3033 4301 3335 4352; x_wconf 89' lang='lat' dir='ltr'><strong>animormn</strong></span> <span class='ocrx_word' id='word_1_796' title='bbox 3387 4298 3635 4367; x_wconf 89' lang='lat' dir='ltr'><strong>proposi-</strong></span> 
     </span>
    </p>
   </div>
   <div class='ocr_carea' id='block_1_107' title="bbox 2138 4596 3630 4684">
    <p class='ocr_par' dir='ltr' id='par_1_107' title="bbox 2138 4596 3630 4684">
     <span class='ocr_line' id='line_1_107' title="bbox 2138 4596 3630 4684; baseline -0.015 -17"><span class='ocrx_word' id='word_1_797' title='bbox 2138 4612 2247 4684; x_wconf 86' lang='lat'><strong>(99)</strong></span> <span class='ocrx_word' id='word_1_798' title='bbox 2275 4609 2445 4663; x_wconf 82' lang='lat' dir='ltr'><strong>Aliam</strong></span> <span class='ocrx_word' id='word_1_799' title='bbox 2475 4604 2685 4684; x_wconf 69' lang='lat' dir='ltr'><strong>creandi</strong></span> <span class='ocrx_word' id='word_1_800' title='bbox 2723 4619 2970 4684; x_wconf 54' lang='lat' dir='ltr'><strong>causam,</strong></span> <span class='ocrx_word' id='word_1_801' title='bbox 3011 4600 3111 4684; x_wconf 71' lang='lat' dir='ltr'><strong>nisi</strong></span> <span class='ocrx_word' id='word_1_802' title='bbox 3143 4605 3360 4684; x_wconf 43' lang='lat' dir='ltr'><strong>propter!</strong></span> <span class='ocrx_word' id='word_1_803' title='bbox 3383 4596 3630 4684; x_wconf 62' lang='lat' dir='ltr'><strong>seipsum,</strong></span> 
     </span>
    </p>
   </div>
   <div class='ocr_carea' id='block_1_108' title="bbox 2064 4668 3630 4738">
    <p class='ocr_par' dir='ltr' id='par_1_108' title="bbox 2064 4668 3630 4738">
     <span class='ocr_line' id='line_1_108' title="bbox 2064 4668 3630 4738; baseline -0.014 1"><span class='ocrx_word' id='word_1_804' title='bbox 2064 4668 2156 4738; x_wconf 74' lang='lat' dir='ltr'><strong>saé</strong></span> <span class='ocrx_word' id='word_1_805' title='bbox 2184 4668 2375 4735; x_wconf 52' lang='lat' dir='ltr'><strong>ot&#39;nnes</strong></span> <span class='ocrx_word' id='word_1_806' title='bbox 2413 4679 2566 4730; x_wconf 89' lang='lat' dir='ltr'><strong>codd.</strong></span> <span class='ocrx_word' id='word_1_807' title='bbox 2603 4691 2734 4730; x_wconf 85' lang='lat' dir='ltr'><strong>mss.</strong></span> <span class='ocrx_word' id='word_1_808' title='bbox 2761 4675 2814 4726; x_wconf 93' lang='lat' dir='ltr'><strong>In</strong></span> <span class='ocrx_word' id='word_1_809' title='bbox 2845 4674 3003 4725; x_wconf 91' lang='lat' dir='ltr'><strong>editis</strong></span> <span class='ocrx_word' id='word_1_810' title='bbox 3033 4673 3184 4722; x_wconf 87' lang='lat' dir='ltr'><strong>deest</strong></span> <span class='ocrx_word' id='word_1_811' title='bbox 3227 4685 3246 4718; x_wconf 78' lang='grc' dir='ltr'><strong>ι</strong></span> <span class='ocrx_word' id='word_1_812' title='bbox 3294 4668 3478 4730; x_wconf 87' lang='lat' dir='ltr'><strong>aliam,</strong></span> <span class='ocrx_word' id='word_1_813' title='bbox 3521 4678 3630 4738; x_wconf 15' lang='lat' dir='ltr'><strong>pret</strong></span> 
     </span>
    </p>
   </div>
   <div class='ocr_carea' id='block_1_109' title="bbox 2060 4737 3630 4822">
    <p class='ocr_par' dir='ltr' id='par_1_109' title="bbox 2060 4737 3630 4822">
     <span class='ocr_line' id='line_1_109' title="bbox 2060 4737 3630 4822; baseline -0.013 -14"><span class='ocrx_word' id='word_1_814' title='bbox 2060 4737 2156 4822; x_wconf 84' lang='lat' dir='ltr'><strong>pro</strong></span> <span class='ocrx_word' id='word_1_815' title='bbox 2196 4771 2214 4802; x_wconf 84' lang='grc' dir='ltr'><strong>ι</strong></span> <span class='ocrx_word' id='word_1_816' title='bbox 2254 4749 2352 4803; x_wconf 90' lang='lat' dir='ltr'><strong>nisi</strong></span> <span class='ocrx_word' id='word_1_817' title='bbox 2377 4757 2596 4816; x_wconf 87' lang='lat' dir='ltr'><strong>propter</strong></span> <span class='ocrx_word' id='word_1_818' title='bbox 2623 4749 2859 4814; x_wconf 89' lang='lat' dir='ltr'><strong>seipsum</strong></span> <span class='ocrx_word' id='word_1_819' title='bbox 2894 4761 2911 4794; x_wconf 82' lang='grc' dir='ltr'><strong>ι</strong></span> <span class='ocrx_word' id='word_1_820' title='bbox 2951 4741 3150 4808; x_wconf 77' lang='lat' dir='ltr'><strong>legitur</strong></span> <span class='ocrx_word' id='word_1_821' title='bbox 3193 4756 3212 4788; x_wconf 80' lang='grc' dir='ltr'><strong>ι</strong></span> <span class='ocrx_word' id='word_1_822' title='bbox 3259 4747 3458 4805; x_wconf 67' lang='lat' dir='ltr'><strong>prteter</strong></span> <span class='ocrx_word' id='word_1_823' title='bbox 3486 4737 3630 4803; x_wconf 76' lang='lat' dir='ltr'><strong>scip—</strong></span> 
     </span>
    </p>
   </div>
   <div class='ocr_carea' id='block_1_110' title="bbox 2059 4829 3240 4876">
    <p class='ocr_par' dir='ltr' id='par_1_110' title="bbox 2059 4829 3240 4876">
     <span class='ocr_line' id='line_1_110' title="bbox 2059 4829 3240 4876; baseline -0.008 -1"><span class='ocrx_word' id='word_1_824' title='bbox 2059 4838 2199 4876; x_wconf 88' lang='lat' dir='ltr'><strong>sum.</strong></span> <span class='ocrx_word' id='word_1_825' title='bbox 2241 4839 2259 4870; x_wconf 73' lang='grc' dir='ltr'><strong>ι</strong></span> <span class='ocrx_word' id='word_1_826' title='bbox 3235 4829 3240 4838; x_wconf 84' lang='grc'><em>’</em></span> 
     </span>
    </p>
   </div>
   <div class='ocr_carea' id='block_1_111' title="bbox 2132 4877 3629 4960">
    <p class='ocr_par' dir='ltr' id='par_1_111' title="bbox 2132 4877 3629 4960">
     <span class='ocr_line' id='line_1_111' title="bbox 2132 4877 3629 4960; baseline -0.012 -16"><span class='ocrx_word' id='word_1_827' title='bbox 2132 4889 2206 4960; x_wconf 70' lang='grc' dir='ltr'>ιι)</span> <span class='ocrx_word' id='word_1_828' title='bbox 2239 4889 2397 4960; x_wconf 86' lang='lat' dir='ltr'><strong>Libb.</strong></span> <span class='ocrx_word' id='word_1_829' title='bbox 2434 4883 2584 4950; x_wconf 89' lang='lat' dir='ltr'><strong>editi,</strong></span> <span class='ocrx_word' id='word_1_830' title='bbox 2633 4901 2652 4935; x_wconf 85' lang='grc' dir='ltr'><strong>ι</strong></span> <span class='ocrx_word' id='word_1_831' title='bbox 2696 4882 2929 4952; x_wconf 66' lang='grc' dir='ltr'>ταιιιιιιεβ</span> <span class='ocrx_word' id='word_1_832' title='bbox 2978 4877 3220 4940; x_wconf 88' lang='lat' dir='ltr'><strong>creavit,</strong></span> <span class='ocrx_word' id='word_1_833' title='bbox 3271 4893 3290 4927; x_wconf 78' lang='grc' dir='ltr'><strong>ι</strong></span> <span class='ocrx_word' id='word_1_834' title='bbox 3332 4877 3425 4930; x_wconf 89' lang='lat' dir='ltr'><strong>sed</strong></span> <span class='ocrx_word' id='word_1_835' title='bbox 3476 4889 3629 4938; x_wconf 83' lang='lat' dir='ltr'><strong>mss.,</strong></span> 
     </span>
    </p>
   </div>
   <div class='ocr_carea' id='block_1_112' title="bbox 2068 4959 2848 5027">
    <p class='ocr_par' dir='ltr' id='par_1_112' title="bbox 2068 4959 2848 5027">
     <span class='ocr_line' id='line_1_112' title="bbox 2068 4959 2848 5027; baseline -0.009 -15"><span class='ocrx_word' id='word_1_836' title='bbox 2068 4978 2086 5012; x_wconf 81' lang='grc' dir='ltr'><strong>ι</strong></span> <span class='ocrx_word' id='word_1_837' title='bbox 2119 4959 2421 5027; x_wconf 59' lang='lat' dir='ltr'><strong>antu-aliter.</strong></span> <span class='ocrx_word' id='word_1_838' title='bbox 2455 4975 2474 5006; x_wconf 80' lang='grc' dir='ltr'><strong>ι</strong></span> <span class='ocrx_word' id='word_1_839' title='bbox 2646 5007 2652 5010; x_wconf 96' lang='lat'>_</span> <span class='ocrx_word' id='word_1_840' title='bbox 2845 5017 2848 5020; x_wconf 14' lang='grc' dir='ltr'><strong>Α</strong></span> 
     </span>
    </p>
   </div>
   <div class='ocr_carea' id='block_1_113' title="bbox 2135 5010 3639 5099">
    <p class='ocr_par' dir='ltr' id='par_1_113' title="bbox 2135 5010 3639 5099">
     <span class='ocr_line' id='line_1_113' title="bbox 2135 5010 3639 5099; baseline -0.012 -18"><span class='ocrx_word' id='word_1_841' title='bbox 2135 5010 2335 5099; x_wconf 48' lang='grc' dir='ltr'><strong>(ἢεἰο</strong></span> <span class='ocrx_word' id='word_1_842' title='bbox 2361 5040 2491 5079; x_wconf 86' lang='lat' dir='ltr'><strong>mss.</strong></span> <span class='ocrx_word' id='word_1_843' title='bbox 2529 5021 2703 5099; x_wconf 63' lang='lat' dir='ltr'><strong>Alias,</strong></span> <span class='ocrx_word' id='word_1_844' title='bbox 2735 5039 2755 5073; x_wconf 83' lang='grc' dir='ltr'><strong>ι</strong></span> <span class='ocrx_word' id='word_1_845' title='bbox 2788 5015 3230 5099; x_wconf 79' lang='lat' dir='ltr'><strong>unumquodque.</strong></span> <span class='ocrx_word' id='word_1_846' title='bbox 3267 5010 3484 5099; x_wconf 46' lang='lat' dir='ltr'><strong>p&#39;Paulo</strong></span> <span class='ocrx_word' id='word_1_847' title='bbox 3515 5019 3639 5099; x_wconf 72' lang='lat' dir='ltr'><strong>post.</strong></span> 
     </span>
    </p>
   </div>
   <div class='ocr_carea' id='block_1_114' title="bbox 2065 5084 3632 5164">
    <p class='ocr_par' dir='ltr' id='par_1_114' title="bbox 2065 5084 3632 5164">
     <span class='ocr_line' id='line_1_114' title="bbox 2065 5084 3632 5164; baseline -0.012 -12"><span class='ocrx_word' id='word_1_848' title='bbox 2065 5084 2224 5163; x_wconf 47' lang='lat' dir='ltr'><strong>ms‘sf,</strong></span> <span class='ocrx_word' id='word_1_849' title='bbox 2253 5115 2271 5147; x_wconf 82' lang='lat'><strong>¢</strong></span> <span class='ocrx_word' id='word_1_850' title='bbox 2313 5111 2416 5150; x_wconf 92' lang='lat' dir='ltr'><strong>non</strong></span> <span class='ocrx_word' id='word_1_851' title='bbox 2445 5109 2508 5146; x_wconf 84' lang='lat' dir='ltr'><strong>ex</strong></span> <span class='ocrx_word' id='word_1_852' title='bbox 2544 5093 2846 5164; x_wconf 78' lang='lat' dir='ltr'><strong>conditoris</strong></span> <span class='ocrx_word' id='word_1_853' title='bbox 2874 5084 3174 5164; x_wconf 82' lang='lat' dir='ltr'><strong>voluntate.</strong></span> <span class='ocrx_word' id='word_1_854' title='bbox 3204 5103 3222 5137; x_wconf 77' lang='grc' dir='ltr'><strong>ι</strong></span> <span class='ocrx_word' id='word_1_855' title='bbox 3255 5084 3423 5146; x_wconf 78' lang='lat' dir='ltr'><strong>Alias,</strong></span> <span class='ocrx_word' id='word_1_856' title='bbox 3461 5099 3482 5133; x_wconf 77' lang='grc' dir='ltr'><strong>ι</strong></span> <span class='ocrx_word' id='word_1_857' title='bbox 3525 5097 3632 5134; x_wconf 88' lang='lat' dir='ltr'><strong>non</strong></span> 
     </span>
    </p>
   </div>
   <div class='ocr_carea' id='block_1_115' title="bbox 2067 5159 2818 5222">
    <p class='ocr_par' dir='ltr' id='par_1_115' title="bbox 2067 5159 2818 5222">
     <span class='ocr_line' id='line_1_115' title="bbox 2067 5159 2818 5222; baseline -0.013 0"><span class='ocrx_word' id='word_1_858' title='bbox 2067 5184 2130 5222; x_wconf 82' lang='lat' dir='ltr'><strong>ex</strong></span> <span class='ocrx_word' id='word_1_859' title='bbox 2153 5159 2434 5220; x_wconf 76' lang='lat' dir='ltr'><strong>&quot;creatoris</strong></span> <span class='ocrx_word' id='word_1_860' title='bbox 2470 5159 2767 5218; x_wconf 81' lang='lat' dir='ltr'><strong>voluntate.</strong></span> <span class='ocrx_word' id='word_1_861' title='bbox 2800 5178 2818 5212; x_wconf 75' lang='grc' dir='ltr'><strong>ι</strong></span> 
     </span>
    </p>
   </div>
   <div class='ocr_carea' id='block_1_116' title="bbox 2138 5219 3351 5306">
    <p class='ocr_par' dir='ltr' id='par_1_116' title="bbox 2138 5219 3351 5306">
     <span class='ocr_line' id='line_1_116' title="bbox 2138 5219 3351 5306; baseline -0.015 -16"><span class='ocrx_word' id='word_1_862' title='bbox 2138 5219 2214 5306; x_wconf 72' lang='lat'><strong>(3)</strong></span> <span class='ocrx_word' id='word_1_863' title='bbox 2235 5236 2384 5306; x_wconf 65' lang='lat' dir='ltr'><strong>viae</strong></span> <span class='ocrx_word' id='word_1_864' title='bbox 2413 5232 2746 5306; x_wconf 72' lang='lat' dir='ltr'><strong>Origenian.,</strong></span> <span class='ocrx_word' id='word_1_865' title='bbox 2780 5229 2871 5306; x_wconf 82' lang='lat' dir='ltr'><strong>lib.</strong></span> <span class='ocrx_word' id='word_1_866' title='bbox 2897 5241 2968 5301; x_wconf 72' lang='lat' dir='ltr'><strong>u,</strong></span> <span class='ocrx_word' id='word_1_867' title='bbox 3003 5223 3150 5306; x_wconf 87' lang='lat' dir='ltr'><strong>q_._7,</strong></span> <span class='ocrx_word' id='word_1_868' title='bbox 3179 5239 3230 5275; x_wconf 96' lang='lat' dir='ltr'><strong>n.</strong></span> <span class='ocrx_word' id='word_1_869' title='bbox 3263 5219 3351 5274; x_wconf 68' lang='grc' dir='ltr'><strong>ιε.</strong></span> 
     </span>
    </p>
   </div>
   <div class='ocr_carea' id='block_1_117' title="bbox 2140 5295 3634 5378">
    <p class='ocr_par' dir='ltr' id='par_1_117' title="bbox 2140 5295 3634 5378">
     <span class='ocr_line' id='line_1_117' title="bbox 2140 5295 3634 5378; baseline -0.015 -18"><span class='ocrx_word' id='word_1_870' title='bbox 2140 5295 2217 5378; x_wconf 72' lang='grc'><strong>(4)</strong></span> <span class='ocrx_word' id='word_1_871' title='bbox 2245 5305 2398 5378; x_wconf 85' lang='lat' dir='ltr'><strong>Libh.</strong></span> <span class='ocrx_word' id='word_1_872' title='bbox 2434 5295 2585 5378; x_wconf 72' lang='lat' dir='ltr'><strong>editi,</strong></span> <span class='ocrx_word' id='word_1_873' title='bbox 2627 5319 2644 5350; x_wconf 91' lang='grc' dir='ltr'><strong>ι</strong></span> <span class='ocrx_word' id='word_1_874' title='bbox 2691 5297 2936 5378; x_wconf 69' lang='lat' dir='ltr'><strong>qnzedam&#39;</strong></span> <span class='ocrx_word' id='word_1_875' title='bbox 2977 5297 3044 5378; x_wconf 83' lang='lat' dir='ltr'><strong>ad</strong></span> <span class='ocrx_word' id='word_1_876' title='bbox 3070 5296 3330 5378; x_wconf 71' lang='lat' dir='ltr'><strong>honorent</strong></span> <span class='ocrx_word' id='word_1_877' title='bbox 3354 5323 3438 5342; x_wconf 91' lang='lat'><strong>....</strong></span> <span class='ocrx_word' id='word_1_878' title='bbox 3475 5295 3534 5340; x_wconf 88' lang='grc' dir='ltr'><strong>ιιι</strong></span> <span class='ocrx_word' id='word_1_879' title='bbox 3567 5301 3634 5339; x_wconf 79' lang='lat' dir='ltr'><strong>ex</strong></span> 
     </span>
    </p>
   </div>
   <div class='ocr_carea' id='block_1_118' title="bbox 2036 5367 3316 5439">
    <p class='ocr_par' dir='ltr' id='par_1_118' title="bbox 2036 5367 3316 5439">
     <span class='ocr_line' id='line_1_118' title="bbox 2036 5367 3316 5439; baseline -0.02 -7"><span class='ocrx_word' id='word_1_880' title='bbox 2036 5413 2040 5419; x_wconf 92' lang='lat'><strong><em>-</em></strong></span> <span class='ocrx_word' id='word_1_881' title='bbox 2069 5367 2267 5439; x_wconf 69' lang='lat' dir='ltr'><strong>istis,&#39;)</strong></span> <span class='ocrx_word' id='word_1_882' title='bbox 2311 5367 2443 5430; x_wconf 66' lang='lat' dir='ltr'><strong>elc..&#39;</strong></span> <span class='ocrx_word' id='word_1_883' title='bbox 2473 5372 2565 5423; x_wconf 86' lang='lat' dir='ltr'><strong>sed</strong></span> <span class='ocrx_word' id='word_1_884' title='bbox 2599 5384 2726 5422; x_wconf 81' lang='lat' dir='ltr'><strong>mss.</strong></span> <span class='ocrx_word' id='word_1_885' title='bbox 2760 5377 2816 5420; x_wconf 83' lang='grc' dir='ltr'><strong>ιιι</strong></span> <span class='ocrx_word' id='word_1_886' title='bbox 2844 5373 2893 5419; x_wconf 85' lang='lat' dir='ltr'><strong>in</strong></span> <span class='ocrx_word' id='word_1_887' title='bbox 2930 5374 3114 5439; x_wconf 74' lang='lat' dir='ltr'><strong>nostro</strong></span> <span class='ocrx_word' id='word_1_888' title='bbox 3146 5369 3316 5439; x_wconf 58' lang='lat' dir='ltr'><strong>textu.</strong></span> 
     </span>
    </p>
   </div>
   <div class='ocr_carea' id='block_1_119' title="bbox 2138 5422 3634 5516">
    <p class='ocr_par' dir='ltr' id='par_1_119' title="bbox 2138 5422 3634 5516">
     <span class='ocr_line' id='line_1_119' title="bbox 2138 5422 3634 5516; baseline -0.02 -15"><span class='ocrx_word' id='word_1_889' title='bbox 2243 5422 2669 5516; x_wconf 15' lang='lat' dir='ltr'><strong>Utrumquremque</strong></span> <span class='ocrx_word' id='word_1_890' title='bbox 2710 5439 2887 5496; x_wconf 83' lang='lat' dir='ltr'><strong>divina</strong></span> <span class='ocrx_word' id='word_1_891' title='bbox 2919 5429 3263 5516; x_wconf 49' lang='grc' dir='ltr'><strong>μνουὶιίειιιὶιιζ</strong></span> <span class='ocrx_word' id='word_1_892' title='bbox 3282 5422 3634 5516; x_wconf 45' lang='lat' dir='ltr'><strong>mss-tulit</strong></span> 
     </span>
    </p>
   </div>
   <div class='ocr_carea' id='block_1_120' title="bbox 2035 5495 3641 5577">
    <p class='ocr_par' dir='ltr' id='par_1_120' title="bbox 2035 5495 3641 5577">
     <span class='ocr_line' id='line_1_120' title="bbox 2035 5495 3641 5577; baseline -0.02 -7"><span class='ocrx_word' id='word_1_893' title='bbox 2035 5525 2038 5529; x_wconf 88' lang='grc'><strong>’</strong></span> <span class='ocrx_word' id='word_1_894' title='bbox 2075 5495 2544 5577; x_wconf 40' lang='grc' dir='ltr'>ιιιιὶιιξέἧόὶιὶςῖῃὊ</span> <span class='ocrx_word' id='word_1_895' title='bbox 2577 5495 2596 5558; x_wconf 68' lang='grc' dir='ltr'><strong>ί</strong></span> <span class='ocrx_word' id='word_1_896' title='bbox 2629 5495 3065 5577; x_wconf 76' lang='lat' dir='ltr'><strong>unumquemque</strong></span> <span class='ocrx_word' id='word_1_897' title='bbox 3101 5495 3346 5577; x_wconf 47' lang='lat' dir='ltr'><strong>rlegijrur</strong></span> <span class='ocrx_word' id='word_1_898' title='bbox 3378 5510 3397 5541; x_wconf 82' lang='grc' dir='ltr'><strong>ι</strong></span> <span class='ocrx_word' id='word_1_899' title='bbox 3441 5506 3641 5577; x_wconf 39' lang='lat' dir='ltr'><strong>nillil-tl}:-</strong></span> 
     </span>
    </p>
   </div>
   <div class='ocr_carea' id='block_1_121' title="bbox 2072 5559 3639 5654">
    <p class='ocr_par' dir='ltr' id='par_1_121' title="bbox 2072 5559 3639 5654">
     <span class='ocr_line' id='line_1_121' title="bbox 2072 5559 3639 5654; baseline -0.021 -15"><span class='ocrx_word' id='word_1_900' title='bbox 2072 5559 2494 5654; x_wconf 50' lang='lat' dir='ltr'><strong>aiiéltﬁdéﬁ&#39;ét</strong></span> <span class='ocrx_word' id='word_1_901' title='bbox 2510 5559 2663 5654; x_wconf 73' lang='lat' dir='ltr'><strong>deest</strong></span> <span class='ocrx_word' id='word_1_902' title='bbox 2692 5593 2710 5625; x_wconf 87' lang='grc' dir='ltr'><strong>ι</strong></span> <span class='ocrx_word' id='word_1_903' title='bbox 2728 5559 2928 5654; x_wconf 53' lang='lat' dir='ltr'><strong>divina</strong></span> 
     </span>
    </p>
   </div>
   <div class='ocr_carea' id='block_1_122' title="bbox 2073 5634 3640 5725">
    <p class='ocr_par' dir='ltr' id='par_1_122' title="bbox 2073 5634 3640 5725">
     <span class='ocr_line' id='line_1_122' title="bbox 2073 5634 3640 5725; baseline -0.022 -12"><span class='ocrx_word' id='word_1_904' title='bbox 2397 5646 2547 5710; x_wconf 87' lang='lat' dir='ltr'><strong>editi,</strong></span> <span class='ocrx_word' id='word_1_905' title='bbox 2589 5663 2607 5694; x_wconf 79' lang='grc' dir='ltr'><strong>ι</strong></span> <span class='ocrx_word' id='word_1_906' title='bbox 2646 5645 2740 5698; x_wconf 88' lang='lat' dir='ltr'><strong>sed</strong></span> <span class='ocrx_word' id='word_1_907' title='bbox 2774 5640 3068 5695; x_wconf 76' lang='lat' dir='ltr'><strong>secundum</strong></span> <span class='ocrx_word' id='word_1_908' title='bbox 3104 5634 3475 5704; x_wconf 80' lang='lat' dir='ltr'><strong>praecedentes</strong></span> <span class='ocrx_word' id='word_1_909' title='bbox 3505 5643 3640 5683; x_wconf 83' lang='lat' dir='ltr'><strong>cau-</strong></span> 
     </span>
    </p>
   </div>
  </div>
