4014 6142
395 289 493 346 221

1664 291 1986 348 ORIGENIS
2025 295 2185 348 ΠΕΡΙ
2216 296 2445 351 ΑΡΧΩΝ

3530 301 3638 356 233

396 404 549 471 tique
572 402 873 469 dispensat.
899 404 1021 471 Qua
1044 406 1252 460 ratione
1280 419 1456 473 neque
1480 405 1712 461 Creator
1738 408 1972 478 injustus
1999 412 2045 466 A
2073 413 2364 476 creaturis,
2417 412 2461 464 si
2510 410 2859 469 advertamus
2889 415 3013 484 quia
3061 414 3164 468 ista
3207 412 3499 467 diversitas
3534 430 3644 472 nim,

395 496 670 550 videbitur
712 496 811 567 (6),
858 512 978 550 cum
1011 498 1304 550 secundum
1358 499 1724 565 praecedentes
1771 515 1966 556 causas

402 601 504 656 pro
534 589 725 641 merito
764 602 1203 655 unumquemque
1234 588 1541 656 distribuit;
1570 607 1744 660 neque
1775 592 1968 647 fortui-

404 691 455 734 ta
487 677 907 753 uniuscujusque
938 680 1192 733 nascendi
1240 680 1323 733 vel
1370 680 1603 737 felicitas
1625 685 1711 739 vel
1737 684 1966 739 infelici-

404 780 486 825 tas
509 772 802 839 putabitur,
838 772 913 823 vel
955 771 1348 840 qualiscunque
1400 774 1661 827 acciderit
1699 774 1783 828 illa
1833 791 1964 828 con-

402 862 562 924 ditio,
625 876 798 927 neque
835 862 1038 915 diversi
1066 870 1369 929 creatures,
1397 863 1478 917 vel
1502 864 1728 921 diversae
1762 876 1968 920 natura:

400 953 687 1006 credentur
710 952 1015 1005 animarum
1044 952 1144 1023 (7).

470 1086 523 1138 7.
552 1084 755 1139 Verum
782 1101 849 1139 ne
871 1084 1155 1153 Scriptura
1184 1086 1404 1159 quidem
1433 1098 1619 1144 sancta
1649 1090 1864 1145 videtur
1887 1091 1967 1161 (8)

397 1177 525 1230 tnihi
576 1177 790 1249 penitus
844 1179 1027 1230 arcani
1059 1177 1132 1246 (9)
1166 1178 1324 1247 hujus
1386 1183 1620 1236 tacuisse
1669 1184 1964 1251 rationem;

395 1269 537 1322 sicut
568 1284 687 1321 cmn
722 1270 1002 1337 apostolus
1043 1270 1240 1324 Paulus
1271 1272 1336 1324 de
1374 1272 1538 1327 Jacob
1592 1285 1649 1328 et
1682 1275 1819 1329 Esau
1854 1278 1967 1329 dis-

390 1370 589 1427 putans
632 1359 707 1412 ait
756 1377 769 1412 :
812 1378 830 1411 (
885 1360 1017 1413 Cum
1061 1362 1203 1413 enim
1252 1365 1487 1416 nondum
1524 1366 1655 1441 _nali
1713 1365 1966 1433 fuissent,

395 1466 570 1519 neque
600 1452 837 1520 egissent
874 1453 1071 1520 aliquid
1102 1452 1226 1506 beni
1258 1455 1339 1508 vel
1370 1455 1518 1521 mali,
1552 1467 1609 1509 ut
1637 1458 1966 1526 propositum

395 1544 538 1610 quod
587 1545 882 1597 secundum
915 1544 1228 1598 electionem
1255 1546 1347 1600 Dei
1378 1548 1579 1601 factum
1606 1560 1711 1615 est,
1750 1565 1963 1619 perma—

395 1640 572 1695 neret,
604 1648 706 1685 non
733 1647 798 1685 ex
824 1635 1101 1701 operibus,
1130 1637 1221 1688 sed
1256 1652 1322 1691 ex
1354 1654 1418 1691 eo
1450 1640 1544 1707 qui
1588 1642 1824 1706 vocavit,
1856 1642 1967 1695 dic-

398 1735 507 1778 tum
533 1726 760 1793 estquia
788 1725 961 1792 major
1003 1731 1204 1781 serviet
1248 1729 1467 1792 minori,
1514 1733 1657 1786 sicut
1705 1735 1965 1802 scriptum

393 1824 479 1867 est
511 1814 716 1869 :Jacob
743 1816 929 1883 dilexi,
974 1817 1114 1872 Esau
1145 1829 1322 1874 autem
1353 1825 1476 1875 odio
1517 1824 1679 1877 habui
1725 1824 1792 1879 ⁸⁷.
1845 1845 1863 1878 ι
1902 1825 1969 1880 Et

394 1912 517 1973 post
547 1904 661 1957 haec
698 1906 799 1959 sibi
854 1909 967 1975 ipse
998 1912 1283 1981 respondet
1318 1924 1371 1967 et
1413 1915 1579 1968 dicit:
1619 1932 1639 1963 t
1673 1915 1813 1980 Quid
1838 1932 1969 1987 ergo

396 1995 675 2049 dicemus?
725 1996 977 2064 Nunquid
1024 2001 1282 2069 injustitia
1326 2017 1413 2058 est
1462 2004 1605 2072 apud
1651 2005 1911 2060 Deum“?
1943 2026 1962 2059 ι

392 2080 461 2136 Et
495 2092 550 2135 ut
582 2085 737 2139 nobis
761 2090 1101 2143 occasionem
1128 2103 1414 2160 praestaret
1448 2096 1752 2166 inquirendi
1788 2099 1853 2151 de
1887 2100 1969 2152 his

394 2185 449 2229 et
484 2178 863 2244 perscrutandi
896 2183 1164 2245 quomodo
1214 2182 1327 2236 haec
1368 2199 1472 2237 non
1506 2197 1664 2239 extra
1698 2186 1966 2241 rationem

396 2264 547 2331 fiant,
579 2273 865 2339 reSpoudet
898 2274 999 2327 sibi
1033 2275 1153 2342 ipsi,
1176 2287 1229 2330 et
1252 2278 1687 2349 ait(9‘).Eadem
1712 2297 1966 2351 namque,

367 2351 456 2413 ἰιι
474 2360 603 2412 mihi
636 2362 1007 2435 videtur,quae
1036 2364 1102 2419 de
1130 2365 1298 2420 Jacob
1322 2379 1374 2422 et
1408 2369 1547 2423 Esau
1580 2373 1806 2440 quazstio
1845 2387 1970 2437 pro-

392 2457 634 2523 ponitur,
688 2459 878 2514 haberi
934 2464 1099 2515 etiam
1146 2466 1210 2518 de
1264 2466 1576 2522 ccelcslibus
1622 2472 1873 2525 omnibus
1916 2481 1970 2525 et

392 2550 749 2603 terrestribus
789 2556 1057 2606 creaturis
1082 2565 1135 2606 et
1161 2556 1229 2610 de
1268 2558 1499 2614 infernis
1535 2561 1648 2630 (l0)
1681 2571 1880 2631 potest.
1904 2563 1971 2618 Et

391 2639 642 2693 similiter
675 2643 807 2696 mihi
842 2645 1073 2711 videtur,
1126 2649 1266 2701 sicut
1312 2651 1383 2703 ibi
1418 2653 1494 2705 ait
1527 2672 1539 2707 :
1578 2671 1596 2704 ι
1634 2654 1769 2709 Cum
1823 2657 1966 2713 enim

394 2731 635 2783 nondum
664 2734 773 2786 nati
808 2732 1059 2801 fuissent,
1097 2754 1270 2808 neque
1308 2742 1512 2811 aliquid
1558 2747 1795 2815 egissent
1841 2750 1966 2805 boni

393 2821 474 2875 vel
509 2824 655 2889 mali,
699 2843 718 2877 ι
756 2825 827 2879 ita
852 2829 1017 2883 etiam
1044 2830 1110 2884 de
1127 2834 1338 2887 caeteris
1365 2836 1619 2892 omnibus
1644 2842 1749 2915 dici
1776 2855 1964 2913 posse,

397 2930 415 2963 ι
447 2929 566 2966 cum
602 2918 743 2970 enim
777 2919 1014 2973 nondum
1038 2915 1222 2976 creata
1251 2935 1453 2990 essent,
1485 2943 1661 2997 neque
1728 2937 1968 3002 egissent

393 3008 599 3075 aliquid
631 3012 753 3065 boni
794 3013 878 3066 vel
911 3015 1035 3067 mali
1066 3014 1176 3086 (11)
1210 3029 1267 3072 ιιι
1300 3024 1593 3076 secundum
1645 3024 1964 3080 electionem

394 3098 731 3166 propositum
778 3100 872 3155 Dei
920 3116 1135 3158 maneat
1166 3126 1184 3157 ›
1221 3108 1392 3174 (sicut
1448 3121 1643 3179 putant
1693 3115 1962 3187 quidam),
1995 3098 2037 3153 (ἶ

393 3185 541 3240 facta
575 3198 703 3243 sunt
734 3190 821 3243 illa
847 3192 1063 3260 quidem
1089 3197 1357 3263 ccelestia,
1384 3201 1501 3256 haec
1564 3214 1742 3257 autem
1793 3185 1967 3266 terre-

366 3340 369 3341 ν
396 3277 553 3343 stria,
592 3290 646 3337 et
666 3281 771 3336 alia
793 3282 1003 3339 inferna
1026 3286 1165 3357 (l2):
1181 3305 1288 3343 non
1308 3306 1371 3344 ex
1394 3295 1648 3361 operibus
1669 3298 1751 3362 (ut
1779 3310 1967 3367 putant

396 3366 520 3435 illi),
547 3369 640 3422 sed
676 3386 741 3423 ex
767 3386 831 3425 co
859 3375 951 3441 qui
989 3378 1221 3430 vocavit.
1275 3378 1412 3444 Quid
1463 3397 1593 3452 ergo
1635 3366 1902 3452 dicemus.
1944 3414 1963 3446 ι

394 3460 439 3511 si
474 3460 588 3514 hsce
622 3461 692 3513 ita
724 3464 883 3516 sunt?
914 3484 931 3514 ι
974 3466 1113 3534 Ergo
1159 3469 1427 3537 injustitia
1460 3484 1542 3529 est
1574 3479 1713 3545 apud
1769 3480 1970 3539 Deum?

394 3549 571 3604 Absit.
611 3573 628 3605 ι
662 3552 831 3625 igitur
878 3558 1020 3612 sicut
1052 3562 1117 3613 de
1150 3562 1295 3616 Esau
1347 3577 1401 3620 et
1442 3566 1614 3626 Jacob
1660 3573 1968 3643 diligentius

393 3647 748 3708 perscrutatis
785 3648 1084 3715 Scripturis
1122 3652 1416 3719 invenitur,
1452 3660 1578 3729 quia
1614 3679 1720 3717 non
1754 3677 1837 3720 est
1886 3669 1972 3725 in-

386 3730 595 3797 justitia
627 3738 764 3802 apud
798 3735 993 3804 Deum,
1024 3750 1392 3812 utantequam
1437 3767 1817 3821 nascerentur,
1882 3759 1969 3813 vel

397 3834 625 3889 agerent
650 3824 851 3893 aliquid
882 3829 935 3879 in
966 3831 1075 3883 vita
1109 3833 1230 3897 hac,
1264 3837 1543 3895 diceretur
1569 3862 1589 3893 ι
1623 3849 1747 3913 quia
1783 3850 1961 3918 major

394 3919 598 3967 serviet
630 3919 861 3984 minori;
900 3939 918 3971 ι
950 3931 1007 3975 et
1054 3935 1112 3977 ut
1157 3928 1435 3984 invenitur
1462 3950 1568 3989 non
1600 3952 1720 3993 esse
1753 3940 1970 4009 injusti-

395 4005 493 4071 tia,
529 4010 669 4076 quod
700 4018 755 4063 et
790 4010 842 4064 in
889 4025 1078 4069 ventre
1117 4018 1337 4073 fratrem
1396 4037 1553 4078 suum
1604 4005 1969 4099 supplantavit

390 4095 581 4163 Jacob,
611 4100 657 4154 si
690 4117 754 4154 ex
792 4108 1151 4172 przecedentis
1180 4112 1295 4179 (15)
1324 4112 1579 4170 videlicet
1607 4095 1730 4174 vitze
1754 4126 1966 4180 meritis

393 4189 553 4257 digne
573 4207 694 4246 eum
725 4194 978 4250 dilectmn
1015 4212 1139 4254 esse
1180 4204 1480 4259 sentiamus
1520 4221 1549 4259 a
1599 4208 1729 4273 Deo,
1778 4213 1851 4265 ita
1911 4227 1967 4269 ut

2073 513 2339 555 creatura:
2368 504 2713 571 principium,
2747 504 2840 558 sed
2869 519 2932 558 ex
2980 503 3409 573 praecedentibus
3465 503 3642 557 causis

2072 610 2169 663 pro
2208 596 2362 665 103
2394 597 2570 649 meriti
2607 597 2872 665 dignitate
2892 598 3166 652 diversum
3195 596 3423 666 singulis
3450 610 3478 649 θ
3510 610 3644 649 con-

2074 687 2247 740 ditore
2277 688 2561 740 ministerii
2611 698 2836 756 paratur
2883 688 3140 751 oliicinm,
3190 704 3254 740 ex
3303 702 3369 741 eo
3401 686 3645 753 profecto

2073 777 2215 845 quod
2258 780 2628 846 unusquisque
2667 779 2717 831 in
2754 794 2817 833 eo
2851 781 2993 847 quod
3038 794 3189 832 mens
3218 788 3443 832 creatus
3471 794 3499 829 a
3532 777 3643 830 Deo

2073 866 2293 937 cst.(l4)
2324 868 2405 921 vel
2448 869 2781 922 rationabilis
2815 870 3058 938 spiritus,
3091 884 3189 937 pro
3234 868 3467 921 motibus
3494 882 3667 935 men-7

2077 958 2143 1010 tis
2167 969 2220 1010 et
2246 958 2494 1011 sensibus
2518 959 2850 1023 animorum,
2894 958 2979 1013 vel
3012 959 3132 1027 plus
3179 957 3262 1012 vel
3312 958 3491 1011 minus
3538 957 3639 1011 sibi

2077 1050 2252 1101 meriti
2283 1051 2573 1118 paraverit,
2603 1051 2686 1104 vel
2711 1052 2965 1105 amabilis
2995 1050 3130 1115 Deo,
3158 1050 3241 1103 vel
3267 1050 3432 1103 etiam
3457 1046 3659 1103 odibi-'

2074 1141 2144 1190 lis
2176 1140 2485 1205 exstiterit;
2517 1152 2844 1195 cumtamen
2892 1142 3052 1210 aliqui
3098 1156 3166 1194 ex
3208 1141 3291 1195 his
3335 1142 3425 1210 qui
3460 1140 3648 1195 melio-

2077 1229 2226 1283 ribus
2253 1231 2458 1284 meritis
2514 1239 2639 1284 sunt
2683 1233 2747 1283 ad
2782 1234 3153 1286 cxornandum
3204 1232 3390 1284 mundi
3439 1242 3642 1284 statum

2076 1319 2311 1386 compati
2350 1298 2594 1387 reliquis,
2635 1329 2687 1375 et
2716 1318 2951 1373 cilicium
3002 1320 3242 1388 prtebere
3293 1320 3646 1374 inferioribus

2075 1410 2397 1463 ordinentur
2428 1411 2565 1479 (l5),
2593 1426 2698 1479 quo
2729 1425 2822 1477 per
2856 1413 2957 1466 hoc
2990 1410 3100 1479 (l6)
3132 1420 3187 1465 et
3214 1411 3312 1478 ipsi
3345 1411 3644 1478 participes

2074 1501 2339 1554 exsistant
2366 1501 2646 1568 patientia:
2668 1502 2977 1570 Creatoris;
3003 1502 3299 1557 secundum
3332 1501 3476 1569 quod
3505 1502 3643 1567 Apo-

2073 1593 2244 1647 stolus
2271 1593 2382 1661 ipse
2413 1593 2547 1646 dicit
2580 1612 2593 1646 :
2626 1612 2642 1644 ι
2675 1591 2911 1649 Vanitati
2947 1596 3089 1648 enim
3122 1603 3373 1647 creatura
3403 1592 3645 1659 subjecta

2077 1691 2161 1737 cst
2188 1699 2295 1737 non
2322 1683 2526 1748 volens,
2577 1685 2670 1738 sed
2703 1696 2924 1755 propter
2952 1701 3077 1740 eum
3113 1686 3206 1754 qui
3256 1685 3551 1752 subjecerit
3586 1684 3641 1738 in

2000 1762 2221 1844 Bspem
2277 1778 2352 1831 ⁸ο.
2393 1796 2410 1829 ι
2469 1778 2833 1833 Observantes
2878 1779 3043 1847 igitur
3100 1779 3256 1833 istam
3322 1778 3644 1831 sententiam

2071 1884 2231 1937 quam
2269 1870 2559 1933 Apostolus
2594 1870 2660 1923 de
2691 1873 2979 1925 nativitate
3008 1870 3148 1925 Esau
3184 1879 3235 1925 et
3276 1869 3445 1924 Jacob
3471 1885 3644 1939 expo-

2075 1976 2208 2014 nens
2236 1962 2369 2016 dixit
2411 1979 2426 2015 :
2470 1981 2490 2015 ¢
2531 1961 2784 2031 Nunquid
2828 1962 3093 2031 injustitia
3134 1969 3219 2015 est
3254 1960 3396 2029 apud
3436 1958 3646 2017 Deum!

2070 2050 2226 2105 Absit
2253 2053 2331 2119 9°;
2368 2070 2386 2103 ι
2420 2054 2587 2107 etiam
2624 2054 2676 2106 in
2712 2054 2964 2108 omnibus
3013 2054 3281 2107 creaturis
3314 2061 3525 2108 rectum
3553 2070 3643 2107 ar-

2068 2140 2248 2194 bitror
2285 2142 2427 2196 hanc
2456 2143 2703 2197 eamdem
2742 2144 2944 2197 debere
2978 2145 3305 2198 sententiam
3348 2146 3645 2211 custodiri;

2069 2234 2349 2299 quoniam,
2397 2232 2537 2286 sicut
2596 2234 2849 2302 superius
2908 2234 3171 2297 diximus,
3221 2232 3431 2301 justitia
3485 2239 3650 2292 debet

2071 2322 2350 2377 Creatoris
2379 2324 2430 2377 in
2461 2325 2718 2378 omnibus
2752 2339 3043 2393 apparere.
3086 2324 3239 2391 Quae,
3295 2335 3352 2380 ut
3395 2328 3525 2382 mihi
3567 2329 3650 2381 vi-

2072 2414 2249 2479 detur,
2296 2416 2367 2469 ita
2413 2416 2627 2471 demum
2682 2417 2917 2471 lucidius
2967 2418 3309 2483 ostendetur,
3357 2419 3401 2472 si
3450 2433 3649 2475 causas

2073 2506 2407 2561 diversitatis
2439 2510 2818 2580 unusquisque
2853 2512 2937 2566 vel
2966 2512 3298 2579 caelestium,
3324 2516 3410 2570 vel
3477 2525 3651 2571 terre-

2072 2596 2289 2660 strium,
2329 2599 2413 2652 vel
2473 2600 2803 2656 infernorum
2862 2604 2912 2657 in
2946 2605 3240 2674 semetipso
3283 2608 3651 2675 praecedentes

2072 2689 2410 2743 nativitatem
2438 2706 2754 2759 corpoream
2780 2695 2985 2750 habere
3014 2696 3247 2752 dicatur.
3287 2696 3469 2753 Verbo
3500 2700 3645 2755 enim

2073 2778 2168 2832 Dei
2200 2788 2253 2833 et
2284 2781 2551 2848 sapientia
2583 2784 2701 2851 ejus
2734 2785 2848 2855 (l7)
2885 2797 3070 2842 creata
3122 2798 3249 2843 sunt
3287 2791 3560 2855 universa,
3590 2802 3650 2844 et

2068 2883 2168 2937 per
2214 2871 2383 2938 ipsius
2430 2873 2681 2927 ordinata
2727 2885 2855 2930 sunt
2901 2877 3188 2944 justitiam.
3252 2877 3358 2933 Per
3414 2882 3646 2948 gratiam

2070 2973 2200 3013 vero
2230 2958 2343 3029 (l8)
2379 2960 2768 3020 misericordize
2802 2981 2913 3021 suae
2943 2969 3199 3023 omnibus
3242 2970 3526 3037 providet,
3559 2980 3644 3023 at-

2073 3064 2178 3114 que
2206 3065 2395 3104 onmes
2437 3053 2848 3125 quibuscunque
2892 3059 3072 3112 curari
3124 3071 3348 3128 possunt
3392 3060 3648 3115 remediis

2075 3138 2348 3203 hortatur,
2376 3150 2429 3195 et
2456 3156 2715 3211 provocat
2744 3148 2810 3201 ad
2842 3149 3095 3204 salutem.

2142 3230 2193 3284 8.
2222 3230 2374 3286 Sicut
2404 3247 2535 3302 ergo
2559 3235 2783 3291 dubium
2817 3256 2923 3294 non
2956 3250 3038 3295 est
3074 3242 3124 3293 in
3162 3242 3249 3296 die
3271 3243 3467 3310 judicii
3499 3243 3646 3297 futu-

2046 3334 2190 3371 rum
2218 3322 2359 3388 quod
2396 3336 2718 3392 separentur
2749 3328 2874 3382 boni
2921 3346 2949 3383 a
2989 3331 3165 3394 malis,
3209 3342 3264 3386 et
3306 3333 3435 3399 justi
3466 3335 3536 3389 ab
3569 3336 3652 3387 iu-

2064 3408 2248 3475 justis,
2304 3421 2355 3465 et
2406 3413 2608 3482 singuli
2646 3417 2847 3486 quique
2894 3434 2994 3488 pro
3029 3422 3225 3475 merito
3260 3438 3357 3491 per
3400 3439 3464 3477 ea
3530 3423 3646 3479 loca

2071 3502 2267 3568 quibus
2295 3504 2443 3570 digni
2475 3515 2623 3569 sunt,
2673 3508 3070 3565 distribuantur
3117 3512 3324 3578 judicio
3354 3513 3472 3580 Dei,
3504 3516 3649 3568 sicut

2075 3591 2184 3643 Deo
2228 3595 2439 3650 volente
2486 3597 2537 3648 in
2582 3602 3045 3667 consequentibus
3088 3603 3479 3670 ostendemus;
3542 3605 3649 3658 tale

2073 3683 2271 3753 aliquid
2299 3688 2489 3754 Opinor
2518 3689 2687 3743 etiam
2727 3703 2853 3745 ante
2882 3693 2996 3762 (19)
3036 3694 3148 3761 jam
3187 3694 3410 3749 factum.
3446 3696 3643 3751 Omnia

2071 3776 2217 3830 enim
2251 3775 2389 3831 Deus
2414 3788 2469 3832 et
2498 3792 2715 3847 semper
2740 3782 2951 3851 judicio
3007 3799 3171 3852 agere
3219 3801 3283 3840 ac
3334 3787 3651 3854 dispensare

2071 3865 2376 3921 credendus
2404 3876 2509 3922 est.
2544 3867 2679 3924 illud
2715 3888 2929 3940 quoque
2964 3877 3105 3941 quod
3141 3876 3434 3943 Apostolus
3458 3879 3643 3942 docet,

2074 3954 2260 4008 dicens
2296 3973 2309 4008 :
2348 3974 2367 4007 ι
2401 3956 2458 4010 In
2499 3959 2656 4013 domo
2716 3978 2909 4031 magna
2957 3981 3063 4018 non
3103 3977 3231 4019 sunt
3275 3970 3649 4022 tantummodo

2074 4058 2207 4099 Vasa
2240 4060 2407 4100 aurea
2443 4056 2496 4101 et
2528 4060 2807 4119 argentea,
2841 4054 2931 4106 sed
2954 4065 3008 4107 et
3032 4054 3205 4123 lignea
3254 4064 3308 4109 et
3344 4055 3552 4121 fictilia,
3586 4069 3644 4115 et

2073 4133 2172 4186 alia
2202 4136 2421 4203 quidem
2454 4139 2519 4192 ad
2563 4139 2851 4208 honorem,
2892 4144 2997 4196 alia
3031 4157 3212 4199 autem
3266 4147 3333 4201 ad
3365 4159 3654 4203 contume-

2074 4223 2201 4277 liam
2224 4226 2253 4296 ξε
2303 4246 2324 4280 ι
2373 4238 2430 4281 et
2469 4230 2616 4297 quo'd
2659 4232 2811 4286 addit
2846 4234 3032 4289 dicens
3065 4256 3078 4292 :
3112 4255 3133 4288 ι
3171 4235 3305 4302 Quia
3338 4238 3389 4293 si
3419 4240 3541 4307 quis
3588 4256 3650 4295 se

2224 4281 2233 4296 ,
2665 4281 2810 4286 η---
2849 4281 3031 4289 _-----_
3065 4281 3078 4292 .
3117 4281 3133 4288 -
3177 4281 3305 4302 ﬁ-.-
3338 4281 3389 4293 υ,
3460 4281 3541 4294 ...ν
3588 4281 3649 4295 ν..

393 4281 546 4335 fratri
581 4286 818 4354 prmpoui
859 4301 1194 4357 mereretur;
1244 4292 1315 4348 ita
1353 4293 1519 4351 etiam
1551 4297 1617 4353 de
1653 4302 1965 4361 ccelestibus
1998 4314 2040 4367 ι)
2069 4318 2480 4387 expurgaverit,
2504 4319 2611 4376 erit
2659 4336 2756 4377 vas
2786 4322 2842 4376 in
2884 4322 3149 4380 honorem
3186 4326 3300 4396 (‘20)
3338 4281 3652 4386 san‘ctiﬁca-

462 4440 503 4475 ⁸⁷
531 4441 689 4503 Rom.
717 4461 793 4514 ιι,
847 4448 933 4512 Η,
966 4450 1059 4505 12.
1130 4452 1177 4484 ⁵⁸
1197 4452 1333 4511 Ibid.
1361 4455 1450 4512 16.
1516 4457 1569 4489 ³³
1624 4459 1783 4516 Rom.
1820 4470 1968 4528 νην

2075 4526 2079 4535 ζ
2129 4468 2174 4501 ὀ
2210 4469 2370 4530 Rom.
2410 4473 2615 4541 tx,'_14.

397 4595 485 4634 sas
514 4596 611 4646 pro
653 4584 848 4637 merito
874 4585 1191 4655 .unicuique
1240 4589 1546 4647 distribuit.
1580 4612 1601 4646 ο
1639 4610 1772 4654 mss.
1814 4605 1875 4652 ut
1908 4597 1967 4654 in

397 4661 582 4702 Ποδηο
614 4660 782 4704 textu.

471 4721 547 4856 (is;
580 4717 711 4797 Vide
750 4721 784 4775 1.
814 4737 850 4776 ιι
882 4721 1209 4789 0rigenian.,
1232 4742 1289 4797 q.
1320 4729 1374 4793 7,
1396 4730 1576 4784 p.14.

471 4787 523 4853 (7
584 4786 673 4841 Sic
701 4801 847 4845 rccte
892 4808 1022 4845 mss.
1066 4794 1213 4848 Alias
1258 4800 1540 4856 mendose.

470 4786 547 4856 (7)
584 4786 673 4841 Sic
701 4801 847 4861 recte
892 4786 1022 4845 mss.
1066 4786 1213 4848 Alias
1249 4786 1540 4861 'mendose,
1578 4818 1601 4852 ι
1638 4800 1729 4857 illa
1778 4806 1967 4860 condi-

402 4856 547 4931 tione
594 4874 697 4925 qua
746 4860 949 4914 diversi
991 4874 1270 4923 creatores
1318 4878 1373 4923 et
1410 4856 1653 4926 diversa:
1696 4856 1965 4931 creat—urat

397 4927 692 4980 creduntur
720 4931 1042 4984 animarum.
1083 4949 1104 4983 ι

578 4995 707 5073 Yitle
735 5000 769 5051 l.
803 5014 839 5051 ll
869 4999 1203 5073 Qrigeuian.,
1235 5018 1289 5073 q.
1322 5007 1376 5072 7,
1405 5024 1458 5062 n.
1484 5006 1539 5062 8.

468 5068 543 5134 (9)
597 5065 849 5140 Ita‘niss.
901 5065 1056 5125 Libb.
1107 5065 1267 5137 editi;
1322 5065 1673 5139 (arcanam.
1708 5102 1730 5135 ι
1761 5083 1962 5140 Ibidem

400 5149 558 5212 msst
592 5136 930 5212 t__dispnta_ns
963 5142 1057 5212 ait.
1090 5161 1109 5193 ι
1142 5140 1196 5197 lu
1234 5136 1394 5199 editis
1419 5149 1591 5212 deest,
1624 5136 1846 5206 rain”:

466 5203 575 5288 (θ’)
607 5205 793 5288 nauci.
820 5210 1034 5288 primis
1072 5213 1303 5271 videtur.
1334 5216 1496 5273 Forte
1523 5203 1630 5288 leg.
1654 5203 1797 5276 -ξὲὶ
1828 5203 1912 5279 Van
1945 5243 1963 5281 .-

401 5275 631 5327 ιΑϋειι.»
670 5275 830 5333 Ειιιτ.
864 5280 1104 5334 ΡΑτιιοι..

460 5344 576 5466 Ι(11))
609 5334 687 5427 με
710 5348 954 5416 infernis.
988 5363 1134 5407 recte
1162 5369 1291 5421 mss,
1332 5355 1599 5430 Corrupte
1638 5375 1768 5418 vero
1808 5364 1961 5432 editi,

483 5432 668 5466 tti‘tttls.
708 5436 724 5466 ι
1326 5434 1329 5441 ’

400 5433 418 5464 t
460 5432 668 5467 IttrtttIS.
708 5436 724 5467 ι
1326 5434 1329 5441 ’

466 5485 576 5561 (11)
602 5485 872 5569 lta_etiam
902 5493 965 5545 de
989 5492 1190 5546 caeteri:
1225 5495 1467 5553 omnibus
1496 5500 1601 5554 dici
1621 5518 1770 5569 posse
1797 5520 1815 5557 :
1847 5522 1965 5559 cum

394 5556 531 5644 {mut
569 5560 799 5644 nondum
840 5570 1248 5644 clueatafssent,
1298 5583 1463 5644 neque
1488 5556 1726 5644 egissent
1763 5556 1963 5644 aliquid

398 5626 622 5705 corripe!
670 5628 817 5705 ntuli.
863 5629 989 5684 lle
1020 5626 1398 5705 desiderantur
1455 5626 1963 5705 iu'prioribusEdi-

402 5693 660 5761 tioribus,
696 5698 817 5751 licet
856 5700 1202 5768 reperiantur
1234 5706 1287 5759 in
1313 5693 1567 5763 Omnibus
1605 5693 1733 5765 mss.

2152 4603 2266 4687 (l2)
2300 4604 2377 4661 Ita
2408 4617 2557 4687 Ijec_le
2592 4624 2724 4687 mss.
2774 4609 2938 4670 Libb.
2988 4623 3176 4671 autem
3212 4617 3367 4687 editi,
3398 4636 3420 4671 ι
3452 4631 3650 4682 sancta

2052 4684 2200 4733 sunt
2345 4686 2401 4729 et
2430 4676 2743 4734 infernalia.
2780 4701 2802 4735 ι

2144 4743 2257 4829 (15)
2285 4743 2349 4799 Si
2370 4762 2447 4829 ica;
2467 4754 2835 4829 praecedentis,
2868 4760 2979 4808 etc.
3008 4753 3085 4809 lla
3114 4770 3249 4811 mss.
3285 4756 3458 4829 Alias,
3495 4777 3516 4811 ι
3550 4763 3649 4817 sed

2072 4825 2139 4867 ex
2173 4813 2557 4882 praecedentis,
2588 4836 2609 4869 ι
2647 4832 2756 4874 etc.

2173 4828 2557 4933 praecedentis,
2588 4836 2609 4869 ι
2635 4832 2756 4899 _etc.
3446 4828 3451 4829 ν

2287 4884 2364 4963 μς)
2402 4900 2535 4942 mes.
2562 4886 2735 4954 Alias,
2758 4890 2871 4963 ivel
2898 4905 3053 4963 utens
3076 4907 3106 4963 a
3131 4892 3241 4947 Deo
3266 4906 3483 4950 creatus
3509 4907 3645 4955 est.)

2148 4951 2262 5022 (15)
2289 4951 2384 5031 Sic.
2411 4965 2561 5031 recte
2596 4951 2731 5031 mss.
2763 4961 2918 5016 Libb.
2970 4962 3103 5015 editi
3145 4969 3422 5029 mendose,
3461 4985 3479 5019 ι
3525 4951 3652 5031 eam

2074 5029 2253 5075 tamen
2300 5022 2498 5090 aliquis
2662 5030 2728 5083 ad
2785 5032 3161 5083 exornandum
3212 5022 3420 5086 mundi.
3446 5022 3648 5091 statnni

2071 5105 2296 5168 compar
2348 5093 2567 5161 reliquis
2615 5107 2675 5151 et
2710 5097 2947 5153 oﬂicium
2997 5101 3246 5169 praebere
3304 5102 3651 5163 inferioribus

2070 5170 2380 5226 opinentur.
2424 5180 2443 5214 ι

2289 5230 2421 5309 Yide
2454 5232 2503 5309 1ἒ
2524 5248 2562 5289 ιι
2602 5233 2934 5309 origenian.,
2968 5254 3025 5309 q.
3057 5238 3111 5306 8,
3143 5258 3200 5296 ιι.
3240 5243 3293 5298 1.

2171 5298 2255 5374 17)
2287 5299 2454 5374 Εάιιεε
2476 5304 2631 5359 Deest
2663 5298 2719 5359 ui
2751 5298 2940 5374 (editis,
2988 5298 3110 5363 sed,
3132 5311 3362 5366 habetur
3411 5310 3464 5365 in
3511 5328 3646 5371 mss.

2074 5366 2244 5450 Paulo
2283 5366 2404 5439 post
2426 5373 2546 5428 libri
2577 5366 2785 5450 editifc
2823 5366 3073 5432 horiatur
3104 5382 3233 5449 quia
3281 5394 3539 5450 provocat
3578 5366 3647 5439 5.?

2074 5438 2328 5503 Salutem;
2371 5460 2391 5493 ι
2430 5458 2560 5497 mss.
2598 5452 2655 5495 ut
2690 5438 2740 5496 in
2772 5458 2954 5500 nostro
2979 5438 3149 5505 textu'.

2146 5508 2260 5645 (18)
2295 5510 2426 5565 Vide
2453 5512 2490 5566 l.
2531 5526 2568 5566 ιι
2610 5511 2939 5581 0rigmian.,
2972 5533 3025 5585 q.
3064 5520 3115 5581 7,
3151 5535 3201 5572 n.
3245 5517 3330 5574 16.

2172 5578 2259 5645 19)
2282 5580 2432 5635 Ante.
2456 5581 2616 5634 Deest
2631 5583 2683 5634 in
2704 5596 2859 5638 antea
2880 5586 3061 5645 editis.
3080 5592 3174 5641 sed
3196 5590 3330 5641 habe

2172 5578 2259 5649 19)
2282 5580 2432 5649 Ante.
2456 5581 2616 5634 Deest
2631 5583 2683 5634 in
2704 5578 2859 5638 antea
2880 5578 3061 5649 editis,
3080 5578 3174 5641 sed
3196 5590 3425 5641 habetur
3442 5589 3493 5640 in
3512 5603 3647 5643 mss.

2090 5684 2106 5724 γ’
2144 5648 2258 5727 (20)
2287 5648 2350 5700 In
2381 5651 2651 5727 (acriorem.
2687 5653 2739 5706 Id
2774 5670 2989 5727 quoque
3026 5648 3179 5714 deest
3202 5660 3253 5713 in
3278 5660 3439 5717 antea
3460 5658 3646 5727 editis,

2072 5713 2199 5773 licet
2226 5713 2528 5787 reperiatur
2562 5721 2613 5774 in
2644 5738 2772 5780 mss.
