4014 6142
529 411 643 470 255

1765 404 2083 462 ORIGENIS
2122 408 2282 461 ΠΕΡΙ
2316 408 2549 461 ΑΡΧΩΝ

3679 408 3780 463 236

530 530 862 585 resurrectio
895 534 1230 583 mortuorum
1260 526 1349 578 "?
1381 544 1398 577 ι
1437 524 1745 581 Secundum
1776 525 1934 579 istam
1968 540 2097 593 ergo
2127 530 2171 585 Α
2204 525 2255 578 in
2304 539 2408 593 qua
2466 525 2583 579 sine
2631 523 2795 580 dubio
2845 523 3063 594 dignum
3118 522 3320 593 aliquid
3378 522 3556 576 divina
3605 527 3779 592 gratia

531 619 972 687 consequentiam
1016 613 1319 669 ccelestiuni
1366 629 1652 682 corporum
1680 616 1971 670 ostendant
1998 631 2099 670 no-

532 711 617 765 bis
654 707 985 763 differentias
1015 704 1201 772 gloriae
1227 704 1339 775 (52)
1364 719 1549 759 eorum
1588 706 1681 773 qui
1712 715 2019 774 resurgunt,
2045 713 2099 759 et

529 805 574 857 si
610 803 718 857 ullo
746 814 940 870 genere
973 799 1152 853 conati
1200 799 1400 853 fuerint
1445 799 1744 854 secundum
1793 798 2096 853 caelestium

524 906 814 961 corporum
842 888 1180 944 dilTercntias
1213 890 1444 959 aliquam
1469 892 1780 959 excogitare
1809 890 2095 954 rationem,

526 995 829 1052 quaeremus
866 982 934 1035 ab
977 982 1056 1034 eis
1098 989 1155 1034 ut
1208 981 1370 1034 etiam
1425 982 1724 1034 secundum
1761 988 2095 1034 terrenorum

527 1086 821 1141 corporum
860 1071 1328 1138 comparationem
1368 1069 1708 1124 differentias
1742 1072 2094 1124 resurrectio.

523 1162 609 1217 nis
632 1162 917 1231 assignent
951 1160 1082 1233 (55).
1123 1160 1231 1215 Nos
1265 1174 1393 1213 vero
1423 1161 1496 1213 ita
1548 1159 1919 1228 intelligimus,
1952 1159 2095 1229 quod

522 1253 713 1309 volens
737 1252 1026 1323 Apostolus
1057 1251 1366 1307 describere
1391 1262 1593 1320 quanta
1623 1262 1763 1305 esset
1787 1252 2092 1305 differentia

523 1361 713 1403 eorum
760 1345 849 1413 qui
889 1354 1173 1413 resurgent
1206 1345 1257 1398 in
1305 1344 1494 1414 gloria,
1545 1344 1597 1396 id
1646 1352 1728 1398 est
1758 1354 2090 1409 sanctorum,

520 1437 988 1506 comparationem
1039 1435 1343 1489 crelestium
1401 1449 1688 1503 corrorum
1738 1434 1968 1502 sumpsit
2015 1434 2097 1485 di-

527 1543 660 1582 cens
691 1546 704 1582 :
740 1546 761 1579 ι
814 1527 934 1582 Alia
981 1525 1148 1596 gloria
1200 1525 1350 1589 solis,
1401 1526 1504 1578 alia
1552 1525 1723 1594 gloria
1777 1523 1937 1587 lunae,
1988 1524 2093 1577 alia

523 1619 695 1690 gloria
758 1617 1035 1672 stellarum
1071 1616 1137 1669 9³.
1192 1636 1210 1668 ›
1267 1616 1333 1670 Ει
1381 1616 1577 1669 iterum
1609 1614 1794 1668 volens
1841 1613 2094 1667 dLifereu-

525 1709 627 1763 tias
654 1723 839 1763 eorum
864 1707 1059 1761 docere
1094 1706 1229 1776 (54),
1262 1705 1353 1772 qui
1393 1706 1445 1758 in
1479 1705 1578 1757 hac
1614 1704 1722 1757 vita
1761 1719 1864 1757 non
1896 1718 2093 1771 expur-

523 1797 633 1866 gati
671 1796 736 1850 ad
784 1796 1239 1849 resurrectionem
1272 1794 1518 1858 venient,
1562 1792 1614 1845 id
1647 1801 1729 1846 est
1756 1800 2089 1860 peccatores,

2207 627 2429 679 sperare
2475 628 2575 667 nos
2630 615 2881 667 convenit
2934 613 3080 683 (56);
3117 616 3259 682 quod
3311 614 3551 668 futurum
3598 618 3776 671 credi-

2208 716 2327 754 mus
2366 702 2464 755 hoc
2489 703 2678 755 ordine
2710 718 2814 772 quo
2846 722 2863 753 ‹
2899 703 3099 757 nudum
3138 720 3361 774 granum
3398 704 3653 760 frumenti
3685 714 3777 759 aut

2207 791 2439 859 alicujus
2471 802 2795 847 caaterorum
2837 812 2855 844 ι
2901 796 2951 846 in
2977 802 3118 848 terra
3147 795 3474 849 seminatum
3514 795 3779 851 describit

2203 881 2511 948 Apostolus,
2537 884 2620 937 cui
2640 901 2657 934 ‹
2680 883 2819 937 Deus
2852 884 2942 938 dat
2967 899 3162 954 corpus
3198 882 3306 956 (37)
3335 895 3493 953 prout
3525 886 3638 939 vult
3659 886 3726 954 ",
3751 906 3770 939 ι

2204 988 2327 1027 cum
2376 977 2607 1042 primum
2664 991 2890 1046 granum
2955 977 3127 1044 ipsum
3185 978 3437 1031 frumenti
3499 988 3775 1034 mortuum

2204 1064 2386 1118 fuerit.
2422 1066 2495 1119 lia
2543 1084 2772 1136 namque
2800 1066 2963 1121 etiam
3002 1077 3182 1122 nostra
3216 1083 3444 1137 corpora
3478 1069 3623 1123 velut
3650 1086 3776 1139 gra-

2205 1172 2331 1209 num
2369 1160 2564 1213 eadere
2599 1161 2650 1211 in
2702 1169 2903 1213 terram
2945 1160 3177 1228 putanda
3231 1169 3393 1224 sunt;
3447 1161 3647 1228 quibus
3692 1163 3775 1216 iti-

2203 1249 2303 1301 sita
2346 1250 2480 1302 ratio
2511 1250 2620 1321 (58)
2652 1266 2711 1305 ea
2743 1268 2861 1320 qua:
2888 1252 3249 1305 substantiam
3282 1255 3528 1306 continet
3577 1266 3775 1321 corpo-

2203 1339 2396 1403 ralem,
2428 1342 2677 1408 quamvis
2711 1351 2956 1395 einortua
2987 1340 3186 1393 fuerint
3235 1356 3459 1410 corpora
3502 1350 3556 1395 et
3582 1356 3774 1394 corru-

2201 1439 2289 1497 pta
2318 1442 2483 1498 atque
2512 1432 2781 1500 dispersa,
2818 1433 2983 1487 verbo
3028 1443 3207 1487 tamen
3238 1432 3328 1485 Dei
3364 1433 3504 1485 ratio
3532 1431 3619 1484 illa
3654 1433 3773 1501 ipsa

2200 1534 2321 1588 qua:
2352 1534 2562 1590 semper
2594 1524 2646 1577 in
2679 1525 2982 1578 substantia
3031 1524 3279 1593 corporis
3321 1523 3467 1576 salva
3515 1533 3617 1587 est,
3661 1526 3773 1577 eri-

2202 1621 2292 1680 gat
2333 1626 2396 1665 ea
2445 1612 2510 1666 de
2553 1621 2718 1673 terra.
2752 1624 2807 1667 et
2843 1616 3092 1669 restituat
3142 1629 3206 1667 ac
3251 1624 3484 1682 reparet,
3528 1614 3668 1667 sicut
3705 1628 3769 1669 ea

2200 1700 2372 1753 virtus
2409 1716 2527 1769 quae
2566 1713 2648 1756 est
2694 1703 2745 1755 in
2780 1719 2951 1773 grano
2996 1703 3271 1767 frumenti,
3318 1704 3771 1771 po;~,tcorrnptio-

2202 1805 2323 1844 nem
2359 1790 2474 1857 ejus
2524 1804 2578 1845 et
2622 1804 2850 1847 mortem
2897 1804 3112 1863 reparat
3150 1809 3215 1848 ac
3252 1794 3489 1849 restituit
3540 1809 3766 1863 granum

525 1887 593 1939 de
628 1886 859 1940 terrenis
887 1885 1052 1939 sumit
1093 1883 1423 1953 exemplum,
1477 1886 1661 1937 dicens
1696 1901 1709 1935 :
1748 1900 1764 1932 ι
1804 1883 1923 1935 Alia
1971 1898 2090 1935 eor—
2125 1874 2167 1933 Β
2196 1880 2248 1932 in
2282 1882 2442 1935 culmi
2492 1898 2687 1951 corpus
2730 1894 2785 1938 et
2834 1886 2996 1953 spicae
3032 1884 3163 1955 (59).
3199 1884 3263 1938 Ει
3310 1885 3381 1938 ita
3428 1886 3509 1938 his
3550 1885 3769 1953 quidem

522 1993 651 2048 pora
693 1977 994 2040 volucrum,
1052 1975 1156 2029 alia
1208 1975 1438 2039 piscium
1472 1975 1540 2027 9'.
1596 1993 1615 2026 ι
1672 1975 1839 2043 Digne
1889 1974 2090 2028 ctenim

521 2068 727 2124 sanctis
772 2068 1035 2132 caelestia,
1098 2077 1310 2120 terrena
1344 2064 1725 2133 peccatoribus
1772 2079 2092 2133 comparan-

521 2166 628 2212 tur.
674 2157 797 2212 llaec
821 2157 1039 2226 quidem
1088 2156 1227 2209 dicta
1274 2156 1383 2209 sint
1432 2154 1693 2209 adversus
1726 2169 1819 2209 eos
1862 2156 1952 2224 qui
2003 2170 2091 2208 re-

520 2248 916 2303 surrectionem
965 2256 1329 2310 mortuorum,
1383 2246 1436 2299 id
1483 2253 1568 2299 est
1639 2246 2090 2299 resurrectionem

519 2355 809 2409 corporum
840 2347 1062 2409 negant.

588 2431 644 2485 5.
739 2429 895 2482 Nunc
976 2441 1104 2481 vero
1189 2439 1495 2480 sermonem
1580 2424 1947 2479 convertimus
2025 2425 2091 2478 ad

519 2521 807 2578 nonnullos
878 2528 1225 2581 nostrorum,
1298 2518 1388 2585 qui
1457 2517 1541 2570 vel
1607 2532 1703 2585 pro
1787 2518 2092 2572 intellectus

518 2614 834 2682 exiguitate,
886 2611 970 2666 vel
1028 2610 1429 2679 explanationis
1481 2611 1683 2679 inopia,
1728 2608 1881 2663 valde
1929 2610 2088 2663 vilem

518 2712 577 2757 et
640 2702 909 2771 abjeetum
974 2715 1194 2755 sensum
1259 2700 1325 2753 de
1384 2700 1784 2754 resurrectione
1848 2700 2091 2767 corporis

517 2793 887 2848 introducunt.
965 2793 1110 2857 Quos
1185 2793 1620 2859 interrogamus,
1684 2791 1951 2859 quomodo
2010 2789 2092 2844 in-

518 2884 766 2953 telligant
794 2882 1026 2937 animale
1074 2896 1270 2950 corpus
1303 2882 1477 2951 gratia
1528 2882 1944 2936 resurrectionis
1991 2881 2091 2935 im-

517 2974 874 3034 mutandum,
939 2980 995 3025 et
1058 2971 1303 3041 spiritale
1365 2970 1642 3034 futurum;
1707 2980 1763 3023 et
1821 2969 2092 3039 quomodo

519 3064 662 3132 quod
694 3064 748 3116 in
794 3062 1109 3116 infirmitate
1136 3062 1457 3125 seminatur,
1484 3072 1919 3115 resurrecturum
1963 3076 2090 3114 sen-

520 3154 661 3208 tiant
709 3153 761 3206 in
804 3152 1043 3215 virtute;
1096 3152 1236 3219 quod
1293 3152 1345 3205 in
1408 3153 1768 3219 ignobilitate,
1819 3152 2090 3220 quomodo

2200 1971 2291 2038 qui
2344 1973 2491 2041 regni
2539 1974 2801 2027 cmlorum
2856 1975 3229 2027 lia-reditatem
3286 1973 3541 2041 consequi
3593 1989 3770 2028 mere-

2200 2062 2421 2127 buntur,
2455 2064 2592 2117 ratio
2638 2064 2725 2116 illa
2766 2066 3047 2133 reparandi
3095 2066 3339 2132 corporis
3388 2080 3551 2133 quam
3602 2081 3768 2135 supra

2199 2152 2455 2217 diximus,
2488 2153 2578 2206 Dei
2618 2153 2772 2221 jussu
2809 2170 2873 2208 ex
2929 2166 3142 2209 terreno
3184 2166 3239 2210 et
3285 2157 3500 2210 animali
3536 2171 3769 2226 corpore

2198 2257 2394 2311 corpus
2440 2253 2653 2310 reparat
2695 2244 2962 2313 spiritale,
3008 2245 3149 2313 quod
3200 2247 3445 2300 habitare
3492 2247 3664 2314 possit
3710 2246 3768 2301 in

2199 2334 2353 2389 caelis
2382 2352 2395 2399 ;
2428 2335 2513 2388 his
2554 2350 2684 2389 vero
2721 2337 2811 2402 qui
2854 2334 3128 2390 inferioris
3175 2336 3353 2390 meriti
3406 2335 3627 2403 fuerint,
3682 2336 3768 2391 vel

2198 2426 2544 2493 abjectioris,
2606 2425 2691 2479 vel
2762 2426 2924 2479 etiam
2995 2426 3166 2479 ultimi
3224 2435 3280 2481 et
3338 2428 3612 2491 abstrusi,
3668 2444 3769 2498 pra

2199 2517 2625 2586 uniuscujusque
2673 2517 2797 2571 vitae
2848 2528 3011 2586 atque
3056 2518 3253 2572 animte
3283 2518 3564 2588 dignitate,
3600 2521 3767 2573 etiam

2198 2609 2368 2678 gloria
2420 2611 2666 2679 corporis
2717 2619 2772 2664 et
2818 2610 3057 2679 dignitas
3111 2610 3305 2676 datur;
3356 2612 3427 2664 ita
3485 2621 3660 2665 tamen
3709 2622 3770 2665 ut

2201 2700 2355 2769 102
2389 2702 2549 2753 etiam
2582 2715 2767 2755 eorum
2802 2703 2890 2768 qui
2928 2702 2993 2754 ad
3026 2701 3201 2770 ignem
3233 2713 3511 2766 aeternum,
3566 2701 3649 2757 vel
3699 2702 3769 2755 ad

2197 2790 2461 2859 supplicia
2495 2791 2800 2845 destinandi
2828 2799 2974 2854 sunt,
3009 2807 3104 2859 per
3137 2793 3307 2860 ipsam
3354 2794 3769 2847 resurrectionis

2198 2881 2652 2948 permutationem
2732 2882 2805 2934 ita
2852 2895 3046 2949 corpus
3091 2881 3457 2950 incorruptum
3507 2882 3577 2936 sit
3624 2883 3768 2952 quod

2197 2970 2430 3038 resurgit
2462 2970 2597 3041 (40),
2628 2980 2687 3024 ιιι
2721 2986 2786 3023 ne
2808 2972 3087 3041 suppliciis
3124 2973 3337 3041 quidem
3368 2972 3638 3041 corrumpi
3671 2987 3765 3025 va-

2197 3054 2305 3109 leat
2332 3066 2386 3111 et
2420 3057 2660 3111 dissolvi.
2711 3058 2767 3112 Si
2806 3072 2934 3128 ergo
2970 3061 3043 3113 ita
3085 3074 3143 3114 se
3182 3060 3341 3114 habet
3373 3059 3605 3129 qualitas
3652 3061 3768 3129 ejus

2197 3147 2447 3214 corporis
2476 3150 2618 3216 quod
2651 3158 2899 3218 resurget
2932 3166 2960 3203 a
3011 3152 3259 3215 mortuis,
3310 3152 3589 3206 videamus
3620 3165 3767 3206 nunc

521 3251 775 3313 resurgat
816 3243 868 3295 in
901 3241 1063 3310 gloria
1087 3259 1121 3305 ;.
1155 3251 1211 3293 et
1261 3242 1402 3310 quod
1459 3241 1509 3293 in
1543 3243 1913 3310 corruptione,
1946 3258 2088 3311 ψιθ-
2117 3220 2161 3280 C
2192 3237 2319 3303 quid
2349 3238 2451 3291 sibi
2490 3239 2619 3293 velit
2654 3240 2791 3308 ignis
2818 3241 3008 3294 azterni
3039 3239 3396 3295 c'omminatio
3430 3241 3565 3313 (Η).

521 3333 682 3389 modo
711 3333 777 3386 ad
811 3332 1275 3399 incorruptionem
1313 3332 1693 3385 transferatur.
1720 3333 1871 3398 Quod
1904 3334 2088 3403 utique

520 3422 567 3478 si
615 3421 843 3477 credunt
874 3419 1153 3489 Apostolo,
1187 3420 1315 3487 quia
1344 3434 1544 3489 corpus
1587 3422 1636 3473 in
1677 3422 1847 3492 gloria
1890 3431 1943 3477 et
1979 3423 2089 3475 vir-

520 3522 636 3570 tute
668 3521 723 3567 et
773 3511 1291 3579 incorruptibilitate
1336 3525 1645 3579 resurgens,
1694 3514 1939 3581 spiritale
1976 3514 2087 3583 jam

517 3602 772 3658 eﬂ‘ectum
821 3601 912 3669 sit,
951 3601 1245 3655 absurdum
1277 3603 1489 3655 videtur
1523 3610 1577 3653 et
1631 3612 1817 3654 contra
1867 3618 2086 3659 sensum

517 3690 760 3760 Apostoli
793 3688 975 3743 dicere
1009 3688 1060 3741 id
1094 3703 1307 3742 rursum
1343 3686 1525 3741 carnis
1556 3698 1605 3741 et
1646 3690 1928 3758 sanguinis
1962 3705 2090 3758 pas-

512 3780 764 3835 sionibus
799 3779 1091 3848 implicari,
1124 3794 1246 3833 cum
1272 3780 1557 3834 manifeste
1590 3779 1731 3831 dicat
1762 3780 2085 3847 Apostolus:

520 3890 546 3924 ‹
586 3872 1013 3938 Quoniam'earo
1057 3881 1111 3924 et
1152 3873 1371 3940 sanguis
1399 3886 1621 3940 regnum
1654 3869 1745 3923 Dei
1781 3886 1886 3923 non
1917 3871 2090 3938 possi-

519 3963 756 4029 debunt;
784 3976 961 4031 neque
989 3964 1261 4031 corruptio
1288 3964 1749 4031 incorruptionem
1783 3960 1895 4031 (53)
1921 3961 2092 4029 possi-

513 4054 753 4110 debit".
788 4073 807 4107 ι
839 4054 947 4108 Sed
994 4054 1125 4108 illud
1166 4054 1434 4121 quomodo
1485 4053 1759 4120 accipiunt
1786 4057 1928 4120 quod
1960 4053 2092 4107 dicit

518 4142 812 4213 Apostolus
855 4159 870 4195 :
922 4159 939 4193 ι
999 4141 1199 4197 Omnes
1248 4150 1431 4195 autem
1480 4141 1889 4194 immutabiinur
1928 4141 2015 4192 9"?
2068 4160 2087 4193 ι

509 4234 651 4300 Quae
719 4234 903 4302 utique
979 4232 1289 4288 immutatio
1373 4233 1668 4287 secundum
1739 4233 1885 4286 illum
1949 4234 2094 4287 ordi-

517 4340 665 4390 nem,
716 4340 874 4394 quem
930 4326 1175 4395 superius
1223 4325 1525 4391 docuimus,
1576 4327 1941 4394 exspectanda
1966 4335 2089 4388 est;

586 4418 634 4450 ⁸⁸
667 4418 683 4471 Ι
722 4417 854 4473 Cor.
902 4433 992 4484 xv,
1026 4419 1113 4484 59,
1144 4418 1234 4483 40,
1268 4418 1357 4483 41,
1392 4418 1480 4471 42.
1561 4421 1602 4451 “
1626 4420 1787 4486 lbid.,
1814 4419 1903 4473 41.

518 4488 569 4521 ⁹⁹
610 4487 717 4543 isa.
749 4503 799 4552 ι,
835 4487 922 4545 li.
999 4489 1014 4518 ⁸
1050 4488 1223 4542 lCor.
1258 4505 1335 4552 ιιι,
1382 4489 1466 4541 12.

590 4576 702 4648 (52)
741 4575 952 4629 Glortw.
980 4575 1142 4631 Deest
1171 4579 1331 4631 etiam
1362 4578 1412 4631 in
1438 4579 1714 4647 prioribus
1741 4579 2088 4645 editionibus,
2121 4583 2165 4637 D

521 4646 615 4699 sed
649 4646 874 4697 habetur
909 4648 960 4697 in
998 4661 1126 4699 mss.

616 4714 707 4780 55)
744 4712 835 4767 Sic
887 4722 1033 4766 recte
1076 4729 1262 4769 omnes
1312 4714 1467 4768 codd.
1529 4732 1656 4771 mss.
1712 4717 1853 4771 Editi
1906 4732 2084 4771 vero:

529 4801 549 4834 ι
578 4784 898 4855 Quaeramus
926 4785 994 4836 ab
1025 4785 1120 4855 eis
1136 4793 1192 4837 ut
1223 4784 1384 4855 etiam
1431 4795 1771 4839 terrenoruni
1802 4802 2085 4855 corporum

525 4852 987 4921 comparationuui
1020 4852 1355 4905 differentias
1391 4855 1684 4921 assigucnt.
1729 4873 1748 4905 ι

592 4922 705 4991 (54)
741 4919 816 4991 Ita
846 4936 975 4974 mss.
1005 4923 1171 4984 Alias,
1208 4940 1225 4970 ι
1266 4919 1571 4975 ostendere.
1608 4942 1627 4973 ι

594 4989 707 5061 (55)
754 4989 850 5061 Sic
894 5004 1020 5043 mss.
1076 4991 1233 5044 Libb.
1284 4991 1435 5052 editi,
1477 5011 1494 5042 ι
1556 4993 1994 5060 incorruptelam.
2062 5010 2079 5042 ι

523 5058 890 5128 ιδιιιεωιιυι).
921 5060 1074 5123 editi,
1107 5078 1125 5110 ‹
1168 5062 1437 5128 quomodo
1470 5062 1741 5128 accipiunt
1771 5058 1789 5113 Ξ
1824 5064 1915 5113 sed
1970 5077 2081 5113 non

520 5142 711 5183 omnes
736 5127 1161 5182 immulabimur.
1182 5127 1323 5194 Quae
1370 5127 1693 5185 immutatio.
1736 5150 1752 5179 ι
1800 5131 1906 5183 Sed
1953 5146 2081 5185 mss.

524 5208 583 5252 ut
615 5199 666 5251 in
700 5207 886 5251 nostro
918 5208 1083 5250 textu.

594 5266 706 5337 (56)
742 5265 997 5337 Meudose
1044 5268 1094 5320 in
1152 5276 1307 5319 antea
1355 5268 1514 5321 editis
1558 5268 1769 5337 legitur,
1810 5287 1829 5318 ‹
1868 5269 2083 5335 dignum

523 5336 727 5409 aliquid
756 5351 824 5391 ex
856 5336 1048 5409 divina
1070 5337 1240 5409 gratia
1277 5348 1559 5409 sperantes
1590 5336 1694 5390 non
1734 5344 2011 5391 convenit.
2064 5357 2081 5388 ι

524 5406 633 5462 Sed
659 5422 787 5460 mss.
828 5420 1010 5458 veram
1036 5406 1317 5460 lectionem
1354 5408 1670 5460 restituunt.

524 5546 536 5556 .
594 5476 708 5547 (57)
752 5476 973 5545 Corpus.
1013 5476 1173 5529 Deest
1220 5476 1271 5527 in
1316 5487 1471 5529 antea
1503 5479 1682 5537 editis,
1718 5475 1811 5529 sed
1862 5474 2089 5530 habetur

523 5563 577 5605 η]
610 5561 742 5599 mss.

592 5614 707 5686 (58)
741 5615 831 5671 Sic
862 5630 991 5669 mss.
1024 5613 1179 5669 Libb.
1214 5613 1371 5678 editi,
1405 5633 1423 5664 ι
1463 5615 1693 5668 ratione.
1732 5630 1751 5663 ι

593 5688 707 5753 (59)
742 5689 833 5739 Sic
874 5687 1075 5755 optime
1128 5699 1315 5739 omnes
1370 5686 1530 5739 codd.
1584 5697 1754 5747 mss.;
1828 5688 2087 5737 mendose

522 5764 703 5808 autem
749 5755 882 5811 libb.
933 5755 1094 5819 editi,

525 5825 705 5891 spica3.
742 5842 758 5873 ι
800 5892 807 5895 ἤ

1171 5771 1191 5804 ι
1250 5755 1492 5811 restituit
1544 5755 1723 5809 vivum
1782 5770 1978 5823 corpus
2030 5764 2085 5807 et

1993 4421 2038 4452 "
2068 4420 2222 4484 lbid.,
2251 4420 2339 4473 59.
2411 4420 2456 4451 ⁹⁶
2484 4420 2637 4483 lbid.,
2672 4419 2759 4472 50.

2265 3328 2376 3400 (42)
2412 3330 2463 3383 4.
2513 3329 2826 3386 Invenimus
2855 3346 3084 3400 namque
3117 3332 3169 3385 in
3214 3331 3352 3386 Isaia
3387 3334 3646 3402 propheta
3674 3332 3770 3388 de-

2195 3421 2397 3489 signari
2449 3420 2875 3491 uniuscujusque
2924 3424 3199 3491 proprium
3252 3438 3374 3478 esse
3428 3425 3605 3493 ignem
3658 3438 3768 3493 quo

2191 3511 2449 3580 punitur;
2500 3512 2575 3563 ait
2624 3512 2766 3565 enim
2823 3512 2933 3582 (55)
2979 3529 2991 3565 :
3042 3532 3059 3563 ι
3114 3514 3403 3569 Ambulate
3463 3516 3515 3567 in
3568 3516 3768 3569 lumine

2193 3601 2333 3669 ignis
2364 3601 2548 3665 vestri,
2584 3609 2630 3655 et
2682 3602 2735 3655 in
2784 3600 3001 3654 ﬂamma
3053 3618 3214 3671 quam
3247 3603 3574 3657 accendistis
3606 3605 3672 3655 θ’.
3737 3622 3757 3655 ι

2194 3689 2300 3743 Per
2351 3705 2488 3757 quos
2545 3704 2825 3745 sermones
2888 3692 2988 3745 hoc
3046 3694 3259 3747 videtur
3322 3694 3574 3759 indicari,
3622 3695 3765 3764 quod

2194 3778 2565 3846 unusquisque
2616 3790 2963 3845 peccatorum
3014 3781 3285 3835 ﬂammam
3334 3781 3445 3853 (Μ)
3499 3785 3600 3838 sibi
3651 3784 3767 3853 ipse

2195 3869 2398 3936 proprii
2455 3869 2596 3937 ignis
2651 3872 2911 3925 accendat
2964 3871 3111 3942 (45),
3162 3882 3216 3925 et
3266 3888 3369 3925 non
3422 3872 3473 3925 in
3529 3874 3764 3941 aliquem

2197 3961 2400 4028 ignem,
2438 3961 2531 4028 qui
2566 3970 2720 4014 antea
2748 3962 2860 4029 jam
2910 3964 3071 4017 fuerit
3102 3978 3363 4018 accensus
3405 3965 3471 4018 ab
3522 3967 3648 4029 alio,
3682 3964 3766 4018 vel

2197 4061 2324 4105 ante
2374 4051 2550 4119 ipsum
2600 4053 2938 4117 siibstiterit,
2985 4055 3351 4120 demergatur.
3404 4055 3572 4125 Cujus
3627 4055 3767 4123 ignis

2198 4143 2423 4196 materia
2475 4152 2637 4211 atque
2672 4158 2793 4197 esca
2837 4157 3019 4199 nostra
3070 4155 3196 4199 sunt
3239 4154 3480 4216 peccata,
3529 4161 3649 4215 quae
3696 4148 3765 4201 ab

2197 4233 2439 4301 apostolo
2492 4232 2658 4287 Paulo
2712 4233 2855 4302 ligna
2890 4243 2943 4287 et
2999 4233 3179 4288 fenum
3229 4244 3285 4288 et
3336 4237 3532 4304 stipula
3586 4235 3766 4288 nomi-

2201 4333 2398 4379 nuntur
2437 4326 2475 4378 ¹.
2516 4324 2581 4377 Et
2618 4327 2853 4380 arbitror
2887 4328 3030 4392 quod
3064 4326 3205 4379 sicut
3256 4327 3307 4379 in
3356 4340 3580 4394 corpore
3625 4340 3766 4380 esca

2834 4420 2877 4452 97
2903 4421 3059 4486 lbid.,
3099 4420 3187 4474 51.
3294 4420 3338 4450 ⁸⁸
3369 4419 3520 4487 Ibid.,
3554 4420 3641 4485 57,
3672 4420 3763 4474 58.

2268 4578 2379 4646 (40)
2412 4577 2503 4649 Sic
2536 4593 2666 4635 mss.
2701 4579 2872 4643 Alias,
2907 4598 2925 4630 ι
2964 4589 3022 4633 ιιι
3053 4588 3315 4649 resurgat.
3351 4598 3370 4632 ›

2265 4649 2376 4717 (41)
2425 4648 2671 4717 Origenis
2725 4653 3048 4703 sententiam
3098 4654 3163 4703 de
3213 4646 3389 4715 poenis
3439 4646 3632 4703 inferni
3670 4649 3758 4703 in-

2190 4717 2420 4787 veStigat
2449 4717 2671 4771 lluetius
2700 4718 3138 4787 Origenianorum
3186 4718 3277 4771 lib.
3323 4734 3382 4782 ιι,
3438 4729 3631 4787 quaast.
3668 4721 3756 4772 Η.

2191 4784 2343 4837 lllum
2375 4786 2592 4839 VillCSiS.
2646 4784 2860 4839 Interim
2916 4804 3111 4841 moneo
3159 4788 3273 4840 haec
3317 4784 3527 4841 verba:
3566 4805 3584 4838 ι
3620 4788 3759 4853 Quid

2190 4855 2461 4925 sibiivelit
2509 4856 2647 4925 ignis
2700 4859 2888 4909 aeterni
2926 4858 3298 4921 comminatio,
3336 4875 3354 4907 ι
3389 4859 3440 4909 iii
3478 4858 3756 4924 prioribus

2192 4923 2728 4978 editionibus'tinem
2779 4940 2899 4979 esse
2921 4927 3115 4994 capitis
3149 4926 3365 4990 decimi,
3410 4923 3492 4979 cui
3542 4928 3764 4979 undeci-

2192 5008 2336 5045 mum
2366 4996 2705 5065 subnectitur
2733 5010 2854 5048 cum
2894 4998 2995 5049 hoc
3022 4997 3175 5049 titulo
3207 5013 3219 5048 :
3258 5014 3275 5045 ί
3311 4996 3384 5048 De
3407 4995 3530 5065 igne
3559 4994 3758 5047 inferni

2189 5071 2243 5113 et
2280 5063 2451 5128 poenis
2480 5063 2713 5131 ejusdem
2740 5080 2752 5126 ;
2786 5083 2803 5115 ι
2834 5067 2925 5117 sed
2955 5066 3005 5118 in
3038 5066 3290 5119 omnibus
3324 5063 3453 5118 mss}
3484 5066 3763 5129 sequentia

2191 5131 2374 5202 verba,
2442 5149 2460 5180 ι
2505 5134 2808 5187 invenimus
2856 5150 3085 5202 namque
3136 5136 3184 5186 in
3233 5135 3370 5187 Isaia
3421 5134 3705 5201 propheta,
3738 5150 3757 5182 ι

2193 5201 2445 5252 continua
2464 5203 2603 5255 serie
2635 5214 2753 5270 post
2774 5221 2791 5251 ι
2816 5201 3162 5257 comminatio
3186 5223 3203 5254 ι
3223 5214 3493 5267 ponuntur
3513 5203 3629 5255 sine
3650 5203 3762 5255 ullo

2192 5271 2391 5343 praevio
2416 5272 2591 5343 titulo,
2625 5287 2782 5343 quem
2810 5273 3009 5328 idcirco
3034 5274 3443 5343 expungendum
3468 5286 3587 5326 esse
3607 5272 3761 5326 dum.

2264 5338 2376 5408 (42)
2413 5340 2578 5399 Alias.
2612 5338 2734 5407 cap.
2760 5342 2849 5395 Μ.

2266 5408 2377 5479 (45)
2413 5410 2497 5460 Ait
2532 5412 2687 5461 enim.
2726 5411 2886 5465 Deest
2914 5411 2967 5464 in
3004 5421 3162 5466 antea
3209 5412 3391 5477 editis,
3440 5410 3535 5466 sed
3564 5409 3644 5464 sic
3665 5410 3763 5465 ba-

2196 5476 2365 5531 betur'
2387 5479 2436 5528 in
2470 5494 2597 5531 mss.

2262 5547 2373 5615 (44)
2413 5546 2502 5601 Sic
2556 5558 2702 5602 recte
2747 5565 2875 5603 mss.
2929 5550 3106 5613 Alias,
3154 5551 3430 5613 mendose,
3467 5569 3487 5602 ι
3528 5547 3760 5603 indicari

2190 5629 2446 5683 peccator
2500 5629 2556 5669 nt
2608 5618 2900 5681 flammant,
2960 5640 2977 5670 ι
3016 5632 3122 5675 etc.
3177 5621 3375 5673 Ibidem
3423 5620 3551 5673 libb.
3600 5630 3761 5673 antea

2154 5686 2345 5749 ,editi,
2394 5705 2410 5735 ε
2465 5689 2555 5756 qui
2601 5690 2780 5742 fuerat
2823 5704 3085 5745 accensus
3129 5692 3195 5746 ab
3225 5688 3348 5746 alio.
3391 5708 3410 5739 ι
3444 5688 3572 5745 Mss.
3618 5690 3758 5743 utin

2191 5766 2376 5809 llOSlI'O
2407 5766 2575 5811 ICXlll.

2266 5825 2377 5894 (45)
2409 5826 2572 5883 Cave.
