4014 6142
373 229 486 290 237

386 438 495 513 (ιθ)
538 441 721 499 febres
774 457 1064 516 generant,
1114 459 1167 505 et
1216 451 1397 508 febres
1448 455 1649 512 diversi
1700 463 1840 515 modi
1877 464 1959 518 vel

384 533 641 602 wniporis
675 539 974 591 secundum
1024 554 1144 595 eam
1197 558 1506 599 mensuram
1543 562 1647 617 qua
1696 550 1960 622 intempe-

384 624 490 678 ries
517 625 744 680 collecta
776 630 1064 684 materiam
1109 636 1444 704 suggesserit
1490 654 1553 693 ac
1588 639 1831 697 fomitem
1875 645 1956 700 fe-

377 713 590 782 brium;
621 731 743 785 qua:
783 721 1026 773 materire
1050 724 1292 790 qualitas
1320 742 1385 780 ex
1434 728 1648 785 diversa
1686 732 1954 804 intempe-

377 803 460 857 rie
504 809 855 876 congregata,
910 824 1074 865 causa
1130 812 1212 865 vel
1274 816 1572 874 acerbioris
1619 822 1815 885 morbi,
1863 803 1955 879 vel

370 892 684 961 prolixioris
720 897 970 960 exsistit;
1030 900 1100 953 ita
1146 902 1324 957 anima
1381 920 1505 960 cum
1550 909 1953 968 multitudinem

378 982 650 1036 malorum
690 999 916 1054 opermn
966 988 1077 1058 (47)
1129 1001 1183 1044 et
1217 994 1602 1052 abundantiam
1638 1001 1688 1053 in
1721 1017 1779 1057 se
1825 1020 1955 1057 con-

367 1077 689 1143 gregaverit
731 1090 1103 1147 peccatorum,
1134 1089 1462 1154 competenti
1496 1097 1743 1158 tempore
1775 1097 1952 1150 omnis

367 1166 460 1219 illa
492 1168 757 1223 malorum
781 1175 1134 1245 congregatio
1157 1176 1466 1233 effervescit
1494 1184 1561 1234 ad
1596 1186 1943 1254 supplicium,

361 1270 534 1328 atque
566 1260 932 1317 inﬂammatur
964 1266 1075 1337 (48)
1110 1269 1177 1321 ad
1207 1284 1432 1338 poenas;
1469 1288 1589 1326 cum
1629 1292 1779 1330 mens
1809 1278 1950 1346 ipsa,

361 1351 452 1405 vel
499 1355 836 1407 conscientia
893 1372 989 1425 per
1047 1359 1288 1413 divinam
1348 1362 1607 1419 virtutem
1660 1368 1842 1422 omnia
1893 1371 1947 1424 in

363 1442 693 1495 memoriam
738 1445 1027 1514 recipiens,
1055 1463 1285 1516 quorum
1338 1452 1394 1505 in
1451 1458 1748 1525 semetipsa
1795 1461 1948 1529 signa

357 1531 617 1599 quaedam
650 1542 704 1587 et
730 1532 955 1601 formas,
1008 1552 1130 1591 cum
1173 1551 1450 1609 peccaret,
1493 1558 1859 1617 expresserat,
1894 1563 1949 1605 et

354 1620 705 1691 singulorum
743 1640 862 1693 qua
891 1627 976 1680 vel
1018 1627 1161 1683 foede
1208 1646 1271 1686 ac
1305 1635 1535 1702 turpiter
1561 1649 1826 1705 gesserat,
1862 1644 1946 1696 vel

1693 251 1899 308 LIBER
1941 254 2329 317 SECUNDUS.

382 351 718 406 abundantia
769 362 827 409 et
879 358 1116 426 qualitas
1152 368 1205 413 et
1231 363 1507 431 quantitas
1537 365 1641 421 cibi
1689 373 1960 426 contraria
1996 382 2035 433 Α
2064 388 2181 443 est;
2235 397 2304 437 an

2360 385 2444 439 his
2494 386 2778 444 all'ectibus
2818 391 3118 453 immutatis
3152 404 3426 469 generalis
3458 425 3636 477 ptent:

2067 473 2300 530 Stimulis
2329 479 2688 537 vexabuutur.
2746 483 2850 539 Sed
2886 496 2942 541 et
2987 488 3146 544 aliam
3193 493 3307 565 (δι)
3354 473 3645 569 supplicio-

2070 580 2185 618 rum
2235 570 2468 638 speciem
2522 573 2749 646 intelligi
2809 580 3050 637 arbitror
3096 600 3274 654 posse,
3323 594 3450 663 quia
3500 598 3645 655 sicut

2066 658 2283 724 quidem
2320 664 2587 720 sentimus
2618 668 2792 721 soluta
2827 674 3079 742 corporis
3127 658 3366 736 membra
3414 696 3577 755 atque
3610 705 3641 744 a

2066 751 2178 801 suis
2221 751 2449 805 invicem
2498 755 2706 809 divulsa
2752 764 3105 830 compagibus
3151 767 3399 827 immensi
3438 751 3645 833 doloris

2066 852 2332 906 generare
2370 844 2699 909 cruciatum,
2734 847 2811 902 ita
2839 865 2962 904 cum
2999 855 3179 910 anima
3214 870 3367 916 extra
3395 865 3640 923 ordinem

2064 937 2226 998 atque
2258 946 2598 1002 compagem,
2628 936 2711 988 vel
2736 952 2856 990 eam
2895 940 3236 999 harmoniam
3262 965 3366 1018 qua
3400 954 3465 1007 ad
3500 955 3640 1011 bene

2062 1022 2332 1089 agendum
2369 1034 2423 1076 et
2456 1025 2657 1080 utiliter
2692 1029 3037 1084 sentiendum
3088 1048 3117 1086 a
3166 1036 3272 1093 Deo
3317 1055 3494 1097 cleata
3528 1056 3635 1113 est,

2062 1109 2226 1166 fuerit
2272 1114 2514 1180 inventa,
2556 1133 2653 1171 nec
2696 1118 3018 1190 sibimetipsi
3065 1130 3466 1188 rationabilium
3518 1153 3635 1193 mo—

2061 1210 2210 1255 tuum
2252 1208 2571 1275 compagine
2616 1224 2936 1275 consonare,
2971 1228 3187 1282 pinnam
3223 1224 3637 1299 cruciatumque

2058 1295 2307 1360 putanda
2347 1297 2417 1350 sit
2462 1298 2832 1369 suimetipsius
2873 1303 3015 1359 ferre
3065 1308 3295 1380 dissidii,
3343 1324 3399 1368 et
3451 1295 3635 1376 incon-

2058 1387 2269 1438 stantiae
2286 1402 2415 1452 suae,
2437 1398 2599 1458 atque
2619 1391 3034 1451 inordmationis
3063 1401 3264 1455 sentire
3282 1408 3631 1475 supplicium.

2057 1472 2189 1540 Qua:
2222 1477 2416 1533 animze
2445 1481 2728 1537 dissolutio
2756 1495 2918 1554 atque
2967 1490 3199 1545 divulsio
3246 1472 3367 1548 cum
3400 1498 3631 1557 adhibiti

2056 1563 2194 1629 ignis
2231 1566 2438 1622 ratione
2494 1569 2656 1625 fuerit
2700 1574 3007 1642 explorata,
3059 1578 3178 1633 sine
3226 1582 3388 1637 dubio
3422 1587 3488 1641 ad
3538 1589 3632 1643 lir-

2056 1653 2282 1709 miorem
2335 1658 2416 1711 sui
2464 1663 2838 1731 compaginem
2894 1665 3456 1742 instaurationemque
3502 1678 3631 1734 soli-

354 1713 533 1767 etiam
569 1716 730 1784 impie
763 1720 1135 1786 commiserat,
1172 1722 1451 1778 historiam
1500 1731 1788 1795 quamdam
1825 1748 1943 1787 sce-
1974 1732 2017 1786 B
2046 1742 2226 1803 datur,

351 1804 537 1859 let-um
572 1822 794 1863 suorum
829 1819 954 1865 ante
986 1814 1174 1868 oculos
1201 1831 1329 1870 suos
1360 1818 1566 1872 videbit
1600 1824 1938 1890 expositam;

352 1904 495 1951 tunc
523 1908 578 1953 et
608 1901 718 1969 ipsa
751 1904 1092 1957 conscientia
1135 1908 1375 1975 propriis
1420 1912 1656 1966 stimulis
1704 1916 1943 1985 agitatur

347 1995 526 2057 atque
556 1995 961 2062 compungitur,
998 2003 1052 2048 et
1099 1998 1182 2049 sui
1219 1998 1330 2066 ipsa
1364 2000 1595 2056 ellicitur
1628 2008 1939 2062 accusatrix

343 2087 401 2133 et
462 2081 639 2137 testis.
698 2078 858 2151 Quod
909 2086 979 2139 ita
1036 2089 1278 2143 sensisse
1325 2103 1452 2160 puto
1493 2096 1657 2149 etiam
1712 2097 1935 2153 Paulum

342 2172 660 2238 apostolum
689 2189 812 2227 cum
847 2175 978 2231 dicit
1032 2193 1046 2229 :
1086 2196 1103 2228 ‹
1143 2178 1290 2233 lnter
1340 2196 1397 2235 se
1446 2183 1677 2239 invicem
1728 2190 1940 2258 cogita-

342 2260 597 2317 tionibus
628 2266 1027 2331 accusantibus,
1064 2279 1160 2322 aut
1195 2271 1361 2324 etiam
1412 2274 1833 2335 defendentibus
1880 2281 1933 2335 in

338 2352 442 2408 die
489 2370 595 2424 qua
635 2355 899 2424 judicabit
948 2360 1087 2415 Deus
1146 2364 1360 2417 occulta
1396 2366 1698 2433 hominum,
1738 2387 1935 2425 secun-

337 2444 482 2498 dum
522 2445 871 2515 Evangelium
904 2463 1080 2502 meum
1112 2466 1208 2518 per
1236 2450 1422 2509 Jesum
1452 2458 1780 2514 Christum'.
1811 2480 1829 2513 ι
1855 2464 1935 2519 Ex

332 2546 459 2603 quo
491 2533 812 2601 intelligitur
844 2539 987 2603 quod
1034 2539 1180 2593 circa
1233 2545 1406 2609 ipsam
1436 2547 1633 2602 animm
1677 2552 1938 2608 substan-

334 2623 487 2675 tiam
527 2632 794 2677 tormenta
829 2625 1072 2693 quredam
1113 2642 1181 2681 ex
1217 2630 1349 2699 ipsis
1379 2645 1724 2702 peccatorum
1760 2645 1939 2700 noxiis

333 2710 641 2768 aﬂ'ectibus
673 2727 1025 2783 generantur.

412 2819 473 2874 5.
514 2820 579 2875 Et
607 2837 675 2877 ne
723 2825 858 2881 satis
891 2827 986 2882 tibi
1018 2830 1177 2899 hujus
1212 2833 1289 2885 rei
1343 2835 1653 2907 intellectus
1685 2841 1928 2899 dimcilis

332 2923 625 2981 appareat,
679 2917 1013 2973 considerari
1061 2924 1321 2988 possibile
1357 2935 1441 2980 est
1476 2944 1543 2984 ex
1593 2931 1677 2986 his
1710 2937 1922 3003 passio-

334 3016 477 3054 num
506 3001 677 3068 vitiis,
708 3020 827 3074 qua:
857 3007 1144 3065 animabus
1189 3014 1440 3070 accidere
1488 3018 1683 3085 solent,
1711 3001 1787 3076 vid
1817 3034 1924 3087 est,
1955 3058 1996 3113 ο
2036 3001 2250 3107 ieram,

336 3104 465 3113 ψη
510 3092 589 3113 Μ.
640 3092 869 3113 ηηω.-
928 3112 935 3113 ,
1076 3099 1087 3110 .
1146 3106 1147 3109 η
1304 3103 1314 3113 .
1468 3106 1563 3113 .---

332 3104 468 3144 cum
510 3092 591 3145 vel
638 3092 874 3150 ﬂammis
918 3099 1120 3153 amoris
1142 3103 1415 3168 ‘gexuritur
1458 3106 1569 3179 (49)
1604 3113 1805 3180 anima,
1838 3115 1923 3169 vel

339 3182 475 3250 zeli,
523 3183 609 3237 vel
658 3184 844 3242 livoris
900 3190 1119 3258 ignibus
1150 3205 1490 3263 maceratur;
1540 3209 1633 3252 aut
1683 3217 1803 3255 cum
1839 3206 1919 3259 ira

334 3274 606 3345 agitatur,
635 3276 716 3332 vel
739 3293 861 3332 cum
893 3281 1138 3350 insanire,
1166 3286 1249 3339 vel
1285 3287 1522 3343 tristitiae
1549 3290 1921 3349 immensitate

332 3368 703 3435 consumitur,
745 3374 1015 3439 quomodo
1047 3374 1239 3429 horum
1289 3368 1555 3433 malorum
1608 3383 1919 3444 nimietates

334 3456 605 3527 aliquanti
656 3462 1075 3518 intolerabiliter
1123 3465 1387 3537 ferentes,
1430 3485 1659 3527 mortem
1713 3480 1916 3544 subire,

333 3561 504 3619 quam
537 3548 651 3621 (50)
680 3553 1054 3623 hujuscemodi
1089 3563 1363 3618 cruciatus
1393 3569 1621 3635 perpeti,
1664 3571 1917 3627 tolerabi—

334 3637 442 3694 lius
481 3641 739 3698 habuere.
791 3644 1058 3716 Requircs
1108 3666 1242 3707 sane
1284 3655 1328 3708 si
1382 3656 1465 3710 his
1508 3659 1599 3727 qui
1658 3661 1915 3718 vitiorum

335 3732 497 3786 malis
532 3734 650 3788 istis
695 3751 816 3804 quae
860 3754 1023 3808 supra
1072 3742 1331 3812 diximus,
1370 3747 1564 3802 irretiti
1621 3762 1767 3820 sunt,
1814 3770 1915 3811 nec

334 3824 735 3880 emendationis
760 3828 967 3898 aliquid
997 3830 1049 3884 in
1078 3832 1183 3888 hac
1211 3837 1321 3890 vita
1350 3838 1528 3894 adhuc
1555 3844 1719 3910 positi
1764 3861 1915 3899 com-

332 3926 531 3982 parare
583 3918 800 3973 sibimet
838 3932 1152 3991 potuerunt,
1204 3936 1262 3982 et
1309 3929 1379 3983 ita
1428 3944 1494 3989 ex
1548 3933 1652 3987 hoc
1708 3936 1911 3990 mundo

332 4006 741 4078 abscesserunt,
796 4014 1027 4072 sulIiclat
1075 4019 1182 4074 illis
1232 4021 1298 4073 ad
1347 4035 1561 4089 poenam
1610 4025 1752 4093 quod
1802 4026 1908 4081 illis

332 4098 468 4167 ipsis
497 4104 917 4168 perdurantibus
958 4109 1011 4162 in
1058 4124 1115 4165 se
1142 4112 1318 4166 noxiis
1350 4113 1633 4168 ail‘ectibus
1659 4118 1909 4172 crucian-

332 4196 440 4255 tur,
493 4192 545 4246 id
588 4202 692 4259 est,
723 4195 807 4250 vel
856 4198 973 4263 irae,
1020 4199 1101 4254 vel
1152 4200 1374 4264 furoris,
1408 4204 1492 4256 vel
1535 4204 1778 4273 insaniae,
1822 4207 1906 4261 vel

332 4286 605 4351 mroris,
638 4302 867 4357 quorum
912 4288 1099 4357 utique
1162 4290 1505 4347 mortiferum
1560 4296 1709 4350 virus
1756 4298 1904 4353 nullo

332 4373 385 4429 in
416 4376 524 4432 hac
566 4378 673 4433 vita
708 4383 1109 4438 emendationis
1158 4384 1555 4440 medicamento
1603 4387 1900 4456 mitigatum
1941 4408 1984 4461 ο
2015 4373 2390 4465 languentibus
2430 4401 2710 4468 adhibent,
2745 4414 2801 4458 ut
2832 4420 2928 4475 per
2960 4422 3121 4463 curas

396 4516 418 4545 ³
451 4513 698 4581 Romm,
726 4518 814 4583 l3,
854 4519 943 4578 16.
1038 4522 1058 4553 ³
1102 4524 1259 4580 Deut.
1294 4538 1483 4578 xxvnt.

397 4653 861 4731 (4§)_Contr_aria.
915 4660 1073 4731 Deest
1123 4660 1176 4713 in
1225 4663 1494 4729 prioribus
1539 4664 1890 4731 editionibus,

330 4725 428 4803 sed
453 4725 682 4780 habetur
711 4728 922 4803 ininss.
957 4730 1121 4783 Paulo
1148 4725 1264 4798 post
1298 4747 1452 4796 mss.,
1490 4752 1508 4783 ‹
1546 4725 1893 4803 intemperies

328 4794 566 4873 eollecta
599 4798 880 4873 materiam
911 4794 1288 4873 __suggesscrit,
1351 4820 1369 4850 ι
1421 4794 1569 4857 Alias
1592 4794 1742 4873 pro}
1781 4808 1892 4861 col-

330 4861 464 4916 lecta
502 4883 521 4915 ι
553 4864 752 4933 legitur
782 4886 800 4918 ‹
839 4861 1142 4923 collectam.
1184 4889 1200 4919 ι

398 4934 509 5004 (47)
555 4934 866 5013 Ita__anim_a
912 4955 1027 4991 cum
1056 4940 1439 4993 multitudinem
1476 4943 1739 5013 malarum
1774 4961 1891 5013 ape-

327 5016 463 5067 rum,
495 5015 604 5060 etc.
639 5005 791 5061 Hunc
833 5007 1011 5085 locum
1056 5016 1367 5085 summatim
1405 5012 1568 5085 refert
1620 5005 1889 5085 Hierony-

328 5086 442 5154 mus
468 5076 625 5143 epist.
654 5076 723 5129 94
751 5077 817 5128 ad
843 5076 1057 5131 Avitum
1090 5080 1175 5154 his
1195 5079 1371 5154 verbis
1395 5096 1409 5133 :
1443 5099 1461 5131 ‹
1500 5081 1654 5151 Ignes
1676 5076 1892 5154 quoque

327 5143 581 5221 gehennae
607 5155 660 5197 et
689 5153 955 5221 tormenta
996 5163 1115 5215 qua:
1144 5148 1423 5221 Scriptura
1468 5143 1654 5205 sancta
1695 5143 1886 5221 pecca-

328 5213 533 5291 toribus
586 5216 967 5291 comminatur,
1004 5213 1107 5291 non
1144 5213 1293 5284 ponit
1320 5218 1621 5291 (Origenes)
1668 5213 1718 5275 iu
1761 5239 1889 5291 sup-

328 5279 517 5359 pliciis,
554 5288 645 5338 sed
676 5286 727 5337 in
759 5279 1091 5359 conscientia
1138 5279 1507 5355 peccatorum,
1535 5279 1748 5359 quando
1788 5279 1882 5349 Dei

324 5350 524 5406 virtute
558 5364 613 5407 et
651 5357 885 5423 potentia
916 5357 1096 5410 omnis
1128 5350 1384 5412 memoria
1413 5350 1729 5414 delictorum
1755 5372 1883 5420 ante

323 5423 503 5496 oculos
530 5432 754 5496 nostros
783 5426 1097 5496 ponitur,et
1145 5427 1304 5480 veluti
1333 5443 1400 5482 ex
1432 5430 1751 5496 quibusdam
1792 5448 1880 5486 se-

325 5489 553 5546 minibus
591 5493 642 5545 in
670 5489 853 5547 anima
894 5495 1193 5562 derelictis,
1226 5489 1475 5552 universa
1507 5498 1764 5553 vitiorum
1797 5517 1882 5556 se-

321 5570 411 5625 ges
451 5562 732 5628 exoritur,
785 5572 840 5617 et
879 5562 1143 5633 quidquid
1192 5566 1495 5622 feceramus
1544 5568 1597 5622 in
1642 5569 1752 5623 vita
1799 5571 1883 5625 vel

324 5634 473 5699 turpe
500 5633 587 5687 vel
614 5634 858 5704 impium,
887 5638 1065 5689 omnis
1088 5649 1276 5690 eorum
1299 5637 1353 5691 in
1374 5648 1666 5708 conspectu
1697 5648 1883 5696 nostro

2115 1857 2167 1910 Ε.
2206 1859 2368 1914 Multa
2417 1874 2544 1917 sunt
2576 1866 2737 1920 etiam
2770 1868 2875 1922 alia
2904 1884 3022 1937 quae
3052 1886 3151 1928 nos
3174 1872 3368 1943 latent,
3399 1892 3519 1948 quae
3552 1881 3628 1937 illi

2044 1948 2145 2002 soli
2187 1952 2399 2020 cognita
2456 1965 2604 2019 sunt,
2637 1960 2728 2027 qui
2767 1968 2851 2014 est
2893 1959 3133 2017 medicus
3175 1967 3480 2023 animarum
3523 1986 3626 2026 no-

2042 2049 2306 2094 strarum.
2349 2041 2408 2096 Si
2445 2046 2587 2099 enim
2640 2049 2706 2103 ad
2759 2055 3007 2119 corporis
3052 2057 3341 2112 sanitatem
3403 2074 3501 2129 pro
3540 2062 3627 2117 his

2042 2130 2188 2185 vitiis
2216 2147 2334 2199 quae
2369 2149 2464 2201 per
2496 2150 2676 2190 escam
2726 2152 3024 2212 potumque
3064 2146 3399 2216 collegimus,
3432 2163 3626 2207 neces-

2042 2223 2242 2277 sariam
2299 2225 2563 2281 habemus
2609 2230 2881 2287 interdum
2930 2239 3248 2294 austerioris
3303 2255 3368 2296 ac
3403 2245 3623 2298 morda-

2040 2313 2206 2369 eioris
2242 2314 2353 2386 (52)
2388 2318 2766 2376 medicamenti
2796 2339 3020 2391 curam;
3053 2343 3437 2401 nonnunquam
3467 2351 3620 2400 vero,

2040 2404 2082 2457 si
2136 2404 2188 2457 id
2244 2406 2361 2459 vitii
2410 2398 2643 2476 qualitas
2686 2413 3088 2483 depoposcerit,
3153 2398 3334 2490 rigore
3383 2422 3514 2480 ferri
3564 2398 3622 2482 et

2040 2497 2297 2552 sect-iouis
2339 2502 2634 2570 asperitate
2664 2505 3000 2575 indigemus;
3049 2513 3192 2582 quod
3232 2516 3275 2570 si
3307 2517 3472 2571 etiam
3505 2518 3622 2574 haec

2040 2600 2425 2655 supergressus
2484 2591 2652 2646 fuerit
2714 2599 2888 2651 morbi
2951 2602 3176 2667 modus,
3225 2605 3294 2659 ad
3364 2605 3619 2662 ultimum

2040 2689 2362 2745 conceptum
2388 2679 2581 2734 vitium
2615 2684 2779 2738 etiam
2820 2687 2961 2755 ignis
2998 2694 3221 2759 exurit;
3268 2706 3471 2764 quanto
3503 2713 3618 2753 ma-

2039 2767 2122 2836 gis
2174 2767 2584 2839 intelligendum
2635 2782 2719 2827 est
2757 2786 2812 2829 et
2864 2778 3009 2834 hunc
3059 2784 3325 2839 medicum
3371 2798 3617 2844 nostrum

2039 2858 2206 2912 Deum
2238 2860 2507 2924 volentem
2538 2864 2749 2920 diluere
2777 2866 2907 2921 vitia
2941 2871 3244 2926 animarum
3278 2885 3613 2947 nostrarum,

2037 2962 2157 3016 quae
2185 2964 2253 3003 ex
2290 2955 2638 3018 peccatorum
2687 2964 2741 3009 et
2782 2957 3050 3013 scelerum
3086 2961 3403 3021 diversitate
3451 2968 3616 3024 colle-

2285 3042 2361 3094 uti
2411 3042 2778 3113 hujuscemodi
2816 3051 3125 3115 pmnalibus
3170 3056 3338 3122 curis,
3385 3059 3612 3128 insuper

2030 3126 2193 3181 etiam
2231 3129 2369 3197 ignis
2400 3130 2606 3186 inferre
2657 3134 2987 3202 supplicium
3038 3137 3124 3193 his
3168 3128 3281 3207 qui.
3315 3126 3609 3200 sanitatem

2029 3218 2224 3273 anima:
2300 3221 2692 3288 perdiderunt?
2753 3219 2918 3291 Cujus
2966 3228 3046 3282 rei
3115 3230 3271 3301 103
3341 3233 3611 3305 imagines

2028 3310 2189 3364 etiam
2222 3311 2275 3364 in
2313 3311 2609 3383 Scripturis
2648 3318 2855 3372 sanctis
2903 3319 3236 3376 referuntur.
3275 3325 3516 3396 Denique
3551 3328 3606 3381 in

2028 3398 2444 3456 Deuteronomio
2490 3419 2669 3459 sermo
2704 3406 2918 3462 divinus
2959 3412 3333 3477 peccatoribus
3378 3418 3608 3472 commi-

2029 3492 2245 3556 natur',
2270 3495 2411 3561 quod
2444 3494 2687 3553 febribus
2722 3509 2776 3554 et
2807 3501 3102 3570 frigoribus
3131 3513 3186 3557 et
3220 3506 3466 3575 aurigine
3504 3524 3604 3577 pu-

2026 3582 2263 3648 nientur,
2284 3592 2340 3637 et
2372 3584 2649 3640 oculorum
2678 3590 3131 3655 vacillationibus,
3160 3601 3215 3646 et
3248 3596 3444 3651 mentis
3472 3598 3604 3653 alie-

2026 3672 2268 3738 natione,
2313 3684 2369 3729 et
2420 3677 2757 3747 paraplexia,
2790 3690 2844 3735 et
2895 3681 3161 3743 caecitate.
3213 3700 3278 3740 ac
3322 3687 3602 3746 debilitate

2024 3778 2217 3818 renum
2237 3767 2518 3822 cruciandi
2541 3770 2670 3827 sint.
2692 3770 2747 3825 Si
2775 3772 2898 3840 quis
2926 3772 3091 3843 igitur
3115 3791 3182 3830 ex
3210 3778 3321 3835 otio
3351 3779 3419 3834 de
3447 3783 3599 3839 omni

2019 3854 2302 3924 Scriptura
2343 3869 2632 3929 congreget
2672 3877 2862 3920 omnes
2893 3867 3211 3937 languorum
3256 3884 3597 3928 commemo-

2022 3947 2280 4013 rationes,
2308 3964 2428 4018 quae
2486 3952 2540 4005 in
2602 3955 3021 4013 comminatione
3052 3957 3160 4031 (55)
3215 3965 3596 4029 peccatoribus

2018 4036 2165 4089 velut
2221 4053 2608 4108 corporearum
2681 4046 3063 4116 aegritudinum
3135 4054 3593 4121 appellationibus

2017 4141 2417 4195 memorantur,
2451 4133 2692 4189 inveniet
2720 4139 2861 4205 quod
2892 4141 3195 4196 animarum
3226 4144 3310 4199 vel
3338 4147 3488 4211 vitia,
3508 4152 3594 4204 vel

2014 4220 2273 4287 supplicia
2321 4238 2417 4291 per
2464 4226 2566 4279 hoc
2600 4225 2901 4295 figuraliter
2936 4232 3269 4287 iudicentur.
3302 4236 3372 4290 Ut
3405 4247 3588 4294 autem

2014 4306 2379 4377 intelligamus
2427 4313 2550 4380 quia
2587 4328 2649 4366 ea
2685 4315 2896 4369 ratione
2930 4332 3035 4385 qua
3072 4320 3269 4375 medici
3318 4322 3587 4390 adjutoria

3160 4424 3412 4481 reparent
3439 4421 3587 4473 sani.

2004 4666 2215 4746 pictura
2246 4668 2593 4746 describitur,
2628 4685 2689 4726 ac
2724 4675 3033 4746 prmteritas
3080 4677 3386 4746 voluptates
3428 4698 3581 4738 mens

2003 4738 2219 4817 intuens
2255 4739 2600 4817 conscientiae
2631 4738 2852 4809 punitur
2876 4746 3094 4812 ardore,
3132 4756 3186 4800 et
3208 4738 3580 4817 paenitudinis

2002 4807 2240 4860 stimulis
2273 4808 2600 4865 confoditur.
2632 4807 2660 4861 ἰ
2694 4844 2699 4845 ν

2072 4877 2185 4945 (48)
2238 4876 2329 4932 Sic
2364 4894 2496 4934 mss.
2546 4881 2713 4945 Alias,
2749 4900 2768 4931 ‹
2804 4891 2965 4952 atque
3006 4885 3328 4954 supplicium
3364 4890 3576 4947 inﬂam-

2000 4954 2202 5001 matur.
2245 4964 2262 4996 ι

2070 5013 2336 5087 (49)ίνει
2383 5018 2616 5085 ﬂammis
2662 5023 2861 5075 amaris
2905 5025 3166 5080 exuritur.
3212 5025 3289 5082 Ita
3337 5045 3470 5085 mss.
3515 5033 3573 5086 In

1995 5086 2158 5140 editis
2187 5086 2338 5140 deest
2368 5090 2449 5140 vel
2474 5098 2528 5143 et
2552 5091 2773 5143 amoris.

2064 5152 2179 5232 (ὄρ)
2219 5153 2296 5232 lt_a
2351 5160 2695 5232 mss._Alias,
2744 5181 2762 5211 ‹
2820 5164 2915 5216 irae
2958 5162 3199 5232 agitatur
3244 5167 3455 5222 insania
3489 5170 3572 5223 vel

1994 5224 2621 5301 tristitizeimmensitate
2663 5224 3028 5295 consumituF,
3075 5238 3329 5301 quoniam
3372 5239 3568 5301 horum

1990 5295 2257 5370 malorum
2297 5295 2525 5352 durities
2556 5299 2819 5370 aliquanti
2868 5295 3288 5360 intolerabiliter
3332 5296 3567 5360 ferentes

1989 5364 2125 5417 mori
2153 5378 2337 5433 quam,
2374 5384 2393 5417 ι
2433 5375 2541 5421 etc.

2062 5432 2185 5503 (δη
2218 5434 2309 5488 Sic
2340 5451 2469 5491 mss.
2508 5437 2675 5502 Alias,
2718 5457 2737 5491 ‹
2773 5441 3025 5495 aliorum.
3064 5460 3082 5492 ι

2205 5503 2301 5592 .lta
2340 5522 2473 5592 mss.
2504 5508 2676 5592 'Alias,
2712 5511 3174 5592 «.moderatioris.
3206 5530 3225 5563 ι
3390 5584 3401 5592 Α
3439 5575 3451 5592 1
3529 5580 3541 5592 .

2062 5572 2172 5643 (55)
2204 5573 2260 5626 ln
2297 5575 2456 5629 editis
2485 5576 2638 5629 deest
2666 5572 2692 5628 ⁷‹
2737 5578 2788 5631 in
2821 5579 3262 5643 comminatione,
3296 5599 3315 5629 ν
3352 5584 3409 5631 et
3439 5575 3576 5645 legio

1992 5648 2109 5711 tur,
2139 5660 2158 5695 ι
2190 5658 2312 5713 quae
2336 5645 2403 5700 de
2434 5648 2835 5715 peccatoribus.
2871 5666 2891 5698 ο

3543 290 3650 348 258

3641 5506 3657 5541 ,1
