4014 6142
515 318 582 372 39
1706 311 2022 367 OBIGENIS

2138 316 2220 368 IPI
2260 316 2490 369 ΑΡΧΩΝ

3618 314 3727 371 910

481 448 669 503 tatem,
710 437 871 492 etiam
914 438 1051 491 Deus
1083 435 1192 503 agit
1222 436 1365 489 circa
1404 450 1500 490 eos
1533 435 1622 505 qui
1657 435 1793 504 lapsi
1825 447 1971 494 sunt.
1998 444 2051 490 et
2081 442 2124 497 Α
2158 437 2410 502 puritatis
2440 444 2709 505 assumpta
2731 444 2833 502 est,
2854 451 2973 505 quae
2995 436 3180 506 utique
3204 452 3330 506 pars
3353 444 3537 507 utpote
3556 434 3728 492 amica

480 533 799 586 deciderunt
854 532 904 584 iu
967 540 1203 598 peccata,
1257 529 1459 582 iudicio
1505 538 1585 582 est
1633 539 1687 582 et
1735 529 1862 582 illud
1910 530 2044 597 (54),

479 625 621 691 quod
655 640 750 692 per
780 621 1066 677 Jeremiam
1113 622 1433 689 prophetam
1477 620 1698 688 jubetur
1723 620 1860 674 calix
1897 620 2041 673 furo-

481 716 556 769 ris
587 716 699 785 (55)
736 714 825 765 Dei
874 712 1141 780 propitiari
1180 711 1433 765 omnibus
1464 712 1710 781 gentibus
1748 721 1806 764 ut
1837 712 2042 772 bibant,

476 817 528 859 et
588 790 878 866 insaniant,
928 813 981 857 et
1038 803 1349 857 evomant".
1397 804 1450 856 In
1515 820 1624 873 quo
1686 805 2046 857 comminatur

476 896 717 956 dicens",
753 895 875 963 quia
902 895 946 947 si
976 895 1098 963 quis
1143 897 1372 949 uoluerit
1416 895 1620 959 bibere,
1661 909 1766 946 non
1820 896 2045 947 munda-

450 986 635 1040 .bitnr.
682 985 753 1037 Ex
811 1000 920 1053 quo
964 988 1153 1056 utique
1202 987 1520 1053 intelligitur
1548 990 1688 1056 quod
1744 986 1895 1040 furor
1929 987 2046 1039 vin-

473 1076 625 1128 dictae
663 1073 751 1127 Dei
790 1076 854 1126 ad
895 1076 1269 1143 purgationem
1303 1076 1521 1144 proﬁcit
1548 1076 1872 1130 animarum.
1902 1077 2045 1142 Quo-

472 1166 615 1217 niam
656 1174 834 1217 autem
860 1165 970 1235 (56)
997 1179 1047 1220 ct
1077 1181 1137 1219 ea
1174 1182 1330 1236 poena
1362 1182 1478 1235 qua:
1519 1183 1614 1236 per
1643 1167 1817 1236 ignem
1857 1168 2043 1221 inferri

470 1256 664 1309 dicitur
713 1256 851 1327 (57),
905 1272 1000 1324 pro
1044 1259 1312 1327 adjutorio
1388 1259 1706 1329 intelligitur
1771 1260 2036 1322 adhiberi,

470 1346 636 1401 Isaias
669 1346 959 1415 docet,qui
988 1348 1052 1400 de
1083 1348 1247 1401 Israel
1275 1350 1491 1417 quidem
1521 1350 1598 1404 sic
1624 1334 1786 1403 dicit:
1815 1349 2043 1401 «Abluet

471 1437 731 1493 Dominus
763 1440 950 1492 sordes
982 1438 1237 1505 ﬁliorum,
1272 1440 1353 1493 vel
1388 1441 1615 1494 ﬁliarum
1654 1442 1805 1505 Sion,
1832 1452 1886 1495 et
1919 1458 2039 1496 san-

471 1530 687 1598 guinem
734 1531 1052 1599 expurgabit
1091 1546 1118 1583 c
1156 1532 1333 1584 medio
1366 1531 1606 1600 ipsorum
1635 1534 1826 1602 Spiritu
1850 1534 2040 1600 judicii

469 1631 523 1675 et
562 1622 755 1690 spiritu
801 1623 1026 1675 ustiouis
1051 1623 1090 1676 ⁸.
1134 1643 1151 1675 ι
1196 1624 1268 1677 De
1298 1623 1568 1678 Chaldaeis
1623 1634 1799 1676 autem
1832 1625 1910 1679 sic
1963 1626 2041 1679 di-

469 1714 541 1767 cit
590 1713 742 1782 (58):
775 1732 791 1764 ι
830 1713 1002 1767 llabes
1050 1715 1314 1768 carbones
1368 1716 1526 1782 ignis,
1555 1716 1680 1768 sede
1729 1732 1887 1785 super
1922 1732 2037 1781 eos,

469 1805 521 1857 bi
579 1815 736 1858 erunt
788 1805 879 1857 tibi
937 1805 989 1857 in
1051 1804 1370 1872 atljutorio7.
1404 1826 1420 1857 ι
1462 1808 1524 1860 Et
1579 1809 1629 1859 in
1682 1807 1803 1860 aliis
1858 1808 2032 1863 dicit:

472 1914 493 1946 ‹
529 1895 902 1950 Sanctiﬁcabit
934 1897 1189 1951 Dominus
1221 1898 1410 1967 iuigue
1472 1900 1699 1952 ardenti.
1732 1900 1795 1952 Et
1841 1901 1891 1953 iu
1925 1900 2038 1954 Ma-

468 1984 646 2039 lacbia
682 1988 940 2055 prOpbeta
975 1988 1107 2041 dicit
1139 2006 1152 2041 :
1192 2006 1209 2037 ι
1245 1988 1450 2042 Sedens
1478 1988 1736 2043 Dominus
1766 1991 1877 2060 (59)
1910 2006 2037 2043 con-

465 2074 708 2140 ﬂabit,et
737 2078 1010 2146 purgabit,
1052 2089 1106 2132 et
1139 2078 1325 2132 fundet
1353 2094 1604 2149 purgatos
1625 2081 1762 2134 filios
1791 2080 1984 2134 Juda“.
2014 2101 2031 2132 ι

536 2168 588 2222 7.
625 2167 728 2221 Sed
754 2178 807 2221 et
830 2170 959 2221 illud
988 2170 1127 2235 quod
1156 2171 1219 2221 de
1248 2170 1716 2238 dispensatorilms
1744 2187 1846 2224 non
1876 2173 2037 2227 bouis

406 2282 411 2283 ν
467 2260 519 2312 in
550 2259 837 2328 Evangelio
878 2262 1077 2314 dictum
1134 2262 1272 2325 est”,
1306 2262 1395 2328 qui
1447 2261 1719 2314 dividendi
1758 2263 2033 2325 dicuntur,

464 2358 518 2403 et
560 2365 685 2418 pars
732 2365 917 2404 eorum
955 2366 1077 2405 cum
1122 2351 1433 2404 inﬁdelibus
1483 2352 1629 2420 poni,
1668 2362 1921 2421 tauquam
1972 2369 2034 2407 ea

462 2455 593 2509 pars
620 2457 740 2509 qua:
762 2440 1002 2511 ipsorum
1029 2442 1242 2509 propria
1274 2455 1380 2494 non
1406 2441 1495 2505 sit,
1524 2443 1783 2496 aliorsum
1814 2445 1886 2497 sit
1913 2445 2038 2497 mit-

464 2532 625 2586 tenda
648 2532 795 2602 (60),
827 2532 947 2585 sine
981 2532 1144 2584 dubio
1178 2547 1346 2600 genus
1386 2533 1600 2600 aliquod
1634 2535 1831 2589 iudicat
1864 2551 2035 2605 poenae

459 2638 668 2689 eorum,
725 2639 978 2689 quorum.
1020 2632 1077 2675 ιιι
1134 2623 1263 2675 mihi
1318 2623 1919 2694 videtur,separandus
1966 2629 2034 2683 ab

459 2714 642 2767 anima
699 2714 919 2782 spiritus
982 2713 1272 2767 indicatur.
1320 2712 1418 2778 Qui
1463 2716 1686 2783 spiritus
1725 2718 1769 2770 si
1812 2719 2030 2783 quidem

460 2806 654 2861 divinae
688 2818 915 2870 natura},
946 2806 997 2859 id
1024 2815 1107 2860 est
1142 2805 1378 2875 Spiritus
1406 2818 1629 2861 sanctus
1656 2807 2033 2877 intelligendus

460 2907 572 2961 est,
610 2898 908 2951 sentiemus
942 2898 1043 2950 hoc
1074 2896 1275 2951 dictmn
1306 2897 1370 2951 de
1403 2900 1545 2951 d0u0
1569 2896 1799 2967 Spiritus
1826 2896 2028 2963 sancti;

458 2990 624 3057 quod,
650 2988 763 3041 sive
790 3003 883 3056 per
920 2987 1267 3056 baptismum,
1295 2988 1409 3041 sive
1430 3003 1523 3056 per
1546 2989 1775 3055 gratiam
1794 2988 2031 3057 Spiritus

2149 534 2202 577 et
2247 526 2412 578 chara
2467 527 2707 579 materim
2745 542 2866 579 cmn
2900 526 3195 580 infidelium
3237 534 3380 579 sorte
3415 527 3726 583 mulctatur.

2152 619 2345 670 Potest
2388 627 2565 670 autem
2601 626 2651 670 et
2691 620 2854 672 tertio
2885 634 3042 672 sensu
3084 617 3211 670 illttd
3242 618 3464 687 intelligi
3493 619 3558 673 de
3593 621 3729 673 divi-

2150 708 2302 761 sione
2324 708 2566 777 ista(6?.),
2588 719 2643 760 ut
2661 709 2912 776 quoniam
2935 708 3227 777 unicuique
3252 707 3490 761 fidelium
3513 709 3729 765 etiamsi

2148 798 2404 851 minimus
2434 798 2504 851 sit
2539 801 2589 852 in
2628 799 2887 864 Ecclesia,
2933 800 3124 851 adesse
3156 800 3609 889 angelusdit-itur
3635 803 3725 868 qui

2148 891 2309 941 etiam
2344 906 2556 958 semper
2587 890 2768 944 ridere
2798 890 2989 945 faciem
3036 892 3127 944 Dei
3163 892 3345 945 Patris
3379 909 3406 944 a
3446 891 3728 946 Salvatore

2148 980 2465 1048 perhibetur
2497 981 2562 1045 ¹⁰,
2598 990 2650 1033 et
2684 980 2769 1034 hic
2801 982 2987 1051 utique
3013 998 3179 1036 unmn
3208 994 3325 1036 erat
3371 998 3490 1036 cum
3537 998 3601 1037 eo
3635 986 3724 1052 qui

2148 1080 2399 1139 prmerat,
2441 1071 2484 1123 si
2543 1072 2588 1124 is
2643 1085 2738 1137 per
2797 1070 3216 1124 inobedieutiam
3270 1072 3537 1125 eﬂiciatur
3583 1072 3725 1125 iudi-

2147 1177 2304 1230 gnus,
2330 1159 2530 1213 auferri
2558 1159 2626 1213 ab
2653 1174 2717 1212 eo
2746 1160 2835 1212 Dei
2859 1160 2971 1229 (63)
2992 1160 3216 1228 angelus
3249 1160 3481 1224 dicatur,
3517 1168 3569 1213 et
3599 1171 3725 1213 tunc

2150 1267 2278 1321 pars
2311 1253 2450 1320 ejus,
2489 1252 2538 1304 id
2565 1262 2644 1305 est
2670 1251 2919 1304 humana:
2952 1260 3156 1305 naturte
3186 1267 3311 1321 pars
3334 1252 3525 1304 avulsa
3556 1269 3584 1305 a
3620 1252 3717 1306 Dei

2151 1353 2303 1411 parte
2335 1357 2457 1396 cum
2499 1343 2802 1396 inﬁdelibus
2845 1342 3156 1411 deputetur,
3186 1344 3439 1411 quoniam
3474 1359 3717 1400 commo-

2144 1436 2378 1489 nitiones
2435 1434 2663 1503 appositi
2720 1433 2819 1487 sibi
2874 1448 2901 1485 a
2955 1435 3064 1487 Deo
3116 1435 3289 1504 angeli
3330 1451 3435 1487 non
3485 1435 3717 1489 tideliter

2142 1527 2461 1579 custodivil.

2212 1638 2264 1692 8.
2293 1637 2396 1692 Sed
2423 1647 2475 1691 et
2509 1639 2813 1692 exteriores
2849 1635 3124 1699 tenebras,
3147 1644 3203 1688 ut
3233 1651 3332 1703 ego
3374 1636 3589 1703 opinor,
3613 1649 3717 1689 non

2145 1739 2248 1781 tam
2291 1744 2471 1782 aerem
2516 1730 2749 1799 aliquem
2801 1730 3092 1783 obscurum
3124 1736 3176 1780 et
3208 1726 3325 1780 sine
3366 1726 3472 1781 ullo
3519 1726 3721 1780 lumine

2145 1818 2544 1887 intelligendum
2612 1829 2763 1887 puto,
2817 1834 2977 1887 quant
3046 1818 3110 1871 de
3175 1817 3259 1870 his
3299 1817 3390 1884 qui
3440 1816 3720 1886 profunda:

2142 1907 2460 1977 ignorantiae
2492 1912 2730 1964 tenebris
2760 1910 2996 1964 immersi
3031 1917 3182 1961 extra
3220 1923 3379 1962 omne
3414 1908 3717 1977 intelligen-

2142 2002 2228 2053 tiae
2271 2002 2452 2055 lumen
2489 2003 2599 2073 (64)
2639 2002 2816 2057 effecti
2854 2010 2995 2056 sunt.
3026 2001 3323 2055 Videndum
3362 2015 3575 2069 quoque
3606 2009 3711 2066 est,

2140 2108 2207 2145 ne
2253 2090 2389 2147 forte
2447 2093 2611 2147 etiam
2668 2093 2796 2146 illud
2856 2093 2957 2145 iste
3018 2106 3193 2145 sermo
3250 2091 3537 2161 signiﬁcet,
3573 2092 3716 2159 quod

2140 2186 2280 2240 sicut
2333 2188 2504 2240 sancti
2552 2202 2776 2255 corpora
2816 2202 2931 2252 sua,
2966 2186 3016 2239 in
3055 2186 3249 2256 quibus
3276 2192 3457 2237 sancte
3488 2194 3541 2237 et
3581 2198 3715 2253 pure

2140 2274 2191 2328 in
2246 2276 2410 2345 hujus
2464 2277 2589 2330 vitae
2647 2277 3076 2330 habitationibus
3127 2275 3398 2338 vixerunt,
3445 2274 3621 2328 lucida
3658 2284 3717 2328 et

2139 2364 2368 2447 gloriosa
2395 2381 2459 2417 ex
2486 2365 2886 2420 resurrectione
2904 2366 3223 2434 suscipieut,
3244 2366 3314 2418 ita
3337 2373 3390 2418 et
3427 2364 3572 2432 impii
3602 2363 3717 2431 qui-

2139 2470 2242 2522 que
2278 2456 2366 2523 qui
2407 2456 2459 2509 in
2487 2457 2590 2509 hac
2616 2456 2725 2509 vita
2751 2471 2994 2510 errorum
3022 2458 3272 2511 tenebras
3289 2466 3342 2509 et
3376 2465 3582 2508 noctem
3598 2454 3712 2524 (65)

2140 2546 2459 2615 ignorantia:
2502 2548 2831 2614 dilexerunt,
2860 2550 3109 2603 obscuris
3142 2558 3195 2602 et
3226 2550 3359 2603 atris
3382 2557 3503 2616 post
3535 2564 3711 2602 resur-

2142 2636 2434 2689 rectionem
2492 2636 2809 2705 corporibus
2846 2637 3163 2703 induantur,
3201 2650 3340 2691 utea
3380 2638 3493 2706 ipsa
3530 2637 3711 2704 caligo

2208 2721 2506 2781 Hmaomn
2536 2741 2739 2783 vensro.
2781 2726 2905 2780 Nisi
2980 2728 3294 2803 ignorantia:
3340 2743 3459 2797 quae
3508 2727 3561 2781 in
3610 2728 3711 2781 hoc

2136 2815 2270 2883 forte
2294 2832 2481 2881 corpus
2519 2818 2615 2870 Ιιοε
2631 2818 2742 2887 (66)
2761 2821 2879 2888 pin-
2954 2819 3154 2873 mundo
3187 2819 3475 2873 interiores
3518 2834 3706 2872 eorum

2134 2920 2229 2971 gite
2251 2918 2401 2973 atque
2424 2916 2684 2960 terrenum
2711 2909 2880 2977 caligo
2958 2918 3171 2962 mentes
3223 2909 3515 2962 obsederat
3568 2909 3706 2978 (67),

2135 3009 2179 3049 et
2257 2999 2481 3051 tenebrtc
2548 3001 2883 3054 nominanda
2957 3001 3009 3055 in
3080 3000 3260 3054 futuro
3316 3015 3413 3070 per
3468 3001 3708 3055 exterius

460 3093 581 3131 cum
618 3078 775 3131 alicui
806 3092 990 3131 sermo
1018 3079 1320 3144 sapientiai,
1343 3079 1421 3131 rel
1444 3094 1620 3131 sermo
1659 3081 1915 3143 scientize,
1954 3084 2035 3134 vel
2065 3091 2105 3147 ο
2138 3102 2277 3152 sum,
2325 3106 2415 3157 per
2459 3090 2597 3158 quod
2650 3106 2891 3144 consum-
2964 3091 3210 3160 corporis
3245 3100 3502 3161 appareat
3545 3076 3706 3145 indu-

460 3168 679 3222 alterius
728 3168 985 3236 cujusque
1020 3169 1181 3223 datus
1234 3180 1317 3222 est
1352 3168 1462 3238 (61)
1494 3170 1643 3234 doni,
1676 3180 1729 3224 et
1754 3187 1855 3225 non
1890 3182 2032 3227 recte

464 3259 896 3319 administratus,
940 3259 989 3311 id
1044 3269 1121 3311 est
1178 3269 1270 3311 aut
1299 3261 1364 3311 ad
1403 3271 1601 3313 terram
1648 3262 1890 3316 defOSsus
1926 3274 2030 3325 est,

458 3360 551 3403 aut
603 3350 655 3402 in
708 3349 923 3403 Sudario
983 3349 1286 3418 colligatus,
1349 3349 1622 3404 auferetur
1673 3352 1914 3417 profecto
1962 3354 2029 3406 ab

457 3442 633 3493 anima
667 3442 863 3492 donum
909 3438 1163 3506 Spiritus,
1213 3449 1263 3492 et
1292 3455 1415 3508 pars
1448 3442 1651 3510 reITqua
1685 3457 1805 3509 quae
1839 3457 2029 3513 Super-

455 3541 554 3593 est,
613 3530 661 3582 id
695 3538 775 3582 cst
808 3529 1001 3582 anima:
1049 3530 1352 3583 substantia
1380 3546 1499 3583 cum
1534 3531 1835 3587 inﬁdelibus
1860 3548 2025 3603 pone-

457 3627 563 3682 tur,
597 3618 767 3671 divisa
822 3634 882 3670 ac
937 3627 1182 3688 separata
1216 3624 1281 3673 ab
1310 3636 1373 3674 eo
1405 3621 1608 3689 Spiritu
1634 3638 1755 3676 cum
1788 3639 1895 3692 quo
1924 3626 2023 3676 ad-

444 3710 678 3779 iungens
710 3723 768 3761 se
803 3709 1033 3764 Domino
1074 3724 1213 3764 unus
1249 3710 1481 3778 Spiritus
1510 3726 1630 3766 esse
1656 3712 1937 3768 debuerat.
1964 3712 2019 3769 Si

453 3813 582 3852 vero
614 3801 715 3853 hoc
745 3818 847 3853 non
880 3803 945 3855 de
976 3802 1064 3855 Dei
1107 3802 1336 3871 Spiritu,
1380 3804 1475 3856 sed
1512 3805 1577 3856 de
1615 3804 1807 3857 anima:
1853 3805 2021 3873 ipsius

456 3899 647 3942 natura
679 3892 1083 3960 intelligendum
1106 3904 1208 3954 est,
1236 3908 1364 3961 pars
1395 3893 1510 3961 ejus
1539 3893 1729 3947 melior
1756 3894 1843 3948 illa
1869 3895 2019 3949 dice-

455 3988 545 4035 tur
567 3996 684 4049 qute
705 3981 769 4034 ad
799 3983 1087 4049 imaginem
1114 3983 1204 4036 Dei
1234 3992 1289 4036 et
1321 3982 1730 4037 similitudinem
1757 3982 1891 4036 facta
1910 3994 2018 4050 est;

452 4074 557 4127 alia
592 4085 769 4127 autem
815 4090 954 4143 pars,
986 4090 1045 4128 ea
1081 4089 1195 4143 qua:
1243 4075 1583 4143 postmodum
1619 4090 1714 4142 per
1743 4074 1894 4128 liberi
1928 4091 2019 4128 ar-

448 4163 597 4217 bitrii
632 4164 835 4232 lapsum
876 4173 1067 4217 contra
1095 4171 1341 4215 naturam
1382 4162 1567 4229 prima:
1600 4163 1925 4216 conditionis
1967 4173 2021 4217 et

519 4255 541 4285 ⁸
573 4254 683 4307 Jer.
718 4270 843 4315 xxv,
882 4254 967 4307 l5.
1072 4253 1092 4283 ⁵
1133 4252 1291 4319 lbid.,
1320 4251 1409 4306 28.
1515 4250 1535 4281 ⁶
1562 4251 1665 4305 lsa.
1710 4267 1784 4316 tv,
1817 4252 1870 4306 4.

450 4325 491 4355 ¹⁰
542 4323 731 4377 Matth.
772 4324 1031 4389 xvttt,l0,
1072 4325 1156 4376 Η.

1978 4255 1997 4283 ⁷
2043 4253 2144 4308 lsa.
2206 4272 2370 4323 ηνιι,
2422 4258 2508 4310 14.

2136 3190 2273 3230 muto
2301 3180 2397 3231 hoc
2429 3180 2628 3232 mundo
2656 3196 2771 3233 cum
2800 3197 2892 3234 ne—
2968 3191 3229 3236 mentum.
3267 3183 3530 3237 Similiter
3571 3196 3707 3251 quo-

2132 3268 2445 3337 cessefuerit
2465 3270 2519 3321 in
2537 3270 2695 3323 alium
2719 3282 2893 3325 trans-
2968 3287 3074 3339 que
3115 3284 3169 3327 et
3223 3273 3288 3328 tle
3328 3287 3550 3328 carcere
3582 3286 3705 3326 sen-

2131 3360 2206 3411 ire
2296 3360 2585 3423 mundum,
2680 3377 2888 3413 rursum
2966 3364 3204 3417 tieudttm
3266 3374 3368 3418 est.
3412 3363 3518 3417 Sed
3594 3362 3705 3416 suf-

2130 3451 2376 3503 nascendi
2440 3462 2604 3503 sumet
2638 3454 2875 3506 exordia.
2954 3454 3139 3508 ﬁciant
3244 3454 3341 3509 ista
3426 3455 3477 3508 in
3571 3470 3703 3523 prata

2128 3541 2263 3594 seuti
2307 3541 2450 3606 loco,
2480 3557 2599 3610 quae
2643 3543 2859 3597 interim
2905 3560 3047 3600 nunc
3078 3554 3135 3598 ιιι
3169 3546 3381 3600 dicendi
3412 3546 3545 3601 ordo
3579 3562 3701 3600 sero

2129 3640 2372 3695 varetur,
2394 3647 2555 3701 quam
2586 3634 2933 3702 paucissimis
2957 3636 3099 3689 dicta
3141 3647 3284 3692 sunt.

2635 3812 2794 3884 104
2836 3813 3064 3870 CAPUT
3106 3815 3196 3869 χι.

2598 3944 2676 3998 De
2707 3946 3223 4012 repromissionibus.

2199 4075 2250 4128 1.
2274 4075 2564 4131 Videamus
2582 4092 2724 4131 nunc
2745 4078 2981 4133 breviter
2997 4078 3125 4147 quid
3156 4088 3210 4132 et
3236 4078 3302 4133 de
3320 4078 3694 4148 repromissio-

2129 4166 2285 4220 nibus
2316 4168 2660 4221 sentiendum
2694 4169 2767 4221 sit
2792 4169 2920 4239 (68).
2950 4170 3170 4223 Certum
3202 4179 3285 4223 est
3312 4169 3439 4237 quia
3483 4169 3689 4223 nullum

2612 4257 2633 4288 ⁸
2664 4255 2895 4312 Malach.
2948 4273 3028 4323 ιιι,
3068 4259 3121 4313 3.
3223 4258 3243 4288 ⁸
3274 4257 3405 4311 Luc.
3453 4274 3555 4324 xu,
3597 4259 3686 4313 46.

518 4419 639 4497 (51).
661 4420 752 4497 Sic
775 4420 1164 4497 gtunes__c_od_d.
1200 4434 1330 4474 mss.
1357 4417 1525 4482 Alias,
1560 4434 1576 4468 ι
1615 4425 1669 4471 et
1692 4416 2008 4472 deciderunt
2042 4419 2086 4473 D
2119 4418 2387 4497 anima.)

445 4489 501 4541 in
531 4489 752 4553 indit-io.
775 4489 867 4540 Est
899 4496 952 4541 et
987 4489 1134 4549 illud,
1174 4508 1189 4538 ι
1223 4500 1327 4542 etc.

518 4558 629 4624 (55)
668 4556 909 4609 Furoris.
950 4559 1107 4609 Deest
1136 4559 1185 4609 in
1219 4556 1492 4626 prioribus
1532 4555 1882 4621 editionibus,
1913 4557 2007 4611 sed

446 4623 680 4678 habetur
711 4627 762 4675 in
795 4640 921 4677 mss.

518 4694 629 4763 (56)
671 4693 761 4746 Sic
800 4708 929 4746 mss.
962 4692 1129 4756 Alias,
1169 4712 1185 4744 ι
1224 4693 1467 4761 proﬁciet
1507 4704 1828 4748 animarum.
1862 4695 2005 4761 Quo-

446 4764 605 4817 modo
632 4773 832 4824 autem,
863 4780 881 4812 ι
912 4774 1017 4817 ctu.

516 4832 629 4901 (57)
661 4833 821 4901 Cave.

513 4899 624 4970 (58)
658 4900 846 4953 Abluet
896 4900 1149 4953 Dominus
1177 4899 1355 4953 sordes
1391 4899 1622 4966 ﬁliorum
1649 4901 1724 4954 rel
1764 4901 2001 4969 ﬁliarum

443 4969 661 5032 Sion,et
694 4970 999 5038 sanguinem
1030 4971 1334 5039 expurgabit
1371 4971 1593 5039 emedio
1639 4973 1870 5032 ipsorum
1896 4973 2001 5039 spi-

442 5042 546 5091 ritu
570 5040 765 5107 judicii
803 5049 850 5090 et
900 5042 1085 5106 spiritu
1125 5038 1363 5093 nationis.
1396 5038 1471 5090 De
1513 5040 1774 5093 Cltalda'is
1827 5053 2000 5092 autent

440 5111 514 5161 sic
536 5111 690 5161 dicit.
728 5107 850 5179 Haec
883 5109 935 5160 in
967 5108 1237 5176 prioribus
1264 5108 1590 5162 editiouibus
1621 5113 1818 5163 omissa
1840 5120 1995 5179 sunt,

440 5179 567 5232 licet
592 5179 646 5231 iu
685 5177 936 5230 omnibus
959 5179 1255 5232 habeantur
1292 5192 1420 5231 mss.

506 5248 617 5316 (59)
646 5247 920 5301 Dominus.
957 5247 1115 5301 Deest
1141 5249 1194 5302 in
1219 5258 1378 5302 antea
1409 5247 1593 5313 editis,
1608 5248 1701 5300 sed
1731 5247 1998 5314 reperitur

437 5336 489 5373 ΙΙΙ
527 5336 657 5373 mss.

503 5388 615 5459 (60)
646 5389 721 5441 Ita
760 5403 889 5442 mss.
916 5389 1081 5452 Alias,
1117 5406 1136 5438 ι
1171 5402 1294 5441 cum
1342 5385 1654 5459 inﬁdelibus
1684 5394 1841 5437 terra,
1871 5385 1993 5459 poni

434 5454 687 5527 tauquam
717 5472 778 5512 ea
801 5473 920 5526 qua:
955 5462 1190 5527 ipsorum
1223 5457 1440 5525 propria
1472 5470 1576 5510 non
1612 5454 1702 5519 sit,
1724 5470 1845 5508 cum
1872 5455 2000 5508 alio-

433 5544 549 5581 rum
580 5528 824 5597 partibus
849 5529 919 5581 sit
955 5528 1233 5581 mittenda.
1271 5544 1291 5578 ι

501 5592 613 5667 (61⁷)
640 5598 731 5651 Sic
764 5612 891 5652 mss.
920 5599 1086 5663 Alias,
1120 5617 1137 5648 ι
1175 5606 1229 5649 et
1255 5610 1438 5667 sermo
1478 5592 1717 5649 scientia:
1763 5592 1843 5646 vel
1894 5592 1995 5667 ali-

429 5662 836 5731 cuj'us'alterius
868 5669 1022 5722 datus
1058 5679 1160 5721 est.
1210 5685 1228 5718 ι
1254 5664 1419 5719 Paulo
1451 5674 1570 5733 post
1597 5679 1752 5725 mss.,
1786 5680 1805 5713 ι
1840 5662 1993 5717 aufe-

430 5746 580 5788 retur
630 5736 868 5798 profecto
924 5738 1241 5801 ab,anima.
1275 5756 1294 5790 ι
1323 5735 1490 5802 Alias,
1535 5754 1553 5787 ι
1606 5734 1881 5787 auferatur
1925 5735 1992 5789 ab

2187 4487 2300 4554 (62)
2342 4486 2469 4539 Vide
2496 4484 2587 4554 lib.
2626 4500 2660 4537 ll
2688 4484 3017 4554 0rigenian.,
3051 4500 3104 4552 q.
3138 4485 3216 4549 5.,
3252 4502 3303 4537 ιι.
3341 4485 3424 4539 28.

2184 4556 2295 4621 (63)
2349 4554 2463 4606 Dei.
2522 4553 2681 4607 Deest
2741 4553 2795 4606 iu
2850 4554 3120 4622 prioribus
3187 4555 3536 4621 editiouibus,
3591 4555 3682 4608 sed

2108 4624 2334 4677 habetur
2363 4623 2416 4675 in
2446 4638 2568 4676 mss.
2602 4623 2768 4675 Paulo
2799 4634 2918 4691 post
2952 4624 3081 4677 libb.
3115 4623 3269 4684 editi,
3294 4642 3311 4673 ι
3337 4625 3686 4678 commonitio

2107 4692 2334 4759 appositi
2364 4691 2463 4745 sibi
2490 4708 2518 4744 a
2546 4693 2653 4746 Deo
2671 4692 2842 4760 angeli
2881 4706 2984 4745 non
3029 4693 3254 4746 ﬁdeliter
3288 4707 3409 4745 eum
3438 4695 3680 4747 custodi-

2106 4763 2202 4815 vit.
2230 4760 2519 4814 iMss.utiu
2540 4773 2721 4815 nostro
2741 4772 2906 4816 textu.
2926 4761 3122 4816 Ibidem
3142 4777 3300 4824 mss.,
3327 4781 3344 4811 ι
3373 4774 3424 4816 et
3442 4765 3557 4817 siue
3576 4762 3685 4816 ullo

2112 4831 2332 4883 lumine.
2374 4851 2392 4882 ι
2428 4833 2483 4884 lu
2535 4832 2804 4898 prioribus
2849 4832 3182 4885 editiouibus
3215 4833 3385 4897 deest,
3427 4851 3445 4882 ί
3488 4834 3613 4885 ullo.
3655 4849 3679 4884 ι

2176 4900 2286 4967 (64)
2322 4900 2488 4953 Omne
2534 4901 2886 4969 intelligentia:
2940 4900 3134 4954 lumen.
3190 4900 3281 4955 Sic
3328 4916 3460 4955 mss.
3509 4902 3680 4967 Alias,

2115 4987 2133 5021 ι
2172 4971 2760 5040 divinaeintelligentia:
2792 4970 2991 5024 lumen.
3030 4987 3049 5020 ι

2183 5039 2294 5107 (65)
2332 5037 2760 5094 Νοειειηίυεθδι
2800 5041 2852 5092 in
2897 5049 3056 5092 antea
3091 5039 3272 5105 editis,
3303 5040 3399 5093 sed
3453 5040 3683 5094 habetur

2111 5108 2163 5161 in
2198 5124 2324 5162 mss.
2355 5108 2550 5161 Ibidem
2584 5125 2713 5163 mss.
2751 5128 2768 5159 ι
2802 5118 2855 5162 et
2879 5110 3033 5163 atris.
3061 5128 3080 5161 ι
3107 5110 3265 5176 Editi,
3302 5128 3319 5160 ι
3355 5120 3407 5164 et
3455 5110 3632 5163 tetris.
3656 5128 3677 5161 ι

2180 5178 2295 5244 (66)
2327 5176 2447 5230 Nisi
2478 5182 2613 5249 [orte
2643 5185 2980 5249 corpus__ltoc,
3014 5192 3121 5233 etc.
3163 5178 3284 5233 llzec
3320 5180 3682 5249 Hieronymus

2105 5260 2135 5300 e
2169 5248 2260 5299 lib.
2299 5263 2337 5300 ιι
2382 5247 2521 5315 Περὶ
2551 5246 2753 5316 ἀρχῶν
2785 5247 2943 5300 aﬁ'ert
2972 5248 3023 5301 in
3055 5252 3283 5316 epistola
3335 5251 3400 5301 ad
3437 5246 3677 5316 Avitum,

2106 5332 2134 5369 a
2170 5316 2363 5370 Ruﬁno
2394 5332 2571 5369 autem
2604 5317 2927 5385 interpolata
2958 5330 3011 5371 et
3056 5320 3108 5372 in
3138 5319 3301 5372 alium
3338 5333 3554 5372 sensum
3584 5320 3679 5373 de-

2106 5395 2241 5438 torta
2282 5386 2448 5439 fuisse
2478 5388 2653 5454 palam
2695 5396 2794 5439 est.

2165 5456 2275 5525 (67)
2308 5456 2399 5509 Sic
2436 5472 2564 5510 mss.
2615 5456 2786 5523 Alias,
2844 5473 2863 5507 ι
2926 5456 3186 5511 interiora
3238 5472 3426 5511 eorum
3476 5458 3677 5513 mentis

2095 5524 2402 5579 obsederat.
2442 5543 2461 5576 ι

2164 5596 2278 5662 (68)
2316 5595 2455 5658 Quid
2478 5602 2528 5647 et
2563 5594 2626 5647 de
2660 5594 3149 5662 repromissionibus
3197 5596 3530 5650 sentiendum
3573 5596 3674 5654 sit.

2094 5663 2227 5729 Vide
2262 5663 2701 5733 Origenianorum
2732 5666 2825 5720 lib.
2852 5682 2912 5723 tt.
2939 5679 3130 5741 quaest.
3167 5668 3275 5735 11..
