4014 6142
342 286 436 341 241
1635 282 1834 338 LIBER
1871 283 2246 342 SECUNDUS.

3458 285 3563 341 2ιὲ

340 400 532 457 animal
560 403 708 455 omni
735 402 893 456 modo
921 400 1152 456 otiosum
1177 411 1339 468 atque
1365 402 1636 458 immobile
1662 417 1780 458 esse
1808 419 1902 472 po-
1928 409 1976 465 Α
2005 406 2257 472 habeant,
2283 403 2369 459 vel
2402 413 2696 460 structores
2745 404 3031 472 parietum,
3063 418 3091 456 a
3142 403 3340 472 quibus
3382 403 3563 458 diruta

344 500 468 555 test,
499 492 589 546 sed
651 492 794 545 omni
848 506 1045 562 genere
1081 494 1284 546 moveri
1317 503 1373 547 et
1413 509 1573 563 agere
1608 510 1819 564 semper
1849 504 1903 547 ct

340 583 474 639 velle
517 582 721 652 aliquid
753 584 946 653 gestit;
976 594 1028 638 et
1062 585 1198 639 hanc
1230 586 1405 638 inesse
1452 596 1700 639 naturant
1731 585 1904 639 omni-

337 673 434 727 bus
463 673 851 737 animantibus,
910 674 1256 729 manifestum
1309 685 1460 745 puto.
1517 674 1681 729 Multo
1732 678 1903 744 magis

335 780 461 835 ergo
508 765 827 819 rationabile
880 766 1098 832 animal,
1145 768 1193 819 id
1231 775 1343 833 est,
1376 766 1609 820 hominis
1655 776 1902 820 naturam

333 870 551 911 necesse
581 864 661 909 est
697 870 908 924 semper
941 856 1143 924 aliquid
1177 871 1395 910 movere
1426 856 1515 910 vel
1543 871 1723 925 agere.
1751 857 1817 908 Et
1859 857 1901 909 si

330 947 543 1015 quidem
582 948 864 1000 immemor
888 947 969 1001 sui
1002 947 1089 1009 sit,
1122 955 1175 1000 et
1200 948 1328 1016 quid
1359 962 1416 1001 sc
1439 949 1627 1001 deccat
1672 947 1902 1015 ignoret,

336 1039 481 1094 circa
524 1054 652 1093 usus
691 1040 1006 1107 corporales
1039 1040 1214 1095 omnis
1256 1056 1351 1093 sua
1385 1048 1627 1094 movetur
1654 1040 1902 1105 intentio,

329 1140 384 1183 et
427 1145 527 1197 per
573 1143 765 1183 omnes
814 1139 992 1184 motus
1026 1144 1151 1184 suos
1182 1144 1304 1198 erga
1348 1129 1654 1197 voluptates
1685 1144 1809 1184 suas
1841 1145 1903 1184 ac

332 1218 588 1279 libidines
644 1219 893 1288 corporis
925 1232 1257 1287 occupatur;
1292 1220 1333 1273 si
1372 1235 1500 1277 vero
1546 1221 1665 1274 talis
1712 1221 1783 1275 sit
1814 1220 1903 1287 qui

333 1308 383 1360 in
428 1321 723 1363 commune
774 1308 975 1377 aliquid
1016 1325 1207 1363 curare
1234 1310 1316 1364 vel
1347 1310 1635 1379 providere
1665 1310 1902 1375 studeat,

324 1405 413 1448 aut
444 1396 767 1467 reipublich
786 1399 1093 1463 consulens,
1119 1409 1214 1451 aut
1244 1400 1653 1472 magistratibus
1689 1414 1902 1468 parens,

325 1498 413 1555 aut
446 1488 709 1557 quidquid
739 1489 860 1542 illud
885 1499 969 1543 est
996 1491 1139 1558 quod
1183 1490 1236 1542 in
1271 1505 1553 1544 commune
1580 1502 1728 1544 certe
1768 1504 1892 1556 pro-

323 1578 483 1633 desse
514 1579 784 1644 videatur,
820 1590 1057 1636 exercet.
1111 1580 1227 1635 Jam
1262 1596 1389 1634 vero
1420 1582 1463 1636 si
1497 1583 1619 1649 quis
1659 1582 1783 1635 talis
1830 1580 1903 1633 sit

325 1678 383 1725 ut
413 1668 627 1738 aliquid
650 1654 839 1723 melius
865 1686 1024 1738 quam
1058 1670 1171 1725 haec
1195 1686 1311 1740 qua:
1337 1685 1601 1741 corporea
1625 1673 1897 1735 videntur,

2006 499 2244 568 ipsorum
2281 507 2335 552 et
2362 498 2597 564 collapsa
2626 495 2814 549 civitas
2844 504 3184 558 exstruatur;
3217 504 3265 547 et
3296 493 3565 546 arbitran-

2008 596 2096 643 tur
2126 591 2269 658 quod
2298 588 2586 643 facultates
2610 587 2851 656 gentium
2881 586 2990 655 {75)
3021 586 3288 653 accipiant
3311 586 3376 637 ad
3404 587 3566 637 eden-

2005 682 2155 747 dum,
2209 690 2262 734 et
2318 680 2369 733 iu
2423 679 2625 732 divitiis
2669 694 2853 731 eorum
2914 676 3276 739 dominentur,
3315 674 3562 728 utetiam

2006 770 2196 827 cameli
2254 772 2463 825 Madian
2524 780 2577 824 et
2620 771 2793 825 Cedar
2844 771 3080 830 veniant,
3116 778 3171 821 et
3231 766 3458 821 afferant
3486 766 3567 819 eis

2006 872 2289 929 aurum,et
2314 864 2453 925 thus,
2490 872 2543 914 et
2572 862 2773 929 lapides
2802 861 3089 929 pretiosos.
3135 860 3342 924 Etjluec
3366 875 3567 912 tonan-

2008 966 2094 1010 tur
2141 957 2463 1010 auctoritate
2497 955 2811 1023 prophetica
2868 955 3191 1008 conﬁrmare
3240 970 3303 1007 ex
3334 953 3417 1006 his
3448 968 3565 1021 qua:

2006 1045 2071 1098 de
2122 1042 2420 1099 Jerusalem
2481 1044 2994 1111 repromissionibus
3046 1043 3243 1109 scripta
3290 1050 3445 1105 sunt;
3480 1042 3567 1094 ubi

2007 1136 2169 1188 etiam
2224 1136 2424 1189 dicitur
2473 1134 2597 1203 quia
2638 1133 2727 1202 qui
2775 1134 3015 1209 serviunt
3054 1132 3299 1194 Domino,
3335 1133 3569 1185 mandu-

2008 1229 2213 1282 cabunt
2272 1238 2326 1280 et
2372 1228 2577 1291 bibent,
2623 1232 2940 1292 peccatores
3004 1234 3182 1275 autem
3230 1223 3465 1275 esurient
3515 1232 3570 1275 et

2007 1313 2191 1366 sitient
2222 1331 2235 1368 :
2272 1322 2325 1364 et
2366 1314 2508 1380 quod
2559 1312 2795 1365 laetitiam
2843 1322 3000 1379 agent
3027 1309 3180 1378 justi,
3214 1310 3407 1378 impios
3440 1324 3571 1364 Vero

2010 1415 2210 1453 mceror
2247 1400 2558 1468 possidebit.
2586 1401 2650 1453 Et
2684 1401 2748 1453 de
2792 1398 2938 1451 Novo
2968 1413 3179 1466 quoque
3221 1399 3569 1451 Testamento

2009 1507 2197 1547 vocem
2227 1492 2509 1560 proferunt
2541 1490 2981 1557 Salvatoris,qua
3003 1488 3275 1558 discipulis
3306 1489 3570 1556 promittit

2008 1585 2075 1637 de
2127 1583 2235 1636 vini
2295 1582 2477 1635 laetitia
2537 1582 2721 1635 dicens
2773 1598 2786 1635 :
2856 1601 2872 1632 ι
2932 1581 3064 1646 Quia
3117 1596 3221 1633 non
3272 1581 3449 1633 bibant
3506 1595 3572 1633 ex

2011 1675 2113 1728 hoc
2138 1674 2248 1743 jam
2282 1688 2560 1742 usquequo
2592 1674 2774 1727 bibam
2819 1672 2944 1725 illud
2980 1673 3252 1726 vobiscum
3291 1686 3484 1724 novum
3518 1672 3570 1724 in

322 1760 611 1829 intelligat,
650 1770 704 1813 et
733 1761 1009 1828 sapientia:
1040 1770 1094 1816 et
1148 1762 1389 1815 scientiae
1420 1740 1641 1829 operam
1681 1764 1897 1826 habeat,
1937 1740 1979 1798 Β
2010 1740 2173 1834 regno
2209 1740 2382 1818 Patris
2412 1740 2512 1817 mei
2545 1765 2641 1816 ιδ.»
2679 1764 2893 1817 Addunt
2927 1778 3142 1833 quoque
3168 1772 3221 1817 et
3250 1763 3397 1825 illud,
3425 1764 3570 1831 quod

323 1853 440 1906 sine
468 1851 635 1905 dubio
658 1865 783 1920 erga
816 1851 1182 1918 hujuscemodi
1217 1852 1390 1906 studia
1422 1868 1635 1905 omnem
1663 1853 1901 1907 declina-

323 1944 404 1995 bit
459 1942 807 2005 industriam,
836 1958 942 2010 quo
971 1943 1144 2010 possit
1172 1943 1428 2011 inquisita
1457 1944 1688 1996 veritate
1717 1959 1898 1997 rerum

316 2048 517 2088 causas
554 2035 925 2102 rationemque
955 2035 1065 2103 (69)
1095 2050 1440 2103 cognoscere.
1491 2035 1814 2106 Sicutergo
1844 2038 1892 2089 in

319 2126 424 2179 hac
484 2125 595 2177 vita
641 2123 781 2177 alius
840 2125 1057 2191 quidem
1119 2141 1387 2177 summum
1429 2126 1624 2180 bonum
1652 2129 1896 2197 corporis

312 2214 531 2282 judicat
567 2215 891 2283 voluptatem
952 2216 1090 2269 alius
1127 2233 1253 2271 vero
1285 2218 1335 2270 in
1370 2233 1656 2272 commune
1688 2234 1887 2273 consu-

315 2305 456 2367 lere,
489 2304 628 2357 alius
670 2304 864 2358 studiis
893 2313 947 2358 et
972 2305 1339 2375 intelligentia:
1376 2322 1595 2375 operam
1628 2310 1789 2375 dare;
1827 2310 1899 2363 ita

316 2396 671 2463 requiramus
719 2394 770 2446 in
815 2394 905 2448 illa
940 2396 1045 2449 vita
1078 2411 1197 2463 qua:
1236 2412 1360 2450 vera
1391 2409 1494 2460 est,
1525 2413 1643 2466 quae
1674 2399 1901 2452 abscon-

313 2485 429 2539 dita
483 2499 606 2538 esse
659 2485 857 2539 dicitur
902 2500 1020 2538 cum
1079 2486 1295 2541 Christo
1348 2488 1399 2540 in
1460 2487 1652 2555 Deo“,
1710 2491 1760 2543 id
1819 2503 1903 2545 est

313 2576 369 2630 ιιι
406 2576 502 2629 illa
540 2586 739 2629 aeterna
768 2577 899 2639 vita,
934 2576 980 2628 si
1012 2576 1208 2644 aliquis
1231 2577 1351 2632 talis
1370 2578 1643 2633 eritnobis
1675 2580 1889 2634 vivendi

312 2668 458 2721 ordo
495 2665 578 2718 vel
608 2674 799 2719 status.

388 2758 451 2811 2.
481 2757 711 2823 Quidam
746 2772 876 2827 ergo
900 2757 1138 2811 laborem
1167 2758 1564 2826 quodammodo
1598 2759 1901 2829 intelligen-

314 2848 415 2909 tiae
461 2854 804 2909 recusantes,
833 2857 888 2899 et
919 2846 1265 2915 superficiem
1317 2849 1608 2916 quamdam
1641 2849 1775 2919 legis
1819 2850 1905 2902 lit-

315 2946 458 2990 tera:
495 2945 893 3001 consectantes,
927 2947 980 2989 et
1026 2937 1200 3006 magis
1237 2937 1586 2992 delectationi
1621 2954 1731 2993 sum
1764 2954 1901 3007 quo-

314 3025 613 3079 dammodo
646 3039 710 3079 ac
752 3026 957 3080 libidini
998 3025 1361 3095 indulgentes,
1390 3027 1558 3083 solius
1590 3028 1783 3083 littera:
1811 3028 1901 3082 di-

316 3117 539 3186 scipuli,
572 3115 906 3170 arbitrantur
943 3119 1389 3187 repromissiones
1416 3120 1635 3188 futuras;
1658 3122 1709 3173 in
1745 3122 1901 3175 volu—

316 3217 467 3277 ptate
485 3219 538 3261 et
557 3208 765 3262 luxuria
788 3209 1030 3277 corporis
1046 3210 1440 3276 exspectandas
1470 3208 1615 3280 (70);
1654 3221 1708 3263 et
1747 3226 1904 3280 prop-

319 3308 470 3351 terea
488 3299 761 3367 praecipue
796 3312 991 3353 carnes
1010 3298 1201 3353 iterum
1217 3300 1524 3354 desiderant
1540 3312 1657 3370 post
1676 3308 1907 3357 resurre‘

311 3389 554 3443 ctionem
622 3389 754 3442 tales
806 3390 1003 3458 quibus
1069 3391 1451 3456 ntanducandi,
1499 3402 1552 3445 et
1586 3393 1805 3447 bibendi
1851 3398 1907 3447 et

312 3474 499 3525 omnia
519 3488 638 3541 qua:
660 3477 841 3528 carnis
861 3485 914 3527 et
934 3477 1212 3545 sanguinis
1242 3486 1388 3544 sunt,
1407 3481 1598 3547 agendi
1626 3496 1903 3550 nunquam

314 3565 457 3618 desit
506 3562 754 3629 facultas,
796 3566 1018 3633 apostoli
1061 3566 1213 3620 Pauli
1256 3568 1320 3622 de
1363 3569 1761 3623 resurrectione
1795 3570 1904 3639 spi-

316 3654 494 3709 ritalis
524 3656 766 3723 corporis
797 3659 1119 3710 sententiam
1154 3673 1256 3710 non
1286 3669 1576 3727 sequentes
1596 3661 1657 3713 η.
1692 3660 1900 3726 Quibus

316 3753 717 3810 consequenter
754 3748 953 3801 addunt
984 3758 1040 3803 et
1072 3750 1382 3817 nuptiarum
1411 3753 1823 3817 conventiones,
1848 3761 1903 3805 et

319 3839 558 3892 ﬁliorum
606 3841 1010 3907 procreationes
1055 3841 1220 3895 etiam
1274 3852 1393 3909 post
1443 3843 1895 3897 resurrcCtionem

321 3926 560 3991 futuras,
594 3928 855 3997 tingentes
900 3929 1252 3998 sibimetipsis
1280 3928 1579 3983 Jerusalem
1626 3942 1896 3984 terrenam

319 4018 514 4070 urbem
553 4019 991 4072 retedilicandam
1021 4020 1292 4086 lapidibus
1336 4019 1584 4089 pretiosis
1626 4020 1677 4073 in
1710 4018 1900 4072 funda-

320 4119 502 4162 menta
533 4110 647 4176 ejus
671 4108 934 4177 jaciendis
958 4111 1089 4181 (7|),
1112 4120 1163 4164 et
1191 4112 1256 4166 de
1284 4112 1456 4179 lapide
1481 4108 1691 4178 jaSpide
1714 4126 1900 4165 muros

320 4195 435 4264 ejus
462 4198 774 4267 erigendos,
800 4208 854 4252 et
895 4200 1299 4269 propugnacula
1335 4198 1450 4267 ejus
1476 4214 1541 4253 ex
1570 4198 1746 4267 lapide
1772 4215 1896 4269 cry-

326 4287 523 4353 stallo;
590 4289 891 4358 peribolum
935 4304 1151 4358 quoque
1192 4287 1497 4342 habituram
1541 4304 1605 4341 ex
1636 4287 1900 4357 lapidibus

2011 1856 2259 1911 Salvator
2278 1857 2465 1910 beatos
2486 1855 2616 1909 dicit
2641 1870 2732 1907 eos
2748 1854 2835 1923 qui
2864 1870 3004 1907 nunc
3019 1855 3266 1907 esuriuttt
3286 1863 3338 1906 et
3356 1855 3571 1919 sitiunt,

2012 1947 2267 2015 pollicens
2298 1946 2376 2000 eis
2405 1946 2530 2014 quia
2581 1944 3057 2006 saturabuntur”;
3089 1955 3139 1997 et
3177 1945 3341 1997 multa
3374 1945 3477 1998 alia
3504 1959 3572 1999 ex

2012 2036 2307 2104 Scripturis
2352 2036 2593 2105 exempla
2632 2035 2933 2101 proferunt,
2973 2050 3197 2103 quorum
3233 2034 3337 2087 vim
3374 2035 3573 2100 (igura-

2010 2128 2132 2181 liter
2160 2127 2377 2196 intelligi
2412 2128 2608 2180 debere
2634 2140 2735 2176 non
2764 2124 3023 2178 sentiunt.
3051 2123 3186 2176 Turn
3218 2138 3349 2177 vero
3377 2137 3571 2176 secun-

2010 2218 2133 2271 dum
2196 2218 2422 2270 formant
2483 2229 2602 2283 quat
2660 2214 2710 2266 in
2763 2214 2863 2267 hac
2900 2214 3006 2266 vita
3041 2222 3146 2275 est,
3184 2220 3239 2266 et
3281 2211 3573 2265 secundum

2013 2308 2196 2361 mundi
2238 2306 2395 2376 hujus
2424 2304 2805 2372 dispositiones
2835 2302 3172 2372 dignitatum,
3198 2300 3279 2354 vel
3300 2300 3571 2363 ordinum,

2010 2400 2093 2453 vel
2134 2399 2461 2453 eminentias
2491 2404 2838 2465 potestatum,
2872 2409 3024 2463 reges
3055 2409 3113 2446 se
3139 2392 3253 2447 fore
3283 2401 3336 2445 et
3370 2392 3573 2459 princi-

2009 2504 2104 2557 pcs
2152 2488 2508 2550 arbitrantur,
2560 2486 2701 2540 sicut
2761 2493 2884 2537 sunt
2937 2484 3027 2537 isti
3088 2483 3310 2546 terreni,
3360 2492 3576 2551 propter

2013 2577 2138 2629 illud
2210 2576 2470 2629 videlicet
2538 2575 2681 2640 quod
2739 2575 2790 2627 in
2856 2571 3146 2641 Evangelio
3207 2571 3408 2624 dictum
3462 2579 3574 2624 est:

2020 2683 2038 2716 ι
2076 2666 2197 2719 Eris
2226 2666 2341 2734 (74)
2378 2674 2699 2733 potestatem
2749 2664 2954 2718 habens
2985 2678 3146 2731 super
3172 2662 3408 2729 quinque
3437 2661 3577 2715 civi-

2016 2756 2235 2809 tates".
2273 2775 2289 2806 ι
2326 2757 2410 2817 Ει,
2453 2765 2512 2808 ut
2563 2754 2797 2807 breviter
2855 2755 3054 2816 dicam,
3112 2753 3404 2805 secundum
3456 2752 3581 2804 vita:

2015 2845 2173 2914 hujus
2197 2845 2665 2900 conversationem
2698 2858 2792 2912 per
2819 2843 2998 2896 omnia
3030 2842 3222 2896 similia
3249 2842 3429 2895 volunt
3457 2857 3579 2896 esse

2012 2936 2190 2990 omnia
2218 2951 2334 3005 quae
2358 2934 2423 2988 de
2449 2934 2954 3003 repromissionibus
2980 2939 3384 3002 exspectantur,
3410 2933 3460 2985 id
3491 2940 3579 2985 est

2014 3035 2072 3078 ut
2130 3025 2321 3078 iterum
2377 3024 2448 3078 sit
2508 3024 2608 3077 hoc
2658 3024 2799 3091 quod
2829 3032 2929 3076 est.
2962 3021 3070 3075 lloc
3105 3021 3175 3074 ita
3219 3022 3457 3075 sentiunt
3485 3019 3577 3088 qui

2015 3115 2230 3169 Christo
2271 3113 2487 3182 quidem
2542 3113 2842 3176 credentes,
2872 3111 3097 3166 Judaico
3129 3121 3305 3164 autem
3345 3112 3575 3179 quodam

2017 3217 2176 3256 sensu
2208 3200 2518 3269 Scripturas
2550 3200 2762 3255 divinas
2799 3202 2911 3270 (75)
2937 3200 3316 3270 intelligentes,
3346 3201 3478 3254 nihil
3508 3215 3576 3255 ex

2013 3290 2096 3344 his
2149 3290 2366 3361 dignum
2436 3291 2633 3345 divinis
2692 3292 3166 3361 pollicitationibus
3216 3307 3576 3362 praesumpse-

2012 3387 2155 3433 runt.

2082 3562 2135 3617 ὅ.
2171 3559 2233 3614 Hi
2285 3574 2413 3615 vero
2463 3560 2554 3628 qui
2618 3559 2915 3615 secundum
2961 3559 3323 3627 apostolorum
3357 3572 3574 3613 senium

2013 3648 2274 3703 theoriam
2328 3647 2732 3715 Scripturarum
2766 3646 3053 3715 recipiunt,
3090 3654 3309 3714 sperant
3355 3648 3577 3698 mandu-

2010 3751 2229 3794 caturos
2275 3739 2491 3807 quidem
2527 3753 2646 3793 esse
2685 3746 2922 3801 sanctos,
2957 3737 3049 3791 sed
3088 3749 3281 3807 panem
3330 3737 3450 3789 vitae
3481 3739 3573 3806 qui

2010 3830 2260 3885 veritatis
2296 3840 2350 3882 et
2383 3828 2660 3896 sapientia:
2689 3828 2824 3882 cibis
2850 3828 3051 3881 nutriat
3080 3828 3339 3892 animam,
3370 3837 3423 3882 et
3453 3827 3573 3882 illu-

2010 3922 2178 3975 minet
2227 3930 2482 3983 mentem,
2515 3930 2569 3973 et
2610 3927 2759 3988 potet
2792 3934 2910 3973 eam
2948 3919 3142 3972 divina:
3176 3919 3454 3988 sapientiae
3482 3934 3578 3988 po-

2008 4013 2164 4078 culis,
2221 4012 2363 4068 sicut
2419 4011 2551 4065 dicit
2611 4010 2893 4079 Scriptura
2953 4012 3131 4065 divina
3166 4011 3324 4081 (76):
3367 4028 3386 4062 ι
3438 4010 3576 4077 Quia

2007 4104 2268 4172 sapientia
2316 4103 2637 4173 praeparavit
2673 4118 2917 4157 mensam
2966 4118 3141 4166 suam,
3190 4102 3450 4173 iugulavit
3497 4104 3578 4156 vi-

2006 4197 2197 4250 ctimas
2254 4211 2400 4259 suas,
2440 4195 2657 4249 miscuit
2715 4196 2769 4248 in
2823 4204 3036 4248 cratere
3078 4194 3261 4246 vinum
3307 4208 3483 4257 suum,
3521 4202 3577 4248 et

2007 4301 2215 4340 summa
2248 4301 2377 4340 voce
2426 4286 2624 4340 clamat
2662 4305 2674 4339 :
2716 4285 2973 4339 Divertite
3007 4284 3074 4336 ad
3111 4298 3217 4347 me,
3252 4285 3576 4339 manducate

323 4376 513 4431 electis
538 4385 591 4430 et
623 4379 812 4443 variis,
848 4378 897 4430 id
928 4376 1243 4446 estjaspido
1278 4388 1329 4432 et
1358 4378 1632 4447 sapphiro,
1666 4386 1720 4430 et
1751 4378 1899 4431 cbal-
1935 4425 1977 4478 Β
2010 4392 2177 4446 panes
2240 4392 2377 4445 quos
2435 4377 2618 4443 paravi
2689 4376 2860 4441 vobis,
2910 4385 2964 4429 et
3013 4376 3180 4429 bibite
3223 4374 3405 4426 vinum
3436 4373 3579 4442 quod

324 4468 575 4528 cedonio,
606 4477 660 4521 et
690 4470 1005 4539 smaragdo,
1049 4479 1101 4523 et
1138 4470 1318 4522 sardio
1342 4469 1479 4538 (72),
1512 4479 1564 4521 et
1600 4469 1895 4538 onychino,

324 4564 375 4610 et
396 4557 752 4628 chrysolitho,
778 4567 831 4611 et
851 4560 1201 4629 chrysopaso,
1248 4570 1300 4613 et
1340 4560 1657 4629 hyacintho,
1681 4569 1735 4613 et
1757 4575 1903 4612 ame-

327 4649 529 4719 thysto.
560 4649 700 4715 Quin
748 4651 908 4703 etiam
970 4651 1250 4705 ministros
1305 4652 1619 4705 deliciarum
1681 4666 1901 4705 suarum

332 4738 540 4794 dandos
591 4742 692 4795 sibi
748 4742 1081 4811 alienigenas
1128 4753 1343 4811 putant,
1375 4759 1508 4813 quos
1539 4745 1620 4797 vel
1657 4752 1903 4797 aratores

400 4818 837 4906 ‘_"Coloss.rtu,
887 4836 939 4906 ξ).
985 4905 990 4906 γ
1044 4837 1086 4906 υ
1136 4837 1152 4890 l
1203 4836 1327 4891 Cor.
1379 4854 1468 4903 xv,
1492 4837 1598 4906 εΗ.

330 4900 375 4932 “
408 4899 568 4957 Prov.
604 4920 678 4966 ιχ,
711 4905 761 4968 l,
798 4905 851 4969 2,
886 4904 939 4968 '5,
966 4905 1022 4969 4,
1059 4905 1109 4956 5.

400 4994 511 5077 (69.)
538 4996 930 5078 Rationemque.
962 5000 1119 5054 Deest
1154 5000 1206 5053 in
1238 5000 1366 5053 libb.
1395 5010 1551 5055 antea
1590 5001 1770 5064 editis,
1796 5002 1890 5055 sed

329 5078 597 5130 reperitur
623 5085 675 5125 ιιι
711 5085 844 5124 mss.

361 5205 371 5215 ι
401 5135 513 5206 (70)
544 5135 667 5215 Sic._
681 5155 808 5192 mss.
840 5138 1006 5203 Alias,
1037 5156 1064 5215 ιΔ
1090 5137 1298 5192 futuras
1332 5140 1633 5210 voluptates
1660 5149 1712 5195 et
1739 5139 1895 5193 luxu-

331 5208 444 5277 rias
459 5208 703 5277 corporis
738 5210 1149 5277 exspectandas.
1189 5226 1205 5258 ι

395 5273 503 5347 (7t)
534 5273 608 5347 lta
638 5293 766 5331 mss.
798 5273 953 5331 bibb.
979 5277 1131 5340 editi,
1170 5296 1187 5327 ι
1226 5278 1596 5331 tedilicandam
1630 5278 1896 5347 lapidibus

330 5345 597 5409 pretiosis,
629 5362 723 5400 eos
756 5348 807 5399 in
833 5346 1181 5399 fundamenta
1202 5347 1469 5412 jacentes.
1511 5365 1529 5397 t

336 5480 347 5492 .
403 5412 509 5480 (72)
537 5413 604 5467 Et
640 5418 842 5470 sardio.
876 5416 1035 5469 Deest
1068 5417 1120 5468 in
1150 5428 1306 5470 antea
1335 5418 1514 5480 editis,
1543 5418 1637 5471 sed
1671 5417 1900 5471 habetur

336 5496 385 5532 ΙΙΙ
418 5499 548 5537 mss.

406 5551 515 5623 (75)
564 5553 636 5607 Ita
690 5569 823 5609 mss.
860 5554 1030 5623 Alias,
1063 5571 1081 5603 ι
1136 5566 1347 5623 eorum.
1406 5572 1425 5606 t
1478 5555 1679 5610 Ibidem
1739 5569 1893 5618 mss.,

341 5634 360 5669 ι
392 5610 450 5673 ut
496 5610 663 5676 etiam
717 5623 907 5677 cameli
968 5610 1177 5675 Hadian
1208 5632 1261 5674 et
1297 5610 1470 5677 Cedar
1516 5626 1752 5683 veniant.
1789 5642 1806 5673 ι
1841 5610 1894 5677 ni

340 5689 495 5749 editis
531 5694 703 5763 deest,
737 5711 757 5745 ι
804 5695 969 5751 etiam
996 5691 1186 5748 cameli
1213 5692 1429 5755 Madian
1456 5702 1509 5750 et
1533 5695 1724 5751 Cedar.
1765 5711 1783 5743 ι

1730 4837 1772 4869 ¹⁸
1820 4836 2011 4892 Matth.
2065 4855 2212 4903 xxvr,
2266 4837 2355 4893 29.

2005 4466 2202 4520 miscui
2251 4465 2484 4518 vobis“.
2523 4484 2540 4515 ι
2590 4463 2800 4530 Quibus
2845 4463 3123 4531 sapientiae
3174 4464 3313 4517 escis
3374 4463 3577 4516 nutrita

2009 4574 2162 4612 mens
2193 4558 2257 4610 ad
2296 4557 2556 4625 integrum
2597 4565 2650 4609 et
2695 4553 3017 4621 perfectum,
3048 4555 3189 4608 sicut
3211 4569 3275 4608 ex
3313 4553 3467 4607 initio
3499 4553 3578 4607 la-

2010 4659 2130 4703 ctus
2156 4658 2237 4701 est
2268 4647 2448 4712 homo,
2484 4648 2547 4699 ad
2580 4646 2735 4715 105
2765 4646 3051 4715 imaginem
3086 4655 3139 4699 et
3165 4645 3574 4699 similitudinem

2011 4743 2103 4796 Dei
2142 4752 2450 4809 rep-aretur;
2487 4751 2543 4793 ut
2595 4742 2805 4794 etiamsi
2854 4742 2974 4809 quis
3004 4755 3068 4794 ex
3121 4739 3222 4793 hac
3253 4739 3361 4793 vita
3400 4738 3577 4791 minus

2466 4837 2507 4867 “
2536 4836 2727 4891 Matth.
2783 4851 2838 4902 v,
2887 4837 2938 4890 6.
3047 4836 3090 4871 ³⁵
3126 4835 3255 4890 Luc.
3316 4848 3430 4896 mi,
3490 4832 3575 4885 l7.

2065 5003 2175 5074 (74)
2207 5003 2282 5055 lta
2320 5016 2477 5063 mss.;
2533 5003 2582 5055 itt
2639 5001 3012 5074 editisdeest,
3072 5019 3091 5051 ι
3134 5000 3291 5074 Aeris.
3335 5018 3353 5050 t
3393 4996 3578 5074 _Pa_ttlo

1994 5069 2114 5141 post
2144 5069 2273 5127 mss.
2313 5092 2330 5123 ι
2369 5081 2773 5138 exspectantur,
2804 5071 2854 5123 id
2904 5081 2987 5123 est
3040 5079 3097 5123 ut
3133 5072 3327 5123 iterum
3363 5070 3434 5141 sit
3475 5069 3577 5141 hoc

1994 5137 2134 5212 quod
2167 5152 2270 5196 est.
2302 5162 2320 5194 ι
2349 5143 2514 5206 Editi,
2547 5160 2565 5193 ι
2609 5149 2937 5210 exspectant
2975 5151 3032 5195 ut
3070 5141 3284 5195 interim
3334 5138 3403 5193 sit
3434 5137 3578 5206 quod

1996 5223 2098 5267 est.
2142 5234 2158 5264 t

2076 5282 2190 5351 (75)
2230 5280 2469 5338 Divinas.
2506 5285 2670 5338 Deest
2712 5282 2766 5335 in
2797 5280 3069 5350 prioribus
3098 5278 3454 5342 editionibus,
3484 5275 3578 5328 sed

2006 5353 2237 5407 habetur
2267 5353 2318 5404 in
2352 5366 2479 5406 mss.

2079 5422 2191 5491 (⁷6)
2217 5420 2429 5492 Divina.
2466 5422 2819 5476 Desideratur
2854 5420 3017 5474 etiam
3043 5420 3114 5492 _i_n_
3142 5415 3420 5492 prioribus
3456 5410 3575 5492 edi-

2007 5479 2263 5552 tionibus,
2309 5491 2433 5544 licet
2466 5493 2725 5544 habeatur
2767 5492 2818 5542 in
2866 5506 2995 5541 mss.
3043 5479 3264 5546 Ibidem.
3310 5501 3328 5533 ε
3362 5479 3578 5547 ἱυῧηίδο

2006 5564 2081 5614 vit
2116 5562 2365 5615 victimas
2407 5576 2567 5623 suas;
2609 5581 2625 5610 ι
2663 5562 2774 5613 haec
2822 5572 3037 5624 quoque
3077 5558 3270 5609 desunt
3320 5553 3372 5605 ιιι
3409 5557 3571 5601 antea

2006 5632 2181 5701 editis,
2209 5633 2300 5686 sed
2346 5632 2687 5699 reperiuntur
2722 5630 2773 5682 in
2798 5628 3055 5681 omnibus
3084 5640 3216 5679 mss.
