4014 6142
390 295 500 362 243

1628 292 1952 352 ORIGENIS
1991 297 2151 347 ΠΕΡΙ
2192 296 2418 347 ΑΡΧΩΝ

3534 290 3635 345 2'11

390 420 640 476 eruditus
672 417 785 489 (77)
818 417 1033 482 abierit,
1068 412 1369 485 probabilia
1408 419 1585 466 tamen
1618 427 1783 481 opera
1810 414 1961 467 detu-
1989 419 2034 474 Α
2068 412 2271 466 faciunt
2316 412 2381 463 ad
2431 407 2753 463 eruditionis
2807 406 2998 459 futurze
3055 406 3447 475 capacitatem;
3497 407 3640 461 sient

390 512 539 579 lerit,
572 512 765 565 instrui
822 507 1019 578 poterit
1075 505 1127 558 in
1189 504 1276 557 illa
1307 503 1605 559 Jerusalem
1644 514 1957 558 sanctorum

391 600 638 664 civitate,
691 599 744 651 id
788 605 870 651 est
913 593 1122 650 edoceri
1154 593 1269 665 (78)
1302 601 1357 647 et
1391 592 1696 659 informari,
1735 601 1789 647 et
1822 593 1958 647 efﬁci

394 689 538 759 lapis
581 690 756 751 vivus,
786 686 919 754 lapis
949 684 1217 754 pretiosus
1245 692 1296 738 et
1329 683 1556 750 electus,
1588 699 1685 753 pro
1712 699 1777 739 eo
1816 687 1958 753 quod

396 780 612 833 fortiter
644 786 695 830 et
721 783 1033 830 constanter
1062 772 1347 842 pertulerit
1371 786 1567 842 agones
1596 772 1739 835 vitae,
1770 780 1821 827 et
1849 787 1958 827 cer-

390 870 589 922 tamina
623 867 872 936 pietatis;
904 866 1086 933 ibique
1106 865 1207 919 hoc
1238 862 1506 933 quodjam
1533 863 1621 917 hic
1642 865 1956 932 prazdictnm

385 973 488 1024 eat,
515 960 691 1012 verius
718 958 1170 1025 manifestiusqne
1196 965 1510 1025 cognoscet,
1536 975 1554 1007 ε
1595 956 1737 1024 quod
1767 970 1871 1009 non
1902 956 1954 1009 in

385 1065 521 1117 pane
556 1048 672 1104 solo
699 1049 834 1103 vivit
869 1047 1051 1111 homo,
1087 1047 1179 1100 sed
1214 1045 1265 1098 in
1303 1046 1446 1099 omni
1476 1045 1637 1099 verbo
1660 1045 1800 1114 quod
1832 1060 1958 1113 pro-

381 1139 527 1195 cedit
560 1140 626 1194 de
666 1154 760 1194 ore
792 1139 909 1192 Dei.
932 1139 972 1169 "
1017 1155 1037 1190 ›
1079 1136 1185 1192 Sed
1242 1144 1295 1190 et
1329 1135 1599 1205 principes
1625 1143 1678 1188 et
1720 1143 1955 1189 rectores

381 1229 714 1299 intelligendi
769 1237 894 1284 sunt
948 1229 1003 1282 hi
1050 1229 1143 1298 qui
1192 1227 1473 1282 inferiores
1508 1236 1561 1280 et
1613 1236 1831 1293 regunt,
1902 1236 1957 1279 et

378 1320 655 1385 erudiunt,
688 1328 743 1374 et
764 1319 991 1374 edocent
1019 1329 1183 1389 atque
1213 1318 1497 1372 instituunt
1526 1316 1637 1385 (79)
1670 1317 1734 1370 ad
1753 1316 1951 1370 divina.

446 1411 501 1466 4.
545 1410 743 1466 Verum
778 1411 823 1464 si
853 1409 1031 1463 minus
1055 1409 1308 1463 videntur
1337 1410 1450 1461 haec
1499 1406 1847 1475 sperantibus
1878 1421 1943 1461 ea

377 1504 601 1573 dignum
662 1501 935 1555 mentibus
983 1499 1231 1554 incutere
1269 1498 1625 1562 desiderium,
1673 1497 1951 1565 paululum

378 1601 707 1661 repetentes,
737 1604 1044 1660 quanquam
1095 1587 1358 1642 naturalis
1385 1588 1455 1641 sit
1484 1596 1538 1640 et
1562 1588 1724 1641 insita
1759 1588 1952 1642 animae

377 1683 456 1739 rei
488 1683 660 1751 ipsius
684 1681 972 1750 cupiditas,
1004 1680 1367 1749 inquiramns,
1398 1686 1457 1731 ut
1486 1679 1556 1731 ita
1587 1679 1806 1733 demum
1838 1678 1949 1748 (80)

377 1773 527 1827 velut
568 1774 775 1843 species
824 1772 971 1839 ipsas
1017 1772 1175 1839 panis
1230 1768 1354 1823 vita:
1400 1777 1453 1822 et
1491 1769 1805 1837 qualitatem
1839 1770 1947 1824 vini

375 1862 493 1931 ejus
548 1878 613 1917 ac
668 1863 1051 1932 proprietatem
1111 1861 1531 1929 principatuum,
1575 1874 1674 1928 per
1727 1861 1948 1915 Iheoria:

373 1951 816 2020 consequentiam
849 1949 1239 2003 describamus.
1278 1949 1443 2019 Igitur
1474 1950 1614 2003 sicut
1655 1950 1705 2003 in
1738 1952 1948 2005 artibus

373 2041 460 2097 his
490 2057 608 2111 quae
644 2056 803 2096 manu
839 2040 1125 2110 aditnpleri
1159 2041 1359 2106 solent,
1385 2042 1530 2095 ratio
1551 2042 1765 2110 quidem
1795 2043 1944 2109 quid.

370 2132 456 2186 vel
484 2132 741 2201 qualiter,
779 2132 863 2187 vel
893 2133 956 2185 ad
983 2140 1121 2201 ques
1144 2148 1275 2187 usus
1300 2134 1418 2198 fiat,
1452 2142 1703 2187 versatur
1732 2134 1785 2185 in
1825 2128 1948 2185 sen-

370 2235 460 2287 su,
496 2221 733 2277 efﬁcacia
776 2237 904 2277 vero
943 2222 1123 2290 operis
1152 2238 1409 2277 manuum
1447 2223 1754 2277 ministerio
1783 2225 1947 2292 expli-

369 2318 559 2380 catur;
591 2314 664 2368 ita
699 2315 750 2368 in
795 2314 1046 2383 operibus
1083 2314 1173 2368 Dei
1206 2330 1326 2383 qua:
1359 2316 1425 2369 ab
1465 2316 1579 2384 ipso
1614 2313 1754 2369 facta
1798 2324 1943 2379 sunt,

368 2406 712 2461 sentiendum
752 2415 857 2473 est,
904 2407 1050 2474 quod
1099 2420 1287 2460 eorum
1340 2421 1458 2473 quae
1494 2407 1739 2460 videmus
1777 2406 1843 2459 ab
1882 2420 1946 2460 eo

368 2496 533 2563 facta,
566 2498 703 2554 ratio
728 2509 785 2553 et
819 2498 1176 2568 intelligentia
1203 2505 1389 2549 manet
1416 2497 1464 2549 in
1494 2495 1728 2551 occulto.
1752 2496 1816 2549 Et
1844 2498 1944 2551 sic.

368 2596 430 2643 ut
462 2603 525 2644 ea
548 2604 669 2658 quae
699 2590 767 2645 ab
796 2591 1005 2646 artifice
1036 2590 1173 2644 facta
1213 2597 1357 2652 sunt,
1391 2604 1514 2643 cum
1545 2589 1735 2643 oculus
1761 2598 1945 2643 noster

365 2679 585 2744 viderit,
615 2681 659 2733 si
691 2680 818 2749 quid
861 2682 1128 2751 praecipue
1158 2682 1518 2737 fabrefactum
1570 2685 1939 2753 prospexerit,

365 2773 626 2828 continuo
657 2773 914 2842 qualiter,
948 2772 1029 2827 vel
1061 2774 1354 2841 quomodo,
1392 2773 1476 2826 vel
1515 2776 1581 2827 ad
1624 2790 1764 2842 quos
1804 2790 1938 2832 usus

364 2862 570 2919 factum
601 2864 691 2930 sit,
721 2867 875 2920 ardet
918 2865 1129 2919 animus
1168 2866 1473 2930 sciscitari;
1508 2868 1681 2921 multo
1708 2868 1941 2935 amplius

364 2962 422 3008 et
450 2970 613 3023 super
642 2970 856 3010 omnem
890 2958 1375 3025 comparationem,
1402 2972 1590 3010 eorum
1618 2973 1736 3025 quae
1769 2976 1797 3011 a
1835 2960 1940 3014 Deo

367 3043 513 3101 facta
541 3047 905 3114 pervidemus,
942 3046 1194 3101 ineffabili
1229 3049 1501 3103 desiderio
1541 3049 1695 3103 ardet
1728 3050 1939 3103 animus

366 3149 661 3205 agnoscere
692 3137 981 3190 rationem.
1017 3136 1168 3201 Quod
1207 3138 1560 3206 desiderium,
1592 3156 1755 3208 quem
1789 3157 1939 3196 amo-

364 3239 480 3281 rem
526 3227 646 3282 sine
689 3227 851 3281 dnbio
895 3242 924 3281 a
959 3228 1067 3282 Deo
1096 3229 1252 3283 nobis
1285 3229 1505 3283 insitum
1544 3232 1852 3295 credimus;
1886 3243 1940 3286 ct

364 3318 507 3373 sicut
538 3318 728 3373 oculus
763 3317 1088 3372 naturaliter
1117 3318 1291 3373 lucem
1331 3319 1558 3387 requirit
1588 3328 1641 3373 et
1663 3319 1858 3386 visum,
1886 3330 1941 3375 et

363 3424 565 3477 corpus
603 3419 850 3463 nostrum
898 3423 1052 3464 escas
1087 3410 1198 3481 (81)
1231 3419 1285 3463 et
1323 3420 1504 3478 potum
1538 3411 1812 3466 desiderat
1845 3428 1941 3480 per

366 3493 647 3564 naturam;
683 3498 754 3552 ita
789 3513 945 3553 mens
973 3510 1157 3553 nostra
1185 3499 1422 3554 scicndae
1463 3501 1712 3553 veritatis
1745 3501 1840 3555 Dei
1886 3511 1940 3556 et

362 3605 547 3646 rerum
578 3606 774 3645 causas
801 3592 1059 3646 noscendi
1095 3592 1375 3660 proprium
1410 3607 1473 3646 ac
1517 3593 1763 3646 naturale
1794 3594 1938 3647 desi-

363 3680 574 3736 derium
600 3683 762 3752 gerit.
800 3682 1120 3751 Aecepimus
1151 3694 1334 3737 autem
1364 3698 1390 3735 a
1420 3683 1528 3737 Deo
1555 3684 1695 3737 istud
1728 3685 1940 3739 deside-

364 3772 528 3839 rium,
562 3788 670 3827 non
697 3773 761 3826 ad
787 3774 889 3826 hoc
919 3784 977 3827 ut
1007 3787 1106 3828 nec
1136 3772 1327 3827 debeat
1357 3789 1619 3844 unquam,
1644 3789 1744 3827 nec
1773 3776 1942 3844 possit

361 3861 600 3929 expleri;
638 3862 875 3929 alioquin
900 3878 928 3915 a
953 3863 1232 3916 conditore
1264 3863 1373 3916 Deo
1406 3865 1571 3917 menti
1600 3875 1799 3919 nostrae
1826 3866 1939 3935 (82)

365 3953 563 4007 frustra
621 3954 893 4007 videbitur
942 3969 1095 4007 amor
1139 3954 1387 4007 veritatis
1423 3956 1683 4021 insertus,
1719 3957 1762 4011 si
1802 3973 1941 4010 nun-

360 4057 523 4111 quam
574 4043 830 4099 desiderii
877 4057 1099 4112 compos
1130 4042 1380 4098 efficitur.
1420 4045 1572 4099 Unde
1622 4056 1677 4099 et
1734 4048 1786 4100 in
1837 4049 1940 4103 hac

359 4135 471 4188 vita
504 4134 595 4204 qui
628 4149 839 4189 summo
860 4133 1043 4189 labore
1074 4134 1178 4203 piis
1209 4135 1403 4189 studiis
1440 4150 1505 4189 ac
1529 4135 1795 4207 religiosis
1827 4139 1938 4209 (85)

359 4240 580 4293 operam
611 4226 878 4291 dederint,
909 4241 1219 4295 quanquam
1251 4242 1413 4296 parva
1441 4230 1689 4295 qutedam
1714 4245 1780 4284 ex
1805 4231 1941 4285 mul-

359 4318 429 4372 tis
471 4325 525 4372 et
559 4317 838 4372 immensis
888 4318 1085 4372 divinae
1120 4317 1361 4372 scientiae
1398 4320 1618 4388 capiant
1645 4321 1935 4387 thesauris,

2062 517 2184 557 cum
2216 501 2412 569 aliquis
2438 499 2567 553 velit
2596 499 2887 567 imaginem
2925 498 3169 568 pingere,
3206 498 3251 549 si
3282 506 3409 551 ante
3447 496 3638 553 futura:

2062 593 2249 647 formae
2306 591 2634 643 lineamenta
2707 591 2885 642 tenuis
2952 589 3075 657 styli
3148 587 3491 641 adumbratio
3548 589 3642 642 de-

2060 684 2235 753 signet
2265 681 2399 751 (84),
2431 689 2484 733 et
2510 678 2940 747 snperponendis
2972 677 3211 731 vultibus
3241 691 3471 745 capaces
3499 692 3638 745 prm-

2061 783 2213 842 paret
2238 781 2415 837 notas,
2435 772 2551 825 sine
2576 770 2736 823 dubio
2761 783 2860 837 per
2882 768 3353 823 adumbrationem
3381 768 3633 837 imposita

2060 862 2428 933 praeformatio
2474 861 2541 916 ad
2592 861 2968 929 suscipiendos
3021 876 3184 914 veros
3244 860 3366 914 illos
3424 860 3636 913 colores

2052 954 2165 1023 jam
2197 955 2440 1024 paratior
2472 955 2783 1020 invenitur;
2816 955 2895 1008 sic
2944 957 3103 1007 modo
3140 952 3490 1007 adumbratio
3520 952 3635 1017 ipsa

2059 1061 2123 1101 ac
2155 1046 2484 1101 deformatio
2510 1046 2649 1115 stylo
2679 1046 2791 1113 (85)
2834 1046 3046 1099 Domini
3086 1045 3256 1098 nostri
3280 1042 3405 1098 Jesn
3434 1044 3657 1098 Christi

2058 1138 2112 1190 in
2167 1138 2345 1191 cordis
2403 1137 2575 1190 nostri
2632 1136 2831 1189 tabulis
2879 1136 3269 1205 perscribatur.
3314 1134 3377 1187 Et
3428 1134 3636 1189 idcirco

2058 1226 2287 1281 fortasse
2320 1227 2537 1289 dicitur,
2580 1245 2599 1277 ι
2635 1227 2758 1293 quia
2783 1228 2929 1280 omni
2957 1226 3175 1280 habenti
3209 1226 3426 1279 dabitur
3459 1233 3514 1279 et
3536 1225 3634 1279 ad-

2051 1319 2352 1386 jicietur”.
2383 1338 2400 1370 ι
2445 1317 2599 1373 Unde
2642 1328 2853 1373 constat
2898 1318 3227 1371 habentibus
3278 1315 3637 1371 deformatio-

2058 1423 2179 1462 nem
2209 1410 2496 1477 quamdam
2533 1411 2585 1463 in
2613 1412 2714 1464 hac
2740 1411 2847 1463 vita
2882 1411 3132 1463 veritatis
3153 1419 3206 1463 et
3238 1409 3500 1475 scientiae,
3536 1410 3635 1463 ad-

2055 1499 2285 1553 dendam
2319 1501 2483 1554 etiam
2510 1515 2629 1555 esse
2662 1500 3121 1571 pulchritudinem
3154 1499 3410 1569 perfectae
3436 1500 3634 1570 imagi-

2058 1589 2140 1645 nis
2170 1590 2221 1643 in
2255 1590 2457 1645 futuro.

2126 1680 2178 1734 5.
2224 1679 2374 1746 Tale,
2416 1683 2630 1751 opinor,
2680 1682 2949 1736 indicabat
2980 1681 3307 1736 desiderium
3333 1697 3487 1736 suum
3542 1681 3634 1737 ille

1984 1752 2023 1805 Β
2058 1773 2147 1840 qui
2172 1772 2423 1828 dicebat:
2461 1791 2479 1823 ι
2512 1774 2774 1828 Coaretor
2824 1783 3001 1827 autem
3037 1788 3103 1827 ex
3142 1773 3386 1835 duobus,
3417 1773 3633 1827 deside-

2056 1862 2194 1915 rium
2236 1862 2442 1915 habens
2472 1862 2689 1915 dissolvi
2741 1873 2796 1915 et
2844 1876 2966 1915 cum
3010 1862 3229 1916 Christo
3279 1875 3423 1926 esse,
3462 1861 3632 1915 multo

2054 1953 2197 2005 enim
2246 1953 2532 2017 melius”;
2569 1971 2588 2003 ›
2621 1954 2798 2007 sciens
2831 1954 2972 2022 quod
3010 1962 3137 2005 tunc
3184 1968 3305 2005 cum
3350 1966 3632 2021 regressus

2054 2053 2201 2097 esset
2232 2045 2297 2097 ad
2329 2044 2626 2109 Christum,
2658 2048 2903 2099 omnium
2932 2060 3052 2114 quae
3087 2055 3348 2114 geruntur
3375 2044 3428 2098 in
3471 2045 3632 2099 terris

2056 2133 2402 2187 manifestius
2434 2143 2753 2203 agnosceret
2783 2135 3043 2201 rationes,
3080 2134 3164 2187 vel
3193 2135 3258 2187 de
3285 2134 3506 2187 homine
3542 2133 3629 2187 vel

2054 2223 2118 2276 de
2164 2226 2347 2276 anima
2396 2224 2655 2287 hominis,
2694 2225 2777 2278 vel
2827 2226 2892 2279 de
2940 2234 3145 2289 mente,
3177 2224 3261 2278 vel
3306 2239 3372 2279 ex
3407 2224 3631 2293 quihus-

2054 2327 2263 2382 cunque
2295 2314 2400 2368 illis
2428 2318 2521 2384 qni
2567 2318 2637 2370 sit
2670 2316 2896 2384 spiritus
2933 2316 3024 2385 qui
3058 2316 3394 2385 inoperetur,
3426 2318 3523 2385 qui
3558 2317 3630 2372 sit

2052 2419 2265 2472 quoque
2290 2407 2467 2461 vitalis
2501 2406 2611 2476 (86)
2648 2408 2896 2475 spiritus,
2931 2407 3013 2460 vel
3049 2422 3165 2476 quae
3198 2408 3268 2463 sit
3303 2410 3476 2477 gratia
3508 2423 3628 2477 qua

2052 2495 2211 2547 datur
2241 2493 2489 2549 fidelibus
2519 2495 2757 2564 Spiritus
2781 2499 2978 2551 sancti.
3009 2496 3160 2550 Tunc
3183 2511 3401 2565 quoque
3426 2496 3632 2551 intelli-

2050 2592 2141 2652 get
2168 2584 2257 2651 qui
2285 2584 2384 2637 sibi
2417 2586 2665 2638 videatur
2700 2585 2884 2646 Israel,
2920 2586 3001 2639 vel
3037 2600 3156 2653 quae
3184 2587 3469 2641 diversitas
3498 2602 3630 2656 gen-

2052 2673 2204 2740 tium,
2238 2676 2366 2742 quid
2396 2676 2556 2729 etiam
2587 2675 2689 2730 sibi
2721 2676 2887 2729 velint
2914 2675 3077 2729 Israel
3105 2676 3393 2730 duodecim
3427 2677 3627 2742 tribus,

2046 2774 2101 2817 et
2128 2765 2256 2833 quid
2293 2766 2488 2835 singuli
2516 2766 2698 2834 populi
2738 2781 2832 2835 per
2866 2767 3105 2836 singulas
3139 2767 3334 2821 tribus.
3372 2766 3522 2821 Tunc
3547 2767 3625 2820 in-

2050 2854 2254 2923 telliget
2298 2856 2462 2908 etiam
2503 2857 2567 2909 de
2614 2856 2987 2912 sacerdotibus
3028 2867 3086 2912 et
3132 2857 3336 2920 lcvitis,
3362 2866 3418 2911 et
3450 2857 3515 2910 de
3544 2856 3626 2910 di-

2048 2948 2219 3002 versis
2248 2948 2674 3002 sacerdotalibus
2716 2949 2999 3003 ordinibus
3027 2949 3290 3002 rationem
3311 2989 3324 3012 ,
3362 2957 3417 3002 et
3474 2946 3628 3014 cujus

2052 3038 2222 3093 forma
2255 3050 2375 3094 erat
2406 3042 2458 3093 in
2491 3041 2692 3112 Moyse,
2720 3051 2772 3095 et
2800 3041 3152 3095 nihilominus
3180 3056 3301 3109 qure
3323 3041 3393 3094 sit
3427 3040 3629 3093 veritas

2048 3132 2189 3201 apud
2209 3132 2373 3185 Deum
2399 3116 2770 3199 jubilaeoru'm,
2786 3141 2841 3186 et
2856 3132 3184 3201 septimanas
3203 3145 3468 3185 annorum
3489 3128 3626 3200 (87);

2044 3225 2136 3278 sed
2181 3232 2235 3277 et
2283 3223 2546 3279 festorum
2577 3223 2787 3277 dierum
2822 3232 2875 3276 et
2908 3221 3170 3276 feriarum
3206 3222 3448 3274 rationes
3471 3220 3624 3273 vidc-

2041 3314 2158 3379 bit;
2199 3323 2252 3368 et
2283 3316 2526 3369 omnium
2558 3314 2959 3370 sacrificiorum
2994 3322 3046 3367 et
3073 3313 3511 3382 purificationum
3543 3311 3626 3364 in-

2046 3408 2286 3462 tuebitur
2314 3422 2545 3472 causas;
2579 3422 2700 3476 qua:
2726 3408 2797 3461 sit
2822 3420 3040 3475 quoque
3068 3407 3204 3459 ratio
3236 3406 3399 3474 leprte
3429 3420 3627 3474 purga-

2046 3500 2229 3564 tionis,
2263 3508 2316 3553 et
2351 3514 2471 3567 qua).
2521 3499 2684 3568 leprre
2727 3498 2977 3563 diversas,
3005 3506 3061 3551 et
3104 3512 3223 3567 quae
3271 3497 3523 3566 purgatio
3555 3496 3625 3550 sit

2041 3607 2227 3646 eorum
2262 3592 2351 3660 qui
2386 3591 2610 3647 seminis
2640 3590 2966 3659 profluvium
3002 3591 3305 3660 patiuntur,
3338 3573 3623 3655 advertet;

2042 3695 2095 3739 ct
2128 3693 2384 3756 agnoscet
2410 3698 2625 3753 quoque
2655 3698 2775 3751 quin
2807 3693 2862 3736 et
2890 3693 3104 3750 quanta:
3131 3682 3428 3750 qualesque
3452 3683 3623 3734 virtu-

2046 3786 2125 3830 tes
2178 3776 2284 3831 sint
2340 3776 2515 3839 bonas,
2548 3788 2775 3843 quaeque
2828 3774 3187 3827 nihilominus
3230 3771 3539 3836 contrariae,
3567 3778 3623 3825 et

2042 3870 2130 3936 qui
2164 3868 2246 3921 vel
2281 3866 2388 3921 illis
2421 3866 2645 3921 affectus
2673 3867 2745 3919 sit
2771 3864 3102 3931 hominibus,
3128 3863 3210 3918 vel
3246 3865 3364 3919 istis
3389 3873 3622 3917 conten-

2045 3958 2181 4012 tiosa
2232 3959 2529 4012 aemulatio.
2575 3956 2882 4010 lntuehitur
2936 3971 3149 4025 quoque
3199 3970 3318 4023 quae
3367 3954 3436 4009 sit
3483 3954 3623 4008 ratio

2044 4048 2373 4110 animarum,
2404 4060 2593 4114 qnzeve
2619 4046 2907 4100 diversitas
2941 4045 3278 4111 animalium,
3304 4043 3387 4098 vel
3430 4059 3620 4098 eorum

2042 4152 2163 4206 quae
2193 4140 2242 4191 in
2265 4139 2426 4205 aquis
2455 4138 2665 4200 vivunt,
2695 4136 2778 4189 vel
2801 4137 3005 4201 avium,
3028 4135 3109 4187 vel
3141 4135 3404 4201 ferarum,
3425 4118 3622 4203 quidve

2043 4232 2113 4285 sit
2140 4232 2280 4299 quod
2335 4233 2387 4285 in
2440 4241 2545 4284 tam
2583 4229 2787 4283 multas
2814 4230 3021 4298 species
3050 4228 3262 4298 singula
3295 4243 3494 4298 genera
3525 4228 3621 4282 de-

2042 4322 2334 4387 ducuntur,
2384 4323 2476 4390 qui
2516 4322 2793 4377 Creatoris
2847 4330 3181 4391 prospectus,
3232 4321 3318 4373 vel
3356 4321 3478 4388 quis
3525 4334 3620 4387 per

358 4416 540 4463 tamen
592 4410 697 4464 hoc
748 4409 923 4476 ipsum
979 4413 1122 4478 Quod
1163 4410 1375 4465 animos
1414 4426 1542 4466 suos
1594 4421 1935 4479 mentemque
1968 4437 2014 4494 ι)
2045 4415 2157 4468 haec
2210 4414 2422 4484 singula
2474 4414 2754 4482 sapientiae
2797 4414 2915 4483 ejus
2945 4415 3141 4484 tegitur
3172 4428 3384 4467 sensus.
3424 4414 3530 4468 Sed
3566 4425 3622 4477 et

357 4514 484 4569 erga
526 4500 641 4554 haec
683 4510 974 4567 occupant,
1000 4510 1163 4570 atque
1196 4501 1246 4555 in
1292 4502 1392 4556 hac
1421 4505 1744 4571 semetipsos
1779 4505 1932 4573 cupi-

357 4591 529 4644 ditate
568 4591 933 4658 pmvepiunt,
964 4592 1191 4645 multum
1243 4592 1492 4646 utilitatis
1542 4595 1819 4662 accipiunt
1865 4610 1932 4648 ex

354 4680 458 4735 hoc
491 4680 609 4748 ipso
640 4681 785 4748 quod
820 4680 1034 4733 animos
1058 4694 1186 4733 suos
1218 4680 1285 4732 ad
1319 4680 1657 4748 inquirendae
1689 4682 1934 4738 veritatis

353 4770 598 4827 studium
650 4783 1001 4839 amoremque
1035 4778 1381 4833 convertunt,
1420 4780 1475 4823 et
1507 4772 1809 4839 paratiores
1837 4789 1931 4826 eos

429 4858 473 4890 ¹⁷
513 4857 673 4913 Deut.
711 4873 833 4923 vm,
858 4860 911 4914 5.
990 4858 1033 4890 ³⁸
1074 4858 1204 4913 Luc.
1236 4874 1352 4925 xu,
1385 4859 1476 4912 ‘26.

424 4946 541 5024 (77)
582 4948 666 5002 Ea:
689 4948 786 5024 ftac
814 4950 918 5003 vita
962 4949 1135 5024 minus
1172 4952 1435 5004 eruditus.
1471 4950 1562 5006 Sic
1595 4968 1724 5009 mss.
1754 4956 1923 5024 Alias,

362 5037 379 5072 t
416 5033 481 5071 ex
516 5021 618 5072 hoc
643 5020 824 5073 minus
845 5020 1116 5077 eruditus.
1159 5040 1178 5073 ι

426 5087 539 5157 (78)
576 5088 627 5141 ln
648 5089 926 5155 prioribus
949 5091 1279 5144 editionihus
1302 5088 1478 5155 deest,
1510 5109 1528 5141 ι
1568 5091 1621 5145 id
1652 5103 1733 5147 est
1758 5093 1836 5157 ;’›
1878 5105 1937 5150 et

353 5173 452 5229 pro
485 5177 503 5209 (
547 5158 761 5229 edoceri
795 5176 812 5208 ι
840 5158 1033 5226 legitur
1070 5176 1088 5209 ι
1126 5162 1329 5215 doceri.
1366 5179 1383 5212 ι

444 5229 535 5299 79)
577 5228 670 5299 Sic
700 5243 830 5282 mss.
852 5229 1034 5299 iAlias,
1085 5247 1103 5279 ι
1138 5230 1335 5282 docent
1367 5239 1530 5298 atque
1568 5233 1865 5288 instruunt.
1908 5254 1926 5285 ι

450 5297 540 5365 80)
583 5297 740 5359 Mss.,
775 5314 793 5347 ι
832 5298 1071 5351 demum.
1114 5317 1131 5348 ι
1169 5299 1333 5357 Editi,
1374 5316 1391 5348 ι
1432 5297 1645 5357 deinde.
1691 5323 1709 5353 ι

445 5368 533 5437 81)
577 5367 669 5422 Sic
694 5383 824 5423 mss.
857 5368 1024 5435 Alias,
1052 5385 1070 5418 ι
1091 5369 1157 5422 ad
1182 5368 1357 5421 visum
1390 5378 1443 5424 et
1463 5385 1663 5440 corpus
1690 5381 1930 5426 nostrum

351 5452 558 5500 escam,
594 5456 613 5489 ›
647 5446 760 5492 etc.

424 5506 535 5578 (82)
578 5506 633 5560 ln
668 5517 825 5561 antea
854 5508 1012 5563 editis
1037 5523 1135 5576 pro
1164 5526 1183 5559 ι
1207 5508 1313 5563 Deo
1344 5527 1363 5561 ›
1394 5508 1589 5578 legitur
1618 5527 1637 5560 ι
1683 5520 1933 5578 nostro»

351 5583 405 5628 et
437 5577 591 5631 deest
627 5594 645 5627 ‹
687 5578 849 5632 tnenti
875 5588 1072 5633 nostrae
1134 5598 1149 5632 ο

421 5644 533 5784 (85)
575 5644 728 5724 Mss"
760 5664 778 5695 ι
820 5648 1105 5725 religiosis.
1141 5669 1156 5701 ι
1187 5648 1348 5703 Libb.
1378 5649 1532 5713 editi,
1567 5665 1585 5698 t
1624 5649 1925 5718 religioni.»

447 5713 536 5783 ει)
576 5712 736 5771 Ltbb.
761 5715 917 5784 editi,
937 5736 953 5769 ς
981 5718 1023 5774 si
1060 5728 1185 5775 ante
1213 5719 1404 5777 formae
1432 5720 1758 5776 lineamenta
1784 5722 1925 5775 tenui

447 5713 536 5783 ει)
576 5712 736 5771 Libb.
761 5712 953 5786 editiﬁ
981 5718 1023 5774 si
1060 5728 1185 5775 ante
1213 5719 1404 5777 formae
1432 5712 1758 5776 lineamenta
1784 5722 1928 5775 tenui

2042 4514 2300 4572 agnoscet
2332 4519 2437 4572 qua
2480 4505 2686 4557 ratione
2722 4504 2991 4557 radicibus
3014 4505 3340 4572 quibusdam
3378 4505 3464 4557 vel
3495 4505 3623 4558 her-

2044 4592 2127 4646 bis
2167 4592 2512 4646 associantur
2537 4594 2783 4659 quaedam
2820 4592 3073 4653 virtutes,
3108 4598 3163 4643 et
3210 4590 3330 4645 aliis
3370 4600 3623 4645 econtra-

2043 4684 2125 4737 rio
2175 4683 2357 4737 herbis
2423 4682 2502 4736 vel
2558 4682 2832 4736 radicibus
2886 4681 3259 4750 depelluntur;
3310 4696 3430 4749 quae
3478 4682 3620 4735 ratio

2039 4783 2408 4845 apostatarum
2460 4773 2800 4842 angelorum,
2825 4789 3012 4844 quaeve
3048 4788 3213 4828 causa
3246 4773 3388 4843 quod
3424 4772 3493 4827 iis
3526 4772 3616 4842 qui

1555 4862 1597 4892 ¹⁹
1632 4861 1864 4931 Philipp.
1899 4880 1937 4928 I,
1968 4864 2059 4919 25.

2042 4958 2168 5030 styli
2201 4958 2618 5013 adnmbratione
2660 4958 2926 5029 designet.
2967 4977 2985 5010 ι
3023 4956 3131 5015 Sed
3170 4971 3360 5014 omnes
3392 4972 3527 5014 mss.
3560 4967 3619 5013 ut

2043 5031 2096 5082 in
2133 5038 2322 5083 nostro
2357 5037 2527 5083 textu.

2113 5099 2225 5221 (85)
2270 5098 2425 5153 Libh.
2460 5098 2613 5165 editi,
2666 5116 2684 5148 ι
2731 5098 2871 5152 sicut
2916 5098 3076 5152 modo
3106 5097 3450 5153 adumbratio
3501 5097 3616 5167 ipsa

2136 5178 2346 5221 ormata
2391 5168 2552 5221 stvlo.
2580 5187 2597 5217 ι
2627 5180 2732 5221 etc.

2041 5165 2346 5223 deformata
2391 5168 2597 5237 stylo,)
2627 5180 2732 5222 etc.

2115 5238 2225 5309 (86)
2268 5239 2358 5292 Sic
2392 5235 2535 5309 mss.
2563 5236 2718 5291 Libh.
2746 5236 2913 5309 editi,
2950 5255 2975 5309 «ί
3005 5235 3099 5306 qui
3125 5235 3235 5290 sint
3269 5235 3498 5305 spiritus
3525 5235 3618 5305 qui

2038 5318 2347 5375 operentur,
2370 5309 2461 5376 qui
2495 5308 2625 5369 sint,
2663 5308 2822 5375 quive
2852 5308 3062 5361 vitales.
3096 5325 3114 5357 ι

2112 5378 2222 5449 (87)
2264 5378 2338 5431 lta
2371 5374 2501 5430 mss.
2530 5374 2699 5449 Alias,
2733 5377 2974 5449 «fortine
3002 5385 3165 5449 erant
3207 5391 3221 5427 :
3258 5375 3367 5428 imo
3412 5374 3617 5449 sentiet

2038 5442 2394 5501 nihilominus
2427 5462 2547 5515 qua:
2564 5448 2634 5499 sit
2662 5448 2864 5501 veritas
2894 5447 3242 5516 jubifaaorum
3275 5455 3329 5498 et
3356 5442 3618 5516 septima-

2040 5531 2236 5570 narum
2284 5511 2571 5586 annorum.
2611 5535 2630 5567 ι
2664 5516 2832 5570 Paulo
2878 5511 3001 5586 post
3048 5516 3186 5586 infra
3229 5530 3385 5578 mss.,
3420 5511 3617 5586 [Quae

2038 5595 2093 5639 et
2143 5595 2361 5655 quanta:
2412 5585 2711 5654 qualesque
2755 5581 2983 5640 virtutes
3032 5585 3142 5638 sint
3179 5586 3411 5655 boum._t
3452 5581 3613 5636 Libb.

2039 5653 2175 5712 editi
2214 5656 2386 5712 solum
2438 5653 2658 5723 habent,
2691 5675 2709 5707 ε
2747 5657 2938 5725 quales
2976 5655 3207 5711 virtutes
3238 5653 3348 5709 sint
3377 5653 3555 5712 bonae.
3584 5669 3612 5709 ι
