4014 6142
311 198 425 258 245

1627 187 1834 247 LIBER
1873 187 2256 245 SECUNDUS.

3468 186 3574 242 246

313 334 412 375 eos
444 333 549 374 non
583 325 693 372 tota
727 315 829 371 fide
863 315 1314 384 contempserint,
1341 312 1427 367 vel
1467 311 1672 366 adulari
1707 311 1759 364 iu
1798 309 1895 363 ali-
1925 313 1972 369 Α
2000 307 2174 362 sancti
2231 306 2430 375 quique
2480 302 2823 360 discedentes
2883 304 2948 357 de
2997 301 3102 358 hac
3152 299 3259 355 vita
3297 315 3578 370 permane-

313 409 516 479 quibus
546 415 772 476 possunt
805 405 942 474 (88),
973 404 1056 458 vel
1083 404 1286 458 erroris
1319 416 1482 457 causa
1512 401 1671 471 106
1698 416 1761 454 ac
1795 401 1886 454 de-

312 499 586 568 ceptionis
617 497 902 552 exsistere.
950 494 1054 550 Sed
1089 503 1142 549 et
1177 497 1243 550 de
1281 493 1506 563 singulis
1539 493 1731 546 divina:
1768 505 1892 560 pro-

313 590 568 644 videntiae
599 587 864 658 judicium
894 587 1085 651 discet,
1130 587 1195 639 de
1241 585 1324 639 his
1359 599 1480 653 quae
1515 585 1767 638 accidunt
1797 583 1892 636 hoc

317 680 578 745 minibus,
611 680 756 749 quod
803 694 908 734 non
955 677 1180 732 fortuito
1211 677 1294 731 vel
1338 692 1466 730 casu
1492 676 1766 738 accidunt,
1797 676 1891 729 sed

313 777 528 830 ratione
562 776 796 843 quadam
830 784 936 829 tam
969 769 1299 834 examinata,
1329 777 1438 822 tam
1475 768 1662 828 ardua,
1688 773 1747 817 ut
1770 779 1888 817 eam

308 881 415 920 non
452 866 630 920 solum
662 872 996 928 sanctormn,
1026 862 1118 917 sed
1154 861 1400 915 fortassis
1431 859 1673 913 omnium
1715 855 1889 910 homi-

306 975 464 1023 num,
522 973 593 1012 ne
641 972 902 1011 numerus
954 955 1172 1024 quidem
1222 957 1510 1022 prmtereat
1546 947 1885 1016 capillorum,

305 1048 463 1116 cujus
496 1048 852 1118 providentia:
894 1048 1035 1100 ratio
1068 1044 1398 1113 perducatur
1442 1054 1612 1110 usque
1654 1040 1720 1092 ad
1756 1040 1889 1093 duos

305 1155 565 1210 passeres
591 1140 681 1209 qui
717 1139 941 1193 denario
971 1135 1372 1196 distrahuntur,
1406 1134 1518 1186 sive
1546 1131 1886 1200 spiritaliter,

300 1235 420 1289 sive
444 1233 616 1286 etiam
640 1232 941 1286 secundum
971 1229 1205 1282 litteram
1235 1229 1544 1299 passeribus
1574 1224 1884 1278 intellectis.

301 1325 459 1378 Nunc
492 1323 638 1378 enim
663 1322 842 1376 adhuc
875 1321 1090 1374 interim
1126 1322 1410 1388 quaeritur,
1445 1329 1572 1370 tunc
1601 1329 1782 1368 autem
1815 1315 1886 1366 ibi

294 1417 408 1484 jam
466 1414 756 1469 manifeste
799 1414 1073 1468 videbitur
1106 1411 1240 1484 (89).
1279 1413 1353 1464 Ex
1397 1410 1594 1479 quibus
1638 1405 1888 1459 omnibus

299 1505 613 1574 putandum
664 1513 765 1568 est,
796 1503 938 1572 quod
982 1503 1200 1555 interim
1245 1517 1352 1554 non
1401 1513 1589 1568 parum
1631 1497 1888 1564 temporis

299 1603 558 1649 transeat
590 1609 872 1663 usquequo
910 1609 1100 1648 eorum
1155 1589 1533 1645 tantummodo
1574 1603 1691 1655 qua:
1725 1599 1888 1654 super

301 1693 514 1737 terram
553 1694 678 1737 sunt
705 1686 840 1738 ratio
868 1690 987 1752 post
1013 1683 1135 1736 vitae
1165 1685 1476 1736 abscessum
1508 1678 1684 1746 dignis
1709 1685 1761 1730 et
1795 1677 1888 1729 be—
1922 1655 1964 1715 Β

299 1773 594 1827 uenteritis
625 1776 968 1836 ostendatur,
997 1781 1056 1825 ut
1106 1787 1201 1839 per
1235 1785 1424 1825 eorum
1461 1771 1700 1824 on'mium
1741 1769 1892 1838 agni-

296 1861 509 1916 tionem
565 1873 620 1916 et
666 1864 841 1933 plenae
884 1863 1130 1918 scientiae
1164 1862 1418 1931 gratiam,
1455 1860 1638 1915 laetitia
1677 1863 1892 1914 inenar-

295 1949 461 2002 rabili
502 1949 872 2016 perfruantur.
905 1951 1038 2004 Tum
1079 1951 1273 2004 deinde
1319 1952 1362 2004 si
1403 1965 1496 2004 aer
1536 1949 1639 2004 iste
1680 1950 1770 2018 qui
1810 1949 1896 2001 itt-

300 2050 386 2094 ter
434 2041 643 2095 cmlutn
689 2052 742 2096 et
789 2051 991 2097 terram
1037 2053 1139 2110 est,
1179 2059 1285 2097 non
1326 2051 1407 2097 est
1440 2056 1644 2096 vacuus
1676 2043 1742 2095 ab
1772 2041 1890 2094 ani-

296 2131 606 2198 mantibus,
642 2139 696 2185 et
743 2133 1112 2188 animantibus
1163 2132 1600 2191 rationabilibus.
1653 2132 1797 2187 sicut
1840 2141 1894 2187 et

294 2220 605 2288 Apostolus
637 2222 774 2275 dixit
807 2244 818 2278 :
861 2242 878 2274 ι
908 2223 964 2277 1η
1006 2226 1202 2292 quibus
1250 2223 1543 2292 aliquando
1574 2223 1890 2279 ambulastis

295 2314 606 2368 secundum
639 2315 898 2370 saeculum
948 2318 1130 2369 mundi
1158 2315 1336 2382 hujus,
1361 2317 1656 2371 secundum
1689 2317 1887 2385 princi-

293 2417 423 2470 pem
479 2404 762 2471 potestatis
810 2404 954 2458 aeris
997 2405 1154 2472 hujus
1190 2404 1304 2472 (90)
1343 2405 1568 2472 spiritus
1610 2405 1701 2473 qui
1748 2421 1891 2458 nunc

291 2502 570 2561 operatur
620 2493 672 2546 in
720 2493 846 2546 ﬁliis
904 2492 1306 2554 diﬂideutiaa”;
1342 2513 1359 2546 ι
1417 2503 1469 2548 et
1520 2494 1715 2547 iterum
1772 2498 1889 2548 ait:

295 2601 317 2636 ι
349 2583 666 2652 Rapiemur
699 2583 756 2636 in
801 2583 1038 2637 nubibus
1069 2585 1284 2636 obviam
1309 2585 1528 2639 Christo
1563 2586 1616 2638 in
1641 2599 1802 2646 aera,
1841 2593 1894 2639 et

292 2676 371 2729 ita
406 2687 634 2741 semper
658 2688 784 2728 cum
813 2673 1043 2729 Domino
1074 2677 1360 2730 erimus“.
1393 2695 1412 2727 ι

365 2764 428 2817 6.
477 2761 622 2834 (90‘)
655 2763 962 2819 Putandum
1011 2774 1092 2820 est
1136 2767 1304 2836 igitur
1342 2768 1483 2835 quod
1511 2769 1692 2823 tandiu
1719 2768 1892 2822 sancti

294 2857 371 2910 Ibi
411 2865 799 2926 permaneant,
823 2872 1104 2926 usquequo
1130 2858 1414 2927 utriusque
1446 2859 1590 2913 modi
1625 2862 1891 2916 rationem

296 2946 739 3016 dispensationis
770 2962 958 3002 eorum
985 2965 1105 3018 quae
1151 2951 1203 3004 in
1239 2966 1364 3005 aere
1404 2960 1690 3020 geruntur,
1725 2967 1888 3020 agno-

1999 402 2133 456 bunt
2160 399 2271 472 (9'5)
2300 401 2351 454 in
2379 399 2497 454 loco
2525 400 2709 470 aliquo
2737 400 2788 452 iu
2822 407 2964 452 terra
2997 397 3193 466 posito,
3225 412 3383 467 quem
3416 413 3578 468 para-

2001 491 2172 545 disum
2213 490 2342 545 dicit
2370 489 2651 558 Scriptura
2686 491 2892 555 divina,
2932 490 3079 544 velut
3108 490 3159 543 in
3187 489 3416 559 quodam
3449 505 3577 544 eru-

2000 583 2224 638 ditionis
2249 582 2388 646 loco,
2416 591 2489 646 et,
2521 591 2579 636 ut
2603 584 2674 635 ita
2699 583 2953 649 dixerim,
2981 583 3248 636 auditorio
3273 582 3356 636 vel
3389 582 3575 637 schola

2000 675 2302 727 animarum
2339 674 2391 726 itt
2438 687 2545 742 quo
2592 674 2656 727 dc
2685 677 2937 729 omnibus
2965 675 3050 729 his
3080 689 3196 742 qum
3226 676 3276 729 in
3307 677 3468 730 terris
3500 677 3577 728 vi-

1999 766 2208 828 derant,
2241 765 2565 827 doceantur,
2591 765 2785 817 indicia
2817 764 2926 836 (94)
2961 781 3174 834 quoque
3209 767 3452 834 quaedam
3485 782 3577 821 ac-

1999 857 2201 925 cipiant
2229 856 2391 908 etiam
2425 855 2490 908 (le
2519 856 2979 924 consequentibus
3009 865 3060 909 et
3095 845 3306 920 futuris,
3341 857 3482 911 sicut
3519 858 3571 912 in

1997 946 2101 1000 hac
2127 962 2342 1016 quoque
2375 949 2479 1002 vita
2515 947 2672 1014 positi
2713 946 2912 998 indicia
2947 945 3058 1015 (95)
3085 948 3332 1014 quaadam
3369 944 3576 1002 ftituro-

1997 1053 2136 1102 rum,
2166 1038 2291 1093 licet
2317 1055 2410 1108 per
2437 1039 2713 1106 speculum
2747 1044 2799 1089 et
2826 1036 3135 1105 mnigmata,
3170 1045 3347 1092 tamen
3381 1055 3449 1092 ex
3478 1039 3576 1093 ali-

1997 1144 2100 1197 qua
2137 1137 2289 1196 parte
2316 1138 2703 1197 conceperant,
2735 1142 2855 1196 quae
2888 1125 3228 1182 manifestius
3260 1136 3314 1182 et
3342 1129 3574 1184 lucidius

1999 1221 2206 1273 sanctis
2236 1221 2288 1272 in
2319 1220 2433 1273 suis
2462 1227 2516 1273 et
2557 1219 2693 1273 locis
2739 1227 2793 1271 et
2841 1219 3180 1288 temporibus
3234 1220 3571 1277 revelantur.

1998 1307 2052 1362 Si
2089 1309 2210 1375 quis
2258 1323 2391 1361 sane
2437 1309 2671 1362 mundus
2713 1308 2898 1388 corde,
2939 1317 2993 1362 et
3035 1310 3218 1376 purior
3253 1319 3476 1378 mente,
3517 1323 3577 1366 et

1997 1399 2356 1452 exercitatior
2395 1413 2556 1453 sensu
2597 1398 2796 1461 fuerit,
2837 1400 3076 1454 velocius
3108 1402 3420 1469 proficiens,
3461 1404 3572 1459 cito

1997 1486 2062 1539 ad
2091 1487 2234 1540 aeris
2263 1487 2440 1542 locum
2469 1489 2751 1550 ascendet,
2782 1497 2837 1542 et
2864 1489 2928 1541 ad
2959 1491 3222 1546 caelorum
3254 1506 3422 1562 regna
3449 1508 3574 1560 per-

1995 1580 2181 1632 veniet
2213 1593 2311 1646 per
2348 1579 2595 1633 locorum
2653 1582 3018 1651 singulorum,
3074 1593 3131 1636 ut
3186 1585 3259 1636 ita
3314 1583 3569 1652 dixerim,

1995 1669 2336 1734 mansiones;
2388 1684 2521 1736 quas
2571 1670 2746 1725 Graeci
2799 1675 3011 1740 quidem
3067 1676 3334 1742 sphaeras,
3386 1676 3442 1730 id
3487 1686 3572 1730 est

1996 1760 2182 1830 globos
2213 1761 2645 1829 appellaverunt,
2681 1763 2969 1832 Scriptura
3011 1779 3139 1818 vero
3175 1765 3356 1821 divina
3403 1765 3572 1822 caelos

1996 1850 2282 1916 nominat;
2312 1851 2364 1903 in
2405 1852 2604 1919 quibus
2633 1851 2860 1922 singulis
2888 1853 3065 1920 primo
3111 1853 3329 1925 quidem
3362 1855 3572 1924 perspi-

1996 1939 2102 1994 ciet
2130 1955 2194 1993 ea
2233 1955 2356 2009 qua:
2407 1941 2478 1993 ibi
2514 1949 2800 2010 geruntur,
2852 1943 3091 1996 secundo
3126 1958 3254 1998 vero
3288 1945 3452 1999 etiam
3488 1961 3572 2000 ra-

2001 2032 2206 2084 tionem
2237 2045 2405 2098 quare
2433 2040 2693 2100 gerantur
2715 2042 2997 2102 agnoscet;
3029 2042 3084 2087 et
3112 2033 3183 2087 ita
3209 2049 3303 2104 per
3320 2037 3569 2091 ordinem

1996 2120 2335 2190 digredietur
2373 2121 2485 2192 (96)
2519 2123 2756 2192 singula,
2807 2138 3046 2192 sequens
3077 2140 3200 2179 eum
3247 2126 3339 2196 qtti
3387 2135 3567 2180 trans-

1996 2225 2211 2278 gressus
2262 2221 2346 2265 est
2412 2211 2580 2266 cmlos
2618 2211 2801 2266 Jesum
2839 2213 3036 2275 Filium
3091 2214 3182 2268 Dei
3243 2214 3567 2271 dicentem:

2001 2318 2018 2349 ι
2056 2299 2186 2354 Volo
2247 2311 2304 2355 ut
2340 2304 2427 2355 ubi
2470 2318 2590 2357 sum
2639 2318 2761 2372 ego,
2799 2313 2852 2357 et
2907 2304 2992 2357 isti
3041 2305 3149 2357 sint
3197 2319 3407 2360 mecum
3437 2307 3501 2358 ".
3544 2324 3563 2358 ο

1996 2390 2102 2446 Sed
2135 2402 2188 2446 et
2221 2395 2287 2447 de
2335 2394 2418 2448 his
2459 2394 2705 2449 lucorum
2745 2395 3150 2450 diversitatibus
3190 2396 3398 2451 indicat
3445 2411 3572 2452 cum

1996 2482 2127 2534 dicit
2177 2501 2190 2535 :
2251 2501 2270 2532 ι
2337 2483 2520 2539 Multa:
2587 2486 2896 2539 mansiones
2961 2495 3092 2540 sunt
3150 2487 3290 2555 apud
3347 2487 3567 2543 Patrem

1998 2585 2175 2622 meum
2196 2573 2262 2625 ’³.
2289 2592 2307 2623 ι
2328 2571 2449 2640 Ipse
2483 2567 2659 2628 tamen
2693 2575 2890 2643 ubique
2920 2585 3025 2640 est,
3062 2584 3117 2629 et
3149 2577 3401 2632 universa
3443 2591 3570 2646 per-

2000 2661 2188 2713 currit.
2214 2661 2324 2714 Nec
2355 2664 2495 2717 ultra
2525 2664 2887 2733 intelligamus
2912 2684 3032 2720 eum
3059 2668 3109 2720 in
3141 2683 3202 2722 ea
3234 2668 3343 2738 (97)
3368 2670 3570 2740 exigui-

2002 2757 2110 2801 tate
2141 2751 2191 2802 in
2227 2766 2333 2820 qua
2367 2753 2523 2806 nobis
2550 2763 2770 2822 pr0pter
2802 2770 2901 2809 nos
2939 2754 3164 2810 ell‘ectus
3212 2768 3333 2820 est;
3369 2758 3424 2811 id
3466 2765 3566 2824 est,

1999 2853 2104 2890 non
2149 2838 2235 2891 illa
2275 2841 2789 2910 circumscriptione
2817 2857 2978 2911 quam
3029 2846 3080 2896 in
3124 2853 3312 2900 nostro
3335 2861 3571 2916 corpore

1998 2928 2049 2982 in
2081 2931 2240 2982 terris
2271 2931 2478 2998 positus
2502 2932 2646 2985 inter
2674 2933 2922 2988 homines
2953 2935 3161 3000 habuit,
3195 2952 3304 3006 quo
3337 2939 3488 2994 velut
3515 2940 3568 2994 in

302 2997 737 3016 -γ-τ---π---ηη
776 2997 957 3002 ν---η-
989 2997 1104 3018 γη
1239 2997 1360 3005 —---
1404 2997 1690 3020 D"""""v
1725 2997 1861 3020 --υ--ν

297 3049 485 3096 scant.
521 3038 675 3104 Quod
719 3049 901 3094 autem
935 3041 1045 3095 dixi
1079 3043 1366 3113 utriusque
1401 3044 1570 3107 modi,
1607 3044 1710 3098 hoc
1756 3058 1837 3098 εει
1870 3063 1880 3096 :

1997 3034 2102 3072 uno
2137 3019 2316 3088 aliquo
2348 3021 2745 3090 circumseptus
2774 3023 2892 3079 loco
2923 3034 3160 3094 putetur.

297 3130 455 3186 verbi
502 3130 695 3199 gratia,
738 3145 861 3185 cum
907 3132 959 3185 in
1007 3134 1164 3187 terris
1206 3148 1474 3200 essemus,
1513 3134 1746 3188 vidimus
1799 3134 1885 3191 vel

301 3222 583 3288 animalia,
617 3223 702 3276 vel
748 3223 992 3291 arbores,
1020 3235 1076 3279 et
1129 3225 1465 3281 differentias
1513 3242 1703 3281 eorum
1761 3243 1886 3297 pro-

300 3313 610 3381 speximus,
647 3313 744 3367 sed
778 3323 832 3368 et
864 3313 1237 3369 diversitatem
1290 3317 1753 3386 quamplurimam
1808 3321 1886 3373 in-

303 3412 387 3456 ter
409 3403 702 3469 homines;
735 3419 922 3459 verum
951 3405 1196 3460 videntes
1227 3406 1362 3472 haec,
1399 3409 1664 3463 rationem
1698 3425 1885 3465 eorum

303 3507 410 3546 non
472 3493 859 3560 intelleximus,
897 3498 990 3550 sed
1037 3498 1140 3551 hoc
1187 3497 1341 3551 nobis
1385 3507 1589 3553 tantum
1652 3515 1718 3553 ex
1770 3503 1886 3569 ipsa

306 3597 471 3650 quam
509 3583 743 3638 vidimus
773 3585 1088 3642 diversitate
1113 3601 1422 3660 suggestum
1447 3601 1549 3654 est,
1573 3599 1628 3644 ut
1656 3593 1890 3660 inquira-

305 3689 426 3728 mus
484 3685 540 3728 et
583 3685 998 3744 'perscrutemur
1029 3694 1134 3748 qua
1186 3682 1396 3737 ratione
1445 3685 1545 3738 ista
1587 3684 1769 3738 omnia
1802 3685 1886 3739 vel

305 3764 524 3820 diversa
572 3765 776 3821 fuerint
822 3781 1024 3836 creata,
1062 3773 1143 3826 vel
1195 3775 1342 3828 varie
1387 3775 1792 3843 dispensentur,
1834 3785 1887 3830 et

306 3863 577 3924 concepto
619 3857 673 3911 itt
723 3863 883 3915 terris
916 3861 1290 3929 hujuscemodi
1321 3866 1618 3934 agnitionis
1658 3865 1769 3938 (91)
1804 3868 1888 3921 vel

305 3947 512 4012 studio,
543 3949 623 4001 vel
653 3965 862 4014 amore,
898 3951 1118 4006 dabitur
1150 3954 1306 4009 nobis
1340 3966 1462 4025 post
1495 3958 1697 4011 exitum
1724 3959 1888 4012 etiam

309 4038 552 4108 cognitio
581 4040 696 4109 ejus
726 4052 779 4094 et
809 4042 1196 4112 intelligentia;
1233 4045 1276 4099 si
1305 4055 1484 4100 tamen
1516 4063 1603 4102 res
1632 4051 1890 4116 procedat

309 4142 373 4179 ex
409 4139 560 4183 voto.
592 4129 727 4185 Cum
757 4147 889 4202 ergo
921 4135 1499 4202 comprehenderimus
1529 4140 1737 4209 integre
1776 4140 1890 4209 ejus

313 4219 598 4284 rationem,
645 4231 771 4276 tunc
805 4231 1034 4292 utroque
1079 4226 1236 4280 modo
1270 4229 1795 4296 comprehendemus
1825 4247 1890 4286 ea

2066 3137 2112 3190 7.
2144 3138 2278 3192 Cum
2307 3154 2438 3208 ergo
2475 3139 2606 3210 (98),
2646 3139 2794 3192 verbi
2826 3139 3021 3208 gratia,
3061 3140 3126 3193 ad
3157 3141 3404 3196 coelestia
3444 3143 3567 3197 loca

1994 3231 2342 3297 pervenerint
2396 3233 2591 3294 sancti,
2639 3241 2764 3286 tunc
2815 3234 2928 3301 jam
2966 3233 3235 3286 rationem
3289 3244 3564 3288 astrorum

1993 3335 2088 3388 per
2108 3321 2318 3390 singula
2344 3323 2724 3389 pervidebunt,
2745 3333 2798 3378 et
2824 3324 2937 3378 sive
2961 3324 3253 3378 animantia
3285 3335 3432 3390 sunt,
3453 3328 3569 3381 sive

1994 3411 2254 3479 quidquid
2291 3411 2421 3465 illud
2454 3422 2561 3478 est,
2586 3414 3076 3480 comprehendent.
3109 3415 3214 3468 Sed
3248 3423 3300 3469 et
3324 3417 3459 3470 alias
3483 3432 3572 3469 ra-

1995 3503 2172 3556 tiones
2195 3517 2417 3571 operum
2448 3503 2540 3557 Dei
2576 3519 2712 3572 quas
2745 3506 2828 3559 eis
2878 3505 2995 3570 ipse
3043 3505 3326 3570 revelabit,
3371 3508 3569 3561 intelli-

1995 3601 2143 3662 gent.
2189 3592 2304 3646 Jam
2347 3595 2493 3648 enim
2541 3605 2798 3662 tanquam
2856 3596 2981 3649 ftliis
3032 3611 3212 3648 rertnn
3249 3611 3464 3661 causas,
3514 3607 3570 3652 et

1993 3683 2248 3737 virtutem
2274 3698 2401 3739 .suze
2450 3685 2776 3739 conditionis
2815 3687 3094 3751 ostendet;
3124 3699 3176 3741 et
3221 3688 3433 3743 docebit
3472 3703 3568 3745 eos

1995 3788 2165 3843 quare
2185 3773 2273 3827 illa
2300 3774 2453 3828 stella
2487 3776 2536 3828 in
2570 3776 2661 3829 illo
2692 3776 2811 3830 loco
2839 3777 2964 3830 εωΙί
2999 3779 3171 3847 posita
3200 3786 3568 3849 est,etqnare

1996 3863 2063 3917 ab
2106 3864 2208 3916 alia
2265 3873 2414 3918 tanto
2454 3865 2742 3920 dirimente
2795 3868 2974 3936 spatio
3031 3878 3358 3937 separatur;
3417 3870 3566 3924 verbi

1995 3957 2190 4025 gratia,
2219 3957 2261 4010 si
2287 3957 2642 4026 propinquior
2671 3957 2885 4024 fuisset,
2909 3960 3035 4029 quid
3072 3975 3137 4014 ex
3167 3963 3268 4015 hoc.
3303 3970 3449 4016 esset
3483 3961 3568 4015 fu-

1999 4057 2213 4113 turum;
2252 4051 2294 4103 si
2328 4065 2456 4104 vero
2486 4051 2716 4120 longius,
2749 4052 2876 4121 quid
2915 4052 3218 4116 accideret;
3250 4061 3342 4104 aut
3367 4053 3414 4105 si
3447 4067 3564 4105 ma-

1991 4138 2076 4207 jor
2104 4141 2290 4195 fuisset
2319 4142 2407 4194 illa
2429 4144 2580 4196 stella
2608 4159 2769 4212 quam
2794 4141 2903 4206 illa,
2935 4142 3207 4210 quomodo
3233 4141 3426 4195 similis
3461 4156 3567 4196 non

1996 4239 2307 4284 servaretur
2334 4233 2684 4298 universitas,
2716 4235 2810 4285 sed
2846 4231 2897 4282 in
2943 4231 3102 4282 aliam
3132 4230 3421 4298 quamdam
3457 4231 3569 4283 for-

312 4319 430 4375 quae
457 4308 695 4365 vidimus
729 4327 891 4380 super
923 4323 1146 4372 terram.
1175 4316 1306 4371 Tale
1345 4333 1474 4388 ergo
1503 4319 1703 4388 aliquid
1728 4322 1889 4375 etiam
1922 4344 1967 4398 Β
1999 4338 2140 4374 mam
2155 4330 2343 4376 cuneta
2370 4333 2724 4377 mutarentur.
2752 4323 2841 4380 Sic
2863 4339 2990 4394 ergo
3009 4325 3249 4379 decursis
3272 4323 3384 4394 (99)
3403 4325 3571 4376 ontui-

313 4397 378 4451 de
407 4413 574 4454 aerea
607 4402 732 4457 sede
770 4404 1058 4459 dicendum
1089 4414 1190 4462 est.
1233 4406 1372 4461 Puto
1419 4409 1562 4462 enim
1594 4408 1704 4480 (92)
1753 4413 1894 4479 quod

383 4516 430 4546 ¹⁰
473 4514 673 4583 Ephes.
707 4535 767 4583 tt,
798 4519 854 4584 2,
887 4519 941 4577 '5.
1021 4520 1062 4550 “
1100 4522 1120 4573 l
1161 4519 1323 4576 Thes.
1371 4538 1443 4589 tv,
1474 4522 1561 4577 16.

383 4630 496 4711 (88)
537 4632 984 4711 βὶεῇιιιεεᾋΑΙίιιε,
1025 4657 1042 4690 ι
1087 4650 1234 4696 tanta
1282 4641 1387 4694 ftde
1433 4643 1881 4711 contempserint,

316 4703 719 4778 velba‘dulariiin
748 4706 1017 4778 aliquibus
1046 4723 1287 4778 possent.
1339 4728 1357 4760 ι

385 4770 496 4849 (89)
538 4772 694 4849 Libb.
728 4770 884 4841 editi,
918 4797 935 4828 ι
972 4770 1400 4843 δυ’ὺιτειιιιιιιιιιι,
1435 4781 1547 4834 sive
1581 4780 1886 4849 spirituali.

317 4843 416 4917 ter,
451 4845 566 4917 sive
590 4843 700 4917 jam
727 4849 1022 4901 secundum
1055 4852 1290 4903 litteram
1337 4843 1651 4917 passeribus
1680 4851 1889 4906 intelle-

317 4910 434 4989 etis:
466 4910 619 4976 Quod
659 4917 803 4989 enim
835 4933 974 4973 nunc
1002 4921 1218 4989 interim
1248 4910 1533 4989 quaeritur,
1560 4931 1672 4973 tum
1704 4933 1884 4976 autem

320 4978 390 5032 ibi
417 4981 526 5047 jam
559 4987 906 5041 manifestum
933 4987 1228 5044 videbitur.
1263 4978 1283 5041 ἰ
1317 4988 1422 5043 Sed
1457 4978 1586 5044 tttss.
1623 5001 1681 5044 ut
1706 4992 1763 5046 in
1795 5008 1886 5048 no-

326 5058 437 5104 Sll'O
467 5061 634 5105 textu.

387 5120 500 5191 (90)
542 5123 1184 5200 Secundumprincipem
1231 5130 1503 5197 potestatis
1538 5132 1675 5185 aeris
1705 5131 1882 5200 hujus.

320 5185 670 5264 Haéc‘omissa
706 5205 832 5250 sunt
863 5185 915 5251 in
941 5185 1100 5254 ante'a
1123 5185 1307 5264 editis,
1339 5201 1465 5253 licet
1493 5185 1801 5256 habeantur
1830 5185 1885 5256 in

323 5261 567 5321 omnibus
591 5279 720 5317 mss.

353 5397 364 5408 .
389 5328 524 5400 (90')
549 5333 677 5388 Haec
708 5336 771 5408 ad
795 5338 1191 5408 praecedentem
1228 5338 1493 5408 phrasim,
1516 5353 1636 5407 qua:
1659 5342 1884 5396 conclu-

325 5405 469 5473 sione
501 5416 687 5473 carere
720 5405 950 5472 videtur,
969 5405 1248 5462 referenda
1273 5417 1420 5470 sunt,
1447 5410 1497 5461 ni
1529 5405 1794 5473 fallor,ita
1826 5421 1882 5464 ut

324 5469 396 5522 sic
413 5472 668 5548 periodus
689 5469 1040 5548 construatur
1072 5495 1085 5529 :
1123 5476 1256 5531 Tum
1271 5469 1462 5532 deinde
1475 5481 1518 5532 si
1553 5469 1710 5535 aer...
1734 5497 1754 5544 ;
1779 5499 1880 5548 pu-

325 5540 534 5593 tandum
558 5554 657 5607 eat,
680 5553 788 5597 etc.
823 5544 980 5599 Eon.
1001 5546 1242 5602 ΡΑτιιοι.

389 5607 501 5683 (91)
539 5615 854 5683 Agnitiouis.
886 5615 1044 5674 Deest
1073 5619 1234 5674 etiam
1263 5618 1314 5674 iu
1337 5619 1613 5690 prioribus
1638 5619 1890 5678 editioni-

1640 4523 1683 4553 ²²
1709 4521 1864 4578 Joan.
1899 4539 2035 4589 xvn,
2063 4521 2154 4574 24.

2002 4413 2103 4466 bus
2134 4426 2255 4479 quae
2273 4411 2326 4462 in
2348 4421 2620 4464 astrorum
2639 4414 2850 4468 ratione
2872 4426 2928 4470 et
2946 4417 2996 4468 iu
3021 4416 3103 4468 his
3125 4414 3579 4469 conversionibus

2233 4521 2276 4552 ³³
2309 4521 2465 4577 Joan.
2506 4540 2614 4594 xw,
2649 4527 2704 4582 ‘2.

1986 4639 2108 4699 bus.
2137 4639 2230 4691 sed
2259 4639 2491 4693 habetur
2519 4643 2570 4695 in
2607 4657 2737 4698 mss.

2217 4709 2347 4785 _Vide
2377 4710 2410 4764 l.
2441 4727 2478 4765 ιι
2503 4710 2845 4785 ,Orrigem'anq
2874 4730 2929 4785 q.
2959 4715 3046 4780 ll,
3080 4731 3139 4769 η.
3168 4715 3227 4768 Η
3256 4723 3311 4770 et
3341 4715 3422 4772 12-.

2065 4779 2177 4853 (95)
2219 4779 2293 4853 Ita
2325 4796 2450 4833 mss.
2487 4779 2654 4853 Alias,
2693 4802 2712 4834 ι
2744 4779 3125 4853 permaneant.
3152 4803 3176 4835 ι

2343 4867 2470 4923 tttss.
2499 4843 2668 4917 Alias,
2707 4843 2976 4923 (judicia.
3013 4875 3031 4907 I

2070 4917 2181 4994 (95)
2224 4919 2321 4994 Sic
2369 4921 2558 4994 iterum
2599 4917 2962 4988 mss.'Alias,
3017 4947 3034 4977 ι
3081 4924 3308 4994 judicia,
3347 4944 3366 4977 ι
3400 4927 3563 4982 male.

2000 4987 2200 5067 ibidem
2235 4988 2362 5067 libb.
2409 4992 2562 5058 editi,
2601 5012 2619 5042 ι
2662 5009 2759 5061 per
2793 4987 3159 5062 speculnm'in
3195 4987 3502 5067 tenigtnate.
3543 5017 3566 5052 ι

1998 5057 2130 5121 Mss,
2169 5068 2225 5110 ttt
2250 5058 2303 5110 itt
2331 5071 2516 5115 nostro
2549 5057 2720 5118 textu.

1995 5127 2180 5248 “15.99)
2225 5128 2376 5196 Mss.,
2419 5147 2436 5180 ι
2474 5135 2794 5200 digreditur.
2838 5152 2856 5185 ι
2900 5134 3060 5191 Libb.
3088 5136 3262 5204 editi,
3297 5155 3315 5189 ι
3353 5138 3568 5207 egredi—

2019 5213 2103 5250 lll‘.
2139 5217 2158 5248 ι

2065 5266 2176 5348 (9ῖ)
2221 5267 2311 5321 Sic
2346 5285 2477 5323 mss.
2508 5271 2678 5336 Alias,
2708 5290 2726 5323 ι
2766 5273 2850 5328 vel
2877 5275 3017 5329 ultra
3046 5275 3417 5345 intelligamus
3443 5287 3568 5329 eum

1991 5351 2098 5391 non
2131 5355 2184 5390 ιιι
2221 5352 2305 5400 ea,
2341 5357 2360 5389 ι
2397 5350 2506 5393 ειε.

2063 5405 2179 5545 (98)
2218 5404 2355 5462 Vide
2385 5409 2420 5461 l.
2451 5426 2486 5464 ιι
2519 5409 2842 5479 Origenian.,
2870 5429 2922 5482 q.
2950 5414 3003 5476 8,
3030 5415 3224 5470 num.l
3261 5424 3316 5467 et
3339 5416 3393 5468 ὅ.
3461 5477 3473 5490 ι

2089 5476 2178 5545 99)
2220 5478 2310 5531 Sic
2343 5495 2475 5532 mss.
2531 5481 2704 5545 Alias,
2739 5499 2756 5532 ι
2795 5485 3102 5545 diversitas,
3140 5486 3234 5537 sed
3297 5485 3347 5535 iu
3404 5478 3473 5532 alt

2089 5476 2193 5548 99)
2220 5478 2310 5531 Sic
2343 5495 2475 5532 mss.
2531 5476 2704 5546 Alias,
2739 5499 2756 5532 ι
2795 5476 3102 5548 diversitas,
3140 5486 3234 5537 sed
3297 5485 3347 5535 iu
3404 5477 3569 5533 aliam

1998 5546 2288 5625 quamdam
2335 5548 2563 5617 fortnam
2610 5562 2807 5606 cuneta
2853 5546 3247 5619 formarentur,
3282 5552 3326 5606 si
3376 5550 3570 5603 decur-

1997 5627 2091 5684 sts,
2123 5633 2142 5669 ι
2181 5625 2289 5673 etc.
