4014 6142
398 281 503 338 247

1636 268 1960 326 ORIGENlS
1992 271 2148 323 ΠΕΡΙ
2183 270 2409 323 ΑΡΧΩΝ

3536 256 3642 312 218

400 416 521 474 qua:
555 399 610 454 in
655 397 792 454 creto
817 405 942 453 sunt
976 395 1338 455 continentur,
1366 389 1589 444 venient
1619 392 1784 446 etiam
1815 391 1880 445 ad
1908 404 1971 444 ea
2000 398 2045 454 Α
2075 389 2255 445 ctione
2299 387 2476 457 primo
2513 384 2603 439 illa
2636 388 2741 454 qua
2775 384 2828 437 in
2862 382 2916 437 id
2961 378 3231 443 ascendit,
3266 373 3506 474 secundo
3536 390 3642 443 qua

402 507 525 562 quae
550 505 654 545 non
702 489 979 552 videntur,
1013 483 1098 538 vel
1131 481 1196 535 ad
1226 495 1287 535 ea
1321 494 1551 549 quorum
1601 481 1734 562 sola.
1755 482 1972 536 nomina

404 597 548 637 nunc
614 578 952 641 audivimus,
1013 582 1066 627 et
1142 572 1208 626 ad
1269 570 1594 626 invisibilia:
1637 588 1755 641 quae
1808 572 1971 627 multa

404 672 619 741 quidem
661 683 779 723 esse
829 666 1021 719 Paulus
1051 660 1325 730 apostolus
1363 661 1590 727 docuit,’
1618 676 1739 731 qum
1793 672 1971 715 autem

401 764 534 827 sint,
571 759 654 814 vel
711 773 873 826 quam
928 754 1159 808 habeant
1208 751 1595 819 dill‘crcntiam,
1660 767 1726 805 ne
1782 754 1973 820 exiguo

405 852 620 920 quidem
677 849 850 916 aliquo
901 844 1175 899 intellectu
1231 844 1503 913 conjicere
1559 858 1847 913 possumus
1906 843 1971 896 ’⁸.

405 943 470 996 Ει
506 943 575 994 ita
615 952 1006 1006 crescensgper
1035 936 1149 990 sin-
1223 935 1528 989 HIERONYMI
1562 949 1765 988 umsro.
1811 934 1974 988 Cum-

403 1032 521 1102 gula
564 1029 907 1083 rationabilis
954 1037 1147 1081 natura
1221 1045 1319 1095 que
1352 1030 1403 1081 in
1433 1037 1637 1080 tantum
1679 1026 1968 1094 profeceri-

404 1118 860 1192 (l),nonsicutin
881 1131 1043 1172 carne
1068 1115 1148 1169 vel
1222 1136 1339 1173 mus
1379 1119 1484 1190 (2)
1537 1129 1593 1171 ut
1650 1133 1975 1187 nequaquam

400 1226 625 1281 corpore
658 1218 713 1265 et
743 1209 921 1263 anima
953 1208 1006 1260 in
1052 1207 1153 1261 hac

406 1303 561 1372 107
592 1302 699 1356 vita
727 1300 1033 1363 crescebat,
1062 1298 1154 1353 sed

402 1403 583 1449 mente
646 1408 708 1449 ac
775 1408 934 1448 sensu
997 1399 1152 1444 aucta

404 1486 472 1540 ad
530 1484 825 1555 perfectam
871 1483 1153 1538 scientiam

1227 1227 1408 1263 carnes
1442 1219 1489 1262 et
1525 1224 1767 1271 corpora,
1821 1206 1979 1274 forsi-

1227 1314 1315 1355 tan
1342 1318 1403 1354 ne
1420 1302 1611 1353 anima:
1633 1296 1836 1369 quidem
1863 1298 1978 1366 fue-

1229 1395 1417 1457 rimus,
1436 1392 1524 1444 sed
1550 1406 1691 1443 mens
1720 1398 1767 1442 et
1795 1405 1977 1442 sensus

1228 1485 1296 1537 ad
1371 1483 1661 1553 perfectura
1728 1482 1973 1543 ueniens,

2079 488 2381 551 permanet,
2408 479 2562 533 cibos
2584 477 2777 547 quibus
2804 482 3052 529 vescatur
3074 471 3275 526 habens
3303 469 3640 521 theoremata

2079 580 2133 625 et
2181 569 2487 625 intellectus
2533 581 2713 622 rerum
2760 564 3111 632 rationesque
3147 574 3459 616 causarum.
3491 558 3644 612 Sicut

2079 662 2225 717 enim
2248 663 2301 715 in
2330 661 2433 714 hac
2453 659 2561 713 vita
2597 672 2821 727 corpora
2846 667 3028 710 nostra
3047 654 3225 721 primo
3253 653 3302 704 in
3327 650 3431 705 hoc
3466 650 3642 719 ipsum

2081 752 2223 822 quod
2267 765 2451 805 sumus
2485 747 2842 817 corporaliter
2887 751 3159 807 crescunt,
3197 742 3249 795 in
3278 740 3451 808 prima
3485 747 3645 791 relate

2081 845 2325 899 ciborum
2357 841 2675 896 sufﬁcientia
2707 838 2863 893 nobis
2890 839 3278 891 incrementum
3311 838 3640 901 prmstaute;

2080 945 2264 1004 postea
2299 950 2422 987 vero
2451 947 2612 1001 quam
2641 929 2919 985 crescendi
2941 927 3006 980 ad
3030 938 3333 979 mensuram
3364 920 3448 975 sui
3485 918 3648 972 fuerit

2081 1022 2289 1091 expleta
2321 1021 2645 1089 proceritas,
2684 1018 2889 1072 utimur
2921 1016 3056 1070 cibis
3081 1014 3192 1082 jam
3222 1026 3326 1065 non
3358 1021 3653 1064 utcresca-

2084 1129 2225 1177 mus,
2265 1112 2355 1167 sed
2399 1121 2455 1163 ut
2501 1111 2749 1163 vivamus
2789 1116 2843 1161 et
2886 1117 3275 1161 eonservemur
3306 1102 3358 1155 in
3401 1101 3511 1153 vita
3553 1112 3649 1166 per

2083 1224 2239 1263 escas
2275 1225 2288 1260 :
2320 1210 2397 1261 ita
2445 1196 2687 1259 arbitror
2713 1211 2767 1257 et
2798 1210 3033 1256 mentem
3069 1199 3231 1252 etiam
3277 1209 3397 1249 cum
3435 1192 3647 1248 venerit

2083 1300 2146 1353 ad
2185 1297 2507 1368 perfectum,
2539 1294 2684 1349 vesci
2720 1302 2895 1347 tamen
2934 1302 2987 1346 et
3016 1291 3089 1344 uti
3138 1287 3370 1358 propriis
3406 1292 3461 1338 et
3500 1297 3651 1336 com-

2084 1392 2388 1459 petentibus
2420 1388 2557 1443 cibis
2601 1387 2655 1440 in
2702 1401 2765 1440 ea
2808 1398 3087 1446 mensura,
3131 1380 3215 1434 cui
3252 1392 3425 1447 neque
3459 1380 3651 1431 deesse

2084 1479 2288 1549 aliquid
2319 1479 2533 1541 debeat,
2570 1491 2745 1546 neque
2774 1473 3068 1528 abundare.
3108 1471 3161 1524 In
3185 1470 3438 1524 omnibus
3465 1475 3647 1520 autem

1228 1576 1475 1644 nulloque
1521 1572 1975 1642 perturbationum
2084 1572 2234 1626 cibus
2260 1570 2349 1624 hic
2376 1566 2763 1636 intelligendus
2784 1572 2867 1619 est
2895 1563 3101 1617 tbcoria
3126 1570 3178 1616 et
3206 1558 3514 1613 intellectus
3533 1555 3651 1620 Dei,

1229 1668 1409 1723 nubilo
1439 1666 1698 1735 caligaria,
1750 1665 1978 1718 iutuebi-
2084 1661 2291 1713 habens
2346 1671 2632 1712 mensuras
2678 1654 2929 1723 proprias
2979 1661 3034 1704 et
3101 1654 3470 1716 competentes
3524 1644 3650 1701 huic

1230 1770 1317 1813 tur
1345 1756 1419 1829 (ὅ)
1454 1755 1796 1810 rationabiles
1822 1755 1979 1808 intel-
2015 1741 2054 1795 Β
2086 1761 2290 1804 natura:
2313 1763 2430 1819 qum
2465 1748 2601 1801 facta
2632 1756 2716 1801 est
2749 1754 2805 1799 et
2832 1752 3051 1808 creata;
3080 1756 3214 1812 quas
3236 1737 3656 1829 mensurassin-

2087 1841 2243 1913 gulos
2296 1852 2541 1907 quosque
2596 1835 2971 1908 incipientinm
3024 1834 3208 1889 videre
3262 1832 3455 1895 Deum,
3488 1828 3539 1882 id
3572 1836 3656 1881 est

2088 1932 2419 2002 intelligere,
2448 1945 2544 2002 per
2590 1930 2881 1999 puritatem
2921 1927 3100 1981 cordis
3152 1922 3410 1993 competit
3461 1918 3657 1974 obser-

2083 2038 2227 2077 vare.

406 1592 560 1631 mens
600 1577 710 1647 jam
750 1576 987 1645 perfecta
1031 1590 1155 1644 per-

407 1666 643 1732 ducitur,
675 1682 1013 1737 nequaquam
1042 1667 1152 1737 jam

405 1754 549 1811 ultra
572 1758 690 1813 istis
710 1758 1019 1813 carnalibus
1038 1773 1157 1812 sen-

406 1849 557 1904 sibus
584 1851 969 1920 impedita,sed
994 1853 1152 1905 intel-
1223 1850 1545 1920 ligibilesque
1561 1847 1878 1901 substantias
1903 1845 1980 1913 fa-

408 1938 725 1997 lectualibus
798 1943 1150 1997 incrementis
1223 1942 1391 1994 ciead
1415 1939 1624 2009 faciem.

404 2039 585 2096 aucta,
609 2047 826 2100 semper
860 2033 925 2086 ad
972 2047 1188 2101 purum,
1216 2039 1290 2097 et,
1321 2038 1380 2083 ut
1404 2029 1477 2082 ita
1517 2028 1771 2090 dixerim,
1840 2024 1975 2078 faeie

402 2116 471 2170 ad
517 2118 710 2175 faciem
756 2136 933 2174 rerum
969 2136 1161 2175 causas
1195 2119 1514 2189 inspiciens,
1565 2118 1770 2186 potitur
1795 2112 1973 2184 perfe-

420 2237 3629 2268 Μ

1443 2412 1864 2524 LIBER
1928 2406 2596 2521 TERTIUS.

1244 2774 2081 2867 PRJEFA'TIO
2188 2775 2897 2866 RUFINI.‘

478 3078 580 3147 Qui
606 3080 760 3151 legis,
803 3094 1012 3136 memor
1043 3088 1162 3136 esto
1186 3080 1289 3135 mei
1335 3080 1389 3134 in
1420 3082 1528 3135 tuis
1553 3081 1763 3136 sanctis
1793 3080 2155 3144 orationibus,
2180 3089 2238 3135 ut
2265 3091 2320 3135 et
2357 3094 2456 3134 nos
2503 3079 2641 3135 efﬁci
2679 3093 2988 3133 mereamur
3017 3078 3365 3134 aeiuulatores
3402 3078 3647 3149 spiritus.

410 3171 735 3240 Superiores
774 3173 908 3227 duos
936 3171 1077 3239 Περὶ
1116 3170 1319 3239 ἀρχῶν
1353 3170 1563 3225 libellos
1596 3179 1648 3225 te
1687 3185 1794 3226 n0n
1827 3171 2001 3225 solum
2033 3172 2342 3236 insistente,
2384 3185 2573 3225 verum
2600 3172 2761 3226 etiam
2803 3181 3034 3239 cogente
3058 3210 3072 3235 ,
3099 3172 3290 3226 diebus
3333 3170 3651 3239 Quadrage-

405 3263 562 3316 sima:
592 3270 984 3331 mterpretatus
1021 3277 1163 3315 sum.
1196 3261 1301 3316 Sed
1324 3261 1581 3330 quoniam
1618 3262 1724 3316 illis
1770 3262 1964 3316 diebus
2014 3262 2178 3316 etiam
2223 3271 2277 3315 tu
2308 3304 2320 3327 ,
2358 3262 2612 3328 religiose
2643 3262 2812 3317 frater
2850 3262 3087 3329 Macari,
3118 3271 3173 3317 et
3207 3263 3420 3317 vicinus
3467 3276 3654 3316 mane-

409 3353 507 3408 bas
535 3354 636 3423 (4),
666 3363 723 3408 ει
744 3352 974 3421 amplius
1013 3353 1269 3416 vacabas,
1303 3353 1464 3406 etiam
1498 3365 1601 3421 ego
1632 3352 1863 3420 amplius
1894 3354 2197 3421 operabar;
2228 3352 2328 3406 hes
2353 3368 2479 3405 vero
2503 3354 2835 3419 posteriores
2863 3354 3000 3412 duos
3039 3353 3246 3407 tardius
3269 3354 3648 3424 explicuimus,

410 3445 538 3498 dum
562 3452 616 3497 tu
656 3445 722 3498 ad
749 3458 846 3498 nos
882 3444 950 3497 ab
983 3453 1227 3497 extrema
1260 3453 1317 3497 et
1340 3443 1531 3495 ultima
1560 3444 1711 3498 urbis
1745 3443 1821 3514 (5)
1848 3453 2004 3511 parte
2036 3445 2215 3498 rarior
2250 3451 2476 3499 exactor
2508 3444 2744 3498 accedis.
2780 3443 2980 3497 Verum
3016 3444 3063 3497 si
3100 3444 3396 3498 meministi
3428 3443 3567 3512 quod
3598 3443 3648 3495 in

408 3534 822 3603 praefatiuncula
863 3535 1045 3603 priore
1069 3537 1404 3601 commonui,
1439 3536 1565 3605 quia
1595 3537 1927 3605 indiguaturi
1952 3546 2136 3592 essent
2164 3538 2382 3606 quidam
2425 3540 2470 3592 si
2512 3551 2615 3591 nos
2651 3537 2931 3591 audissent;
2985 3552 3092 3591 non
3126 3537 3352 3605 aliquid
3406 3536 3472 3589 de
3521 3535 3648 3590 Ori~

408 3644 545 3699 gene
576 3630 652 3699 (6)
690 3631 830 3685 male
863 3630 1029 3700 loqui,
1059 3631 1319 3685 continuo
1353 3632 1428 3697 id,
1454 3641 1514 3686 ut
1542 3633 1796 3696 arbitror,
1828 3643 2179 3702 prosecutum
2202 3635 2475 3702 probasti.
2530 3634 2685 3699 Quod
2727 3635 2770 3689 si
2803 3635 2855 3687 in
2892 3634 2982 3689 illo
3012 3649 3179 3703 opere
3208 3636 3281 3687 ita
3331 3632 3646 3687 inflammati

407 3731 534 3775 sunt.
564 3723 615 3775 bi
639 3723 732 3791 qui
764 3724 1044 3778 hominum
1078 3725 1287 3793 linguas
1321 3728 1387 3779 ad
1416 3727 1551 3781 male
1581 3727 1910 3796 loquendum
1944 3730 2189 3783 excitant
2224 3729 2503 3782 daemones
2530 3768 2545 3791 ,
2576 3729 2630 3782 in
2677 3744 2785 3797 quo
2816 3731 3051 3784 nondum
3101 3744 3290 3784 eorum
3336 3737 3544 3784 secreta
3580 3729 3645 3780 ad

409 3814 629 3882 plenum
668 3814 964 3869 nudaverat
987 3833 1002 3880 ;
1023 3816 1153 3885 quid
1178 3817 1228 3869 in
1255 3817 1357 3871 hoc
1386 3817 1626 3871 futurum
1647 3828 1823 3889 putas,
1854 3820 1905 3873 in
1935 3834 2043 3888 quo
2070 3834 2258 3874 omnes
2289 3835 2474 3874 eorum
2499 3835 2673 3875 caecas
2694 3828 2749 3874 et
2776 3822 3023 3877 occultas
3047 3822 3187 3887 vias,
3223 3821 3416 3888 quibus
3456 3822 3650 3876 liuma~

409 3907 495 3960 nis
526 3906 781 3960 cordibus
813 3907 1082 3975 irrepunt,
1110 3918 1165 3962 et
1194 3910 1409 3961 animas
1439 3909 1683 3964 infirmas
1716 3926 1779 3965 ac
1815 3910 2037 3980 fragiles
2068 3910 2367 3980 decipiunt,
2410 3913 2709 3968 revelabit?
2750 3914 2973 3970 Videbis
3005 3915 3151 3969 illico
3189 3916 3496 3983 perturbari
3530 3930 3647 3969 om-

409 4001 521 4063 nia,
547 3997 845 4053 seditiones
871 4001 1095 4063 moveri,
1128 4000 1396 4054 clamorcs
1439 4012 1545 4055 tota
1586 4003 1721 4058 urbe
1754 4002 2002 4070 dilfundi,
2036 4003 2100 4057 ad
2132 4005 2536 4061 damnationem
2566 4007 2746 4063 vocari
2770 4021 2890 4060 eum
2929 4008 3018 4076 qui
3054 4007 3381 4078 evangelica:
3414 4007 3647 4061 lucerna:

408 4087 612 4142 lumine
640 4087 936 4141 diabolicas
970 4087 1293 4155 ignorantiae
1324 4090 1398 4161 (7)
1432 4092 1684 4145 tenebras
1718 4091 1905 4161 fugare
1934 4104 2164 4149 conatus
2210 4103 2315 4150 εει.
2353 4096 2554 4152 Verum
2588 4099 2702 4153 lucc
2754 4098 3112 4167 parvipendat
3158 4099 3250 4168 qui
3304 4101 3452 4168 cupit
3499 4098 3645 4153 salva

412 4177 537 4230 tidei
566 4175 847 4231 catholica:
881 4177 1062 4246 regula
1093 4177 1144 4229 in
1173 4176 1372 4231 divinis
1402 4179 1803 4234 eruditionibus
1832 4183 2114 4247 exerceri;
2148 4184 2277 4239 illud
2313 4195 2490 4241 autem
2522 4189 2834 4243 necessario
2861 4202 3214 4252 commoneo,
3244 4190 3388 4257 quod
3422 4190 3562 4244 sicut
3594 4190 3648 4244 in

406 4269 683 4336 Prioribus
704 4260 860 4325 libris
889 4270 1139 4335 Γθοὶηιιιεν
1163 4272 1325 4326 etiam
1357 4272 1410 4326 in
1446 4273 1567 4327 istis
1592 4276 2035 4343 observavimus,
2066 4294 2135 4333 ne
2150 4295 2211 4334 ea
2237 4297 2356 4351 qua:
2386 4282 2615 4353 reliquis
2657 4283 2774 4349 ejus
2818 4283 3132 4347 sententiis,
3180 4292 3234 4337 et
3273 4294 3475 4339 nostra:
3524 4284 3647 4339 fidei

408 4360 685 4415 contraria
713 4361 1066 4418 videbantur.
1092 4362 1507 4431 interpretarer,
1533 4366 1627 4419 sed
1655 4364 1802 4420 velut
1832 4368 2032 4423 inserta
2059 4385 2121 4423 ea
2155 4372 2223 4423 ab
2251 4372 2375 4427 aliis
2402 4380 2457 4427 et
2493 4372 2798 4427 adulterata
2838 4375 3198 4441 praeterirem.
3255 4374 3330 4428 De
3381 4375 3650 4429 creaturis

401 4464 535 4507 vero
556 4456 967 4511 rationabilibus
993 4457 1033 4511 si
1061 4458 1190 4526 quid
1219 4460 1339 4513 novi
1374 4460 1581 4516 dixisse
1610 4462 1757 4517 visus
1781 4474 1892 4530 est,
1918 4466 2171 4533 quianon
2202 4469 2255 4522 in
2276 4469 2377 4523 hoc
2406 4476 2490 4523 est
2513 4484 2723 4523 summa
2749 4468 2890 4531 fidei,
2926 4470 3166 4524 scientiae
3196 4471 3370 4539 gratia
3412 4480 3463 4525 et
3490 4486 3649 4524 exer-

406 4547 544 4610 citii,
580 4564 704 4600 cum
736 4548 874 4603 forte
898 4551 1055 4604 nobis
1082 4553 1371 4606 adversum
1401 4555 1692 4611 nonnullas
1716 4557 1957 4615 haereses
1994 4560 2085 4614 tali
2113 4562 2310 4617 ordine
2339 4563 2651 4618 necessario
2688 4564 3124 4632 respondendum
3154 4573 3257 4632 est,
3283 4580 3460 4636 neque
3490 4566 3539 4619 in
3564 4566 3651 4621 his

405 4639 622 4706 libellis,
659 4658 834 4710 neque
858 4645 909 4697 in
940 4648 1313 4713 superioribus
1348 4653 1692 4716 praetermisi,
1725 4655 1831 4709 nisi
1866 4656 1910 4709 si
1948 4671 2052 4725 qua
2098 4656 2240 4713 forte
2266 4657 2378 4726 jam
2410 4659 2464 4713 in
2508 4660 2882 4728 superioribus
2910 4660 3049 4714 dicta
3095 4669 3342 4730 repetere
3382 4661 3553 4716 etiam
3596 4663 3648 4714 in

405 4732 490 4784 "is
513 4737 909 4801 Posterioribus
939 4739 1130 4803 voluit,
1165 4750 1216 4795 et
1248 4742 1537 4800 brevitatis
1564 4747 1737 4814 gratia
1767 4749 1942 4818 aliqua
1969 4766 2034 4805 ex
2068 4753 2150 4807 his
2175 4769 2427 4809 resecare
2460 4756 2803 4811 commodum
2829 4757 2979 4811 duxi.
3010 4758 3066 4811 Si
3108 4758 3234 4826 quis
3274 4767 3453 4812 tamen
3486 4759 3652 4826 profi-

403 4827 578 4881 ciendi
610 4840 662 4883 et
688 4845 790 4884 non
819 4832 1154 4888 obtrectandi
1184 4837 1363 4889 studio
1393 4837 1507 4891 haec
1539 4838 1697 4909 leget,
1723 4844 1931 4899 rectius
1960 4844 2122 4901 faciet
2146 4848 2188 4901 si
2223 4852 2418 4918 exponi
2446 4851 2547 4906 sibi
2576 4851 2691 4906 hinc
2716 4867 2744 4905 a
2776 4852 3126 4922 peritioribus
3158 4852 3306 4907 velit.
3339 4854 3646 4908 Absurdnm

406 4930 639 5013 namque
667 4931 1054 5013 estpo-etarum
1098 4923 1221 4978 ficta
1253 4927 1492 4979 carmina
1524 4937 1577 4982 et
1601 4934 1993 4988 comoediarum
2021 4938 2279 4993 ridiculas
2306 4940 2519 4996 fabulas
2564 4958 2591 4994 a
2629 4942 2999 5010 grammaticis
3042 4945 3278 5011 exponi;
3325 4952 3382 4999 et
3421 4959 3485 4998 ea
3526 4959 3647 5013 qure

401 5006 483 5061 Vel
510 5008 574 5065 de
602 5010 737 5073 980.
769 5010 849 5064 νεὶ
878 5012 944 5066 de
968 5012 1285 5072 cmleStibus
1308 5018 1626 5085 virtutibus,
1660 5036 1724 5077 ac
1751 5023 1819 5078 de
1844 5027 1991 5080 omni
2029 5028 2385 5085 universitate
2424 5006 2700 5097 dicuntur,
2734 5035 2785 5088 in
2826 5036 3025 5104 quibus
3066 5006 3243 5093 omnis
3272 5039 3349 5109 (8)
3383 5037 3464 5091 vel
3487 5006 3646 5109 paga-

474 5124 516 5152 ”
550 5122 748 5190 Ephes.
784 5140 818 5189 I,
866 5124 957 5188 ‘20,
985 5125 1077 5179 ‘21.

596 5232 782 5308 Yidel.
821 5250 858 5308 lt
893 5235 1222 5305 Origenian.,
1255 5256 1310 5308 q.
1351 5240 1437 5305 Η,
1476 5256 1625 5296 num.
1662 5242 1751 5296 Μ.

471 5305 549 5384 ςὶ)
586 5302 819 5384 Curaque
840 5302 1122 5384 in_tautum
1146 5302 1677 5384 profecerimus,__e_tc.
1705 5313 1827 5367 llaec
1848 5331 1966 5384 qua:

399 5388 430 5427 ε
462 5374 654 5454 Graeco
688 5376 754 5454 ad
790 5376 1028 5454 verbum
1068 5374 1497 5454 versa'strntab
1539 5374 1877 5454 Hieronymo
1907 5388 1959 5439 in

399 5442 625 5525 cpistola
676 5444 1017 5525 adAvitum,
1064 5446 1226 5501 fuisse
1255 5449 1515 5525 a_Rufino
1546 5442 1847 5525 adulterata
1893 5455 1958 5509 li-

400 5520 539 5585 ιειιειΔ
569 5527 634 5585 εδ
662 5516 944 5582 utriusque
968 5516 1484 5585 interpretationum
1509 5521 1822 5577 collatione.

471 5582 549 5719 (ὃς
593 5582 911 5639 Intuebitur.
964 5582 1132 5640 Forte
1162 5586 1445 5656 legendum
1494 5591 1901 5648 «intuebimur.
1928 5613 1948 5647 ι

474 5651 529 5719 t4
578 5651 650 5705 Ita
680 5666 808 5708 mss.
834 5654 1001 5719 Alias,
1042 5666 1059 5707 ι
1097 5658 1325 5713 vicinius
1358 5661 1636 5718 menehas.
1680 5681 1699 5713 ι

474 5651 549 5719 t4)
578 5651 650 5705 Ita
680 5666 808 5708 mss.
834 5654 1001 5719 Alias,
1042 5666 1059 5707 ι
1097 5651 1325 5713 vicinius
1358 5661 1636 5718 menehas.
1680 5681 1699 5713 ι

2154 5248 2230 5321 (5)
2260 5249 2347 5321 Sic
2376 5252 2578 5321 optime
2614 5268 2746 5306 mss.
2771 5253 2938 5321 Alias,
2977 5274 2995 5306 ι
3029 5256 3198 5311 orbis.
3232 5272 3253 5309 ι

2147 5320 2231 5402 t6).
2254 5319 2326 5371 De
2355 5319 2608 5402 _0rigene.
2657 5324 2817 5402 Deest
2867 5319 3495 5402 i_r_r_anteadeditispubi
3546 5342 3645 5402 pro

2077 5406 2104 5469 φ.
2129 5389 2264 5469 male
2286 5406 2326 5469 ¹ι
2353 5390 2550 5469 legitur
2583 5409 2601 5441 ι
2633 5393 2783 5446 mali.
2827 5412 2845 5445 ι
2873 5389 3073 5450 lbidcm
3107 5397 3234 5451 libb.
3257 5389 3387 5469 edi—ti
3415 5438 3433 5464 ,
3462 5420 3480 5453 ι
3511 5389 3645 5456 can;-

2068 5461 2217 5511 tinuo
2245 5459 2296 5510 id
2326 5461 2561 5513 arbitror
2589 5473 2930 5528 persecutum
2982 5468 3206 5533 putasti.
3244 5486 3264 5519 ι
3294 5459 3426 5524 Mss.
3477 5480 3535 5526 ut
3583 5473 3643 5528 in

2066 5538 2256 5582 DOSlI‘O
2285 5537 2453 5582 textu.

2132 5597 2212 5676 (ξ)
2242 5596 2319 5676 ita
2358 5612 2485 5652 mss.
2524 5596 2694 5676 Alias,
2726 5616 2746 5650 ι
2789 5603 3065 5659 diabolicae
3092 5605 3432 5673 ignorantiae.
3472 5627 3494 5661 ι

2129 5668 2207 5748 (8)
2241 5668 2331 5722 Sic
2357 5682 2483 5724 mss.
2520 5669 2697 5737 Alias,
2725 5688 2742 5722 ι
2783 5675 3054 5731 onmibus.
3101 5668 3122 5727 ι
