4014 6142
371 278 475 335 249
1693 280 1896 340 LIBER
1935 283 1956 339 'l

2015 281 2189 342 1RTIU
2199 286 2255 342 S.
3493 293 3600 351 250

364 416 551 461 norum
578 401 1058 475 philosophorum,
1091 403 1176 460 vel
1203 403 1581 460 haereticorum
1613 418 1816 475 pravus
1861 419 2020 461 error
2046 409 2313 477 arguitur,
2345 407 2466 463 sine
2502 410 2763 480 magistro
2794 416 2849 465 et
2878 408 3232 480 explanatore
3269 418 3461 478 putare
3492 412 3592 465 ali-

363 510 510 563 quem
539 510 701 565 posse
739 511 800 552 se
829 498 1043 552 discere
1065 497 1144 570 (9)
1178 513 1192 552 :
1224 506 1277 552 et
1303 497 1376 551 ita
1413 498 1469 551 iit
1498 506 1557 550 ut
1583 510 1670 551 res
1700 496 1942 552 diliiciles
1967 506 2021 553 et
2047 499 2317 553 obscuras
2363 501 2556 556 malint
2607 502 2857 556 homines
2907 515 3002 570 per
3030 503 3397 557 temeritatem
3430 509 3483 556 et
3512 502 3598 556 in-

363 588 641 642 scientiam
680 588 1069 657 condemnare,
1095 606 1255 660 quam
1283 605 1380 662 per
1402 590 1735 662 diligentiam
1768 602 1827 647 et
1862 593 2102 646 studium
2134 595 2371 651 discere.

1923 730 1989 750 ,Α

965 850 1213 908 ΚΕΦΑΛ.
1253 855 1328 906 A'.
1959 864 2007 920 Α

1959 864 2007 920 Α
2559 864 2719 933 108
2759 864 2985 919 CAPUT
3028 866 3066 919 l.

359 947 493 1015 Περὶ
518 947 948 1018 αὐτεξουσίου,
999 948 1096 1001 καὶ
1123 948 1251 1018 τῶν
1289 948 1625 1002 δοκούντων
1662 949 1931 1018 ἀναιρεῖν

1518 965 1625 1002 των
1662 949 1931 1018 ἀναιρεῖν
2516 953 2593 1007 De
2623 954 2830 1007 arbitrii
2852 954 3103 1009 libertate.

461 1017 638 1071 τοῦτο
660 1016 974 1086 Γραφικῶν
991 1017 1187 1085 ῥητῶν
1207 1019 1387 1083 λύσις
1410 1019 1502 1073 καὶ
1528 1016 1833 1087 ἑρμηνεία.

2107 1043 2157 1095 1.
2204 1041 2353 1095 Talia
2411 1043 2654 1110 quaedam
2721 1043 2787 1096 de
2845 1044 3351 1111 repromissionibus
3400 1045 3600 1102 divinis

440 1129 593 1181 Ἐπεὶ
619 1128 675 1181 δὲ
703 1131 759 1182 ἑν
782 1128 859 1199 τῷ
888 1128 1201 1200 κηρύγματι
1240 1127 1317 1198 τῷ
1355 1129 1790 1200 ἐκκλησιαστικῷ
1833 1149 1927 1183 πε-

2034 1132 2309 1186 credimus
2334 1132 2638 1197 sentienda,
2666 1148 2786 1186 cum
2823 1132 3235 1202 intelligentiam
3268 1144 3507 1189 nostram
3529 1137 3596 1189 ad

362 1218 597 1291 ριέχεται
625 1220 653 1271 ὁ
691 1220 817 1291 περὶ
841 1221 1074 1292 κρίσεως
1118 1220 1330 1283 δικαίας
1371 1220 1504 1273 Θεοῦ
1542 1222 1731 1286 λόγος,
1780 1224 1927 1286 ὅστις

2035 1220 2550 1289 contemplationem
2582 1222 2771 1276 aeterni
2819 1222 2990 1284 illius,
3033 1233 3088 1276 et
3126 1223 3272 1277 nullo
3309 1224 3417 1279 ﬁne
3448 1226 3598 1279 clau-

358 1310 449 1363 καὶ
482 1312 610 1373 τοὺς
653 1311 948 1374 ἀκούοντας
974 1311 1280 1374 πιστευθεὶς
1315 1307 1452 1364 εἶναι
1490 1311 1692 1382 ἀληθὴς
1724 1330 1932 1382 προκα-

2038 1311 2199 1365 dendi
2236 1312 2419 1365 smculi
2442 1312 2772 1382 jaculamur,
2801 1322 2966 1381 atque
2998 1311 3322 1368 ineﬂ'abilem
3370 1313 3488 1381 ejus
3510 1316 3602 1371 la-

367 1401 538 1454 λείται
566 1403 659 1453 ἐπὶ
690 1402 750 1454 τὸ
779 1401 959 1467 καλῶς
997 1402 1181 1472 βιοῦν,
1223 1403 1318 1456 κα).
1360 1403 1522 1456 παντὶ
1564 1403 1750 1473 τρόπῳ
1799 1404 1930 1472 φεύ-

2037 1401 2208 1454 titiam
2237 1416 2301 1456 ac
2324 1401 2715 1456 beatitudinem
2745 1402 3195 1470 eontemplamur.
3228 1402 3428 1457 Verum
3457 1418 3598 1472 quo-

356 1508 472 1559 γειν
500 1491 597 1562 τὴν
630 1491 930 1563 ἁμαρτίαν,
974 1493 1217 1562 δηλονότι
1259 1492 1823 1562 συγκατατιθεμένους
1871 1495 1929 1546 τὸ

2034 1494 2177 1547 niam
2228 1494 2279 1547 in
2318 1493 2686 1548 ecclesiastica
2733 1494 3117 1562 praedicatione
3160 1494 3303 1548 inest
3341 1495 3506 1549 etiam
3536 1495 3601 1549 de

356 1583 440 1651 ἐφ’
462 1584 597 1653 ἡμῖν
626 1578 766 1635 εἶναι
799 1582 867 1635 τὰ
892 1584 1114 1636 ἐπαίνου
1138 1583 1232 1635 καὶ
1253 1582 1419 1652 ψόγου
1451 1581 1573 1647 ἄξια
1596 1600 1609 1611 ·
1652 1582 1787 1653 φέρε
1835 1583 1927 1636 καὶ

2033 1582 2213 1638 futuro
2238 1582 2332 1637 Dei
2367 1585 2515 1653 justo
2541 1584 2745 1654 judicio
2768 1584 2922 1647 ﬁdes,
2947 1599 3070 1653 quae
3093 1583 3281 1653 jndicii
3305 1584 3601 1639 credulitas

355 1673 596 1743 περὶτοῦ
633 1673 979 1739 αὐτεξουσίου
1012 1672 1116 1743 ἰδίᾳ
1153 1674 1310 1740 ὀλίγα
1349 1671 1718 1743 διαλάϐωμεν,
1764 1674 1930 1741 ἀναγ-

2034 1684 2291 1743 provocat
2343 1675 2593 1729 homines
2621 1684 2675 1729 et
2721 1675 2911 1729 suadet
2952 1676 3019 1728 ad
3055 1677 3192 1729 bene
3235 1674 3601 1744 prtcclareque

354 1767 640 1819 καιοτάτου
668 1766 744 1829 ὡς
770 1766 848 1817 ένι
880 1765 1115 1835 μάλιστα
1145 1765 1545 1836 προϐλήματος.
1590 1765 1705 1818 Ἵνα
1728 1765 1783 1815 δὲ
1806 1765 1932 1833 νοή-

2035 1764 2343 1827 vivendum,
2381 1772 2437 1816 et
2464 1763 2609 1817 omni
2640 1778 2840 1833 genere
2887 1761 3137 1832 refugere
3176 1772 3495 1832 peccatum,
3546 1772 3602 1817 et

355 1873 539 1926 σωμεν
568 1856 620 1909 τί
652 1856 710 1909 τὸ
742 1856 1101 1922 αὐτεξούσιον,
1132 1857 1230 1927 τὴν
1261 1856 1465 1910 ἔννοιαν
1498 1854 1661 1909 αὑτοῦ
1692 1855 1930 1908 ἀναπτύ-

2032 1868 2126 1921 per
2156 1854 2258 1908 hoc
2282 1855 2399 1907 sine
2422 1854 2584 1909 dubio
2617 1854 2889 1907 indicatur
2922 1856 3064 1922 quod
3102 1854 3155 1908 in
3188 1866 3375 1908 nostra
3402 1855 3473 1909 sit
3505 1868 3601 1923 po‘

352 1942 440 2010 ξαι
465 1946 578 2009 δεῖ,
606 1947 692 1999 ἵνα
721 1945 926 2017 ταύτης
964 1946 1389 2018 σαφηνισθείσης
1428 1945 1672 2017 ἀκριϐῶς
1699 1987 1712 2011 ,
1749 1964 1926 2017 παρα-

2033 1945 2194 1997 situm
2225 1954 2494 2013 potestate
2528 1945 2609 1997 vel
2638 1946 2896 1999 laudabili
2934 1961 3033 1999 nos
3070 1946 3191 1999 vitae
3223 1947 3306 2000 vel
3350 1945 3601 2013 culpabili

354 2035 525 2106 σταθῇ
558 2036 668 2108 (10)
698 2037 759 2090 τὸ
783 2036 1133 2108 ζητούμενον.

2031 2035 2252 2099 dedere,
2281 2046 2564 2104 propterea
2586 2037 2952 2091 necessarium
2984 2053 3107 2092 reor
3135 2052 3306 2105 pauca
3345 2038 3508 2090 etiam
3538 2036 3602 2090 de

352 2132 570 2184 arbitrii
594 2134 759 2187 nostri
790 2134 1038 2188 libertate
1063 2134 1349 2198 disserere,
1408 2145 1474 2185 eo
1529 2132 1672 2202 quod
1725 2149 1830 2189 non
1893 2131 2203 2201 ignobiliter
2230 2133 2341 2186 haec
2366 2148 2580 2201 quoque
2602 2134 2873 2201 quaestioa
2901 2134 3316 2204 quamplurimis
3350 2135 3602 2203 agitetur.

353 2225 424 2281 Ut
447 2236 627 2280 autem
661 2226 873 2281 facilius
905 2228 1030 2296 quid
1058 2228 1376 2283 sitlibertas
1430 2226 1643 2282 arbitrii
1681 2238 2097 2294 cognoscamus,
2148 2224 2276 2292 quid
2333 2225 2433 2278 sibi
2486 2224 2613 2277 velit
2676 2234 2864 2279 natura
2899 2226 3069 2295 ipsius
3114 2226 3323 2280 arbitrii
3359 2227 3602 2280 volunta-

354 2321 554 2387 tisque,
582 2320 942 2389 requiramus.

424 2412 549 2465 Τῶν
574 2411 906 2482 κινουμένων
933 2412 1002 2465 τὰ
1046 2411 1143 2482 μὲν
1166 2412 1286 2465 τινὰ
1332 2413 1389 2464 ὲν
1430 2412 1642 2473 ἑαυτοῖς
1676 2410 1790 2481 ἔχει
1827 2409 1925 2479 τὴν
1959 2415 2001 2469 Β

2099 2403 2155 2456 2.
2186 2401 2438 2458 Omnium
2501 2416 2622 2470 qua:
2674 2412 2961 2457 moventur
3017 2404 3122 2458 alia
3184 2405 3237 2459 in
3298 2406 3603 2473 semetipsis

349 2503 451 2574 τῆς
475 2504 740 2572 κινήσεως
766 2502 965 2564 αἰτίαν,
992 2500 1156 2570 ἔτερα
1173 2500 1227 2552 δὲ
1252 2499 1450 2565 ἔξωθεν
1491 2500 1647 2569 μόνον
1676 2501 1925 2551 κινεῖται.

2034 2509 2227 2549 causas
2254 2504 2495 2548 motuum
2522 2507 2739 2546 suorum
2774 2500 2986 2562 gerunt,
3018 2494 3120 2547 alia
3147 2494 3488 2551 extrinsecus
3513 2511 3603 2550 ac-

353 2593 603 2658 Ἐξωθεν
642 2586 735 2643 οὖν
768 2590 926 2659 μόνον
956 2592 1184 2642 κινεῖται
1210 2591 1281 2642 τὰ
1319 2588 1558 2658 φορητὰ,
1604 2583 1712 2640 οἷον
1734 2629 1747 2651 ,
1802 2587 1930 2650 ξύλα

2035 2585 2240 2652 cipiunt
2266 2601 2281 2650 ;
2338 2593 2521 2651 utpula
2553 2585 2893 2637 extrinsecus
2917 2587 3291 2641 tantummodo
3317 2597 3603 2641 moventur

360 2683 463 2736 καὶ
491 2679 631 2732 λίθοι
671 2679 766 2731 καὶ
801 2679 948 2731 πᾶσα
980 2679 1014 2748 ἡ
1054 2677 1160 2729 ὑπὸ
1186 2676 1353 2741 ἕξεως
1395 2675 1560 2745 μόνης
1601 2676 1933 2746 συνεχομένη

2034 2672 2212 2725 omnia
2239 2688 2360 2740 qum
2387 2675 2506 2727 sine
2538 2674 2643 2726 vita
2688 2684 2845 2739 sunt,
2900 2686 2958 2728 ut
3011 2676 3218 2745 lapides
3261 2686 3316 2732 el
3357 2678 3501 2747 ligna
3552 2691 3604 2733 et

352 2771 484 2840 ὕλη.
532 2766 925 2838 ’Υπεξῃρήσθω
967 2766 1023 2818 δὲ
1051 2764 1143 2818 νῦν
1172 2764 1265 2817 τοῦ
1302 2764 1461 2831 λόγου
1494 2765 1554 2815 τὸ
1595 2764 1807 2834 κίνησιν
1844 2764 1931 2816 λέ-

2036 2776 2368 2829 quaecunque
2404 2762 2707 2830 huiusmodi
2738 2772 2863 2817 sunt
2897 2780 3019 2832 qua
3063 2768 3183 2819 solo
3218 2767 3404 2822 habitu
3431 2778 3603 2822 mate-

349 2874 477 2927 γειν
508 2856 605 2927 τὴν
637 2856 791 2926 ῥύσιν
830 2855 937 2907 τῶν
980 2854 1247 2924 σωμάτων
1270 2894 1283 2919 ,
1332 2855 1456 2905 ἐπεὶ
1501 2854 1574 2924 μὴ
1622 2854 1780 2925 χρεία
1813 2854 1934 2907 τού-

2040 2851 2132 2905 ria:
2167 2868 2275 2906 sua:
2316 2853 2399 2907 vel
2449 2868 2735 2921 corporum
2780 2865 3053 2913 constant.
3109 2857 3422 2915 Omittenda
3471 2874 3604 2913 sane

349 2964 448 3004 του
487 2949 594 3020 (Η)
629 2947 765 3020 πρὸς
795 2948 855 3000 τὸ
883 2946 1267 3018 προκείμενον.
1318 2945 1404 2997 Ἐν
1449 2945 1662 3009 ἑαυτοῖς
1711 2944 1769 2997 δὲ
1820 2943 1933 3014 ἔχει

2038 2958 2183 2996 nunc
2208 2955 2291 2997 est
2316 2945 2402 2997 illa
2442 2946 2671 3014 quaestio
2701 2961 2820 3015 quae
2852 2952 3018 3003 etiam
3053 2947 3199 3003 illum
3226 2959 3427 3004 motum
3454 2959 3603 3019 putat

351 3038 454 3107 τὴν
484 3035 663 3088 αἰτίαν
705 3034 798 3087 τοῦ
832 3035 1099 3088 κινεῖσθαι
1147 3032 1261 3098 ζῶα
1292 3034 1386 3086 καὶ
1414 3033 1556 3101 φυτὰ
1592 3035 1685 3087 καὶ
1723 3033 1934 3098 ἁπαξα-

2035 3048 2172 3098 esse,
2212 3049 2332 3088 cum
2370 3051 2465 3103 per
2498 3039 2866 3105 corruptelam
2918 3056 3146 3111 corpora
3207 3042 3598 3108 dissolvuntur;

353 3129 508 3191 πλῶς
538 3130 638 3180 ὅσα
676 3127 781 3180 ὑπὸ
814 3128 1026 3196 φύσεως
1061 3128 1154 3179 κα).
1193 3126 1369 3196 ψυχῆς
1416 3125 1731 3194 συνέχεται,
1776 3124 1833 3190 ἑξ
1857 3118 1931 3176 ὧν

2035 3126 2166 3179 nihil
2219 3129 2364 3180 enim
2404 3144 2545 3180 nunc
2595 3130 2708 3183 luet:
2769 3134 2834 3185 ad
2885 3135 3218 3202 propositum
3271 3136 3599 3191 conducunt.

355 3224 522 3292 φασὶν
551 3218 687 3275 εἶναι
711 3222 806 3274 καὶ
852 3221 920 3274 τὰ
959 3220 1217 3291 μέταλλα,
1251 3218 1397 3289 Πρὸς
1424 3218 1480 3271 δὲ
1508 3217 1719 3281 τούτοις
1749 3220 1843 3272 καὶ
1870 3218 1931 3271 τὸ

2032 3217 2150 3271 Alia
2188 3232 2316 3272 vero
2367 3219 2420 3272 in
2471 3221 2663 3289 seipsis
2707 3224 2914 3278 habent
2946 3226 3197 3280 movendi
3247 3242 3503 3292 causam,
3546 3238 3602 3282 ut

354 3312 471 3385 πῦρ
486 3311 840 3382 αὐτοκίνητόν
862 3314 998 3376 ἑστι,
1026 3312 1167 3380 τάχα
1185 3310 1239 3362 δὲ
1266 3311 1360 3363 καὶ
1402 3312 1456 3363 αἱ
1496 3308 1689 3379 πηγαί.
1720 3308 1839 3362 Τῶν
1873 3308 1931 3362 δὲ

2057 3311 2315 3375 mimalia,
2344 3312 2429 3367 vel
2457 3316 2708 3381 arbores,
2736 3326 2789 3370 et
2816 3318 3145 3386 omniaquae
3174 3333 3274 3387 per
3302 3320 3599 3374 naturalem
3640 3365 3642 3369 .

355 3412 413 3464 ἑν
442 3410 657 3469 ἑαυτοῖς
684 3404 779 3457 τοῦ
809 3402 1073 3457 κινεῖσθαι
1103 3404 1201 3473 τὴν
1228 3403 1403 3455 αἰτίαν
1438 3402 1689 3471 ἑχόντων,
1718 3402 1787 3455 τὰ
1829 3402 1931 3472 μὲν

2036 3402 2228 3466 vitam,
2256 3404 2344 3457 vel
2384 3419 2480 3472 per
2498 3407 2734 3460 animam
2768 3419 3017 3464 constant
3063 3428 3076 3463 :
3116 3411 3257 3464 inter
3285 3426 3403 3478 quin
3437 3412 3597 3465 etiam

356 3500 524 3568 (pach
554 3496 615 3561 ἑξ
638 3494 844 3549 ἑαυτῶν
869 3491 1168 3556 κινεῖσθαι,
1204 3490 1273 3543 τὰ
1304 3490 1359 3542 δὲ
1412 3491 1504 3558 ἀφ’
1553 3490 1781 3545 ἑαυτῶν.
1845 3490 1931 3556 Ἐξ

2034 3493 2375 3550 metallorum
2430 3512 2601 3552 venas
2655 3499 2898 3565 deputari
2935 3502 3207 3571 aliquibus
3256 3503 3429 3556 visum
3478 3514 3597 3567 est;

354 3588 569 3646 ἑαυτῶν
612 3587 709 3658 μὲν
753 3585 823 3638 τὰ
861 3585 1076 3654 ἄψυχα,
1108 3584 1199 3651 ἀφ’
1240 3581 1444 3633 ἑαυτῶν
1489 3581 1545 3634 δὲ
1572 3580 1640 3633 τὰ
1691 3581 1927 3652 ἔμψυχα·

2034 3586 2128 3638 sed
2162 3592 2214 3637 et
2248 3585 2388 3655 ignis
2418 3590 2498 3641 sui
2532 3598 2716 3642 motus
2740 3604 2863 3644 esse
2898 3593 3170 3658 putandus
3194 3603 3275 3646 est
3302 3632 3316 3656 ,
3351 3593 3600 3647 fortassis

355 3683 448 3750 ἀφ’
470 3676 677 3732 ἑαυτῶν
707 3676 814 3748 γὰρ
836 3678 1063 3728 κινεῖται
1092 3674 1161 3726 τὰ
1184 3673 1420 3744 ἔμψυχα,
1451 3673 1751 3741 φαντασίας
1784 3676 1935 3741 ἐγγι-

2037 3685 2216 3728 aulem
2252 3679 2417 3731 etiam
2448 3690 2499 3733 et
2522 3679 2699 3735 fontes
2722 3698 3007 3751 aquarum.
3040 3682 3164 3737 Hmc
3189 3695 3369 3737 autem
3396 3700 3516 3752 qua:
3548 3687 3599 3738 in

356 3771 591 3842 νομένης
614 3768 786 3840 ὁρμὴν
805 3765 1270 3839 προκαλουμένης·
1296 3764 1388 3815 καὶ
1418 3762 1577 3816 πάλιν
1599 3766 1656 3817 ἑν
1687 3764 1797 3816 τισὶ
1823 3762 1931 3832 (12)

2037 3767 2341 3836 semetipsis
2365 3784 2581 3824 causam
2608 3788 2827 3826 suorum
2852 3783 3091 3829 motuum
3120 3775 3336 3842 habent,
3356 3778 3600 3846 quaedam

358 3862 469 3917 τῶν
506 3860 658 3926 ζώων
686 3858 975 3928 φαντασίαι
1007 3856 1245 3925 γίνονται
1274 3853 1450 3925 ὁρμὴν
1473 3854 1935 3925 προκαλούμεναι,

2037 3856 2291 3911 dicuntur
2319 3874 2384 3913 ex
2435 3875 2516 3926 se,
2576 3865 2821 3931 quaedam
2849 3880 2876 3918 a
2922 3880 2980 3920 se
3014 3868 3222 3920 moveri
3262 3877 3314 3920 ct
3344 3869 3415 3921 ita
3466 3869 3602 3922 divi-

360 3954 577 4021 φύσεως
610 3950 977 4019 φανταστικῆς
1011 3945 1362 4017 τεταγμένως
1408 3944 1665 4016 κινούσης
1711 3943 1808 4015 τὴν
1847 3945 1938 4010 ὁρ-

2037 3945 2171 4000 dunt
2192 3946 2326 4015 (15),
2359 3950 2501 4018 quod
2521 3965 2586 4004 ex
2616 3966 2675 4005 se
2708 3963 3024 4008 moveantur
3044 3970 3107 4009 ea
3131 3972 3248 4025 qua:
3276 3958 3461 4010 vivunt
3484 3959 3601 4027 qui-

364 4044 491 4114 μὴν,
518 4043 593 4105 ὡς
607 4043 664 4095 ἐν
685 4040 761 4109 τῷ
788 4041 995 4112 ἀράχνῃ
1023 4037 1291 4107 φαντασία
1318 4036 1409 4090 τοῦ
1440 4035 1684 4104 ὑφαίνειν
1704 4035 1933 4103 γίνεταιέ

2034 4039 2176 4101 dem,
2202 4051 2306 4091 non
2334 4049 2507 4094 tamen
2526 4042 2817 4097 animantia
2843 4055 3000 4111 sunt;
3028 4062 3055 4099 a
3074 4062 3132 4100 se
3152 4057 3330 4100 autem
3350 4062 3600 4101 movean-

359 4136 455 4191 καὶ
481 4133 624 4205 ὁρμὴ
656 4132 937 4187 ἀκολουθεῖ
958 4132 1049 4184 ἐπὶ
1073 4129 1413 4198 τὺύφαίνειν,
1438 4127 1536 4197 τῆς
1567 4127 1936 4195 φανταστικῆς

2038 4136 2124 4183 tur
2152 4131 2470 4197 animantia,
2495 4148 2616 4187 cum
2655 4133 2811 4205 109
2832 4138 2911 4192 eis
2942 4137 3248 4206 phantasia,
3286 4138 3336 4190 id
3380 4148 3485 4203 est,
3513 4154 3603 4193 vo-

1578 4232 2140 4303 ΙΝἸἝΒΡΒΕΤΑΤΙΟ
2177 4248 2381 4306 NOVA.

1831 4341 2056 4397 CAPUT
2097 4342 2136 4396 l.

570 4443 647 4497 De
672 4442 833 4497 libero
862 4439 1117 4503 arbitrio;
1150 4438 1275 4491 item
1300 4436 1558 4488 dictorum
1581 4432 1889 4499 Scriptura’,
1922 4452 2039 4505 quis
2066 4437 2121 4489 id
2148 4436 2331 4491 tollere
2360 4438 2619 4502 videntur,
2654 4439 2847 4494 solutio
2879 4450 2927 4494 ct
2964 4441 3351 4507 interputatio.

432 4540 487 4595 l.
522 4537 790 4604 Quoniam
818 4537 883 4589 de
903 4534 1049 4603 justo
1085 4532 1174 4586 Dei
1200 4528 1407 4604 judicio
1440 4542 1745 4604 sermonem
1777 4528 2017 4604 continet
2038 4529 2412 4604 ecclesiastica
2438 4533 2752 4601 praedicatio
2774 4575 2788 4597 ,
2816 4535 2906 4602 qui
2939 4534 3157 4601 quidem
3198 4533 3241 4586 si
3270 4548 3434 4587 verus
3466 4546 3591 4604 cre-

367 4596 639 4673 diturrad
669 4607 832 4659 vitam
853 4596 1138 4658 honestam
1170 4596 1225 4655 et
1252 4600 1317 4673 ad
1341 4598 1661 4673 fugiendum
1705 4596 1956 4673 omnibus
1987 4600 2159 4653 modis
2190 4596 2474 4668 peccatum
2506 4596 2779 4673 auditores
2812 4596 3102 4670 provocat,
3153 4613 3343 4673 utpote
3390 4603 3489 4673 qui
3539 4604 3592 4656 in

365 4666 531 4733 nobis
545 4679 648 4730 sita
679 4690 797 4730 esse
826 4674 1098 4727 fateantur
1122 4686 1239 4739 quae
1278 4670 1439 4722 laude
1463 4676 1518 4722 et
1548 4666 1817 4740 vituperio
1848 4667 2012 4740 digna
2037 4666 2314 4739 sunt,’agc
2343 4682 2397 4725 et
2424 4674 2490 4726 de
2521 4672 2693 4726 libero
2722 4666 2971 4735 arbitrio,
3001 4666 3305 4727 necessaria
3334 4672 3385 4725 in
3406 4666 3601 4740 primis

365 4748 663 4817 quaestione
693 4759 863 4817 pauca
907 4737 1154 4796 seorsum
1188 4740 1540 4817 disputemus.
1569 4738 1747 4817 Atque
1779 4746 1839 4791 ut,
1866 4737 2233 4817 intelligamus
2256 4737 2389 4808 quid
2412 4743 2482 4795 sit
2512 4743 2731 4797 libertas
2762 4744 2972 4798 arbitrii
2998 4781 3013 4804 ,
3048 4742 3216 4812 ipsius
3242 4742 3391 4797 notio
3410 4737 3600 4811 ἐχρη-

367 4806 530 4872 cauda
562 4824 667 4878 est,
695 4806 767 4866 ἰιι
792 4814 893 4867 hac
915 4819 1166 4866 accurate
1197 4807 1489 4864 declarata,
1521 4806 1748 4873 quaestio
1782 4806 2169 4878 constituatur.

429 4887 486 4939 2.
516 4877 711 4940 Eorum
740 4898 857 4947 quae
883 4890 1168 4935 moventur
1189 4878 1288 4930 alia
1323 4879 1375 4930 in
1400 4891 1458 4930 se
1488 4890 1706 4930 causam
1745 4885 1921 4947 motus
1952 4877 2183 4941 habent;
2215 4877 2317 4931 alia
2339 4881 2674 4934 extrinsecus
2698 4891 2899 4935 tantum
2919 4890 3225 4936 moventur.
3246 4880 3601 4935 Extrinsecus

366 4955 547 5025 itaque
575 4946 1075 5025 solum’moventur
1103 4963 1222 5025 qua:
1248 4947 1522 5025 feruntur,
1553 4946 1775 5025 ut_l:gna
1812 4955 1866 4998 et
1895 4946 2100 5013 lapides
2123 4956 2177 5025 et
2213 4951 2392 5003 omnis
2423 4953 2649 5003 materia
2684 4967 2802 5019 qua:
2829 4951 2974 5025 _solo
3027 4951 3212 5004 habitu
3263 4954 3597 5025 continetur.

363 5014 479 5079 Jan?
511 5041 639 5079 vero
667 5014 1203 5093 prteterinittatucid
1237 5015 1379 5085 quod
1409 5014 1515 5069 dici
1546 5014 1717 5093 solet,_
1741 5025 1942 5093 motum
1977 5030 2098 5093 esse
2121 5016 2304 5093 luxum
2346 5034 2672 5093 corporum;
2700 5014 2839 5088 illum
2878 5021 2943 5073 ad
2978 5036 3091 5093 rem
3135 5031 3457 5088 praesentem
3493 5020 3598 5071 mi-

366 5096 510 5150 nime
538 5083 690 5149 facit.
714 5094 771 5148 ln
799 5092 991 5158 seipsis
1018 5098 1197 5143 autem
1234 5083 1459 5141 causam
1492 5093 1669 5138 motus
1706 5083 1908 5138 habent
1942 5086 2194 5139 animalia
2228 5097 2281 5140 ct
2308 5083 2532 5157 planta},
2562 5106 2623 5143 ea
2660 5083 2889 5144 demum
2919 5091 3101 5144 oumia
3130 5083 3250 5160 qua:
3301 5101 3495 5145 natura
3544 5102 3599 5143 et

433 5285 512 5358 (9)
541 5284 633 5339 Sic
656 5281 960 5358 mss._Alias
982 5320 995 5340 ,
1031 5296 1063 5358 r_
1086 5273 1473 5358 explanatione
1507 5268 1749 5358 aliquem
1762 5280 1926 5358 posse
2028 5339 2050 5358 ο
2069 5357 2078 5358 7
2097 5270 2211 5358 (li)
2240 5273 2315 5358 ita
2344 5289 2475 5354 mss.
2503 5274 2666 5358 Edilil,
2696 5273 2927 5358 τούτων.
2958 5273 3125 5358 Ιξειιιιο
3153 5280 3271 5358 post
3295 5266 3596 5358 Iibb.editi,

364 5338 591 5411 discere.
628 5373 647 5404 ι
673 5352 840 5406 Paulo
865 5338 991 5421 post
1015 5349 1108 5421 ubi
1126 5338 1253 5421 niss.
1271 5343 1499 5421 habent,
1528 5355 1547 5390 ι
1588 5338 1923 5421 inscientiam

1761 5338 1923 5387 tiliam
2024 5339 2137 5421 ὅσα-
2295 5344 2528 5413 φύσεως,
2557 5338 2657 5421 sed
2684 5362 2813 5399 mss.
2846 5345 2946 5397 ὅσα
2977 5344 3087 5421 ὑπο
3112 5338 3346 5410 φύσεως.

365 5408 748 5490 condemnare,
796 5439 815 5474 ›
865 5408 922 5475 in
979 5417 1141 5472 editis
1181 5415 1381 5483 legitur
1416 5428 1435 5463 ι
1474 5408 1746 5462 inscitiam
1798 5419 1926 5457 con-

1697 5420 1746 5457 ιη
1798 5419 1926 5457 (300-
2095 5411 2203 5490 (ίῗ.)
2235 5408 2381 5490 bibl).
2418 5416 2578 5490 editi,
2603 5413 2679 5490 du
2701 5431 2843 5478 τισι;
2877 5431 3032 5475 mss.,
3064 5408 3276 5490 ἑνὶ-εισιἔ

798 5472 807 5474 ἡ
1234 5472 1264 5483 “
1365 5551 1375 5553 _
1431 5549 1470 5553 _
1496 5549 1524 5553 __
1560 5549 1569 5553 _
1833 5541 1892 5553 η
2093 5472 2207 5553 (15)
2240 5486 2332 5538 Sic
2363 5500 2493 5537 mss.
2532 5472 2791 5538 Merlinns
2821 5472 2972 5544 vero,
3003 5472 3107 5553 cet
3132 5482 3200 5532 ita
3225 5472 3597 5553 dividuntur»

430 5540 941 5633 (ἶὸῖῆαρασταθῇ.
972 5556 1062 5610 Sic
1087 5570 1223 5633 mss._
1245 5551 1399 5633 cpdud:
1431 5549 1569 5604 Editi
1589 5541 1920 5633 vereare-tbi].

2023 5540 2346 5633 Infra'tnss.
2411 5562 2555 5633 recte
2584 5554 2831 5633 omnino,
2884 5569 2901 5601 ι
2941 5540 3088 5633 aeria
3135 5540 3527 5612 cciigregaltdi.
3565 5558 3594 5599 ι

367 5616 539 5685 Pauli;
563 5616 682 5699 post
717 5616 923 5699 aliquot
954 5643 1108 5689 IIlSS-,
1139 5626 1172 5693 ἡ
1204 5624 1308 5676 ὑπὸ
1338 5621 1502 5685 ἕξεως
1537 5616 1671 5687 μόνη
1700 5629 1917 5682 συνεῖεν

1537 5616 1671 5687 μόνη
1700 5629 1917 5682 συνεῖεν
2023 5624 2304 5690 Merlinus,
2341 5641 2358 5673 ‹
2407 5625 2635 5678 avaritia
2662 5620 3044 5690 congregandi.
3080 5637 3097 5672 ι

371 5700 498 5772 μένη
522 5700 643 5772 ὕλη·
