4014 6142
347 280 440 334 251
1568 272 1888 329 ORIGENIS

2006 273 2078 324 {Pl
2119 271 2349 323 ΑΡΧΩΝ

3463 263 3570 320 9.52

339 400 514 454 luutas
545 400 790 466 quaedam
815 397 897 451 vel
930 397 1357 458 incitamentum,
1388 392 1658 455 adfuerit,
1690 408 1808 460 quae
1835 407 1896 446 ea

2006 388 2165 442 αὐτοῦ
2197 388 2410 456 φύσεως
2435 385 2780 455 τεταγμένως
2827 387 2919 440 ἐπὶ
2959 385 3116 438 τοῦτο
3153 383 3317 437 αὐτὸν
3361 398 3570 452 προκα-

337 489 542 543 moveri
569 490 634 543 ad
673 489 875 558 aliquid
896 489 977 543 vel
1002 488 1216 542 incitari
1236 483 1629 553 provocaverit.
1658 483 1896 549 Denique

339 579 391 632 in
425 578 748 647 quibusdam
803 577 1171 632 animantibus
1221 575 1362 628 inest
1404 573 1528 626 taiis
1573 573 1891 641 phantasia,

343 663 394 716 id
419 676 503 718 est
537 665 801 728 voluntas,
832 664 910 717 vel
935 678 1126 716 sensus
1168 662 1259 730 qui
1305 676 1366 715 ea
1398 661 1630 740 naturali
1662 663 1895 730 quodam

2004 481 2287 549 λουμένης·
2320 479 2411 532 καὶ
2433 478 2645 540 οὐδενὸς
2687 478 2843 532 ἄλλου
2890 477 3028 548 μετὰ
3068 476 3164 546 τὴν
3204 472 3572 544 φανταστικὴν

2005 569 2168 622 αὐτοῦ
2193 569 2351 638 φύσιν
2371 568 2799 638 πεπιστευμένου
2824 566 2916 619 τοῦ
2946 567 3084 630 ζώου
3105 608 3118 632 ,
3160 567 3254 620 καὶ
3282 568 3340 619 ὲν
3373 567 3441 636 τῇ
3471 580 3565 634 με-

2003 660 2161 730 λίσσῃ
2190 660 2282 712 ἐπὶ
2311 660 2371 711 τὸ
2393 659 2810 730 κηροπλαστεῖν.

339 755 596 809 instinctu
627 765 880 824 provocet
904 762 956 807 et
983 755 1215 808 concitet
1265 754 1329 805 ad
1373 753 1648 806 ordinatos
1681 765 1734 806 et
1778 752 2104 820 compositos
2155 760 2331 804 motus
2367 768 2380 803 :
2411 751 2549 804 sicut
2606 751 2851 805 videmus
2904 763 3130 803 araneas
3190 748 3402 805 facere.
3453 763 3568 817 qua

340 851 641 920 phantasia,
695 850 746 903 id
791 859 873 903 est
931 849 1210 903 voluntate
1261 849 1490 917 quadam
1527 856 1580 900 et
1623 848 1800 901 studio
1863 848 2114 900 textriute
2159 847 2222 898 ad
2282 861 2418 914 opus
2482 845 2694 898 texendi
2756 845 3164 899 ordinatissime
3207 842 3570 905 concitantur,

340 942 458 994 sine
517 941 679 995 dubio
720 939 955 994 naturali
1014 939 1247 1008 quodam
1326 949 1472 992 motu
1530 939 1883 992 intentionem
1923 935 2296 1003 hujuscemodi
2366 935 2546 1003 Operis
2593 944 2923 1003 provocante
2978 952 2990 986 :

3049 948 3147 987 nec
3203 942 3379 986 tamen
3432 932 3569 985 ultra

335 1035 500 1088 alium
531 1049 745 1087 sensum
775 1033 1008 1101 aliquem
1041 1046 1201 1099 quam
1239 1032 1450 1086 texendi
1495 1031 1746 1084 naturale
1780 1030 2015 1083 studium
2053 1029 2225 1096 ipsum
2261 1026 2460 1080 animal
2513 1026 2806 1091 invenitur,
2874 1027 3013 1080 sicut
3057 1035 3113 1080 et
3165 1040 3294 1095 apes
3342 1024 3570 1094 fingendi

334 1125 507 1190 favos,
532 1138 595 1177 ac
627 1123 805 1187 mella,
837 1133 896 1176 ut
921 1124 1096 1184 aiunt,
1128 1124 1278 1176 aeria
1301 1122 1684 1192 congregandi.

405 1221 458 1275 '5.
500 1219 838 1274 Rationabiie
871 1231 1001 1270 vero
1030 1217 1230 1270 animal
1267 1232 1385 1271 cum
1423 1216 1616 1269 habeat
1667 1217 1716 1268 in
1759 1230 1817 1268 se
1843 1223 1897 1268 et

334 1311 433 1367 hos
458 1309 739 1366 naturales
774 1317 972 1370 motus,
1009 1309 1175 1362 habet
1202 1318 1378 1362 tamen
1420 1306 1650 1373 amplius
1685 1306 1896 1358 caeteris

333 1400 658 1455 animalibus
717 1400 880 1453 etiam
947 1401 1172 1454 rationis
1234 1398 1338 1450 vim
1393 1411 1498 1465 qua
1551 1395 1896 1461 judicareet

333 1489 647 1543 discernere
677 1489 744 1543 de
781 1490 1012 1543 motibus
1047 1488 1382 1543 naturalibus
1431 1486 1618 1554 possit,
1668 1495 1722 1540 et
1757 1486 1893 1539 alios

334 1581 552 1649 quidem
595 1583 889 1648 reprobare
934 1590 988 1636 et
1034 1581 1283 1648 abjicere,
1329 1580 1464 1634 alios
1501 1595 1630 1633 vero
1673 1579 1900 1647 probare

336 1679 500 1737 atque
534 1670 830 1738 suscipere,
868 1672 1019 1739 cujus
1055 1670 1278 1724 rationis
1304 1669 1506 1736 judicio
1534 1669 1686 1737 dirigi
1717 1683 1770 1722 et
1803 1685 1897 1738 gu-

335 1759 550 1813 bernari
580 1759 814 1814 hominis
840 1771 1017 1814 motus
1040 1762 1104 1814 ad
1127 1763 1289 1813 vitam
1316 1759 1644 1828 probabilem
1671 1760 1898 1827 possint.

2073 1212 2146 1265 Ἰδ
2176 1213 2354 1283 μέντοι
2385 1212 2598 1280 λογικὸν
2638 1210 2772 1275 ζῶον
2831 1212 2925 1264 καὶ
2979 1210 3136 1278 λόγον
3171 1208 3283 1279 ἔχει
3330 1211 3464 1281 πρὸς
3507 1212 3572 1281 τῇ

2002 1305 2336 1373 φανταστικῇ
2369 1302 2546 1371 φύσει,
2579 1303 2671 1355 τὸν
2707 1302 2960 1372 κρίνοντα
2997 1301 3095 1363 τὰς
3119 1301 3435 1370 φαντασίας,
3482 1301 3576 1354 καὶ

1999 1395 2150 1456 τινὰς
2186 1395 2281 1464 μὲν
2309 1395 2801 1464 άποδοκιμάζοντα,
2838 1394 2988 1455 τινὰς
3017 1393 3073 1445 δὲ
3117 1393 3573 1463 παραδεχόμενον,

2005 1484 2093 1538 ἵνα
2135 1485 2331 1554 ἄγηται
2377 1486 2438 1537 τὸ
2477 1484 2615 1548 ζῶον
2661 1485 2778 1537 κατ’
2821 1485 3008 1548 αὐτάς.
3050 1485 3210 1537 Ὅθεν
3253 1484 3375 1536 ἐπεὶ
3412 1486 3469 1537 ἐν
3507 1489 3575 1556 τῇ

2006 1576 2163 1644 φύσει
2189 1577 2280 1629 τοῦ
2314 1578 2470 1644 λόγου
2501 1577 2638 1629 εἰσιν
2673 1578 2917 1647 ἀφορμαὶ
2943 1577 3037 1629 τοῦ
3067 1577 3342 1647 θεωρῆσαι
3376 1577 3438 1629 τὸ
3476 1594 3577 1630 κα·-

2003 1667 2092 1721 λὸν
2133 1669 2227 1720 καὶ
2270 1668 2335 1720 τὸ
2375 1669 2596 1739 αἰσχρὸν
2621 1710 2635 1734 ,
2687 1663 2774 1731 αἷς
2815 1668 3066 1738 ἑπόμενοι
3101 1668 3471 1739 θεωρήσαντες
3517 1669 3577 1722 τὸ

2005 1759 2164 1810 καλὸν
2193 1760 2285 1812 καὶ
2311 1759 2370 1810 τὸ
2404 1760 2644 1829 αἰσχρὸν,
2687 1759 2986 1830 αἱρούμεθα
3041 1759 3136 1828 μὲν
3177 1760 3238 1811 τὸ
3280 1759 3461 1824 καλὸν,
3487 1762 3579 1814 ἐκ·

336 1850 490 1906 Unde
536 1865 873 1920 consequens
898 1863 1002 1915 est,
1027 1861 1083 1905 ut
1130 1851 1381 1920 quoniam
1436 1859 1626 1904 natura
1676 1850 1897 1904 rationis

2006 1851 2248 1920 κλίνομεν
2282 1850 2337 1903 δὲ
2370 1851 2430 1903 τὸ
2453 1852 2671 1921 αἰσχρόν
2702 1869 2712 1882 ·
2749 1851 3022 1904 ἐπαινετοὶ
3051 1851 3149 1920 μέν
3181 1853 3344 1920 ἐσμεν
3372 1851 3580 1905 ἐπιδόν-

335 1939 500 2007 hujus
529 1956 650 2010 qua:
681 1951 764 1996 est
805 1943 858 1996 in
910 1943 1146 2007 homine,
1181 1943 1340 1998 habet
1373 1943 1424 1995 in
1471 1957 1529 1996 se
1561 1943 1665 1994 vim
1709 1944 1895 2009 digno-

337 2034 521 2087 sccndi
557 2035 683 2087 boni
713 2035 796 2088 vel
832 2035 980 2100 mali,
1022 2036 1182 2104 idque
1222 2050 1342 2089 cum
1371 2035 1654 2098 discernit,
1686 2034 1825 2087 inest
1855 2035 1901 2087 ei

337 2122 564 2178 facultas
587 2125 750 2177 etiam
789 2125 1020 2193 eligendi
1053 2125 1194 2192 quod
1220 2124 1548 2192 probaverit,
1580 2124 1630 2175 in
1661 2123 1906 2191 eligendo

335 2215 552 2281 quidem
588 2218 732 2284 quod
782 2217 980 2270 bonum
1028 2224 1131 2277 est,
1182 2215 1489 2277 laudabilis,
1536 2216 1590 2268 in
1632 2216 1905 2282 sequendo

335 2317 468 2358 vero
502 2306 645 2373 quod
681 2314 835 2372 turpe
869 2307 950 2358 vel
978 2307 1177 2359 malum
1209 2314 1314 2368 est,
1351 2305 1474 2371 jure
1510 2306 1790 2373 culpabilis
1819 2304 1905 2371 ju--

335 2392 569 2448 dicetur.
615 2394 752 2447 Illud
791 2410 921 2448 sane
968 2410 1306 2463 nequaquam
1360 2395 1531 2447 latere
1584 2409 1683 2447 nos
1723 2395 1902 2458 debet,

337 2485 479 2551 quod
521 2484 574 2538 in
609 2485 882 2540 n0nnul|is
914 2487 1076 2538 mutis
1101 2483 1426 2538 animalibus
1458 2485 1758 2539 ordinatior
1787 2487 1908 2554 qui-

337 2579 458 2628 dem
494 2585 669 2630 motus
700 2592 764 2630 ac
798 2578 1013 2630 caeteris
1049 2575 1374 2629 animalibus
1409 2576 1699 2641 invenitur,
1745 2586 1801 2630 ut
1853 2579 1903 2631 in

335 2667 625 2734 sagacibus
657 2668 880 2722 canibus
915 2667 996 2722 vel
1043 2667 1396 2721 bellatoribus
1426 2669 1600 2736 equis,
1637 2669 1706 2722 ita
1742 2678 1798 2722 ut
1829 2669 1906 2721 vi-

335 2755 570 2810 deantur
614 2757 879 2826 aliquibus
926 2759 1069 2812 velut
1105 2757 1412 2811 rationabili
1460 2760 1692 2826 quodam
1742 2775 1904 2813 sensu

335 2848 568 2901 moveri.
611 2846 719 2902 Sed
767 2850 816 2902 id
866 2866 971 2904 non
1012 2859 1119 2902 tam
1176 2851 1383 2905 ratione
1432 2866 1590 2920 quam
1635 2852 1907 2905 incentivo

335 2937 570 3004 quodam
598 2945 653 2989 et
684 2939 909 2991 naturali
935 2949 1076 2994 motu
1113 2954 1210 3006 pro
1239 2939 1545 3007 hujusmodi
1579 2941 1764 2994 usibus
1794 2941 1904 2992 lar-

336 3024 456 3091 gius
494 3024 702 3079 indulto
736 3027 848 3080 fieri
876 3029 1198 3082 credendum
1238 3038 1340 3082 est.
1389 3031 1585 3083 Verum
1626 3041 1685 3084 ut
1727 3029 1908 3084 dicere

335 3128 704 3183 ceperamus,
734 3133 855 3170 cum
894 3118 966 3170 ita
999 3134 1056 3173 se
1089 3121 1292 3187 jhabeat
1339 3122 1659 3175 rationabile
1688 3120 1907 3182 animal,

2006 1959 2094 2004 τες
2133 1943 2355 2004 ἑαυτοὺς
2399 1944 2463 2011 τῇ
2510 1941 2705 2012 πράξει
2751 1942 2844 1994 τοῦ
2891 1941 3076 2007 καλοῦ,
3109 1942 3298 2010 ψεκτοὶ
3342 1942 3396 1994 δὲ
3437 1943 3580 1997 κατὰ

2006 2031 2065 2084 τὸ
2105 2029 2365 2083 ἐναντίον.
2401 2032 2512 2082 Οὐκ
2552 2031 2841 2100 ἀγνοητέον
2883 2032 3056 2101 μέντοι
3095 2049 3157 2099 γε
3206 2033 3287 2084 ὅτι
3327 2032 3388 2085 τὸ
3421 2033 3581 2088 πλέον

2005 2124 2103 2192 τῆς
2149 2125 2227 2184 εἰς
2268 2122 2444 2175 πάντα
2491 2123 2828 2192 τεταγμένης
2871 2123 3081 2191 φύσεως
3125 2123 3304 2183 ποσῶς
3344 2124 3490 2176 ἐστιν
3523 2127 3580 2178 ἐν

2006 2217 2116 2276 τοῖς
2148 2213 2325 2277 ζώοις,
2351 2211 2444 2262 ἐπὶ
2471 2212 2530 2263 τὸ
2574 2211 2735 2265 πλέον
2757 2213 2834 2276 δὲ,
2867 2211 2899 2282 ἢ
2933 2213 3023 2264 ἐπὶ
3052 2211 3112 2263 τὸ
3161 2212 3398 2276 ἔλαττον,
3439 2213 3580 2266 ὥστε

2008 2304 2174 2371 ἐγγύς
2216 2320 2316 2355 που
2358 2299 2517 2366 εἷναι,
2559 2304 2622 2354 ἵν’
2649 2301 2821 2364 οὕτως
2862 2301 3020 2365 εἴπω,
3057 2300 3149 2354 τοῦ
3193 2302 3407 2369 λογικοῦ
3433 2304 3493 2357 τὸ
3523 2306 3583 2356 ἐν

2006 2398 2118 2456 τοῖς
2161 2397 2425 2462 ἰχνευταῖς
2454 2395 2607 2445 κυσὶν
2641 2392 2818 2462 ἔργον,
2865 2394 2956 2444 καὶ
3009 2395 3066 2445 ὲν
3116 2396 3228 2456 τοῖς
3270 2394 3586 2464 πολεμικοῖς

2009 2486 2213 2548 ἵπποις.
2265 2485 2336 2537 Τὸ
2368 2485 2465 2554 μὲν
2511 2479 2601 2536 οὗν
2647 2485 2936 2535 ὑποπεσεῖν
2972 2483 3087 2535 τόδε
3131 2501 3183 2535 τι
3224 2485 3331 2539 τῶν
3389 2483 3585 2550 ἔξωθεν

2011 2573 2306 2644 φαντασίαν
2344 2576 2475 2644 ἡμῖν
2513 2571 2693 2626 κινοῦν
2730 2572 2937 2624 τοιάνδε
2970 2572 3001 2642 ἢ
3038 2573 3260 2637 τοιάνδε,
3292 2574 3584 2644 ὁμολογου-

2013 2666 2186 2736 μένως
2217 2665 2317 2717 οὐκ
2359 2663 2472 2714 ἔστι
2516 2663 2624 2715 τῶν
2669 2664 2752 2731 ἐφ’
2783 2663 2931 2731 ἡμῖν.
2975 2663 3047 2714 Τὸ
3079 2663 3135 2715 δὲ
3178 2667 3357 2734 κρῖναι
3389 2666 3586 2718 οὑτωσὶ

2009 2756 2315 2826 χρήσασθαι
2345 2754 2421 2824 τῷ
2459 2754 2754 2824 γενομένῳ,
2786 2754 2818 2824 ἢ
2859 2753 3078 2824 ἑτέρως,
3113 2757 3210 2807 οὐκ
3247 2756 3403 2809 ἄλλου
3441 2758 3588 2821 τινὸς

2011 2846 2166 2916 ἔργον
2285 2846 2377 2896 τοῦ
2428 2846 2483 2896 ὲν
2529 2846 2658 2914 ἡμῖν
2711 2843 2867 2911 λόγου
2920 2844 3088 2908 ἐστὶν,
3133 2845 3250 2914 ἤτοι
3295 2846 3445 2916 παρὰ
3486 2845 3585 2910 τὰς

2010 2936 2261 3006 ἀφορμὰς
2300 2935 2648 3006 ἐνεργοῦντος
2678 2936 2822 3005 ἡμᾶς
2869 2935 3003 3005 πρὸς
3044 2936 3143 2998 τὰς
3194 2937 3284 2990 ἐπὶ
3325 2939 3386 2990 τὸ
3425 2937 3585 2993 καλὸν

2011 3026 2488 3098 προσκαλουμένας
2513 3029 2605 3081 καὶ
2631 3028 2692 3080 τὸ
2718 3026 2955 3097 καθῆκον
2995 3027 3191 3098 ὁρμὰς,
3229 3028 3262 3099 ἢ
3293 3032 3385 3084 ἐπὶ
3415 3032 3474 3084 τὸ
3500 3032 3588 3084 ὲν-

2017 3119 2198 3171 αντίον
2220 3120 2598 3190 ἐκτρέποντος.

335 3205 493 3260 nobis
527 3207 838 3264 hominibus
874 3211 1116 3266 incidere
1145 3214 1359 3282 quidem
1399 3215 1736 3267 extrinsecus
1785 3222 2012 3280 possunt
2068 3213 2244 3280 aliqua
2283 3225 2339 3267 et
2374 3230 2664 3271 occurrere
2699 3218 2812 3272 sive
2865 3218 2931 3271 ad
2979 3219 3148 3272 visum
3212 3220 3326 3274 sive
3377 3219 3442 3273 ad
3488 3235 3585 3273 au-

339 3301 532 3363 ditum,
599 3301 681 3354 vel
732 3302 796 3354 ad
845 3301 980 3356 alios
1045 3318 1237 3358 sensus
1282 3320 1403 3374 quae
1451 3319 1550 3358 nos
1595 3304 1870 3358 concitent
1907 3319 1970 3359 ac
2021 3315 2318 3375 provocent
2366 3307 2432 3359 ad
2485 3309 2653 3362 bonos
2717 3311 2792 3364 vel
2843 3312 3154 3366 contrarios
3209 3322 3384 3367 motus
3421 3328 3436 3366 :
3470 3327 3589 3380 quae

337 3392 671 3464 utique,quia
697 3397 1036 3451 extrinsecus
1068 3397 1329 3462 incidunt,
1363 3415 1468 3452 non
1527 3410 1608 3454 est
1666 3401 1716 3452 in
1759 3409 1940 3454 nostra
1981 3402 2214 3469 positum
2244 3411 2514 3470 poteSIate
2556 3418 2623 3457 ne
2669 3405 2910 3459 incidant
2965 3407 3042 3459 vel
3101 3417 3408 3462 occurrant.
3441 3406 3592 3462 Judi-

338 3498 467 3539 care
511 3500 637 3541 vero
677 3496 728 3541 et
778 3489 1027 3556 probare,
1062 3490 1293 3557 qualiter
1333 3492 1407 3544 uti
1461 3491 1752 3545 debeamus
1803 3492 1885 3544 his
1941 3507 2060 3560 qum
2099 3494 2365 3558 incidunt,
2421 3494 2620 3550 nullius
2684 3497 2907 3550 alterius
2945 3513 3030 3551 res
3059 3507 3141 3550 est
3163 3499 3241 3552 vel
3275 3500 3432 3568 110
3456 3515 3590 3569 opus

339 3573 442 3630 nisi
468 3575 697 3629 rationis
728 3577 842 3645 ejus
874 3593 992 3645 qua:
1025 3589 1107 3632 est
1140 3579 1191 3632 in
1229 3582 1408 3644 nobis,
1464 3581 1512 3634 id
1574 3589 1656 3635 est
1706 3582 1872 3635 nostri
1921 3581 2110 3650 judicii
2146 3597 2160 3634 :
2192 3585 2348 3650 cujus
2411 3585 2640 3640 rationis
2685 3584 2886 3654 judicio
2935 3588 3293 3643 incidentibus
3327 3589 3590 3644 extrinse-

337 3683 436 3724 cus
458 3667 874 3721 (ῐοιιοίιιιιιιεξιιιὶε
900 3668 1175 3723 abutimur
1201 3673 1266 3724 ad
1305 3672 1353 3723 id
1389 3673 1746 3741 quodcunque
1796 3672 1907 3740 ipsa
1956 3672 2092 3726 ratio
2147 3676 2477 3743 probaverit,
2549 3677 2884 3734 naturalibus
2933 3679 3167 3734 motibus
3223 3682 3422 3736 nostris
3459 3691 3586 3738 nutu

339 3758 457 3828 ejus
488 3758 568 3810 vel
605 3759 669 3810 ad
723 3757 857 3809 bona
891 3758 972 3811 vel
1005 3759 1070 3813 ad
1120 3763 1387 3813 contraria
1425 3762 1742 3830 gubernatis
1777 3761 1910 3833 (Μ).

413 3857 468 3908 4.
497 3855 552 3909 Si
584 3869 712 3908 vero
736 3857 856 3924 quis
881 3858 1026 3909 dicat
1053 3872 1114 3910 ea
1144 3874 1261 3925 quae
1295 3858 1638 3911 extrinsecus
1665 3859 1890 3910 accidun

2094 3855 2155 3906 Ei
2187 3853 2243 3906 δέ
2265 3869 2348 3914 τις
2373 3853 2501 3905 αὐτὸ
2528 3853 2589 3905 τὸ
2623 3853 2818 3919 ἔξωθεν
2851 3855 2994 3924 λέγει
3027 3853 3162 3910 εἶναι
3201 3859 3419 3925 τοιόνδε,
3450 3859 3589 3917 ὥστε

339 3957 522 4001 motus
561 3955 779 4000 nostros
823 3949 1174 4013 provocantia
1211 3948 1333 3999 talia
1381 3963 1520 4010 esse,
1561 3957 1619 4001 ut
1655 3949 1901 4015 possibile

2019 3949 2294 4009 ἀδυνάτως
2327 3947 2470 4016 ἔχειν
2511 3947 2826 4017 ἀντιϐλέψαι
2879 3950 3026 4020 αὐτῷ
3070 3950 3257 4020 τοιῷδε
3295 3937 3590 4025 γενομένῳ,

341 4054 447 4093 non
479 4038 550 4092 sit
575 4037 850 4092 adversari
887 4037 968 4092 eis
999 4038 1113 4091 sive
1147 4038 1212 4091 ad
1245 4038 1441 4092 bonum
1470 4040 1583 4092 sive
1609 4039 1673 4091 ad
1708 4039 1901 4090 malum

2017 4032 2170 4100 οὗτος
2197 4037 2544 4108 ἐπιστησάτω
2572 4041 2682 4100 τοῖς
2710 4038 2858 4102 ἰδίοις
2871 4040 3065 4094 πάθεσι
3092 4042 3182 4094 καὶ
3204 4045 3515 4114 κινήμασιν,
3539 4046 3591 4100 ει

1578 4157 2134 4213 INTERPRETATIO
2158 4157 2362 4213 NOVA.

338 4266 406 4328 an
426 4253 530 4307 ima
550 4260 844 4328 _constant,
893 4252 1172 4328 in_quibus
1204 4254 1369 4309 etiam
1414 4255 1629 4328 metalla
1665 4271 1692 4309 a
1723 4255 2003 4309 nonnullis
2044 4265 2424 4328 numerantur.
2477 4255 2621 4328 ignis
2652 4264 2913 4328 praeterea
2944 4271 3040 4324 per
3065 4271 3123 4310 se
3156 4255 3292 4328 ipse,
3315 4268 3587 4328 movetur,

337 4319 596 4377 fortassis
622 4333 677 4376 et
708 4322 905 4378 fontes.
935 4319 1134 4376 Eorum
1171 4335 1350 4377 autem
1385 4339 1506 4393 quae
1535 4325 1586 4378 in
1613 4341 1672 4379 se
1708 4333 1884 4379 motus
1918 4340 2139 4378 causam
2179 4327 2401 4392 habent,
2441 4319 2544 4378 alia
2582 4319 2756 4390 ex'se,
2793 4327 2897 4379 alia
2945 4319 2972 4378 a
3003 4341 3062 4380 se
3095 4319 3296 4380 nto'veri
3344 4329 3532 4383 dicunt
3572 4319 3585 4385 Ξ

335 4406 408 4446 ex
431 4407 489 4447 se
523 4393 743 4460 quidem
773 4393 1031 4457 inanima,
1059 4408 1087 4446 a
1126 4409 1184 4447 se
1211 4395 1353 4467 ipsis
1374 4410 1502 4448 vero
1527 4396 1788 4467 animata.
1825 4393 1962 4467 Nam
1995 4409 2109 4467 a_se
2132 4404 2420 4448 moventur
2453 4395 2715 4467 animata,
2749 4395 3035 4463 phantasia
3069 4397 3196 4462 ipsis
3227 4398 3387 4451 insita
3421 4399 3590 4467 impc-

339 4467 455 4533 tum
508 4474 842 4530 provocante
878 4480 891 4516 ;
925 4472 979 4516 et
1026 4478 1210 4533 rursus
1264 4465 1588 4533 quibusdam
1648 4465 1976 4518 animalibus
2032 4465 2217 4517 insunt
2254 4465 2558 4533 phantasia:
2605 4465 2864 4531 impetum
2919 4476 3309 4532 provocantes;
3361 4465 3592 4524 facultas

337 4531 542 4606 quippe
578 4533 879 4600 imaginum
908 4533 1103 4606 artifex
1143 4531 1298 4606 illuni
1329 4544 1478 4588 certo
1511 4535 1744 4606 quodam
1780 4543 1840 4606 et
1865 4535 2090 4588 definito
2114 4531 2376 4606 provocat
2397 4535 2586 4606 ordine
2618 4555 2640 4606 :_
2661 4535 2738 4606 sic
2765 4531 3390 4606 araneasineslntexeudi
3422 4539 3592 4606 phan-

339 4599 500 4664 tasia,
544 4599 711 4678 quam
735 4603 950 4678 texendi
977 4603 1248 4678 appetitus
1279 4599 1653 4678 consequitur,
1682 4604 1976 4678 imaginum
2020 4599 2233 4678 artifice
2284 4611 2476 4678 natura
2512 4604 2576 4678 ad
2629 4603 2695 4678 id_
2717 4606 2966 4658 ordinate
2993 4604 3342 4672 impellente,
3395 4599 3592 4678 praeter

339 4683 519 4742 quam
540 4668 673 4721 nihil
708 4670 852 4742 aliud
885 4685 1006 4742 esse
1035 4673 1280 4742 creditur
1303 4674 1354 4724 in
1390 4668 1686 4736 animante,
1716 4668 1864 4726 nevin
1891 4687 1988 4742 ape
2012 4674 2228 4741 quidem
2259 4673 2322 4725 ad
2355 4671 2635 4739 fingendos
2673 4673 2842 4729 favos.

409 4737 465 4790 5.
494 4737 565 4813 A__t
594 4740 1212 4813 veroauimalrationis
1253 4756 1475 4813 compos
1505 4753 1699 4813 praeter
1743 4737 1988 4813 natm-am
2022 4737 2732 4813 i'maginmttem,‘rationem
2762 4743 2923 4798 habet
2949 4759 3069 4813 qua:
3095 4744 3355 4812 imagines
3387 4743 3589 4811 dijudi-

339 4815 453 4869 cat,
483 4806 622 4878 alias
649 4808 868 4878 quidem
904 4809 1176 4876 rejiciens.
1218 4810 1354 4864 alias
1380 4806 1515 4864 vero
1542 4810 1611 4861 ita
1641 4812 1947 4878 suscipiens
1976 4824 2033 4864 ut
2061 4806 2262 4864 animal
2291 4813 2372 4864 eis
2409 4811 2652 4864 ducatur.
2686 4811 2838 4866 Unde
2867 4806 2992 4867 cum
3035 4817 3086 4867 in
3129 4806 3358 4868 rationis
3389 4806 3588 4870 natura

339 4875 584 4952 quamam
617 4876 727 4928 sint
750 4878 814 4930 ad
843 4875 1126 4952 honestum
1154 4887 1208 4952 et
1251 4890 1405 4952 turpe
1433 4875 1904 4952 conteniplamlttni
1949 4881 2260 4947 adiumenta
2288 4897 2521 4952 quorum
2543 4896 2665 4952 _ope
2704 4893 2932 4951 utroque
2989 4895 3274 4952 perspecto
3305 4885 3589 4938 honestum

339 4945 798 5020 eligi_mns,_t_urpe
828 4947 1147 5020 devitant-ts,
1184 4945 1512 5020 Iaudecerte
1563 4945 1704 5019 digni
1757 4965 1944 5003 sumus
1975 4945 2099 5004 dum
2144 4965 2240 5002 uos
2287 4945 2551 5002 honestati
2587 4945 2871 5016 tletlimus';
2900 4945 3190 5020 vituperio,
3221 4953 3345 5006 dum
3376 4953 3426 5005 in
3457 4969 3591 5006 cou-

342 5013 570 5090 trarium
607 5014 920 5090 dilabimur.
959 5013 1142 5090 Neque
1191 5019 1545 5090 ignorandttm
1576 5013 1657 5090 est
1702 5030 1906 5073 natura‘
1934 5036 2054 5087 qua:
2103 5022 2154 5072 in
2202 5021 2382 5090 omnia
2419 5021 2702 5072 distributa
2737 5013 2866 5085 est,
2894 5013 3149 5090 majorem
3177 5013 3593 5090 quodammodo

341 5081 393 5161 in
425 5083 754 5161 animalibus
781 5085 887 5137 vim
921 5081 1188 5161 esse:sive
1211 5081 1294 5138 'ad
1324 5087 1536 5161 majora
1562 5087 1680 5161 _sivc
1715 5089 1781 5142 ad
1820 5081 2027 5143 minora
2063 5089 2389 5161 peragenda,
2433 5089 2565 5141 adeo
2597 5097 2654 5142 ut
2698 5091 2766 5143 ad
2797 5081 2904 5144 vim
2950 5081 3180 5146 rationis
3204 5081 3394 5159 prope,
3427 5101 3487 5145 ut
3517 5094 3589 5145 ita

339 5153 538 5230 dicam,
576 5153 798 5230 accedat
830 5168 1024 5230 canum
1058 5155 1110 5207 in
1143 5153 1530 5230 investigandis
1555 5156 1682 5210 feris
1709 5161 1998 5230 sagacitas,
2032 5153 2085 5214 et
2114 5153 2432 5230 bellatorum
2466 5174 2727 5226 equorum
2763 5161 3082 5215 dexteritas.
3115 5161 3183 5216 Ut
3204 5153 3390 5230 -igitur
3427 5161 3590 5229 quid-

338 5222 486 5288 piam
517 5223 856 5277 extrinsecus
880 5223 1102 5288 incidat,
1126 5225 1267 5294 quod
1299 5222 1683 5294 cogitationem
1712 5222 1867 5282 nobis
1897 5222 2034 5284 hanc
2068 5230 2150 5282 vel
2183 5228 2322 5280 illam
2347 5222 2703 5290 commoveat,
2740 5245 2844 5282 non
2874 5241 2958 5283 est
2984 5231 3035 5282 in
3071 5222 3275 5292 nostra:
3315 5242 3372 5283 ut
3411 5222 3590 5283 faten-

341 5297 430 5343 tur
457 5306 667 5367 omnes,
704 5302 968 5367 potestate
983 5311 1007 5367 _:
1047 5297 1147 5346 hoc
1180 5304 1359 5367 autem
1385 5297 1476 5367 vel
1507 5295 1595 5348 illo
1630 5296 1786 5367 modo
1816 5313 1876 5350 ea
1910 5301 2161 5352 utendum
2199 5297 2462 5365 judicare,
2501 5298 2661 5350 unius
2692 5306 2774 5350 est
2819 5309 3015 5353 nostrae
3051 5300 3278 5355 rationis
3303 5315 3438 5366 opus
3469 5313 3591 5367 quae

339 5373 464 5413 cum
501 5363 843 5441 extrinsecus
889 5362 1242 5417 incitamenta
1293 5364 1556 5431 incidunt,
1602 5364 1686 5418 vel
1744 5381 1842 5421 nos
1881 5368 1947 5420 ad
1990 5362 2224 5436 impetus
2254 5367 2385 5422 recti
2416 5375 2468 5420 et
2496 5367 2707 5422 honesti
2741 5378 3020 5436 provocat,
3057 5371 3138 5424 vel
3165 5370 3216 5422 in
3253 5362 3590 5423 contrarium

343 5441 564 5484 avertit.

418 5501 470 5556 ι.
500 5499 655 5566 Quod
688 5501 732 5556 si
765 5503 888 5571 quis
915 5499 1183 5570 ejusmodi
1217 5515 1336 5557 esse
1369 5505 1443 5558 ait
1469 5505 1614 5574 quod
1646 5505 1987 5560 extrinsecus
2016 5517 2216 5573 movet,
2242 5519 2300 5562 ut
2332 5507 2379 5560 ci
2414 5505 2727 5575 impulsioni
2764 5520 2920 5563 nemo
2944 5515 3134 5564 contra
3176 5506 3441 5564 obsistere
3464 5520 3592 5579 pns-

421 5661 535 5739 (ιι)
563 5663 655 5721 Sic
705 5681 816 5724 mss
887 5665 1149 5722 Mcrlinus
1198 5682 1346 5735 vero,
1382 5685 1401 5720 ι
1441 5670 1521 5727 vel
1557 5668 1624 5725 ad
1665 5670 1804 5724 bona
1841 5668 1922 5725 vel
1949 5671 2016 5727 ad
2051 5669 2189 5726 mala
2217 5666 2551 5752 gubernatis.
2594 5685 2617 5721 ι
