4014 6142
360 290 468 347 255

1700 282 1903 337 LIBER
1938 275 2258 332 TERTIUS.

3496 267 3604 321 235

366 404 439 475 μὴ
466 401 748 472 εὐδόκησις
774 402 979 471 γίνεται
1008 405 1101 457 καὶ
1129 403 1524 473 συγκατάθεσις
1553 402 1646 456 καὶ
1675 400 1812 473 ῥοπὴ
1837 399 1926 452 τοῦ

2037 411 2132 451 nos
2154 389 2567 457 concitantibus,
2586 387 2639 441 in
2667 388 2901 455 seipsum
2929 382 3203 452 paulisper
3230 379 3317 449 qui
3352 380 3453 433 hoc
3484 384 3603 433 exi-

362 493 686 566 ἡγεμονικοῦ
730 494 823 548 ὲπὶ
854 495 973 548 τόδε
1002 513 1073 561 τι,
1108 497 1193 549 διά
1224 496 1383 549 τάσδε
1417 494 1514 558 τάς
1551 494 1927 563 πιθανότητας.

363 587 435 639 Οὐ
464 584 595 656 γὰρ,
621 584 741 655 φέρ’
772 586 966 650 εἰπεῖν,
993 588 1025 656 ἡ
1060 586 1194 656 γυνὴ
1218 586 1295 656 τῷ
1327 586 1569 657 κρίναντι
1604 583 1929 656 ἐγκρατεύετ

362 676 484 731 σθαι
520 675 612 728 καὶ
640 675 852 745 ἀνέχειν
877 677 1065 730 ἑαυτὸν
1094 679 1201 730 ἀπὸ
1240 678 1455 748 μίξεων,
1485 680 1807 746 ἐπιφανεῖσα
1839 677 1932 729 καὶ

359 765 812 837 προκαλεσαμένη
848 765 943 817 ἐπὶ
983 766 1044 817 τὸ
1093 766 1314 835 ποιῆσαί
1361 785 1412 819 τι
1463 767 1610 836 παρά
1654 765 1929 836 πρόθεσιν,

358 857 652 927 αὐτοτελὴς
686 856 831 909 αἰτία
864 857 1071 923 γίνεται
1109 857 1201 909 τοῦ
1240 858 1337 927 τὴν
1371 856 1622 927 πρόθεσιν
1649 855 1927 924 ἀθετῆσαι.

356 944 583 1007 Πάντως
609 945 718 1015 γὰρ
750 945 1044 1015 εὐδοκήσας
1072 945 1147 1016 τῷ
1174 945 1533 1016 γαργαλισμῷ
1577 946 1671 998 καὶ
1700 944 1777 1015 τῷ
1806 942 1931 1012 λείῳ

353 1035 451 1104 τῆς
482 1034 700 1104 ἡδονῆς,
728 1033 1041 1103 ἀντιϐλέψαι
1074 1034 1221 1104 αὐτῷ
1249 1034 1321 1105 μὴ
1354 1034 1575 1105 βεϐουλη
1587 1035 1763 1104 μένος,
1800 1032 1930 1101 μηδὲ

351 1125 409 1177 τὸ
437 1125 765 1195 κεκριμένον
782 1125 1045 1195 κυρῶσαι,
1071 1126 1297 1195 πράττει
1318 1126 1375 1177 τὸ
1398 1126 1710 1178 ἀκόλαστον
1731 1126 1758 1175 ὁ
1776 1123 1831 1174 δέ
1850 1139 1931 1184 τις

350 1214 608 1285 ἔμπαλιν,
629 1214 736 1266 τῶν
760 1213 938 1266 αὐτῶν
970 1215 1392 1284 συμϐεϐηκότων
1417 1213 1565 1283 αύτῷ
1590 1211 1928 1279 πλείονα(15)

353 1305 654 1375 μαθήματα
685 1304 993 1374 ἀνειληφότι
1032 1304 1124 1356 καὶ
1167 1303 1453 1373 ὴσκηκότι,
1494 1302 1544 1354 οἱ
1592 1302 1688 1371 μὲν
1721 1316 1931 1368 γαργα-

348 1394 540 1466 λισμοὶ
588 1396 679 1448 καὶ
733 1397 783 1447 οἱ
830 1395 1110 1466 ὲρεθισμοὶ
1166 1396 1555 1464 συμϐαίνουσιν
1580 1409 1593 1422 ο
1632 1393 1660 1443 ό
1693 1391 1847 1457 λόγος
1875 1389 1931 1441 δὲ

347 1486 445 1540 ἀτε
496 1486 596 1538 ἐπὶ
643 1486 825 1538 πλεῖον
880 1485 1317 1557 ἰσχυροποιηθεὶς
1348 1485 1442 1537 καὶ
1474 1483 1698 1555 τραφεὶς
1730 1484 1795 1550 τῇ
1838 1497 1932 1550 με-

343 1574 494 1647 λέτῃ,
536 1578 629 1629 καὶ
660 1577 973 1647 βεϐαιωθεὶς
1000 1580 1110 1640 τοῖς
1132 1577 1365 1647 δόγμασι
1414 1575 1549 1646 πρὸς
1579 1574 1639 1625 τὸ
1679 1572 1860 1633 καλὸν,
1895 1571 1927 1641 ἢ

344 1666 518 1734 ἐγγύς
562 1684 626 1734 γε
673 1665 768 1719 τοῦ
809 1666 1170 1736 βεϐαιωθῆναι
1213 1664 1595 1736 γεγενημένος,
1641 1659 1930 1730 ἀνακρούει

2037 488 2241 545 stimat.
2277 490 2559 539 convertat
2590 479 2848 541 animum,
2893 487 2948 531 et
2989 473 3235 543 proprios
3294 469 3605 538 diligentius

2036 577 2368 644 introspiciat
2405 582 2580 627 motus
2617 569 2751 638 (16),
2777 568 2875 622 nisi
2908 564 3194 628 invenerit,
3216 576 3337 615 cum
3377 558 3604 626 alicujus

2035 668 2286 721 desiderii
2339 665 2513 734 pulsat
2560 662 2837 723 illecebra,
2890 655 3023 710 nihil
3074 654 3222 722 prius
3269 651 3380 719 geri
3435 664 3598 718 quam

2033 757 2197 809 animi
2224 752 2663 808 accommodetur
2689 761 2965 807 assensus,
2986 755 3039 799 et
3061 740 3389 811 suggestioni
3418 750 3597 806 pravae

2034 856 2195 899 nutus
2245 845 2439 898 mentis
2490 841 2793 908 indulgeat;
2832 839 2903 889 ita
2935 846 2989 889 ut
3025 837 3187 889 etiam
3218 829 3600 886 verisimilibus

2031 936 2351 1005 quihusdam
2410 931 2589 986 causis
2648 930 2788 983 intra
2851 926 3029 980 cordis
3090 923 3260 977 nostri
3313 918 3599 973 tribunalia

2034 1027 2175 1079 velut
2220 1025 2388 1093 judici
2435 1020 2695 1075 residenti
2726 1034 2790 1072 ex
2823 1028 3055 1082 utraque
3105 1021 3259 1081 parte
3291 1009 3402 1081 (l7)
3443 1007 3600 1061 adhi-

2034 1116 2148 1170 beri
2186 1116 2435 1167 videatur
2471 1109 2724 1173 assertio,
2753 1114 2813 1159 ut
2841 1104 3018 1158 causis
3044 1102 3195 1169 prius
3223 1096 3482 1166 expositis
3516 1106 3605 1160 ge-

2034 1206 2182 1259 rendi
2222 1202 2493 1259 sententia
2526 1201 2592 1255 de
2626 1197 2855 1252 rationis
2879 1193 3083 1262 judicio
3122 1188 3454 1260 proferatur.
3487 1184 3601 1237 Non

2032 1296 2200 1358 enim,
2242 1303 2300 1347 ut
2350 1292 2499 1347 verbi
2552 1289 2725 1359 gratia
2774 1285 3027 1349 dixerim,
3089 1282 3216 1337 huic
3268 1279 3359 1347 qui
3414 1276 3606 1331 statuit

2032 1387 2371 1439 continenter
2402 1391 2451 1437 et
2485 1389 2632 1435 caste
2664 1378 2847 1431 vivere
2897 1384 3060 1443 atque
3105 1373 3174 1425 ab
3205 1370 3355 1424 omni
3393 1382 3451 1422 se
3482 1381 3602 1418 mu-

2032 1478 2191 1533 liebri
2222 1475 2476 1543 contagio
2501 1470 2802 1533 continere,
2837 1468 2880 1522 si
2909 1466 3051 1520 forte
3077 1459 3386 1531 apparuerit
3412 1456 3606 1510 mulier

2034 1582 2337 1637 provocans
2394 1578 2540 1627 eum,
2600 1569 2653 1615 et
2707 1558 2939 1612 illiciens
2994 1550 3106 1624 (18)
3158 1547 3365 1619 aliquid
3396 1552 3603 1637 contra

2034 1633 2369 1728 propositum
2410 1668 2620 1724 gerere,
2667 1664 2836 1704 causa
2884 1646 2933 1700 ei
2987 1641 3229 1713 perfecta
3266 1648 3319 1691 et
3361 1633 3606 1689 absoluta

341 1728 471 1820 τους
507 1728 831 1827 ἐρεθισμοὺς
862 1759 956 1811 καὶ
972 1728 1244 1811 “ὑπεκλύει
1276 1728 1373 1826 τὴν
1399 1728 1723 1823 ἐπιθυμίαν.
1788 1728 1799 1730 _

2035 1749 2119 1804 vel
2174 1746 2468 1801 necessitas
2516 1737 2909 1812 praevaricandi
2947 1734 3141 1789 mulier
3187 1728 3444 1785 exstitit:
3479 1737 3604 1777 cum

341 1814 760 1917 possit'utiqu'e,
795 1850 978 1903 statuti
1038 1850 1118 1904 sui
1170 1814 1396 1910 memor,
1446 1814 1686 1901 libidinis
1736 1843 2089 1897 incitamenta
2144 1839 2424 1894 refrenare
2489 1834 2621 1907 (l9),
2699 1842 2754 1887 et
2824 1826 3089 1883 irritantis
3135 1822 3402 1882 illecebrae
3461 1814 3607 1917 delc:

341 1949 623 1995 ctamenta
692 1943 1085 1999 austerioribus
1145 1944 1366 1998 virtutis
1432 1940 1895 2011 increpationibus
1974 1950 2274 1992 coercere:
2318 1942 2376 1987 ut
2425 1932 2570 1986 omni
2635 1928 2857 1982 luxuriae
2898 1938 3056 1979 sensu
3100 1918 3284 1989 fugato
3346 1912 3603 2011 propositi

341 2033 580 2089 ﬁrmitas
623 2044 676 2090 et
714 2038 1017 2091 constantia
1056 2037 1168 2109 (20)
1194 2044 1521 2108 perseveret.
1577 2008 1817 2102 benique
1862 2031 1905 2085 si
1967 2026 2357 2083 eruditioribus
2413 2023 2717 2093 quibusque
2773 2018 2906 2070 viris
2965 2024 3018 2067 et
3056 2014 3109 2066 in
3152 2011 3351 2109 divi-nis
3391 2008 3605 2109 insul-ur

342 2128 591 2185 tionibus
630 2132 896 2187 roboratis
927 2133 1296 2202 hujuscemodi
1341 2133 1683 2187 irritamenta
1722 2125 2092 2198 provenerint,
2148 2134 2415 2177 memores
2471 2117 2729 2172 continuo
2765 2114 2866 2178 sui,
2905 2124 2972 2203 ea
3013 2104 3402 2203 qtae-dudum"
3433 2098 3605 2153 medi-

341 2221 440 2275 tati
471 2230 601 2276 sunt
633 2230 685 2277 et
710 2223 906 2292 quibus
933 2190 1129 2277 eruditi
1178 2231 1326 2287 sunt,
1376 2222 1427 2276 in
1478 2190 1791 2275 memoriam
1852 2220 2197 2275 revocantes,
2248 2219 2302 2262 et
2355 2205 2643 2261 sanctioris
2699 2198 3063 2266 seldoctrinte
3093 2190 3445 2292 adminiculis.
3487 2204 3607 2292 mu-

339 2317 584 2382 nientes,
613 2326 875 2387 respuunt
925 2333 989 2372 ac
1055 2318 1309 2372 refellunt
1354 2332 1571 2374 omnem
1620 2309 1957 2369 incitamenti
2017 2306 2351 2371 illecebram,
2398 2311 2560 2369 atque
2603 2298 2857 2352 adversas
2909 2287 3374 2360 concupiscentias
3433 2284 3606 2339 insitae

338 2411 444 2464 sibi
486 2412 716 2465 rationis
744 2411 1049 2477 objectione
1080 2412 1375 2480 depellunt.

411 2500 492 2551 Τὸ
521 2501 599 2563 δὲ,
626 2500 829 2551 τούτων
862 2498 1032 2560 οὕτως
1055 2501 1187 2568 ἡμῖν
1203 2500 1520 2569 γινομένων,
1537 2501 1733 2565 ἔξωθεν
1752 2507 1928 2559 αἰτιᾶ-

339 2591 514 2652 σθαι,
570 2590 663 2641 καὶ
699 2589 940 2650 ’ἑαυτοὺς
990 2588 1245 2641 ἀπολύειν
1298 2590 1659 2661 ἐγκλήματος,
1714 2595 1929 2664 ὁμοίους

337 2680 574 2743 ἑαυτοὺς
596 2680 1060 2748 ἀποφαινομένους
1086 2679 1259 2743 ξύλοις
1284 2681 1376 2734 καὶ
1404 2681 1569 2745 λίθοις
1594 2684 1928 2741 ὲλκυσθεῖσιν

338 2772 453 2825 ὑπὸ
490 2771 598 2825 τῶν
625 2770 822 2835 ἔξωθεν
852 2770 989 2823 αύτά
1019 2772 1377 2842 κινησάντων,
1420 2774 1519 2826 οὐκ
1562 2774 1781 2845 ἀληθὲς,
1810 2776 1929 2829 οὐδὲ

340 2861 648 2931 εὔγνωμον,
683 2859 1001 2930 βουλομένου
1036 2877 1095 2912 τε
1125 2861 1280 2928 λόγος
1313 2861 1461 2913 ἐστὶν
1497 2864 1524 2914 ό
1545 2863 1785 2926 τοιοῦτος
1828 2865 1925 2936 τὴν

340 2951 559 3005 ἔννοιαν
579 2948 673 3003 τοῦ
702 2950 1045 3013 αύτεξουσίου
1073 2950 1534 3020 παραχαράττειν.
1569 2952 1633 3003 Et
1680 2952 1790 3022 γὰρ
1823 2972 1925 3006 πυ-

342 3040 573 3111 θοίμεθα
595 3040 757 3094 αὐτοῦ
806 3042 858 3093 τί
878 3037 945 3111 ἦν
966 3042 1025 3093 τὸ
1054 3040 1416 3104 αὐτεξούσιον,
1447 3042 1593 3110 λέγοι
1630 3044 1724 3106 ἂν,
1758 3046 1839 3097 ὃτι
1872 3047 1920 3097 εἰ

344 3133 516 3203 μηδὲν
544 3132 652 3185 τῶν
685 3131 881 3196 ἔξωθεν
909 3133 1142 3202 ἀπήντα,
1178 3132 1311 3202 ἐμοῦ
1332 3133 1450 3185 τόδε
1480 3152 1530 3186 τι
1560 3133 1918 3205 προθεμένου,

340 3224 403 3278 τὸ
427 3224 524 3278 in).
549 3225 609 3276 τὸ
654 3225 892 3277 ἐναντίον
930 3224 1386 3296 προκαλούμενον.
1431 3226 1599 3279 Πάλιν
1634 3244 1694 3278 τε
1738 3222 1803 3279 αὖ
1836 3226 1925 3296 ψι-

2108 2506 2161 2559 5.
2192 2503 2323 2559 Cum
2357 2516 2486 2570 ergo
2525 2500 2639 2553 bace
2679 2499 2753 2551 ita
2798 2508 2919 2550 esse
2973 2488 3307 2544 naturalibus
3340 2486 3605 2554 quodam-

2036 2595 2195 2650 modo
2228 2591 2550 2647 testimoniis
2578 2586 3017 2655 coznprobentur,
3048 2580 3316 2652 quomodo
3362 2593 3466 2631 non
3514 2592 3608 2631 su-

2034 2682 2295 2750 perﬂuum
2330 2693 2413 2736 est
2444 2688 2717 2750 gestorum
2751 2687 3064 2731 nostrorum
3089 2689 3282 2727 causas
3296 2676 3361 2728 ad
3395 2688 3455 2727 ea
3487 2686 3608 2740 quze

2035 2774 2374 2829 extrinsecus
2426 2772 2694 2833 incidunt,
2750 2767 3050 2835 retorqueri
3093 2767 3228 2835 (21),
3271 2775 3323 2819 et
3368 2780 3398 2817 a
3452 2764 3608 2817 nobis

2030 2865 2265 2933 culpam,
2299 2864 2350 2916 in
2382 2862 2577 2930 quibus
2607 2860 2784 2914 omnis
2833 2872 2992 2913 causa
3039 2866 3145 2922 est,
3187 2856 3473 2919 removeri,
3506 2856 3608 2908 hoc

2028 2965 2112 3009 est
2143 2954 2321 3007 dicere
2338 2952 2544 3007 similes
2570 2966 2668 3005 nos
2689 2964 2809 3004 esse
2837 2948 2997 3018 lignis
3029 2948 3113 3002 vel
3145 2947 3415 3015 lapidibus
3446 2946 3600 3014 ιιι

2027 3058 2147 3111 quae
2177 3043 2312 3095 intra
2351 3057 2407 3095 se
2437 3042 2653 3109 quidem
2682 3040 2881 3093 nullum
2916 3040 3113 3093 habent
3140 3048 3366 3099 motum,
3396 3052 3591 3091 causas

2029 3144 2206 3188 autem
2244 3143 2420 3189 motus
2456 3134 2533 3187 sui
2566 3133 2905 3186 extrinsecus
2947 3132 3255 3199 patiuntur?
3302 3129 3599 3195 Quoduti-

2031 3240 2135 3292 que
2165 3240 2263 3279 nec
2296 3240 2425 3279 vere
2448 3223 2671 3287 dicitur,
2699 3239 2798 3278 nec
2826 3225 3098 3287 decenter,
3139 3223 3230 3277 sed
3274 3225 3341 3275 ad
3381 3222 3483 3275 hoc
3511 3237 3604 3275 so-

342 3314 443 3385 λὴν
468 3315 564 3386 τὴν
588 3314 930 3385 κατασκευὴν
963 3314 1253 3377 αἰτιᾶσθαι,
1280 3316 1429 3386 παρὰ
1445 3316 1503 3368 τὸ
1528 3317 1755 3387 ἐναργές
1786 3319 1920 3369 ὲστι·

2032 3316 2137 3368 lum
2169 3314 2387 3384 fingitur
2415 3327 2472 3369 ut
2502 3315 2718 3369 libertas
2760 3314 2967 3367 arbitrii
3003 3316 3330 3382 denegetur:
3366 3313 3469 3366 nisi
3507 3327 3604 3379 pu-

342 3404 505 3475 λόγου
560 3405 907 3459 παιδευτικοῦ
971 3407 1094 3468 τοὺς
1150 3408 1582 3477 ἀκρατεστέρους
1640 3409 1732 3460 καὶ
1796 3408 1920 3469 τοὺς

343 3497 718 3568 ἀγριωτάτους
751 3497 1281 3568 παραλαμϐάνοντος,
1306 3500 1349 3550 si
1379 3500 1445 3567 τῇ
1466 3501 1747 3568 προτροπῇ
1786 3514 1921 3568 παρ-

348 3587 791 3658 ακολουθήσαιεν,
840 3589 933 3641 καὶ
972 3589 1416 3658 μεταϐάλλοντος,
1446 3588 1585 3641 ὥστε
1619 3589 1767 3659 παρά
1787 3590 1918 3642 πολὺ

346 3677 627 3746 γεγονέναι
648 3677 746 3748 τὴν
783 3678 991 3749 τροπὴν
1024 3679 1116 3730 καὶ
1148 3677 1246 3747 τὴν
1276 3678 1367 3729 ἐπὶ
1397 3677 1457 3729 τὸ
1485 3681 1731 3749 κρεῖττον
1758 3697 1921 3749 μετα-

347 3768 532 3841 ϐολὴν,
568 3769 827 3832 πολλάκις
849 3769 955 3822 τῶν
989 3769 1431 3823 ἀκολαστοτάτων
1451 3770 1737 3840 βελτιόνων
1770 3788 1921 3839 γενο-

2032 3417 2205 3460 temus
2235 3407 2307 3459 ita
2336 3408 2549 3460 demum
2575 3420 2733 3475 posse
2757 3417 3009 3459 constare
3036 3405 3243 3457 arbitrii
3268 3404 3601 3467 libertatem,

2026 3500 2071 3553 si
2108 3499 2240 3552 nihil
2269 3500 2338 3553 sit
2376 3483 2516 3566 quod
2562 3514 2662 3552 nos
2706 3497 3046 3551 extrinsecus
3094 3496 3338 3549 incidens
3368 3496 3433 3548 ad
3461 3495 3602 3549 bona

2027 3598 2279 3658 provocet
2328 3598 2419 3641 aut
2464 3590 2529 3641 ad
2577 3588 2734 3643 mala.
2790 3588 2847 3640 Si
2890 3601 3019 3640 vero
3045 3587 3165 3653 quis
3198 3587 3265 3639 ad
3302 3584 3600 3638 naturalem

2027 3681 2269 3748 corporis
2302 3681 2670 3748 intemperiem
2712 3678 2988 3745 culparum
3019 3679 3182 3731 refert
3219 3690 3435 3741 causas,
3469 3690 3601 3731 con-

2032 3779 2111 3825 tra
2144 3774 2407 3826 rationem
2454 3772 2505 3826 id
2538 3786 2656 3826 esse
2709 3773 2873 3825 totius
2911 3770 3233 3825 eruditionis
3277 3769 3596 3825 ostenditur.

1584 3879 1651 3934 ΙΝ
1662 3878 2147 3937 TERPRETATIO
2175 3881 2382 3937 NOVA.

349 3969 450 4049 _sit,_
474 3969 517 4023 is
544 3970 597 4023 in
626 3984 759 4049 suos
785 3966 1009 4049 affectus
1040 3976 1320 4049 etnrnntus
1368 3970 1632 4034 intendat;
1660 3980 1713 4025 et
1748 3974 1931 4049 videat
1960 3990 2023 4027 an
2054 3992 2158 4049 non
2192 3974 2479 4049 consensio
2510 3982 2562 4027 et
2607 3973 2898 4049 principum
2920 3973 3081 4049 animi
3113 3974 3285 4049 partis
3314 3973 3599 4049 inclinatio

351 4042 405 4094 in
438 4040 579 4120 hanc
607 4054 720 4120 rem
749 4040 834 4091 his
868 4040 1246 4120 probabilibus
1272 4041 1431 4120 ducta
1458 4043 1791 4109 argumentis
1822 4048 2179 4120 propendeat.
2221 4044 2336 4120 Non
2369 4046 2557 4120 e_t_nim_,_
2581 4040 2725 4097 verbi
2763 4040 2957 4113 gratia,
2989 4045 3035 4120 ei
3060 4040 3148 4111 qui
3187 4053 3485 4120 temperate
3520 4044 3601 4120 vi-

351 4123 479 4163 vere
504 4118 557 4163 et
580 4111 858 4182 continere
887 4123 944 4161 se
974 4123 1001 4160 a
1032 4111 1180 4162 coitu
1216 4111 1804 4182 decrevit,_conspecta
1836 4114 2029 4182 mulier
2056 4124 2216 4182 atque
2261 4116 2326 4167 ad
2358 4114 2559 4180 aliquid
2583 4111 2784 4167 contra
2805 4116 3133 4179 propositum
3166 4113 3429 4182 agendum
3460 4112 3601 4182 invi-

351 4188 493 4241 tans,
530 4178 767 4246 perfecta
798 4187 1072 4231 causaest
1103 4195 1199 4231 cur
1224 4194 1250 4231 a
1287 4180 1564 4247 pr0posito
1602 4180 1871 4233 deflectat.
1910 4178 2147 4236 omnino
2176 4185 2320 4235 enim
2367 4178 2665 4236 delectatus
2704 4178 3017 4234 titillatiOne
3059 4191 3113 4235 et
3160 4181 3414 4233 illecebra
3448 4179 3600 4233 volu-

349 4250 539 4318 piatis,
573 4263 695 4318 cum
727 4248 959 4318 noluerit
1000 4249 1098 4314 ipsi
1134 4249 1387 4302 resistere
1417 4258 1579 4316 atque
1618 4247 1926 4301 institutum
1977 4251 2218 4315 firmare,
2255 4254 2305 4304 in
2345 4252 2815 4318 intemperantiam
2851 4251 3057 4303 incidit.
3097 4250 3297 4303 Contra
3321 4250 3473 4301 alteri
3504 4251 3599 4316 qui

349 4317 595 4384 pluribus
624 4317 926 4384 disciplinis
954 4327 1040 4370 est
1091 4318 1414 4382 instructus,
1449 4318 1499 4370 in
1538 4318 1725 4386 eisque
1761 4333 1822 4373 se
1855 4322 2124 4386 exercuit,
2179 4324 2382 4374 eaedem
2429 4317 2643 4388 quidem
2693 4318 3033 4371 titillationes
3068 4328 3125 4371 et
3152 4318 3435 4388 illecebras
3468 4332 3600 4369 con-

352 4392 602 4459 tingunt;
634 4388 1111 4459 _at_ratio,_quippe
1153 4401 1275 4455 quae
1305 4388 1691 4459 vehementius
1714 4398 1795 4442 est
1834 4389 2083 4442 roborata
2118 4400 2172 4443 et
2195 4391 2264 4459 {in
2308 4386 2667 4459 meditatione
2691 4389 2919 4440 educata
2952 4397 3118 4459 atque
3148 4386 3455 4459 invirtutis
3485 4396 3600 4459 stu-

352 4456 441 4576 dit.)
469 4456 737 4576 .dtoctrinis
769 4457 1111 4522 conﬁrmata,
1139 4468 1231 4511 aut
1263 4457 1508 4526 proxime
1540 4458 1607 4511 ad
1636 4473 1755 4512 eam
1799 4459 2058 4528 perducta
2104 4456 2441 4523 ﬁrmitatem,
2502 4458 2785 4512 illecebras
2828 4458 3036 4511 excutit
3073 4465 3127 4511 et
3178 4456 3454 4510 libidinem
3491 4456 3599 4510 dis-

353 4540 411 4576 ΒΟ
436 4541 481 4576 VI
514 4563 531 4576 .

353 4534 531 4579 501V“.

420 4594 475 4665 5.
513 4594 643 4665 Quae
673 4610 795 4651 cum
834 4594 908 4649 ita
946 4595 1101 4649 nobis
1132 4595 1407 4661 eveniant,
1436 4596 1781 4652 extrinsecus
1820 4613 2007 4651 eorum
2044 4613 2267 4652 causam
2309 4597 2575 4663 derivare,
2614 4610 2821 4664 nosque
2859 4594 3015 4664 culpa
3050 4594 3302 4658 liberare,
3336 4608 3399 4649 ac
3436 4594 3597 4665 lignis

354 4672 407 4717 et
434 4663 703 4736 lapidibus
734 4665 804 4736 ab
826 4676 1054 4719 externo
1083 4677 1331 4719 movente
1369 4668 1655 4731 perlractis
1693 4668 1898 4722 similes
1935 4671 2251 4736 praedicare,
2286 4681 2385 4721 nec
2424 4674 2628 4720 rectum
2669 4663 2879 4736 estnec
2903 4663 3115 4718 veritati
3151 4663 3598 4736 consentaneum,

356 4734 444 4805 sed
474 4734 547 4805 ab
576 4749 640 4805 eo
681 4734 854 4789 solum
886 4736 991 4805 dici
1029 4745 1205 4805 potest
1234 4736 1323 4803 qui
1360 4736 1514 4790 liberi
1558 4737 1768 4790 arbitrii
1821 4734 2098 4791 notionem
2129 4738 2434 4791 adulterare
2477 4737 2679 4805 cupiat.
2725 4734 2858 4788 Nam
2899 4736 2941 4787 si
2979 4736 3151 4805 ipsum
3203 4735 3600 4802 interrogemus

356 4804 480 4871 quid
507 4804 579 4857 sit
616 4803 842 4876 libertas
871 4803 1106 4876 arbitrii,
1143 4806 1488 4872 respondebit
1522 4806 1570 4876 in
1605 4822 1670 4859 eo
1702 4808 1862 4861 sitam
1891 4809 1959 4871 si,
1990 4824 2114 4862 cum
2162 4808 2435 4876 quidpiam
2484 4803 2613 4859 mihi
2663 4820 2927 4875 propono,
2967 4804 3098 4857 nihil
3128 4806 3469 4859 extrinsecus
3500 4819 3598 4859 oc-

355 4882 540 4926 currat
570 4873 714 4941 quod
753 4874 820 4945 ad
849 4875 1184 4945 contrarium
1224 4884 1504 4945 provocet.
1537 4874 1744 4930 Rursus
1784 4878 2105 4931 imbecillam
2154 4873 2398 4945 corporis
2438 4873 2877 4929 constitUtioncm
2926 4889 3207 4945 accusare,
3236 4889 3465 4945 prorsus
3496 4876 3596 4928 ab-

356 4947 575 4995 surdum
613 4952 718 5017 est.
757 4942 890 4995 Nam
920 4943 1209 5017 disciplina
1241 4958 1378 5017 quos
1429 4944 1856 5017 intemperantes
1882 4958 1937 5000 et
1977 4942 2371 5017 agrestissiinos
2403 4946 2841 5017 apprehenderit,
2873 4958 2985 5017 eos,
3024 4944 3069 4997 si
3101 4944 3305 5017 monita
3351 4944 3467 5017 ejus
3497 4959 3599 5017 _se-

356 5023 609 5085 quatitur,
647 5013 720 5065 ita
752 5014 1021 5085 convertit
1048 5024 1102 5065 et
1134 5015 1617 5085 mutat-inmelius
1648 5025 1711 5085 ut
1756 5030 1897 5084 saepe
1926 5012 2036 5085 qui'
2066 5012 2795 5085 incontinentiSSimierant,
2827 5014 3080 5067 meliores
3108 5013 3239 5085 liant
3269 5014 3335 5068 iis
3373 5012 3463 5082 qui
3496 5012 3603 5079 lna-

360 5090 474 5161 tura
508 5083 657 5161 prius
687 5097 790 5161 non
826 5082 1149 5135 videbantur
1175 5098 1295 5136 esse
1325 5082 1483 5161 hujus
1516 5084 1680 5148 modi,
1710 5096 1769 5161 et
1808 5082 1900 5153 qui
1943 5082 2311 5161 agrestissimi
2352 5093 2507 5138 erant
2547 5084 2615 5137 ad
2650 5094 2853 5161 tantam
2904 5083 3367 5161 mansuetudinem
3403 5097 3598 5151 perve-

360 5152 616 5224 niant,_ut
648 5154 738 5219 qui
773 5168 1045 5224 nunquam
1079 5161 1345 5224 agrestem
1389 5152 1552 5224 vitam
1579 5152 1945 5222 egerint,’praa
1988 5152 2081 5208 illo
2107 5156 2196 5224 qui
2248 5155 2312 5208 ad
2352 5154 2822 5208 mansuetudinem
2870 5161 2954 5206 est
2995 5154 3328 5217 immutatus,
3362 5160 3600 5224 agrestes

356 5232 473 5275 esse
506 5222 821 5275 videantur.
855 5222 1057 5275 Contra
1085 5222 1222 5273 alios
1249 5223 1529 5275 cernimus
1560 5221 2050 5293 compositissimos
2080 5221 2137 5279 et
2171 5225 2601 5287 honestissimos,
2648 5238 2677 5277 a
2724 5224 3021 5291 composita
3056 5230 3111 5276 et
3140 5224 3364 5276 honesta
3397 5222 3504 5274 vita
3531 5221 3599 5275 ad

426 5338 539 5409 (15)
577 5337 669 5393 Sic
700 5354 834 5393 mss.
863 5338 1020 5393 Libb.
1054 5340 1207 5406 editi,
1234 5339 1312 5409 τῷ
1335 5339 1571 5393 πλείονα.

423 5409 534 5479 (16)
587 5410 678 5463 Sic
728 5426 860 5466 mss.
917 5409 1196 5475 Merlinus,
1242 5428 1261 5460 ι
1311 5411 1625 5480 diligentius
1676 5410 1926 5480 inspiciat

360 5488 852 5683 ὶηῖἳέῖῒίιθιοιίηυε,
887 5567 906 5600 ι
943 5548 1229 5602 exsistenti
1262 5550 1329 5603 ab
1366 5559 1598 5618 utraque
1623 5559 1798 5619 parte.
1832 5569 1850 5602 ι

456 5618 537 5677 18)
574 5617 851 5683 Merlinus,
892 5636 909 5667 ι
948 5629 1003 5670 et
1034 5617 1298 5672 alliciens.
1339 5639 1357 5671 ι

456 5618 537 5677 18)
574 5617 851 5683 Merlinus,
892 5636 909 5667 ι
948 5629 1003 5670 et
1034 5617 1298 5672 alliciens.
1339 5639 1357 5671 ι

431 5685 547 5760 (19)
573 5686 706 5745 Vide
739 5686 1071 5761 0rigcnian.,
1107 5688 1140 5742 I.
1174 5703 1259 5758 ut,
1294 5704 1347 5760 q.
1380 5690 1434 5758 7,
1466 5705 1522 5745 ιι.
1555 5690 1643 5743 15.

2092 5344 2205 5416 (20)
2231 5343 2507 5416 Merlinus,
2532 5361 2550 5394 ι
2588 5341 2847 5416 propositi
2870 5342 3101 5416 lirmitas
3130 5348 3184 5392 et
3208 5338 3547 5416 constantiae.
3572 5354 3596 5389 ι

2093 5408 2208 5484 (9.1)
2241 5414 2317 5467 lta
2365 5413 2523 5467 codd.
2567 5408 2699 5484 mss.
2741 5411 2883 5484 E_diti
2920 5425 3070 5470 vero,
3111 5426 3128 5458 ι
3161 5424 3281 5484 quae
3323 5408 3600 5484 extrinse-

2023 5476 2117 5537 cus
2152 5476 2301 5545 sunt,
2353 5482 2677 5550 retorqueri.
2715 5500 2733 5531 ι
2768 5480 2907 5550 Infra
2962 5493 3119 5539 mss..
3153 5476 3189 5527 «⁷
3213 5478 3257 5550 si
3310 5489 3436 5550 vero
3476 5476 3600 5543 quis

2023 5555 2087 5605 ad
2121 5544 2445 5616 naturalem,
2484 5544 2642 5604 r'etc.
2674 5548 2842 5610 Editi,
2879 5565 2897 5596 ι
2936 5563 3121 5599 verum
3150 5547 3243 5615 qui
3277 5544 3347 5616 ad
3376 5554 3599 5599 natura-

2018 5622 2150 5692 lem,
2188 5640 2207 5671 ι
2241 5632 2350 5692 etc.
2384 5614 2584 5692 Ibidem
2616 5633 2824 5692 mss.,_t
2870 5616 3041 5692 totius
3061 5614 3384 5692 eruditionis
3411 5623 3600 5692 paten-

2027 5680 2197 5746 ditur.
2233 5709 2250 5743 ι
2278 5690 2419 5746 Editi
2450 5688 2612 5758 male,
2645 5706 2662 5739 ι
2694 5680 2860 5741 totius
2883 5685 3212 5742 conditionis
3238 5680 3597 5740 ostenditura
