4014 6142
398 259 505 317 255

1645 248 1967 307 ORIGENIS
2006 254 2164 308 ΠΕΡΙ
2204 253 2432 307 ΑΡΧΩΝ

3546 256 3653 310 256

400 375 685 443 Quomodo
712 376 853 431 enim
889 373 1135 428 videmus
1162 369 1272 443 (22)
1307 369 1359 424 in
1391 367 1826 439 quamplurimis,
1859 388 1957 427 cun

2092 373 2264 445 μένων
2318 373 2465 445 παρὰ
2495 374 2619 435 τοὺς
2648 374 2711 443 τῇ
2753 372 2910 442 φύσει
2944 371 3203 445 πρότερον
3254 373 3315 426 ού
3362 373 3654 438 δοκοῦντας

398 471 551 540 prius
611 467 1005 523 incontinenter
1053 466 1517 531 intemperateque
1569 461 1862 527 vixissent,
1913 480 1976 521 ac

399 559 633 614 luxuria:
664 559 892 615 fuissent
923 555 1273 621 libidinisque
1309 554 1531 621 captivi,
1569 554 1612 609 si
1646 555 1786 611 forte
1809 557 1975 612 verbo

399 652 654 706 doctrina:
683 660 844 717 atque
869 644 1193 701 eruditionis
1225 645 1277 698 in
1309 644 1504 699 melius
1530 648 1799 714 provocati
1826 656 1972 712 sunt,

398 749 604 797 tantam
634 740 906 794 exstitisse
940 734 1441 797 commutationem,
1479 744 1536 788 ut
1573 752 1636 789 ex
1675 736 1972 791 luxuriosis

398 841 450 886 et
503 832 743 900 turpibus
789 827 952 882 sobrii
991 835 1046 880 et
1092 826 1388 880 castissimi
1442 842 1504 881 ac
1554 828 1970 881 mansuetissimi

396 923 780 984 redderentur;
826 920 895 971 ita
955 933 1172 972 rursum
1230 917 1482 969 videmus
1518 916 1568 968 in
1611 916 1733 969 aliis
1774 917 1971 984 quietis

393 1020 447 1066 et
486 1009 759 1070 honestis,
810 1024 929 1062 cum
983 1024 1039 1063 se
1090 1009 1224 1061 forte
1272 1007 1529 1075 inquietis
1565 1008 1869 1062 hominibus
1909 1024 1973 1062 ac

392 1100 640 1169 turpibus
673 1099 785 1168 (23)
817 1100 1097 1157 sociarint.
1140 1100 1410 1167 corrumpi
1451 1112 1629 1151 mores
1660 1099 1828 1151 bonos
1859 1101 1969 1151 col-

390 1194 583 1263 loquiis
613 1194 766 1245 malis
813 1194 857 1224 ³³
882 1233 897 1256 ,
949 1203 1003 1246 ει
1047 1190 1182 1243 chiei
1225 1206 1317 1245 eos
1357 1189 1489 1243 tales
1518 1187 1704 1256 quales
1737 1200 1863 1241 sunt
1893 1190 1965 1242 illi

387 1286 585 1355 quibus
626 1283 757 1337 nihil
788 1284 852 1335 ad
887 1282 1270 1350 turpitudinem
1301 1282 1488 1346 deest;
1545 1292 1599 1334 et
1648 1282 1749 1333 hoc
1800 1281 1968 1333 inter-

388 1374 515 1427 dum
559 1376 741 1429 evenit
794 1383 1001 1428 matura
1048 1375 1161 1442 jam
1202 1384 1359 1428 aetate
1403 1374 1555 1436 viris,
1600 1374 1669 1426 ita
1704 1383 1758 1426 ut
1794 1373 1969 1425 conti.

386 1464 665 1519 nentiores
722 1466 773 1518 in
819 1466 1103 1533 juventute
1135 1466 1390 1529 vixerint,
1427 1480 1585 1532 quam
1617 1479 1737 1517 cum
1775 1478 1967 1531 prove-

385 1555 526 1610 ctior
558 1566 691 1610 aetas
716 1555 1028 1609 facultatem
1070 1556 1191 1609 vitae
1235 1556 1505 1609 liberioris
1542 1555 1781 1609 indulsit.
1826 1557 1959 1608 (Ioni

387 1646 667 1713 sequentia
720 1662 848 1714 ergo
893 1646 1116 1699 rationis
1165 1646 1401 1699 ostendit
1446 1647 1587 1714 quod
1634 1659 1695 1697 ea
1746 1646 1958 1713 quidem

2078 460 2217 517 εἶναι
2242 464 2532 529 τοιούτους,
2590 466 2686 519 καὶ
2729 463 2837 521 τῶν
2880 465 3229 536 ἀγριωτάτων
3278 466 3359 527 εἰς
3401 465 3655 520 τοσοῦτον

2078 556 2413 626 ἡμερότητος
2452 553 2910 625 μεταϐαλλόντων,
2934 554 3072 606 ὥστε
3105 556 3230 617 τοὺς
3267 554 3402 626 μηδὲ
3437 556 3652 609 πώποτε

2076 646 2247 709 οὕτως
2284 646 2670 717 ἀγριωθέντας,
2703 646 2929 716 ἀγρίους
2959 643 3096 699 εἶναι
3122 646 3316 708 δοκεῖν,
3370 648 3651 717 συγκρίσει

2074 738 2226 790 τοῦδέ
2268 754 2412 801 τινος
2462 738 2922 808 μεταϐεϐληκότος
2964 738 3055 789 ἐπὶ
3110 736 3171 789 τὸ
3200 738 3420 808 ἥμερον.
3482 740 3653 809 Ὁρῶ-

2078 830 2175 899 μέν
2208 847 2265 881 τε
2303 830 2521 899 ἐτέρους
2548 829 3004 891 εὐσταθεστάτους
3052 828 3145 881 καὶ
3175 830 3550 897 σεμνοτάτους,
3586 832 3651 883 ἐκ

2075 920 2403 991 διαστροφῆς
2449 921 2538 973 ἐπὶ
2568 921 2664 983 τὰς
2685 921 2896 990 χείρους
2917 919 3196 990 διατριϐὰς
3221 922 3650 990 ὲκκρουομένους

2072 1008 2164 1061 τοῦ
2195 1010 2390 1079 σεμνοῦ
2425 1010 2517 1061 καὶ
2540 1009 2835 1070 εὐσταθοῦς
2857 1049 2870 1070 ,
2908 1009 3048 1069 ὥστε
3094 1011 3174 1071 εἰς
3223 1010 3520 1064 ἀκολασίαν
3562 1014 3653 1064 αύ-

2073 1101 2196 1161 τοὺς
2232 1099 2589 1169 μεταϐαλεῖν,
2625 1098 2881 1162 πολλάκις
2934 1098 3268 1169 ἀρχομένους
3317 1100 3415 1169 τῆς
3461 1102 3652 1155 ἀκολα-

2074 1190 2193 1252 σίας
2223 1190 2491 1259 μεσούσης
2511 1191 2611 1259 τῆς
2639 1189 2869 1260 ἡλικίας,
2902 1191 2994 1241 καὶ
3028 1189 3393 1258 ἐμπίπτοντας
3414 1192 3494 1254 είς
3516 1193 3649 1244 ἀτα-

2074 1278 2190 1341 ξίαν
2228 1281 2365 1348 μετά
2418 1279 2479 1331 τὸ
2532 1278 2954 1351 παρεληλυθέναι
3002 1279 3061 1329 τὸ
3098 1278 3194 1347 τῆς
3238 1278 3485 1348 νεότητος
3526 1283 3650 1335 ὅσον

2071 1372 2163 1423 ἐπὶ
2194 1374 2257 1440 τῇ
2294 1371 2451 1439 φύσει
2482 1372 2728 1424 ἄστατον.
2765 1370 2973 1423 Οὐκοῦν
3005 1374 3032 1423 ό
3062 1370 3215 1437 λόγος
3252 1371 3521 1422 δείκνυσιν
3566 1373 3649 1424 ὃτι

2070 1462 2136 1515 τὰ
2178 1464 2273 1532 μὲν
2316 1462 2513 1528 ἔξωθεν
2553 1464 2651 1515 οὐκ
2686 1463 2767 1531 ἐφ’
2806 1466 2937 1532 ἡμῖν
2992 1464 3140 1525 ἐστι,
3206 1463 3266 1514 τὸ
3312 1463 3367 1514 δὲ
3410 1463 3644 1535 οῦτωςῆ

2072 1556 2329 1617 ἐναντίως
2359 1554 2661 1625 χρήσασθαι
2692 1555 2875 1618 αὐτοῖς
2921 1554 3009 1607 τὸν
3055 1554 3208 1622 λόγον
3253 1556 3445 1625 κριτὴν
3478 1573 3650 1627 παραυ

2069 1642 2297 1695 λαϐόντα
2333 1644 2425 1695 καὶ
2455 1642 2743 1713 ἐξεταστὴν
2788 1641 2881 1694 τοῦ
2916 1644 3031 1705 πῶς
3064 1644 3143 1695 δεῖ
3175 1645 3308 1716 πρὸς
3345 1645 3473 1697 τάδε
3527 1645 3647 1699 τινὰ

385 1748 507 1805 qua:
533 1736 873 1790 extrinsecus
903 1736 1161 1795 incidunt,
1212 1735 1265 1787 in
1313 1745 1494 1789 nostra
1546 1745 1814 1804 potestate
1854 1750 1956 1788 non

2065 1734 2169 1785 τῶν
2205 1734 2402 1799 ἔξωθεν
2432 1734 2761 1803 ἀπαντῆσαι,
2798 1734 2954 1803 ἔργον
2990 1736 3132 1786 ἐστὶν
3158 1735 3443 1806 ἡμέτερον.

381 1840 535 1886 sunt:
567 1831 704 1886 bene
745 1846 870 1885 vero
924 1831 1006 1885 vel
1042 1831 1177 1884 male
1209 1831 1282 1883 uti
1321 1831 1404 1884 his
1442 1846 1560 1899 qua:
1600 1831 1863 1894 incidunt,
1925 1844 1987 1882 ea
2037 1830 2242 1882 ratione
2284 1843 2402 1897 quae
2454 1829 2594 1880 intra
2640 1844 2736 1881 nos
2786 1837 2892 1892 est,
2945 1828 3284 1881 discernente
3334 1842 3397 1881 ac
3445 1828 3645 1897 dijudi-

381 1932 540 1979 cante
582 1925 849 1994 quomodo
902 1926 987 1979 his
1034 1924 1108 1977 uti
1162 1932 1427 1993 oporteat,
1462 1932 1658 1978 nostra
1690 1936 1775 1978 est
1818 1923 2116 1991 potestatis.

459 2019 511 2071 6.
553 2019 621 2074 Ut
659 2030 833 2074 autem
864 2034 925 2074 ea
955 2034 1074 2088 qua:
1106 2019 1243 2072 ratio
1272 2028 1671 2087 consequenter
1700 2018 1956 2080 ostendit,

380 2110 542 2164 etiam
582 2110 982 2180 Scripturarum
1025 2110 1349 2164 auctoritate
1394 2107 1704 2172 firmemus,
1752 2108 1804 2161 id
1853 2118 1956 2172 est,

381 2202 521 2272 quod
561 2203 730 2257 nostri
758 2203 937 2271 operis
974 2213 1055 2256 est
1095 2214 1243 2255 recte
1274 2200 1355 2254 vel
1382 2201 1560 2255 minus
1586 2209 1729 2254 recte
1757 2200 1955 2265 vivere,

383 2302 437 2347 et
473 2308 577 2346 non
612 2292 696 2346 vel
726 2309 791 2346 ex
817 2293 898 2344 his
928 2307 1045 2360 qua:
1080 2293 1417 2345 extrinsecus
1455 2290 1726 2355 incidunt,
1758 2290 1861 2352 vel,
1901 2300 1958 2343 ut

381 2381 597 2449 quidam
634 2387 845 2449 putant,
878 2377 1004 2432 fatis
1035 2379 1351 2446 urgentibus
1393 2378 1667 2445 cogimur,
1713 2378 1958 2431 te«.timo-

381 2473 527 2528 nium
546 2471 697 2526 dabit
713 2471 961 2526 Micbmas
978 2470 1231 2538 propheta
1252 2469 1336 2522 his
1358 2469 1514 2538 112
1533 2468 1711 2522 verbis
1732 2468 1913 2521 dicens
1941 2488 1953 2521 :

385 2580 405 2614 ι
436 2562 492 2617 Si
517 2563 889 2616 annuntiatum
927 2562 1021 2614 tibi
1050 2568 1152 2619 est,
1185 2575 1218 2613 ο
1247 2560 1429 2621 homo,
1464 2559 1591 2627 quid
1620 2568 1703 2625 est
1734 2560 1954 2621 bonum,

380 2662 473 2707 aut
507 2654 632 2719 quid
671 2653 927 2711 Dominus
962 2651 1187 2719 requirit
1233 2668 1260 2705 a
1300 2659 1370 2715 te,
1411 2651 1509 2703 nisi
1561 2661 1616 2702 ut
1662 2650 1830 2704 facias
1868 2650 1955 2718 ju-

378 2744 576 2798 dicium
612 2750 667 2797 et
702 2742 892 2811 diligas
920 2743 1365 2805 misericordiam,
1404 2752 1456 2795 et
1494 2751 1712 2810 paratus
1756 2744 1831 2798 sis
1877 2744 1955 2796 ire

377 2847 497 2886 cum
537 2831 765 2885 Domino
801 2832 909 2887 Deo
957 2840 1046 2884 tuo
1089 2831 1175 2884 “1'
1219 2850 1237 2883 ι
1286 2833 1347 2885 Ει
1394 2831 1602 2902 Moyses
1651 2833 1723 2884 ita
1779 2832 1948 2885 dicit:

382 2938 401 2969 ι
436 2919 594 2974 Posui
626 2929 750 2973 ante
779 2917 967 2973 faciem
1001 2930 1142 2972 tuam
1176 2922 1315 2974 viam
1363 2922 1484 2975 vitae
1525 2930 1578 2976 et
1630 2922 1767 2975 viam
1807 2936 1953 2974 mor-

379 3009 483 3070 tis,
529 3009 665 3076 elige
710 3009 851 3077 quod
902 3010 1096 3063 bonum
1155 3019 1268 3071 est,
1308 3020 1363 3065 et
1408 3011 1595 3066 incede
1627 3012 1678 3065 in
1722 3026 1787 3065 eo
1817 3013 1882 3066 ".
1928 3031 1947 3064 ι

375 3096 441 3149 Ει
472 3095 636 3151 Isaias
667 3098 739 3149 ita
775 3097 882 3149 ait:
946 3115 963 3147 ‹
1000 3097 1055 3149 Si
1104 3098 1384 3152 volueritis
1424 3109 1476 3153 et
1516 3101 1794 3154 audieritis
1840 3115 1949 3164 me,

376 3202 493 3256 quae
527 3187 664 3240 bona
700 3197 824 3239 sunt
862 3197 1018 3241 terra:
1048 3189 1360 3244 comedetis.
1396 3189 1448 3243 Si
1476 3205 1603 3244 vero
1648 3191 1952 3257 nolueritis,

2141 2017 2261 2068 ’Ὁτι
2295 2016 2350 2069 δὲ
2378 2015 2537 2087 ἔργον
2565 2014 2830 2086 ἡμέτερον
2853 2015 2909 2066 τὸ
2948 2014 3141 2083 βιῶσαι
3173 2013 3353 2077 καλῶς
3382 2016 3520 2079 ἐστι,
3550 2016 3643 2069 καὶ

2066 2107 2207 2158 αίτεῖ
2252 2106 2398 2173 ἡμᾶς
2438 2102 2594 2156 τοῦτο
2625 2106 2652 2155 ό
2699 2103 2850 2165 Θεὸς,
2879 2104 2953 2166 ὡς
2985 2104 3082 2155 οὐκ
3117 2102 3279 2156 αὑτοῦ
3313 2102 3403 2165 ὃν,
3432 2104 3552 2155 οὐδὲ
3588 2104 3645 2169 ἐξ

2067 2198 2251 2268 ἑτέρου
2282 2196 2425 2259 τινὸς
2453 2196 2903 2265 παραγινόμενον,
2924 2196 2979 2265 ἢ,
3004 2196 3078 2257 ὡς
3105 2196 3304 2247 οἴονταί
3350 2212 3510 2257 τινες,
3539 2195 3647 2247 ἀπὸ

2066 2289 2423 2360 εἱμαρμένης,
2481 2288 2595 2341 ἀλλ’
2646 2289 2677 2359 ἢ
2725 2287 2801 2350 ὡς
2850 2289 3115 2358 ἡμέτερον
3148 2289 3326 2359 ἔργον,
3362 2290 3644 2358 μαρτυρή-

2066 2398 2147 2433 σει
2176 2384 2203 2433 ό
2236 2382 2523 2452 προφήτης
2551 2379 2789 2448 Μιχαίας
2833 2377 3037 2445 λέγων·
3082 2397 3098 2428 ι
3141 2380 3201 2431 Εἰ
3236 2378 3507 2448 ἀνηγγέλη
3540 2395 3643 2441 σοι,

2065 2472 2337 2541 ἄνθρωπε,
2370 2472 2420 2523 τί
2450 2471 2611 2523 καλὸν
2638 2510 2653 2537 ,
2685 2470 2716 2539 ἢ
2764 2468 2815 2520 τί
2850 2469 3051 2540 Κύριος
3076 2468 3294 2537 ἑκζητεῖ
3321 2468 3467 2539 παρά
3506 2468 3637 2533 σοῦ;

2077 2562 2213 2614 Ἀλλ’
2249 2560 2280 2628 ἢ
2329 2562 2390 2613 τὸ
2450 2564 2618 2613 ποιεῖν
2668 2562 2841 2631 κρῖμα
2871 2560 2963 2612 καὶ
3007 2560 3223 2628 ἀγαπᾷν
3257 2559 3431 2623 έλεος;
3471 2578 3487 2609 ι
3533 2561 3641 2612 Καὶ

2062 2653 2296 2721 Μωσῆς
2342 2670 2360 2701 ι
2412 2650 2645 2703 Τέθεικα
2672 2651 2777 2720 πρὸ
2804 2648 3093 2719 προσώπου
3148 2666 3239 2701 σου
3291 2648 3385 2718 τὴν
3409 2648 3639 2718 όδὸντῆς

2067 2741 2211 2811 ζωῆς
2249 2742 2339 2793 καὶ
2375 2742 2473 2811 τὴν
2506 2740 2624 2793 ὁδὸν
2656 2740 2748 2793 τοῦ
2774 2740 3023 2801 θανάτου,
3059 2740 3375 2807 ἐκλέξασθαι
3414 2740 3473 2793 τὸ
3506 2742 3642 2809 ἀγα-

2062 2828 2151 2880 θὸν
2184 2829 2277 2881 καὶ
2303 2828 2628 2897 πορεύεσθαι
2662 2831 2718 2880 ὲν
2744 2828 2910 2898 αὐτῷ.
2947 2848 2962 2877 ι
2994 2830 3103 2880 Καὶ
3138 2829 3391 2892 Ἠσαίας·
3443 2849 3461 2881 ι
3512 2830 3637 2884 Ἐὰν

2066 2916 2254 2987 θέλητε
2281 2919 2374 2970 καὶ
2407 2918 2760 2986 εἰσακούσητέ
2791 2935 2911 2987 μου,
2947 2916 3015 2970 τὰ
3037 2918 3217 2985 ἀγαθὰ
3247 2920 3345 2989 τῆς
3390 2920 3493 2989 γῆς
3537 2921 3638 2989 φά-

2065 3008 2261 3078 γεσθεο
2298 3008 2392 3061 ἐὰν
2427 3009 2485 3061 δὲ
2535 3008 2607 3078 μὴ
2654 3009 2841 3079 θέλητε
2868 3049 2883 3072 ,
2936 3011 3070 3081 μηδὲ
3109 3012 3463 3082 εἰσακούσητέ
3514 3029 3635 3081 μου,

2065 3099 2311 3170 μάχαιρα
2345 3099 2489 3168 ὑμᾶς
2513 3098 2825 3151 κατέδεται·
2856 3100 2917 3152 τὸ
2946 3100 3053 3171 γὰρ
3076 3101 3247 3170 στόμα
3286 3101 3490 3172 Κυρίου
3514 3101 3639 3157 ἐλά-

2059 3190 2190 3261 λησε
2224 3189 2412 3242 ταῦτα.
2448 3209 2466 3240 ι
2500 3190 2609 3241 Καὶ
2646 3191 2702 3243 ὲν
2732 3192 2842 3252 τοῖς
2870 3191 3144 3261 Ψαλμοῖς·
3188 3210 3205 3243 ι
3236 3193 3297 3244 EI
3325 3195 3353 3244 ὁ
3378 3192 3505 3256 λαός
3532 3209 3633 3263 μου

375 3290 551 3345 neque
596 3275 874 3329 audieritis
932 3292 1052 3339 me,
1103 3276 1312 3343 gladius
1359 3293 1454 3332 vos
1507 3288 1829 3344 consumet;
1891 3294 1951 3333 os

2065 3282 2253 3353 ἢκουσέ
2287 3299 2409 3352 μου,
2445 3281 2538 3334 καὶ
2584 3280 2800 3350 Ἰσραὴλ
2820 3284 2941 3344 ταῖς
2966 3281 3102 3343 ὁδοῖς
3139 3299 3237 3351 μου
3266 3285 3313 3335 εί
3344 3284 3633 3358 ἐπορεύθη,

376 3368 520 3421 enim
560 3366 768 3420 Domini
811 3366 1044 3419 locutum
1075 3378 1155 3419 est
1195 3368 1293 3421 hoc
1338 3368 1403 3421 ⁸⁸.
1449 3388 1466 3419 ι
1508 3368 1573 3422 Ει
1621 3371 1671 3423 in
1714 3370 1943 3425 Psalmis

377 3458 451 3511 ita
498 3457 756 3525 scriptum
797 3463 913 3509 est:
954 3473 971 3505 ι
1014 3455 1069 3509 Si
1102 3458 1329 3524 populus
1379 3473 1530 3512 meus
1567 3459 1803 3520 audisset
1839 3474 1942 3527 me,

375 3549 539 3603 Israel
574 3552 616 3603 si
651 3550 702 3603 in
731 3550 831 3604 viis
861 3552 997 3603 meis
1028 3550 1383 3613 ambulasset,
1415 3550 1467 3603 in
1502 3547 1730 3609 rjailum
1760 3549 1947 3617 utique

375 3641 626 3695 inimicos
650 3638 764 3709 ejus
792 3643 1161 3696 bumiliasscm
1196 3642 1273 3707 '9,
1332 3660 1350 3692 ι
1413 3656 1509 3710 per
1539 3642 1679 3709 quod
1715 3640 1951 3694 ostendit

371 3735 512 3804 quod
542 3744 657 3788 erat
691 3736 742 3787 in
772 3735 950 3802 populi
986 3742 1257 3801 pmestatc
1290 3732 1477 3785 audire
1516 3742 1570 3785 et
1612 3732 1865 3785 incedere
1897 3732 1949 3783 in

374 3826 477 3879 viis
511 3825 622 3879 Det.
658 3825 763 3879 Sed
790 3835 845 3878 et
872 3824 1120 3877 Salvator
1149 3824 1367 3878 dicens:
1406 3841 1424 3873 ι
1460 3823 1567 3892 Ego
1617 3833 1795 3874 autem
1831 3822 1951 3875 dico

2050 3374 2108 3425 ὲν
2140 3370 2219 3441 τῷ
2250 3370 2437 3441 μηδενὶ
2490 3372 2555 3423 ἂν
2591 3373 2715 3432 τοὺς
2768 3369 2993 3439 ἐχθροὺς
3044 3371 3221 3424 αὐτῶν
3273 3374 3631 3437 ὲταπείνωσα,

2052 3463 2147 3515 καὶ
2178 3462 2272 3513 ἐπὶ
2294 3462 2418 3524 τοὺς
2449 3460 2727 3525 θλίὸοντας
2750 3461 2947 3525 αὐτοὺς
2982 3461 3244 3515 ἐπέϐαλον
3263 3462 3326 3515 ἂν
3353 3462 3450 3533 τὴν
3477 3466 3636 3535 χεῖρά

2057 3570 2157 3623 μου
2180 3570 2193 3583 ’
2240 3572 2257 3604 ι
2310 3553 2385 3615 ὡς
2431 3551 2523 3604 ἐπὶ
2567 3552 2643 3622 τῷ
2688 3552 2800 3622 λαῷ
2840 3553 2992 3616 ὄντος
3023 3550 3116 3605 τοῦ
3152 3552 3369 3606 ἀκούειν
3408 3556 3502 3607 καὶ
3539 3572 3635 3607 πο-

2060 3644 2311 3714 ρεύεσθαι
2342 3646 2461 3705 ταῖς
2478 3643 2618 3706 ὁδοῖς
2645 3642 2738 3695 τοῦ
2771 3643 2926 3696 Θεοῦ.
2966 3644 3075 3695 Καὶ
3103 3645 3131 3695 ό
3154 3643 3343 3715 Σωτὴρ
3372 3646 3428 3698 δὲ
3460 3645 3634 3712 λέγων

2053 3730 2133 3781 τό·
2158 3749 2175 3779 ι
2219 3728 2359 3796 Ἐγὼ
2375 3729 2434 3781 δὲ
2458 3729 2598 3797 λέγω
2623 3731 2750 3800 ὑμῖν
2785 3731 2858 3801 μὴ
2885 3731 3196 3801 ἀντιστῆναι
3228 3732 3305 3801 τῷ
3326 3735 3566 3804 πονηρῷ,
3606 3754 3627 3785 ι

2057 3822 2169 3879 καὶ.
2194 3840 2210 3872 ι
2241 3821 2322 3873 ὅτι
2346 3820 2421 3883 ὡς
2441 3821 2574 3891 (25⁸)
2595 3821 2659 3874 ἂν
2688 3822 2913 3892 ὀργισθῇ
2937 3822 3012 3891 τῷ
3031 3822 3244 3892 ἀδελφῴ
3260 3863 3272 3887 ,
3290 3824 3634 3893 ἔνοχοςὲσται

1615 3916 2177 3973 INTERPRETATIO
2205 3916 2413 3970 NOVA.

374 4015 700 4069 deteriorem
748 4015 1193 4085 consuetudinem
1233 4015 1304 4069 ita
1355 4015 1666 4077 deflectere,
1722 4023 1779 4066 ut
1824 4015 2407 4085 in“intemperantiarn
2453 4015 2693 4067 incidant
2739 4017 2909 4069 media
2950 4016 3059 4081 jam
3109 4026 3290 4081 aetate,
3342 4028 3627 4085 postquam

367 4084 1048 4155 juventutisinstabilitas,
1076 4094 1130 4137 ut
1166 4083 1269 4137 fert
1298 4092 1513 4155 natura,
1560 4085 1840 4155 prmteriit.
1875 4083 1948 4155 Et;
1988 4084 2077 4155 his,
2104 4085 2267 4155 igitur
2316 4085 2484 4152 liquet
2532 4085 2873 4155 extrinsecus
2922 4086 3209 4140 incidentia
3264 4083 3368 4140 non
3415 4083 3534 4141 esse
3575 4089 3628 4142 in

374 4153 558 4226 nostra
593 4155 1017 4226 potestate,hoc
1060 4163 1255 4226 autem
1281 4154 1362 4206 vel
1394 4155 1671 4226 contrario
1704 4154 1863 4205 modo
1895 4154 1978 4205 his
2005 4154 2103 4215 uti,
2144 4153 2351 4208 ratione
2398 4156 2533 4209 ducc
2567 4164 2623 4207 et
2654 4154 2999 4210 discernente
3038 4172 3100 4210 ac
3131 4156 3464 4225 dijudicante
3494 4172 3629 4226 quo-

374 4224 533 4277 modo
564 4225 808 4277 externis
833 4225 908 4276 uti
947 4232 1218 4293 oporteat,
1246 4224 1298 4277 in
1334 4235 1517 4275 nostra
1551 4224 1712 4276 situm
1746 4237 1867 4293 esse
1895 4232 2190 4288 potestate.

440 4294 493 4347 6.
531 4292 783 4347 Nostrum
820 4291 995 4360 porro
1016 4309 1155 4361 opus
1188 4309 1310 4347 esse
1363 4302 1511 4345 recte
1546 4295 1763 4346 vivere:
1804 4292 1965 4360 idque
1992 4307 2021 4344 a
2058 4293 2212 4346 nobis
2248 4308 2350 4346 non
2387 4292 2540 4362 quasi
2577 4308 2757 4359 suum,
2792 4298 2968 4356 neq‘ue
3001 4293 3070 4346 ab
3103 4294 3210 4347 alio
3244 4291 3486 4362 quolibet
3531 4295 3629 4349 da-

371 4372 519 4424 tum,
557 4378 751 4433 neque,
788 4374 847 4415 ut
878 4364 1091 4431 quidam
1130 4372 1339 4431 putant,
1373 4380 1399 4415 a
1434 4362 1566 4424 fato,
1629 4362 1724 4415 sed
1787 4370 1841 4413 ut
1904 4371 2146 4433 nostrum
2213 4377 2384 4430 opus,
2452 4361 2618 4415 Deum
2669 4363 2977 4430 postulare,
3042 4361 3329 4417 testabitur
3379 4363 3632 4420 Michazas

367 4434 624 4502 pr0plteta
661 4434 883 4486 dicens:
917 4451 935 4483 ι
970 4434 1025 4486 Si
1064 4434 1178 4499 tibi,
1229 4435 1410 4496 homo,
1450 4434 1746 4485 iudicatum
1790 4432 2028 4502 estquid
2056 4440 2137 4484 est
2171 4433 2391 4502 bonum,
2434 4444 2525 4485 aut
2558 4433 2684 4500 quid
2713 4433 2969 4486 Dominus
2994 4447 3020 4485 a
3050 4441 3099 4487 te
3127 4433 3392 4500 postulat?
3442 4433 3630 4488 Annon

370 4500 551 4555 Iacere
580 4503 841 4569 judicium
873 4512 929 4571 et
962 4503 1185 4571 diligere
1212 4502 1682 4555 misericordiam?
1715 4521 1732 4552 ι
1769 4502 1831 4553 Ει
1862 4500 2103 4569 Moyses:
2138 4501 2345 4571 [Posui
2378 4512 2503 4553 ante
2529 4514 2876 4569 conspectum
2907 4512 3054 4555 tuum
3090 4508 3228 4555 viam
3257 4503 3377 4555 vita:
3405 4515 3460 4556 et
3485 4503 3629 4557 viam

369 4568 591 4634 mortis,
621 4580 677 4621 ut
710 4571 875 4635 eligas
922 4568 1118 4623 bonum
1158 4582 1211 4623 et
1260 4574 1475 4625 incedas
1502 4574 1553 4623 in
1582 4587 1665 4624 eo.
1713 4590 1730 4622 ι
1768 4571 1834 4624 Et
1868 4568 2064 4623 Isaias:
2103 4588 2119 4619 ι
2165 4568 2221 4623 Si
2249 4570 2527 4625 volueritis
2558 4581 2611 4623 et
2637 4568 2917 4625 audieritis
2946 4587 3047 4632 me,
3098 4573 3235 4625 bona
3275 4582 3433 4625 terra:
3476 4588 3598 4625 com

368 4640 575 4701 edetis;
612 4640 693 4691 sin
733 4650 910 4691 autem
954 4640 1235 4692 nolueritis
1262 4680 1275 4701 ,
1324 4652 1377 4691 et
1412 4657 1515 4693 nou
1558 4641 1840 4694 audieritis
1876 4656 1959 4693 tne
1983 4680 1999 4704 ,
2033 4641 2242 4707 gladius
2269 4655 2361 4693 vos
2397 4641 2710 4694 tlevorabit:
2743 4658 2804 4695 os
2835 4641 2976 4694 enim
3007 4642 3211 4694 Domini
3248 4640 3361 4694 hate
3392 4642 3629 4696 locutum

369 4718 472 4762 est.
518 4727 535 4758 ι
576 4707 639 4760 Ει
666 4708 717 4778 in
750 4707 1011 4761 Psalmis:
1045 4728 1062 4758 ι
1089 4710 1143 4761 Si
1183 4711 1406 4776 populus
1442 4725 1593 4762 meus
1623 4712 1862 4764 audisset
1888 4726 2001 4774 me;
2032 4710 2195 4763 Israel
2223 4711 2265 4763 si
2300 4711 2351 4762 in
2386 4711 2488 4763 viis
2525 4710 2657 4764 meis
2684 4712 3037 4770 ambulasset,
3073 4712 3139 4762 ad
3177 4710 3407 4763 nihilum
3445 4714 3631 4778 utique

370 4778 620 4829 inimicos
664 4777 779 4844 ejus
815 4778 1206 4837 bumiliasscm,
1238 4790 1292 4830 et
1316 4780 1367 4831 in
1400 4778 1697 4845 allligentes
1726 4796 1818 4832 eos
1846 4780 2110 4833 misissem
2150 4794 2363 4831 manum
2395 4794 2589 4832 meam.
2623 4798 2640 4828 ι
2682 4780 2888 4845 Quibus
2911 4781 3146 4832 ostendit
3174 4780 3226 4831 iu
3258 4780 3433 4847 populi
3465 4777 3630 4833 fuisse

366 4856 637 4917 potestate
676 4847 859 4917 audire
907 4855 961 4899 et
998 4848 1245 4901 incedere
1290 4850 1340 4900 in
1386 4850 1485 4901 viis
1520 4852 1628 4902 Uei.
1670 4848 1775 4902 Sed
1810 4859 1861 4902 et
1897 4849 2149 4901 Salvator
2172 4850 2385 4901 dicens:
2428 4867 2446 4897 ι
2497 4849 2609 4917 Ego
2648 4862 2827 4903 autem
2876 4850 2997 4902 dico
3033 4849 3182 4902 vobis
3229 4865 3331 4901 non
3380 4852 3631 4903 resistere

369 4916 533 4979 tnalo,
572 4933 590 4965 ι
628 4926 716 4968 et:
755 4934 771 4965 ι
802 4916 1117 4983 Quicunque
1149 4921 1315 4971 iratus
1343 4917 1676 4971 fuerit'l‘ratri
1708 4934 1827 4980 suo,
1860 4933 1983 4972 reus
2010 4920 2108 4971 erit
2136 4918 2363 4985 judicio,
2406 4938 2424 4966 ι
2460 4928 2511 4971 ει
2550 4916 2561 4970 Ξ
2611 4937 2628 4967 ι
2666 4918 2982 4983 Quicunque
3013 4918 3209 4971 viderit
3242 4918 3520 4972 mulierem
3566 4920 3629 4971 ad

367 4985 857 5055 concupiscendum
888 5002 1029 5048 eam,
1054 4986 1165 5053 jam
1200 4989 1502 5042 tumchatus
1538 5002 1617 5039 est
1643 5004 1759 5041 eam
1791 4990 1839 5040 in
1870 4990 2032 5041 corde
2058 5003 2185 5051 suo;
2225 5007 2243 5038 ι
2271 5000 2323 5038 ει
2358 5004 2477 5039 ειιιιι
2512 4990 2602 5041 dat
2634 5000 2823 5041 (cetera
2850 5002 3076 5055 quicque
3102 4992 3372 5051 mandata,
3407 4989 3479 5040 ita
3515 4988 3629 5054 dat,

367 5053 526 5123 quasi
556 5054 710 5108 nobis
741 5068 805 5107 ea
839 5070 1059 5109 servare
1088 5058 1160 5109 sit
1195 5056 1487 5127 integrum,
1516 5066 1571 5108 ut
1593 5058 1714 5125 jure
1740 5060 1812 5112 rei
1840 5059 2044 5127 judicio
2077 5057 2238 5110 futuri
2273 5058 2444 5109 simus
2479 5058 2521 5110 si
2548 5072 2607 5111 ea
2636 5053 3226 5125 perfringannisrunde
3258 5065 3313 5110 et
3345 5074 3365 5108 ι
3404 5053 3627 5121 Omnis,

420 5174 467 5207 "
497 5171 665 5228 ICor.
701 5187 791 5239 xv,
823 5171 916 5226 33.
1018 5173 1064 5204 ’⁸
1096 5172 1258 5227 Mich.
1298 5190 1372 5238 Vl,
1402 5173 1453 5228 8.
1523 5174 1565 5205 ³⁷
1607 5176 1762 5232 Deut.
1797 5190 1926 5240 xxx,

2123 5174 2167 5204 ’⁸
2200 5172 2298 5229 lsa.
2332 5188 2369 5235 ι,
2411 5174 2490 5238 19,
2528 5171 2615 5224 ει).
2681 5172 2727 5202 ’⁵
2760 5170 2903 5224 Psal.
2937 5185 3103 5231 Lxxx,
3137 5168 3225 5223 I3.

436 5293 550 5364 (22)
587 5293 666 5364 Ita
713 5309 843 5349 mss.
881 5293 1041 5348 Libb.
1083 5293 1237 5359 editi,
1271 5313 1289 5345 ι
1323 5295 1577 5363 quoniam
1619 5298 1761 5349 enim
1800 5297 1948 5350 vide-

367 5378 503 5437 mus.
538 5383 557 5437 ι
583 5363 749 5437 Paulo
783 5364 1050 5437 pttsl_liltb.
1081 5366 1232 5437 editi,
1262 5382 1280 5415 ι
1315 5369 1479 5419 verbo
1502 5366 1760 5420 doctrina:
1788 5378 1948 5437 atque

367 5433 837 5489 eruditionibus.»
875 5433 1003 5488 Mss.
1038 5444 1095 5486 ut
1124 5435 1175 5487 in
1208 5446 1393 5489 nostro
1427 5446 1591 5491 textu.

439 5504 554 5573 (‘23)
595 5506 666 5557 Ac
712 5507 969 5571 turpibus.
1010 5505 1173 5558 Deest
1218 5506 1270 5557 in
1320 5514 1474 5557 antea
1522 5505 1702 5558 editis.
1741 5505 1943 5559 Ibidcnt

369 5586 528 5643 mss.,
557 5592 576 5625 ι
611 5575 894 5641 colloquiis
930 5575 1085 5629 malis
1110 5584 1164 5629 et
1190 5574 1346 5631 efﬁci.
1383 5593 1398 5625 ι
1434 5575 1595 5635 Editi,
1623 5593 1641 5623 a
1680 5576 1945 5643 colloquio

368 5649 425 5697 et
454 5642 612 5700 eflici.
651 5664 672 5699 ι
710 5644 898 5701 Postea
930 5661 1094 5715 mss.,
1128 5663 1145 5693 ο
1191 5646 1457 5701 interdum
1485 5651 1683 5701 evenit.
1726 5665 1744 5696 ›
1780 5642 1940 5710 Editi,

2061 5313 2079 5347 ι
2125 5296 2392 5348 interdum
2425 5294 2588 5347 venit.
2635 5312 2653 5344 ι
2690 5292 2856 5346 Paulo
2884 5304 3004 5362 post
3030 5309 3195 5357 mss.,
3227 5312 3245 5344 ι
3297 5294 3467 5348 nostri
3498 5306 3626 5361 ope-

2056 5367 2129 5418 ris
2156 5375 2237 5418 est
2277 5375 2452 5426 recte,
2506 5382 2525 5414 ι
2564 5373 2669 5417 etc.
2700 5362 2853 5417 Libb.
2888 5365 3039 5427 editi,
3082 5382 3099 5413 ι
3150 5372 3349 5416 nostrae
3384 5362 3503 5431 epis
3546 5373 3622 5416 est

2056 5446 2231 5497 recte,
2282 5454 2297 5486 ι
2340 5447 2447 5504 etc.
2483 5432 2624 5504 Infra
2655 5450 2795 5504 imss.
2824 5473 2838 5498 ,
2886 5451 2905 5483 ι
2943 5442 2997 5486 ει
3031 5432 3240 5504 Moyses
3285 5436 3355 5485 ita
3397 5433 3564 5499 dicit;
3599 5448 3621 5485 ι

2052 5505 2200 5564 Cdili,
2238 5523 2255 5553 ι
2285 5514 2339 5556 et
2368 5502 2533 5570 Moysi
2565 5503 2713 5556 dicit.
2757 5521 2775 5553 ι

2050 5642 2091 5697 Ρ
2129 5571 2265 5643 (23)
2289 5573 2417 5644 ch.
2443 5567 2500 5634 ὃς
2534 5572 2616 5636 ἄν,
2644 5580 2694 5628 ει
2725 5586 2847 5627 ιι)οι
2879 5576 2936 5639 ὃς
2972 5571 3089 5640 ἐὰν,
3112 5573 3423 5644 quicunque.
3456 5567 3620 5627 Ειιιτ.

2095 5659 2287 5697 Δτεοι.

2095 5659 2287 5698 ΔΤΒΟΙ...
