4014 6142
366 304 475 357 237

1710 305 1909 358 LIBER
1950 302 2273 359 TERTIUS.

3511 317 3621 376 253

366 425 431 495 τῇ
468 420 661 493 κρίσει·
698 439 715 472 1
744 421 857 484 καὶ,
900 439 917 472 ι
967 422 1054 485 Ὠς
1074 420 1170 475 ἐὰν
1196 421 1437 493 ἐμϐλέψῃ
1471 424 1699 489 γυναῖκα
1730 421 1863 491 πρὸς
1889 422 1926 474 τὶ

2048 419 2200 475 vobis
2250 434 2354 475 non
2407 420 2657 476 resistere
2704 422 2844 479 malo
2882 424 2960 489 ³⁰;
3018 443 3035 475 1
3092 433 3144 477 et
3186 442 3199 480 :
3237 443 3254 478 ι
3307 425 3628 502 Quicunque

366 512 719 583 ἐπιθυμῆσαι,
748 512 850 582 ἤδη
878 512 1189 583 ἐμοίχευσεν
1220 512 1386 582 αὐτὴν
1419 513 1476 564 ἐν
1508 514 1572 583 τῇ
1606 512 1801 583 καρδίᾳ
1843 512 1939 564 αύ-

377 603 494 658 τοῦο
524 624 541 655 1
561 604 656 656 καὶ
681 605 736 657 εί
757 622 881 658 τινα
913 604 1075 675 ἄλλην
1103 605 1312 658 δίδωσιν
1340 603 1577 675 ἐντολὴν,
1596 605 1670 666 ὡς
1698 604 1780 672 ἐφ’
1806 605 1938 672 ἡμῖν

362 695 511 759 δντος
536 696 630 749 τοῦ
654 696 884 765 φυλάξαι
914 696 982 750 τὰ
1011 696 1481 768 προστεταγμένα,
1511 696 1642 766 φησί
1662 712 1674 725 ·
1709 695 1802 749 καὶ
1844 696 1935 746 εὑ-

360 788 532 855 λόγως
563 787 760 857 ἐνόχων
795 787 949 857 ἡμῶν
980 790 1042 857 τῇ
1072 788 1251 858 κρίσει
1285 787 1557 857 ἐσομένων
1584 788 1632 839 εί
1666 785 1937 856 παραϐαί-

358 896 543 950 νοιμεν
574 880 712 932 αὑτά
734 896 747 908 °
790 880 909 932 ὅθεν
943 879 1056 943 καὶ,
1100 897 1116 926 ι
1150 879 1295 941 Πᾶς,
1331 878 1481 947 φησὶ,
1528 879 1555 930 6
1592 876 1804 929 ἁκούων
1834 892 1933 944 μου

354 971 484 1033 τοὺς
510 970 700 1037 λόγους
728 970 946 1032 τούτους
982 969 1075 1022 καὶ
1096 970 1261 1021 ποιῶν
1284 970 1501 1031 αὐτοὺς,
1544 966 1932 1038 ὁμοιωθήσεται

353 1060 512 1132 ἀνδρὶ
537 1061 806 1131 φρονίμῳ,
835 1061 979 1122 ὅστις
1003 1059 1315 1129 ᾠκοδόμησε
1339 1058 1435 1127 τὴν
1458 1058 1631 1110 οἰκίαν
1660 1058 1821 1110 αὐτοῦ
1841 1058 1932 1109 ἐπὶ

350 1152 453 1220 τὴν
471 1152 698 1221 πέτραν,
721 1170 739 1203 1
762 1151 854 1202 καὶ
868 1149 936 1201 τὰ
954 1149 1077 1219 ὲξῆς
1096 1166 1109 1179 ο
1141 1167 1158 1199 ι
1178 1151 1205 1201 6
1226 1148 1281 1201 δὲ
1306 1146 1517 1199 ἀκούων
1535 1147 1627 1199 καὶ
1649 1146 1721 1217 μὴ
1740 1148 1929 1211 ποιῶν,

350 1240 540 1310 ὅμοιός
564 1243 709 1293 ἐστιν
735 1240 889 1310 ἀνδρὶ
912 1239 1099 1310 μωρῷ,
1125 1239 1271 1301 ὅστις
1291 1238 1606 1307 ᾠκοδόμησε
1625 1239 1722 1307 τὴν
1755 1240 1929 1291 οὶκίαν

351 1332 522 1386 αὐτοῦ
552 1333 644 1384 ἐπὶ
660 1332 755 1402 τὴν
783 1333 986 1401 ἄμμον,
1015 1351 1032 1381 1
1061 1331 1237 1384 καὶτὰ
1260 1332 1403 1400 ἑξῆς.
1421 1332 1531 1383 Καὶ
1546 1330 1718 1398 λέγων
1733 1329 1789 1382 δὲ
1820 1334 1930 1393 τοῖς

351 1424 415 1475 ἐκ
452 1421 642 1485 δεξιῶν
666 1439 678 1449 ·
706 1440 724 1472 ι
761 1421 1007 1479 Δεῦτε,οί
1038 1420 1387 1490 εὐλογημένοι
1404 1420 1495 1471 τοῦ
1527 1419 1737 1490 Πατρός
1754 1437 1877 1488 μου,
1905 1439 1921 1469 1

347 1512 445 1565 καὶ
466 1510 536 1563 τὰ
568 1510 714 1579 ἑξῆς,
744 1530 761 1560 1
794 1510 1051 1561 ἐπείνασα
1078 1509 1185 1580 γὰρ
1211 1511 1301 1561 καὶ
1334 1508 1565 1561 ἐδώκατέ
1592 1526 1679 1578 μοι
1714 1512 1922 1577 φαγεῖνο

346 1598 583 1667 ἐδίψησα
601 1598 694 1650 καὶ
721 1598 1007 1650 ἐποτίσατέ
1039 1615 1124 1667 με,
1154 1618 1170 1647 1
1199 1598 1401 1670 σφόδρα
1435 1598 1619 1668 σαφῶς
1646 1598 1720 1661 ὡς
1737 1598 1927 1661 αἰτίοις

342 1684 467 1741 οὖσι
517 1688 611 1741 τοῦ
655 1688 990 1741 ἐπαινεῖσθαι
1023 1689 1205 1741 δίδωσι
1259 1688 1357 1751 τὰς
1402 1689 1752 1757 ἐπαγγελίας.
1816 1690 1924 1741 Καὶ

2045 511 2218 566 iratus
2246 511 2409 566 fuerit
2444 512 2596 567 fratri
2629 529 2760 580 suo,
2805 532 2927 571 reus
2961 518 3066 571 erit
3094 517 3301 584 judicio
3326 519 3367 551 ³¹
3400 521 3559 592 (24);
3600 542 3621 576 1

2043 615 2122 656 et:
2159 622 2177 652 ι
2217 603 2538 674 Quicunque
2590 607 2885 675 inspexerit
2935 608 3211 663 mulierem
3256 613 3322 664 ad
3363 615 3627 683 concupi-

2043 696 2297 747 scendum
2327 711 2469 759 eam,
2499 699 2801 752 mmehatus
2826 709 2907 752 est
2942 699 3052 767 jam
3090 702 3141 755 in
3168 702 3329 757 corde
3359 718 3457 757 suo
3489 705 3557 771 “,
3599 725 3619 758 1

2042 795 2093 838 et
2130 802 2250 839 cum
2296 787 2389 839 dat
2451 800 2646 842 caetera
2707 804 2933 858 quaeque
2970 792 3245 856 mandata,
3296 794 3423 862 quid
3477 795 3623 849 aliud

2042 876 2266 940 indicat,
2301 879 2400 931 nisi
2431 882 2571 948 quod
2602 881 2652 933 iu
2690 892 2874 935 nostra
2909 892 3174 950 potcsmte
3213 895 3296 938 est
3331 886 3625 942 observare

2040 982 2199 1035 posse
2244 984 2363 1036 quae
2401 972 2767 1024 inaudanlur?
2807 974 2870 1025 Et
2917 984 3135 1041 propter
3192 975 3293 1029 hoc
3344 987 3488 1031 recte
3543 978 3621 1033 rei

2039 1058 2298 1112 ciliciniur
2336 1059 2567 1128 judicio,
2618 1062 2662 1113 si
2711 1065 3129 1129 prtcvaricemnr
3167 1081 3227 1118 ea
3277 1082 3395 1135 qua:
3440 1068 3622 1138 utique

2039 1164 2258 1203 servare
2297 1161 2625 1218 poteramus.
2667 1152 2819 1206 Unde
2857 1162 2909 1205 et
2952 1154 3063 1222 ipse
3105 1156 3179 1208 ait
3214 1158 3335 1223 quia
3376 1175 3393 1208 ι
3434 1156 3623 1213 Omnis

2038 1240 2128 1307 qui
2168 1240 2316 1292 audit
2350 1247 2509 1295 verba
2543 1258 2658 1296 mea
2691 1253 2742 1297 et
2773 1242 2901 1296 facit
2933 1260 3014 1307 ea,
3047 1246 3324 1298 ostendam
3354 1246 3507 1301 vobis
3533 1247 3621 1302 cui

2038 1332 2229 1385 similis
2260 1342 2372 1386 est:
2404 1333 2608 1387 Similis
2645 1344 2729 1387 est
2772 1336 2886 1388 viro
2915 1334 3165 1401 prudenti
3198 1336 3287 1404 qui
3333 1336 3622 1390 aedificavit

2035 1425 2249 1479 domum
2275 1442 2424 1478 suam
2448 1441 2608 1492 super
2632 1436 2857 1496 petram,
2892 1444 2909 1475 1
2932 1435 3035 1476 etc.
3070 1425 3129 1477 Et
3158 1426 3297 1493 quod
3326 1426 3431 1479 ait:
3464 1445 3483 1477 ι
3517 1426 3619 1494 Qui

2038 1530 2216 1569 autem
2248 1518 2394 1571 audit
2425 1518 2540 1571 hmc
2566 1527 2620 1571 et
2652 1534 2753 1570 non
2783 1517 2929 1583 facit,
2966 1517 3155 1571 similis
3189 1529 3271 1571 est
3305 1518 3422 1571 viro
3451 1519 3619 1574 stulto

2034 1608 2125 1674 qui
2163 1608 2449 1661 anliiicavit
2482 1608 2700 1660 domum
2735 1622 2895 1675 super
2938 1622 3159 1659 arenam
3191 1606 3272 1672 ³³,
3326 1625 3344 1657 1
3389 1615 3443 1659 et
3491 1607 3619 1661 reli-

2033 1714 2158 1767 qua.
2192 1698 2296 1752 Sed
2344 1709 2394 1752 et
2424 1698 2552 1751 illud
2590 1697 2731 1766 quod
2776 1696 2905 1749 dicit
2942 1696 3023 1749 his
3054 1695 3141 1764 qui
3187 1710 3215 1748 a
3253 1695 3456 1749 dextris
3500 1695 3617 1765 ejus

342 1782 408 1834 ἐκ
481 1780 576 1833 τοῦ
630 1781 870 1834 ἐναντίου
947 1781 1055 1851 (‘25)
1125 1784 1234 1843 τοῖς
1302 1780 1505 1851 ἑτέροις
1574 1780 1647 1843 ὡς
1711 1780 1926 1849 ψεκτοῖς

2036 1798 2194 1841 sunt:
2232 1807 2248 1837 ι
2288 1788 2477 1842 Venite
2515 1787 2581 1840 ad
2621 1799 2724 1850 me,
2752 1802 2940 1839 omnes
2978 1785 3243 1839 benedicti
3279 1784 3457 1838 Patris
3488 1785 3614 1851 mei,

340 1870 464 1927 οὖσι
502 1875 629 1943 παρ’
664 1874 894 1935 αὐτοὺς,
935 1873 1081 1940 λέγει
1120 1872 1211 1925 τόο
1255 1870 1618 1942 «Πορεύεσθε,
1664 1872 1712 1923 οἱ
1759 1888 1927 1940 κατη-

344 1964 605 2036 ραμένοι,
641 1965 720 2026 εἰς
764 1964 824 2016 τὸ
866 1965 975 2035 πῦρ
1016 1964 1076 2017 τὸ
1118 1963 1333 2016 αἰώνιον
1358 1980 1369 1992 ·
1404 1982 1422 2013 1
1470 1962 1665 2032 ἴδωμεν
1711 1963 1767 2014 δὲ
1810 1962 1926 2025 πῶς

340 2059 440 2111 καὶ
475 2058 504 2107 6
538 2055 747 2119 Παῦλος
792 2058 867 2119 ὡς
900 2055 1265 2121 αὐτεξουσίως
1306 2056 1435 2125 ἡμῖν
1463 2054 1796 2122 διαλέγεται,
1834 2056 1927 2109 καὶ

339 2149 561 2211 ἑαυτοῖς
589 2149 779 2212 αἰτίοις
826 2148 1185 2218 τυγχάνουσιν
1229 2148 1503 2211 ἀπωλείας
1542 2149 1574 2219 ἢ
1612 2150 1885 2219 σωτηρίας
1910 2166 1922 2179 ο

346 2241 453 2293 «Ἦ
499 2238 594 2291 τοῦ
626 2239 854 2291 πλούτου
903 2239 1010 2309 γὰρ
1035 2239 1135 2308 τῆς
1162 2239 1524 2310 χρηστότητος
1551 2240 1736 2303 αὑτοῦ,
1769 2242 1922 2312 φησι,

339 2332 560 2402 καὶτῆς
594 2332 792 2401 ἀνοχῆς
810 2372 824 2396 ,
850 2333 941 2385 καὶ
964 2332 1060 2401 τῆς
1089 2332 1469 2403 μακροθυμίας
1530 2336 1887 2405 καταφρονεῖς
1907 2372 1922 2396 ,

337 2420 557 2489 ἀγνοῶν
599 2422 679 2473 ὅτι
726 2421 787 2472 τὺ
835 2422 1066 2492 χρηστὸν
1117 2423 1211 2474 τοῦ
1245 2423 1379 2475 Θεοῦ
1413 2426 1491 2487 εἰς
1529 2425 1814 2493 μετάνοιάν
1866 2442 1924 2478 σε

336 2513 468 2581 ἄγει
496 2529 510 2577 ;
553 2514 693 2567 κατά
725 2515 784 2567 δὲ
809 2514 906 2584 τὴν
942 2514 1283 2584 σκληρότητά
1315 2533 1406 2567 σου
1437 2517 1530 2568 καὶ
1561 2517 1925 2585 ἀμετανόητον

337 2604 600 2674 καρδίαν,
629 2602 975 2673 θησαυρίζεις
1008 2604 1218 2672 σεαυτῴ
1248 2604 1415 2675 ὀργὴν
1450 2606 1506 2655 ἐν
1536 2605 1717 2675 ἡμέρᾳ
1756 2606 1927 2675 ὀργῆς

335 2696 441 2747 καὶ
474 2693 866 2762 ἀποκαλύψεως
895 2694 1287 2764 δικαιοκρισίας
1333 2694 1425 2746 τοῦ
1476 2694 1644 2756 Θεοῦ,
1687 2696 1745 2757 ὃς
1788 2696 1927 2747 ἀπο-

332 2782 506 2835 δώσει
557 2783 771 2854 ἑκάστῳ
809 2782 950 2835 κατὰ
991 2782 1061 2835 τὰ
1100 2783 1235 2854 ἔργα
1267 2783 1431 2835 αὑτοῦ
1455 2800 1467 2813 ’
1505 2786 1616 2846 τοῖς
1668 2785 1763 2853 μὲν
1804 2784 1927 2837 καθ’

332 2871 621 2942 ὑπομονὴν
655 2871 816 2942 ἔργου
864 2870 1069 2939 ἀγαθοῦ
1117 2871 1273 2936 δόξαν
1327 2871 1419 2923 καὶ
1470 2870 1633 2939 τιμὴν
1682 2870 1775 2923 καὶ
1825 2871 1929 2940 ἀφ-

336 2963 575 3034 θαρσίαν
605 2960 861 3031 ζητοῦσι,
900 2961 1046 3031 ζωὴν
1078 2959 1293 3015 αίώνιον
1321 2975 1335 2988 ”
1370 2961 1483 3021 τοῖς
1514 2959 1570 3011 δὲ
1598 2960 1657 3023 ἐξ
1684 2960 1927 3031 ἐριθείας

334 3054 432 3108 καὶ
468 3052 752 3108 ἀπειθοῦσι
790 3053 888 3124 μέν
937 3056 1003 3124 τῇ
1056 3052 1314 3124 ἀληθείᾳ,
1362 3052 1705 3123 πειθομένοις
1752 3052 1809 3104 δὲ
1854 3053 1919 3123 τῇ

333 3147 550 3217 κακίᾳ,
594 3147 731 3218 ὀργὴ
762 3147 855 3200 καὶ
898 3146 1066 3217 θυμὸς
1107 3147 1200 3199 καὶ
1246 3145 1424 3215 θλίψις
1463 3149 1555 3199 καὶ
1590 3148 1918 3219 στενοχωρία

335 3239 431 3291 ἐπὶ
475 3239 653 3290 πᾶσαν
683 3237 862 3307 ψυχὴν
908 3238 1192 3308 ἀνθρώπου
1234 3239 1328 3291 τοῦ
1358 3237 1828 3309 κατεργαζομένου
1858 3238 1919 3291 τὸ

335 3329 533 3392 κακὸν,
583 3329 835 3382 Ἰουδαίου
896 3329 1110 3399 πρῶτον
1161 3330 1255 3381 καὶ
1286 3330 1549 3399 ’Ἕλληνος
1573 3347 1585 3359 ·
1644 3329 1773 3393 δόξα
1825 3329 1919 3383 καὶ

334 3423 474 3493 τιμὴ
509 3421 599 3475 καὶ
634 3422 822 3493 εἰρήνη
873 3420 1032 3473 παντὶ
1076 3419 1152 3489 τῷ
1201 3420 1551 3493 ἐργαζομένῳ
1601 3420 1661 3473 τὸ
1693 3421 1917 3488 ἀγαθὸν,

349 3511 592 3583 Ἰουδαίῳ
640 3529 698 3565 τε
749 3511 962 3581 πρῶτον
1016 3511 1109 3562 καὶ
1138 3510 1375 3582 Ἕλληνι.
1404 3530 1422 3561 1
1480 3510 1664 3581 Μυρία
1701 3511 1797 3581 μὲν
1829 3507 1921 3563 οὖν

336 3606 489 3658 ἐστιν
519 3604 574 3655 ἐν
595 3606 714 3666 ταῖς
734 3604 979 3676 Γραφαῖς
1003 3601 1205 3673 σφόδρα
1230 3601 1414 3670 σαφῶς
1440 3600 1790 3673 παριστῶντα
1809 3601 1918 3674 (27)

336 3695 396 3749 τὸ
426 3694 790 3759 αὐτεξούσιον.

2029 1889 2176 1941 etc.;
2205 1879 2401 1931 csurivi
2426 1878 2568 1930 enim
2594 1887 2647 1930 et
2677 1877 2898 1930 dedistis
2927 1877 3054 1930 mihi
3081 1878 3436 1941 manducare;
3471 1876 3614 1930 sitivi

2028 1979 2080 2023 et
2134 1969 2360 2023 dedistis
2405 1968 2533 2021 mihi
2587 1968 2775 2021 bibere
2824 1966 2902 2031 “,
2978 1985 2996 2016 1
3051 1966 3328 2019 evidenter
3375 1967 3614 2022 ostendit

2030 2064 2151 2131 quia
2190 2062 2241 2115 in
2277 2060 2407 2129 ipsis
2440 2059 2540 2113 fuit
2588 2068 2644 2113 ut
2686 2058 2768 2112 vel
2813 2058 3106 2111 laudabiles
3147 2058 3233 2110 isti
3268 2069 3485 2123 essent,
3533 2058 3615 2112 fa-

2029 2157 2234 2209 cientes
2285 2169 2405 2225 qu:e
2463 2154 2715 2206 mandata
2773 2160 2941 2217 sunt,
2994 2161 3047 2204 et
3094 2151 3458 2219 percipienles
3495 2164 3616 2219 qua:

2028 2248 2293 2315 promissa
2328 2257 2483 2307 sunt;
2532 2246 2616 2300 vel
2650 2246 2702 2299 lii
2755 2245 3049 2312 culpabiles
3083 2244 3172 2314 qui
3219 2244 3491 2297 contraria
3527 2244 3614 2299 vel

2028 2339 2247 2392 audiere
2298 2337 2378 2392 vel
2431 2348 2720 2406 percepero
2748 2334 2860 2405 (26)
2888 2375 2903 2400 ,
2958 2336 3153 2405 quibus
3179 2334 3405 2389 dicitur:
3442 2353 3459 2385 ι
3498 2334 3612 2399 Ite,

2027 2426 2316 2491 maledicti,
2362 2429 2415 2480 in
2459 2427 2635 2497 ignem
2670 2436 2931 2480 aeternum
2971 2426 3036 2478 ³⁸.
3092 2444 3109 2476 1
3154 2422 3444 2478 Videamus
3477 2439 3613 2492 quo-

2029 2518 2189 2572 modo
2214 2518 2377 2571 etiam
2406 2516 2605 2570 Paulus
2632 2515 2906 2585 apostolus
2933 2514 3078 2568 velut
3107 2524 3429 2583 potestatem
3466 2514 3613 2567 arbi-

2036 2608 2125 2661 trii
2156 2608 2480 2661 habentibus
2513 2608 2669 2661 nobis
2709 2607 2967 2673 loquitur,
3002 2616 3055 2659 et
3085 2616 3338 2674 tauquam
3368 2604 3420 2657 in
3456 2604 3612 2658 nobis

2030 2696 2163 2765 ipsis
2202 2696 2283 2749 vel
2316 2696 2504 2750 salutis
2541 2696 2626 2749 vel
2674 2695 2991 2766 perditionis
3030 2694 3359 2749 habentibus
3393 2710 3608 2760 causas,

2031 2786 2109 2839 ait
2141 2804 2153 2839 :
2194 2803 2215 2839 ι
2250 2787 2329 2839 An
2366 2786 2584 2839 divitias
2614 2786 2879 2839 bonitatis
2902 2784 3018 2853 ejus
3041 2800 3104 2838 ac
3121 2784 3391 2853 patientia:
3414 2800 3478 2838 ac
3498 2784 3614 2838 lon-

2030 2876 2364 2947 ganimitatis
2413 2877 2572 2945 113
2605 2876 2953 2941 contemnis,
2991 2876 3250 2946 ignorans
3274 2877 3416 2944 quod
3463 2875 3612 2930 beni-

2029 2969 2208 3040 gnitas
2246 2967 2341 3020 Dei
2388 2968 2454 3019 ad
2503 2967 2882 3035 paenitentiam
2916 2975 2965 3021 te
2995 2966 3261 3019 adducit?
3299 2964 3609 3020 Secundum

2029 3059 2283 3112 duritiam
2320 3068 2497 3112 autem
2549 3069 2698 3111 tuam
2727 3068 2779 3112 et
2807 3074 2900 3111 cor
2942 3057 3289 3125 impwnitens
3342 3057 3612 3112 thesauri-

2027 3164 2118 3203 zas
2150 3151 2241 3202 tibi
2274 3150 2406 3202 iram
2430 3151 2482 3202 in
2517 3150 2604 3203 die
2647 3148 2831 3216 judicii
2859 3146 3001 3219 [iraa]
3031 3157 3085 3201 et
3118 3147 3458 3201 revelationis
3476 3146 3609 3217 justi

2020 3240 2207 3309 judicii
2257 3240 2346 3293 Dei
2384 3241 2474 3309 qui
2535 3240 2723 3295 reddet
2769 3239 3071 3307 unicuique
3120 3239 3421 3293 secundum
3474 3252 3610 3307 opus

2030 3331 2146 3394 ejus
2200 3350 2212 3385 :
2268 3332 2351 3385 his
2397 3332 2487 3400 qui
2530 3332 2830 3385 secundum
2880 3330 3200 3400 patientiam
3249 3328 3376 3384 boui
3426 3327 3608 3397 Operis

2034 3421 2203 3491 gloria
2228 3431 2282 3475 et
2315 3422 2675 3490 incorruptio,
2708 3423 2799 3491 qui
2837 3431 3086 3491 quaarunt
3112 3421 3276 3473 vitam
3306 3430 3603 3483 mternam;

2030 3513 2114 3567 his
2140 3522 2319 3566 autem
2351 3513 2441 3580 qui
2477 3528 2539 3566 ex
2571 3513 2949 3579 contentione,
2982 3522 3036 3565 et
3077 3511 3167 3579 qui
3215 3524 3318 3561 non
3364 3509 3592 3562 credunt

2029 3604 2248 3671 quidem
2279 3604 2531 3669 veritati,
2563 3605 2788 3657 credunt
2831 3611 3009 3656 autem
3044 3598 3341 3668 iniquitati,
3374 3599 3485 3663 ira,
3521 3597 3606 3652 in-

2031 3694 2298 3764 dignatio,
2331 3694 2615 3747 tribulatio
2656 3701 2711 3747 et
2743 3692 2992 3761 angustia
3037 3690 3093 3744 in
3125 3704 3341 3744 omnem
3372 3688 3606 3743 animam

339 3789 576 3841 hominis
603 3790 876 3857 operantis
902 3790 1121 3853 malum,
1145 3789 1327 3844 ludam
1348 3790 1578 3859 primum
1602 3788 1895 3854 etGrmco;
1932 3788 2102 3858 gloria
2151 3798 2332 3841 autem
2386 3798 2441 3842 et
2492 3788 2665 3840 honor
2694 3796 2749 3841 et
2772 3802 2873 3856 pax
2898 3784 3045 3840 omni
3097 3783 3339 3853 Operauti
3383 3782 3605 3856 bonum,

336 3876 523 3932 Judaao
556 3882 784 3948 primum
822 3892 876 3935 et
906 3881 1094 3936 Graeco
1119 3882 1238 3936 “.1‘
1275 3882 1438 3936 Multa
1464 3884 1679 3952 quidem
1747 3883 1849 3935 alia
1906 3889 1960 3935 et
1996 3881 2279 3935 innumera
2344 3880 2394 3933 in
2457 3878 2661 3934 sanctis
2704 3876 3003 3947 Seripturis
3044 3875 3286 3931 invenies
3326 3890 3448 3946 quae
3496 3874 3609 3929 evi-

1571 4026 2135 4083 i'NTERPRETATIO
2169 4025 2383 4082 NOVA.

338 4150 537 4218 inquit,
570 4149 659 4217 qui
688 4149 838 4201 audit
867 4149 981 4202 hmc
1008 4149 1168 4199 verba
1201 4163 1340 4209 mea,
1377 4156 1428 4199 et
1455 4147 1583 4218 facit
1617 4163 1701 4210 ea,
1735 4147 1926 4201 similis
1955 4156 2038 4201 est
2066 4147 2183 4218 viro
2216 4144 2468 4214 prudenti
2491 4144 2579 4218 qui
2602 4143 3134 4218 aediﬁcavitdomum
3168 4156 3322 4195 suam
3346 4151 3610 4207 Superpo-

342 4214 502 4282 tra'm,
537 4214 642 4273 etc.
672 4220 770 4284 Qui
808 4230 984 4271 autem
1011 4218 1159 4271 audit
1194 4219 1305 4270 haec
1330 4228 1384 4269 et
1414 4233 1517 4270 non
1551 4217 1697 4278 facit,
1735 4218 1928 4271 similis
1955 4226 2035 4270 est
2063 4217 2179 4269 viro
2198 4218 2389 4287 stulto,
2427 4217 2518 4287 qui
2560 4215 2857 4287 rediirieavit
2875 4214 3090 4287 domum
3124 4226 3273 4264 suam
3308 4222 3471 4287 super
3493 4221 3610 4286 are-

341 4305 488 4354 nam,
520 4310 538 4340 1
561 4298 616 4341 et
646 4282 885 4359 reliqua;
914 4298 967 4341 et
992 4302 1115 4340 cum
1144 4288 1274 4359 dicit
1302 4287 1383 4359 his
1410 4288 1559 4359 quia
1586 4288 1789 4359 dextris
1818 4287 1934 4359 ejus
1958 4296 2111 4359 sunt:
2143 4304 2161 4335 ι
2198 4284 2405 4359 Venite,
2427 4284 2688 4337 benedicti
2707 4283 2901 4359 _l_’atris_
2920 4282 3210 4359 mei-ﬂetu;
3240 4282 3437 4359 esui-ivi
3464 4282 3605 4355 enini

338 4368 390 4411 et
423 4349 650 4413 dedistis
678 4349 804 4411 mihi
836 4359 1189 4427 manducare;
1229 4357 1371 4409 sitivi
1405 4349 1458 4408 et
1496 4356 1729 4409 dedistis
1761 4349 1888 4409 mihi
1923 4356 2129 4417 bibere,
2168 4374 2187 4405 1
2223 4355 2500 4427 evidenter
2525 4353 2853 4427 ostenditse
2891 4352 3000 4427 hinc
3030 4349 3142 4427 illis
3169 4349 3480 4427 promittere
3513 4349 3604 4411 qui

340 4427 496 4481 laude
514 4428 672 4497 digna
688 4444 751 4482 ex
771 4443 826 4481 se
841 4427 1086 4480 fecerint.
1108 4426 1236 4479 Aliis
1261 4427 1564 4497 econtrario
1591 4435 1843 4492 tanquam
1867 4442 1930 4497 ex
1950 4440 2012 4497 se
2032 4423 2300 4497 vituperio
2317 4422 2516 4497 dignis,
2540 4422 2649 4497 ait:
2672 4440 2689 4470 ‹
2711 4418 3021 4497 Discedite,
3042 4418 3329 4497 maledicti,
3352 4418 3604 4497 in‘ignem

338 4485 624 4550 mternun‘i.
653 4518 670 4548 1
696 4499 800 4552 Sed
826 4497 1101 4551 videamus
1128 4496 1393 4562 quomodo
1418 4494 1612 4548 Paulus
1645 4485 1738 4549 nos
1767 4496 1917 4563 quasi
1944 4494 2082 4566 juris
2116 4485 2286 4566 nostri
2310 4485 2607 4566 etarbitrii.
2636 4490 2899 4566 nobisque
2928 4488 3216 4566 ipsi_ca_usa
3239 4485 3322 4537 vel
3352 4485 3604 4566 interitus

341 4567 422 4621 vel
450 4568 641 4621 salutis
679 4569 867 4629 simus,
904 4558 1227 4633 alloquatur.
1262 4584 1279 4615 ι
1314 4567 1393 4618 An
1437 4567 1650 4619 divitias
1679 4558 2099 4629 bonitatis'ejus,
2138 4562 2335 4634 inquit,
2363 4570 2415 4634 et
2444 4561 2715 4627 patientiae
2739 4570 2799 4634 et
2826 4558 3601 4634 iongauimitatiscontetnnis,

341 4626 1175 4706 ignoransquouiauihenig'uitas
1195 4636 1307 4698 Dei,
1337 4636 1401 4688 ad
1428 4636 1796 4702 paenitentiam
1828 4644 1876 4706 te
1900 4626 2487 4706 adduciti_$eeutitiiiin
2516 4638 2692 4706 autem
2720 4628 2973 4706 duritiam
3005 4633 3233 4706 tuatn_et
3258 4626 3604 4706 intpteuitens

341 4696 453 4770 cor,
473 4696 805 4761 thesainrizas
824 4706 915 4759 tibi
943 4696 1074 4757 iram
1102 4708 1152 4757 in
1174 4709 1258 4758 die
1284 4696 1375 4758 irze
1397 4696 1447 4759 ei
1476 4706 1815 4759 revelatiouis
1836 4704 1965 4771 justi
1987 4702 2171 4769 judicii
2196 4702 2307 4765 Dei,
2336 4700 2424 4769 qui
2452 4699 2639 4773 reddet
2657 4699 2942 4773 unicuique
2969 4696 3261 4749 secundum
3283 4696 3598 4773 operaiejus;

342 4774 406 4829 iis
436 4767 675 4846 quidem,
702 4779 791 4845 qui
828 4777 1122 4830 secundum
1158 4778 1467 4843 patientiam
1509 4776 1630 4827 boui
1658 4767 1857 4841 eperis,
1892 4767 2117 4842 gloriam
2151 4782 2204 4846 et
2246 4767 2512 4846 honinem
2539 4767 3084 4846 et_incor_ruptionem
3122 4774 3395 4846 quarunt,
3434 4767 3603 4846 vitam

342 4838 628 4915 aeternam;
661 4838 733 4900 iis'
760 4857 935 4899 autem
966 4846 1055 4912 qui
1092 4838 1215 4898 sunt
1246 4860 1308 4897 ex
1339 4846 1682 4898 contentione
1698 4838 1754 4898 et
1775 4846 1863 4913 qui
1889 4838 1991 4896 non
2024 4842 2373 4915 acquiescunt
2404 4838 2638 4915 veritati,
2660 4838 2887 4915 creduni
2911 4846 3089 4915 autem
3122 4838 3604 4915 iniquimtiLiraAet

345 4901 677 4985 indignatio,
716 4901 997 4969 tribulatio
1034 4924 1088 4967 et
1137 4918 1381 4983 angustia
1422 4916 1472 4966 iu
1522 4932 1733 4967 omnem
1776 4901 2012 4985 animum
2046 4901 2278 4985 hominis
2306 4911 2582 4985 operantis
2612 4901 3029 4985 titalltlll._-'Utlil‘3i
3060 4901 3288 4985 Ρτίηξιῖξξι
3319 4910 3374 4955 θι
3394 4901 3600 4985 amici?

344 4975 508 5051 gloria
540 4975 719 5040 autem
748 4996 801 5039 et
835 4987 1005 5038 honor
1050 4995 1105 5039 et
1138 4975 1241 5053 ριιὶ
1272 4986 1415 5036 oumi
1445 4986 1683 5052 aperanti
1736 4986 1931 5037 bonum
1963 4983 2146 5036 Juda‘o
2186 4975 2418 5050 primum
2446 4986 2502 5034 et
2527 4979 2742 5035 Grmco.
2783 4995 2801 5027 ι
2840 4975 3128 5029 lttnutllel‘a
3184 4975 3349 5044 igitur
3390 4980 3518 5027 sunt
3546 4975 3602 5025 ill

346 5056 639 5127 Seripturis
672 5056 788 5111 loca
820 5069 938 5125 quae
968 5054 1275 5110 libertatem
1305 5056 1514 5109 arbitrii
1551 5055 1893 5123 apertissime
1920 5055 2240 5108 ostendunt.

412 5275 456 5307 ³⁸
488 5273 739 5335 ΜθιιὶιΝ,
766 5269 855 5325 39.
931 5269 971 5300 ³¹
1013 5268 1145 5322 Ibid.
1176 5266 1265 5320 22.
1345 5264 1391 5296 ³³
1422 5264 1583 5331 ibid.,
1610 5264 1702 5319 28.
1780 5263 1824 5294 ³³
1858 5262 2046 5319 Matth.
2084 5279 2181 5328 VII,
2209 5262 2281 5315 2/1
2306 5268 2359 5315 et
2386 5272 2567 5326 seqq-
2618 5256 2661 5288 ”
2677 5253 2867 5311 Matth.
2889 5268 3016 5319 xxv,
3052 5248 3251 5312 34,55.
3332 5245 3376 5277 ³³
3406 5242 3596 5300 lauit.

348 5362 471 5411 xxv,
506 5347 597 5400 41.
675 5342 906 5397 ³⁸,ιὶυιιιο
936 5357 996 5405 ιι,
1029 5342 1061 5392 4
1085 5355 1234 5406 seqq.

2022 5496 2147 5547 pax.
2196 5497 2214 5529 1
2273 5476 2457 5542 Editi,
2518 5490 2537 5525 ι
2596 5470 2845 5528 similiter
2880 5473 3054 5519 autem
3101 5469 3155 5516 et
3198 5452 3488 5513 bonoratio
3541 5460 3601 5508 et

2023 5567 2207 5689 mia?)
2236 5616 2340 5689 sic
2390 5627 2518 5689 mss-
2578 5608 2717 5689 εξιιίιί
2744 5646 2790 5689 ν,
2818 5592 3602 5689 περιπίγτξι,ιε.ἔέιῐῖέο.ξ“ἓ;ο

2025 5660 2999 5756 ἐπίσκέῷητναι’τᾶ⁷ἆτεᾷίτῆς’λύσεως.
3036 5672 3094 5725 In
3119 5667 3278 5722 editis
3306 5662 3460 5717 deest
3480 5660 3603 5732 τῆς.

413 5496 523 5567 (24)
566 5495 874 5567 Quicunque
906 5495 1069 5567 irritus
1098 5488 1260 5567 fuerit
1298 5484 1472 5567 fratri.
1497 5498 1763 5567 "taurea:
1813 5483 1913 5535 erit

343 5554 723 5637 judiciujlaee
753 5554 948 5637 desunt
964 5554 1287 5637 inpeditique
1308 5554 1667 5610 Geuebrardi.

413 5636 525 5706 (‘25)
567 5635 643 5688 Ita
673 5630 999 5706 mss.‘rEditi,
1034 5627 1292 5706 ἐναντίον.

415 5694 527 5776 (26)
566 5706 722 5776 Libb.
755 5702 917 5776 editi,
957 5719 975 5752 ι
1013 5700 1093 5752 vel
1137 5700 1323 5776 aitdire
1368 5695 1449 5747 vel
1492 5694 1767 5776 percipere
1807 5706 1918 5776 me:

356 5765 591 5831 ruerunt.
621 5792 640 5826 1
685 5772 827 5828 Infra
860 5765 987 5826 mss.
1013 5809 1028 5832 .
1063 5788 1079 5820 ι
1110 5767 1280 5835 gloria
1319 5778 1493 5819 au1etu
1543 5774 1596 5819 et
1644 5765 1817 5817 honor
1866 5769 1921 5813 et
