4014 6142
386 283 497 340 259

1657 277 1981 335 ORIGENIS
2020 279 2182 341 ΠΕΡΙ
2215 280 2447 334 ΑΡΧΩΝ

3543 287 3651 343 260

387 398 584 458 denter
599 399 888 458 ostendent
911 399 1113 457 habere
1131 411 1230 453 nos
1246 395 1458 452 arbitrii
1478 395 1635 452 liberi
1651 407 1997 468 potestatem.
2017 397 2268 466 Alioquin
2282 397 2614 452 contrarium
2633 405 2778 453 esset
2809 396 2928 454 dari
2951 399 3108 455 nobis
3136 401 3388 456 mandata
3415 416 3481 456 ex
3514 417 3652 473 quo-

389 509 512 552 rum
537 495 620 552 vel
648 497 1034 551 observatione
1057 493 1347 559 salvemur,
1375 492 1460 546 vel
1492 494 1939 562 praevaricatione
1970 494 2317 556 damnentur,
2341 492 2385 546 si
2415 493 2740 548 observandi
2762 509 2824 549 ea
2855 493 3082 550 facultas
3111 495 3160 550 in
3198 496 3354 551 nobis
3388 512 3496 552 non
3539 507 3648 555 est.

462 589 517 643 7.
561 588 761 643 Verum
791 586 1044 656 quoniam
1088 583 1441 638 inveniuntur
1495 585 1548 639 in
1597 584 1729 654 ipsis
1763 585 1963 640 divinis
1993 591 2040 646 Α

390 677 694 750 Scripturis
717 679 956 747 qua-dam
985 676 1145 729 verba
1184 677 1257 729 ita
1288 675 1466 743 posita
1487 715 1501 738 ,
1533 686 1586 729 ut
1629 678 1963 730 contrarium

391 772 574 827 ex‘his
614 769 816 837 aliquid
845 769 1098 822 videatur
1134 767 1363 836 intelligi
1396 782 1589 836 posse;
1623 768 1966 836 proferentes

393 875 459 917 ea
489 861 541 915 in
577 859 811 912 medium
845 867 896 911 et
925 857 1228 912 secundum
1269 858 1486 926 pietatis
1527 858 1766 928 regulam
1796 861 1968 914 disse-

393 961 608 1014 rentes,
667 949 1024 1004 adhibeamus
1060 963 1248 1002 eorum
1293 948 1665 1004 absolutiones
1691 989 1706 1014 ,
1761 965 1870 1018 quo
1899 964 1965 1003 ex

393 1041 481 1097 his
512 1041 700 1111 paucis
732 1056 852 1110 quas
899 1040 1226 1110 exponimus
1253 1038 1400 1110 (98),
1437 1041 1600 1094 etiam
1643 1050 1965 1095 cmterorum

394 1144 515 1200 qua:
563 1129 819 1183 similiter
850 1129 992 1183 dicta
1023 1137 1183 1192 sunt,
1232 1128 1430 1196 quibus
1458 1130 1668 1183 arbitrii
1728 1139 1969 1198 potestas

394 1221 612 1276 videtur
669 1219 930 1283 excludi,
1001 1219 1267 1273 absolutio
1332 1219 1557 1274 evidens
1618 1221 1732 1273 ﬁat.
1801 1219 1970 1288 Igitur

392 1310 833 1380 quamplurimos
876 1320 1095 1362 moveut
1139 1324 1201 1362 ea
1240 1323 1358 1377 qua:
1389 1310 1452 1360 de
1480 1307 1766 1361 Pharaone
1797 1322 1824 1360 a
1859 1309 1969 1362 Deo

392 1401 540 1456 dicta
577 1408 734 1464 sunt,
787 1399 1000 1453 dicente
1052 1397 1395 1468 frequentius
1436 1415 1450 1452 :
1494 1417 1511 1448 ι
1544 1398 1655 1466 Ego
1700 1398 1968 1451 indurabo

391 1505 493 1546 cor
532 1489 831 1545 Pharaonis
856 1489 922 1542 ³⁷.
954 1507 972 1540 ι
1016 1489 1070 1543 Si
1111 1488 1256 1542 enim
1312 1504 1340 1540 a
1397 1488 1505 1541 Deo
1549 1488 1856 1551 induratur,
1905 1495 1955 1540 et

390 1597 493 1653 per
531 1583 634 1636 hoc
666 1579 809 1649 quod
859 1579 1163 1643 iuduratur,
1200 1577 1500 1646 delinquit,
1549 1592 1657 1630 non
1710 1578 1808 1630 sibi
1858 1577 1969 1645 ipse

392 1673 604 1728 exstitit
628 1686 793 1725 causa
821 1672 1024 1726 delicti.
1060 1670 1213 1737 Quod
1237 1670 1280 1722 si
1305 1670 1378 1721 ita
1412 1678 1526 1730 est,
1559 1683 1666 1721 non
1694 1668 1971 1722 videbitur

393 1760 611 1816 Pharao
641 1761 838 1815 habere
881 1759 1092 1813 arbitrii
1143 1757 1302 1828 114
1349 1756 1698 1822 libertatem,
1750 1765 1804 1811 et
1857 1757 1968 1826 jam

394 1860 791 1920 consequenter
861 1863 1141 1905 asscretur
1194 1850 1297 1902 hoc
1375 1848 1622 1916 exemplo
1673 1848 1815 1916 quod
1871 1862 1970 1901 nec

2152 585 2303 636 Ἐπεὶ
2326 584 2384 636 δὲ
2411 585 2491 646 είς
2513 583 2574 636 τὸ
2602 586 2865 651 ἐναντίον,
2906 587 3174 652 τουτέστι,
3207 587 3268 640 τὸ
3295 589 3370 660 μὴ
3401 591 3486 660 ἐφ’
3519 593 3652 663 ἡμῖν

2066 677 2360 744 τυγχάνειν
2391 679 2577 747 τηρεῖν
2623 677 2720 740 τὰς
2752 677 2974 741 ἐντολὰς
3017 681 3111 732 καὶ
3142 679 3408 745 σώζεσθαι
3455 684 3548 736 καὶ
3589 683 3652 737 τὺ

2069 767 2428 838 παραϐαίνειν
2479 768 2649 831 αὐτὰς
2684 769 2778 821 καὶ
2811 769 3175 834 ἀπόλλυσθαι,
3223 777 3470 846 περισπᾷ
3512 777 3653 846 ῥητά

2069 876 2190 912 τινα
2242 859 2350 911 ἀπὸ
2404 860 2502 930 τῆς
2531 860 2770 922 Παλαιᾶς
2819 861 2911 912 καὶ
2947 862 3044 931 τῆς
3083 864 3318 933 Καινῆς,
3357 865 3489 935 φέρε
3543 867 3652 918 ἀπὸ

2073 951 2270 1023 μέρους
2310 953 2405 1004 καὶ
2449 953 2513 1004 ἐκ
2547 951 2749 1005 τούτων
2785 953 3153 1024 παραθέμενοι
3196 954 3517 1026 θεασώμεθα
3553 955 3652 1008 αὺ-

2071 1041 2178 1094 τῶν
2207 1041 2306 1104 τὰς
2355 1041 2568 1104 λύσεις,
2629 1043 2717 1096 ἵνα
2757 1044 2849 1112 ἀφ’
2898 1036 2971 1096 ὧν
3023 1045 3453 1115 παρατιθέμεθα,
3511 1045 3653 1100 κατὰ

2071 1132 2132 1184 τὸ
2163 1133 2344 1201 ὅμοιον
2369 1131 2726 1200 ἐκλεξάμενος
2755 1150 2838 1195 τις
2872 1133 3049 1204 ἐαυτῷ
3078 1135 3347 1192 πάντατὰ
3389 1133 3650 1189 δοκοῦντα

2073 1221 2317 1290 ἀναιρεῖν
2346 1221 2405 1273 τὸ
2438 1220 2802 1285 αὐτεξούσιον,
2835 1223 3197 1294 ἐπισκέψηται
3241 1223 3310 1276 τὰ
3367 1227 3494 1296 περὶ
3550 1225 3650 1295 τῆς

2072 1307 2278 1371 λύσεως
2312 1308 2509 1362 αὐτῶν.
2555 1311 2664 1362 Καὶ
2688 1310 2751 1379 δὴ
2779 1310 3002 1373 πολλοὺς
3024 1311 3278 1382 κεκίνηκε
3306 1313 3374 1365 τὰ
3405 1314 3532 1383 περὶ
3555 1312 3649 1364 τοῦ

2073 1399 2267 1468 Φαραὼ
2289 1400 2418 1470 (‘29),
2442 1417 2502 1452 πε
2514 1401 2565 1471 pl
2594 1393 2653 1452 οῦ
2675 1400 3023 1470 χρηματίζων
3049 1402 3076 1452 ὁ
3107 1402 3238 1466 Θεός
3266 1420 3445 1473 φησιν·
3463 1422 3480 1452 ι
3508 1404 3648 1472 Ἐγὼ

2073 1490 2128 1542 δέ
2151 1490 2433 1560 σκληρυνῶ
2454 1490 2548 1558 τὴν
2566 1491 2789 1560 καρδίαν
2818 1489 3036 1559 Φαραὼ,
3073 1511 3090 1541 ι
3118 1490 3404 1554 πλεονάκις
3427 1507 3443 1520 °
3471 1493 3518 1544 εί
3541 1493 3649 1564 γὰρ

2075 1581 2180 1632 ὑπὸ
2203 1580 2338 1633 Θεοῦ
2364 1580 2718 1652 σκληρύνεται
2747 1581 2840 1634 καὶ
2863 1581 2950 1632 διὰ
2975 1581 3032 1633 τὸ
3058 1581 3448 1652 σκληρύνεσθαι
3479 1584 3652 1653 ἀμαρ-

2074 1671 2222 1724 τάνει
2244 1711 2258 1735 ,
2287 1671 2386 1723 ούκ
2417 1670 2577 1732 αὐτὸς
2617 1668 2793 1738 ἐαυτῷ
2833 1669 2931 1738 τῆς
2961 1669 3234 1740 ἁμαρτίας
3271 1671 3468 1731 αἴτιος·
3504 1671 3552 1720 εί
3591 1669 3650 1721 δὲ

2075 1760 2250 1823 τοῦτο,
2283 1761 2402 1812 οὐδὲ
2429 1759 2773 1822 αύτεξούσιος
2802 1762 2828 1811 ὁ
2861 1758 3078 1830 Φαραώ.
3121 1759 3230 1810 Καὶ
3269 1759 3430 1829 φήσει
3455 1776 3539 1821 τις
3567 1760 3649 1810 ὅτι

2077 1855 2140 1905 ἐκ
2170 1852 2260 1904 τοῦ
2290 1852 2474 1922 ὁμοίου
2519 1853 2567 1903 oi
2617 1850 2973 1921 ἀπολλύμενοι
3003 1851 3099 1902 ούκ
3128 1849 3484 1912 αύτεξούσιοι,
3524 1851 3647 1902 οὐδὲ

394 1945 581 1999 ceteri
606 1945 825 2013 quidem
862 1944 951 2012 qui
980 1951 1229 2012 pereunt,
1263 1955 1328 1994 ex
1353 1941 1566 1995 arbitrii
1597 1941 1677 1994 sui
1713 1940 1967 1994 libertate

2078 1945 2205 2016 παρ’
2248 1945 2454 1997 ἑαυτῶν
2487 1943 2842 1997 ἀπολοῦνται·
2899 1944 2991 1996 καὶ
3042 1945 3098 1995 ἐν
3150 1943 3227 2011 τῷ
3282 1941 3542 2011 Ἰεζεκιὴλ
3594 1941 3651 1993 δὲ

393 2050 615 2090 causam
652 2035 973 2104 perditionis
1004 2033 1296 2100 accipiunt.
1339 2032 1446 2086 Sed
1485 2039 1539 2086 et
1578 2033 1702 2085 illud
1731 2034 1876 2102 quod
1911 2033 1964 2084 in

394 2124 683 2180 Ezechiele
715 2127 915 2180 dictum
940 2136 1052 2191 est,
1086 2139 1206 2178 cum
1239 2123 1368 2177 dicit
1401 2141 1414 2177 :
1453 2142 1471 2174 ι
1493 2123 1747 2176 Auferam
1777 2137 1962 2176 eorum

393 2215 602 2285 lapidea
654 2217 858 2281 corda,
906 2225 960 2269 et
1017 2216 1306 2269 immittam
1360 2217 1440 2269 eis
1495 2229 1734 2276 carnea,
1797 2221 1854 2264 ut
1913 2211 1965 2264 in

394 2306 684 2375 prmeeptis
701 2307 834 2360 meis
856 2305 1130 2370 incedant,
1149 2315 1203 2358 et
1221 2307 1336 2359 vias
1355 2320 1506 2358 meas
1521 2303 1827 2358 custodiant
1844 2303 1921 2366 ’5;
1945 2320 1962 2353 ι

397 2408 619 2449 movere
651 2396 824 2463 possit
873 2397 1108 2464 aliquem
1167 2409 1266 2464 pro
1313 2409 1377 2448 eo
1410 2393 1553 2462 quod
1610 2409 1638 2444 a
1698 2393 1806 2446 Deo
1852 2393 1969 2446 dari

397 2487 639 2552 videtur,
676 2487 757 2540 vel
788 2488 1040 2541 incedere
1084 2487 1136 2539 in
1172 2485 1442 2540 mandatis
1471 2485 1585 2553 ejus
1608 2523 1623 2548 ,
1663 2484 1746 2538 vel
1775 2483 1972 2550 justiti-

395 2581 642 2634 cationes
690 2578 808 2646 ejus
863 2579 1175 2643 custodire;
1234 2578 1430 2646 quippe
1476 2577 1519 2629 si
1571 2575 1684 2644 ipse
1720 2575 1772 2628 id
1829 2577 1970 2644 quod

398 2670 584 2725 obstat
613 2670 680 2722 ad
716 2669 1074 2723 custodienda
1107 2669 1360 2720 mandata
1391 2667 1659 2734 lapideum
1686 2681 1782 2720 cor
1817 2667 1971 2721 aufe-

397 2773 526 2815 rens
549 2800 565 2825 ,
597 2775 693 2814 cor
721 2759 914 2812 melius
940 2768 996 2812 et
1029 2757 1337 2812 sensibilius
1366 2758 1507 2836 qqﬂod
1537 2773 1678 2809 nunc
1715 2770 1970 2810 carnenm

397 2851 730 2912 nominatur,
761 2849 1006 2902 innuittit
1055 2859 1112 2902 et
1149 2848 1358 2902 inserit.
1402 2846 1537 2900 Vide
1579 2857 1756 2899 autem
1807 2847 1971 2899 etiam

399 2941 531 2996 illud
583 2939 726 3009 quod
777 2941 829 2992 in
889 2939 1176 3008 Evangelia
1225 2939 1482 2992 Dominus
1513 2948 1567 2992 et
1601 2938 1861 2991 Salvator
1906 2938 1971 2989 ad

396 3047 497 3088 eos
520 3033 610 3102 qui
659 3032 971 3101 quaerebant
1004 3032 1069 3083 de
1113 3033 1225 3100 ipso
1256 3044 1424 3098 quare
1464 3031 1529 3082 ad
1562 3030 1748 3082 turbas
1791 3029 1842 3081 in
1875 3043 1973 3097 pa-

397 3123 606 3178 rabolis
654 3122 986 3194 loqueretur,
1025 3123 1182 3190 quale
1221 3124 1330 3186 sit,
1385 3123 1462 3174 ait
1507 3122 1648 3172 enim
1687 3138 1700 3174 :
1750 3139 1767 3172 ι
1799 3119 1865 3174 Ut
1897 3121 1976 3172 vi-

397 3214 592 3270 dentes
622 3230 726 3270 non
750 3215 968 3269 videant
989 3223 1045 3267 et
1077 3214 1356 3272 audientes
1387 3227 1491 3265 nou
1526 3212 1745 3265 audiant
1771 3221 1824 3264 et
1869 3227 1972 3266 non

397 3307 697 3378 intelligant
720 3306 855 3377 (50),
887 3321 954 3361 ne
985 3304 1126 3359 forte
1156 3312 1545 3357 convertantur
1579 3313 1634 3355 et
1661 3305 1970 3356 remittatur

397 3400 478 3455 eis
500 3400 563 3454 ”.
592 3419 611 3452 ι
667 3398 772 3453 Sed
801 3409 856 3452 et
893 3398 1021 3451 illud
1054 3397 1195 3465 quod
1225 3412 1254 3450 a
1295 3395 1460 3449 Paulo
1494 3395 1736 3463 apostolo
1767 3395 1966 3448 dictum

397 3497 483 3545 est
520 3489 645 3558 quia
685 3507 704 3540 ι
731 3504 838 3542 non
871 3488 1100 3542 volentis
1128 3527 1142 3550 ,
1179 3501 1352 3555 neque
1381 3486 1650 3540 currentis
1675 3525 1689 3549 ,
1743 3485 1838 3538 sed
1877 3484 1973 3537 mi-

399 3581 632 3636 serentis
658 3589 741 3635 est
774 3579 867 3634 Dei
893 3580 961 3633 ⁸ο.
995 3599 1013 3631 ι
1060 3579 1127 3632 Et
1152 3581 1203 3632 in
1235 3579 1344 3632 alio
1377 3578 1495 3632 loco
1539 3595 1553 3631 :
1605 3596 1622 3629 ε
1650 3575 1716 3631 Ει
1751 3575 1886 3630 velle
1921 3585 1972 3630 ct

397 3673 664 3741 perlicere
707 3687 772 3726 ex
809 3671 920 3726 Deo
969 3681 1053 3725 est
1077 3672 1142 3723 ιι.
1170 3691 1189 3724 ι
1253 3671 1318 3724 Et
1353 3672 1550 3725 iterum
1582 3670 1635 3723 in
1667 3670 1772 3723 alio
1807 3670 1926 3723 loco
1958 3685 1972 3720 :

401 3777 428 3815 ι
457 3760 597 3830 Ergo
644 3761 734 3815 cui
777 3761 895 3814 vult
931 3761 1237 3825 miseretur,
1272 3768 1328 3815 et
1376 3775 1534 3829 quem
1581 3759 1697 3813 vult
1739 3759 1974 3812 indurat.

401 3853 560 3908 Dices
589 3853 769 3920 itaque
797 3854 926 3907 mihi
961 3871 976 3908 :
1008 3853 1146 3920 Quid
1173 3868 1303 3922 ergo
1347 3853 1522 3905 adlmc
1583 3850 1810 3920 culpat?
1871 3847 1977 3900 Vo-

400 3942 598 3996 luntati
633 3943 775 3997 enim
809 3944 925 4012 ejus
951 3945 1071 4012 quis
1115 3943 1365 3997 resistet?
1402 3942 1446 3996 0
1478 3943 1659 4005 homo,
1689 3950 1742 3993 tu
1775 3939 1898 4008 quis
1920 3953 1978 3991 es

401 4033 493 4102 qui
517 4043 710 4088 contra
749 4035 1078 4100 reSpondeas
1115 4033 1271 4088 Deo?
1311 4031 1560 4100 Nunquid
1593 4034 1725 4087 dicit
1756 4032 1978 4098 ﬁgmen-

401 4134 515 4180 tum
552 4125 599 4180 οἰ
633 4125 722 4194 qui
758 4140 817 4179 se
847 4123 1003 4178 finxit
1026 4166 1038 4187 ,
1073 4126 1213 4192 Quid
1243 4141 1325 4179 me
1356 4126 1530 4180 fecisti
1567 4124 1692 4177 sic?
1741 4124 1845 4176 Aut
1874 4137 1978 4174 non

399 4217 561 4272 habet
598 4226 920 4286 potestatem
955 4216 1146 4287 ﬁgulus
1186 4217 1281 4270 luti
1321 4233 1384 4271 ex
1429 4217 1620 4272 eadem
1670 4229 1847 4268 massa
1894 4213 1978 4266 fa-

399 4321 523 4362 cere
549 4322 642 4360 vas
670 4307 813 4360 aliud
847 4305 1064 4375 quidem
1095 4307 1160 4361 ad
1193 4307 1455 4362 honorem
1481 4347 1494 4370 ,
1529 4306 1673 4359 aliud
1703 4317 1879 4359 autem
1915 4304 1979 4356 ad

398 4397 779 4452 contumeliam
798 4398 842 4428 δ’
865 4397 919 4448 ἳ»
966 4397 1092 4452 ΙΙιῐέο
1125 4408 1179 4452 et
1206 4399 1288 4454 his
1314 4399 1508 4454 similia
1544 4413 1650 4451 non
1680 4412 1870 4468 partnu
1901 4397 1983 4449 vi-

2073 2036 2362 2105 λεγόμενον
2406 2035 2491 2087 τόο
2548 2054 2564 2083 ι
2605 2035 2796 2097 Ἐξελῷ
2824 2034 3000 2086 αὐτῶν
3032 2033 3128 2095 τὰς
3156 2032 3362 2095 λιθίνας
3401 2031 3648 2102 καρδίας,

2068 2127 2161 2180 καὶ
2221 2126 2441 2194 ἐμϐαλῶ
2473 2125 2754 2196 σαρκίνας,
2812 2126 2961 2186 ὅπως
3007 2126 3063 2176 ἐν
3117 2127 3228 2186 τοῖς
3269 2121 3650 2195 προστάγμασι

2073 2234 2172 2287 μου
2196 2216 2556 2286 πορεύωνται,
2579 2215 2670 2268 καὶ
2687 2215 2752 2267 τὰ
2778 2211 3128 2283 δικαιώματά
3147 2232 3246 2283 μου
3266 2213 3578 2281 φυλάσσωσι
3595 2253 3611 2276 ,
3626 2230 3645 2263 ι

2073 2309 2288 2378 κινήσαι
2320 2308 2383 2361 ἄν
2412 2324 2531 2359 τινα
2565 2307 2639 2368 ὡς
2681 2304 2775 2357 τοῦ
2803 2304 2939 2356 Θεοῦ
2981 2304 3214 2366 διδόντος
3239 2303 3299 2355 τὸ
3329 2302 3653 2373 πορεύεσθαι

2073 2399 2130 2449 ὲν
2160 2399 2278 2458 ταῖς
2325 2395 2563 2458 ἐντολαῖς
2609 2394 2702 2446 καὶ
2740 2393 3036 2462 φυλάσσειν
3065 2393 3131 2445 τὰ
3173 2391 3550 2462 δικαιώματα,
3592 2391 3654 2444 ἐν

2080 2487 2157 2556 τῷ
2199 2486 2258 2538 τὸ
2296 2486 2582 2555 ἐμποδίζον
2612 2484 3014 2555 ὑπεξῃρηκέναι
3035 2483 3132 2555 τὴν
3171 2483 3376 2553 λιθίνην
3404 2483 3651 2554 καρδίαν,

2075 2579 2166 2631 καὶ
2204 2577 2264 2628 τὸ
2299 2579 2543 2648 κρεῖττον
2574 2574 2931 2627 ἐντεθεικέναι
2965 2574 3062 2644 τὴν
3107 2573 3383 2642 σαρκίνην.
3427 2573 3654 2643 Ἷδωμεν

2075 2671 2132 2724 δὲ
2157 2669 2254 2724 καὶ
2284 2668 2345 2720 τὸ
2371 2671 2434 2720 ἐκ
2465 2667 2556 2719 τοῦ
2595 2665 2928 2734 Εὑαγγελίου
2957 2665 3008 2717 τί
3037 2667 3065 2717 ὁ
3089 2665 3279 2735 Σωτὴρ
3303 2665 3655 2734 ἀποκρίνεται

2076 2761 2212 2832 πρὸς
2259 2761 2385 2822 τοὺς
2434 2757 2769 2827 πυθομένους
2815 2756 2902 2809 διὰ
2953 2756 3008 2809 τί
3061 2757 3118 2808 ἐν
3163 2755 3496 2826 παραϐολαῖς
3542 2756 3656 2818 τοῖς

2075 2851 2287 2911 πολλοῖς
2349 2848 2536 2900 λαλεῖ·
2602 2848 2694 2900 καί
2753 2864 2948 2918 φησιν,
2996 2866 3014 2896 ι
3045 2849 3170 2899 Ἵνα
3225 2847 3510 2916 βλέποντες
3578 2845 3656 2916 μὴ
3707 2837 3709 2839 ’

2077 2939 2336 3010 βλέπωσι,
2388 2940 2479 2992 καὶ
2530 2939 2818 3002 ἀκούοντες
2846 2938 3082 2990 ἀκούωσι
3115 2938 3209 2990 καὶ
3267 2937 3340 3008 μὴ
3391 2937 3651 2989 συνιῶσι’

2079 3033 2152 3103 μή
2215 3049 2343 3084 ποτε
2399 3031 2800 3101 ὲπιστρέψωσι,
2870 3031 2964 3082 καὶ
3016 3029 3344 3100 ἀφεθήσεται
3399 3030 3600 3090 αὐτοῖς.
3631 3047 3649 3079 ι

2082 3125 2202 3176 Ἔτι
2235 3123 2290 3175 δὲ
2318 3125 2412 3176 καὶ
2441 3122 2590 3192 παρὰ
2629 3121 2708 3192 τῷ
2749 3123 2945 3192 Παύλῳ
2970 3122 3058 3174 τό·
3098 3141 3115 3171 ι
3141 3123 3213 3174 Οὐ
3253 3121 3345 3174 τοῦ
3374 3121 3616 3182 θέλοντος
3637 3158 3654 3182 ,

2079 3213 2199 3265 ούδέ
2257 3215 2348 3264 τοῦ
2408 3212 2721 3282 τρέχοντος,
2775 3211 2908 3264 ἀλλὰ
2961 3211 3055 3263 τοῦ
3107 3211 3383 3274 ἐλεοῦντος
3432 3210 3602 3264 Θεοῦο
3632 3229 3650 3261 ι

2077 3305 2169 3357 καὶ
2218 3306 2274 3356 ἐν
2306 3304 2512 3367 ἄλλοις·
2579 3304 2728 3355 (Καὶ
2772 3303 2832 3354 τὸ
2879 3301 3048 3354 θέλειν
3091 3301 3145 3353 δὲ
3196 3301 3289 3354 καὶ
3327 3301 3385 3354 τὸ
3417 3296 3659 3371 ἐνεργεῖν

2077 3396 2141 3447 ἐκ
2173 3395 2264 3447 τοῦ
2311 3395 2445 3447 Θεοῦ
2476 3397 2651 3446 ἐστιν·
2706 3391 2792 3464 ἆρ’
2823 3388 2914 3444 οὖν
2948 3391 3005 3444 ὂν
3049 3391 3190 3443 θέλει
3234 3395 3260 3444 ὁ
3302 3391 3432 3454 Θεὸς
3480 3391 3658 3454 ἐλεεῖ,

2074 3485 2133 3539 ὂν
2178 3485 2234 3538 δὲ
2269 3485 2410 3538 θέλει
2442 3483 2762 3555 σκληρύνει·
2795 3484 2940 3552 ἐρεῖς
2981 3478 3070 3534 οὗν
3105 3500 3231 3552 μοι,
3268 3483 3333 3534 Τί
3385 3482 3462 3534 ἔτι
3521 3482 3661 3552 μέμ-

2078 3594 2270 3645 φεται;
2315 3577 2394 3646 τῷ
2445 3575 2551 3646 γὰρ
2595 3575 2892 3644 βουλήματι
2939 3576 3102 3628 αὐτοῦ
3145 3573 3229 3638 τίς
3277 3573 3653 3642 ἀνθέστηκε;›

2077 3668 2183 3720 Καί
2212 3684 2224 3696 '
2274 3685 2291 3715 σ
2335 3667 2396 3716 Ἥ
2444 3663 2712 3735 πεισμονὴ
2744 3667 2809 3714 ἐκ
2835 3663 2926 3714 τοῦ
2973 3662 3265 3723 καλοῦντος
3318 3661 3408 3713 καὶ
3449 3661 3548 3712 οὐκ
3601 3659 3660 3725 ἐξ

2077 3761 2109 3829 ἠ
2121 3758 2255 3828 μῶν·
2299 3757 2556 3826 μενοῦνγε
2579 3797 2592 3821 ,
2633 3754 2905 3825 ἄνθρωπε,
2941 3755 3002 3806 σὺ
3020 3755 3102 3816 τίς
3138 3748 3245 3806 εἶμὸ
3274 3750 3663 3822 ἀνταποκρινό-

2083 3864 2242 3917 μενος
2275 3846 2351 3916 τῷ
2391 3845 2538 3916 Θεῷς
2571 3845 2643 3915 μὴ
2664 3847 2777 3915 ἐρεῖ
2796 3844 2854 3896 τὸ
2874 3843 3098 3914 πλάσμα
3117 3842 3194 3913 τῷ
3217 3841 3570 3902 πλάσαντι,Τί
3593 3857 3662 3910 με

2084 3937 2346 4007 ἐποίησας
2382 3935 2551 3997 οὕτως
2576 3952 2590 3999 ;
2628 3935 2660 4004 ἢ
2685 3936 2784 3986 οὐκ
2806 3934 2915 4003 ἔχει
2942 3933 3188 3996 ἐξουσίαν
3208 3933 3235 3983 ὁ
3254 3931 3536 4002 κεραμεὺς
3563 3927 3658 3981 τοῦ

2088 4029 2258 4100 πηλοῦ
2286 4031 2349 4081 ἐκ
2379 4027 2471 4079 τοῦ
2503 4025 2665 4078 αὐτοῦ
2718 4025 3036 4095 φυράματος
3086 4025 3338 4093 ποιῆσαι,
3369 4021 3397 4073 ὃ
3444 4021 3540 4091 μὲν
3584 4020 3663 4081 είς

2086 4120 2248 4190 τιμὴν
2279 4117 2502 4180 σκεῦος,
2545 4117 2572 4168 ὃ
2605 4116 2660 4168 δέ
2697 4117 2775 4176 είς
2806 4116 3061 4184 ἀτιμίαν;
3093 4133 3110 4163 ι
3162 4112 3345 4165 Ταῦτα
3384 4109 3492 4180 γὰρ
3539 4107 3662 4162 καθ’

2088 4210 2226 4264 αὐτὰ
2276 4208 2436 4261 ἱκανά
2477 4209 2592 4259 ἐστι
2634 4205 2758 4266 τοὺς
2797 4203 3023 4265 πολλοὺς
3071 4201 3368 4270 ἐκταρὰξαι
3395 4239 3408 4261 ,
3449 4199 3522 4260 ὡς
3551 4195 3661 4268 (51)

2090 4303 2189 4356 οὐκ
2211 4301 2363 4362 ὄντος
2396 4296 2490 4350 τοῦ
2517 4293 2802 4365 ἀνθρώπου
2835 4291 3182 4355 αὐτεξουσίου
3202 4330 3215 4353 ,
3247 4290 3380 4343 ἀλλὰ
3407 4287 3500 4341 τοῦ
3519 4287 3653 4340 Θεοῦ

2091 4392 2354 4458 σώζοντος
2409 4389 2503 4442 καὶ
2551 4385 2878 4447 ἀπολλύντος
2923 4382 3017 4446 οὓς
3067 4382 3134 4434 ἂν
3172 4383 3336 4444 αὐτὸς
3383 4379 3661 4450 βούληται,

399 4489 594 4544 dentur
656 4491 932 4546 deterrere
994 4509 1151 4562 posse
1216 4495 1668 4564 quamplurimas,
1719 4507 1786 4546 ne
1851 4499 2068 4559 putetur
2115 4489 2484 4557 unusquisque
2534 4483 2736 4537 habere
2783 4481 2864 4534 sui
2917 4477 3127 4534 arbitrii
3180 4477 3519 4537 libertatem,
3571 4473 3665 4527 sed

399 4587 541 4654 quod
567 4602 633 4641 ex
663 4587 755 4641 Dei
789 4589 1067 4643 voluntate
1109 4590 1188 4644 vel
1225 4593 1422 4644 salvari
1454 4590 1646 4659 aliquis
1679 4589 1759 4639 vel
1793 4588 1969 4656 perire
2002 4589 2266 4638 videatur.

1639 4674 2203 4732 INTERPRETATIO
2244 4672 2454 4728 NOVA.

471 4772 525 4842 '_l'.
564 4771 668 4828 Sed
701 4775 960 4842 quoniam
994 4776 1046 4830 in
1078 4777 1410 4832 contrarium
1432 4817 1446 4840 ,
1473 4779 1575 4830 hoc
1607 4788 1692 4831 est
1731 4777 1891 4829 nobis
1933 4791 2034 4829 non
2067 4790 2186 4828 esse
2220 4774 2490 4842 integrum
2520 4779 2748 4842 servare
2774 4763 3044 4842 mandata
3097 4769 3152 4814 et
3181 4758 3386 4842 salvari
3410 4800 3425 4824 ν
3457 4757 3661 4842 ﬁl.“

404 4827 796 4916 infringere-et
813 4827 1570 4916 perire:q‘tizellanrveteris
1590 4827 1664 4899 ενι*
1679 4827 1818 4899 Novi
1849 4827 2184 4898 Testamenti
2214 4827 2364 4894 dicta
2388 4838 2678 4915 deﬂectere
2705 4833 2955 4916 viden-tur
2977 4846 3115 4916 page
3143 4840 3196 4884 et
3231 4830 3298 4916 iis
3321 4827 3654 4916 singillatim

401 4899 728 4984 propositis,
761 4899 948 4968 eo'rutn
993 4899 1317 4970 s'oliuima.
1365 4899 1756 4984 inspiciamus,
1792 4925 1849 4966 ιιι
1884 4931 1948 4966 ex
1980 4929 2168 4984 eorum
2203 4926 2322 4978 qua:
2357 4907 2715 4984 proponimus
2747 4901 3129 4984 similitudin
3167 4899 3389 4952 εθιθειῖε
3411 4899 3670 4984 οιιιιιξίιδιιε

399 4966 522 5050 ἧυώ
559 4966 889 5037 libertatein
916 4966 1900 5046 arbitrii-tollere,videntur-{cornut
1949 4966 2273 5036 solutioneiu
2310 4966 2401 5050 qui
2443 4966 2675 5050 voluerit
2702 4972 3017 5050 πεδοῖ-εἰει·
3061 4969 3204 5050 ξίὶηε
3230 4966 3668 5050 (Ιιιξὶιίιιριυτίξηοε

402 5035 620 5122 {novem
641 5066 700 5104 ea
726 5035 934 5120 quzede
959 5035 1997 5122 [intratum—diondtur,dequo—sumius
2017 5035 2345 5122 respondens
2375 5048 2518 5122 ρους
2548 5045 2661 5097 ait:
2701 5035 2718 5092 ἱ
2749 5035 2857 5110 Ego
2881 5041 3143 5122 indurabo
3167 5035 3262 5092 cor
3288 5035 3660 5122 Pharaonjsg

405 5119 462 5190 Si
495 5121 640 5173 enim
677 5137 706 5173 a
743 5116 868 5175 'Deo
897 5124 1206 5189 induratur,
1237 5135 1292 5179 ct
1325 5126 1448 5190 quia
1480 5116 1784 5185 iu'duraiur,
1820 5116 2026 5190 peccat,
2062 5116 2168 5173 non
2201 5121 2313 5186 ipse
2362 5117 2463 5169 sibi
2512 5129 2678 5168 causa
2713 5116 3059 5190 peccati-€51.
3091 5116 3170 5161 5Ῑο
3203 5120 3502 5190 ειθίιυθξιιιί
3525 5116 3670 5190 HV}?

403 5189 638 5244 Pharao.
679 5172 1291 5248 lilinci
2059 5172 2152 5261 qui
2187 5172 2452 5257 pereunt,
2486 5197 2661 5250 neque
2701 5172 2797 5248 per
2830 5195 2890 5232 se
2925 5183 3069 5245 ipsos
3104 5172 3328 5246 perire;
3365 5182 3420 5228 et
3440 5172 3582 5240 quod
3615 5173 3668 5223 in

474 5282 523 5316 ³⁷
560 5284 732 5354 Exod.
767 5301 841 5354 tv,
877 5287 966 5342 21.
1045 5287 1092 5320 ³⁸
1124 5289 1323 5343 Ezech.
1364 5305 1443 5354 st,
1473 5289 1559 5354 19,
1589 5289 1681 5342 20.
1755 5285 1801 5320 ³³
1831 5287 1971 5341 Marc

2078 5301 2107 5351 ν,
2140 5284 2222 5338 l2.
2297 5283 2342 5314 ‘°
2373 5281 2530 5334 Rom.
2569 5291 2648 5340 Ix,
2701 5273 2788 5326 l6.
2865 5271 2908 5302 ¹⁶¹
2937 5271 3139 5340 Philip.
3175 5285 3238 5335 tt,
3270 5268 3357 5323 l3.
3431 5266 3476 5299 δ’
3509 5265 3666 5320 Rom.

402 5367 484 5418 lx,
514 5353 581 5408 18
608 5366 661 5409 et
695 5371 811 5425 seq.

474 5465 586 5548 (ᾂὸ)
628 5467 780 5522 Libb.
822 5467 988 5536 editi,
1022 5464 1429 5534 «exposuimus.
1453 5483 1471 5515 ›
1507 5463 1612 5518 Sed
1641 5479 1796 5527 mss.,
1831 5479 1848 5507 ι
1876 5476 1976 5516 ex-

403 5549 676 5605 ponimus.
706 5556 724 5588 ι

475 5604 587 5676 (9.9)
630 5607 720 5661 Sic
753 5622 882 5660 uiss.
914 5605 1052 5659 Editi
1088 5619 1239 5668 vero,
1277 5605 1407 5676 περὶ
1435 5604 1525 5657 τὸν
1554 5602 1774 5676 Φαραώ.

501 5671 591 5743 50)
632 5677 708 5729 lla
742 5694 868 5730 mss.
901 5677 1056 5732 Libb.
1081 5677 1244 5737 editi,
1283 5695 1302 5726 ‹
1337 5671 1439 5728 non
1479 5671 1704 5728 audiant
1732 5686 1782 5728 et
1819 5671 1975 5726 intel-

408 5741 600 5813 ligant.
621 5762 640 5796 ι
670 5743 876 5801 {bidem
907 5760 1064 5813 mss.,
1097 5765 1114 5798 ι
1139 5748 1233 5802 sed
1264 5756 1318 5802 et
1345 5745 1474 5804 illud
1507 5746 1648 5818 quod
1679 5761 1708 5800 a
1738 5745 1926 5801 Paulo.
1951 5761 1969 5794 ι

2086 5461 2240 5515 Libb.
2268 5461 2419 5524 editi,
2457 5478 2475 5511 ‹
2505 5457 2597 5511 sed
2635 5465 2689 5510 et
2716 5454 2842 5508 illud
2867 5453 3142 5524 quondam
3173 5449 3467 5524 aAPaule.»
3501 5442 3673 5524 Paulo

2087 5541 2206 5599 post
2244 5515 2451 5596 mss.,}
2479 5528 2605 5595 quid
2641 5541 2770 5599 ergo
2796 5515 2979 5599 adhuc
3006 5521 3229 5592 culpat?
3254 5538 3273 5572 ι
3319 5519 3476 5573 Libb.
3501 5515 3669 5580 editi,

2093 5597 2110 5650 ι
2135 5601 2264 5668 quid
2291 5615 2420 5668 ergo
2445 5598 2937 5668 adhucﬂculpauutr
2959 5597 3031 5668 '!_t

2155 5659 2264 5740 (51)
2305 5659 2554 5740 luwlibb.
2577 5659 2759 5740 editis:
2780 5666 2954 5740 tlee_st_
2978 5662 3071 5724 ὡς.
3138 5659 3340 5740 Ρθιιιοι
3359 5665 3492 5740 ροειΙ
3511 5667 3672 5724 mss.,

2085 5723 2338 5814 περιῖίεοῡ
2370 5735 2588 5808 Φαραώ.
2632 5733 2787 5791 Libb.
2823 5733 2999 5798 editi,
3032 5723 3160 5800 περὶ
3188 5730 3276 5782 τὸν
3307 5723 3527 5798 Φαραώ.
