4014 6142
373 395 482 451 263

1635 389 1959 447 ORIGENIS
1990 393 2149 446 ΠΕΡΙ
2175 393 2411 446 ΑΡΧΩΝ

3521 395 3630 452 264

375 516 587 572 ratione
610 513 676 568 ad
703 515 1055 584 perditionem
1077 517 1322 574 veniunt,
1341 508 1452 578 jam
1503 523 1615 562 non
1665 510 2008 577 naturaliter,
2041 513 2132 565 sed
2158 526 2225 565 ex
2257 508 2630 588 accidentibus
2659 515 2913 580 pereunt.
2941 509 3094 566 Tunc
3130 509 3326 566 deinde
3347 511 3513 569 dicite
3540 530 3627 570 no-

379 609 484 669 bis.
535 623 766 678 quorum
828 608 1112 661 miseretur
1162 603 1340 658 Deus?
1390 601 1590 672 Nempe
1642 619 1833 659 eorum
1889 607 1981 674 qui
2044 605 2288 660 salvandi
2345 615 2490 660 sunt.
2544 605 2613 660 Et
2662 605 2716 659 in
2765 621 2873 675 quo
2911 606 2999 661 isti
3040 609 3280 662 secunda
3319 608 3628 667 misericor-

374 705 463 759 dia
497 702 608 776 (35)
649 702 893 782 indigent
918 700 1010 770 qui
1042 698 1212 754 semel
1239 699 1489 754 salvandi
1547 707 1671 753 sunt
1729 714 1826 768 per
1854 699 2014 770 116
2059 708 2332 764 naturam,
2377 707 2430 754 et
2460 700 2527 754 ad
2565 700 2962 755 beatitudinem
3013 701 3242 754 veniunt
3289 701 3634 770 naturaliter,
3669 775 3675 782 _

374 801 478 856 nisi
515 800 641 868 quia
674 797 837 852 etiam
871 810 936 849 ex
975 795 1059 848 his
1089 794 1419 857 ostenditur,
1462 794 1605 862 quod
1640 793 1766 860 quia
1797 795 1969 862 perire
1997 809 2092 849 eos
2143 793 2397 862 possibile
2423 802 2559 858 erat,
2590 793 2798 848 idcirco
2820 792 3249 847 misericordiam
3298 808 3634 863 consequun-

377 905 483 960 tur,
515 903 576 947 ut
608 905 703 959 per
737 891 836 944 hoc
879 903 985 944 non
1043 897 1291 958 pereant,
1354 887 1450 942 sed
1493 887 1711 942 veniant
1770 889 1837 942 ad
1904 888 2130 943 salutem
2175 898 2228 944 et
2263 890 2474 958 piorum
2529 903 2693 958 regna
2737 889 3081 958 possideant?
3148 887 3218 944 Et
3263 888 3376 944 hac
3414 891 3626 960 quidem

374 989 512 1042 dicta
540 987 646 1040 sint
673 985 934 1038 adversus
966 998 1060 1038 eos
1088 983 1178 1051 qui
1210 993 1433 1038 naturas
1478 983 1650 1038 bonas
1694 983 1777 1037 vel
1837 983 2025 1048 malas,
2064 984 2117 1038 id
2177 995 2260 1040 est
2299 995 2564 1048 terrenas,
2597 985 2685 1040 vel
2713 984 2984 1053 spiritales
3021 986 3409 1040 commentitiis
3439 987 3636 1044 fabulis
3681 1054 3686 1055 ί

373 1081 742 1144 introducunt,
767 1093 833 1132 ex
876 1078 1074 1147 quibus
1109 1076 1232 1131 ﬁeri
1273 1077 1480 1144 dicunt,
1553 1087 1611 1131 ut
1658 1079 1740 1133 vel
1792 1079 2033 1134 salvetur
2064 1079 2456 1151 unusquisque,
2496 1080 2579 1135 vel
2610 1089 2818 1148 pereat.

441 1173 494 1230 9.
545 1172 696 1226 Nunc
731 1185 860 1225 vero
905 1171 1338 1241 respondendum
1394 1179 1476 1225 est
1515 1173 1678 1226 etiam
1724 1174 1809 1228 his
1849 1174 1938 1243 qui
1969 1179 2018 1234 Α

368 1266 536 1318 Deum
581 1264 714 1333 legis
739 1263 944 1332 justum
977 1265 1354 1320 tantummodo
1383 1263 1590 1327 volunt,
1638 1280 1742 1319 non
1775 1265 1939 1318 etiam

370 1355 590 1419 bonum,
621 1358 892 1425 quomodo
935 1365 1127 1426 putent
1172 1373 1200 1410 a
1235 1358 1345 1411 Deo
1390 1357 1633 1411 indurati
1665 1370 1761 1409 cor
1804 1355 1944 1408 Pha-

369 1448 583 1510 raonis,
626 1448 756 1516 quid
795 1447 1022 1500 faciente
1055 1447 1279 1514 velqttid
1313 1447 1706 1516 prospiciente?
1743 1445 1943 1502 Obser-

368 1540 581 1594 vandus
605 1551 690 1593 est
716 1541 862 1593 enim
895 1553 1218 1608 prospecuts
1253 1549 1307 1594 et
1335 1540 1562 1593 intuitus
1595 1539 1710 1605 Dei,
1747 1554 1942 1592 secun-

369 1630 495 1682 dum
533 1644 629 1683 nos
656 1631 872 1698 quidem
904 1629 1030 1696 iusti
1064 1640 1118 1684 et
1147 1631 1297 1692 boni,
1320 1632 1618 1684 secundum
1644 1632 1790 1697 ipsos
1815 1643 1941 1682 vero

361 1718 492 1784 justi
552 1722 951 1774 tantummodo.
1000 1721 1066 1775 Et
1123 1723 1410 1776 ostendant
1465 1722 1620 1776 nobis
1671 1720 1940 1789 quomodo

371 1807 509 1863 Deus
535 1823 697 1876 quem
736 1809 918 1877 utique
950 1820 1004 1863 et
1034 1810 1131 1879 ipsi
1153 1809 1360 1879 justum
1393 1810 1650 1875 fatentur,
1686 1809 1829 1876 juste
1865 1807 1941 1861 fa-

366 1899 476 1952 ciat
507 1915 600 1954 cor
631 1900 868 1954 hominis
900 1901 1164 1964 i-ndurari,
1220 1910 1281 1954 ut
1322 1916 1386 1954 ex
1425 1901 1540 1969 ipsa
1585 1900 1936 1954 induratione

369 2000 556 2058 peccet
586 2000 642 2044 et
691 2001 897 2060 pereat.
927 1991 992 2046 Et
1025 1993 1296 2060 quomodo
1346 1992 1399 2045 in
1449 1993 1552 2046 hoc
1605 1993 1696 2045 Dei
1729 1989 1940 2058 justitia

364 2083 708 2146 defendetur,
762 2084 805 2137 si
839 2084 952 2152 ipse
1001 2085 1080 2138 eis
1129 2098 1292 2138 causa
1339 2083 1657 2151 perditionis
1702 2084 1939 2147 exsistit,

363 2189 502 2245 quos
530 2191 625 2244 pro
653 2191 716 2230 eo
749 2175 887 2244 quod
923 2177 1119 2230 duritie
1155 2175 1418 2230 increduli
1463 2174 1791 2238 exstiterint,
1827 2175 1941 2241 ipse

364 2269 706 2337 postmodum
772 2269 972 2336 judicis
1023 2267 1343 2322 auctoritate
1406 2267 1726 2320 damnavit?
1788 2265 1930 2332 Quid

363 2359 527 2412 etiam
580 2359 756 2427 culpat
801 2374 925 2414 eum
969 2359 1155 2414 dicens
1192 2377 1204 2410 :
1250 2377 1269 2410 ι
1315 2358 1393 2411 Tu
1437 2365 1616 2413 autem
1667 2359 1922 2426 quoniam

362 2465 468 2504 non
500 2449 580 2504 vis
610 2450 879 2504 dimittere
920 2450 1170 2520 populum
1197 2464 1375 2503 meum
1410 2447 1545 2520 ('56),
1571 2462 1699 2503 ecce
1728 2463 1923 2516 percu-

364 2539 493 2591 tiam
518 2540 699 2592 omnia
737 2540 1010 2608 primitiva
1043 2540 1095 2592 in
1122 2537 1380 2608 Egypto,
1415 2539 1578 2593 etiam
1605 2537 1936 2605 primitivum

367 2627 631 2692 tuum“;
687 2647 706 2679 ι
761 2637 814 2682 et
866 2644 1208 2697 quaecunque
1265 2628 1368 2680 alia
1428 2627 1630 2694 scripta
1664 2635 1792 2681 sunt
1842 2641 1938 2696 per

361 2717 604 2789 Moysem
636 2719 776 2772 dicta
812 2733 931 2773 esse
972 2735 1000 2772 a
1032 2720 1140 2774 Deo
1170 2721 1236 2773 ad
1285 2718 1669 2774 Pharaonem?
1704 2717 1935 2774 Necesse

358 2818 442 2863 est
474 2809 616 2862 enim
649 2823 860 2863 omnem
890 2810 981 2879 qni
1030 2825 1159 2864 vera
1198 2811 1394 2863 asserit
1424 2823 1485 2864 ea
1529 2824 1649 2878 quae
1682 2808 1737 2862 in
1781 2807 1931 2864 Scri-

357 2899 532 2968 [turis
582 2897 912 2962 referuntur,
949 2908 1004 2953 et
1042 2901 1333 2954 ostendere
1393 2899 1511 2953 vult
1554 2900 1766 2968 justum
1811 2913 1934 2954 esse

2125 1175 2528 1247 Ἐπαπορητέον
2557 1175 2614 1228 δὲ
2647 1176 2782 1247 πρὸς
2805 1175 2932 1238 τοὺς
2963 1176 3282 1246 νομίζοντας
3314 1178 3632 1248 νενοηκέναι

2040 1270 2122 1331 τὸ,
2165 1284 2181 1317 t
2215 1265 2593 1338 ἐσκλήρυνερ»
2631 1269 2682 1321 τί
2707 1267 2908 1338 δήποτε
2946 1268 3161 1336 λέγουσι
3198 1269 3288 1321 τὸν
3321 1269 3452 1322 Θεὸν
3480 1271 3634 1342 ἐνερ-

2039 1356 2238 1426 γοῦντα
2266 1356 2587 1426 σκληρύνειν
2610 1357 2854 1427 καρδίαν,
2882 1357 2974 1410 καὶ
2993 1357 3046 1409 τί
3069 1357 3455 1428 προτιθέμενον
3469 1358 3630 1413 τοῦτο

2042 1452 2230 1501 ποιεῖν.
2255 1448 2605 1519 Τηρείτωσαν
2640 1451 2748 1519 γὰρ
2788 1450 2882 1501 καὶ
2922 1447 3132 1501 ἔννοιαν
3159 1448 3312 1511 Θεοῦ,
3352 1451 3495 1503 κατὰ
3529 1451 3630 1521 μὲν

2040 1541 2099 1593 τὸ
2130 1540 2278 1607 ὑγιὲς
2304 1539 2510 1592 δικαίου
2539 1539 2634 1591 καὶ
2657 1537 2884 1606 ἀγαθοῦ·
2919 1540 2966 1591 εἰ
3001 1538 3058 1591 δὲ
3096 1539 3169 1610 μὴ
3203 1539 3503 1608 βούλονται,
3531 1542 3628 1594 ἐπὶ

2039 1631 2130 1684 τοῦ
2163 1631 2425 1704 παρόντος
2457 1631 2635 1692 αὐτοῖς
2659 1629 3115 1700 συγκεχωρήσθω,
3141 1628 3370 1682 δικαίου·
3399 1633 3492 1683 καὶ
3523 1648 3630 1684 πα-

2043 1723 2464 1795 ραστησάτωσαν
2497 1722 2613 1785 πῶς
2641 1723 2669 1773 6
2705 1721 2906 1790 ἀγαθὸς
2932 1722 3026 1774 καὶ
3055 1721 3281 1787 δίκαιος,
3309 1723 3342 1793 ἢ
3373 1725 3400 1774 6
3422 1722 3629 1786 δίκαιος

2043 1816 2200 1884 μόνον
2226 1813 2472 1881 φαίνεται
2498 1812 2724 1875 δίκαιος,
2752 1811 3065 1882 σκληρύνων
3087 1813 3314 1883 καρδίαν
3338 1812 3430 1865 τοῦ
3459 1812 3546 1864 διὰ
3567 1811 3630 1864 τὸ

2041 1902 2430 1972 σκληρύνεσοαι
2474 1902 2866 1972 ἀπολλυμένου,
2907 1902 2999 1954 καὶ
3032 1901 3148 1964 πῶς
3181 1902 3432 1964 ὁδῖκαιος
3456 1902 3628 1965 αἴτιος

2041 1993 2314 2054 ἀπωλείας
2351 1993 2555 2060 γίνεται
2600 1993 2693 2046 καὶ
2729 1993 3015 2056 ἀπειθείας
3054 1992 3162 2046 τῶν
3195 1994 3286 2045 ὑπ’
3336 1992 3498 2045 αὐτοῦ
3538 1991 3628 2045 διὰ

2038 2085 2098 2138 τὸ
2131 2082 2526 2154 σκληρύνεσθαι
2556 2083 2649 2136 καὶ⁸
2677 2083 2918 2137 ἀπειθεῖν
2948 2083 3095 2154 αὐτῷ
3136 2083 3532 2154 κολαζομένων.
3561 2083 3628 2136 Τί

2038 2174 2094 2227 δὲ
2114 2173 2262 2243 αὐτῷ
2293 2172 2382 2224 καὶ
2424 2172 2697 2242 μέμφεται
2729 2171 2920 2240 λέγων’
2957 2191 2974 2223 ι
3013 2173 3085 2224 Σὺ
3111 2173 3254 2225 δὲού
3293 2172 3470 2242 βούλει
3501 2171 3626 2236 ἐξα-

2041 2263 2314 2314 ποστεῖλαι
2335 2262 2426 2315 τὸν
2453 2262 2579 2315 λαόν
2608 2279 2727 2333 μου’
2763 2262 2870 2314 ἰδοὺ
2902 2261 3126 2326 πατάξω
3159 2263 3336 2316 πάντα
3362 2263 3431 2317 τὰ
3471 2282 3624 2336 πρω-

2039 2353 2234 2406 τότοκα
2269 2355 2328 2406 ὲν
2360 2354 2643 2426 Αἰγύπτῳ,
2674 2354 2768 2408 καὶ
2799 2357 2887 2408 τὸν
2937 2356 3277 2426 πρωτότοκον
3309 2373 3420 2409 σου·
3464 2376 3482 2410 ι
3533 2358 3628 2411 καὶ

2038 2441 2138 2496 ὅσα
2190 2440 2324 2494 ἄλλα
2356 2441 2766 2514 ἀναγέγραπται
2801 2443 2876 2505 ὼς
2925 2443 3019 2496 τοῦ
3069 2444 3203 2496 Θεοῦ
3245 2443 3491 2513 λέγοντος
3536 2445 3626 2499 διὰ

2043 2529 2288 2594 Μωσέως
2323 2529 2398 2600 τῷ
2426 2531 2658 2601 (Papam;
2702 2533 3021 2599 Ἀναγκαῖον
3055 2531 3164 2604 γὰρ
3188 2533 3277 2586 τὸν
3301 2534 3624 2588 πιστεύοντα

2041 2620 2121 2674 ὅτι
2151 2621 2370 2692 ἀληθεῖς
2396 2624 2449 2675 αἱ
2478 2623 2688 2694 Γραψαὶ
2711 2624 2805 2676 καὶ
2825 2623 2906 2676 ὅτι
2930 2625 2958 2676 6
2984 2623 3115 2686 Θεὸς
3143 2624 3371 2689 δίκαιος,
3403 2625 3498 2679 ἐὰν
3533 2626 3623 2678 εύ-

2040 2717 2314 2785 γνωμονῇ,
2346 2713 2704 2782 ἀγωνίζεσθαι
2732 2713 2848 2776 πῶς
2875 2715 2933 2766 ὲν
2966 2713 3244 2778 τοιαύταις
3285 2713 3463 2780 λέξεσι
3491 2733 3624 2789 τρα-

2041 2803 2144 2867 νῶς
2169 2803 2372 2868 δίκαιος
2415 2805 2602 2875 νοηθῇ.
2652 2806 2714 2857 Εἰ
2752 2805 2848 2876 μὲν
2881 2805 2988 2876 γὰρ
3037 2804 3497 2877 ἀπογραψάμενος
3539 2823 3622 2869 τις

1983 2899 1985 2902 ⁴
2040 2897 2218 2966 γυμνῇ
2262 2898 2326 2965 τῇ
2366 2893 2574 2964 κεφαλῇ
2618 2893 2803 2947 ἵστατο
2833 2897 2967 2966 πρὸς
2993 2895 3054 2948 τὸ
3091 2895 3326 2967 πονηρὸν
3355 2891 3493 2949 εἶναι
3531 2895 3622 2950 τὸν

361 2988 528 3041 Deum
557 2988 691 3056 legis
723 2999 779 3042 et
817 2990 1228 3060 prophetarum,
1263 3003 1359 3058 pro
1396 2989 1480 3043 his
1525 2989 1780 3044 omnibus
1822 2989 1935 3042 red-

2040 2985 2385 3057 δημιουργὸν,
2409 2984 2581 3039 ἄλλων
2611 2985 2717 3038 ἔδει
2742 2985 2914 3054 λόγων
2939 2985 3075 3056 πρὸς
3105 2985 3288 3039 αὐτόν.

357 3083 488 3138 dere
544 3085 833 3150 rationem,
898 3086 1168 3153 quomodo
1212 3099 1310 3153 per
1337 3082 1440 3138 hoc
1500 3084 1638 3138 nihil
1695 3098 1919 3152 prorsus
1972 3082 2198 3151 jnstitia:
2247 3080 2338 3132 Dei
2390 3082 2703 3148 derogetur;
2764 3080 3021 3150 quoniam
3077 3081 3205 3134 licet
3248 3081 3445 3136 bonum
3496 3095 3618 3135 eum

356 3185 572 3246 negent,
595 3177 801 3246 justum
840 3187 1016 3230 tamen
1063 3185 1118 3230 et
1166 3174 1406 3242 judicent
1441 3184 1497 3228 et
1547 3174 1732 3228 mundi
1774 3183 2073 3228 creatorem
2111 3171 2373 3226 fateantur.
2431 3170 2588 3225 Alius
2619 3171 2763 3225 enim
2826 3172 3193 3241 responsionis
3228 3174 3362 3229 ordo
3406 3181 3491 3230 est
3523 3174 3620 3229 ad-

355 3286 545 3328 versus
574 3287 668 3329 eos
692 3271 788 3342 qui
816 3271 1130 3342 malignum,
1168 3271 1222 3326 id
1264 3281 1347 3326 est
1393 3269 1690 3336 diabolum,
1743 3269 1927 3323 mundi
1961 3267 2119 3337 hujus
2151 3278 2402 3321 asserunt
2429 3275 2751 3321 creatorem.

1586 3487 2149 3546 INTERPRETATIO
2188 3488 2397 3544 NOVA.

353 3669 564 3732 natura:
591 3671 781 3725 dicunt
809 3669 976 3724 fuisse
998 3668 1334 3724 Pharaonem
1356 3668 1638 3741 ,__ideoque
1662 3668 1972 3741 induratum
2011 3666 2182 3741 fuisse
2208 3683 2238 3721 a
2269 3668 2378 3741 Deo
2402 3668 2496 3741 qui
2525 3667 2802 3736 Spiritales
2847 3669 3143 3724 miseratur
3174 3681 3228 3724 et
3250 3680 3494 3725 terrenos
3521 3676 3606 3741 in.

353 3751 533 3800 durat.
565 3741 853 3795 Videamus
881 3755 1011 3808 ergo
1052 3741 1306 3808 quidnam
1347 3738 1450 3792 sibi
1496 3737 1685 3792 velint.
1729 3737 2045 3808 Quaaremus
2085 3738 2334 3808 enimah
2366 3739 2446 3808 eis
2483 3753 2550 3790 an
2594 3749 2824 3808 terrena:
2874 3747 3080 3792 natura;
3108 3749 3253 3793 esset
3291 3741 3521 3796 Pharao.
3551 3739 3609 3798 Si

356 3815 527 3869 fuisse
552 3807 1241 3877 respondeant,’dicemus,
1281 3809 1375 3878 qui
1409 3817 1638 3878 terrena:
1675 3819 1882 3860 naturae
1912 3807 2170 3878 sit,_e_t_tm
2206 3807 2519 3878 plane_Deo
2562 3807 2840 3878 resistere.
2885 3808 2938 3861 Si
2975 3817 3153 3861 autem
3197 3810 3420 3873 resistit,
3481 3811 3609 3878 quid

350 3898 486 3952 opus
520 3891 603 3958 est
624 3874 739 3947 ejus
768 3893 863 3932 cor
889 3879 1129 3958 indurari
1149 3918 1163 3941 ,
1189 3874 1366 3958 neqite
1395 3878 1448 3929 id
1472 3877 1660 3958 semel,
1690 3878 1781 3958 sed
1811 3875 2043 3958 sapius?
2065 3875 2172 3929 Nisi
2205 3876 2350 3958 quod
2380 3874 2540 3939 forte,
2581 3877 2836 3956 quoniam
2871 3877 2987 3930 fieri
3017 3887 3227 3944 poterat
3258 3890 3313 3932 ut
3337 3874 3608 3958 obediret,

351 3945 404 4006 ei
428 3945 664 4006 omnino
695 3956 773 4000 tot
805 3948 1066 4016 prodigiis
1093 3957 1145 4000 et
1177 3945 1348 4017 signis
1380 3947 1659 4016 perculsus
1687 3948 2179 4017 obtemperaturus
2211 3945 2424 4017 fuisset,
2472 3954 2658 4012 utpote
2700 3946 2924 4017 minime
2954 3955 3227 4011 terrenus,
3261 3949 3355 4017 sed
3385 3963 3450 4002 eo
3485 3965 3605 4003 am-

350 4013 814 4091 pliusJ-esislente'
834 4013 1027 4091 egebat
1048 4018 1189 4091 Deus
1221 4013 1279 4068 ut
1309 4013 1396 4091 ad'
1416 4017 1704 4091 multorum
1739 4013 2432 4091 saluteturmagnitudinem
2477 4029 2630 4068 suam
2663 4015 2997 4091 ostenderet,
3030 4017 3150 4091 ideo
3174 4032 3272 4091 cor
3298 4015 3414 4083 ejus
3444 4018 3605 4074 indu-

351 4083 456 4144 i-at.
497 4088 622 4142 llaec
649 4083 890 4152 primum
935 4087 1079 4138 dicta
1121 4085 1225 4139 sint
1258 4085 1324 4137 ad
1366 4086 1715 4153 evertendum
1770 4085 1818 4137 id
1851 4083 1992 4153 quod
2035 4083 2123 4136 isti
2158 4084 2478 4152 opinantur,
2518 4094 2725 4153 natura:
2760 4084 2924 4139 fuisse
2961 4086 3187 4153 perditae
3215 4085 3550 4142 Pharaonem
3585 4105 3604 4144 :

352 4161 604 4226 idemque
637 4151 701 4209 de
727 4155 968 4222 Apostoli
1002 4155 1142 4208 dicto
1166 4152 1598 4226 respondendum
1624 4162 1709 4205 est
1735 4153 1884 4226 ipsis.
1911 4151 2060 4226 Quos
2085 4151 2230 4206 enim
2260 4154 2477 4226 indurat
2503 4153 2678 4226 Deus?
2696 4151 3060 4226 Pet'ditosqtti
3078 4154 3363 4226 obedircnt
3395 4167 3601 4221 tamen,

352 4230 456 4283 nisi
493 4221 916 4292 iitduraretitur;
954 4234 1045 4277 aut
1079 4235 1226 4276 certe
1255 4221 1566 4292 salvandos,
1602 4225 1746 4287 quod
1784 4236 1887 4274 non
1917 4225 2027 4274 sint
2069 4230 2272 4275 natura:
2308 4223 2554 4290 perditae.
2592 4223 2739 4287 Quos
2773 4237 2899 4276 vero
2929 4221 3265 4278 miseratur?
3287 4224 3367 4277 Att
3399 4227 3609 4278 satran-

346 4299 479 4354 dos?
522 4296 628 4351 Sed
673 4295 802 4363 quid
835 4290 971 4362 opus
1015 4301 1098 4363 est
1132 4291 1365 4363 secunda
1410 4290 1762 4363 miseratione
1790 4292 1927 4363 ipsis
1951 4292 2043 4360 qui
2090 4294 2255 4345 semel
2288 4306 2388 4363 per
2423 4301 2670 4363 naturam
2705 4292 2948 4346 salvandi
2989 4301 3135 4355 sunt,
3179 4302 3233 4347 et
3265 4293 3606 4350 beatitudine

348 4366 610 4436 potituri?
645 4360 768 4436 Nisi
810 4360 949 4416 forte
983 4361 1132 4436 quia
1159 4361 1368 4436 sublata
1409 4360 1776 4436 misericordia
1820 4361 1996 4427 perire
2042 4371 2297 4436 possunt,
2339 4361 2460 4414 ideo
2499 4361 2926 4436 misericordiam
2977 4372 3410 4436 consequuntur,
3455 4373 3510 4436 ut
3546 4367 3598 4418 in

347 4429 723 4506 perditionem,
758 4434 1008 4506 iu__quam_
1033 4429 1266 4483 incidere
1295 4437 1516 4498 queunt,
1554 4445 1660 4483 non
1691 4429 1990 4494 incurrant,
2032 4431 2124 4484 sed
2149 4431 2256 4484 sint
2288 4431 2338 4483 in
2370 4445 2558 4485 eorum
2581 4431 2673 4501 qui
2705 4431 2984 4485 salvantur
3019 4429 3261 4501 regione.
3282 4432 3459 4501 Atque
3488 4432 3604 4488 ιλιι-ο

347 4498 609 4560 adversus
645 4498 762 4556 illas
787 4498 932 4553 dicta
965 4498 1098 4551 sint.

415 4576 470 4628 9.
503 4571 858 4637 Quaerendum
889 4578 1070 4620 autem
1117 4575 1200 4622 est
1229 4568 1300 4638 ab,
1346 4567 1412 4621 iis
1436 4566 1527 4634 qui
1558 4567 1711 4638 illud,
1747 4586 1766 4619 ι
1816 4567 2109 4631 induravit,
2159 4586 2180 4620 ι
2218 4568 2522 4638 intelligere
2561 4567 2663 4623 sibi
2703 4569 2978 4632 videntur,
3026 4569 3156 4638 quid
3189 4569 3374 4624 dicant
3417 4585 3447 4622 a
3493 4571 3606 4626 Deo

343 4642 508 4703 eﬂici,
538 4643 666 4709 quid
697 4638 991 4709 provideri,
1024 4650 1150 4709 cum
1180 4651 1272 4688 cor
1293 4637 1861 4709 induraLObservent
1889 4639 2030 4690 enim
2065 4639 2171 4709 ‘Dei
2215 4637 2534 4709 notiotiem,
2558 4654 2616 4692 re
2642 4641 2857 4706 quidem
2891 4653 3019 4691 vera
3044 4637 3189 4707 justi
3216 4649 3271 4691 et
3297 4641 3444 4703 boni,
3488 4653 3602 4706 aut,

337 4713 388 4767 si
424 4705 713 4772 noluerint,
740 4717 796 4761 et
819 4717 887 4777 ut
915 4708 1015 4760 hoc
1046 4705 1129 4777 eis
1161 4707 1703 4777 nunc___concedatur,
1754 4710 2018 4760 duntaxat
2058 4706 2212 4774 justi,
2250 4719 2302 4761 et
2345 4705 2940 4777 ostendant’quomodo
2971 4705 3144 4763 bonus
3184 4718 3237 4760 et
3270 4709 3471 4776 justus,
3515 4705 3603 4763 vel

325 4781 520 4850 justus
546 4788 775 4850 tantum,
811 4776 988 4842 justus
1010 4774 1277 4850 videatur,
1307 4774 1452 4827 illius
1489 4789 1583 4850 cor
1611 4777 1880 4850 induratis
1908 4777 2020 4844 qui,
2046 4779 2188 4850 quod
2220 4779 2505 4850 induratus
2537 4779 2627 4842 sit,
2651 4774 2825 4850 perit;
2854 4779 3215 4850 etrquomodo
3229 4774 3410 4850 justus
3433 4794 3594 4832 causa

329 4844 416 4904 :sit
443 4849 693 4915 interitus
723 4856 778 4898 et
809 4844 1168 4915 contumacia;
1195 4844 1280 4907 iis,
1307 4859 1464 4912 quos,
1489 4847 1612 4912 quia
1647 4846 1883 4897 indurati
1926 4844 2146 4899 suntet
2180 4849 2278 4915 ipsi
2308 4844 2850 4915 restiterunt,’punit.
2884 4844 3023 4912 Quid
3048 4863 3172 4901 vero
3206 4844 3282 4902 illi
3311 4859 3598 4903 succenset

327 4920 565 4972 .dicens:
601 4937 619 4968 ι
648 4914 726 4968 Tu
763 4923 942 4988 autem
973 4928 1078 4965 non
1122 4913 1202 4968 vis
1231 4915 1503 4967 dimittere
1547 4915 1817 4988 populum_
1850 4929 2064 4988 meum;
2104 4913 2234 4988 ecce
2261 4916 2581 4988 percutiam
2624 4913 2806 4970 onum
2837 4919 3213 4988 primogenita
3249 4923 3300 4971 in
3342 4915 3599 4988 (Egypto,

328 4989 502 5041 etiam
531 4984 950 5055 primogenitum
985 4993 1172 5055 tuum;
1222 5001 1242 5034 ι
1290 4993 1344 5036 et
1389 4997 1725 5050 quaecunque
1754 4983 1856 5055 alia
1885 4984 1957 5055 _in
2005 4983 2304 5052 Scripturis
2335 4987 2442 5039 Deo
2473 4987 2784 5040 tribuuntur
2827 4983 3166 5041 Pharao—nem
3211 5003 3308 5055 per
3354 4983 3597 5055 liluj'sem

333 5052 678 5125 alloquenti?
705 5053 937 5125 Necesse
966 5053 1219 5125 enimest
1247 5063 1304 5106 ut
1327 5068 1418 5122 qui
1450 5067 1605 5125 veras
1627 5052 2170 5125 esse‘Scripturaset
2201 5056 2364 5108 Deum
2392 5055 2597 5120 justum
2637 5057 2830 5117 credit,
2861 5056 2906 5108 si
2942 5057 3080 5110 bona
3107 5055 3176 5108 sit
3212 5052 3340 5119 lide,
3368 5052 3598 5110 sollicite

328 5122 678 5180 demonstret
704 5124 975 5193 quomodo
1007 5123 1140 5174 nihil
1171 5127 1388 5195 obstent
1425 5122 1690 5195 ejusmodi
1735 5122 1883 5176 dicta
1929 5124 2223 5195 quominus
2269 5136 2454 5194 aperte
2476 5125 2658 5193 justus
2685 5125 3040 5195 intelligatur.
3089 5126 3146 5178 Si
3179 5126 3303 5195 quis
3330 5128 3475 5179 enim
3525 5140 3590 5180 ex

330 5197 584 5269 professo
606 5191 769 5252 cniie
795 5207 861 5246 ac
877 5200 1131 5246 contente
1155 5191 1440 5262 palamque
1463 5192 1665 5245 malum
1690 5207 1812 5248 esse
1839 5191 2024 5246 mundi
2051 5191 2589 5263 opiticem‘statuéret
2612 5233 2629 5260 ,
2655 5194 2762 5250 alia
2785 5191 2908 5250 cum
2932 5195 3050 5263 ipso
3082 5191 3300 5250 ratione
3324 5197 3592 5262 agettdum

325 5267 497 5326 Iuret.

309 5427 311 5436 ³
405 5447 451 5480 ⁵*
479 5447 651 5502 Exod.
692 5461 768 5512 Ix,
802 5443 899 5510 17;
933 5457 1034 5507 XII,
1066 5442 1170 5505 l2;
1227 5457 1302 5506 xl,
1334 5441 1389 5495 5.

2010 5646 2280 5699 motiones
2306 5643 2503 5698 fabulis
2535 5644 2910 5699 introducunt.
2942 5662 2961 5696 ι

2011 5713 2197 5839 ωέἒϐ)
2222 5714 2420 5768 Meum.
2461 5714 2621 5770 Deest
2656 5715 2714 5768 in
2756 5714 2888 5770 libb.
2919 5715 3101 5772 editis.
3137 5715 3233 5771 sed
3268 5713 3507 5771 habetur
3535 5716 3589 5771 in

395 5645 510 5717 (55)
541 5648 631 5703 Sic
659 5646 789 5701 libb.
825 5645 976 5701 editi.
1028 5645 1156 5702 Mss.
1181 5660 1343 5717 vero,
1382 5664 1401 5698 ‹
1440 5648 1492 5700 in
1525 5661 1635 5716 quo
1674 5646 1761 5699 isti
1816 5661 1901 5699 se-

329 5715 565 5786 cundum
584 5732 678 5786 vos
697 5717 1088 5772 misericordia.
1125 5735 1143 5770 ι
1177 5715 1344 5771 Paulo
1361 5727 1485 5786 post
1516 5715 1670 5781 nis-5.,
1701 5735 1718 5767 ι
1754 5732 1903 5770 ωηι-

320 5785 591 5842 mentitiis
612 5785 830 5841 fabulis
861 5787 1230 5844 introducunt.
1261 5805 1282 5839 ι
1312 5785 1472 5844 Libb.
1505 5788 1658 5854 editi,
1689 5805 1707 5839 ι
1749 5801 1903 5841 com-
