4014 6142
311 277 416 335 265

396 399 546 452 Ἐπεὶ
583 399 639 452 δέ
683 416 815 467 φασι
845 397 1146 452 διακεῖσθαι
1187 399 1314 470 περὶ
1352 398 1517 454 αὑτοῦ
1541 399 1615 463 ὡς
1651 402 1776 472 περὶ
1819 401 1895 454 δι·
1926 404 1971 460 Α

315 489 489 550 καίου,
522 489 612 540 καὶ
648 489 808 558 ἡμεῖς
849 488 924 550 ὡς
973 489 1100 558 περὶ
1130 486 1334 555 ἀγαθοῦ
1375 487 1491 557 ἅμα
1519 488 1611 540 καὶ
1655 487 1891 552 δικαίου,

316 582 676 650 σκοπὴσωμεν
691 580 806 643 πῶς
828 581 893 633 ἂν
913 582 940 632 ό
956 579 1155 648 ἀγαθὸς
1172 580 1266 632 καὶ
1280 579 1484 641 δίκαιος
1497 579 1628 647 σκλη
1638 578 1784 649 ρὺνοι
1798 579 1892 650 τὴν

311 672 535 741 καρδίαν
546 669 913 742 Φαραὼ.“ορα
925 671 1102 724 τοίνυν
1116 673 1164 722 εί
1179 670 1267 724 διά
1281 687 1422 732 τινος
1437 669 1890 741 παραδείγματος,

310 753 354 828 ᾧ
383 763 412 812 ὁ
450 760 769 822 ’Λπόστολος
790 763 846 813 ὲν
862 763 926 830 τῇ
946 761 1080 830 πρὸς
1109 759 1386 834 Ἑϐραίους
1413 761 1700 830 ἐχρήσατο,
1735 757 1894 811 δυνά-

312 849 449 922 μεθα
480 851 826 920 παραστῆσαι
842 851 958 912 πῶς
985 851 1078 918 μιᾷ
1097 848 1520 920 ὲνεργείᾳόΘεὸς
1541 848 1600 900 ὃν
1618 849 1713 918 μὲν
1735 849 1892 912 ἐλεεῖ,

309 943 366 994 ὃν
377 943 431 994 δὲ
448 941 760 1012 σκληρύνει,
784 941 845 992 οὐ
874 939 1263 1011 προτιθέμενος
1279 939 1616 1009 σκληρύνειν,
1647 939 1781 992 ἀλλὰ
1808 939 1894 991 διὰ

309 1031 621 1100 προθέσεως
649 1031 911 1100 χρηστῆς,
1007 1028 1477 1090 ὲπακολουθεῖ,διὰ
1492 1028 1550 1080 τὸ
1571 1029 1668 1097 τῆς
1695 1027 1893 1090 κακίας

308 1121 669 1190 ὑποκείμενον
687 1120 777 1173 τοῦ
797 1119 924 1191 παρ’
949 1119 1159 1182 ἑαυτοῖς
1187 1119 1379 1180 κακοῦ,
1396 1118 1456 1170 τὸ
1475 1118 1891 1189 σκληρύνεσθαι,

309 1212 638 1286 σκληρύνειν
661 1211 952 1280 λεγόμενος
966 1211 1056 1262 τὸν
1075 1209 1209 1279 σκλη
1219 1209 1340 1280 ρυνό
1349 1227 1523 1279 μενον·
1552 1227 1569 1260 ‹
1591 1210 1686 1280 Γῆ,
1708 1225 1780 1279 φη
1791 1211 1891 1287 σὶν,

1641 277 1841 334 LIBER
1878 276 2198 334 TERTIUS.

3457 266 3566 326 260

2072 400 2160 453 l0.
2204 399 2314 452 Nos
2345 411 2474 451 vero
2502 397 2754 465 quoniam
2788 409 2894 450 non
2921 394 3092 449 solum
3115 393 3316 461 justum
3339 434 3354 458 ,
3383 395 3478 450 sed
3506 400 3561 449 et

2001 491 2198 542 bonum
2231 489 2395 542 Deum
2429 486 2664 540 fatemur
2687 485 2778 557 qui
2811 500 2906 554 per
2933 483 3166 555 Moysem
3198 483 3408 538 locutus
3437 493 3557 550 est,

1948 569 1956 591 ³
1999 567 2397 650 perspiciamus
2415 578 2528 650 (57)
2545 579 2852 648 diligentius
2871 576 3135 645 quomodo
3151 576 3298 643 justo
3317 576 3564 644 bonoque

1998 670 2293 725 conveniat
2319 669 2462 738 quod
2494 681 2588 722 cor
2621 667 2878 721 indurare
2913 665 3110 719 dicitur
3141 663 3476 729 Pharaonis;
3509 671 3565 719 et

2003 761 2284 813 videamus
2323 759 2480 826 117
2516 759 2558 810 si
2591 756 2730 811 forte
2762 771 3071 824 possumus,
3106 764 3394 824 sequentes
3433 769 3562 824 apo-

1999 848 2460 918 stolum|Paulum,
2484 845 2845 899 difﬁcultatem
2866 845 2940 898 rei
2967 844 3222 912 exemplis
3238 844 3561 912 quibusdam

2000 953 2063 992 ac
2105 939 2556 992 similitudinibus
2609 936 2825 990 solvere
2869 935 3021 1005 ('58),
3069 936 3115 988 si
3163 935 3564 990 ostenderimus

1997 1030 2250 1097 quoniam
2293 1043 2400 1081 uno
2422 1023 2720 1094 eodemque
2745 1041 2910 1094 opere
2939 1028 3079 1080 Deus
3102 1026 3327 1081 alterius
3343 1026 3560 1096 quidem

2000 1119 2309 1183 miseretur,
2351 1128 2403 1170 et
2446 1117 2612 1170 alium
2656 1116 2918 1180 indurat,
2965 1131 3070 1170 non
3113 1118 3217 1171 boc
3269 1131 3435 1187 agens
3465 1131 3560 1170 ne-

2008 1222 2114 1274 que
2139 1208 2322 1261 volens
2348 1216 2404 1260 ut
2432 1207 2715 1260 induretur
2737 1205 2829 1260 ille
2849 1206 2939 1273 qui
2970 1205 3252 1260 induratur
3277 1219 3293 1258 :
3318 1207 3409 1260 sed
3433 1205 3561 1259 dum

2001 1295 2092 1348 ille
2135 1296 2476 1365 benignitate
2501 1311 2596 1350 sua
2628 1305 2676 1350 et
2713 1296 2970 1364 patientia
3002 1297 3190 1361 utitur,
3226 1297 3312 1350 bis
3343 1297 3562 1364 quidem

2000 1385 2089 1452 qui
2146 1384 2261 1451 ejus
2310 1385 2699 1454 benignitatem
2754 1396 2809 1441 et
2831 1385 3169 1452 ,patientiam
3215 1385 3282 1437 ad
3328 1394 3569 1439 contenta

2003 1484 2154 1544 ptum
2185 1485 2348 1544 atque
2376 1476 2715 1529 insolentiam
2745 1476 2979 1538 ducunt,
3007 1475 3292 1529 induratur
3319 1489 3412 1528 cor
3437 1477 3563 1529 dum

304 1305 336 1372 ἡ
372 1302 575 1356 πιοῦσα
611 1303 699 1355 τὸν
729 1302 814 1354 ἐπ’
837 1302 1004 1371 αὐτῆς
1041 1299 1332 1370 ἐρχόμενον
1360 1298 1534 1365 ὑετὸν,
1570 1300 1664 1352 καὶ
1684 1300 1897 1351 τίκτου-

305 1411 372 1446 σα
413 1393 647 1463 βοτάνην
678 1391 895 1444 εὑθετον
927 1391 1154 1454 ἐκείνοις
1185 1391 1251 1443 δι’
1285 1389 1378 1453 οὓς
1419 1390 1511 1443 καὶ
1549 1394 1892 1459 γεωργεῖται,

306 1483 716 1553 μεταλαμϐάνει
757 1481 1004 1549 εὐλογίας
1038 1479 1143 1532 ὑπὸ
1177 1478 1269 1531 τοῦ
1302 1477 1458 1531 Θεοῦ⁸
1491 1479 1802 1548 ἐκφέρουσα
1835 1479 1891 1530 δὲ

302 1577 550 1638 ἀκάνθας
592 1576 684 1627 καὶ
714 1573 995 1644 τριϐόλους
1021 1573 1278 1642 ἀδόκιμος
1305 1571 1399 1624 καὶ
1431 1572 1677 1642 κατάρας
1705 1569 1890 1639 ἐγγύςδ

2001 1567 2295 1621 criminum
2336 1579 2492 1632 poena
2532 1565 2817 1630 differtur;
2859 1567 2912 1618 1ιί
2954 1579 3084 1618 vero
3125 1566 3217 1635 qui
3259 1567 3569 1636 benignitao

300 1664 368 1740 ἧς
396 1669 459 1721 τὸ
494 1667 644 1730 τέλος
672 1669 752 1729 εἰς
777 1664 990 1719 καῦσιν.
1021 1685 1038 1716 ι
1065 1665 1274 1719 Οὐκοῦν
1302 1665 1397 1736 μία
1420 1665 1668 1735 ἐνέργεια
1699 1665 1893 1737 ήκατὰ

2003 1665 2108 1712 tem
2155 1667 2208 1710 et
2238 1656 2555 1726 patientiam
2590 1656 2707 1722 ejus
2743 1658 2808 1710 ad
2853 1658 3199 1711 occasionem
3233 1657 3567 1725 ptenitentiaa

298 1738 392 1810 τὸν
441 1757 622 1809 ὑετόν·
663 1758 793 1826 μιᾶς
849 1755 905 1808 δὲ
939 1754 1220 1826 ἐνεργείας
1271 1752 1436 1823 οὔσης
1477 1754 1579 1824 τῆς
1629 1755 1769 1808 κατὰ
1806 1754 1893 1807 τὸν

2000 1767 2110 1806 sua:
2139 1751 2252 1822 (59)
2283 1760 2336 1803 et
2365 1752 2766 1806 emendationis
2797 1753 3100 1821 accipiunt,
3134 1754 3563 1808 misericordiam

302 1843 486 1910 ὑετὸν,
515 1849 548 1917 ἡ
593 1847 690 1916 μὲν
722 1845 1095 1916 γεωργηθεῖσα
1121 1844 1193 1913 γῆ
1225 1847 1636 1916 καρποφορεί,ἡ
1667 1845 1722 1897 δὲ
1756 1845 1893 1915 ἀμε-

1999 1853 2434 1910 consequuntur.
2484 1843 2551 1898 Ut
2590 1853 2769 1897 autem
2808 1845 3112 1898 evidentius
3151 1845 3295 1912 quod
3335 1846 3566 1900 dicimus

301 1939 533 2007 ληθεῖσα
571 1937 663 1991 καὶ
698 1937 890 2008 χέρσος
943 1934 1324 2004 ἀκανθοερορεῖ.
1361 1938 1468 1989 Καὶ
1514 1935 1796 2007 δύσφημον
1829 1935 1893 1989 ἂν

1999 1935 2446 1994 demonstremus,
2479 1947 2699 1987 utamur
2725 1934 2974 2002 exemplo
3009 1951 3113 2003 quo
3144 1937 3195 1988 in
3225 1936 3463 2004 Epistula
3495 1939 3564 1990 ad

275 2027 454 2092 ιδόξαι
512 2023 650 2080 εἶναι
679 2026 739 2079 τὸ
781 2027 956 2095 λέγειν
985 2025 1074 2078 τὸν
1107 2024 1292 2090 ὕοντα,
1340 2027 1477 2096 Ἐγὼ
1497 2029 1620 2090 τοὺς
1651 2027 1893 2098 καρποὺς

1999 2025 2255 2079 Hebraeos
2292 2039 2423 2078 usus
2455 2033 2539 2078 est
2569 2025 2845 2092 apostolus
2869 2023 3068 2079 Paulus
3094 2027 3278 2080 dicens
3305 2044 3318 2080 :
3350 2046 3368 2078 ι
3397 2027 3566 2082 Terra

300 2117 561 2187 ἐποίησα,
594 2115 686 2168 καὶ
710 2115 806 2178 τὰς
841 2115 1080 2176 ἀκάνθας
1114 2113 1212 2180 τὰς
1251 2118 1307 2168 ἐν
1341 2119 1406 2187 τῇ
1441 2118 1532 2187 γῇο
1565 2116 1678 2169 ἀλλ’
1709 2118 1757 2168 εί
1803 2115 1893 2168 καὶ

1999 2117 2140 2169 enim
2173 2131 2290 2184 qua:
2321 2116 2456 2169 bibit
2485 2114 2802 2183 frequenter
2831 2130 2992 2184 super
3026 2131 3085 2169 se
3111 2117 3416 2171 venientem
3460 2120 3564 2171 int-s

299 2207 613 2280 δύσφημον,
639 2204 751 2263 ἀλλ’
783 2206 999 2280 ἀληθές⁸
1040 2208 1194 2261 ὑετοῦ
1216 2207 1323 2279 γὰρ
1356 2207 1428 2278 μὴ
1457 2207 1893 2278 γενομένου,οὑτ’

1999 2206 2152 2260 brem
2178 2216 2231 2260 et
2255 2199 2528 2277 germinat
2556 2204 2780 2259 herbam
2811 2217 3174 2274 opportunam
3204 2207 3288 2261 his
3315 2225 3344 2262 a
3369 2209 3566 2278 quibus

303 2299 369 2352 ἂν
399 2299 628 2370 καρποὶ,
653 2298 764 2353 οὔτ’
791 2300 1019 2353 ἄκανθαι
1049 2299 1384 2366 γεγόνεισανο
1407 2300 1595 2352 τούτου
1627 2300 1683 2351 δὲ
1710 2299 1893 2352 εὐκαί-

1999 2297 2222 2359 colitur,
2253 2299 2516 2368 percipiet
2544 2297 2977 2353 benedictionem
3007 2314 3036 2351 a
3064 2299 3173 2353 Deo
3198 2317 3212 2366 ;
3239 2315 3359 2368 qua:
3382 2312 3564 2356 autem

307 2409 420 2462 ρως
457 2394 554 2445 καὶ
586 2392 1016 2462 μεμετρημένως
1034 2392 1475 2462 ὲπιρῤεύσαντος,
1508 2393 1791 2464 ἀμφότερα
1816 2410 1893 2460 γε-

1999 2386 2203 2456 profert
2232 2389 2419 2458 spinas
2445 2397 2499 2443 et
2525 2388 2752 2443 tribulos
2773 2426 2788 2454 ,
2822 2391 3053 2462 reproba
3083 2399 3166 2444 est
3192 2402 3246 2444 et
3275 2392 3567 2445 maledicto

302 2485 560 2551 γένηται.
605 2482 940 2552 Ἐκφέρουσα
987 2481 1118 2550 γοῦν
1152 2481 1392 2545 ἀκάνθας
1422 2483 1512 2535 καὶ
1544 2483 1822 2554 τριϐόλους
1863 2485 1893 2554 ἠ

1999 2479 2243 2546 proxima
2264 2519 2279 2545 ,
2320 2479 2472 2548 cujus
2508 2479 2633 2533 finis
2671 2481 2736 2533 ad
2778 2482 3116 2537 exustionem
3144 2481 3212 2536 ⁵⁸.
3240 2501 3258 2534 ι
3290 2482 3459 2550 Igitur
3491 2501 3558 2536 ex

303 2572 515 2625 πιοῦσα
551 2573 622 2642 γῆ
652 2572 741 2623 τὸν
782 2570 867 2622 ἐπ’
904 2571 1074 2640 αὐτῆς
1103 2573 1393 2642 ἐρχόμενον
1424 2571 1576 2624 ὑετὸν
1621 2573 1893 2636 πολλάκις,

2001 2569 2088 2622 bis
2117 2585 2250 2636 quos
2282 2571 2680 2640 assumpsimus
2709 2571 2859 2625 Pauli
2901 2574 3247 2628 sermonibus
3281 2574 3568 2627 evidenter

298 2663 574 2732 ἀδόκιμος
603 2662 695 2712 καὶ
729 2661 974 2731 κατάρας
1007 2662 1172 2728 ἐγγὺς
1205 2661 1433 2728 γίνεται.
1471 2659 1679 2714 Οὐκοῦν
1713 2663 1772 2714 τὸ
1805 2660 1893 2731 μὲν

2003 2660 2336 2724 ostenditur,
2367 2663 2508 2727 quod
2542 2675 2650 2714 uno
2680 2663 2975 2730 eodemque
3001 2678 3166 2732 opere
3195 2664 3288 2718 Dei
3323 2679 3431 2735 quo
3465 2666 3568 2717 imA

299 2751 523 2821 ἀγαθὸν
543 2749 635 2803 τοῦ
659 2749 836 2815 ὑετοῦ,
871 2751 965 2803 καὶ
998 2749 1090 2802 ἐπὶ
1123 2749 1220 2820 τὴν
1262 2749 1480 2820 χείρονα
1524 2750 1628 2819 γῆν
1654 2749 1893 2821 ἐλήλυθεε

2003 2747 2157 2801 brem
2189 2759 2346 2803 terra;
2386 2751 2642 2820 largitur,
2684 2752 2787 2805 alia
2829 2754 3049 2819 quidem
3092 2762 3237 2806 terra
3277 2755 3570 2823 diligenter

299 2845 366 2898 τὸ
394 2844 458 2896 δὲ
493 2842 848 2912 ὑποκείμενον
880 2840 1244 2912 ἠμελημένον,
1282 2842 1376 2893 καὶ
1406 2839 1755 2911 ἀγεώργητον
1775 2859 1893 2908 τυγ-

2005 2839 2219 2893 exculta
2257 2839 2464 2894 fructus
2488 2840 2682 2895 ali'erat
2715 2845 2922 2908 bonos;
2955 2844 3056 2897 alia
3090 2858 3220 2898 vero
3248 2860 3367 2913 qum
3397 2847 3570 2915 negli-

301 2937 498 3008 χάνον,
524 2933 763 2996 ἀκάνθας
791 2932 882 2986 καὶ
917 2931 1194 3003 τριϐόλους
1219 2931 1575 3002 ἐϐλάστησεν.
1611 2929 1766 2984 Οὕτω
1793 2933 1893 2984 τοί-

2005 2937 2198 3001 genter
2229 2930 2431 2986 inculta
2473 2941 2589 2997 est,
2631 2933 2812 3002 spinas
2846 2943 2898 2987 et
2933 2934 3159 2989 tribulos
3201 2937 3459 3005 proferat.
3503 2939 3570 2990 Et

304 3045 405 3080 νυν
441 3026 538 3079 καὶ
572 3025 640 3078 τὰ
677 3024 935 3092 γινόμενα
983 3022 1088 3075 ὑπδ
1123 3021 1217 3073 τοῦ
1257 3021 1390 3073 Θεοῦ
1437 3022 1698 3093 τεράστια
1741 3023 1893 3075 οἱονεὶ

2006 3027 2049 3080 si
2093 3028 2218 3095 quis
2263 3027 2418 3095 quasi
2459 3040 2525 3080 ex
2569 3042 2802 3097 persona
2839 3028 3094 3084 imbrium
3127 3031 3348 3099 loquens
3378 3031 3564 3086 dicat:

308 3117 471 3180 ὑετὸς
507 3118 670 3169 ἐστιν·
715 3117 768 3168 αί
795 3115 851 3167 δὲ
896 3112 1242 3185 προαιρέσεις
1266 3113 1319 3165 al
1353 3111 1620 3184 διάφοροι,
1654 3113 1816 3166 οἱονεὶ
1858 3117 1890 3184 ἡ

2003 3115 2117 3186 Ego
2141 3118 2312 3171 imber
2350 3115 2452 3172 feci
2489 3118 2697 3172 fruetus
2725 3120 2914 3185 bonos,
2945 3129 2998 3173 et
3026 3121 3209 3190 spinas
3240 3135 3303 3174 ae
3337 3123 3568 3176 tribulos

307 3207 743 3281 γεγεωργημένη
771 3209 842 3279 γῆ
876 3211 992 3261 ἐστι
1027 3206 1120 3260 κα).
1152 3205 1491 3276 ἠμελημένη,
1526 3207 1623 3278 μιᾷ
1645 3207 1708 3276 τῇ
1736 3204 1893 3275 φύσει

2000 3221 2099 3277 ego
2134 3206 2234 3262 feci
2266 3207 2380 3279 (40)
2407 3224 2422 3274 ;
2455 3210 2700 3276 quamvis
2729 3210 2860 3264 dure
2890 3211 2994 3264 dici
3029 3213 3296 3278 videatur,
3334 3229 3458 3267 vere
3489 3225 3571 3267 ta-s

309 3303 386 3366 ,ὣς
422 3303 495 3370 γῆ
531 3301 795 3370 τυγχάνον
804 3316 890 3353 σα.

2005 3311 2126 3350 men
2161 3299 2396 3365 dicitur;
2439 3301 2538 3354 nisi
2581 3303 2724 3356 enim
2769 3304 2946 3356 imber
2980 3302 3179 3366 fuerit,
3220 3318 3319 3358 nec
3357 3304 3571 3361 fructus

313 3411 416 3446 nec
460 3393 626 3458 spina:
668 3406 767 3444 nec
807 3389 989 3443 tribuli
1032 3395 1417 3451 nascerentur;
1461 3388 1873 3454 superveniente
1918 3403 2050 3442 vero
2088 3388 2267 3458 pluvia
2314 3400 2603 3461 utrumque
2651 3401 2792 3446 terra
2842 3393 3112 3460 produxit.
3163 3391 3269 3448 Sed
3320 3397 3570 3463 quamvis

313 3489 514 3559 pluviae
564 3485 825 3539 beneﬁcio
870 3492 1014 3536 terra
1064 3496 1282 3550 germen
1335 3491 1624 3548 utrumque
1671 3482 2024 3548 produxerit,
2062 3497 2166 3535 non
2213 3492 2391 3537 tamen
2438 3485 2700 3540 imbribus
2739 3488 2934 3540 merito
2973 3486 3261 3542 diversitas
3311 3493 3572 3558 germinis

314 3582 646 3644 aseribetur,
686 3580 779 3635 sed
815 3579 880 3632 ad
916 3578 1033 3631 illos
1061 3577 1184 3644 jure
1217 3576 1373 3644 culpa
1419 3577 1545 3628 mali
1600 3576 1822 3630 seminis
1869 3576 2196 3642 reflectetur,
2242 3579 2333 3646 qui
2380 3593 2501 3633 cum
2547 3591 2767 3648 possent
2816 3581 3087 3649 frequenti
3135 3592 3317 3636 aratro
3369 3594 3567 3638 terram

316 3680 608 3738 scindere,
645 3685 700 3729 et
749 3674 935 3728 rastris
988 3672 1245 3742 gravibus
1293 3679 1567 3738 t0rpentes
1614 3669 1797 3739 glebas
1851 3682 2099 3734 vertere,
2151 3683 2204 3725 et
2248 3687 2436 3728 omnes
2468 3675 2684 3729 inutiles
2721 3675 2930 3730 radices
2963 3677 3110 3730 noxii
3145 3676 3405 3746 graminis
3456 3694 3572 3731 anno

286 3834 288 3836 ν
317 3781 512 3842 putare
555 3778 715 3834 atque
757 3764 1033 3818 succidere
1057 3801 1071 3823 .
1115 3762 1438 3829 cunctisque
1472 3762 1673 3830 quibus
1708 3760 1885 3816 cultus
1918 3762 2006 3815 ille
2039 3763 2281 3831 deposcit
2313 3763 2588 3817 laboribus
2632 3779 2695 3818 ac
2748 3765 2943 3818 studiis
2976 3774 3206 3835 purgata
3245 3765 3568 3836 excultaque

319 3863 539 3918 novalia
585 3857 827 3913 venturis
873 3853 1137 3908 imbribus
1171 3867 1517 3922 prmparare,
1568 3854 1671 3907 hoc
1725 3853 1942 3921 quidem
1991 3853 2174 3908 facere
2213 3853 2602 3924 neglexerunt;
2642 3856 2861 3909 desidiae
2901 3865 3079 3910 autem
3119 3855 3559 3928 8υ;1ξ(41)ίψιξε.

319 3957 493 4009 simus
534 3951 774 4014 fructus,
805 3949 992 4016 spinas
1020 3939 1086 3998 ac~
1112 3944 1340 3999 tribulos
1369 3953 1612 4012 metent;
1645 3944 1721 3998 ita
1751 3945 1811 3997 lit
1857 3953 1914 3998 ut
1955 3945 2170 4000 bonitas
2220 3954 2276 3998 et
2333 3947 2556 4014 tequitas
2615 3946 2866 4000 imbrium
2907 3961 3071 4015 super
3111 3962 3323 4001 omnem
3370 3958 3568 4001 terram

318 4047 606 4120 aequaliter
640 4043 850 4108 veniat,
897 4039 991 4094 sed
1027 4053 1138 4092 uno
1173 4038 1473 4106 eodemque
1504 4049 1666 4106 opere
1704 4035 1897 4103 pluviae
1927 4048 1988 4088 ea
2021 4035 2236 4104 quidem
2285 4044 2427 4091 terra
2463 4049 2582 4106 quae
2627 4036 2768 4092 culta
2815 4045 2900 4092 est
2930 4036 3281 4111 diligentibus
3320 4038 3570 4094 utilibus-

1557 4126 2116 4184 lNTERPRETATlO
2147 4128 2356 4186 NOVA.

393 4231 485 4286 10.
527 4229 635 4284 Sed
670 4241 792 4282 cum
830 4226 1016 4280 dicant
1046 4223 1133 4278 isti
1171 4236 1294 4278 eum
1327 4236 1386 4276 se
1415 4221 1622 4290 justum
1654 4222 1914 4282 credere,
1957 4235 2056 4275 nos
2088 4237 2218 4276 vero
2258 4223 2456 4277 bonum
2493 4237 2614 4277 eum
2647 4223 2809 4278 simul
2850 4233 2905 4277 et
2937 4223 3142 4290 justum
3185 4223 3567 4290 confiteantur,

323 4304 609 4356 videamus
648 4298 918 4367 quomodo
967 4297 1136 4348 bonus
1173 4303 1227 4346 et
1265 4296 1445 4367 justus
1487 4290 1711 4367 induret
1761 4290 2216 4367 eor-Pharaonis.
2243 4291 2390 4367 _Vide
2444 4293 2717 4367 igitur_an
2765 4293 3014 4367 exetnplo
3059 4292 3312 4359 quopiam
3357 4307 3467 4367 quo
3513 4293 3570 4348 in

325 4371 568 4442 Epistola
614 4358 686 4442 ad
737 4366 996 4442 Hebraeos
1047 4358 1308 4442 usus-cst
1360 4359 1686 4442 Apostolus,
1744 4358 2014 4442 possimus
2060 4361 2351 4442 ostendere
2393 4362 2662 4442 quomodo
2710 4377 2814 4442 una
2866 4358 3180 4442 eademque
3212 4358 3389 4442 operat
3427 4360 3572 4442 Deus

331 4429 492 4508 hujus
535 4439 750 4508 quidem
797 4435 1142 4508 misereatur,
1193 4433 1516 4508 illum.ve_ro
1568 4429 1822 4508 indurat,
1868 4444 1975 4508 non
2020 4433 2166 4496 quod
2200 4429 2660 4508 .quetnpiamusibi
2709 4429 3073 4482 iuduraudum
3105 4440 3429 4508 proponat,
3465 4432 3563 4508 sed

328 4497 469 4577 quod
503 4497 623 4561 cum
663 4505 804 4560 bono
843 4503 959 4577 ejus
997 4503 1273 4577 proposito
1319 4499 1564 4577 abutitur
1600 4497 2124 4577 inltazrentisipstus
2165 4497 2279 4550 vitii
2305 4497 2645 4577 improbitas,
2693 4508 3058 4577 consequatur
3085 4499 3418 4577 intlnratio,
3461 4501 3570 4554 sica

328 4565 432 4644 que
476 4579 784 4632 induratum
835 4565 1046 4626 dicatur
1095 4565 1636 4644 indurarezueTerra
1672 4566 2130 4644 leniant-inquit,
2181 4581 2335 4644 _sa:_pe_
2371 4567 2676 4644 venientem
2731 4565 2894 4644 super
2939 4581 2998 4621 se
3047 4567 3241 4644 bibens
3289 4567 3518 4623 imbreln
3548 4602 3565 4633 ,

327 4635 381 4702 et
417 4661 680 4717 generans
711 4645 936 4717 herbam
969 4653 1326 4717 opportunam
1385 4639 1487 4691 illis
1534 4652 1562 4717 τι
1594 4637 1791 4717 quibus
1825 4635 2044 4715 colitur,
2081 4638 2280 4716 accipit
2323 4636 2773 4716 benedictionem.
2796 4651 2826 4688 a
2862 4637 3010 4717 Deo_;
3065 4636 3346 4716 proferens
3381 4648 3566 4717 autem

329 4705 508 4786 Spiﬁas
549 4731 614 4769 ac
657 4715 911 4775 tribulos,
955 4705 1182 4779 re—p'roba
1233 4719 1316 4763 est
1359 4717 1414 4761 et
1455 4706 1742 4760 maledicto
1785 4705 2067 4774 proxima,
2116 4706 2272 4774 cujus
2314 4707 2718 4760 consummatio
2763 4707 2816 4758 in
2856 4705 3306 4761 eombustionetn.
3339 4722 3360 4757 ι
3389 4705 3570 4762 Unum

401 4830 444 4862 ⁸⁸
475 4828 639 4883 llebr.
668 4840 742 4888 Vl,
775 4824 827 4888 7,
855 4824 913 4883 5.

401 4946 510 5028 (⁵⁷)
526 5026 532 5028 Α
551 4941 862 5028 mlh-.3559
883 4935 1708 5028 ‘_f_l79§9l9i‘1'l‘l's:l{€919.93}
1718 4947 1890 5028 19.55?

339 5034 358 5066 ι
384 5007 426 5070 si
457 5007 852 5071 ostenderimus
884 5009 1140 5076 quoniam
1174 5022 1287 5058 uno
1313 5007 1612 5073 eodemque
1643 5018 1829 5076 opere.
1859 5021 1876 5052 ι

2006 4947 2168 4998 mss.,
2197 4949 2216 4982 ι
2243 4946 2340 4986 nec
2373 4931 2602 4997 fructus,
2635 4943 2736 4984 nec
2763 4930 2954 4999 spinae.
2980 4948 3001 4983 ι
3028 4928 3086 4983 ln
3117 4927 3252 4982 libb.
3276 4920 3441 4999 editis
3472 4916 3571 4999 def

1988 5011 2074 5057 est
2103 5021 2120 5052 ι
2154 4996 2256 5056 nec
2294 4999 2525 5055 fructus.
2559 4996 2771 5054 n'Paulo
2799 4996 2943 5068 'post
2981 5014 3142 5060 mss.,
3178 5014 3197 5047 ι
3227 4996 3570 5068 οιιίιυιι-ιηοιί

332 5079 488 5142 Libb.
519 5085 691 5146 editi,
727 5099 745 5131 ‹
773 5079 816 5133 si
851 5074 1189 5131 ostendimus
1216 5076 1469 5146 quoniam
1511 5089 1618 5146 uno
1662 5074 1882 5146 eudem-

334 5171 435 5224 que
456 5142 719 5224 tetnppre.
744 5169 762 5200 ι
799 5147 939 5224 Infra
961 5147 1093 5224 libb.
1123 5147 1321 5224 editi“
1345 5145 1470 5224 dum
1498 5142 1882 5224 adtertninum

335 5217 789 5296 ιὶιιξιιιιμἀφίει-ηυξἷ
819 5237 840 5296 ξ
868 5217 973 5296 Sed
1005 5224 1227 5296 tttss._ttt
1263 5217 1314 5267 in
1351 5221 1540 5296 nostr?
1574 5221 1743 5296 textu.

407 5292 517 5364 (38)
564 5292 694 5364 Yide
736 5287 1055 5364 _0rigen_ian.
1099 5285 1194 5338 lib.
1244 5298 1312 5364 ιι,

405 5351 516 5434 (59)
558 5358 701 5415 Sua’.
735 5351 895 5412 Deest
932 5355 986 5406 in
1019 5367 1177 5407 antea
1207 5353 1402 5415 editis,
1436 5351 1801 5434 sedbabetur
1833 5351 1897 5402 in-

340 5420 466 5486 mss.
500 5420 671 5484 Paulo
702 5436 822 5497 post
857 5441 1010 5497 mss.,
1070 5441 1088 5473 ι
1113 5420 1590 5497 opportunatn_ltis
1620 5433 1650 5472 a
1687 5420 1886 5497 quibus

339 5504 550 5556 colitur.
578 5519 596 5550 ι
616 5489 773 5552 Libb.
797 5495 950 5556 editi,
974 5512 992 5542 ι
1017 5489 1272 5560 optimam
1298 5492 1382 5544 bis
1407 5491 1605 5560 quibus
1635 5489 1882 5541 colitur.)

410 5572 519 5636 (40)
558 5569 648 5624 Sic
685 5583 816 5621 mss.
863 5563 1020 5636 Libb.
1072 5571 1252 5636 autem
1281 5562 1424 5636 _ed_iti
1449 5577 1512 5636 ,ξ
1543 5573 1612 5636 ex
1659 5571 1888 5636 persona

347 5625 631 5709 impiorum
652 5638 874 5704 loquens
898 5634 1080 5686 dicat:
1109 5627 1250 5697 Ergo
1281 5631 1452 5685 imber
1482 5628 1666 5684 fecit.»
1692 5625 1890 5678 lbidem

737 5727 1009 5787 ΡΑΤιιοι..
1055 5721 1173 5781 Gn.
1206 5720 1294 5781 XI

1378 5297 1437 5350 q.
1494 5281 1550 5344 '7,
1607 5295 1754 5334 num.
1797 5278 1906 5332 14.,

1992 5071 2216 5126 seminis
2249 5069 2621 5125 reﬂectetur.)
2655 5071 2709 5122 In
2748 5063 2909 5123 editis
2951 5070 3101 5123 deest
3127 5085 3145 5118 ς
3172 5063 3369 5121 mali.)
3396 5063 3568 5118 Paulo

1991 5141 2133 5194 infra
2173 5156 2324 5202 mss.,
2356 5158 2375 5192 ι
2405 5141 2616 5194 radices
2651 5140 2797 5192 noxii
2830 5140 3116 5206 graminis.
3141 5157 3159 5190 ›
3182 5135 3240 5190 ln
3276 5136 3440 5191 editis
3469 5147 3568 5202 pro

2007 5226 2026 5260 ι
2056 5210 2318 5277 graminis
2351 5229 2369 5261 ι
2398 5209 2618 5277 legitur,
2656 5230 2672 5258 ι
2705 5209 2987 5275 germinis.
3017 5226 3035 5259 ι
3073 5226 3075 5229 ·
3108 5249 3140 5277 η
3216 5233 3218 5235 -

2064 5269 2177 5350 (ll)
2218 5269 2809 5350 Desidiw'autentst'ue.
2844 5277 2934 5332 Sic
2969 5292 3102 5350 mss.
3134 5269 3572 5350 Editi‘omittn‘ne

2000 5338 2194 5404 csum}:
2214 5349 2412 5402 Ibidem
2445 5363 2599 5411 “13s.,
2623 5349 2724 5400 (ita
2755 5348 2814 5400 lit
2839 5357 2897 5400 ut
2925 5348 3188 5401 bonitas.)
3215 5343 3371 5397 Libl).
3403 5338 3571 5412 etilli!

2001 5437 2020 5470 ι
2047 5421 2118 5472 ita
2177 5428 2236 5471 ut
2285 5420 2521 5471 bonitas.
2548 5404 2766 5471 {Paulo
2820 5427 2943 5486 post
2989 5430 3191 5486 tnss.,_r
3222 5404 3576 5486 diligentibus

1995 5469 2699 5555 utilibusquecultoribus.
2735 5469 2756 5538 ί
2808 5469 2876 5540 ιῖί
2901 5469 3075 5540 editis
3119 5469 3382 5548 deest,“
3418 5469 3573 5523 mm‘

2001 5562 2234 5627 busque.
2266 5577 2286 5610 ι
