4014 6142
2537 136 2540 138 .
2571 112 2598 139 Χ

424 210 528 265 961
1616 221 1934 278 ORIGENIS

2078 226 2131 278 PI
2172 225 2405 280 Apan
2988 220 3003 236 ’
3566 240 3670 297 268

423 343 530 398 que
563 329 859 387 cultoribus
907 346 1026 388 cum
1076 333 1447 392 benedictione
1489 337 1646 393 utiles
1687 339 1896 396 fruetus
1936 340 2217 410 proferat;
2269 360 2332 400 ea
2374 357 2504 399 vero
2537 358 2657 415 quae
2691 345 2955 402 cultorum
2993 347 3199 403 desidia
3231 349 3520 415 obduruit,
3560 354 3669 419 δρία

429 434 532 477 uas
561 437 622 476 ac
644 422 874 478 tribulos
905 426 1186 496 germinet.
1220 426 1307 480 Sic
1332 443 1464 497 ergo
1500 431 1831 500 accipiamus
1854 435 1997 502 quod
2029 450 2089 489 ea
2119 437 2270 504 signa
2297 445 2351 490 et
2384 437 2616 492 virtutes
2650 453 2768 506 quae
2804 453 2834 492 a
2865 441 2973 494 Deo
3006 441 3240 508 fiebant,
3279 442 3476 496 imbres
3509 441 3670 510 118

425 513 643 582 quidem
678 523 832 568 erant
870 529 900 568 a
940 515 1048 568 Deo
1089 517 1319 585 desuper
1359 519 1685 586 ministrati,
1731 524 2067 591 propositum
2117 540 2244 580 vero
2284 526 2562 581 hominum
2601 538 2654 584 et
2695 529 3000 586 voluntates
3040 541 3183 586 terra
3225 534 3540 603 accipienda
3579 548 3666 593 est

426 606 571 660 culta
602 606 686 661 vel
717 605 956 673 inculta,
986 606 1146 661 unius
1199 609 1416 676 quidem
1475 621 1680 668 natura:
1737 624 1924 683 utpote
1982 617 2160 671 omnis
2198 627 2340 672 terra
2371 634 2494 672 cum
2533 628 2676 674 terra
2703 663 2717 688 ,
2757 637 2864 676 non
2902 633 3078 677 tamen
3111 625 3276 680 unius
3303 623 3658 692 ejusdemque

424 696 669 752 culturae.
717 696 790 750 Ex
825 711 932 766 quo
967 697 1024 752 fit
1069 707 1128 753 ut
1163 701 1584 772 uniuscujusque
1612 707 1948 775 propositum
1983 708 2068 764 vel
2099 709 2388 764 induretur
2416 711 2711 766 virtutibus
2749 725 2806 767 et
2847 715 3189 770 mirabilibus
3227 715 3360 779 Dei,
3404 715 3449 768 si
3489 714 3662 768 incute

425 798 537 842 tum
583 795 636 843 et
673 786 845 842 ferum
891 799 978 844 est
1025 797 1080 845 et
1119 790 1451 859 barbarum,
1504 807 1558 850 et
1589 799 1883 869 semetipso
1935 801 2181 870 asperius
2221 815 2286 855 ac
2323 801 2601 871 spinosius
2641 804 2780 870 liat;
2818 815 2917 860 aut
2956 807 3207 862 mitescat
3245 806 3361 878 (42)
3398 807 3663 876 amplius,

423 897 488 937 ac
525 889 633 936 tota
671 891 851 936 mente
879 897 939 937 se
969 882 1022 938 in
1054 884 1420 944 obedientiam
1459 892 1678 956 tradat,
1710 895 1753 948 si
1785 905 2073 962 purgatum
2105 909 2134 946 a
2167 894 2317 949 vitiis
2351 895 2520 948 fuerit
2552 905 2606 949 et
2638 896 2934 954 excultum.

490 973 579 1027 ll.
617 973 816 1026 Verum
849 973 916 1027 ad
951 975 1345 1034 evidentiorem
1382 982 1456 1035 rei
1485 983 1858 1050 probationem
1892 1001 1982 1040 su-
2012 992 2058 1046 A

415 1061 679 1130 perlluum
710 1077 816 1117 non
846 1064 950 1119 erit
977 1064 1056 1118 uti
1087 1066 1384 1124 etiam'alia
1411 1071 1799 1130 similitudine:
1830 1073 1980 1128 verbi

418 1151 594 1220 gratia
621 1187 636 1215 ,
671 1150 716 1205 si
747 1153 872 1220 quis
906 1153 1115 1209 diceret
1144 1156 1271 1225 quia
1304 1158 1385 1212 sol
1421 1169 1507 1214 est
1535 1161 1625 1229 qui
1656 1161 1938 1231 restringit
1963 1200 1980 1227 ,

413 1251 467 1296 et
499 1241 593 1311 qui
630 1244 894 1309 resolvit,
931 1260 1062 1299 eum
1084 1249 1421 1304 contrarium
1454 1251 1524 1305 sit
1553 1261 1606 1306 et
1639 1253 1900 1308 resolutio
1926 1265 1984 1310 et

415 1336 774 1400 constrictio;
805 1338 900 1392 sed
935 1353 1039 1392 non
1069 1340 1173 1394 erit
1202 1341 1396 1396 falsum
1426 1345 1570 1410 quod
1604 1345 1824 1409 dicitur,
1853 1347 1979 1401 dum

415 1443 527 1481 una
553 1431 854 1497 eademque
880 1429 1076 1484 caloris
1105 1431 1190 1486 sui
1215 1433 1418 1487 virtute
1444 1434 1522 1487 sol
1552 1436 1770 1503 quidem
1797 1449 1980 1490 ceram

413 1516 611 1583 solvit,
644 1517 832 1572 limum
875 1533 1005 1574 vero
1041 1521 1276 1577 arefacit
1311 1532 1368 1578 et
1404 1525 1660 1593 stringit;
1698 1541 1802 1580 non
1836 1527 1980 1595 quod

412 1608 588 1664 virtus
616 1610 736 1678 ejus
765 1608 928 1664 aliter
962 1610 1016 1664 in
1047 1611 1174 1665 limo
1194 1649 1212 1677 ,
1243 1611 1401 1668 aliter
1433 1624 1693 1682 operetur
1725 1615 1777 1669 in
1806 1631 1932 1671 cera
1960 1656 1976 1682 ,

413 1701 508 1756 sed
543 1702 687 1770 quod
722 1701 832 1754 limi
864 1703 965 1756 alia
989 1741 1006 1766 ,
1034 1704 1136 1758 alia
1165 1718 1304 1758 cera:
1333 1705 1404 1759 sit
1430 1706 1698 1775 qualitas,
1727 1722 1848 1762 cum
1875 1711 1977 1762 uti-

414 1805 522 1860 que
550 1793 847 1845 secundum
880 1801 1131 1848 naturam
1163 1809 1332 1847 ttnum
1361 1795 1466 1860 sit,
1510 1796 1638 1864 quia
1686 1805 1979 1866 utrumque

412 1885 480 1940 de
519 1893 661 1940 terra
698 1896 801 1939 est.
837 1884 913 1939 Ita
941 1900 1074 1954 ergo
1107 1900 1215 1941 una
1247 1887 1550 1957 eademque
1583 1891 1828 1959 operatio
1880 1890 1975 1946 Dei

413 1989 538 2044 quae
563 1989 661 2046 per
689 1973 931 2045 Moysem
961 1975 1016 2030 in
1043 1977 1214 2047 signis
1243 1992 1307 2033 ac
1331 1979 1626 2034 virtutibus
1653 1979 1967 2044 gerebatur,

409 2067 712 2122 Pharaonis
749 2066 972 2135 quidem
1012 2069 1269 2123 duritiam
1311 2071 1613 2140 arguebat,
1653 2086 1817 2140 quam
1858 2087 1975 2126 ma-

408 2157 542 2210 litiae
573 2171 686 2212 sua:
715 2157 1021 2212 intentione
1051 2168 1379 2227 conceperat
1405 2174 1422 2224 ;
1464 2160 1796 2228 reliquorum
1837 2175 1970 2215 vero

407 2248 794 2320 Egyptiorum
823 2248 916 2318 qui
945 2245 1206 2304 lsraelitis
1227 2250 1688 2316 admisccbantur,
1715 2252 1973 2306 obedien-

2160 986 2367 1055 ’Ὠσπερ
2393 985 2450 1037 δὲ
2478 986 2570 1056 καὶ
2595 987 2644 1038 εί
2670 986 2699 1037 ὁ
2731 986 2882 1056 ἥλιος
2915 987 3088 1055 ἔλεγε,
3115 988 3297 1059 φωνὴν
3319 987 3661 1058 προιέμενος,
3689 1055 3692 1057 γ

2085 1075 2165 1126 ὅτι
2192 1073 2300 1143 ἐγὼ
2339 1074 2491 1143 τήκω
2524 1075 2618 1125 καὶ
2653 1073 2910 1142 ξηραίνω,
2952 1074 3207 1126 ἐναντίων
3233 1076 3400 1127 ὄντων
3433 1073 3527 1126 τοῦ
3563 1074 3659 1144 τή-

2085 1165 2276 1218 κεσθαι
2329 1163 2421 1216 καὶ
2466 1163 2559 1216 τοῦ
2611 1162 2979 1234 ξηραίνεσθαι,
3023 1165 3123 1217 οὐκ
3168 1163 3234 1217 ἂν
3274 1162 3466 1233 ψεῦδος
3507 1162 3661 1231 ἔλεγε

2085 1252 2237 1322 παρά
2271 1253 2331 1305 τὸ
2363 1252 2738 1323 ὑποκείμενον,
2771 1253 2878 1305 ἀπὸ
2907 1252 3007 1320 τῆς
3044 1253 3173 1321 μιᾶς
3205 1251 3535 1322 θερμότητος
3562 1268 3662 1320 τη-

2083 1342 2312 1411 κομένου
2346 1343 2441 1412 μὲν
2474 1341 2566 1395 τοῦ
2607 1342 2800 1413 κηροῦ,
2831 1343 3217 1414 ξηραινομένου
3249 1342 3304 1394 δὲ
3330 1341 3422 1394 τοῦ
3462 1341 3654 1411 πηλοῦ’
3747 1339 3753 1345 ’

2081 1431 2252 1496 οὕτως
2303 1434 2335 1503 ἡ
2395 1433 2492 1500 μία
2553 1433 2802 1502 ἐνέργεια
2874 1436 2907 1504 ὴ
2952 1433 3039 1485 διὰ
3085 1433 3328 1494 Μωσέως
3373 1433 3655 1502 γινομένη,

2083 1523 2427 1596 σκληρυσμὸν
2457 1523 2554 1593 μὲν
2597 1524 2793 1593 ἤλεγχε
2833 1524 2922 1576 τὸν
2949 1523 3043 1577 τοῦ
3068 1523 3286 1592 Φαραὼ,
3313 1523 3399 1576 διὰ
3421 1523 3520 1594 τὴν
3553 1540 3655 1578 κα-

2082 1615 2208 1668 κίαν
2236 1614 2420 1668 αὐτοῦ’
2459 1613 2630 1666 πειθὼ
2662 1614 2719 1666 δὲ
2753 1614 2851 1685 τὴν
2873 1615 2979 1668 τῶν
3011 1615 3313 1685 ἐπιμίκτων
3341 1614 3656 1681 Αἰγυπτίων

2081 1702 2597 1773 συνεξορμησάντων
2612 1705 2723 1766 τοῖς
2732 1697 2828 1755 Ἐὅ
2834 1704 3025 1774 ραίοις.
3049 1704 3158 1756 Καὶ
3177 1703 3235 1754 τὸ
3252 1703 3389 1756 κατὰ
3404 1703 3463 1755 τὸ
3480 1702 3653 1773 βραχὺ

2077 1795 2134 1848 δέ
2193 1793 2602 1866 ἀναγεγράφθαι
2648 1795 2814 1847 οἱονεὶ
2869 1796 3236 1866 μαλάσσεσθαι
3286 1795 3384 1867 τὴν
3426 1784 3652 1865 καρδίαν

2076 1884 2294 1954 Φαραὼ,
2317 1886 2580 1954 λέγοντος
2608 1905 2626 1938 ι
2659 1884 2796 1936 Ἀλλ’
2821 1885 2880 1936 οὐ
2901 1885 3114 1955 μακρὰν
3135 1886 3463 1937 ἀππενείτε’
3484 1884 3651 1953 τριῶν

2076 1977 2185 2048 γὰρ
2214 1977 2432 2048 ἡμερῶν
2463 1975 2814 2050 πορεύσεσθε,
2840 1977 2933 2029 καὶ⁵
2959 1976 3056 2038 τὰς
3079 1977 3341 2044 γυναῖκας
3373 1974 3402 2025 ὑ
3413 1972 3529 2043 μῶν
3551 1990 3652 2027 κα.-

2073 2069 2376 2123 ταλείπετε·
2419 2089 2438 2120 ι
2467 2070 2561 2122 καὶ
2589 2070 2691 2122 ὅσα
2719 2068 2852 2122 ἄλλα
2883 2066 3026 2120 κατά
3056 2067 3228 2138 βραχὺ
3251 2064 3482 2127 ἐνδιδοὺς
3513 2064 3650 2133 πρὸς

2074 2160 2141 2214 τὰ
2174 2162 2430 2232 τεράστια
2461 2161 2633 2229 ἔλεγε,
2669 2160 2820 2229 δηλοῖ
2849 2160 2930 2212 ὅτι
2964 2159 3183 2228 ἐνήργει
3214 2157 3312 2226 μέν
3347 2173 3398 2208 τι
3431 2156 3523 2208 καὶ
3567 2157 3651 2216 εἰς

2073 2249 2233 2302 αὑτὸν
2263 2250 2331 2302 τά
2362 2252 2586 2321 σημεῖα,
2617 2250 2676 2302 οὐ
2711 2247 2816 2319 μὴν
2865 2248 2926 2300 τὸ
2957 2248 3062 2299 πᾶν
3095 2245 3503 2316 κατειργάζετο.
3535 2245 3650 2296 Οὐκ

407 2341 537 2394 tiam
580 2338 931 2405 declarabat,
980 2340 1075 2409 qui
1118 2341 1280 2394 etiam
1324 2354 1446 2395 cum
1494 2341 1741 2396 Hebraeis
1769 2343 1971 2411 pariter

2078 2340 2136 2394 ἂν
2167 2341 2224 2393 δὲ
2258 2341 2380 2394 οὐδέ
2425 2340 2597 2394 ταῦτα
2648 2339 2875 2408 ἐγίνετο,
2911 2339 2960 2390 εἰ
3012 2337 3071 2390 τὸ
3098 2336 3378 2406 νοούμενον
3408 2335 3511 2387 ὑπὸ
3538 2334 3651 2386 τῶν

404 2428 713 2483 excessisse
737 2426 971 2500 Egypto
1000 2429 1338 2483 referuntur.
1369 2429 1529 2495 Quod,
1552 2444 1684 2484 vero
1711 2432 1967 2498 scriptum

402 2526 486 2575 est
511 2520 639 2589 quia
659 2518 916 2588 paulatim
938 2520 1287 2575 edomaretur
1313 2535 1408 2576 cor
1435 2520 1734 2575 Pharaonis
1753 2521 1886 2592 (45),
1913 2532 1970 2576 ut

404 2610 698 2679 aliquando
744 2610 987 2664 diceret:
1018 2627 1037 2661 ι
1065 2608 1180 2664 Νοη
1225 2610 1387 2680 longe
1439 2612 1679 2677 abeatis,
1713 2613 1816 2668 iter
1865 2613 1968 2667 tri-

401 2702 496 2756 dui
525 2700 792 2766 ebibitis,
824 2701 917 2755 sed
952 2716 1149 2755 uxores
1189 2711 1403 2756 vestras
1440 2702 1735 2772 relinquite
1775 2713 1832 2759 et
1879 2705 1966 2757 in-

404 2793 587 2848 fantes
612 2801 828 2849 vestros
853 2802 909 2848 et
940 2808 1138 2863 pecora
1165 2803 1382 2860 vestra;
1418 2811 1438 2844 ι
1464 2794 1558 2849 sed
1577 2802 1635 2851 et
1660 2795 1703 2849 si
1733 2809 1838 2864 qua
1861 2795 1968 2850 alia

402 2887 602 2954 scripta
622 2894 741 2939 sunt
763 2901 861 2954 per
878 2901 998 2956 quae
1016 2885 1274 2955 paulatim
1293 2883 1509 2939 videtur
1529 2886 1878 2954 acquiescere
1894 2887 1968 2940 si-

401 2975 522 3045 gnis
547 2986 600 3029 et
636 2975 944 3035 virtutibus.
973 2975 1100 3044 quid
1127 2975 1269 3028 aliud
1320 2990 1383 3030 ex
1423 2974 1508 3028 his
1545 2976 1834 3040 indicatur,
1861 2977 1964 3032 nisi

403 3067 543 3136 quod
565 3066 760 3134 agebat
787 3065 1002 3133 quidem
1028 3065 1082 3118 in
1102 3079 1165 3118 eo
1184 3065 1390 3133 aliquid
1416 3053 1694 3135 signorum
1717 3077 1773 3120 et
1796 3067 1966 3120 mira-

402 3154 590 3209 bilium
637 3154 830 3218 virtus,
859 3168 964 3207 non
997 3161 1182 3207 tamen
1223 3162 1482 3223 quantum
1517 3155 1674 3208 debet
1708 3156 1967 3223 operaba-

402 3246 527 3300 tur?
567 3245 624 3299 Si
652 3244 795 3300 enim
829 3243 954 3298 talis
1000 3252 1122 3298 erat
1163 3244 1444 3298 induratio
1490 3243 1706 3313 qualem
1744 3245 1962 3314 plurimi

402 3344 631 3408 putant,
675 3350 778 3390 non
814 3336 1000 3405 utique
1037 3334 1372 3389 inveniretur
1411 3336 1496 3390 vel
1547 3336 1602 3389 in
1648 3337 1834 3403 paucis
1867 3352 1962 3393 ac-

400 3427 973 3509 quiescere._Tropum
1007 3441 1139 3481 vero
1165 3426 1250 3481 vel
1283 3425 1510 3497 ﬁguram
1541 3426 1815 3481 sermonis
1844 3425 1965 3494 ejus

399 3521 490 3589 qui
527 3520 767 3588 scriptus
795 3528 879 3574 est
907 3519 972 3574 de
995 3518 1344 3573 induratione
1366 3558 1380 3584 ,
1410 3519 1574 3572 etiam
1601 3533 1668 3573 ex
1691 3520 1962 3573 communi

338 3615 352 3623 '
405 3611 800 3666 conSuetudine
834 3625 1106 3680 exponere
1133 3619 1262 3679 puto
1289 3609 1428 3679 quod
1461 3625 1566 3664 non
1596 3610 1848 3665 videatur
1873 3610 1964 3665 ab-

2072 2432 2302 2494 πολλῶν,
2337 2451 2355 2483 ι
2397 2429 2682 2502 σκληρυνῶ
2709 2429 2806 2499 τὴν
2835 2428 3060 2499 καρδίαν
3081 2425 3343 2497 Φαραὼ,’›
3370 2426 3459 2478 ὑπ’
3481 2422 3649 2477 αὑτοῦ

2071 2525 2353 2596 ἐνηργεῖτο
2405 2523 2496 2575 τοῦ
2521 2523 2654 2576 Θεοῦ
2683 2521 2942 2592 δηλονότι.
2971 2520 3084 2571 Οὐκ
3113 2519 3308 2572 ἄτοπον
3337 2517 3393 2569 δὲ
3420 2516 3513 2569 καὶ
3539 2514 3651 2569 ἀπὸ

2072 2613 2352 2684 συνηθείας
2371 2613 2438 2666 τὰ
2465 2613 2689 2666 τοιαῦτα
2720 2608 3242 2682 παραμυθήσασθαι,
3265 2607 3521 2670 πολλάκις
3537 2605 3648 2658 τῶν

2069 2704 2324 2775 χρηστῶν
2349 2703 2622 2756 δεσποτῶν
2657 2701 2970 2771 φασκόντων
3014 2702 3127 2762 τοῖς
3157 2698 3242 2751 διὰ
3275 2697 3371 2768 τὴν
3417 2697 3646 2767 χρηστό-

2067 2811 2206 2864 τητα
2230 2794 2322 2847 καὶ
2339 2793 2436 2864 τὴν
2456 2792 2825 2864 μακροθυμίαν
2845 2787 3279 2860 ἐπιτριϐομένοις
3302 2785 3538 2848 οἰκέταις
3561 2783 3644 2836 τό-

2081 2882 2219 2951 Ἐγώ
2250 2901 2309 2935 σε
2346 2881 2576 2951 πονηρὸν
2610 2881 2862 2950 ἐποίησα,
2880 2880 2974 2931 καὶ
3008 2878 3121 2947 ἐγώ
3148 2895 3229 2930 σοι
3258 2875 3427 2938 αἴτιος
3446 2874 3648 2945 γέγονα

2069 2972 2172 3025 τῶν
2203 2970 2534 3042 τηλικούτων
2578 2967 3011 3039 ἁμαρτημάτων·
3067 2967 3148 3018 δεῖ
3177 2965 3285 3036 γὰρ
3340 2964 3432 3017 τοῦ
3481 2964 3644 3034 ἤθους

2067 3062 2296 3115 ἀκοῦσαι
2318 3061 2520 3130 καὶτῆς
2545 3059 2824 3129 δυνάμεως
2846 3057 2938 3111 τοῦ
2972 3058 3284 3128 λεγομένου,
3322 3056 3414 3109 καὶ
3445 3054 3518 3126 μὴ
3551 3073 3645 3107 συ-

2069 3156 2365 3222 κοφαντεῖν,
2408 3152 2481 3224 μὴ
2515 3152 2915 3214 κατακούοντας
2941 3149 3035 3202 τοῦ
3077 3148 3408 3219 βουλήματος
3429 3147 3520 3199 τοῦ
3554 3146 3644 3198 λό-

2066 3259 2184 3314 γου·
2242 3247 2299 3298 '0
2325 3245 2456 3314 γοῦν
2506 3245 2720 3309 Παῦλος
2763 3243 2934 3296 ταῦτα
2985 3241 3170 3311 σαφῶς
3216 3241 3473 3305 ἐξετάσας
3510 3238 3642 3309 φησὶ

2067 3338 2200 3408 πρὸς
2243 3338 2333 3389 τὸν
2375 3337 2771 3408 ἁμαρτάνοντα·
2805 3351 2829 3386 ς
2863 3334 2932 3386 Ἢ
2967 3331 3060 3385 τοῦ
3101 3331 3331 3385 πλούτου
3381 3332 3478 3401 τῆς
3509 3347 3644 3400 χρη-

2068 3430 2321 3500 στότητος
2352 3428 2516 3482 αὑτοῦ
2537 3429 2630 3481 καὶ⁸
2660 3429 2759 3497 τῆς
2788 3428 2984 3498 ἀνοχῆς
3021 3427 3112 3479 καὶ
3142 3425 3241 3494 τῆς
3267 3421 3642 3495 μακροθυμίας

2066 3524 2442 3591 καταφρονεῖς,
2468 3519 2675 3587 ἀγνοῶν
2707 3520 2789 3571 ὅτι
2817 3519 2877 3570 τὸ
2907 3519 3138 3590 χρηστὸν
3163 3515 3257 3568 τοῦ
3286 3513 3418 3566 Θεοῦ
3446 3515 3525 3572 εἰς
3556 3528 3644 3581 με-

2065 3611 2282 3665 τάνοιάν
2319 3628 2377 3663 σε
2411 3610 2562 3677 ἅγει;
2597 3609 2752 3662 Κατὰ
2796 3610 2852 3662 δὲ
2890 3609 2988 3680 τὴν
3029 3606 3367 3678 σκληρότητά
3401 3622 3492 3658 σου
3547 3603 3641 3656 καῖ⁹

397 3703 643 3756 surdum.
692 3671 1033 3771 Frequenter
1060 3671 1201 3754 enim
1235 3671 1576 3771 benigniores
1621 3703 1820 3770 quique
1868 3702 1963 3755 do-

2078 3701 2434 3771 ἅμετανόητον
2479 3698 2724 3769 καρδίαν,
2772 3696 3118 3768 θησαυρίζεις
3165 3694 3339 3765 ἐαυτῷ
3377 3695 3542 3766 ὀργὴν
3581 3694 3640 3744 ἐν

402 3793 531 3845 mini
563 3793 630 3846 ad
661 3806 756 3846 eos
784 3807 973 3847 servos
999 3792 1090 3862 qui
1131 3807 1229 3862 per
1272 3787 1500 3846 multam~
1543 3794 1863 3861 patientiam
1909 3804 1965 3847 et

2078 3793 2252 3864 ἡμέρᾳ
2272 3793 2440 3862 ὀργῆς
2465 3795 2557 3845 καὶ
2591 3790 2983 3860 ἀποκαλύψεως
3015 3785 3405 3857 δικαιοκρισίας
3426 3784 3580 3837 Θεοῦ.
3615 3805 3633 3833 ι

402 3879 875 3935 mansuetudinem
927 3881 1269 3935 dominorum
1320 3882 1708 3938 insolentiores
1760 3884 1963 3951 impro-

2078 3886 2144 3936 Ἀ
2185 3885 2292 3955 γὰρ
2331 3885 2476 3952 λέγει
2510 3886 2646 3958 πρὸς
2673 3887 2762 3939 τὸν
2803 3885 3184 3956 ἁμαρτάνοντα
3225 3884 3254 3935 ὁ
3299 3879 3634 3943 Ἀπὸστολος,

1624 3974 2181 4032 lNTEllPRETATlO
2217 3976 2428 4034 NOVA.

398 4066 562 4138 igitur
605 4075 687 4121 est
731 4067 783 4138 in
845 4066 1020 4138 imbre
1069 4065 1409 4138 demittendo
1455 4080 1590 4133 opus
1619 4081 1743 4138 ,εχ
1781 4082 1860 4138 _eo
1913 4076 2091 4121 tamen
2130 4083 2287 4138 uno,
2341 4068 2494 4123 tellus
2541 4069 2705 4138 culta,
2739 4067 2966 4138 fruges,
3023 4064 3267 4138 neglecta
3321 4071 3397 4138 et_
3429 4061 3633 4117 inculta

396 4134 580 4202 spinas
615 4137 836 4204 profert.
883 4135 1086 4188 Durum
1135 4148 1277 4206 sane
1313 4135 1563 4206 videatur
1614 4137 1659 4187 si
1706 4136 1794 4204 qui
1849 4137 2078 4206 imbrem
2129 4137 2381 4204 largitur,
2433 4138 2621 4191 dicat:
2667 4137 2778 4206 Ego
2820 4137 3004 4206 fruges
3034 4147 3109 4206 iet
3153 4136 3337 4202 spinas
3385 4134 3438 4187 in
3491 4141 3635 4206 terra
3725 4145 3728 4148 ‘

396 4201 536 4272 Ieci;
580 4201 674 4264 sed
714 4207 816 4260 etsi
861 4206 1095 4266 durum,
1147 4203 1498 4257 nihilominus
1541 4201 1736 4274 verum
1779 4215 1881 4258 est.
1932 4204 2009 4274 Si
2039 4207 2182 4259 enim
2218 4201 2405 4261 imber
2455 4201 2754 4265 defuisset.
2803 4201 2977 4274 neque
3023 4201 3205 4273 fruges
3251 4217 3424 4274 neq_ue
3466 4201 3638 4274 spina:

409 4270 824 4342 provenissent;
864 4274 1132 4345 hoc_vero
1162 4273 1478 4342 tempestive
1507 4273 1875 4345 et_nioderate
1919 4272 2219 4345 defluente,
2264 4284 2322 4329 et
2372 4275 2554 4341 fruges
2595 4286 2650 4345 et
2695 4270 3291 4345 spinze‘exortaz'sunt.
3341 4271 3505 4326 Terra
3539 4270 3640 4338 igi-

397 4341 484 4414 tur
526 4360 646 4414 qua:
691 4341 831 4412 saepe
880 4341 1398 4414 venientemsuper
1440 4355 1499 4396 se
1539 4341 1732 4397 bibens
1781 4345 2066 4414 imbrem,_
2094 4344 2284 4414 spinas
2329 4359 2394 4398 ac
2443 4344 2691 4400 tribulos.
2724 4341 2963 4412 profert,
3013 4343 3240 4414 reproba
3289 4349 3374 4414 est
3399 4350 3471 4414 _et
3519 4353 3639 4391 ma-

396 4408 596 4484 ledicto
634 4408 902 4484 proxima.
948 4413 1090 4484 Ergo
1131 4408 1321 4484 imbris
1365 4425 1582 4480 quoque
1627 4413 1951 4484 beneficium
1995 4408 2162 4464 etiam
2211 4413 2263 4484 in
2299 4414 2640 4484 _deteriorem
2688 4408 2888 4468 terram
2937 4408 3181 4484 decidit,
3225 4408 3482 4484 seilﬁejus
3540 4423 3634 4461 so-

397 4483 506 4535 lum
557 4477 857 4552 neglectum
908 4489 964 4536 et
1015 4477 1279 4552 incultum
1325 4477 1512 4552 spinas
1561 4490 1616 4534 et
1665 4482 1897 4535 tribulos
1948 4484 2180 4552 peperit.
2233 4481 2312 4534 Ad
2358 4496 2481 4534 eum
2530 4483 2696 4548 igitur
2734 4484 2961 4552 modum
2996 4481 3280 4552 quaefecit
3323 4477 3464 4531 Deus
3510 4492 3636 4544 pro-

394 4552 576 4620 digia,
619 4549 716 4604 ceu
765 4553 936 4605 imber
985 4551 1203 4618 quidam
1253 4561 1422 4616 sunt;
1467 4551 1700 4604 diversae
1747 4565 1878 4605 vero
1925 4550 2271 4614 voluntates,
2319 4564 2418 4604 ceu
2467 4559 2610 4605 terra
2662 4551 2808 4606 culta
2855 4551 2945 4606 vel
2992 4549 3198 4604 inculta
3243 4562 3399 4619 quis,
3449 4554 3638 4614 utpote

398 4627 580 4673 terra.
635 4621 792 4673 iunius
843 4628 1050 4672 naturae
1093 4628 1199 4672 est.
1563 4654 1569 4656 -
1822 4634 1825 4636 ·

464 4660 1068 4758 i'ii’dliie'di‘ltd'fiiéiiiiiii
1095 4660 1301 4740 Van-tem
1359 4687 1402 4740 si
1450 4687 1530 4741 sol
1588 4701 1774 4758 vocem
1821 4689 2092 4758 emittens
2130 4687 2358 4750 diceret,
2409 4686 2520 4757 Ego
2566 4687 2855 4758 liquefacio
2911 4697 2968 4743 et
3019 4687 3238 4742 exsicco
3279 4700 3293 4738 :
3346 4683 3470 4758 licet
3505 4684 3636 4758 _htec

394 4752 667 4811 contraria
713 4757 858 4820 sint,
906 4756 1042 4810 nihil
1093 4763 1272 4810 tamen
1316 4769 1418 4824 pro
1457 4771 1517 4809 re
1561 4755 1804 4824 subjecta
1851 4755 1972 4810 falsi
2020 4757 2267 4820 diceret,
2303 4771 2425 4810 cum
2457 4752 2564 4810 uno
2588 4752 2897 4825 eodemque
2942 4758 3127 4812 calore
3173 4752 3632 4825 cera‘liqueliat,

396 4826 569 4896 lutum
615 4826 965 4896 exsiccetur;
998 4825 1096 4896 _ita
1142 4821 1332 4896 unum'
1365 4826 1618 4894 idemque
1663 4821 1945 4896 _opusDei
1995 4841 2105 4896 per,
2151 4825 2383 4896 Moysem
2441 4826 2706 4894 arguebat
2754 4821 3011 4880 duritiem
3065 4821 3632 4896 Pltaraonis_propter

393 4894 658 4964 malitiam
712 4894 920 4962 ipsius;
973 4893 1353 4964 Egyptiorum
1403 4892 1546 4964 vero
1585 4894 1679 4961 qui
1735 4892 2012 4948 Hebraeis
2042 4892 2528 4964 admiscebantur,‘
2573 4895 2935 4964 obedientiam
2989 4892 3634 4964 declaraliat.‘Quod_q_ue

393 4963 577 5017 statim
625 4961 1322 5033 scriptum’est,"paulum
1375 4963 1672 5016 emollitum
1727 4976 1850 5033 esse
1899 4977 2005 5033 _cor
2063 4963 2368 5033 Pharaonis
2423 4965 2694 5018 dicentis:
2724 4981 2744 5014 ι
2788 4963 2866 5018 Ne
2903 4965 3065 5032 longe
3107 4962 3420 5033 excedatis,
3468 4961 3631 5033 tridui

367 5033 540 5102 'enim
583 5033 722 5086 viam
740 5030 940 5102 ~ibitis,
982 5030 1384 5102 ised'conjuges
1420 5043 1635 5102 vestras
1681 5031 2063 5102 relinquite,ir
2096 5032 2338 5102 itemque
2381 5043 2577 5102 caetera
2619 5049 2740 5102 qua:
2788 5030 3321 5102 paulu|u_m_cedens
3350 5030 3658 5102 prodigiis.

393 5101 641 5170 dicebat,
687 5101 821 5155 satis
852 5101 1158 5170 declarant
1207 5100 1374 5170 signa,
1418 5100 1505 5153 illa
1559 5101 1612 5154 in
1669 5115 1794 5154 eum
1861 5101 2065 5168 aliquid
2128 5100 2327 5170 virium
2391 5100 2682 5168 habuisse,
2744 5100 2840 5156 sed
2893 5118 2998 5156 non
3049 5100 3264 5169 plenam
3311 5100 3630 5170 elIicaciam.

392 5169 580 5240 Neque
643 5172 764 5240 hac,
821 5169 899 5224 sic
958 5169 1292 5233 evenissent,
1335 5169 1403 5234 si,
1429 5170 1573 5240 quod
1636 5170 1788 5223 multi
1845 5171 2121 5240 cogitant,
2177 5169 2400 5240 istud,¢
2434 5171 2700 5224 indurabo
2745 5185 2841 5225 cor
2893 5171 3236 5240 Pharaonis,
3271 5186 3289 5219 ι
3321 5169 3460 5240 Deus
3518 5172 3632 5240 ipse

391 5237 684 5296 effecisset.
732 5239 838 5294 Sed
881 5248 934 5293 et
979 5240 1091 5293 haec
1137 5254 1242 5292 non
1288 5239 1523 5292 absurde
1560 5252 1628 5292 ex
1668 5237 1941 5308 comnmui
1985 5239 2246 5308 loquendi
2275 5254 2392 5308 nsn
2431 5240 2669 5294 emolliri
2717 5249 2967 5306 possunt.
3016 5238 3359 5308 Frequenter
3400 5237 3528 5308 boni
3576 5244 3634 5290 et

391 5309 615 5379 benigni
657 5309 857 5365 domini
909 5308 1083 5364 servis
1121 5309 1211 5375 iis,
1237 5309 1330 5377 qui
1376 5317 1598 5376 propter
1647 5306 2135 5376 benignitatem‘et
2176 5307 2495 5376 patientiam
2530 5309 2879 5365 dominorum
2916 5323 3177 5372 suorum,
3210 5307 3444 5376 perditis
3493 5306 3629 5358 fmnt

2046 5449 2348 5503 dentiorem
2371 5489 2386 5514 ,
2417 5469 2435 5501 ι
2460 5459 2567 5506 etc.

2114 5519 2224 5586 (45)
2263 5518 2364 5572 Cor
2406 5517 2733 5576 Pharaonis.
2774 5519 2867 5580 Sic
2909 5535 3044 5578 mss.
3078 5521 3248 5579 Libb.
3281 5519 3439 5586 editi,
3474 5536 3494 5570 t
3531 5519 3628 5575 d0-

2043 5603 2158 5643 mus
2189 5587 2514 5644 Pharaonis.
2550 5607 2571 5642 ι
3257 5591 3264 5593 ”

457 5456 572 5526 (42)
609 5455 684 5510 lta
713 5469 852 5526 _mss.
893 5453 1051 5526 Libb.
1093 5451 1466 5526 autem_edi_ti,
1504 5450 1838 5519 «superbius
1871 5465 1935 5504 ae

391 5520 665 5594 spinosius
701 5524 796 5578 ﬁat
840 5535 896 5580 et
935 5525 1200 5594 mitescat.
1223 5541 1251 5594 AD
1283 5520 1485 5594 Ibidem
1513 5535 1667 5594 mss.,
1697 5539 1714 5570 ι
1747 5535 1932 5594 verum

395 5590 465 5653 ad
490 5597 878 5656 evidentiorem
900 5633 917 5660 ,
941 5613 959 5648 ›
984 5605 1088 5650 etc.
1120 5591 1277 5647 Libb.
1307 5593 1434 5647 editi
1462 5631 1476 5659 ,
1504 5609 1520 5642 ι
1549 5591 1687 5645 unde
1718 5591 1786 5644 ad
1818 5590 1933 5644 evi-
