4014 6142
293 215 397 271 269

1632 210 1836 267 LIBER
1873 212 2191 268 TERTIUS.

3438 211 3545 267 270

290 329 535 398 λεγέσθω
562 327 696 399 πρὸς
716 327 804 379 τὸν
824 325 1041 398 Φαραὼ,
1072 326 1167 379 καὶ
1195 327 1334 380 πάνυ
1354 327 1629 398 ἁρμοδίως
1660 327 1867 399 νοηθείτ

1984 328 2275 397 bioresque
2309 328 2474 393 fiunt,
2513 327 2693 384 dicere
2735 327 2952 383 solent:
2990 327 3099 397 Ego
3134 334 3186 381 te
3216 326 3378 381 talem
3422 326 3553 382 fecit

292 420 461 474 ταῦτα
492 419 942 488 ἀπαγγελλόμενα
993 416 1160 487 αύτῷ,
1199 418 1340 471 κατὰ
1388 418 1485 488 τὴν
1538 418 1879 488 σκληρότητα

294 512 384 565 καὶ
414 510 784 580 ἀμετανόητον
816 506 980 562 αὐτοῦ
1009 510 1259 579 καρδίαν,
1293 507 1676 579 θησαυρίζοντι
1702 510 1878 579 ἐαυτῷ

292 602 476 673 ὀργήν·
531 599 631 669 τῆς
661 599 1024 669 σκληρότητος
1052 600 1151 651 οὐκ
1193 598 1258 651 ἂν
1292 596 1640 669 ἐλεγχθείσης
1679 597 1872 663 οὕτως,

289 690 407 742 ούδέ
435 691 674 761 φανερᾶς
694 689 1082 759 γεγενημένης,
1110 691 1157 741 εἰ
1186 688 1259 759 μὴ
1286 688 1354 741 τὰ
1378 690 1577 759 σημεῖα
1607 688 1870 756 ἐγεγόνει,

1989 434 2091 488 ego
2121 426 2172 473 te
2199 419 2446 487 perdidi,
2494 434 2609 472 mea
2662 426 2713 472 te
2755 419 3016 486 patientia
3071 417 3364 486 pessimum
3406 416 3556 481 feci,

1985 521 2086 575 ego
2116 507 2211 561 tibi
2238 522 2400 561 causa
2426 507 2583 577 hujus
2619 514 2728 561 tam
2757 508 2906 562 dura:
2932 518 2989 562 et
3016 511 3266 575 pessima:
3315 521 3552 560 consue-

1985 596 2189 653 tudinis
2219 597 2337 667 (45)
2373 598 2577 653 exsisto
2602 637 2618 663 ,
2647 598 2740 666 qui
2774 606 2827 653 te
2849 611 2953 651 non
2980 598 3164 651 statim
3190 612 3290 666 per
3313 596 3557 665 singulas

1982 687 2169 755 culpas
2211 688 2378 751 punio
2419 702 2517 757 pro
2558 688 2756 743 merito
2798 688 3144 743 delictorum.
3191 687 3429 743 Necesse
3472 695 3556 741 est

289 779 320 848 ἢ
350 777 596 845 ἐγεγόνει
646 776 757 847 (44)
792 777 907 847 μὲν,
954 777 1027 847 μὴ
1069 776 1301 829 τοσαῦτα
1336 776 1390 830 δὲ
1420 778 1514 830 καὶ
1544 776 1866 846 τηλικαῦτα.

1985 776 2145 846 119
2170 778 2312 830 enim
2344 792 2442 831 nos
2472 785 2683 846 tropum
2718 778 2893 847 primo
2922 779 3003 831 vel
3036 779 3257 848 figuram
3290 778 3556 833 sermonis

290 872 605 933 advertere,
639 880 696 925 et
731 870 801 922 ita
844 869 1056 922 demum
1091 869 1345 922 virtutem
1388 870 1516 924 dicti
1564 870 1901 939 intelligere,
1944 884 2043 923 nec
2089 869 2293 922 inferre
2330 867 2631 923 calumnias
2670 870 2836 923 verbo
2866 868 3021 935 cujus
3068 869 3381 923 interiorem
3424 882 3556 922 sen-

287 970 405 1011 sum
453 974 564 1013 non
608 958 918 1029 diligentius
956 957 1319 1026 exploremus.
1368 958 1609 1027 Denique
1648 960 1931 1030 apostolus
1973 958 2169 1013 Paulus
2216 958 2501 1013 evidenter
2538 960 2605 1011 de
2646 959 2843 1013 talibus
2884 969 3121 1013 tractans
3150 998 3167 1024 ,
3205 960 3282 1013 ait
3320 960 3389 1014 ad
3429 976 3551 1015 eum

288 1050 376 1116 qui
429 1049 787 1117 permanebat
831 1049 884 1103 in
937 1050 1207 1119 peccatis:
1257 1069 1276 1101 ι
1312 1049 1394 1103 Αη
1444 1051 1665 1106 divitias
1715 1052 1977 1107 bonitatis
2033 1052 2149 1119 ejus
2198 1066 2263 1106 ac
2316 1051 2593 1119 patientiae
2642 1061 2697 1105 et
2746 1051 3169 1120 longanimitatis
3224 1054 3552 1115 contemnis,

287 1146 547 1210 ignorans
604 1142 733 1210 quia
785 1140 1088 1212 benignitas
1139 1143 1229 1197 Dei
1284 1145 1350 1198 ad
1404 1143 1778 1212 paenitentiam
1836 1141 1953 1214 (46)
2010 1149 2061 1197 ιε
2110 1141 2369 1196 adducit?
2424 1139 2733 1195 Secundum
2787 1139 3039 1193 duritiam
3089 1151 3267 1195 autem
3313 1152 3459 1197 tuam
3502 1149 3557 1195 et

285 1233 637 1300 imposnitens
686 1247 782 1288 cor
819 1235 1159 1289 thesaurizas
1213 1235 1309 1288 tibi
1360 1235 1460 1303 ipsi
1518 1235 1651 1287 iram
1709 1234 1762 1286 in
1818 1233 1904 1286 die
1949 1233 2042 1287 ira:
2091 1239 2146 1287 et
2191 1230 2540 1286 revelationis
2584 1229 2714 1298 justi
2745 1227 2936 1297 judicii
2979 1229 3072 1284 Dei
3107 1230 3170 1284 ⁸⁸.
3207 1250 3225 1283 ›
3255 1230 3386 1286 Haec
3423 1232 3556 1287 dicit

282 1324 580 1391 Apostolus
604 1325 673 1379 ad
700 1339 824 1379 eum
853 1328 946 1395 qui
975 1329 1028 1380 in
1057 1330 1299 1397 peccatis
1347 1339 1449 1381 est.
1479 1326 1873 1381 Convertanins
1901 1328 2018 1381 haec
2070 1327 2186 1395 ipsa
2226 1341 2321 1380 nos
2370 1327 2435 1379 ad
2469 1326 2806 1378 Pharaonem
2847 1323 2950 1378 dici
2972 1364 2987 1389 ,
3038 1333 3093 1378 et
3120 1324 3239 1379 vide
3266 1326 3310 1380 si
3340 1342 3442 1381 non
3492 1343 3555 1383 ea

283 1419 448 1473 etiam
489 1421 557 1475 de
603 1422 721 1490 ipso
751 1422 856 1475 dici
892 1433 1262 1477 consonanter
1287 1423 1554 1489 invenies,
1603 1424 1695 1491 qui
1743 1423 2034 1477 secundum
2075 1422 2328 1475 duritiam
2366 1435 2516 1474 suam
2553 1429 2604 1473 et
2643 1432 2737 1473 cor
2776 1419 3123 1487 impaenitens
3167 1420 3556 1479 tbesaurizavit

282 1521 333 1565 et
376 1516 695 1569 recondidit
732 1516 834 1569 sibi
880 1516 981 1584 ipsi
1026 1516 1162 1568 iram
1214 1516 1266 1568 in
1300 1516 1385 1569 die
1422 1514 1552 1577 irae,
1600 1528 1699 1583 pro
1740 1528 1806 1567 eo
1852 1513 1993 1582 quod
2026 1526 2303 1580 nunquam
2349 1509 2546 1564 duritia
2590 1510 2705 1578 ejus
2746 1510 2818 1562 ita
2862 1509 3011 1577 argui
3041 1508 3173 1565 etin
3206 1510 3552 1567 manifestum
3612 1529 3618 1540 ·

281 1604 472 1656 venire
504 1603 802 1672 potuisset,
832 1604 936 1658 nisi
984 1603 1136 1673 signa
1169 1612 1220 1657 et
1254 1604 1501 1673 prodigia
1531 1602 1758 1658 fuissent
1786 1614 1892 1656 tam
1927 1603 2096 1657 multa
2142 1612 2359 1668 tamque
2389 1600 2673 1667 magnifica
2706 1610 3015 1668 prosecuta.

362 1696 500 1749 Ἀλλ’
548 1695 670 1747 ἐπεὶ
716 1694 1024 1758 δυσπειθεῖς
1057 1697 1113 1747 αἱ
1142 1691 1387 1749 τοιαῦται
1430 1695 1732 1766 διηγήσεις,
1776 1694 1871 1746 καὶ
1903 1705 1945 1759 Β

279 1786 447 1857 βίαιοι
477 1783 620 1839 εἶναι
646 1786 977 1853 νομίζονται,
1027 1786 1225 1856 ἴδωμεν
1259 1787 1353 1839 καὶ
1381 1785 1487 1839 ἀπὸ
1532 1784 1869 1857 προφητικοῦ

275 1877 436 1945 λόγου
459 1876 518 1927 τί
538 1892 700 1944 φασιν
733 1876 782 1929 οἱ
818 1876 1015 1946 πολλῆς
1040 1877 1406 1948 χρηστότητος
1433 1876 1567 1930 Θεοῦ
1600 1894 1869 1948 πεπειρα-

280 1968 437 2036 μένοι
486 1967 583 2019 καὶ
633 1966 707 2037 μὴ
762 1965 1055 2035 βιώσαντες
1095 1968 1294 2031 καλῶς,
1347 1968 1481 2022 ἀλλὰ
1534 1969 1673 2039 μετὰ
1700 1969 1871 2022 ταῦτα

273 2061 723 2129 ἁμαρτήσαντες·
746 2076 766 2109 t
797 2059 860 2111 Τί
887 2059 1193 2131 ἐπλάνησας
1222 2062 1388 2131 ἡμᾶς,
1422 2060 1613 2130 Κύριε,
1645 2060 1750 2112 ἀπὸ
1772 2060 1871 2130 τῆς

274 2149 392 2201 ὁδοῦ
434 2166 569 2213 σου,
621 2150 737 2200 Ἵνα
787 2147 839 2200 τί
894 2148 1235 2219 ἐσκλήρυνας
1286 2149 1442 2219 ἡμῶν
1480 2148 1577 2219 τὴν
1612 2150 1860 2220 καρδίαν,

275 2242 369 2292 τοῦ
397 2240 476 2311 μὴ
502 2239 783 2309 φοϐεῖσθαι
813 2240 872 2293 τὸ
900 2242 1068 2311 ὄνομά
1098 2259 1223 2305 σου;
1254 2240 1611 2311 Ἐπίστρεψον
1638 2240 1724 2294 διὰ
1746 2243 1871 2305 τοὺς

275 2327 500 2391 δούλους
547 2345 662 2391 σου,
697 2329 784 2381 διὰ
826 2328 923 2390 τὰς
973 2328 1141 2396 φυλὰς
1187 2329 1285 2399 τῆς
1343 2328 1709 2398 κληρονομίας
1752 2344 1867 2392 σου,

275 2420 365 2473 ἵνα
399 2420 602 2491 μικρόν
633 2438 685 2471 τι
730 2420 1222 2490 κληρονομήσωμεν
1268 2420 1358 2472 τοῦ
1403 2420 1562 2490 ὄρους
1594 2420 1685 2473 τοῦ
1712 2420 1869 2487 ἁγίου

280 2528 399 2564 σου.
436 2532 454 2563 ι
479 2512 589 2564 Καὶ
624 2512 681 2562 ἐν
710 2511 787 2579 τῷ
830 2510 1090 2579 Ἱερεμίᾳ·
1129 2529 1146 2559 ι
1185 2510 1506 2577 Ἠπάτησάς
1552 2527 1638 2579 με,
1672 2509 1868 2579 Κύριε,

279 2600 377 2653 καὶ
410 2598 729 2667 ⁴ἥπατήθην,
766 2596 1076 2665 ἐκράτησας
1110 2596 1203 2648 καὶ
1249 2595 1561 2665 ἐδυνάσθης.
1591 2614 1607 2645 ι
1642 2596 1715 2647 Τὸ
1742 2596 1868 2666 γὰρ,

278 2712 297 2743 ι
326 2693 428 2744 ἵνα
464 2691 518 2741 τί
553 2689 889 2758 ἐσκλήρυνας
916 2689 1071 2759 ἡμῶν
1104 2689 1202 2758 τὴν
1251 2686 1499 2758 καρδίαν,
1531 2687 1623 2741 τοῦ
1671 2689 1745 2758 μὴ
1776 2707 1872 2757 φίλ’

272 2782 500 2835 δεῖσθαι
524 2782 583 2834 τὸ
606 2779 774 2848 ὄνομά
808 2796 900 2831 σου
923 2796 970 2841 ;»
992 2779 1279 2848 λεγόμενον
1307 2778 1412 2830 ὑπὸ
1444 2779 1551 2830 τῶν
1582 2779 1872 2850 ἐλεηθῆναι

276 2871 763 2945 παρακαλούντων,
785 2873 841 2924 ἐν
865 2869 983 2940 ήθει
1008 2869 1295 2940 λεγόμενον
1322 2869 1559 2922 τοιοῦτόν
1580 2871 1873 2923 ἐστιν·”1να

274 2962 327 3013 τί
361 2962 460 3013 ἐπὶ
505 2960 754 3011 τοσοῦτον
798 2959 1001 3027 ἐφείσω
1050 2956 1226 3028 ἡμῶν,
1272 2958 1371 3009 οὐκ
1404 2958 1869 3028 ἐπισκεπτόμενος

2050 1695 2135 1748 12.
2171 1694 2322 1760 Quod
2354 1692 2398 1746 si
2435 1692 2613 1745 minus
2647 1692 2818 1760 plente
2843 1691 3093 1746 videntur
3124 1707 3245 1750 esse
3276 1695 3555 1763 probatio-

1972 1802 2070 1842 nes
2102 1801 2237 1854 quas
2270 1784 2529 1847 diximus,
2550 1792 2604 1837 et
2626 1783 2939 1849 apostolicae
2964 1785 3333 1842 similitudinis
3362 1803 3551 1856 parum

1973 1876 2297 1931 munimenti
2347 1875 2549 1929 habere
2598 1875 2775 1927 adhuc
2810 1874 3025 1928 videtur
3061 1879 3332 1943 assertio;
3387 1882 3551 1935 adhi-

1973 1967 2203 2022 beamus
2246 1965 2414 2019 etiam
2464 1964 2800 2033 prophetica:
2847 1969 3193 2022 auctoritatis
3241 1982 3549 2032 assensum.

1972 2062 2026 2106 et
2056 2051 2337 2105 videamus
2385 2051 2513 2121 quid
2561 2051 2724 2105 etiam
2778 2052 3054 2121 prophetae
3102 2058 3455 2123 pronuntient
3485 2062 3552 2113 de

1974 2144 2060 2198 his
2106 2143 2195 2211 qui
2243 2144 2421 2212 primo
2455 2144 2670 2212 quidem
2720 2152 2867 2199 recte
2897 2146 3160 2213 viventes,
3197 2149 3550 2219 benignitatis

1973 2234 2065 2288 Dei
2101 2235 2304 2290 habere
2333 2234 2736 2303 quamplurima
2785 2237 3157 2305 experimenta
3211 2253 3547 2306 meruerunt,

1973 2336 2158 2396 postea
2212 2341 2341 2380 vero
2382 2336 2440 2380 ut
2477 2327 2724 2381 homines
2764 2330 3144 2398 deliquerunt;
3182 2346 3304 2386 cum
3347 2334 3550 2401 quibus

1973 2431 2031 2470 se
2076 2431 2291 2484 quoque
2331 2432 2497 2470 unum
2530 2415 2733 2471 faciens
2767 2417 3037 2487 Propheta
3075 2420 3193 2473 ait:
3228 2439 3245 2471 ι
3271 2420 3340 2475 Ut
3373 2424 3501 2490 quid
3530 2464 3547 2488 ,

1974 2507 2219 2572 Domine,
2248 2521 2434 2561 errare
2464 2523 2565 2562 nos
2609 2507 2784 2563 fecisti
2829 2523 2860 2564 ιι
2892 2510 2977 2564 via
3012 2511 3136 2564 tua?
3169 2511 3228 2564 Et
3265 2527 3435 2580 quare
3467 2514 3549 2567 in-

1976 2597 2182 2649 durasti
2244 2611 2340 2652 cor
2384 2606 2635 2653 nostrum
2688 2600 2761 2652 uti
2810 2615 2918 2654 non
2980 2602 3300 2658 timeremus
3352 2618 3547 2658 nomen

1974 2689 2165 2741 tuum?
2220 2689 2553 2744 Convertere
2606 2701 2827 2759 propter
2879 2706 3067 2747 servos
3116 2704 3257 2757 tuos,
3321 2706 3550 2766 propter

1976 2780 2152 2832 tribus
2204 2778 2537 2833 IliBl‘edilaliS
2576 2786 2703 2843 tuze,
2757 2788 2816 2833 ut
2865 2789 2919 2834 et
2972 2797 3070 2836 nos
3100 2798 3290 2851 parum
3346 2786 3548 2854 aliquid

1974 2869 2308 2923 hzereditatis
2334 2869 2447 2939 (47)
2484 2870 2765 2939 capiamus
2796 2872 2863 2924 de
2899 2883 3079 2926 monte
3109 2883 3298 2927 sancto
3335 2880 3427 2929 tuo
3444 2875 3543 2928 δ’.»

1976 2954 2081 3007 Sed
2131 2963 2187 3009 et
2234 2953 2500 3011 Jeremias
2557 2957 2812 3013 similiter
2853 2960 2986 3013 dicit
3021 2978 3035 3013 :
3073 2977 3091 3011 ι
3118 2961 3389 3017 Seduxisti
3426 2980 3544 3029 nos,

277 3051 426 3121 ἡμᾶς
478 3049 570 3101 ἐπὶ
610 3051 730 3110 ταῖς
777 3046 1091 3117 ἁμαρτίαις,
1123 3045 1260 3098 ἀλλὰ
1306 3045 1620 3099 καταλιπὼν
1654 3048 1758 3111 ἕως
1787 3050 1867 3112 είς

1973 3045 2222 3111 Domine,
2255 3055 2308 3099 et
2339 3047 2549 3101 seducti
2596 3062 2822 3102 sumus:
2855 3049 3077 3105 tenuisti
3108 3061 3160 3105 et
3191 3053 3410 3119 potuisti
3431 3054 3497 3108 ⁵⁸.
3520 3075 3541 3107 ι

281 3135 515 3205 μέγεθος
545 3135 673 3209 ἔλθῃ
702 3135 1056 3205 πταισμάτων
1099 3132 1167 3186 τὰ
1198 3133 1475 3204 ἡμέτερα;
1521 3136 1866 3202 Ἐγκαταλεί-

278 3246 369 3282 πει
412 3230 477 3283 δὲ
520 3228 593 3299 μὴ
636 3227 1027 3296 κολαζομένους
1080 3228 1206 3288 τοὺς
1251 3226 1520 3291 πλείονας,
1559 3226 1646 3280 ἵνα
1689 3245 1747 3279 τε
1796 3228 1865 3281 τά

283 3321 521 3373 ἑκάστου
556 3318 660 3389 ήοη
694 3321 758 3370 ἐκ
788 3317 882 3370 τοῦ
925 3320 1008 3386 ἐφ’
1041 3320 1171 3387 ἡμῖν
1208 3316 1488 3388 ἐξετασθῇ,
1523 3320 1616 3371 καὶ
1644 3321 1863 3390 φανεροὶ

282 3412 380 3481 μὲν
411 3413 482 3463 ἐκ
528 3410 626 3480 τῆς
657 3408 954 3479 γενομένης
994 3408 1228 3477 βασάνου
1268 3410 1316 3460 οί
1353 3411 1631 3477 κρείττους
1662 3411 1861 3477 γένων-

278 3519 385 3554 ται·
421 3503 473 3553 οἱ
504 3500 560 3553 δὲ
589 3500 763 3553 λοιποὶ
794 3500 866 3569 μὴ
894 3498 1165 3562 λαθόντες,
1202 3500 1320 3568 οὐχὶ
1354 3499 1506 3561 Θεὸν,
1546 3502 1723 3553 πάντα
1752 3504 1862 3571 γάρ

278 3590 384 3645 οἶδε
414 3594 525 3665 πρὸ
544 3593 804 3660 γενέσεως
832 3591 1029 3654 αὐτῶν,
1049 3590 1184 3644 ἀλλὰ
1218 3591 1283 3644 τὰ
1309 3591 1503 3659 λογικά
1530 3592 1619 3645 καὶ
1640 3594 1857 3655 αὐτοὺς,

283 3683 507 3755 ὕστερον
540 3684 772 3754 τύχωσιν
800 3683 919 3736 ὀδοῦ
959 3682 1274 3754 θεραπείας·
1322 3684 1421 3735 οὐκ
1456 3683 1521 3736 ἂν
1564 3684 1861 3751 ἐγνωκότες

281 3775 377 3845 τὴν
410 3775 751 3846 εὐεργεσίαν,
795 3776 844 3827 εί
878 3774 952 3843 μὴ
993 3774 1199 3827 ἑαυτῶν
1232 3772 1694 3842 κατεγνώκεισαν·
1728 3775 1865 3845 ὅπερ

1974 3133 2126 3200 Quod
2174 3150 2303 3204 ergo
2346 3135 2466 3189 ait:
2499 3135 2613 3190 «Ad
2662 3136 2813 3206 quid,
2851 3139 3101 3203 Domine,
3152 3139 3415 3195 indurasti
3448 3157 3548 3198 cur

1972 3234 2217 3279 nostrum
2269 3225 2343 3278 uti
2380 3241 2484 3280 non
2522 3226 2808 3283 timeamus
2847 3244 3041 3284 nomen
3074 3231 3259 3283 tuum?
3289 3250 3307 3283 ι
3342 3233 3544 3287 dictum

1971 3316 2038 3370 ab
2067 3316 2152 3369 his
2183 3316 2273 3385 qui
2308 3317 2740 3372 misericordiam
2787 3320 3172 3387 precabantur,
3207 3322 3397 3377 morali
3438 3325 3546 3376 uti~

1969 3421 2077 3475 que
2132 3416 2291 3476 tropo
2343 3409 2724 3478 accipiendum
2780 3410 2940 3479 120
2965 3421 3080 3477 est;
3135 3414 3283 3468 velut
3322 3415 3367 3468 si
3420 3418 3545 3484 quis

1971 3495 2115 3549 dicat
2148 3512 2160 3549 :
2195 3496 2270 3551 Ut
2303 3496 2428 3565 quid
2464 3498 2515 3550 iu
2550 3507 2759 3551 tantum
2804 3501 3088 3567 pepercisti
3125 3502 3282 3556 nobis
3316 3518 3414 3557 nec
3459 3520 3545 3558 re-

1972 3584 2187 3652 quisisti
2222 3599 2318 3638 nos
2346 3600 2466 3639 cum
2500 3600 2872 3653 peccaremus,
2922 3588 3017 3642 sed
3056 3589 3318 3657 reliquisti
3346 3605 3444 3645 nos
3486 3604 3543 3647 ut

1971 3690 2067 3744 per
2116 3676 2221 3729 hoc
2253 3675 2587 3729 incresceret
2631 3677 2858 3740 malum,
2904 3687 2959 3732 et
2988 3689 3382 3747 prapagaretur
3409 3696 3541 3749 pec-

1972 3766 2131 3833 candi
2174 3765 2388 3820 licentia
2424 3766 2894 3824 animadversione
2924 3770 3212 3826 cessante?
3245 3770 3335 3828 Sic
3368 3787 3541 3844 equus

1510 3858 2071 3919 INTERPRETATIO
2102 3857 2312 3913 NOVA.

282 3958 530 4032 moribus
559 3997 573 4019 ,
622 3959 868 4032 ingerere
916 3957 1128 4032 solent:
1176 3955 1286 4026 Ego
1332 3963 1385 4010 te
1410 3955 1736 4032 improbum
1784 3954 1926 4032 feci,
1974 3964 2086 4032 ego_
2120 3958 2196 4032 tot
2233 3949 2657 4032 scelerum'tibi
2708 3966 2873 4009 causa
2913 3954 3342 4032 fui_:_ser_monis
3363 3960 3535 4032 ‘enim

287 4025 499 4096 indoles
546 4036 602 4080 et
644 4021 724 4096 vis
768 4027 1099 4081 adverteuda
1149 4021 1247 4080 esf
1280 4034 1335 4078 et
1375 4021 1523 4080 citra
1563 4024 1897 4096 calumniam
1946 4021 2088 4090 quod
2141 4021 2355 4096 dicitur
2390 4021 2630 4096 genuino
2685 4025 3293 4096 sensuuaccipiendum.
3352 4025 3536 4094 Quare

289 4093 520 4155 Paulus,
567 4095 660 4164 qui
706 4098 819 4151 haec
855 4104 1111 4151 accurate
1143 4103 1522 4164 perscrutatus
1556 4093 1773 4164 fuerat,
1811 4099 2129 4164 peccantem
2172 4091 2584 4164 sic_a|loqu_ilur
2612 4108 2675 4164 :_t
2706 4094 2786 4164 An
2821 4091 3045 4164 divitias
3084 4096 3345 4150 bonitatis
3376 4091 3494 4164 ejus
3519 4136 3536 4161 ,

286 4173 339 4235 et
381 4158 652 4233 patientia:
689 4177 742 4220 et
785 4158 1227 4235 longauintitatis
1249 4162 1597 4235 contemnis,
1646 4158 1907 4235 ignorans
1933 4159 2209 4235 quoniam
2260 4158 2572 4235 benignitas
2626 4161 2834 4235 Deiad
2884 4166 3280 4235 paenitentiam
3342 4158 3540 4235 te'aili-

287 4229 478 4288 (Ιυεὶιῖ
529 4235 835 4289 Secundum
879 4229 1065 4287 autem
1111 4233 1365 4299 duritiam
1424 4241 1571 4284 tuam
1626 4229 1688 4286 et
1729 4230 2074 4297 imptenitens
2118 4244 2236 4292 cor,
2272 4229 2614 4299 thesaurizas
2658 4231 2753 4297 tibi
2795 4229 3078 4299 ipsi'iram
3112 4235 3163 4285 in
3212 4235 3297 4286 die
3338 4234 3433 4288 iraa
3481 4242 3540 4288 et

288 4305 634 4374 revelationis
670 4304 803 4374 justi
850 4303 1048 4374 judicii
1093 4302 1210 4356 Dei.
1242 4320 1260 4352 ι
1286 4298 1423 4374 Nam
1470 4313 1591 4368 quae
1639 4299 1773 4352 dicit
1814 4300 1883 4352 ad
1930 4306 2243 4374 peccantem
2289 4298 2625 4374 Apostolus,
2656 4298 2924 4374 .dicantur
2972 4302 3039 4374 ad
3072 4301 3447 4374 Pharaonem,
3482 4314 3539 4374 et

288 4370 446 4444 plane
478 4368 1254 4444 congruenter'intelligentur
1284 4371 1385 4444 ipsi
1436 4377 1774 4444 competere,
1799 4368 2325 4444 propter_duriti_am
2376 4376 2441 4444 et_
2474 4368 2824 4444 imptenitens
2864 4384 2961 4423 cor
2996 4371 3387 4444 thesaurizanti
3430 4371 3537 4427 sibi

292 4436 386 4507 ipsi
422 4436 727 4497 iramfNec
753 4444 895 4496 enim
930 4436 1320 4509 ejus'durities
1338 4440 1417 4509 ita
1447 4436 1670 4507 coargui
1701 4450 1754 4509 et
1783 4437 2053 4509 declarari.
2088 4436 2355 4505 potuisset
2390 4436 2493 4488 nisi
2527 4437 2700 4509 signa
2746 4446 2933 4509 totae
2980 4450 3127 4493 tanta
3165 4441 3533 4495 exstitissent.

358 4512 447 4565 12.
480 4512 585 4565 Sed
622 4512 877 4580 quoniam
905 4505 1274 4578 expositiones
1300 4508 1566 4580 ejusmodi
1589 4505 1811 4561 'creditu
1842 4507 2084 4580 dilliciles
2118 4512 2172 4557 et
2197 4513 2459 4580 contortae
2490 4505 2764 4580 videntur,
2796 4508 3078 4580 videamus
3111 4524 3178 4563 ex
3213 4511 3533 4578 prophetico

294 4590 539 4635 sermone
571 4574 697 4649 quid
733 4582 919 4635 dicant
952 4574 989 4634 ii
1019 4581 1109 4649 qui
1141 4580 1237 4632 Dei
1268 4578 1663 4649 benignitatem
1684 4577 1904 4649 experti
1938 4586 2077 4649 sunt
2110 4588 2209 4627 nec
2253 4574 2482 4628 honeste
2530 4576 2808 4649 vixerunt,
2838 4579 2929 4631 sed
2973 4588 3159 4647 postea
3194 4574 3530 4648 peccaruut:

299 4664 316 4696 ι
344 4649 451 4706 Cur
477 4644 663 4706 errare
693 4666 791 4705 nos
819 4644 1305 4717 fecisti,‘Domine,
1340 4664 1367 4701 a
1401 4644 1489 4701 via
1517 4647 1644 4700 tua?
1675 4644 1785 4699 Cur
1814 4646 2079 4699 indurasti
2109 4658 2206 4699 cor
2237 4654 2509 4711 nostrum,
2540 4653 2596 4699 ut
2626 4659 2733 4700 non
2760 4644 3078 4704 timeremus
3112 4644 3307 4705 nomen
3339 4649 3530 4705 tuum?

372 4810 417 4841 “
449 4809 605 4864 Rom.
636 4821 698 4873 ιι,
726 4807 779 4871 4,
816 4806 869 4860 5.
945 4804 987 4835 ⁸⁷
1017 4803 1117 4857 lsa.
1148 4817 1301 4865 ωιιιι,
1338 4800 1425 4865 l7,
1466 4798 1553 4855 18.
1630 4798 1675 4829 ⁸⁸
1710 4795 1914 4853 Jerem.
1942 4810 2041 4863 xx,
2087 4797 2136 4849 7.

362 4970 469 5043 (44)
508 4964 583 5043 Ἦ
612 4970 889 5043 ἐγεγόνει.
919 4967 1042 5023 Haec
1076 4969 1276 5023 omissa
1308 4975 1431 5023 sunt
1474 4966 1526 5021 in
1554 4974 1711 5021 antea
1738 4967 1852 5022 edi-
1885 4969 1929 5023 D

300 5040 385 5105 tis,
424 5040 516 5095 sed
544 5042 811 5094 habentur
840 5042 890 5093 in
918 5053 1044 5093 mss.

362 5111 603 5181 (45);,Sic
632 5124 762 5163 mss.
795 5107 1115 5162 Libb.‘editi
1139 5148 1153 5171 ,
1179 5125 1196 5158 ι
1226 5115 1279 5159 ει
1317 5106 1846 5181 pessimaeinsolen-

299 5176 397 5234 tim.
425 5176 642 5233 {Paulo
691 5191 815 5247 post
863 5193 1017 5241 mss.,
1048 5196 1066 5228 ι
1102 5192 1199 5230 nos
1248 5187 1461 5247 tropum
1514 5177 1710 5247 primo.
1742 5195 1761 5228 ι
1788 5176 1844 5230 In

296 5251 448 5317 editis
495 5250 645 5302 deest
673 5246 918 5317 (primo.
951 5264 969 5297 ι
1004 5247 1131 5317 Post
1176 5246 1453 5315 paululum
1482 5286 1496 5310 ,
1532 5263 1552 5295 ι
1584 5246 1843 5317 virtutem

299 5316 417 5373 dicti
467 5314 791 5381 intelligere.
827 5337 844 5368 ι
870 5316 928 5370 In
968 5316 1127 5370 editis
1180 5314 1281 5385 pro
1312 5335 1329 5367 ι
1358 5317 1526 5376 dicti,
1564 5334 1581 5363 ι
1621 5314 1840 5384 legitur,

305 5387 456 5455 «Dei.
490 5407 509 5440 ι
538 5388 740 5441 Ibidem
773 5403 928 5449 mss.,
959 5401 978 5434 ι
1010 5400 1227 5440 sensum
1259 5402 1363 5441 non
1402 5387 1717 5455 diligentius
1745 5398 1846 5437 ex-

298 5453 583 5523 ploremus.
609 5474 627 5506 ι
654 5456 709 5509 In
733 5459 897 5511 editis
924 5456 1105 5518 deest,
1130 5475 1146 5505 ι
1168 5470 1329 5511 ηοη.ι
1356 5453 1523 5510 Paulo
1546 5462 1667 5522 post
1691 5468 1846 5519 mss.,

306 5527 410 5652 ad:
462 5527 659 5581 talibus
690 5535 965 5599 tractans.
998 5542 1015 5574 ι
1052 5523 1213 5586 Libb.
1260 5528 1387 5581 editi
1420 5567 1434 5593 ,
1479 5543 1497 5577 ι
1529 5528 1595 5579 de
1651 5523 1849 5579 talibus

351 5610 376 5651 a
414 5612 529 5652 eus.
564 5615 583 5648 ›

304 5598 529 5655 tradens.
564 5615 583 5648 ›
690 5598 695 5599 “

2031 4961 2148 5083 (462⁸
2182 4961 2257 5015 lla
2287 4976 2419 5045 mss.
2439 4962 2597 5044 Libb.
2629 4959 2935 5047 editi,‘x.ad’
2949 4955 3282 5049 patientiam.
3311 4986 3329 5021 ι
3366 4965 3534 5029 Patrio

2032 5044 2079 5083 st
2139 5032 2245 5083 tbb.
2292 5034 2445 5083 edltt.
2481 5050 2501 5083 ι
2535 5050 2587 5083 In
2625 5037 2711 5083 die
2743 5037 2927 5083 mde
2964 5038 3078 5083 Det.
3104 5056 3122 5083 ι
3160 5038 3267 5083 Sed
3303 5055 3435 5083 mea-
3470 5054 3529 5083 ιιι

1960 5032 2079 5100 poSt
2118 5032 2245 5085 libb.
2292 5034 2445 5096 editi,
2481 5050 2501 5085 ι
2535 5035 2587 5087 in
2625 5035 2711 5088 die
2737 5032 3078 5101 judicii'Dei.
3104 5056 3122 5087 ι
3160 5038 3267 5092 Sed
3303 5055 3436 5094 mss.
3470 5054 3532 5096 ut

1957 5105 2012 5156 iu
2065 5112 2255 5155 nostro
2295 5110 2463 5177 textu.
2515 5102 2706 5177 Paulo
2732 5104 2872 5177 infra
2901 5120 3049 5177 mss.
3104 5123 3124 5157 ι
3154 5109 3221 5161 de
3267 5124 3384 5177 ipso
3418 5111 3531 5166 dici

1954 5180 2321 5226 consonanter
2350 5172 2612 5228 invenies.
2638 5192 2657 5224 ι
2692 5174 2745 5227 In
2783 5175 2944 5229 editis
2982 5178 3133 5230 deest
3172 5194 3189 5228 t
3217 5172 3345 5233 diei.
3369 5198 3387 5230 ι
3420 5180 3531 5235 lbi-

1951 5242 2074 5295 dein
2109 5258 2260 5318 mss.,
2295 5260 2314 5291 ι
2338 5244 2921 5318 secundumduritiam
2960 5261 3167 5301 suanm
3209 5248 3352 5302 Editi
3378 5265 3530 5318 vero,

1960 5329 1979 5361 ι
2001 5313 2299 5381 secundum
2334 5313 2587 5365 duritiam
2616 5314 2754 5381 ejus.
2780 5333 2799 5366 ι

2028 5381 2145 5455 (47)
2183 5380 2421 5455 Tuw,_ut
2469 5392 2515 5434 et
2569 5399 2886 5455 nosﬁparum
2934 5384 3136 5455 aliquid
3174 5386 3525 5442 hereditatis.

1958 5451 2083 5506 llaec
2116 5451 2311 5506 desunt
2338 5453 2391 5504 in
2421 5462 2582 5506 antea
2613 5454 2795 5517 editis,
2824 5457 2915 5508 sed
2968 5451 3233 5508 habentur
3266 5458 3317 5508 in
3348 5458 3531 5509 omni-

1960 5524 2062 5576 bus
2093 5536 2220 5576 mss.
2253 5519 2397 5593 lufra
2427 5537 2557 5577 mss.
2617 5541 2634 5575 ι
2662 5523 2806 5578 velut
2831 5525 2873 5577 si
2905 5525 3029 5593 quis
3073 5526 3234 5578 dicat.
3268 5543 3285 5576 ι
3322 5524 3379 5579 In
3407 5525 3527 5582 edi-

1963 5593 2030 5647 tis
2052 5593 2221 5661 deest,
2253 5612 2269 5643 ι
2291 5592 2358 5646 si.
2376 5611 2393 5642 ι
