4014 6142
333 4970 341 4977 ’
374 4975 385 5013 i‘

355 5770 392 5788 Ρ.

404 277 503 331 271

1598 267 1920 325 ORIGENIS
1949 269 2109 322 ΠΕΡΙ
2149 269 2379 322 ΛΡΧΩΝ

3561 271 3667 326 272

403 397 449 450 si
486 409 593 448 non
627 391 834 448 assidui
871 391 1102 447 sessoris
1133 390 1392 443 ferratum
1431 389 1637 457 patitur
1687 391 1891 445 calcem
1923 403 1971 444 et

2083 390 2347 459 συμφέρει
2379 388 2592 456 ἑκάστῳ
2637 387 2722 440 ἵνα
2761 387 3014 458 αἴσθηται
3060 387 3158 456 τῆς
3209 387 3465 459 ἰδιότητος
3497 390 3664 442 αὑτοῦ

406 487 575 540 frenis
608 501 704 538 ora
737 485 959 539 ferratis
987 482 1269 542 obteritur,
1321 480 1640 535 indurescit.
1673 480 1764 536 Sic
1797 481 1976 550 pueri-

405 581 472 635 lis
498 578 615 652 (48)
645 588 776 632 aetas
812 578 854 630 si
889 575 1029 628 nulla
1069 574 1233 642 plaga:
1270 570 1587 626 assiduitate
1618 583 1866 635 curetur,
1895 574 1976 626 in-

409 673 674 726 solentem
729 669 887 724 simul
941 677 993 720 et
1038 667 1103 719 ad
1162 665 1293 719 vitia
1346 665 1680 734 pra-cipitem
1716 664 1973 733 juvenem

406 765 612 818 reddet.
658 760 933 828 Relinquit
973 773 1104 828 ergo
1146 757 1287 812 Deus
1331 768 1386 813 et
1436 757 1656 826 negligit
1703 773 1798 812 eos
1839 773 1976 826 quos

406 855 749 924 correptione
776 852 1032 921 iudicarit
1077 851 1349 920 indignos.
1386 868 1403 899 ι
1429 849 1598 916 Quem
1628 851 1769 903 enim
1799 850 1976 916 diligit

404 947 682 1008 Dominus,
715 944 964 1012 corripit,
999 942 1233 1010 ﬂagellat
1292 951 1471 994 autem
1527 957 1740 994 omnem
1802 940 1971 992 filium

400 1055 556 1110 quem
592 1037 862 1108 recipit)9
892 1055 910 1087 ι
969 1037 1044 1088 Ex
1092 1050 1198 1102 quo
1226 1035 1600 1087 arbitrandnm
1640 1042 1723 1088 est
1757 1033 1807 1086 in
1840 1033 1976 1086 tilio-

398 1149 515 1186 rum
559 1131 671 1199 jam
720 1130 966 1184 ordinem
998 1138 1051 1180 et
1087 1126 1337 1180 affectum
1390 1126 1556 1193 recipi
1603 1141 1696 1179 eos
1739 1126 1826 1193 qui
1878 1124 1973 1178 lla-

398 1223 584 1294 gellari
614 1238 643 1276 a
673 1221 899 1274 Domino
946 1218 1244 1271 meruerint
1276 1225 1329 1272 et.
1355 1219 1584 1286 corripi,
1620 1233 1727 1286 quo
1764 1217 1973 1270 scilicet

398 1327 451 1368 et
508 1330 605 1383 per
663 1312 1027 1367 tentationum
1077 1320 1132 1363 et
1187 1309 1598 1363 tribulationem
1653 1309 1969 1376 patientiam

396 1407 606 1476 possint
635 1404 800 1457 etiam
851 1401 953 1470 ipsi
1001 1401 1184 1454 dicere
1218 1416 1230 1452 :
1273 1419 1290 1450 ι
1317 1399 1448 1464 Quis
1485 1414 1581 1451 nos
1627 1399 1900 1466 separabit
1940 1412 1969 1448 a

399 1497 668 1551 charitate
703 1494 794 1547 Dei
839 1507 959 1562 qua:
1001 1500 1082 1544 est
1108 1491 1158 1542 in
1183 1488 1401 1542 Christo
1432 1486 1596 1541 Iesu?
1631 1487 1972 1541 Tribulatio?

395 1603 462 1640 an
506 1584 794 1654 angustia?
829 1600 893 1634 an
927 1579 1256 1649 fames(49)?
1296 1595 1360 1631 an
1406 1579 1662 1633 nuditas?
1713 1595 1778 1632 an
1826 1578 1971 1647 peri-

393 1677 617 1731 culum?
648 1691 712 1728 an
745 1673 954 1744 gladius
990 1671 1076 1724 ὀἳ
1109 1689 1125 1721 ι
1168 1669 1271 1724 Per
1312 1670 1430 1723 haec
1458 1669 1601 1722 enim
1639 1670 1817 1723 omnia
1853 1684 1967 1722 ma-

2086 485 2178 537 καὶ
2216 484 2313 552 τῆς
2370 483 2588 554 χάριτος
2633 482 2726 534 τοῦ
2774 481 2931 534 Θεοῦ.
2978 482 3035 533 Ὁ
3074 481 3130 533 δὲ
3166 482 3238 553 μὴ
3278 481 3665 552 αἰσθανόμενος

2083 576 2180 645 τῆς
2202 573 2335 636 ἰδίας
2353 571 2630 634 ἀσθενείας
2653 573 2861 643 καὶτῆς
2884 574 3035 636 Θείας
3055 573 3297 644 χάριτος,
3317 573 3420 626 κᾶν
3443 575 3665 644 εὐεργε-

2084 669 2262 739 τῆται,
2289 667 2362 738 μὴ
2403 667 2594 719 ἑαυτοῦ
2632 668 3054 738 πεπειραμένος,
3100 671 3232 739 μηδὲ
3276 667 3466 722 ἑαυτοῦ
3503 686 3665 723 κατε-

2083 758 2328 827 γνωκὼς,
2375 761 2615 830 οἰήσεται
2664 758 2794 811 ἴδιον
2845 755 2981 812 εἶναι
3023 760 3415 832 ἀνδραγάθημα
3465 763 3525 816 τὸ
3554 763 3664 817 ἀπὸ

2082 852 2182 921 τῆς
2211 851 2462 922 οὐρανίου
2498 850 2718 921 χάριτος
2757 849 2905 920 αὐτῷ
2946 853 3364 923 ἐπιχορηγηθένο
3404 853 3564 908 τοῦτο
3606 855 3664 907 δὲ

2083 943 2250 1013 οἴημα
2284 941 2590 1011 ὲμποιῆσαν
2629 941 2723 993 καὶ
2775 942 3060 1009 φυσίωσιν,
3109 944 3281 996 αἴτιον
3319 942 3470 998 ἔσται
3501 963 3667 998 κατα·-

2084 1032 2361 1096 πτώσεως·
2389 1035 2525 1103 ὅπερ
2555 1033 2848 1103 νομίζομεν
2871 1035 2964 1087 καὶ
2996 1036 3122 1106 περὶ
3157 1036 3249 1089 τὸν
3287 1036 3530 1090 διάϐολον
3569 1055 3663 1106 γε·

2081 1126 2311 1193 γονέναι,
2357 1124 2530 1194 ἐαυτῴ
2577 1125 2941 1196 χαρισάμενον
2995 1127 3030 1180 δι
3079 1123 3192 1196 εἶχε
3245 1131 3660 1200 προτερήματα,

2081 1213 2168 1266 ὅτε
2195 1213 2421 1282 ἄμωμος
2451 1209 2534 1283 ἦν·
2577 1232 2594 1262 ι
2620 1214 2725 1274 πᾶς
2770 1213 2877 1284 γὰρ
2911 1217 2938 1267 6
2989 1215 3136 1284 ὑψῶν
3178 1217 3366 1269 ἑαυτὸν
3403 1236 3665 1272 ταπεινω-

2081 1303 2323 1375 Οήσεταιο
2367 1305 2441 1368 ὡς
2485 1306 2592 1368 πᾶς
2634 1308 2661 1357 6
2701 1306 2968 1358 ταπεινῶν
3010 1307 3199 1359 ἑαυτὸν
3245 1307 3610 1378 ὑψωθήσεται.
3638 1330 3656 1361 ι

2080 1393 2347 1446 Κατανὸει
2373 1394 2430 1446 δὲ
2454 1394 2535 1446 ὅτι
2566 1393 2652 1446 διὰ
2691 1394 2849 1446 τοῦτο
2896 1396 3308 1467 ἀποκέκρυπται
3344 1399 3451 1450 ἀπὸ
3481 1401 3662 1468 σοφῶν

2080 1486 2173 1538 καὶ
2203 1485 2438 1537 συνετῶν
2490 1485 2558 1536 τὰ
2599 1484 2736 1548 θεῖα,
2778 1486 2886 1546 ἵνα,
2917 1486 2992 1549 ὡς
3038 1489 3199 1556 φησιν
3239 1491 3266 1540 6
3301 1489 3656 1554 Ἀπὸστολος,

2085 1596 2102 1626 ι
2145 1575 2217 1646 μὴ
2265 1577 2608 1646 καυχήσηται
2657 1577 2806 1629 πᾶσα
2851 1575 2986 1646 σὰρξ
3041 1577 3269 1630 ἐνώπιον
3320 1579 3412 1632 τοῦ
3446 1579 3604 1632 Θεοῦ·
3634 1600 3654 1630 ι

2079 1668 2172 1719 καὶ
2195 1667 2641 1724 ἀποκεκὰλυπται
2672 1667 2906 1738 νηπίοις,
2928 1671 3040 1731 τοῖς
3071 1669 3206 1738 μετᾶ
3233 1670 3329 1740 τὴν
3357 1671 3660 1742 νηπιότητα

395 1770 689 1822 nifestatur
716 1776 769 1820 et
797 1765 1042 1834 proditur
1073 1763 1504 1830 uniuscujusque
1537 1763 1871 1831 propositum
1914 1769 1968 1814 et

2083 1757 2167 1811 ἐπὶ
2193 1757 2258 1809 τὰ
2289 1756 2569 1827 κρείττονα
2602 1757 2904 1826 ἐληλυθόσι,
2945 1759 3038 1810 καὶ
3084 1760 3450 1829 μεμνημένοις
3478 1761 3559 1813 ὅτι
3594 1762 3658 1814 οὐ

393 1859 816 1930 perseverantia:
848 1855 1076 1910 firmitas
1114 1856 1408 1916 indicatur,
1449 1869 1554 1906 non
1591 1861 1699 1906 tam
1739 1851 1846 1904 Deo
1873 1851 1967 1920 qui

396 1948 546 2002 novit
594 1945 771 2000 omnia
823 1954 1114 2011 antequam
1161 1942 1315 2007 fi.mt,
1345 1957 1508 2012 quam
1553 1938 1970 1993 rationabilibus

395 2040 820 2105 ccelestibusque
853 2036 1167 2099 virtutibus,
1211 2050 1332 2104 qua:
1379 2034 1567 2103 utique
1617 2033 1967 2101 procuratio-

2076 1849 2226 1921 παρὰ
2278 1849 2373 1920 τὴν
2433 1849 2640 1905 ἑαυτῶν
2679 1850 2855 1902 αἰτίαν
2887 1850 3140 1903 τοσοῦτον
3186 1853 3310 1904 ὅσον
3361 1854 3509 1924 παρὰ
3559 1853 3658 1924 τὴν

2076 1943 2312 2014 ἄρρητον
2342 1943 2662 2012 εὐεργεσίαν
2689 1943 2780 1994 ἐπὶ
2814 1942 3061 1997 πλεῖστον
3092 1945 3212 1999 ὅσον
3258 1946 3659 2016 μακαριότητος

2075 2033 2418 2103 ἐληλύθασιν.

394 2145 516 2184 nem
548 2125 739 2182 salutis
769 2126 1017 2177 humanae
1051 2123 1197 2177 velut
1242 2123 1490 2190 quaedam
1540 2121 1838 2190 adjutriees
1885 2121 1974 2174 Dei
2023 2122 2392 2189 niinistrreque
2445 2123 2652 2177 sortita:
2706 2133 2848 2177 sunt.
2895 2123 2958 2177 lli
3003 2139 3138 2178 vero
3181 2125 3272 2194 qui
3317 2127 3552 2181 nondum
3595 2144 3658 2183 se

397 2231 543 2274 tanta
573 2219 905 2281 constantia,
938 2232 1113 2284 neque
1163 2224 1313 2269 tanto
1364 2213 1560 2267 affectu
1598 2212 1840 2266 offerunt
1885 2212 2030 2277 Deo,
2078 2230 2252 2281 neque
2302 2217 2476 2283 parati
2535 2226 2660 2269 sunt
2712 2217 3033 2271 accedentes
3087 2218 3154 2272 ad
3199 2219 3514 2273 servitutem
3561 2219 3660 2274 Dei

393 2326 702 2378 pra-parare
733 2310 942 2362 :mimas
969 2323 1094 2361 suas
1137 2307 1203 2360 ad
1258 2307 1636 2368 tentatiouem,
1668 2305 1973 2371 derelinqui
2007 2305 2262 2358 dicuntur
2293 2323 2325 2361 a
2357 2307 2487 2373 Deo,
2527 2309 2577 2360 id
2618 2318 2699 2363 est
2736 2324 2840 2363 non
2885 2309 3114 2372 erudiri,
3159 2325 3255 2377 pro
3295 2327 3361 2364 co
3411 2314 3550 2380 quod
3589 2314 3659 2366 ad

390 2405 743 2472 erndieudum
800 2403 977 2472 parati
1037 2417 1143 2456 non
1203 2409 1370 2463 sunt,
1425 2399 1478 2452 in
1553 2410 1834 2468 posterum
1898 2400 2016 2453 sine
2069 2398 2235 2452 dubio
2291 2409 2500 2467 tempus
2551 2415 2739 2454 eorum
2792 2400 3200 2468 dispensatione
3243 2404 3326 2456 vel
3374 2404 3660 2459 curatione

393 2489 578 2553 dilata.
626 2496 728 2564 Qui
772 2498 958 2563 utique
1007 2495 1137 2563 quid
1205 2508 1234 2545 a
1288 2491 1401 2546 Deo
1455 2500 1872 2559 consequentur,
1926 2492 2203 2561 ignorant,
2253 2492 2356 2545 nisi
2403 2492 2554 2560 prius
2605 2491 2672 2544 ad
2723 2492 2970 2546 beneticii
3019 2494 3392 2562 consequendi
3441 2495 3660 2549 deside-

393 2598 530 2651 rium
583 2594 834 2649 venerint
878 2591 991 2662 (50)

1038 2607 1051 2643 :
1092 2591 1236 2657 quod
1283 2589 1357 2640 ita
1410 2589 1628 2642 demum
1665 2588 1783 2650 fiet,
1823 2589 1866 2640 si
1921 2587 2044 2655 quis
2079 2597 2208 2640 ante
2255 2588 2607 2654 semetipsum
2660 2597 2993 2655 cognoscat,
3037 2597 3090 2642 et
3139 2588 3341 2643 sentiat
3387 2589 3514 2659 quid
3553 2589 3659 2644 sibi

392 2695 562 2760 desit;
591 2689 816 2759 etquod
847 2687 950 2742 sibi
989 2686 1160 2748 deest,
1189 2699 1216 2736 a
1247 2699 1354 2753 quo
1383 2697 1630 2752 quaerere
1663 2683 1746 2735 vel
1775 2681 1971 2736 debeat
2002 2680 2086 2734 vel
2118 2682 2310 2748 possit,
2337 2681 2622 2748 intelligat.
2659 2681 2758 2747 Qui
2796 2682 2941 2735 enim
2989 2698 3092 2737 non
3136 2682 3470 2738 intellexerit
3509 2683 3658 2748 prius

393 2788 762 2841 infirmitatem
812 2781 896 2836 vel
943 2779 1325 2850 aegritudinem
1385 2794 1576 2840 suam,
1629 2778 1896 2831 medicum
1963 2792 2207 2845 qua'rere
2255 2777 2462 2842 nescit;
2515 2775 2597 2830 vel
2648 2785 2796 2830 certe
2843 2792 2967 2831 cum
3025 2779 3290 2848 receperit
3337 2779 3651 2843 sanitatem,

393 2897 498 2933 non
537 2880 642 2933 erit
681 2886 870 2946 gratus
905 2875 1140 2937 medico,
1197 2873 1288 2942 qui
1341 2888 1448 2926 non
1501 2873 1652 2940 prius
1685 2871 1984 2942 periculum
2007 2871 2088 2925 sui
2131 2871 2409 2941 languoris
2440 2871 2682 2938 agnovit.
2716 2871 2792 2923 Ita
2820 2881 2873 2926 et
2917 2873 2963 2926 si
2996 2872 3086 2942 qui
3131 2890 3237 2928 non
3270 2875 3424 2943 prius
3459 2878 3660 2932 anima;

394 2990 504 3028 sua:
544 2974 674 3027 vitia
722 2980 775 3026 et
822 2979 1172 3039 peccatorqu
1222 2983 1449 3021 suorum
1500 2968 1817 3038 cognoverit
1852 2967 2030 3031 mala,
2081 2981 2145 3018 ac
2185 2968 2388 3035 proprii
2430 2967 2540 3019 oris
2587 2965 2931 3020 confessione
2970 2968 3288 3036 prodiderit,
3334 2972 3554 3040 purgari
3612 2972 3664 3026 is

395 3067 711 3134 ahsolvique
743 3078 849 3116 non
885 3061 1106 3130 poterit,
1137 3074 1204 3113 ne
1240 3059 1452 3127 ignoret
1481 3061 1581 3112 sibi
1623 3075 1717 3128 per
1737 3059 1964 3128 gratiam
2001 3073 2330 3114 concessum
2378 3057 2546 3112 fuisse
2594 3060 2738 3126 quod
2775 3059 3035 3128 possidet,
3077 3070 3130 3114 et
3176 3062 3416 3116 divinam
3463 3064 3660 3118 libera-

395 3163 602 3218 Iitatem
641 3155 918 3226 proprium
951 3154 1149 3208 bonum
1183 3160 1369 3220 putet:
1406 3165 1524 3218 qua:
1553 3166 1639 3204 res
1678 3153 1796 3204 sine
1823 3151 1992 3204 dubio
2035 3152 2406 3218 arrogantiam
2463 3166 2656 3204 rursus
2701 3152 2898 3204 anima:
2936 3151 3050 3223 (5|)
3089 3165 3319 3223 generat
3367 3164 3422 3209 et
3469 3155 3661 3212 elatio—
3706 3174 3710 3177 ·

393 3271 541 3318 nem,
577 3266 630 3306 et
675 3252 850 3305 denuo
892 3248 940 3302 ei
984 3264 1145 3302 causa
1196 3248 1254 3298 tit
1304 3245 1494 3298 ruinae.
1525 3245 1678 3309 Quod
1710 3246 1876 3298 etiam
1907 3247 1973 3299 de
2005 3245 2220 3298 diabolo
2257 3246 2601 3299 sentiendum
2647 3257 2729 3299 est
2777 3248 2870 3314 qui
2923 3248 3193 3315 primatus
3234 3263 3362 3302 suos
3406 3252 3660 3318 proprios

394 3359 449 3402 et
479 3361 586 3399 non
635 3359 660 3396 ει
699 3341 807 3395 Deo
837 3341 995 3395 datos
1039 3339 1193 3407 121
1232 3352 1352 3390 esse
1380 3338 1640 3399 credidit,
1682 3352 1818 3403 quos
1873 3336 2106 3388 habebat
2145 3347 2273 3388 tunc
2327 3351 2449 3388 cum
2507 3335 2887 3389 immaculatus
2920 3346 3074 3400 erat;
3126 3345 3179 3390 et
3223 3337 3439 3404 impleta
3479 3351 3561 3394 est
3602 3342 3660 3394 in

393 3454 459 3494 eo
494 3438 581 3490 illa
619 3435 882 3490 sententia
927 3448 1046 3500 qua:
1093 3432 1248 3492 dicit,
1303 3429 1448 3498 quod
1505 3449 1522 3480 ι
1553 3429 1731 3482 omnis
1779 3429 1869 3498 qui
1915 3442 1973 3482 se
2017 3429 2244 3491 exaltat,
2295 3429 2671 3481 humiliahitur
2705 3429 2773 3484 ".
2821 3447 2838 3480 ι
2891 3428 3042 3484 Unde
3089 3430 3217 3484 mihi
3264 3432 3474 3486 videtur
3513 3435 3662 3499 quod

395 3533 526 3600 ideo.
555 3527 826 3581 occultata
863 3527 974 3578 sint
1005 3522 1449 3592 prudentioribus
1497 3531 1552 3575 et
1597 3520 2026 3588 sapientioribus
2065 3522 2244 3574 divina
2301 3524 2582 3592 mysferia,
2625 3521 3083 3590 quemadmodum
3141 3524 3425 3593 Scriptura
3479 3528 3659 3594 dicit,

403 3645 422 3677 ι
458 3627 537 3680 uti
575 3639 640 3678 ne
669 3621 932 3692 glorietur
960 3619 1138 3673 omnis
1164 3631 1298 3670 caro
1332 3617 1384 3670 in
1416 3623 1708 3685 conspectu
1737 3614 1828 3670 Dei
1863 3615 1985 3678 ⁸³;ι
2028 3625 2078 3667 et
2124 3615 2362 3668 revelata
2403 3617 2510 3668 sint
2549 3615 2813 3684 parvulis,
2867 3615 2953 3670 his
2995 3615 3246 3671 videlicet
3294 3619 3384 3687 qui
3440 3633 3661 3688 posrea-

1629 3733 2192 3788 INTERPRETATIO
2227 3732 2436 3789 NOVA.

393 3841 729 3895 Convertere
753 3843 978 3903 propter
1004 3847 1192 3903 servos
1233 3841 1378 3894 tuos,
1415 3841 1639 3903 propter
1669 3831 1846 3903 tribus
1879 3829 2219 3903 haereditatis
2248 3839 2369 3903 tuae,
2397 3841 2450 3882 ut
2479 3831 2804 3898 particulam
2836 3831 3120 3903 capiamus
3148 3832 3483 3886 hmreditatis
3506 3849 3661 3888 mon-

396 3910 466 3961 tis
497 3908 572 3959 tui
605 3899 800 3958 sancti.
831 3899 957 3955 {Et
987 3904 1038 3954 in
1077 3901 1356 3955 Jeremia:
1393 3920 1411 3952 ι
1446 3899 1714 3968 Decepisti
1744 3914 1850 3963 me,
1900 3899 2147 3961 Domine,
2197 3908 2252 3952 et
2303 3901 2557 3967 deceptus
2601 3917 2744 3963 sum,
2795 3899 3076 3953 obtinuiin
3132 3912 3187 3953 et
3238 3904 3596 3969 prmvaluisti.
3633 3924 3654 3956 ι

398 3979 529 4030 Illud
556 3976 702 4028 enim
735 3997 747 4028 ;
786 3992 804 4024 ι
832 3974 942 4024 Cur
969 3972 1234 4024 indurasti
1269 3986 1364 4023 cor
1396 3979 1666 4033 nostrum,
1699 3980 1758 4020 ut
1786 3986 1895 4021 non
1937 3969 2254 4039 timeremus
2287 3984 2481 4021 nomen
2520 3971 2705 4022 tuum?
2753 3989 2772 4022 ι
2817 3971 2960 4037 quod
3013 3970 3175 4023 abiis
3203 3972 3401 4023 dicitur
3431 3973 3521 4039 qui
3551 3974 3664 4026 mi-

396 4047 752 4100 sericordiam
791 4043 1108 4109 implorant,
1147 4041 1373 4110 perinde
1405 4049 1490 4092 est
1517 4053 1579 4091 ac
1606 4039 1648 4090 si
1676 4039 1873 4110 dicant
1899 4054 1912 4088 :
1938 4037 2048 4089 Cur
2081 4038 2132 4089 in
2165 4047 2368 4110 unitum
2403 4039 2695 4110 pepergisti
2735 4039 2890 4093 nobis
2917 4054 3016 4092 nec
3049 4040 3286 4093 visitasti
3314 4055 3412 4094 nos
3441 4037 3497 4094 in
3527 4057 3656 4110 pec-

398 4119 560 4178 catis,
594 4115 688 4168 sed
723 4107 1012 4180 reliquisti,
1043 4111 1215 4180 donec
1250 4109 1318 4160 ad
1343 4123 1614 4180 summum
1655 4107 1852 4180 delicta
1893 4117 2087 4157 nostra
2121 4108 2534 4180 pervenissent?
2570 4108 2852 4177 Relinquit
2881 4119 3062 4163 autem
3097 4107 3658 4180 impuneplerosque,

396 4200 452 4240 ut
492 4177 1038 4254 singuloruminores
1060 4194 1124 4254 ex
1159 4178 1326 4254 libera
1354 4177 1639 4254 voluntate
1663 4177 2044 4254 exquirantur,
2077 4187 2131 4228 et
2163 4177 2416 4254 meliores
2464 4194 2529 4232 ex
2558 4180 2662 4254 illo
2691 4180 2952 4254 _exai_n_i_ue
2991 4179 3262 4233 manifesti
3310 4178 3477 4245 fiant;
3524 4181 3661 4235 reh-

400 4257 492 4325 qui
527 4245 657 4310 vero
683 4255 774 4322 qui
807 4255 913 4325 Deo
941 4266 1051 4325 _no_n
1084 4253 1253 4325 latent
1284 4246 1724 4325 (omni_a_qnippe
1756 4245 1910 4297 novit
1943 4257 2237 4321 antequam
2268 4247 2444 4318 fiant),
2474 4249 2568 4325 sed
2599 4248 2910 4325 rationabili
2947 4259 3226 4325 creatura:
3247 4250 3459 4317 sibique
3503 4250 3658 4320 ipsis,

395 4316 583 4396 postea
613 4316 755 4396 viain
791 4316 1461 4396 salutis_inveni:nit;‘_qui
1495 4316 1821 4370 heneticinm
1855 4329 1960 4396 non
1990 4316 2407 4395 agnovissent,
2435 4319 2537 4396 nisi
2579 4320 2790 4396 seipsos
2817 4318 3311 4396 eondeu‘massenr;
3349 4316 3491 4386 quod
3523 4316 3650 4389 qui--

395 4385 516 4450 item
549 4394 842 4463 unicuique
870 4392 1106 4454 confert,
1133 4397 1190 4463 ut
1217 4389 1584 4463 conditionem
1616 4401 1776 4463 suam
1803 4396 1856 4463 et
1909 4385 2001 4436 Dei
2038 4386 2271 4463 gratiam
2315 4385 2678 4463 sentiat._Qui
2723 4404 2854 4441 vero
2883 4389 3159 4463 propriam
3197 4385 3656 4463 illibecillitatetii,

396 4476 452 4518 et
478 4465 571 4518 Dei
605 4456 838 4532 gratiam
869 4477 973 4513 non
1015 4461 1204 4532 sentit,
1232 4459 1334 4511 etsi
1375 4457 1686 4532 adjuvetur,
1726 4456 1830 4532 nisi
1879 4467 2099 4532 suarum
2154 4457 2348 4508 virium
2385 4461 2820 4525 experimentum
2871 4458 3101 4532 ceperit,
3149 4466 3206 4510 et
3243 4459 3478 4524 seipsum
3522 4475 3660 4513 ροη-

397 4523 696 4597 demnaFit,
727 4546 882 4584 suum
913 4544 1036 4582 esse
1067 4529 1283 4581 facinus
1311 4523 1648 4580 existimabit
1682 4526 1824 4597 quod
1861 4523 1909 4597 ei
1937 4523 2414 4597 _divino__nnmere
2459 4523 2782 4582 concessum
2821 4536 2925 4597 est.
2974 4527 3102 4591 Qua:
3133 4523 3515 4597 opinio’ammi
3543 4529 3659 4582 cla-

398 4605 599 4655 tionem
629 4592 856 4669 generat
884 4609 939 4651 ct
969 4614 1131 4669 causa
1163 4600 1225 4669 lit
1257 4599 1428 4650 ruina:
1454 4614 1468 4669 ι
1497 4599 1638 4663 quod
1673 4592 1728 4648 ei.
1751 4592 1986 4669 diabolo
2011 4593 2284 4669 accidisse
2312 4606 2566 4669 putamus
2595 4599 2686 4669 qui
2713 4595 3090 4669 exc-eilentiam
3119 4592 3266 4649 ill—am
3297 4613 3458 4664 quam
3490 4599 3662 4652 hahe-

400 4673 489 4724 bat
519 4663 790 4725 tunccum
817 4678 933 4722 erat
970 4667 1378 4729 immaculatus,
1418 4668 1526 4719 sibi
1551 4665 1860 4732 arrogabat.
1895 4679 1912 4712 ι
1941 4663 2135 4716 Omnis
2158 4664 2301 4716 enim
2327 4666 2419 4732 qui
2461 4680 2521 4720 se
2545 4663 2770 4732 exaltat,
2797 4666 3194 4732 lnnniliahitur,
3238 4678 3292 4721 et
3318 4663 3428 4734 qui
3466 4685 3526 4721 se
3560 4669 3660 4720 hu-

469 4847 511 4878 "
546 4846 712 4899 llehr.
745 4860 836 4907 xu,
865 4845 918 4896 6.
993 4843 1038 4874 ⁸⁰
1071 4843 1228 4897 liom.
1264 4859 1380 4907 \‘lll,
1418 4842 1507 4895 35.

1591 4845 1634 4874 ἰ
1674 4843 1804 4896 Luc.
1845 4857 2000 4906 xvm,
2033 4843 2118 4898 Μ.

2189 4847 2239 4877 ⁵⁸·
2259 4845 2282 4900 ῐ
2305 4844 2430 4901 Cor.
2461 4862 2500 4913 ι,
2531 4845 2623 4904 29.

471 5029 584 5101 (48)
609 5028 768 5101 Lihh.
793 5025 946 5101 editi,
974 5045 999 5101 ι
1022 5029 1488 5101 sessoris_patitur
1517 5029 1747 5101 calcem,
1779 5037 1831 5082 et
1861 5012 1975 5101 fre;
1998 5036 2044 5090 D
2074 5032 2292 5100 quenda
2324 5045 2420 5100 per
2446 5029 2772 5084 desiderium
2803 5028 3073 5084 venerint.
3097 5046 3116 5080 ι
3147 5026 3290 5101 Infra
3340 5027 3474 5083 libb.
3501 5027 3659 5093 editi,
3692 5081 3698 5100 ,

401 5097 488 5155 nis
519 5116 613 5154 ora
661 5099 887 5150 ferratis
934 5099 1224 5160 obteritur,
1269 5097 1584 5150 indurescit.
1618 5100 1707 5151 Sic
1741 5099 1964 5165 puerili-

402 5181 546 5236 tas,»
581 5177 688 5222 etc.
731 5167 896 5220 Paulo
935 5177 1056 5234 post
1104 5169 1263 5221 iidem
1311 5167 1444 5220 libb.
1501 5168 1658 5234 editi,
1709 5183 1814 5220 cex
1863 5181 1970 5234 quo

401 5239 778 5294 arbitrandtun
805 5248 885 5290 est
915 5238 1150 5289 filiorum
1181 5245 1236 5290 et
1262 5239 1315 5290 in
1339 5236 1606 5291 ordinem.
1633 5257 1652 5288 ι
1687 5237 1792 5291 Sed
1820 5247 1973 5291 utro-

401 5313 564 5379 bique
590 5324 718 5362 mss.
746 5318 800 5379 ut
831 5307 880 5358 in
911 5317 1098 5379 nostro
1126 5318 1298 5379 textu.

471 5374 583 5450 (49)
623 5380 706 5430 An
738 5377 924 5450 (quies.
965 5378 1120 5430 Deest
1155 5377 1207 5428 in
1247 5386 1404 5430 antea
1453 5374 1765 5450 editis,_s_e_d
1805 5376 1973 5430 habe-

402 5445 489 5504 tur
525 5445 576 5504 in
611 5464 740 5501 mss.
773 5445 914 5500 Infra
964 5462 1118 5512 mss.,
1155 5462 1356 5514 «quam
1407 5445 1817 5499 rationabilibus
1863 5461 1975 5499 cce-

404 5523 737 5588 lestihusque
785 5517 1095 5571 virtutibus.
1123 5535 1140 5567 ι
1194 5515 1251 5569 lu
1297 5516 1458 5569 editis
1505 5514 1658 5568 deest
1692 5514 1972 5569 «ccclesii-

401 5591 626 5656 busque.
654 5609 671 5641 ι

474 5651 585 5731 eiu)
627 5659 701 5713 lta
743 5673 875 5714 mss.
925 5655 1081 5711 Libb.
1127 5653 1286 5722 editi,
1326 5654 1435 5710 (ad
1471 5651 1735 5709 beneﬁcia
1782 5670 1971 5711 conse-

2079 5097 2238 5154 (non
2291 5097 2464 5169 egerit
2515 5102 2720 5168 gratias
2780 5101 3028 5169 medico,
3058 5099 3310 5169 quoniam
3363 5113 3468 5150 non
3505 5101 3662 5164 prius
3693 5097 3710 5100 ”

2075 5167 2375 5239 periculum
2397 5172 2477 5223 sui
2506 5167 2784 5239 languoris
2808 5168 3080 5237 cognovit.
3106 5187 3124 5218 ι
3152 5167 3280 5222 Mss.
3303 5177 3360 5221 ut
3385 5169 3437 5221 in
3466 5178 3660 5221 nostro

2077 5253 2247 5294 textu.

2147 5311 2261 5380 (51)
2303 5308 2378 5362 lta
2432 5323 2562 5362 mss.
2615 5307 2669 5361 In
2715 5307 2876 5380 editis
2903 5308 3073 5380 deest
3127 5321 3359 5360 «rursus
3400 5306 3656 5380 auium.»

2077 5376 2249 5433 Paulo
2299 5387 2420 5448 post
2463 5393 2621 5443 mss.,
2660 5378 2790 5444 «qui
2833 5377 3102 5444 primatus
3153 5391 3280 5430 suos
3325 5376 3595 5448 proerios.
3628 5392 3650 5426 ι

2075 5450 2235 5503 Lihh.
2272 5446 2427 5515 editi,
2465 5465 2484 5498 ι
2507 5449 2595 5515 qui
2627 5448 2878 5516 primitus
2910 5449 3165 5516 honores
3182 5460 3312 5516 suos
3345 5446 3651 5515 proprios.»

2078 5521 2221 5574 lnt'ra
2256 5535 2386 5584 mss,
2427 5536 2446 5568 ι
2469 5519 2833 5573 meminerunt
2859 5519 3066 5588 utique.
3096 5535 3114 5568 ι
3146 5515 3304 5572 Libb.
3329 5516 3480 5581 editi,
3510 5527 3657 5570 une-

2080 5591 2338 5644 miuerint
2370 5589 2576 5656 utique.
2596 5606 2617 5637 ι
