4014 6142
287 384 392 441 975

1625 387 1826 442 LIBER
1865 386 2160 443 TERTIUS

3427 393 3534 447 274

279 519 443 580 quam
500 505 734 561 infantes
789 506 916 561 facti
953 506 1152 561 fuerint
1198 515 1252 561 et
1297 507 1544 578 parvuli,
1603 508 1654 562 id
1697 516 1782 562 est
1834 507 1898 562 ad
1949 508 2301 562 lmmilitatem
2345 521 2404 562 se
2447 517 2500 562 et
2552 506 2949 578 simplicitatem
2997 507 3367 562 revocaveriut
3410 524 3532 577 par-

281 601 550 666 velorum,

627 609 752 654 tunc
794 599 1104 669 proficiunt,
1135 599 1205 671 let
1245 617 1366 654 cum
1420 604 1487 655 ad
1536 601 1918 670 perfectionem
1956 605 2227 668 venerint,
2273 604 2636 658 meminerunt
2683 601 2868 672 utique
2907 601 3048 671 quod
3109 617 3210 658 non
3258 602 3368 670 jam
3419 605 3577 660 suiB'

279 692 591 756 virtutibus,
621 693 714 746 sed
740 693 912 761 gratia
942 701 995 747 et
1021 693 1388 748 misericordia
1420 695 1512 750 Dei
1558 695 1949 748 beatitudinem
1987 696 2271 751 consecuti
2300 706 2442 750 sunt.

343 785 558 840 Οὐκοῦν
612 789 1063 856 ἐγκαταλείπεται
1109 791 1229 860 θεία
1261 791 1437 862 κρίσει
1481 793 1510 843 6
1540 789 1856 858 ἐγκαταλει-
1891 795 1932 850 Α

277 878 530 948 πόμενος,
566 878 659 930 καὶ
690 877 1032 949 μακροθυμεῖ
1057 880 1148 932 ὲπί
1191 897 1342 943 τινας
1371 879 1480 932 τῶν
1513 881 1854 952 ἁμαρτανόν-

273 983 376 1019 των
399 968 429 1018 ὁ
458 966 614 1030 Θεὸς,
647 968 746 1019 οὐκ
777 967 1004 1036 ἀλόγως,
1036 968 1148 1021 ἀλλ’
1178 969 1254 1031 ὠς
1299 970 1479 1033 αὐτοῖς
1498 971 1848 1035 συνοίσοντος,

271 1057 343 1120 ὡς
369 1056 511 1128 πρὸς
537 1057 634 1126 τὴν
666 1056 962 1110 ἀθανασίαν
991 1059 1104 1128 (52)
1132 1059 1234 1128 τῆς
1257 1059 1434 1131 ψυχῆς
1462 1061 1556 1113 καὶ
1579 1061 1668 1113 τὸν
1698 1062 1854 1115 ἄπει-

273 1167 361 1218 ρον
385 1150 586 1216 αἰῶνα,
621 1149 714 1202 τοῦ
749 1151 821 1222 μὴ
845 1154 980 1222 ταχὺ
1015 1153 1410 1223 συιῖεργηθῆναι
1436 1155 1516 1216 είς
1563 1154 1848 1224 σωτηρίαν,

267 1240 401 1294 ἀλλὰ
431 1240 652 1311 βράδιον
678 1243 772 1295 ἐπὶ
820 1243 1021 1312 ταύτην
1048 1243 1280 1314 ἀχθῆναι
1322 1247 1456 1313 μετὰ
1492 1243 1554 1296 τὸ
1592 1244 1854 1315 πειραθῆ-

267 1349 349 1383 ναι
372 1330 587 1384 πολλῶν
613 1331 818 1385 κακῶν.
851 1335 1060 1404 Ὥσπερ
1088 1335 1216 1404 γὰρ,
1244 1334 1363 1387 τινὰ
1409 1336 1458 1386 οἱ
1496 1335 1667 1405 ἰατροὶ¹
1697 1334 1853 1388 δυνά-

268 1439 416 1492 μενοι
438 1424 633 1493 τάχιον
664 1425 936 1488 ἰάσασθαι,
967 1427 1093 1478 ὅταν
1124 1427 1572 1497 ἐγκεκρυμμένον
1620 1426 1694 1478 ἰὸν
1723 1428 1852 1479 ὑπο-

261 1514 455 1568 νοῶσιν
504 1517 773 1586 ὑπάρχειν
826 1519 954 1586 περὶ
1005 1517 1072 1570 τὰ
1127 1517 1373 1588 σώματα,
1405 1519 1467 1570 τὸ
1503 1517 1742 1572 ἐναντίον
1772 1517 1850 1587 τῷ

265 1607 525 1662 ἰάσασθαι
557 1607 898 1678 ἐργάζονται,
928 1608 1016 1661 διὰ
1044 1609 1104 1662 τὸ
1137 1609 1314 1662 ἰᾶσθαι
1347 1609 1628 1679 βούλεσθαι
1678 1612 1850 1679 ἀσφα-

258 1698 519 1770 λέστερον
553 1700 712 1752 τοῦτο
742 1700 1052 1763 ποιοῦντες·
1086 1701 1374 1771 ἡγούμενοι
1429 1706 1671 1772 κρεῖττον
1713 1700 1847 1755 εἶναι

256 1789 441 1859 πολλῷ
476 1793 658 1862 χρόνῳ
697 1795 1138 1862 παρακατασχεῖν
1166 1809 1286 1846 τινα
1319 1793 1373 1844 ἐν
1399 1792 1474 1862 τῷ
1500 1793 1846 1864 φλεγμαίνειν

256 1883 346 1934 καὶ
377 1883 638 1953 κάμνειν,
674 1883 814 1953 ὑπὲρ
843 1882 937 1936 τοῦ
971 1883 1309 1953 βεϐαιότερον
1339 1884 1499 1936 αὑτὸν
1534 1885 1629 1953 τὴν
1661 1885 1845 1952 ὑγείαν

253 1972 746 2044 ὰπολαϐεῖν,ἧπερ
794 1973 979 2044 τάχιον
1034 1976 1130 2046 μὲν
1174 1974 1345 2046 ῥῶσαι
1391 1974 1585 2039 δοκεῖν,
1621 1975 1844 2046 ὕστερον

251 2066 307 2116 δὲ
359 2066 649 2130 ἀναδῦναι,
676 2068 768 2120 καὶ
811 2068 946 2140 πρὸς
981 2069 1168 2139 καιρὸν
1197 2068 1448 2136 γενέσθαι
1489 2067 1585 2138 τὴν
1619 2070 1842 2139 ταχυτέ-

256 2173 350 2226 ραν
382 2157 534 2210 ῐασιν
560 2174 574 2186 ·
604 2159 694 2210 τὸν
731 2159 896 2212 αὐτὸν
925 2159 1126 2232 τρόπον
1172 2161 1264 2213 καὶ
1308 2161 1335 2212 6
1385 2159 1517 2222 Θεὸς
1560 2159 1842 2228 γινώσκων

249 2243 316 2297 τὰ
352 2245 571 2316 κρύφια
596 2247 696 2316 τῆς
740 2248 984 2318 καρδίας,
1020 2251 1115 2302 καὶ
1169 2249 1558 2321 προγινώσκων
1600 2249 1669 2303 τὰ
1716 2250 1843 2320 μὲλ-

251 2333 436 2398 λοντα,
475 2335 567 2388 διὰ
589 2337 688 2407 τῆς
721 2337 1102 2410 μακροθυμίας
1149 2342 1431 2410 ἐπιτρέπει
1460 2341 1598 2411 τάχα
1637 2343 1729 2395 καὶ¹
1754 2343 1843 2395 διὰ

247 2426 356 2478 τῶν
393 2427 598 2492 ἔξωθεν
626 2431 1026 2500 συμϐαινόντων
1051 2433 1410 2504 ἐφελκόμενος
1437 2438 1499 2488 τὸ
1526 2439 1582 2490 ὲν
1614 2439 1841 2508 κρυπτῷ

248 2516 424 2569 κακὸν
459 2517 604 2589 ὑπὲρ
645 2519 740 2570 τοῦ
780 2519 1018 2590 καθᾶραι
1058 2523 1148 2573 τὸν
1194 2523 1258 2574 δι’
1287 2523 1541 2593 ἀμέλειαν
1576 2525 1642 2577 τὰ
1679 2527 1842 2597 σπέρ-

250 2625 402 2680 ματα
433 2610 540 2680 τῆς
576 2611 850 2681 ἁμαρτίας
897 2615 1272 2683 κεχωρηκότα,
1323 2616 1406 2667 ἵνα
1455 2619 1535 2678 είς
1583 2617 1844 2688 ἐπιπολὴν

246 2701 484 2756 ἐλθόντα
511 2700 650 2756 αὐτά
688 2720 771 2767 τις
811 2703 1035 2773 ὲμέσας,
1085 2707 1133 2757 εί
1165 2707 1259 2760 καὶ
1309 2708 1399 2760 ἐπὶ
1430 2707 1543 2777 (55)
1572 2708 1754 2761 πλεῖον
1786 2713 1842 2761 ὲν

252 2796 462 2856 κακοῖς
496 2795 808 2865 γεγένηται,
845 2795 1069 2867 ὕστερον
1101 2797 1637 2870 δυνηθῇ,καθαρσίου
1666 2800 1841 2870 τυχὼν

246 2885 339 2937 τοῦ
378 2885 525 2956 μετὰ
551 2886 648 2956 τὴν
677 2887 896 2952 κακίαν,
922 2890 1459 2962 ἁναστοιχειωθῆναιο
1479 2893 1610 2956 Θεὸς
1632 2893 1740 2964 γὰρ
1762 2895 1840 2945 ol-

246 2978 476 3045 κονομεῖ
497 2975 594 3040 τὰς
624 2976 801 3048 ψυχὰς
829 2980 926 3050 οὐχ
957 2979 1032 3044 ὡς
1055 2981 1193 3052 πρὸς
1235 2982 1332 3052 τὴν
1361 2982 1480 3052 φέρ’
1511 2986 1683 3036 εἰπεῖν
1714 3000 1840 3038 πεν-

247 3066 640 3136 τηκονταετίαν
698 3069 798 3137 τῆς
843 3069 1031 3123 ἐνθάδε
1084 3071 1248 3142 ζωῆς,
1298 3072 1410 3125 ἀλλ’
1460 3074 1535 3136 ὼς
1583 3075 1718 3145 πρὸς
1747 3075 1838 3127 τὸν

247 3157 560 3228 ἀπέραντον
587 3159 776 3212 αἰῶνα·
809 3161 1086 3234 ἄφθαρτον
1117 3163 1224 3236 γὰρ
1255 3165 1414 3233 φύσιν
1440 3166 1706 3237 πεποίηκε
1739 3166 1836 3238 τὴν

247 3249 468 3321 νοερὰν,
491 3252 584 3304 καὶ
608 3251 756 3322 αὐτῷ
786 3257 1042 3325 συγγενῆ,
1070 3256 1162 3309 καὶ
1202 3258 1300 3310 οὐκ
1328 3259 1691 3323 ἀποκλείεται,
1725 3258 1834 3312 ῶσ-

2033 791 2120 846 15.
2155 792 2319 860 Igitur
2354 792 2442 844 Dei
2475 792 2678 860 judicio
2714 791 3112 862 derelinquitnr
3144 792 3190 845 is
3235 793 3326 859 qui
3371 793 3527 848 dere-

1957 882 2125 950 linqui
2151 883 2323 941 debet.
2365 893 2418 934 et
2452 885 2768 952 patientiam
2801 884 2966 937 habet
3013 884 3155 938 Deus
3187 899 3350 951 super
3388 899 3524 938 non-

1959 974 2121 1027 nullis
2167 973 2538 1042 pcccantibus,
2583 990 2687 1028 non
2725 983 2902 1028 tamen
2946 974 3064 1027 sine
3107 985 3254 1028 certa
3291 977 3523 1031 ratione.

1959 1065 2065 1120 Sed
2103 1074 2161 1120 et
2198 1066 2300 1120 hoc
2339 1067 2514 1134 ipsum
2560 1066 2704 1134 quod
2740 1066 2951 1133 patiens
2999 1074 3101 1130 est,
3133 1066 3201 1118 ad
3242 1066 3524 1120 utilitatem

1956 1154 2192 1226 ipsorum
2245 1156 2410 1219 facit,
2467 1160 2726 1227 quoniam
2784 1157 3001 1224 quidem
3064 1159 3391 1214 immortalis
3444 1173 3528 1215 est

1955 1247 2134 1298 anima
2174 1245 2331 1313 cujus
2355 1261 2542 1300 curam
2569 1255 2623 1298 et
2642 1245 3037 1314 providentiam
3064 1247 3234 1316 gerit;
3257 1257 3312 1302 et
3338 1249 3525 1318 utique

1955 1336 2100 1402 quod
2132 1337 2440 1390 immortale
2476 1344 2529 1390 et
2570 1346 2832 1389 arternum
2863 1345 2965 1398 est,
2999 1336 3210 1404 etiamsi
3253 1352 3360 1390 non
3413 1340 3526 1392 cito

1955 1436 2197 1492 curetur,
2221 1441 2326 1480 non
2360 1437 2538 1480 tamen
2560 1425 2865 1480 excluditur
2889 1441 2917 1478 a
2943 1425 3274 1494 salute,qu:e
3307 1429 3358 1481 in
3390 1437 3526 1482 tem-

1949 1533 2083 1589 pora
2107 1517 2490 1587 opportuniora
2513 1516 2780 1570 differtur.
2809 1515 2941 1570 Nam
2959 1525 3011 1570 et
3033 1516 3281 1572 fortassis
3301 1521 3524 1589 expedit

1953 1609 2161 1662 tardius
2187 1609 2444 1676 consequi
2483 1608 2566 1662 his
2593 1609 2679 1676 qui
2712 1608 2930 1662 venenis
2963 1607 3177 1662 malitia:
3200 1609 3522 1678 profundio-

1952 1699 2027 1752 ris
2067 1698 2252 1752 infecti
2291 1707 2437 1750 sunt.
2472 1695 2623 1751 Sicut
2653 1695 2797 1750 enim
2847 1698 3043 1751 medici
3090 1698 3362 1753 interdum
3397 1714 3519 1754 cum

1949 1790 2158 1857 possint
2185 1789 2416 1842 celerius
2441 1789 2710 1843 obducere
2745 1787 3025 1842 vulnerum
3054 1789 3355 1855 cicatrices,
3385 1806 3522 1858 pra:-

1949 1889 2156 1937 sentem
2209 1880 2558 1934 dissimulant
2590 1888 2644 1933 et
2671 1879 2922 1933 differunt
2959 1881 3243 1935 sanitatem
3280 1883 3522 1936 melioris

1951 1971 2203 2027 sanitatis
2257 1970 2624 2037 firniiorisque
2662 1980 2973 2037 prospectu,
3019 1972 3145 2023 dum
3178 1970 3368 2025 melius
3397 1987 3520 2026 esse

1947 2073 2150 2119 norunt
2183 2078 2392 2116 moram
2446 2060 2625 2114 facere
2679 2061 2730 2112 in
2786 2061 3091 2114 tumoribus
3128 2062 3430 2126 vulnerum,
3467 2075 3522 2117 et

1949 2153 2173 2224 maligni
2222 2152 2470 2206 humoris
2501 2152 2728 2204 fluentes
2776 2151 3049 2219 paulisper
3081 2153 3260 2206 sinere
3290 2161 3516 2219 meatus,

1945 2261 2110 2316 quam
2144 2246 2407 2300 festinare
2440 2245 2506 2298 ad
2537 2243 2880 2312 superficiem
2912 2243 3182 2310 sanitatis,
3211 2256 3263 2298 et
3298 2245 3518 2299 abstru-

1944 2338 2020 2392 sis
2053 2337 2165 2409 (55)
2207 2338 2261 2391 in
2291 2335 2443 2391 venis
2493 2334 2737 2389 fomitem
2770 2335 3029 2389 venenati
3061 2334 3304 2389 humoris
3343 2335 3518 2388 inclu-

1946 2435 2098 2498 dere,
2139 2433 2230 2502 qui
2269 2432 2454 2500 utique
2477 2431 2733 2486 exclusus
2763 2444 2790 2481 a
2817 2427 2988 2484 solitis
3018 2430 3290 2483 meatibus
3335 2439 3520 2497 serpet

1943 2526 2061 2578 sine
2088 2523 2323 2578 dubioiu
2362 2521 2623 2576 interiora
2655 2520 3022 2574 membrorum
3053 2531 3218 2588 atque
3240 2521 3353 2589 ipsa
3379 2520 3517 2570 vita-

1945 2615 2013 2668 lia
2045 2616 2312 2668 viscerum
2349 2612 2676 2680 penetrabit,
2709 2629 2814 2668 nou
2837 2615 2948 2682 jam
2991 2615 3238 2668 morbum
3274 2613 3515 2680 corpori,

1944 2708 2040 2762 sed
2070 2707 2193 2759 vitae
2217 2705 2463 2759 illaturus
2487 2707 2712 2758 exitium
2737 2725 2750 2771 ;
2803 2709 2904 2760 hoc
2947 2721 3075 2774 ergo
3110 2706 3268 2758 modo
3292 2715 3347 2757 et
3376 2703 3520 2757 Deus

1943 2799 2036 2869 qui
2065 2799 2234 2852 noscit
2272 2799 2484 2851 oet-ulta
2511 2799 2718 2862 cordis,
2750 2808 2806 2851 et
2849 2797 3137 2869 prmuoscit
3184 2795 3384 2859 futura,
3422 2810 3517 2863 per

1917 2893 2167 2944 ’multam
2211 2888 2524 2958 patientiam
2579 2887 2820 2958 indulget
2857 2889 2972 2942 fieri
3000 2888 3245 2956 qumdam
3278 2899 3396 2954 qua:
3418 2899 3516 2938 ex-

1943 2981 2218 3035 trinsecus
2265 2979 2558 3033 incidentia
2594 2977 2904 3033 hominibus
2934 2986 3238 3046 provocent
3279 2975 3510 3042 proferri

1939 3080 1995 3126 et
2024 3072 2075 3125 in
2113 3071 2282 3126 lucem
2315 3071 2609 3140 procedere
2642 3071 2923 3138 passiones
2939 3081 2992 3124 et
3025 3068 3152 3122 vitia
3180 3081 3300 3135 quae
3330 3065 3510 3118 celano

1941 3177 2030 3219 tur
2070 3165 2436 3233 intrinsecus;
2490 3173 2548 3219 ut
2593 3177 2693 3234 per
2723 3164 2836 3218 haec
2891 3161 3181 3231 expurgari
3222 3169 3276 3213 et
3318 3158 3505 3212 curari

1936 3258 2147 3327 possint
2175 3258 2225 3310 hi
2257 3259 2350 3327 qui
2380 3274 2473 3328 per
2503 3259 2726 3313 multam
2757 3255 3139 3327 negligentiam
3164 3259 3218 3304 et
3241 3249 3509 3304 incuriam

247 3355 353 3426 περ
395 3341 497 3394 ἐπὶ
524 3341 638 3412 (5-4)
661 3343 761 3412 τῆς
799 3345 1030 3399 ἐνταῦθα
1058 3345 1223 3417 ζωῆς,
1253 3351 1286 3419 ἡ
1317 3349 1506 3419 λογικὴ
1537 3350 1682 3421 ψυχὴ
1731 3352 1830 3421 τῆς

1947 3357 2282 3415 peccatorum
2319 3347 2372 3399 in
2408 3364 2466 3402 se
2503 3349 2710 3402 radices
2739 3362 2800 3400 ac
2831 3346 3037 3399 semina
3066 3345 3411 3409 receperunt,
3453 3343 3514 3389 ut

248 3425 572 3501 θεραπείας.

1937 3439 2107 3505 ejecta
2144 3438 2289 3491 foras
2317 3446 2478 3506 atque
2506 3439 2572 3491 ad
2605 3435 2946 3506 superficiem
2986 3437 3299 3502 provocata,
3331 3423 3508 3481 evomi

247 3528 656 3592 quodammodo
682 3531 892 3597 possint
917 3539 972 3584 et
1001 3531 1204 3601 digeri;
1249 3541 1305 3586 ut
1339 3533 1550 3586 etiamsi
1587 3534 1834 3588 videatur
1865 3534 1985 3601 quis
2013 3533 2356 3603 gravioribus
2386 3533 2544 3600 122
2571 3530 2708 3584 afﬁci
2752 3530 2904 3583 malis.
2924 3570 2938 3594 ,
2986 3529 3110 3581 dum
3141 3521 3508 3578 membrorum

247 3623 498 3676 omnium
536 3627 770 3679 sustinet
802 3627 1200 3692 eonvulsiones,
1260 3630 1432 3697 possit
1487 3637 1667 3682 tamen
1727 3644 1942 3684 cessare
1999 3628 2290 3697 aliquando
2323 3636 2376 3680 et
2410 3627 2663 3680 desinere
2696 3633 2752 3678 et
2781 3625 3090 3678 satietatem
3148 3631 3349 3686 capere
3379 3627 3498 3665 ma-

256 3712 460 3781 lorum,
493 3727 548 3772 et
571 3719 651 3773 sic
678 3722 745 3774 ad
775 3729 974 3775 statum
1001 3738 1161 3776 suum
1194 3732 1315 3792 post
1343 3723 1539 3779 multas
1585 3724 1868 3779 molestias
1912 3724 2174 3792 reparari.
2203 3722 2341 3775 Deus
2376 3719 2518 3774 enim
2546 3719 2825 3786 dispensat
2867 3715 3077 3768 animos
3123 3726 3228 3765 non
3263 3708 3328 3761 ad
3362 3703 3508 3760 istud

249 3806 423 3861 solum
470 3809 590 3862 vitae
618 3813 1036 3894 nostraabreve
1081 3823 1317 3884 tempus,
1351 3816 1495 3884 quod
1528 3816 1670 3871 intra
1722 3818 2008 3886 sexaginta
2062 3814 2179 3870 fere
2223 3823 2317 3867 aut
2372 3812 2417 3867 si
2475 3809 2602 3881 quid
2651 3809 2882 3876 amplius
2933 3820 3103 3862 annos
3143 3801 3503 3874 concluditur,

248 3898 341 3948 sed
371 3899 444 3951 ad
495 3910 814 3968 perpetuum
862 3911 917 3957 et
959 3913 1217 3958 azternum
1269 3913 1500 3974 tempus,
1563 3916 1819 3974 tanquam
1875 3916 2114 3960 aeternus
2168 3905 2285 3972 ipse
2337 3911 2393 3957 et
2441 3901 2789 3966 immortalis,
2837 3898 3226 3954 immortalium
3280 3906 3498 3964 Quoque

251 3993 562 4049 animarum
630 3997 1028 4068 providentiam
1085 4009 1298 4055 tenens.
1346 4000 1819 4070 locorrnptibilem
1851 4016 2085 4072 namque
2114 4000 2244 4054 fecit
2290 4013 2411 4054 esse
2450 3996 2828 4053 rationabilem
2888 4005 3162 4058 naturam,
3203 4006 3366 4063 quam
3430 3991 3499 4045 ad

1481 4181 2035 4239 INTERPRETATIO
2073 4185 2278 4241 NOVA.

250 4309 444 4387 miliat,
476 4313 828 4387 exaltabitnr.
854 4334 872 4366 ι
915 4314 1000 4387 _0h
1023 4330 1258 4384 eamque
1289 4330 1513 4370 causam
1540 4315 1778 4382 intellige
1809 4317 2147 4385 sapientibus
2173 4330 2225 4372 et
2249 4320 2601 4387 prudentibus
2632 4318 2946 4387 abscondita
2988 4329 3109 4370 esse
3151 4313 3330 4387 divina
3364 4312 3500 4380 ἠυγ-

253 4382 540 4456 steria,_ut,
568 4383 1023 4456 quemadmodum
1047 4388 1123 4439 ait
1153 4382 1467 4456 Apostolus,
1515 4404 1533 4436 ι
1567 4401 1671 4438 non
1708 4382 1970 4453 glorietur
1998 4390 2176 4441 omnis
2218 4382 2348 4440 caro
2381 4389 2434 4441 in
2477 4397 2769 4456 conspectu
2803 4386 2932 4450 Dei;
2961 4401 2985 4436 ι
3013 4393 3067 4436 et
3097 4383 3492 4456 revelataesse

252 4450 489 4525 parvujis
527 4450 618 4520 qui
654 4454 1087 4525 postiufantiam
1133 4450 1220 4525 ad'
1247 4450 1468 4508 meliora
1517 4450 1833 4522 pervenere,
1879 4467 1934 4510 et
1985 4471 2044 4512 se
2094 4472 2200 4512 non
2235 4472 2302 4511 ex
2356 4472 2415 4511 se
2458 4450 2668 4510 tantuin
2701 4465 2963 4525 quantum
2996 4468 3059 4506 ex
3113 4450 3368 4506 ineffabili
3408 4454 3499 4507 Dei

257 4517 638 4591 beneflcio,'eo
657 4517 943 4576 felicitatis
967 4524 1283 4591 pervenisse
1315 4517 1702 4578 meminerunt.

319 4588 426 4663 15.Δ
452 4589 646 4645 Divino
673 4588 1064 4663 igiturjudicio
1093 4605 1408 4647 reservatur
1437 4595 1480 4647 is
1511 4594 1602 4662 qui
1640 4594 2056 4663 derelinquitur,
2086 4605 2140 4650 et
2167 4595 2460 4649 nonnullos
2489 4603 2812 4661 peceatores
2862 4593 3134 4663 patienter
3174 4590 3280 4643 fert
3317 4591 3493 4663 Deus,

256 4667 347 4711 nec
380 4657 506 4732 sine
529 4657 719 4732 causa;
745 4657 1033 4729 sedquod,
1053 4678 1177 4715 cum
1206 4657 1628 4718 inunortalissit
1655 4665 1832 4716 anima
1869 4657 1924 4716 et
1958 4657 2055 4731 per
2083 4665 2352 4718 infinitmu
2409 4657 2622 4732 tempus
2648 4657 2933 4727 duratura,
2978 4662 3109 4732 ipsis
3157 4661 3408 4732 expediat
3442 4673 3499 4713 ιιι

255 4736 352 4801 Ilion
389 4727 502 4801 cito
535 4729 861 4801 adsalutetn
887 4727 1238 4798 adjuventnr,
1267 4733 1360 4787 scd
1395 4735 1461 4786 ad
1494 4749 1614 4786 eam
1654 4733 1884 4798 tardius,
1912 4727 2198 4801 postquam
2228 4733 2460 4801 plurima
2491 4727 2628 4786 n'iala
2651 4727 3101 4798 fuerintexperti,
3129 4729 3494 4801 at'lducantur.

253 4791 710 4870 Queniadjnodum
740 4800 884 4870 enim
928 4791 1120 4854 medici
1162 4791 1287 4856 cum
1316 4803 1550 4857 celerius
1573 4816 1772 4856 curare
1822 4791 2069 4869 possint;
2099 4805 2142 4856 si
2174 4791 2416 4858 abditum
2458 4802 2511 4855 iu
2571 4817 2800 4870 corpore
2826 4791 3089 4855 venenum
3134 4800 3492 4870 suspicentur,

255 4859 599 4941 contrari‘um
623 4868 892 4923 curationi
939 4870 1170 4941 faciunt,
1206 4871 1390 4940 idque,
1442 4873 1566 4941 quia
1601 4859 2301 4936 certinscurare'volunt;
2341 4880 2533 4940 putant
2579 4859 2722 4926 cniin
2767 4880 3030 4939 praestare
3080 4878 3138 4922 ut
3177 4859 3387 4941 diutius
3439 4859 3493 4920 iu

253 4936 459 5010 tumore
511 4936 794 5010 vulnerum
853 4948 907 4992 et
954 4939 1141 4994 labore
1185 4936 1580 5010 aagenhae'reat
1622 4955 1732 5010 quo
1784 4941 2076 4994 firmiorem
2144 4936 2440 4997 sanitatem
2491 4941 2738 5008 recipiat,
2770 4936 2952 5008 'quam
2994 4946 3067 5010 ut
3111 4937 3340 5010 celerius
3362 4951 3495 5010 cou-

248 5001 522 5078 zalescere
552 5006 823 5078 videatur,
847 5017 1054 5078 postea
1093 5001 1857 5064 vero-in'morhum'recidat
1899 5018 1954 5064 et
2003 5013 2330 5078 temporaria
2357 5013 2426 5066 sit
2449 5001 2680 5065 celerior
2708 5001 3039 5063 illa-curatio
3073 5021 3088 5058 ε
3119 5007 3223 5062 hoc
3251 5008 3409 5059 modo
3440 5018 3496 5061 et

251 5065 386 5155 Deus
411 5073 679 5155 quinovit
703 5065 918 5155 occulta
948 5078 1128 5134 cordis
1159 5089 1223 5155 et_
1242 5080 1425 5133 futura
1455 5080 1739 5155 prmvidet,
1766 5094 1878 5155 _p_er
1921 5065 2236 5147 patientiam
2269 5065 2408 5135 forte
2456 5080 2726 5155 permittit
2760 5079 2875 5155 fieri
2910 5080 3178 5155 quaedam,
3209 5087 3264 5155 _et
3299 5091 3394 5155 per
3428 5091 3491 5129 ea

252 5151 362 5224 qua:
385 5144 1044 5224 esttrinsecns.incidunt,
1069 5149 1354 5224 occultum
1372 5144 1572 5224 malum
1605 5144 1844 5224 extrahit
1873 5144 1938 5224 ut
1962 5161 2227 5224 expurget
2262 5167 2381 5204 eum
2416 5144 2507 5217 qui
2545 5164 2642 5217 per
2674 5144 3054 5224 negligentiam
3092 5148 3299 5224 semina
3331 5145 3384 5224 in
3433 5160 3493 5224 se

250 5212 451 5292 Ρθθξῖίηξ
511 5217 808 5292 τεξςερετῑι,
865 5228 1044 5292 utque
1073 5219 1139 5292 is,
1182 5234 1306 5271 cum
1339 5219 1456 5292 haec
1510 5219 1577 5269 ad
1631 5217 1989 5292 superficiem
2033 5212 2391 5292 venErint,‘e_t
2423 5212 2485 5292 ea
2519 5212 2846 5292 evoinuerit',
2889 5218 3016 5271 licet
3067 5214 3406 5292 gravissimis
3431 5214 3490 5292 in

250 5277 397 5354 I'ualis
425 5278 612 5354 fuerit,
641 5277 834 5350 "postea
863 5277 1136 5340 adhibitis
1155 5291 1432 5342 consuetis
1474 5295 1595 5354 post
1619 5277 1827 5352 peccati
1857 5288 2103 5340 niorbum
2138 5277 2397 5342 remediis
2432 5288 2484 5340 in
2527 5288 2804 5342 meliorem
2833 5277 3033 5340 statum
3058 5277 3268 5338 chtitui
3298 5281 3488 5352 possit.

254 5339 386 5402 Deus
415 5350 561 5406 enim
599 5339 828 5410 'aiiimas
882 5364 1097 5412 nostras
1128 5339 1780 5426 nouvadrq‘uiiiqua'ginta
1815 5339 1958 5422 puta,
1986 5339 2148 5425 hujus
2180 5339 2549 5422 vitas—annos,
2592 5339 2698 5410 sed
2728 5339 2818 5411 'ad
2847 5339 3255 5423 sempiternum
3298 5339 3488 5404 'aevum

314 5503 863 5578 (597)727vrohrortoqr
917 5509 1000 5573 ὡς
1065 5510 1225 5578 πρὸς
1268 5510 1380 5578 τὴν
1443 5510 1804 5564 ἀθανασίαν.

245 5566 477 5688 ἓτίιιῦὺ.
505 5577 635 5631 editi
665 5592 788 5631 cum
811 5566 1019 5646 aliquot
1047 5566 1265 5632 mssflu
1303 5566 1425 5634 aliis
1481 5595 1614 5634 mss.
1656 5581 1809 5634 deest

289 5657 331 5701 ς.

246 5681 510 5836 11.35.2511“
558 5714 685 5769 libb.
741 5715 900 5773 editis
952 5716 1100 5772 deest
1148 5715 1241 5768 ἐπί
1293 5719 1434 5787 quod
1489 5718 1801 5775 habeturin

1988 5513 2099 5585 (54)
2140 5512 2293 5585 Ἐπί.
2327 5511 2488 5564 Deest
2509 5525 2727 5581 quoque
2751 5511 2803 5563 in
2836 5516 2993 5561 antea
3032 5505 3213 5570 editis,
3242 5504 3370 5558 licet
3394 5505 3490 5560 ha-

1915 5582 2111 5636 beatur
2142 5584 2192 5634 in
2223 5597 2353 5636 mss.

1984 5653 2097 5730 (65)
2128 5651 2219 5705 Sic
2247 5666 2381 5705 mss.
2407 5650 2564 5730 Lihb.
2592 5649 2745 5710 editi,
2785 5645 3150 5730 ci'obtrusis‘.)
3181 5643 3347 5730 Paulo
3368 5653 3490 5730 post

1914 5713 2118 5787 epiiui'e
2167 5736 2295 5774 mss.
2328 5737 2346 5770 ι
2386 5719 2642 5774 exclusus
2667 5733 2697 5770 a
2741 5715 2925 5787 solitis
2955 5717 3242 5771 meatibus.
3276 5732 3296 5766 ι
3329 5713 3485 5770 Libb.

1914 5785 2046 5844 editi
2073 5792 2351 5861 mendose,
2385 5807 2403 5842 ι
2435 5789 2690 5843 exclusus
2717 5805 2744 5842 a
2770 5785 2961 5843 salutis
2989 5788 3278 5841 meatibus.
3319 5804 3339 5837 ι
