4014 6142
468 390 576 446 275

1667 383 1988 447 ORI'GENIS
2024 392 2183 444 ΠΕΡΙ
2223 382 2453 444 ΑΡΧΩΝ
2526 431 2529 434 ι

3615 392 3722 447 276

472 500 761 572 imaginem
787 517 937 559 suam
966 517 1030 559 ac
1070 501 1478 558 similitudinem
1508 502 1783 568 condidit;
1814 512 1868 557 et
1914 503 2036 557 ideo
2070 512 2177 555 n'on
2220 497 2529 553 excluditur
2556 499 2824 554 brevitate
2861 498 3119 567 temporis
3165 497 3323 567 hujus
3350 497 3475 555 vita:
3521 508 3721 555 nostra

473 611 502 650 a
534 598 683 652 curis
712 607 765 653 et
792 598 1041 653 remediis
1077 597 1274 653 divinis
1299 598 1479 652 anima
1507 613 1626 668 quae
1649 596 1967 652 immortalis
1993 604 2097 649 est.

545 689 635 743 M.
678 688 782 742 Sed
815 703 1156 744 assumamus
1185 690 1352 744 etiam
1401 690 1468 745 de
1510 689 1817 761 Evangeliis
1848 689 2040 744 horum

2216 689 2349 759 Φέρε
2389 687 2446 740 δὲ
2494 688 2586 741 καὶ
2632 687 2850 759 τοιαύτῃ
2891 689 3055 741 εἰκόνι
3100 688 3208 739 ἀπὸ
3249 686 3342 739 τοῦ
3385 685 3721 754 Εὐαγγελίου

474 793 594 844 απαξ
616 779 851 833 diximus
871 778 1279 847 similitudines,
1312 781 1403 835 ubi
1423 781 1655 836 refertur
1676 782 1722 813 ⁸³
1755 795 1874 835 esse
1903 795 2046 849 qua-

474 869 597 924 dam
626 878 775 938 petra
828 870 1035 926 habens
1078 887 1300 941 parvam
1345 880 1398 927 et
1445 874 1694 942 exiguam
1730 880 1952 936 terram,
1992 872 2043 925 in

472 974 634 1028 quam
665 960 710 1014 si
741 960 1006 1017 ceciderit
1054 978 1261 1031 semen,
1309 963 1419 1019 cito
1454 972 1788 1019 memoratur
1822 963 2044 1027 exoriri,

470 1050 563 1105 sed
598 1066 719 1105 cum
743 1062 993 1107 exortum
1024 1054 1210 1117 fuerit,
1249 1054 1505 1123 quoniam
1550 1056 1786 1110 radicem
1815 1069 1920 1109 non
1951 1055 2048 1109 de-

468 1142 550 1197 dit
578 1143 629 1197 in
656 1144 1008 1212 profundum,
1039 1147 1362 1203 ascendente
1386 1147 1502 1203 sole
1529 1155 1761 1201 testuare
1796 1145 1914 1216 (57)
1950 1145 2039 1199 di-

469 1235 615 1289 citur
641 1245 693 1293 et
717 1250 968 1291 arescere
999 1238 1144 1307 quod
1168 1247 1417 1291 exortum
1445 1246 1547 1294 est.
1583 1237 1711 1305 Qua:
1744 1238 1927 1305 utique
1949 1252 2047 1306 pe-

474 1333 556 1381 tra
589 1327 708 1382 sine
736 1327 902 1383 dubio
929 1342 1029 1397 pro
1054 1328 1236 1383 anima
1266 1330 1438 1399 posita
1469 1339 1551 1384 est
1575 1329 1806 1383 humana
1838 1342 1936 1398 pro
1960 1329 2041 1382 sui

470 1417 801 1488 negligentia
856 1420 1130 1480 indurata.
1183 1427 1239 1473 et
1291 1427 1512 1489 propter
1559 1418 1824 1473 malitiam
1878 1433 2044 1473 saxea

471 1506 681 1563 eﬂ‘ecta.
728 1509 869 1565 Nulli
916 1510 1061 1565 enim
1104 1525 1133 1563 a
1186 1508 1299 1567 Deo
1340 1525 1435 1566 cor
1481 1511 1749 1580 lapideum
1802 1519 2043 1565 creatum

472 1609 575 1664 est,
606 1600 700 1654 sed
738 1616 835 1669 per
882 1600 1148 1655 malitiam
1186 1601 1480 1671 unicuique
1526 1598 2045 1656 et'inobedientiam

472 1704 567 1743 cor
590 1691 857 1761 lapideum
887 1690 1003 1747 ﬁeri
1032 1692 1252 1747 dicitur.
1308 1692 1458 1747 Sicut
1480 1708 1609 1763 ergo
1638 1692 1681 1747 si
1717 1693 1839 1762 quis
1872 1693 2046 1747 incre-

471 1790 561 1849 pet
588 1783 881 1851 agricolam
904 1799 1073 1853 quare
1102 1800 1208 1839 non
1234 1784 1393 1840 citius
1422 1785 1629 1840 semina
1657 1798 1818 1853 super
1846 1793 2044 1839 terram

470 1884 743 1942 petrosam
793 1874 1009 1942 jecerit,
1042 1889 1141 1943 pro
1162 1890 1226 1931 eo
1257 1876 1400 1946 quod
1429 1876 1615 1931 videat
1641 1876 1805 1932 aliam
1840 1886 2043 1932 terram

467 1974 743 2033 petrosam
778 1976 1001 2037 accepta
1038 1970 1245 2023 semina
1276 1968 1537 2023 velociter
1566 1970 1919 2039 germinasse,
1946 1971 2049 2025 uti-

466 2071 574 2126 que
598 2056 943 2128 reSpondebit
984 2056 1224 2127 agricola
1250 2067 1303 2113 et
1335 2058 1495 2126 dicet,
1533 2060 1681 2128 quia,
1706 2060 1913 2115 Idcirco
1939 2069 2047 2114 tar-

465 2151 586 2204 dius
614 2150 821 2204 semiuo
851 2158 1055 2204 terram
1084 2149 1246 2203 istam
1271 2160 1329 2203 ut
1359 2152 1528 2220 possit
1549 2153 1753 2207 semina
1780 2167 1900 2222 quae
1923 2168 2044 2209 sus-

468 2242 704 2310 ceperit,
733 2242 1006 2307 retinere;
1038 2242 1277 2311 {expedit
1317 2244 1461 2298 enim
1496 2244 1623 2299 huic
1660 2244 1751 2298 tali
1798 2252 1955 2299 terra:
1984 2256 2044 2300 ut

464 2333 741 2404 posterius
766 2332 1068 2387 semiuetur
1096 2348 1165 2388 ne
1191 2333 1333 2389 forte
1366 2334 1527 2389 citius
1555 2335 1857 2402 germinata
1888 2350 2043 2405 seges

463 2440 673 2480 summa
700 2425 876 2480 tenuis
923 2426 1023 2480 soli
1073 2426 1253 2481 fronte
1300 2426 1603 2495 procedens
1648 2427 1779 2481 solis
1818 2429 2037 2484 aestibus

462 2518 685 2571 obviare
708 2532 815 2571 non
843 2518 1031 2586 possit.
1049 2517 1235 2572 Nonne
1260 2518 1350 2586 qui
1380 2519 1532 2587 prius
1564 2520 1881 2590 increpabat
1905 2520 2039 2591 (58),

462 2609 663 2665 rationi
691 2618 745 2663 et
769 2609 981 2676 peritiae
1004 2610 1315 2679 acquiescet
1352 2610 1626 2679 agricolae,
1651 2619 1705 2666 et
1725 2613 1868 2679 quod
1893 2611 2044 2679 prius

463 2699 567 2755 sibi
601 2700 890 2755 videbatur
942 2700 1362 2770 inconsequens,
1406 2701 1811 2757 rationabiliter
1841 2701 2042 2755 factum

460 2790 833 2860 probabit?lta
864 2807 993 2862 ergo
1028 2792 1196 2859 Deus,
1222 2794 1491 2849 universae
1518 2803 1782 2849 creaturae
1810 2808 1920 2848 suae
1944 2807 2039 2863 pe-

459 2880 757 2940 ritissimus
788 2886 1365 2955 agricola,dissimulat
1385 2885 1637 2941 etditl'ert
1666 2886 1721 2941 in
1748 2886 1892 2940 aliud
1923 2886 2043 2940 sine

461 2974 625 3030 dubio
683 2984 896 3044 tempus
930 2977 1046 3032 haec
1074 2992 1196 3045 qua:
1223 2977 1379 3032 nobis
1448 2978 1697 3033 videntur
1745 2978 1916 3032 citius
1942 2977 2040 3031 de-

462 3065 648 3119 buisse
680 3066 941 3133 consequi
966 3068 1278 3133 sanitatem,
1297 3068 1376 3121 uti
1416 3083 1485 3121 ne
1510 3067 1824 3139 superﬁcies
1852 3082 2041 3123 eorum

463 3153 636 3222 magis
661 3169 823 3222 quam
853 3155 1082 3211 interna
1124 3167 1408 3213 curentur.
1447 3157 1506 3213 Si
1556 3174 1687 3214 vero
1715 3161 1839 3229 quis
1885 3160 2044 3214 nobis

465 3241 532 3294 ad
561 3243 676 3298 haec
710 3244 928 3313 obiiciat
958 3262 971 3298 ε
1008 3246 1186 3313 Quare
1219 3263 1349 3318 ergo
1395 3248 1641 3317 quaedam
1688 3249 1896 3304 semina
1944 3265 2041 3306 ca-

2150 784 2510 854 χρησώμεοαο
2544 782 2660 835 ἔστι
2700 800 2785 846 τις
2816 783 2989 852 πέτρα
3017 782 3202 849 ὀλίγην
3240 778 3434 848 ἔχουσα
3472 779 3567 832 καὶ
3596 780 3720 831 ἐπι-

2149 876 2365 929 πόλαιον
2399 877 2525 946 γῆν,
2552 877 2631 939 εἱς
2653 878 2719 946 ἣν
2748 875 2812 928 ἂν
2843 874 2983 947 πέσῃ
3016 876 3083 926 τά
3118 871 3426 941 σπέρματα,
3460 871 3596 939 ταχὺ
3627 870 3722 922 ἀν·

2148 966 2248 1029 θεῖ,
2294 967 2406 1019 ἀλλ’
2432 966 2760 1037 ἀνθήσαντα,
2790 966 2912 1018 ἐπεὶ
2942 963 3095 1034 ῥίζαν
3123 962 3223 1015 οὐκ
3248 963 3378 1032 ἔχει,
3406 960 3553 1031 ἡλίου
3587 962 3719 1014 ἀνα-

2146 1058 2438 1122 τείλαντος,
2472 1057 2871 1129 καυματίζεται
2899 1057 2992 1109 καὶ
3023 1055 3349 1127 ξηραίνεται.
3377 1054 3486 1106 Καὶ
3522 1051 3659 1122 αὕτη
3685 1053 3727 1123 ή,

2150 1150 2324 1220 πέτρα
2348 1150 2662 1221 ἀνθρωπίνη
2697 1149 2840 1220 ψυχή
2872 1150 2985 1201 ἐστι
3022 1146 3107 1200 διὰ
3134 1147 3229 1217 τὴν
3267 1145 3521 1216 ἀμέλειαν
3552 1145 3719 1214 σκληο

2151 1238 2423 1311 ρυνθεῖσα,
2454 1242 2547 1293 καὶ
2576 1239 2663 1292 διὰ
2704 1239 2802 1309 τὴν
2844 1239 3041 1292 κακίαν
3084 1236 3477 1291 ἁπολιθωθεῖσα
3498 1254 3510 1265 ·
3543 1234 3725 1306 λιθίνη

2146 1331 2255 1401 γὰρ
2279 1325 2452 1383 οὐδενὶ
2497 1329 2741 1383 ἔκτισται
2779 1328 2884 1383 ὑπὸ
2910 1325 3045 1381 Θεοῦ
3088 1326 3305 1396 καρδία,
3336 1326 3449 1380 ἀλλ’
3482 1326 3588 1379 ἀπὸ
3618 1326 3721 1396 τῆς

2148 1422 2411 1492 πονηρίας
2437 1421 2656 1490 τοιαύτη
2698 1419 2927 1487 γίνεται.
2955 1419 3165 1488 ’Ὠσπερ
3191 1412 3284 1470 οὖν
3312 1419 3360 1469 εἰ
3393 1416 3613 1483 ἐγκαλοῖ
3637 1434 3719 1480 τις

2146 1511 2224 1582 τῷ
2252 1511 2501 1584 γεωργῷ,
2537 1511 2611 1583 μὴ
2660 1510 2842 1583 τάχιον
2887 1509 2954 1562 τὰ
3012 1508 3298 1579 σπέρματα
3344 1508 3435 1561 ἐπὶ
3484 1506 3579 1577 τὴν
3626 1526 3721 1560 πε·-

2146 1602 2324 1673 τρώδη
2354 1602 2458 1673 γῆν
2502 1603 2735 1672 βαλόντι,
2780 1598 2923 1669 ὀρῶν
2962 1598 3127 1668 ἄλλην
3158 1597 3279 1651 τινὰ
3326 1596 3573 1669 πετρώδη
3621 1597 3719 1667 τὴν

2146 1692 2415 1748 λαϐοῦσαν
2443 1692 2513 1745 τὰ
2557 1691 2867 1762 σπέρματα,
2919 1688 3013 1741 καὶ
3050 1686 3337 1751 ἀνθοῦσαν,
3370 1686 3727 1757 ἀποκρίναιτο

2146 1787 2212 1843 ἂν
2250 1789 2277 1839 ὁ
2308 1784 2552 1857 γεωργὸς
2592 1785 2696 1848 ὅτι,
2725 1781 2948 1852 Βράδιον
3004 1780 3189 1849 σπερῶ
3232 1774 3330 1843 τὴν
3353 1778 3455 1848 γῆν
3491 1777 3716 1845 ταύτην,

2147 1877 2418 1931 ἐπιϐαλὼν
2460 1876 2525 1929 τὰ
2556 1876 2830 1945 δυνάμενα
2862 1873 3306 1944 παρακατασχεῖν
3341 1870 3411 1923 τὰ
3455 1869 3722 1938 σπαρησό-

2153 1989 2322 2044 μενα,
2375 1969 2683 2041 κρείττονος
2733 1965 2994 2035 ἐσομένου
3049 1966 3175 2034 τῇδε
3217 1964 3282 2033 τῇ
3331 1965 3399 2033 γῇ
3449 1961 3539 2014 τοῦ
3585 1961 3719 2031 βρα-

2148 2062 2394 2132 δυτέρου,
2424 2059 2517 2112 καὶ
2558 2054 2982 2126 ἀσφαλεστέρου,
3042 2052 3190 2124 παρὰ
3217 2052 3313 2123 τὴν
3356 2052 3539 2121 τάχιον
3570 2051 3719 2120 είλη-

2149 2156 2310 2224 φυῖαν
2346 2152 2441 2206 καὶ
2498 2148 2981 2218 ἐπιπολαιοτέρως·
3020 2145 3267 2216 πεισθείη
3314 2146 3410 2215 μὲν
3446 2144 3522 2207 ὡς
3566 2142 3718 2196 εὐλό-

2146 2264 2257 2316 γως
2310 2246 2519 2313 λέγοντι
2567 2242 2644 2313 τῷ
2675 2239 2925 2311 γεωργῷ,
2955 2238 3046 2291 καὶ
3086 2237 3162 2300 ὡς
3192 2236 3567 2306 ἐπιστημόνως
3624 2251 3721 2286 πε-

2148 2339 2429 2411 ποιηκότι*
2470 2336 2613 2390 οὕτω
2649 2336 2742 2389 καὶ
2788 2336 2815 2386 ὁ
2859 2332 3028 2402 μέγας
3072 2330 3252 2399 πάσης
3294 2329 3505 2398 φύσεως
3553 2344 3723 2397 γεωρ-

2146 2432 2241 2500 γὸς
2296 2430 2409 2502 (56)
2470 2426 2815 2499 ὑπερτίθεται
2868 2424 2964 2495 τὴν
3013 2422 3359 2494 νομισθεῖσαν
3414 2421 3479 2476 ἂν
3532 2423 3729 2493 τάχιον.

2146 2521 2411 2586 εὐποιΐαν,
2451 2519 2539 2572 ἵνα
2600 2516 2671 2587 μὴ
2724 2515 3037 2577 ἐπιπόλαιος
3083 2513 3327 2583 γένηται.
3383 2512 3521 2565 Ἀλλ’
3570 2512 3720 2575 εἰκὸς

2144 2614 2276 2681 ἡμῖν
2314 2609 2433 2664 τινὰ
2467 2607 2602 2677 πρὸς
2644 2605 2817 2660 ταῦτα
2859 2604 3303 2671 ἀνθυπενεγκεῖψ
3338 2602 3433 2656 Διὰ
3463 2601 3515 2654 τί
3563 2602 3620 2655 δὲ
3665 2602 3723 2655 τὶ

2143 2700 2250 2754 τῶν
2280 2698 2609 2768 σπερμάτων
2638 2696 2823 2748 πίπτει
2854 2692 2945 2746 ἐπὶ
2976 2692 3073 2761 τὴν
3113 2692 3172 2756 ἐξ
3202 2691 3463 2761 ἐπιπολῆς
3492 2690 3721 2760 ἔχουσαν

2143 2790 2242 2860 τὴν
2289 2789 2414 2859 γῆν,
2456 2787 2618 2841 οἱονεὶ
2670 2786 2875 2855 πέτραν
2919 2779 3082 2837 οὖσαν
3136 2783 3349 2853 ψυχήνς
3398 2783 3629 2836 Λεκτέον
3660 2783 3720 2836 δὲ

2144 2882 2237 2936 καὶ
2270 2881 2404 2952 πρὸς
2434 2878 2593 2933 τοῦτο
2633 2880 2713 2931 ὅτι
2745 2877 2948 2947 βέλτιον
2988 2876 3114 2947 τῇδέ
3145 2892 3247 2927 τινι
3287 2875 3718 2945 προπετέστερον

2146 2972 2517 3044 βεϐουλημένῃ
2545 2970 2615 3023 τὰ
2663 2968 2967 3041 κρείττονα,
3020 2970 3115 3021 καὶ¹
3164 2966 3284 3037 οὐχὶ
3315 2966 3417 3037 ὁδῷ
3457 2968 3542 3019 ἐπ’
3580 2967 3725 3020 αὐτὰ.

2143 3069 2445 3142 ὁδευσάσῃ,
2499 3071 2680 3139 τυχεῖν
2731 3061 2792 3121 οὗ
2849 3067 3204 3139 βεϐούληται’
3239 3067 3326 3120 ἵνα
3382 3064 3581 3134 ἑαυτῆς
3626 3063 3722 3115 ἐπὶ

2143 3162 2317 3231 τούτῳ
2358 3160 2728 3229 καταγνοῦσα,
2758 3159 2855 3230 τὴν
2899 3158 3039 3213 κατὰ
3088 3156 3247 3227 φύσιν
3291 3156 3563 3226 γεωργίαν
3612 3172 3717 3224 μα·-

2146 3252 2467 3324 κροθυμήσῃ
2506 3252 2729 3322 ὕστερον
2780 3250 2957 3320 πολλῷ
3006 3250 3182 3321 χρόνῳ
3229 3248 3431 3302 λαϐεῖν.
3468 3248 3719 3317 Ἀπειροι

467 3334 601 3388 ιΙυηι
629 3335 794 3389 etiam
835 3349 997 3406 super
1035 3347 1234 3392 terram
1273 3348 1570 3407 pctrosam,
1623 3341 1675 3394 id
1722 3352 1805 3394 est
1851 3342 2041 3397 duram

2146 3342 2251 3412 γὰρ
2295 3344 2444 3413 ἡμῖν,
2471 3343 2546 3405 ὼς
2579 3342 2643 3396 ἂν
2676 3342 2817 3396 εἴποι
2850 3360 2958 3405 τις,
2997 3342 3053 3395 αἱ
3081 3340 3270 3410 ψυχαὶ,
3301 3338 3395 3392 καὶ
3423 3340 3623 3408 ἄπειρα
3650 3336 3723 3390 τὰ

467 3425 703 3495 aliquam
736 3436 791 3482 et
819 3442 1035 3483 saxeam
1083 3430 1357 3485 animam?
1416 3430 1572 3502 123
1631 3431 1922 3487 Dicendum
1973 3434 2040 3489 ad

463 3518 581 3572 haec
633 3518 759 3587 quia
808 3534 876 3574 ne
923 3519 1027 3575 hoc
1071 3521 1285 3589 quidem
1320 3522 1523 3589 absque
1590 3521 1786 3577 divina:
1817 3524 2037 3593 dispen-

461 3608 693 3665 sationis
738 3608 857 3666 ﬁeri
903 3611 1240 3681 providentia
1302 3624 1536 3685 potest:
1580 3615 1708 3686 quia
1764 3617 1868 3683 nisi
1945 3630 2041 3686 per

2146 3435 2352 3488 τούτων
2389 3433 2523 3505 ἤθη,
2560 3434 2653 3486 καὶ
2688 3433 2911 3488 πλεῖστα
2942 3433 3041 3485 ὅσα
3092 3431 3161 3483 τὰ
3192 3431 3498 3499 κινήματα,
3532 3426 3622 3481 καὶ
3661 3429 3719 3480 αἱ

2147 3524 2458 3597 προθέσεις,
2498 3525 2592 3577 καὶ
2640 3524 2696 3576 αἱ
2741 3522 3018 3587 ἐπιϐολαὶ,
3064 3522 3158 3574 καὶ
3200 3522 3254 3575 αί
3298 3519 3486 3590 ὁρμαὶ,
3524 3510 3599 3571 ὧν
3638 3514 3726 3580 εἷς

2149 3617 2308 3688 μόνος
2344 3616 2625 3687 οἰκονόμος
2665 3617 2918 3686 ἄριστος,
2954 3614 3047 3667 καὶ
3083 3613 3209 3676 τοὺς
3243 3611 3467 3682 καιροὺς
3500 3608 3718 3663 ἐπιστά-

1701 3752 2265 3808 INTERPRETATIO
2296 3752 2504 3809 NOVA.

470 3845 747 3920 dispensat
771 3863 808 3920 ;_
833 3847 1296 3920 incorruptibilem
1321 3850 1523 3920 quippe
1555 3850 1684 3905 fecit
1720 3861 1971 3904 naturam
2005 3849 2395 3920 intelligentem
2427 3848 2637 3918 sibique
2671 3854 2982 3917 cognatam,
3013 3858 3116 3899 nec
3144 3859 3174 3896 a
3202 3840 3721 3908 euratioue,quem-

471 3912 763 3989 admodum
797 3917 852 3970 in
892 3918 995 3972 hac
1021 3912 1152 3983 vita,
1181 3912 1661 3989 rationis-compos
1694 3921 1874 3973 anima
1899 3912 2226 3989 excluditur.
2550 3912 2569 3918 ’
2606 3987 2619 3989 _
2745 3912 2770 3917 ’
3031 3984 3042 3989 _
3330 3979 3356 3989 Α
3400 3979 3411 3989 υ
3597 3977 3608 3988 θ

543 3982 630 4034 14.
658 3982 781 4060 _Age
812 4000 965 4051 vero,
996 3979 1214 4060 utamur
1238 3988 1409 4060 etiam
1444 3979 1881 4060 hac'evangclica
1913 3988 2272 4060 similitudine
2302 4006 2315 4042 :
2356 3987 2712 4060 estquzedam
2760 3994 2910 4060 petra
2960 3984 3113 4051 cujus
3157 3979 3477 4060 superﬁcies
3525 3979 3721 4060 e‘xjgua

472 4049 767 4129 admodum
804 4049 958 4107 terra
984 4057 1204 4129 tegitur,
1237 4056 1478 4129 inquam
1508 4058 1553 4111 si
1584 4049 1884 4111 ceciderint
1913 4057 2143 4129 semina,
2180 4057 2289 4113 cito
2316 4049 2653 4129 exoriuntur,
2683 4049 2777 4111 sed
2810 4049 3107 4129 ubiexorta
3135 4049 3278 4111 sunt,
3312 4049 3439 4129 quia
3462 4049 3721 4129 radicem

472 4136 579 4173 non
618 4121 844 4189 habent,
881 4117 1077 4197 exorto
1112 4117 1224 4197 sole
1251 4117 1550 4197 aduruntur
1574 4134 2000 4179 etexarescunt.
2036 4117 2158 4197 llaec
2194 4141 2360 4193 porro
2395 4135 2546 4197 petra
2578 4117 2926 4197 humanaest
2950 4124 3155 4197 anima,
3205 4117 3527 4197 negligentia
3561 4117 3720 4197 indu-

470 4201 595 4264 rata
623 4186 931 4264 etApropter
955 4194 1213 4247 malitiam
1250 4197 1302 4247 in
1348 4193 1581 4261 lapidem
1618 4209 1879 4264 conversa
1913 4211 1927 4248 :
1959 4194 2091 4247 nulli
2118 4186 2259 4249 enim
2289 4186 2497 4250 creavit
2530 4196 2667 4249 Deus
2696 4212 2791 4249 cur
2817 4195 3111 4264 lapideum,
3133 4190 3238 4264 sed
3271 4186 3379 4264 t_ale
3406 4186 3722 4264 improbitas

469 4258 622 4337 facit.
666 4258 1135 4337 Quemadmodum
1171 4264 1335 4337 igitur
1379 4258 1782 4337 siquisvidens
1813 4264 2051 4333 proiecta
2087 4266 2138 4318 in
2172 4274 2370 4320 terram
2399 4275 2669 4337 petrosam
2700 4258 2906 4318 semina
2936 4260 3145 4337 concipi
3188 4270 3241 4312 et
3269 4258 3484 4337 florere,
3511 4258 3722 4337 agricof

470 4328 576 4407 lam
616 4326 1041 4407 reprehenderet
1072 4326 1348 4407 quodnon
1389 4326 1638 4407 citiusin
1673 4326 1871 4386 terra'm
1903 4326 2176 4403 petrosam
2208 4326 2416 4407 semina
2442 4334 2659 4407 iecerit,
2692 4326 3133 4407 etrespouderct
3172 4326 3413 4407 agricola
3456 4326 3725 4407 scriurslse

469 4391 697 4471 interra
744 4401 846 4456 hac
876 4391 1175 4457 sementem
1206 4402 1501 4467 facturum,
1532 4404 1620 4457 ubi
1671 4417 1791 4470 quae
1821 4391 2123 4456 sementem
2172 4391 2459 4459 continere
2496 4391 2703 4471 possint
2751 4404 2803 4456 in
2855 4391 2973 4455 eam
3010 4391 3318 4471 contulerit.
3368 4410 3491 4447 οιιιιι
3532 4391 3724 4471 "Who"

468 4469 746 4546 tutiorque
775 4485 841 4525 ex
868 4471 1176 4546 huiusmodi
1204 4482 1349 4546 terra
1378 4475 1552 4546 serius
1579 4469 1696 4525 sata
1735 4473 2016 4546 proveniat
2041 4488 2379 4546 segesquam
2420 4469 2589 4546 ex‘ea
2618 4488 2747 4546 quae
2784 4471 3015 4546 celerius
3045 4480 3099 4546 et
3131 4469 3444 4546 intsumma
3499 4469 3707 4546 tantuli!

469 4539 765 4603 superﬁcie
803 4542 1063 4608 concipit;
1095 4542 1280 4596 credet
1312 4542 1565 4610 agricolae
1594 4550 1653 4595 ut
1675 4538 1765 4608 qui
1804 4551 1859 4596 et
1887 4555 2015 4595 vere
2040 4538 2247 4596 diierit
2267 4551 2320 4597 et
2352 4542 2526 4609 perite
2553 4538 2792 4596 scienter
2837 4556 2903 4594 ue
2926 4538 3153 4601 fecerit;
3188 4538 3261 4588 ita
3302 4546 3531 4602 magnus
3559 4540 3724 4607 totius

470 4616 682 4659 natura:
719 4609 956 4662 agricola
990 4610 1408 4662 beneﬁcentiam
1437 4626 1587 4662 suam
1620 4627 1739 4662 nua;
1774 4613 1936 4662 citius
1968 4612 2240 4662 impertita
2273 4611 2574 4662 videretur.
2611 4613 2664 4662 in
2688 4556 2831 4662 aliuﬂ
2863 4618 3074 4662 tempus
3097 4606 3294 4662 differt.
3327 4617 3395 4655 ne
3423 4609 3629 4655 tantum
3668 4613 3723 4650 in

470 4616 682 4683 naturae
714 4606 1408 4683 agricolaLbeueﬁcentia'rn
1437 4626 1587 4665 suam
1620 4606 1739 4683 quae
1768 4613 1936 4683 citius
1968 4612 2240 4683 impertita
2273 4606 2574 4683 videretur,
2611 4613 2664 4664 in
2688 4606 2840 4683 aliud
2863 4618 3074 4683 tempus
3097 4606 3294 4670 diﬁ‘ert,
3327 4617 3395 4683 ne
3423 4609 3629 4683 tantum

472 4670 908 4750 superﬁcies“.
949 4677 1055 4732 Sed
1088 4679 1307 4746 objiciet
1335 4678 1570 4733 fortasse
1602 4670 1869 4747 quispiam
1906 4700 1917 4735 :
1956 4670 2067 4734 Cur
2092 4694 2223 4749 ergo
2267 4694 2390 4750 pars
2420 4670 2686 4733 seminum
2725 4679 2870 4734 cadit
2920 4670 3121 4750 irreatn
3156 4689 3273 4743 quar
3332 4673 3385 4724 in
3433 4670 3725 4750 §u_per|_i9i6

473 4750 682 4818 tantum
716 4744 880 4818 habet
910 4758 1131 4818 terram,
1160 4744 1214 4800 et
1249 4763 1370 4815 qua:
1401 4764 1498 4802 ccu
1536 4744 1689 4816 petra
1715 4744 1821 4816 est,
1851 4750 2133 4803 animam?
2158 4744 2351 4818 'Ad'idr
2373 4750 2808 4818 respondendum
2837 4758 2944 4818 est,
2973 4746 3249 4818 huicquaz
3286 4744 3723 4818 praecipitantius

472 4811 527 4863 in
560 4812 762 4887 bonum
793 4814 1071 4869 ferebatur
1105 4811 1207 4869 nec
1233 4811 1443 4870 ratione
1471 4811 1550 4871 ad'
1574 4818 1706 4871 illud
1736 4811 2019 4887 pergebat,
2058 4817 2429 4886 praestabilius
2460 4811 2649 4883 fuisse,
2693 4818 2746 4872 id
2779 4817 2922 4887 quod
2950 4811 3225 4887 cupiebat,
3254 4811 3541 4887 consequi,
3575 4814 3635 4859 ut
3663 4819 3724 4859 se

471 4893 537 4932 ex
569 4894 634 4936 eo
658 4882 1143 4955 ipsoicognoscens
1173 4896 1228 4938 et
1264 4888 1550 4951 damnans,
1585 4877 1865 4941 culturani
1883 4877 2279 4955 quaen-natura
2303 4894 2409 4949 est,
2436 4877 2705 4955 patienter
2737 4877 2909 4941 ferret
2943 4877 3042 4939 sibi
3076 4884 3331 4949 deinceps
3360 4887 3481 4946 post
3504 4877 3724 4955 longum

476 4958 694 5027 tempus
730 4951 975 5027 adhiberi
1005 4972 1019 5019 ;
1056 4955 1491 5027 innumerabiles
1520 4956 1663 5010 enim
1698 4951 1964 5027 uobisfut
1995 4958 2071 5009 ita
2094 4957 2295 5021 dicam,
2327 4951 2454 5009 sunt
2503 4958 2720 5020 animae,
2758 4954 3247 5027 innumeriearum
3310 4962 3515 5027 mores,
3543 4951 3724 5027 illotus

470 5020 882 5098 quamplurimi,
916 5022 1147 5076 consilia
1176 5024 1338 5098 item,
1358 5025 1607 5092 impetus,
1638 5035 1691 5078 et
1723 5025 2013 5098 appetitus,
2052 5020 2287 5098 quorum
2308 5041 2445 5098 unus
2466 5036 2549 5080 est
2575 5024 3179 5098 dispensator_optitt_tus
3210 5020 3479 5098 Deu_s,q_ui
3504 5025 3559 5098 et
3588 5021 3726 5098 tell}-

472 5100 604 5154 pora
641 5083 797 5143 nevit
817 5083 878 5144 et
902 5106 1139 5161 congrua
1173 5083 1399 5156 auntia,
1433 5083 1495 5148 et
1531 5083 1727 5148 ductus
1753 5083 1810 5148 ei
1836 5096 1977 5159 vias,
2002 5083 2375 5151 universorum
2414 5097 2554 5151 Deus
2582 5105 2635 5151 et
2661 5083 2817 5164 pater
2847 5094 2939 5162 qui
2977 5083 3126 5146 novit
3150 5106 3256 5159 qua
3287 5089 3373 5141 via
3396 5083 3561 5141 ducat
3585 5083 3727 5137 Pha-

554 5223 602 5256 ⁸³
628 5222 821 5281 Matth.
856 5239 988 5292 χιιι,
1020 5227 1073 5281 5.

538 5376 657 5449 (56)
687 5376 841 5433 Libb.
888 5377 1047 5449 editi,
1085 5394 1103 5429 ι
1136 5378 1499 5449 δημιουργὸς,
1548 5377 1899 5449 ὑπερτίθεται
1952 5378 2044 5449 τὴν

2150 5379 2274 5435 nuis
2300 5380 2399 5436 soli
2444 5382 2622 5436 fronte
2646 5377 2965 5446 procedens.
3005 5395 3022 5427 ι
3052 5374 3209 5429 Libb.
3244 5368 3399 5448 editi,
3435 5368 3728 5449 tinenforte

468 5437 821 5517 νομισθεῖσαν
872 5449 948 5511 ὡς
992 5437 1249 5520 τάχιονίί
1302 5437 1408 5504 Sed
1447 5437 1587 5503 mss.
1642 5437 1700 5502 tit
1759 5448 1815 5503 in
1863 5437 2044 5504 nostra

470 5527 645 5572 ιειὶυ.

2149 5450 2313 5504 citius
2354 5437 2693 5520 germinante
2720 5456 2903 5516 segete
2938 5461 3152 5501 summa
3184 5439 3368 5498 tenuis
3397 5437 3498 5491 soli
3547 5437 3727 5497 {mute

2146 5534 2207 5572 ea
2243 5521 2555 5572 procedens.
2602 5537 2622 5569 ι
3090 5542 3093 5545 λ

470 5527 645 5572 textu.
2145 5534 2207 5572 ea
2243 5527 2555 5575 procedens.
2602 5537 2622 5569 ι
3090 5542 3093 5545 λ

546 5536 660 5655 l(i5u'l.)
691 5586 782 5641 Sic
813 5602 943 5641 mss.
978 5586 1136 5643 Libb.
1168 5586 1321 5653 editi,
1352 5606 1370 5637 ι
1405 5586 1647 5641 ωειυιπί.
1678 5584 1869 5657 i_ltifra
1895 5601 2046 5650 mss.,
2145 5536 2651 5657 enggceouu‘iugiiis
2694 5587 3018 5655 increpabat.
3074 5542 3200 5639 Haec
3248 5586 3449 5657 desunt
3476 5586 3533 5657 in
3563 5593 3728 5637 antea

481 5676 498 5707 ι
538 5654 647 5723 pro
678 5672 745 5710 eo
784 5657 928 5725 quod
958 5657 1139 5711 videat
1190 5657 1350 5710 aliam
1394 5667 1619 5711 terram.
1665 5674 1683 5707 ι
1712 5654 1869 5710 Libb.
1895 5657 2045 5720 editi,
2146 5654 2325 5721 editis,
2356 5660 2447 5712 sed
2489 5654 2754 5713 habentur
2784 5654 2847 5711 in’
2866 5673 2994 5711 mss.
3022 5656 3378 5725 lbidcmlibb.
3402 5656 3559 5718 editi,
3597 5672 3616 5705 ι
3643 5668 3729 5705 η-

482 5743 500 5773 ε
536 5740 633 5790 pro
666 5738 734 5780 eo
773 5724 913 5797 quod
941 5727 1151 5797 viderat
1177 5727 1243 5781 ad
1268 5739 1387 5797 eam
1418 5735 1639 5781 terram.
1677 5744 1696 5778 ι
1730 5725 1898 5779 Paulo
1928 5735 2048 5794 post
2147 5727 2477 5784 tiouabilitcr
2507 5728 2711 5784 factum
2740 5726 3096 5797 probabitur?
3138 5744 3155 5777 ι
3193 5724 3322 5781 Mss.
3362 5735 3418 5779 ut
3454 5726 3509 5779 in
3537 5731 3729 5778 nostro

478 5807 636 5859 ιιιεβο,
666 5812 687 5848 ι
733 5809 800 5853 ne
823 5794 964 5853 forte
997 5796 1155 5857 citius
1198 5795 1502 5869 geminata
1529 5811 1685 5869 seges
1726 5811 1933 5854 summa
1961 5807 2047 5853 tc-
2146 5805 2315 5854 textu.
