4014 6142
339 334 445 391 ΞΤ]
1652 338 1853 393 LIBER
1892 339 2209 396 TERTIUS.
3482 346 3588 403 278

340 470 528 526 μενος,
560 454 649 508 καὶ
679 455 745 508 τὰ
782 454 1091 525 ἁρμόζοντα
1142 456 1482 527 βοηθήματα,
1516 456 1611 508 καὶ
1644 456 1740 519 τὰς
1775 457 1918 524 ἀγω-

2023 459 2149 522 hoe.
2195 472 2305 515 non
2358 466 2775 529 cognosceretur
2807 456 2918 530 (59)
2955 457 3083 528 quid
3129 456 3590 511 condemnationis

335 544 462 611 γὰς,
504 547 597 599 καὶ
641 547 741 609 τὰς
773 546 945 611 ὁδοὺς,
981 546 1009 596 6
1044 546 1152 599 τῶν
1198 547 1332 599 ὅλων
1364 546 1495 609 Θεὸς
1530 549 1623 599 καὶ
1657 548 1857 619 πατὴρ,
1892 550 1919 600 6

2025 551 2259 606 haberet
2311 551 2591 606 temeritas
2623 549 2839 606 auditus
2893 558 2950 605 et
3001 548 3445 618 perscrutationis
3491 548 3592 601 im-

306 692 309 697 ,
335 634 493 698 εἰδὼς
529 636 644 699 πῶς
678 638 771 690 καὶ
802 637 893 690 τὸν
921 636 1120 709 Φαραὼ
1157 637 1278 706 ἄγει
1321 638 1409 691 διὰ
1435 638 1665 692 τοσῶνδε
1698 639 1792 691 καὶ
1819 657 1889 691 κα

2022 641 2293 711 probitas;
2341 656 2448 696 non
2503 643 2692 710 utique
2758 648 3177 711 cognosceretur
3253 639 3386 709 quid
3444 647 3592 692 esset

332 726 729 797 ταποντισμοῦ,
754 731 833 790 εἰς
860 730 920 781 ὃν
936 729 995 782 οὑ
1027 728 1327 799 καταλήγει
1348 730 1381 799 ἡ
1402 727 1681 798 οἰκονομία
1700 728 1789 782 τοῦ
1809 730 1916 780 Φα-

2024 732 2275 786 utilitatis
2338 732 2539 787 erudiri
2589 746 2685 801 per
2746 733 3013 786 ordinem.
3086 730 3153 784 Et
3211 730 3333 784 inde
3402 730 3463 785 ﬁt
3531 740 3590 783 ιιι

332 817 473 887 ραώ.
501 819 578 871 Οὐ
613 818 721 891 γὰρ
758 820 877 872 ἐπεὶ
902 819 1304 891 κατεποντώθη,
1348 818 1613 889 δινελύθη⁸
1660 838 1676 871 ι
1716 820 1773 872 ὲν
1807 819 1915 890 γὰρ

2020 830 2318 890 cognoscat
2368 822 2546 875 anima
2598 824 2789 875 vitium
2839 836 3034 889 suum,
3083 836 3250 890 seque
3279 821 3447 885 ipsam
3499 835 3587 872 re-

330 906 479 976 χειρὶ
496 907 633 959 Θεοῦ
656 909 750 961 καὶ
778 910 937 979 ἡμεῖς
967 912 1058 964 καὶ
1079 912 1127 964 οἱ
1144 910 1289 978 λόγοι
1317 909 1491 980 ἡμῶν,
1518 910 1665 962 πᾶσά
1692 927 1748 960 τε
1779 892 1915 979 φρύ-

2023 911 2360 974 prehendat,
2408 924 2473 964 ac
2534 919 2929 978 consequenter
2975 926 3032 965 se
3076 910 3303 965 culturae
3352 918 3592 963 reservet

330 1012 489 1064 νησις
530 999 625 1051 καὶ
665 999 935 1069 ἐργασιῶν
969 1002 1264 1071 ἐπιστήμη.
1296 1020 1314 1051 ι
1348 1000 1457 1053 Καὶ
1484 999 1655 1052 ταῦτα
1687 999 1783 1069 μὲν
1823 1016 1886 1068 με

2019 1016 2084 1056 ae
2130 1003 2344 1069 tradat,
2384 1003 2435 1057 id
2469 1011 2552 1058 est
2603 1012 2659 1055 ut
2694 1003 2873 1055 videat
2913 1002 3014 1057 sibi
3063 1002 3217 1070 prius
3264 999 3392 1053 vitia
3443 1013 3594 1053 rese-

328 1086 503 1156 τρίως
530 1090 615 1151 εἰς
643 1090 938 1158 ἀπολογίαν
972 1093 1100 1162 περὶ
1132 1091 1222 1144 τοῦ
1254 1091 1613 1161 ἐσκληρύνθαι
1644 1090 1741 1161 τὴν
1780 1109 1913 1163 καρ-

2015 1094 2189 1147 cauda
2225 1132 2243 1159 ,
2319 1101 2430 1147 tum
2496 1092 2692 1147 deinde
2757 1091 2823 1146 ad
2877 1090 3289 1145 instructionem
3355 1088 3594 1144 scientia;

325 1174 449 1229 δίαν
495 1178 720 1249 Φαραὼ,
768 1184 1015 1254 καὶπερὶ
1044 1182 1137 1235 τοῦ
1161 1200 1174 1212 ο
1218 1201 1236 1234 ι
1272 1184 1367 1237 Ὃν
1399 1182 1539 1236 θέλει
1573 1183 1733 1249 ἐλεεῖ,
1767 1182 1825 1235 ὃν
1853 1182 1910 1235 δὲ

2014 1184 2360 1239 veniendum.
2409 1181 2544 1249 Quia
2601 1196 2733 1252 ergo
2796 1182 2937 1237 sicut
2994 1180 3418 1235 innumerabiles
3466 1187 3594 1235 sunt

326 1266 477 1323 θέλει
510 1271 821 1342 σκληρύνει.
849 1294 867 1326 ι

2013 1275 2229 1339 animat,
2262 1274 2336 1329 ita
2368 1283 2424 1328 et
2453 1288 2633 1329 mores
2661 1286 2852 1329 earum
2886 1282 3049 1343 atque
3088 1270 3384 1342 proposita,
3414 1271 3592 1326 diver-

325 1364 489 1433 sique
538 1367 873 1437 singularum
906 1378 1103 1434 mctus,
1150 1378 1207 1425 et
1247 1369 1571 1438 appetentiae
1598 1378 1651 1424 et
1696 1369 2079 1435 incitamenta;
2129 1382 2357 1437 quarum
2398 1370 2717 1423 varietatem
2768 1370 2999 1423 humana
3044 1381 3198 1421 mens
3235 1367 3593 1422 considerare

324 1458 647 1516 nullatenus
681 1470 885 1530 potest;
938 1462 1061 1517 ideo
1120 1462 1222 1518 soli
1262 1463 1372 1518 Deo
1405 1479 1494 1519 ars
1522 1472 1576 1519 et
1603 1463 1832 1518 scientia
1861 1472 1915 1517 et
1949 1464 2191 1532 potentia
2228 1463 2663 1532 dispensationis
2691 1460 3063 1533 hujuscemodi
3096 1460 3449 1530 relinquenda
3477 1468 3591 1526 εει,

319 1552 413 1619 qui
460 1554 616 1609 solus
651 1569 811 1610 nosse
861 1565 1040 1624 potest
1084 1567 1138 1611 et
1172 1557 1409 1612 remedia
1440 1558 1793 1627 singularum,
1821 1566 1873 1612 et
1905 1557 2249 1611 curationum
2286 1568 2498 1628 tempus
2527 1558 2728 1614 metiri.
2752 1558 2869 1627 Ipse
2897 1572 3024 1625 ergo
3053 1565 3135 1611 est
3160 1555 3273 1624 ζ(ιυί
3328 1552 3498 1617 solus,
3534 1562 3612 1605 ut-

319 1642 596 1707 diximus,
638 1644 886 1715 agnoscit
920 1646 1257 1715 singulorum
1288 1647 1599 1702 mortalium
1629 1648 1768 1712 vias,
1797 1663 1899 1718 qua
1933 1650 2016 1703 via
2050 1649 2212 1704 etiam
2245 1649 2581 1704 Pharaonem
2622 1650 2891 1704 adducere
2924 1650 3164 1713 deberet,
3208 1657 3266 1704 ut
3295 1662 3389 1718 per
3415 1647 3590 1717 ipsum

316 1752 531 1792 nomen
582 1753 737 1793 suum
774 1740 1149 1795 nominaretur
1187 1741 1239 1796 in
1278 1743 1528 1797 universa
1571 1752 1738 1810 terra,
1769 1743 2014 1813 pluribus
2048 1744 2219 1815 plagis
2254 1756 2410 1800 antea
2443 1747 2764 1816 castigatum
2793 1756 2843 1801 et
2877 1761 3046 1815 usque
3073 1744 3139 1801 ad
3164 1745 3591 1800 submersionetn

313 1833 502 1887 maris
532 1833 843 1888 adductum.
866 1833 923 1887 lu
954 1848 1056 1903 qua
1082 1834 1455 1889 submersione
1489 1850 1594 1890 non
1624 1836 1807 1905 utique
1836 1840 2133 1905 putandum
2161 1846 2244 1893 est
2280 1838 2490 1893 [initam
2522 1854 2642 1894 esse
2669 1853 2796 1907 erga
2826 1837 3163 1893 Pharaonem
3196 1836 3589 1905 providentiam

319 1923 419 1979 Dei
458 1940 476 1982 :
526 1939 631 1978 non
669 1927 811 1980 enim
849 1926 976 1994 quia
1017 1925 1298 1981 demersus
1346 1937 1461 1993 est,
1506 1929 1765 1982 continuo
1816 1928 1980 1983 etiam
2016 1931 2455 1986 substantialiter
2502 1932 2774 1987 interiisse
2822 1930 3094 2000 putandus
3140 1940 3244 1984 est.
3282 1947 3300 1979 ι
3329 1928 3384 1984 I11
3426 1944 3590 1982 manu

318 2016 472 2071 enim
511 2016 602 2071 Dei
641 2026 695 2071 et
727 2033 823 2073 nos
866 2027 921 2073 et
950 2032 1227 2074 sermones
1257 2021 1430 2076 nostri
1472 2031 1526 2076 et
1555 2022 1733 2075 omnis
1775 2022 2063 2090 prudentia
2097 2034 2259 2093 atque
2290 2040 2513 2094 operum
2566 2025 2847 2093 disciplina
2880 2034 2965 2079 est
2987 2023 3052 2091 ⁸³,
3078 2042 3096 2075 ι
3134 2023 3274 2078 sicut
3304 2021 3591 2091 Scriptura

311 2106 477 2161 dicit.
532 2107 731 2162 Verum
798 2110 912 2163 haec
960 2125 1059 2179 pro
1109 2112 1315 2167 viribus
1364 2116 1563 2170 nostris
1607 2114 1987 2183 disseruimus,
2006 2118 2301 2185 capitulum
2345 2116 2710 2187 Scriptum”
2751 2118 3104 2174 discutientes
3138 2118 3190 2171 in
3234 2132 3341 2187 quo
3393 2116 3590 2175 dicitur

313 2198 465 2254 Deus
521 2201 800 2257 indurasse
841 2218 934 2258 cor
980 2204 1301 2272 Pharaonis,
1332 2219 1386 2261 et
1434 2223 1530 2277 pro
1567 2223 1631 2263 eo
1670 2208 1813 2279 quod
1858 2210 2058 2265 dictum
2093 2222 2175 2267 est
2210 2230 2224 2266 :
2265 2230 2285 2263 ι
2345 2212 2443 2268 Cui
2479 2225 2609 2282 ergo
2661 2212 2774 2266 vult
2817 2213 3123 2273 miseretur,
3166 2219 3222 2264 et
3264 2224 3422 2278 quem
3474 2207 3589 2263 vult

311 2288 545 2346 indurat
566 2295 630 2353 ⁸⁸,
654 2314 672 2346 ι

408 2384 643 2455 Ἴδωμεν
711 2390 804 2442 καὶ
876 2390 937 2443 τὸ
1004 2392 1069 2445 ὲκ
1129 2393 1219 2447 τοῦ
1289 2394 1546 2466 Ὶεζεκιὴλ
1615 2396 1901 2463 λέγοντος·
1940 2403 1981 2460 Β

2081 2397 2170 2454 l5.
2213 2396 2364 2452 Nunc
2406 2397 2685 2453 videamus
2732 2395 2894 2450 etiam
2930 2394 2997 2448 de
3037 2394 3123 2448 his
3157 2407 3276 2462 qua:
3326 2387 3581 2445 Ezechiel

316 2486 335 2519 ι
381 2470 588 2535 Ἐξελῶ
632 2474 730 2537 τὰς
772 2475 979 2539 λιθίνας
1027 2481 1254 2549 καρδίας
1299 2483 1497 2545 αὐτῶν,
1545 2485 1638 2535 καὶ
1686 2483 1901 2552 ἐμϐαλῶ

2011 2485 2141 2540 dicit
2170 2500 2292 2541 cum
2337 2486 2451 2541 ait:
2490 2504 2506 2536 ι
2537 2484 2791 2542 Auferam
2825 2500 2921 2539 cor
2966 2483 3232 2551 lapideum
3266 2482 3334 2536 ab
3379 2479 3483 2542 eis,
3529 2486 3587 2531 et

310 2561 608 2631 σαρκίνας,
637 2564 785 2625 ὅπως
818 2566 874 2616 ὲν
902 2569 1013 2628 τοῖς
1047 2568 1376 2639 δικαιώμασί
1413 2589 1512 2640 μου
1544 2573 1895 2643 πορεύωνται,

2012 2575 2299 2629 immittam
2333 2576 2412 2629 eis
2445 2591 2541 2630 cor
2585 2589 2871 2638 carneum,
2917 2582 2973 2626 ttt
3016 2573 3067 2625 in
3106 2566 3589 2641 justiﬁcationibus

305 2652 413 2704 atat
455 2650 528 2703 τὰ
561 2654 958 2724 προστάγματα
996 2674 1096 2726 μου
1139 2659 1510 2727 φυλάσσωσιν·
1542 2683 1561 2715 1
1598 2666 1645 2715 εί
1678 2663 1787 2734 γὰρ
1817 2667 1890 2717 ὅτι

2012 2664 2147 2718 meis
2202 2665 2489 2730 incedant,
2535 2675 2591 2720 et
2628 2675 2893 2735 prmcepta
2948 2679 3066 2717 mea
3122 2657 3528 2719 custodiant".
3559 2676 3580 2711 ι

306 2740 580 2811 βούλεται
618 2744 645 2795 6
676 2744 807 2809 Θεὸς
844 2746 1053 2821 ἐξαιρεῖ
1100 2750 1195 2814 τὰς
1248 2751 1453 2816 λιθίνας
1504 2754 1761 2824 καρδίας,
1813 2758 1891 2809 κα¹

2012 2755 2068 2809 Si
2099 2755 2241 2811 enim
2273 2770 2394 2810 cum
2424 2756 2535 2809 vult
2554 2797 2568 2822 ,
2593 2754 2735 2812 Deus
2762 2754 2935 2809 aufert
2967 2754 3233 2822 lapideum
3261 2768 3354 2807 eor
3384 2761 3438 2807 et
3467 2764 3588 2805 car-

306 2831 566 2901 ὲντίθησι
600 2837 884 2905 σαρκίνας,
919 2838 1058 2892 ὥστε
1088 2841 1154 2894 τὰ
1186 2844 1580 2913 προστάγματα
1607 2846 1769 2898 αὑτοῦ
1803 2866 1891 2916 φυ-

2010 2862 2169 2901 ιιειιιιι
2200 2848 2321 2912 dat,
2368 2858 2430 2902 ut
2468 2858 2737 2916 prmcepta
2767 2861 2863 2900 sua
2910 2852 3195 2900 serventur
3236 2855 3292 2900 et
3327 2845 3578 2898 mandata

308 2921 611 2977 λάττεσθαι
644 2929 735 2980 καὶ
780 2930 1064 2999 τηρεῖσθαι
1111 2932 1209 2996 τὰς
1238 2936 1476 2999 ἐντολὰς,
1506 2937 1605 2989 οὐκ
1651 2936 1764 2991 ἐστι
1802 2939 1893 3009 τὴν

2006 2939 2410 3007 custodiantur,
2438 2954 2613 3008 neque
2647 2938 2911 2993 malitiam
2949 2936 3166 2992 auferre
3196 2937 3248 2991 in
3283 2945 3470 2990 nostra
3504 2932 3582 2988 vi-

308 3015 521 3069 κακίαν
555 3018 852 3072 ἀποθέσθαι
884 3022 968 3089 ἐφ’
989 3026 1121 3092 ἡμῖν
1145 3041 1157 3053 ³
1190 3025 1251 3077 τὸ
1280 3026 1389 3097 γὰρ
1419 3027 1763 3099 ἐξαιρεθῆναι
1803 3029 1893 3093 τὰς

2006 3029 2222 3084 debitor
2250 3042 2370 3085 esse
2410 3036 2698 3099 potestate.
2737 3028 2958 3084 Auferri
2993 3029 3137 3085 enim
3182 3042 3278 3083 cor
3315 3027 3581 3098 lapideum

308 3103 525 3169 λιθίνας
561 3109 805 3179 καρδίας,
830 3112 983 3166 οὐδὲν
1011 3114 1138 3168 ἄλλο
1170 3118 1316 3170 ἐστὶν
1343 3119 1376 3188 ἢ
1410 3119 1506 3190 τὴν
1539 3119 1736 3173 κακίαν
1777 3119 1893 3173 καθ’

2003 3135 2112 3176 non
2147 3119 2293 3175 aliud
2321 3120 2533 3176 videtur
2569 3134 2709 3183 esse,
2755 3118 2916 3191 124
2947 3134 3111 3189 quam
3155 3118 3419 3175 malitiam
3467 3132 3576 3189 qua

308 3194 378 3265 ἢν
446 3196 807 3268 σκληρύνεταί
844 3218 956 3267 τις,
1007 3205 1419 3277 περιαιρεθῆναι
1466 3209 1561 3276 ἀφ’
1598 3202 1659 3263 οὗ
1700 3210 1729 3262 6
1765 3208 1893 3272 Θεὸς

2003 3210 2128 3280 quis
2162 3210 2481 3276 obduratur,
2526 3210 2771 3266 absciodi
2813 3225 2845 3265 a
2877 3224 2986 3280 quo
3024 3209 3165 3265 Deus
3209 3209 3345 3264 vult.
3391 3209 3581 3279 Neque

312 3286 587 3356 βούλεται.
626 3292 734 3346 Kal
765 3293 826 3345 τὸ
861 3294 1176 3362 ἐγγενέσθαι
1222 3298 1443 3368 καρδίαν
1478 3301 1760 3371 σαρκίνην,
1808 3301 1897 3354 ἵνα

2002 3300 2144 3369 qttod
2182 3299 2415 3357 mittitur
2449 3314 2546 3354 cor
2582 3314 2841 3355 carneum
2876 3308 2935 3354 ut
2967 3299 3020 3354 in
3052 3300 3338 3369 praeceptis
3377 3298 3566 3352 ambu-

310 3379 372 3430 ὲν
416 3381 535 3444 τοῖς
583 3384 965 3455 προστάγμασι
1006 3404 1087 3450 τις
1114 3389 1412 3459 πορεύηται
1460 3390 1553 3443 τοῦ
1610 3390 1768 3455 Θεοῦ,
1801 3392 1895 3445 καὶ

2005 3391 2144 3445 letur
2174 3389 2266 3445 Dei
2295 3399 2352 3445 et
2381 3400 2673 3447 serventur
2702 3391 2955 3447 mandata
2995 3390 3118 3458 Dei,
3158 3390 3304 3445 aliud
3331 3398 3415 3446 est
3464 3388 3570 3445 nisi

1549 3506 1613 3561 ΙΝ
1622 3504 2108 3562 TERPRETATIO
2144 3504 2351 3563 NOVA.

310 3632 666 3694 {aonemper
696 3628 774 3694 tot
796 3624 1041 3693 prodigia
1071 3633 1123 3677 et
1155 3625 1607 3685 submersionem,
1641 3625 1691 3676 in
1715 3626 2038 3694 quantique
2071 3624 2351 3694 nonllnita
2376 3632 2458 3676 est
2490 3622 2661 3690 ipsius
2691 3636 2818 3693 erga
2843 3621 3183 3677 Pharaonem
3212 3621 3575 3694 providentia.

310 3687 433 3745 Non
477 3689 621 3744 enim
652 3690 777 3758 quia
798 3687 1123 3747 'subnt'ersns
1150 3705 1256 3758 est,
1314 3696 1437 3748 ideo
1466 3694 1671 3747 interiit
1697 3710 1709 3746 :
1734 3687 1763 3745 ἰ
1820 3693 1876 3746 lu
1917 3687 2078 3747 uiam:
2110 3693 2254 3746 enim
2307 3694 2398 3746 Dei
2448 3687 2633 3746 ethos
2664 3702 2721 3745 et
2756 3687 3057 3746 'sermones
3110 3687 3281 3745 nostri
3323 3701 3378 3745 ει
3400 3692 3580 3746 omnis

313 3758 613 3877 prudentia
678 3768 841 3826 atque
897 3777 1124 3830 operum
1176 3764 1426 3818 scientia.
1486 3781 1505 3813 ι
1557 3764 1734 3831 Atque
1790 3762 1905 3817 haec
1956 3775 2056 3832 pro
2108 3762 2317 3815 viribus
2373 3761 2577 3815 nostris
2642 3759 2879 3816 diximus
2927 3770 2985 3814 ut
3036 3760 3089 3815 id
3134 3759 3429 3829 Scriptura:
3483 3762 3579 3815 de-

335 3828 574 3877 endatur
628 3842 641 3877 :
698 3844 717 3877 ι
757 3829 1033 3877 lnduravit
1068 3832 1325 3877 Dominus
1380 3846 1477 3877 cor
1512 3831 1837 3877 Pliarnnnis_
1900 3850 1919 3877 ι
1964 3840 2128 3877 atoue
2159 3830 2289 3877 illud
2332 3846 2399 3877 ξ(
2433 3828 2599 3877 Cuius
2647 3829 2763 3877 vult
2802 3830 3115 3877 miseretur-
3166 3838 3222 3877 et
3266 3845 3427 3877 autem
3460 3829 3577 3877 vult

310 3828 574 3949 i{eqdatpr
628 3842 641 3878 :
698 3844 717 3878 ι
756 3828 1033 3886 induravit
1068 3832 1325 3888 Dominus
1380 3846 1477 3887 cor
1512 3828 1839 3899 Pharaonis,
1900 3850 1919 3885 ι
1956 3828 2128 3899 'atque
2158 3830 2290 3887 illud
2332 3846 2346 3881 :
2380 3848 2399 3881 ‹
2433 3828 2599 3899 Cujus
2647 3829 2763 3884 vult
2800 3830 3115 3897 miseretur,
3166 3838 3222 3886 et
3266 3845 3428 3901 quem
3460 3829 3577 3885 vult

328 3912 381 3949 ιι(
407 3911 507 3949 ura
535 3936 553 3949 .
592 3914 613 3949 ι

328 3904 553 3954 ndurat.
592 3914 613 3949 ι

383 3966 478 4039 ιβ.
522 3966 574 4019 Id
621 3969 786 4022 etiam
821 3970 1098 4025 videamus
1129 3971 1271 4039 quod
1306 3970 1555 4026 Ezechiel
1592 3970 1768 4025 dicit:
1818 3989 1836 4023 ι
1871 3970 2123 4039 Auferam
2180 3968 2384 4038 lapidea
2417 3971 2580 4024 corda
2623 3970 2891 4039 ipsorum,
2920 3979 2975 4024 et
3014 3970 3301 4025 immittam
3347 3983 3574 4034 carnea,

313 4035 481 4108 ut__in
525 4039 813 4107 praeceptis
863 4040 997 4094 meis
1059 4035 1337 4095 ambulent
1384 4051 1438 4095 et
1486 4042 1740 4093 mandata
1784 4056 1900 4095 mea
1934 4035 2265 4095 custodiant.
2295 4057 2314 4090 ι
2366 4041 2421 4093 Si
2470 4041 2613 4093 enim
2646 4035 2782 4093 'cum
2816 4039 2926 4094 vult
2969 4041 3111 4095 Deus
3161 4041 3373 4108 lapidea
3404 4041 3575 4094 corda

314 4104 464 4179 tollit
502 4115 565 4179 et
590 4104 790 4163 carnea
840 4108 1087 4163 immittit
1118 4119 1176 4163 ut
1213 4119 1481 4179 praecepta
1516 4124 1613 4163 sua
1645 4112 2026 4163 custodiantur
2054 4119 2109 4162 et
2151 4110 2400 4163 mandata
2436 4119 2745 4173 serventur,
2788 4124 2892 4162 non
2941 4120 3026 4163 est
3061 4111 3115 4163 in
3162 4104 3418 4179 nobisint
3449 4124 3575 4161 ma-

312 4172 493 4228 litiam
535 4175 874 4245 deponamus
903 4196 916 4231 :
950 4179 1063 4231 tolli
1100 4172 1247 4231 enim
1299 4172 1507 4245 lapidea
1538 4179 1729 4242 corda,
1771 4179 1909 4232 nihil
1944 4179 2090 4231 aliud
2132 4189 2214 4233 est
2249 4194 2410 4245 quam
2456 4172 2847 4245 malitiamper
2882 4194 3044 4246 quam
3091 4180 3214 4246 quis
3260 4178 3570 4239 induratur,

314 4257 344 4295 a
373 4247 639 4315 quohvult
669 4248 829 4310 Deus,
860 4248 1137 4311 amoveri;
1173 4248 1390 4300 immitti
1420 4261 1551 4299 vero
1582 4261 1675 4299 cor
1705 4261 1989 4311 carneum,
2019 4256 2076 4299 ut
2105 4248 2227 4315 quis
2269 4251 2321 4301 in
2354 4250 2623 4302 mandatis
2665 4248 2756 4300 Dei
2798 4248 3037 4301 ambulet
3066 4257 3120 4301 et
3158 4255 3426 4315 praecepta
3456 4248 3573 4315 ejus

313 4311 796 4385 custodiatanid
847 4318 992 4371 aliud
1038 4328 1121 4370 est
1165 4332 1327 4385 quant
1360 4315 1577 4377 cedere,
1609 4330 1710 4368 nee
1759 4317 2015 4370 resistere
2054 4311 2301 4379 veritati,
2350 4318 2443 4370 sed
2491 4318 2720 4369 virtutes
2761 4316 3052 4383 persequi?
3087 4311 3240 4380 Quod
3270 4317 3313 4367 si
3337 4311 3573 4368 Ίιτεεέε

313 4380 590 4454 facturum
638 4380 782 4439 Dens
813 4388 1123 4454 pollicetur,
1169 4380 1267 4440 nec
1304 4388 1619 4452 priusquam
1657 4385 1811 4437 tollat
1854 4387 1968 4452 ipse
2015 4386 2177 4438 corda
2222 4385 2451 4454 lapidea.
2502 4402 2565 4439 ea
2604 4380 2953 4450 deponimus,
2980 4385 3147 4453 liquet
3194 4400 3297 4454 non
3344 4399 3463 4439 esse
3516 4384 3570 4435 in

314 4451 473 4505 nobis
498 4453 661 4506 situm
693 4464 750 4507 ut
781 4451 1039 4510 malitiam
1074 4451 1443 4523 deponantus;
1477 4456 1520 4508 si
1552 4468 1682 4523 vero
1718 4455 1852 4507 nihil
1877 4451 2151 4508 fellicimus
2180 4464 2239 4507 ut
2273 4453 2403 4506 insit
2436 4456 2592 4507 nobis
2619 4468 2715 4507 cor
2759 4451 3049 4523 carneum,
3069 4454 3164 4508 sed
3202 4452 3299 4523 Dei
3344 4454 3397 4506 id
3429 4469 3568 4523 opus

312 4531 416 4594 est,
461 4535 637 4594 neque
682 4534 928 4577 nostrum
972 4540 1108 4594 opus
1146 4521 1251 4579 erit
1284 4524 1448 4577 vitam
1478 4522 1565 4594 ad
1598 4523 1813 4576 virtutis
1848 4538 2092 4594 normam
2126 4524 2368 4594 exigere,
2396 4524 2509 4594 sed
2550 4524 2726 4594 plane
2754 4522 2997 4594 divinum
3055 4522 3400 4594 beneﬁcium.
3442 4521 3567 4594 llgec

314 4589 460 4644 dicet
492 4592 583 4658 qui
614 4606 679 4646 ex
714 4594 873 4647 nudis
919 4589 1215 4662 Scriptura:
1246 4594 1429 4648 verbis
1476 4593 1785 4648 libertatem
1836 4593 2051 4647 arbitrii
2102 4589 2239 4647 tollit
2268 4610 2282 4646 :
2315 4591 2428 4662 sed
2450 4589 2900 4661 respondebimus
2938 4592 3053 4647 bmc
3086 4592 3169 4662 sic,
3192 4606 3313 4646 esse
3364 4592 3579 4647 intelli-.

313 4663 484 4731 genda
513 4677 527 4713 :
563 4664 1016 4730 quemadmodum
1047 4661 1350 4730 imperitus
1378 4670 1430 4716 et
1468 4662 1721 4717 indoctus
1761 4663 2029 4731 quispiam
2062 4676 2284 4717 suorum
2329 4661 2431 4715 sibi
2470 4664 2735 4717 malorum
2776 4662 3060 4731 conscius,
3087 4661 3174 4716 vel
3209 4676 3276 4715 ex
3319 4662 3573 4731 magistri

314 4730 692 4802 adhortatione
737 4732 821 4802 vel
868 4733 1084 4787 aliunde
1116 4732 1497 4802 perpulsus..ei
1527 4746 1586 4785 se
1628 4746 1724 4785 sua
1768 4730 1964 4801 sponte
2011 4734 2176 4785 tradit
2221 4748 2250 4785 a
2282 4746 2390 4800 quo
2436 4747 2496 4787 se
2538 4741 2693 4801 putat
2723 4730 2790 4784 ad
2833 4731 3173 4800 disciplinam
3206 4738 3262 4784 et
3302 4730 3563 4802 virtutem

315 4800 700 4871 mannductum
734 4800 835 4866 iri;
870 4803 987 4866 cui,
1034 4799 1156 4856 cum
1196 4799 1254 4857 se
1292 4799 1607 4866 tradiderit,
1647 4799 1934 4869 pollicetur
1978 4803 2235 4871 magister
2285 4799 2613 4869 imperitiam
2663 4802 2728 4856 ab
2771 4815 2837 4855 eo
2867 4815 2928 4855 se
2962 4799 3275 4871 ablaturum
3319 4809 3375 4854 et
3415 4799 3562 4871 perii-

315 4867 520 4940 tiarn‘ei
552 4869 852 4923 inditurum
883 4889 897 4925 :
930 4887 1035 4925 non
1066 4872 1212 4938 quod
1241 4871 1309 4924 ad
1347 4867 1662 4940 doctrinam
1695 4867 2092 4940 assequendani
2117 4881 2173 4925 et
2213 4867 2546 4938 imperitiam
2584 4870 2896 4939 fugiendam
2931 4870 3065 4924 nihil
3110 4869 3358 4924 conferat
3391 4871 3435 4923 is
3469 4869 3568 4937 qui

313 4936 474 5009 seilli
499 4941 810 5009 curandum
857 4936 1154 5002 commisit,
1184 4941 1277 4995 sed
1306 4938 1449 5009 quod
1479 4940 1681 4995 volenti
1719 4936 2003 5007 promittat
2040 4936 2414 5005 curationem;
2468 4942 2541 4995 ita
2578 4936 2793 4994 divinus
2838 4954 3021 4994 sermo
3056 4940 3327 5008 promittit
3357 4941 3425 4993 ab
3477 4936 3563 4992 his

313 5004 403 5078 qui
435 5007 512 5078 ad
544 5022 605 5062 se
639 5013 992 5073 accesserint,
1027 5010 1288 5063 malitiam
1323 5004 1492 5077 quam
1532 5004 1803 5077 lapideum
1837 5026 1933 5064 cor
1964 5012 2229 5074 nominat,
2272 5024 2331 5064 se
2374 5004 2704 5073 ablaturum,
2738 5024 2847 5064 11011
2882 5004 3070 5078 utique
3101 5010 3170 5063 ab
3201 5009 3287 5063 his
3320 5009 3414 5077 qni
3463 5024 3561 5061 no—

313 5067 542 5149 luerint,
568 5078 661 5130 sed
693 5078 760 5149 ab
792 5078 869 5149 iis
897 5067 1077 5148 quise
1102 5067 1426 5149 aegrotorum
1472 5067 1682 5134 medico
1720 5080 2077 5145 tradiderint;
2125 5067 2577 5147 quemadmodum
2621 5067 3017 5148 in'Evangelii's
3062 5079 3293 5149 legimus
3326 5067 3560 5149 ἆξαι-οισι»

313 5145 635 5200 aecedentes
674 5146 742 5200 ad
785 5145 1342 5213 Salvatoremforare
1376 5158 1433 5201 ut
1471 5149 1756 5202 sanitatem
1804 5151 2124 5218 percipiant,
2143 5145 2215 5203 ἐι
2247 5149 2450 5204 curari.
2490 5150 2553 5202 Et
2589 5165 2712 5204 cum
2745 5145 2897 5212 cmci',
2938 5149 3084 5203 verbi
3116 5145 3339 5219 'gratia,
3382 5148 3557 5201 visum

314 5224 771 5288 recuperant,est
800 5220 1039 5287 quidem,
1069 5230 1335 5287 quatenus
1366 5219 1572 5287 precati
1621 5228 1769 5288 sunt,
1797 5234 1986 5273 eorum
2019 5232 2153 5287 Opus
2202 5222 2293 5288 qui
2342 5220 2519 5272 curari
2563 5232 2623 5273 se
2656 5234 2817 5285 posse
2861 5219 3244 5280 crediderunt;
3284 5226 3557 5288 quatenus

312 5292 436 5363 vero
467 5284 547 5363 eis
580 5284 831 5363 redditur
853 5290 1022 5353 visus,
1062 5284 1593 5363 Salvatoris'nostri.
1637 5285 1729 5343 Sic
1772 5292 1970 5363 itaque
1985 5284 2268 5363 pollicetur
2303 5289 2398 5363 Dei
2444 5303 2625 5363 sermo
2656 5284 2713 5363 se
2736 5284 3459 5363 scientiam.accedentibus
3489 5287 3556 5363 ad

312 5362 367 5427 se
394 5352 719 5427 inditurum,
758 5360 951 5411 durum
990 5370 1043 5413 et
1076 5358 1343 5427 lapideum
1381 5372 1496 5423 cor,
1529 5358 1631 5412 hoc
1665 5368 1769 5423 est,
1802 5352 2063 5414 malitiam
2101 5360 2419 5425 auferendo,
2450 5369 2507 5412 ut
2540 5361 2593 5413 in
2640 5359 2838 5414 divinis
2874 5357 3148 5411 mandads
3183 5355 3465 5409 ambulent
3500 5361 3557 5406 et

312 5418 486 5475 divina
517 5418 788 5495 praecepta
816 5418 1145 5483 custodiant.

377 5541 421 5574 “
452 5542 580 5612 Sap.
622 5562 725 5611 vu,
754 5546 837 5602 16.
918 5546 963 5577 ⁵⁸
999 5546 1164 5602 Exod.
1205 5564 1255 5612 ιι,
1289 5549 1378 5604 20.
1456 5551 1502 5581 ⁵⁸
1528 5548 1684 5605 Rom.
1718 5566 1789 5615 ιχ,
1824 5502 1905 5606 l8.

918 5546 963 5577 "
999 5546 1164 5602 Exod.
1205 5564 1255 5612 ιι,
1289 5549 1378 5604 20.
1456 5551 1502 5581 ⁵⁸
1528 5548 1684 5605 Rom.
1718 5566 1789 5615 ιχ,
1824 5502 1905 5606 l8.
1984 5552 2025 5582 ⁵ῖ
2061 5551 2256 5608 Ezeclt.
2293 5568 2367 5618 ιιι,
2404 5550 2482 5605 l9.

377 5657 489 5729 (59)
531 5658 622 5715 Sic
655 5676 788 5736 mss.
822 5660 979 5715 Libb.
1003 5661 1154 5724 editi,
1191 5681 1207 5713 ι
1242 5664 1340 5719 nisi
1392 5678 1485 5732 per
1524 5664 1625 5736 hoc
1671 5678 1872 5736 cogno-

1980 5668 2287 5733 probitas.)
2340 5667 2517 5733 Editi,
2564 5683 2579 5714 ι
2611 5673 2663 5718 et
2717 5661 3112 5732 persecutionis
3135 5662 3562 5736 .impronitasu

314 5738 571 5783 sceretur.
601 5749 618 5781 ι
658 5730 859 5786 Ibidem
913 5746 1080 5796 11155.,
1118 5750 1135 5782 ι
1168 5744 1219 5788 ει
1263 5730 1712 5803 perscrutatiouis
1745 5730 1870 5790 iim-
1981 5730 2138 5792 male.
