4014 6142
437 280 507 336 79
1596 281 1916 338 ORIGENIS
1953 284 1974 336 Ι

2075 286 2111 336 ’1
2151 284 2381 351 ΑΡΧΩΝ

3531 284 3637 340 280

402 397 744 452 obedientem
788 399 901 453 ﬁeri
931 408 984 454 et
1016 414 1118 453 non
1165 397 1502 454 resistentem
1538 410 1728 454 contra
1770 401 1969 455 verita-

2075 400 2318 472 φυλάσσῃ
2374 401 2537 454 αὑτοῦ
2585 401 2682 464 τὰς
2721 401 2970 466 ἐντολὰς,
3021 400 3073 452 τί
3127 398 3253 454 ἄλλο
3298 398 3475 465 ἐστὶν,
3509 400 3545 470 ἥ
3583 418 3640 453 τι

407 495 549 550 tem,
590 497 644 540 et
681 499 990 557 operantem
1033 504 1196 558 opera
1240 489 1526 546 virtutum.
1577 491 1632 546 Si
1675 509 1805 564 ergo
1854 493 1968 547 inec

409 576 674 641 promittit
711 577 852 632 Deus
889 593 948 632 se
987 577 1281 644 facturum,
1316 588 1374 635 et
1402 591 1691 650 antequam
1723 583 1840 652 ipse
1873 597 1970 636 au-

411 663 550 718 ferat
576 679 667 719 cor
702 667 966 735 lapideum
992 667 1128 738 (60),
1152 671 1422 738 deponere
1458 670 1587 725 illud
1625 687 1652 724 a
1682 672 1839 726 nobis
1862 687 1968 726 non

411 771 715 822 possumus,
757 773 1093 828 consequens
1139 771 1223 816 est
1267 773 1324 816 ιιι
1374 763 1427 816 in
1479 773 1663 818 nostra
1705 772 1971 833 potestate

411 861 517 905 non
547 849 617 900 sit
641 847 874 917 abjieere
904 851 1196 917 malitiam,
1223 855 1313 908 sed
1343 858 1393 909 in
1429 856 1560 911 Deo.
1591 856 1660 910 Et
1697 857 1892 911 iterum
1923 858 1969 912 si

409 953 514 991 non
561 939 610 994 in
673 949 859 994 nostro
900 951 1023 995 actu
1069 953 1152 997 est
1193 953 1251 998 nt
1299 944 1392 998 flat
1429 946 1482 1000 in
1531 947 1686 1002 nobis
1726 963 1822 1002 cor
1851 963 1973 1001 car-

409 1042 590 1093 neum,
639 1029 732 1083 sed
763 1030 932 1085 solius
971 1031 1061 1086 Dei
1109 1047 1244 1102 opus
1275 1044 1390 1099 est,
1430 1050 1535 1090 non
1582 1035 1686 1090 erit
1727 1045 1971 1090 nostrum

407 1132 544 1184 Opus
590 1119 885 1172 secundum
937 1121 1190 1179 virtutem
1234 1123 1436 1187 vivere,
1484 1127 1576 1179 sed
1629 1126 1680 1178 in
1720 1127 1972 1180 omnibus

407 1207 499 1260 Dei
535 1208 725 1276 gratiae
755 1223 890 1278 opus
940 1211 1230 1266 videbitur.
1274 1213 1402 1267 Haec
1442 1215 1658 1283 quidem
1691 1217 1880 1268 dicunt
1917 1215 1970 1268 hi

404 1297 498 1366 qui
542 1298 818 1352 voiuntex
863 1304 1185 1358 auctoritate
1228 1304 1422 1359 divinae
1471 1305 1766 1373 Scriptura:
1797 1307 1972 1360 disse-

408 1403 532 1442 rere
561 1389 692 1442 nihil
721 1406 839 1444 esse
867 1393 1097 1460 positum
1134 1395 1185 1448 in
1217 1405 1403 1449 nostra
1437 1405 1740 1464 potestate:
1774 1398 1972 1464 quibus

409 1481 857 1549 respondebimus
906 1485 1020 1539 haec
1049 1501 1154 1540 non
1204 1487 1384 1541 taliter
1427 1489 1652 1559 intelligi
1684 1500 1970 1560 loportere,

412 1573 506 1624 sed
548 1573 686 1628 sicut
715 1576 757 1627 si
807 1577 877 1629 sit
914 1577 1109 1647 aliquis
1141 1579 1418 1646 imperitus
1443 1591 1496 1633 et
1528 1581 1794 1648 indoctus,
1825 1583 1974 1649 isque

412 1663 652 1717 sentiens
684 1663 794 1734 (61)
845 1666 1126 1734 imperitia:
1168 1683 1280 1722 suae
1321 1678 1501 1721 notam
1553 1671 1666 1722 sive
1713 1671 1972 1724 adhorta-

413 1757 560 1805 tione
629 1754 984 1823 cujusquam,
1040 1757 1154 1810 sive
1223 1758 1568 1825 prudeutium
1639 1774 1974 1830 quorumque

411 1842 753 1902 mmulatione
781 1844 1042 1917 pulsatus,
1072 1847 1246 1898 tradat
1272 1861 1332 1901 se
1360 1847 1520 1902 alicui
1547 1863 1576 1900 a
1605 1864 1710 1916 quo
1740 1849 1975 1904 conﬁdat

409 1951 568 2005 posse
612 1952 670 1991 se
709 1939 993 2008 diligenter
1024 1937 1188 1995 imbui
1222 1947 1277 1996 et
1316 1926 1684 2012 cmnpelﬂnt—et'
1724 1941 1972 1994 erudiri:

411 2025 459 2076 is
495 2038 624 2094 ergo
655 2026 747 2094 qui
780 2027 889 2093 jam
922 2030 1069 2098 prius
1105 2046 1164 2084 se
1195 2032 1559 2088 obduraverat
1589 2035 1643 2088 in
1684 2031 1970 2104 imperitia,

409 2114 458 2166 si
495 2129 573 2179 se,
604 2124 661 2168 ιιι
691 2116 946 2182 diximus,
995 2134 1113 2172 cum
1159 2123 1305 2175 omni
1339 2125 1501 2176 animi
1545 2125 1843 2178 intentione
1886 2127 1975 2178 dat

411 2207 694 2275 magistro,
720 2215 880 2275 atque
908 2212 1407 2280 obtemperaturum
1437 2230 1493 2269 sc
1521 2216 1574 2268 in
1606 2217 1859 2271 omnibus
1893 2233 1973 2271 rc-

410 2300 696 2367 promittit,
731 2303 989 2369 propositi
1031 2305 1150 2370 ejus
1184 2305 1482 2361 intentione
1513 2319 1788 2376 perspecta
1821 2325 1973 2363 com-

407 2399 656 2458 petenter
693 2392 855 2444 etiam
889 2395 1149 2463 magister
1190 2396 1534 2464 pollicebilur
1578 2395 1885 2452 ablaturum
1919 2413 1976 2453 se

409 2481 477 2533 ab
509 2494 571 2534 eo
601 2497 814 2536 omnem
855 2484 1205 2551 imperitiam,
1239 2493 1294 2538 et
1327 2485 1656 2540 iuserturum
1691 2488 1970 2554 peritiam;

408 2587 515 2625 non
550 2587 656 2639 quo
711 2573 966 2627 abnuenti
1029 2574 1290 2644 discipulo
1336 2576 1420 2629 vel
1475 2578 1727 2632 renitenti
1776 2579 1878 2632 hoc
1915 2593 1974 2632 se

409 2665 687 2732 promittat
730 2680 848 2719 esse
877 2665 1178 2732 facturum,
1219 2667 1313 2721 sed
1344 2666 1592 2723 utierenti
1623 2685 1681 2723 se
1712 2679 1872 2738 atque
1921 2670 1972 2723 iu

409 2769 621 2809 omnem
672 2756 1032 2810 obedientiam
1102 2758 1473 2826 mancipanti;
1530 2759 1602 2812 ita
1654 2755 1719 2812 et'
1759 2761 1974 2814 divinus

409 2858 585 2896 sermo
627 2847 892 2913 promittit
923 2848 1005 2901 his
1040 2849 1131 2915 qui
1173 2850 1436 2902 accedunt
1465 2851 1531 2902 ad
1567 2865 1625 2903 se
1654 2849 1788 2920 (62),
1827 2851 1977 2902 abla—

411 2940 587 2984 turum
617 2947 674 2986 se
699 2948 817 2987 esse
843 2949 938 2987 eor
965 2935 1259 3002 lapideum,
1287 2951 1394 2988 non
1432 2939 1616 3004 utique
1660 2937 1726 2990 ab
1772 2938 1855 2990 his
1883 2938 1972 3005 qui

412 3035 471 3074 se
502 3023 888 3086 nou-audiunt,
935 3026 1026 3077 sed
1057 3027 1230 3080 abhis
1256 3027 1346 3094 qui
1394 3028 1654 3080 doctrina:
1688 3042 1795 3080 suae
1840 3043 1975 3095 prm-
2003 3061 2045 3117 ο

413 3126 566 3179 t-epta
619 3116 950 3182 suscipiunt;
1007 3119 1146 3172 sicut
1193 3120 1246 3171 in
1307 3120 1614 3190 Evangelii;
1669 3123 1975 3175 invenimus

412 3212 737 3270 :rgrotantes
786 3207 1045 3261 accedere
1087 3209 1151 3262 ad
1203 3210 1573 3275 Salvatorem,
1621 3226 1874 3278 rogantes
1921 3223 1978 3268 ut

413 3295 722 3364 percipiant
749 3299 1057 3367 sanitatem,
1097 3310 1152 3355 et
1190 3302 1260 3354 ita
1303 3303 1517 3356 demttm
1559 3303 1762 3358 curari.
1791 3304 1855 3358 Et
1895 3314 1978 3359 est

412 3385 648 3452 quidem,
688 3390 837 3443 verbi
867 3392 1060 3460 gratia,
1093 3403 1150 3446 ut
1180 3402 1434 3448 curentur
1467 3395 1592 3448 caeci
1633 3403 1686 3447 et
1727 3396 1975 3458 videant,

411 3479 466 3533 in
500 3493 564 3533 eo
586 3481 802 3549 quidem
829 3484 970 3551 quod
1001 3487 1202 3552 precati
1235 3494 1361 3539 sunt
1390 3485 1746 3553 Salvatorem,
1772 3499 1825 3542 et
1858 3503 1977 3542 cre-

411 3569 664 3624 diderunt
701 3570 751 3626 ei
786 3585 946 3639 posse
990 3587 1050 3627 se
1081 3575 1148 3627 ab
1182 3588 1248 3627 eo
1295 3575 1503 3639 curari,
1552 3591 1686 3644 opus
1730 3578 1971 3646 ipsorum

411 3661 502 3728 qui
533 3661 706 3714 curati
739 3672 899 3726 sunt;
930 3663 981 3716 in
1015 3679 1080 3717 eo
1104 3680 1234 3719 vero
1259 3664 1415 3734 125
1447 3667 1588 3734 quod
1619 3668 1700 3720 eis
1733 3670 1975 3724 redditur

2070 493 2306 546 είκτικὸν
2343 491 2598 560 γενέσθαι
2638 493 2730 545 καὶ
2765 491 2839 562 μὴ
2875 490 3163 546 ἀντίτυπον
3198 489 3333 561 πρὸς
3362 491 3462 562 τὴν
3503 488 3640 558 ἀλή-

2070 585 2240 648 θειαν,
2285 586 2379 638 καὶ¹
2428 583 2725 655 πρακτικὸν
2774 583 2883 638 τῶν
2950 581 3194 653 ἀρετῶν;
3247 583 3312 634 Ei
3363 580 3421 634 δέ
3469 579 3641 635 ταῦτα

2071 671 2463 740 ἐπαγγέλλεται
2496 672 2526 723 6
2566 669 2700 732 Θεὸς
2733 673 2925 733 ποιεῖν,
2971 670 3066 722 καὶ
3111 669 3240 740 πρὶν
3281 669 3502 738 ἀφελεῖν
3536 670 3637 722 αὺ-

2071 761 2162 814 τὸν
2204 760 2302 824 τὰς
2331 760 2538 824 λιθίνας
2578 761 2828 833 καρδίας,
2875 761 2974 814 οὐκ
3021 757 3387 828 ἀποτιθέμεθα
3435 756 3638 822 αὐτὰς,

2071 851 2228 920 δῆλον
2263 852 2342 904 ὅτι
2375 853 2473 905 οὐκ
2508 853 2590 919 ἐφ’
2616 853 2746 922 ἡμῖν
2781 854 2926 904 ἐστιν
2955 847 3250 902 ἀποθέσθαι
3278 848 3376 919 τὴν
3409 848 3636 901 κακίαν·

2072 943 2166 996 καὶ
2199 945 2248 994 εί
2275 944 2373 1012 οὐχ
2414 944 2574 1012 ἡμεῖς
2601 959 2654 992 τι
2687 940 3000 1019 πράττομεν
3037 939 3123 991 ἵνα
3167 936 3459 1007 ἐγγένηται
3508 937 3640 1005 ἡμῖν

2072 1038 2106 1105 ἡ
2143 1033 2366 1104 σαρκίνη
2400 1032 2616 1101 καρδία,
2646 1031 2780 1083 ἀλλά
2811 1028 2944 1081 Θεοῦ
2974 1028 3123 1081 ἐστὶν
3163 1026 3342 1096 ἔργον,
3372 1026 3469 1095 οὐχ
3503 1025 3644 1096 ἡμέ-

2071 1142 2228 1194 τερον
2257 1123 2415 1195 ἔργον
2444 1122 2595 1174 ἕσται
2624 1121 2684 1174 τὸ
2714 1124 2832 1174 κατ’
2860 1119 3058 1190 ἀρετὴν
3094 1118 3262 1188 βιοῦν,
3297 1117 3432 1170 ἀλλά
3463 1116 3643 1186 πάντη

2073 1215 2193 1268 θεία
2230 1217 2409 1284 χάρις.
2440 1214 2624 1266 Ταῦτα
2658 1214 2754 1282 μὲν
2785 1215 2897 1282 ἐρεῖ
2923 1216 2951 1265 6
2980 1212 3086 1266 ἀπὸ
3113 1211 3220 1263 τῶν
3252 1209 3422 1279 ψιλῶν
3463 1208 3644 1280 ῥητῶν

2071 1307 2132 1359 τὸ
2178 1306 2263 1374 ἐφ’
2289 1309 2420 1377 ἡμῖν
2449 1306 2716 1376 ἀναιρῶν
2753 1308 2912 1376 ἡμεῖς
2943 1305 2999 1356 δὲ
3044 1301 3486 1374 ἀποκρινούμεθα
3520 1300 3643 1353 τού-

2074 1415 2182 1450 των
2213 1397 2385 1461 οὓτως
2419 1397 2634 1450 ἀκούειν
2676 1397 2785 1450 δεῖν
2809 1396 2937 1467 (65),
2963 1396 3209 1464 λέγοντες
3239 1395 3318 1447 δτι
3366 1393 3554 1463 ὥσπερ
3584 1393 3644 1443 ἐν

2075 1489 2284 1560 ἀμαθία
2315 1490 2408 1542 καὶ
2435 1489 2755 1560 ἀπαιδευσίᾳ
2791 1487 3092 1557 τυγχάνων,
3128 1485 3510 1555 αἰσθανόμενος
3535 1481 3644 1535 τῶν

2079 1582 2222 1633 ἰδίων
2252 1581 2456 1641 κακῶν,
2496 1581 2612 1649 ἤτοι
2639 1581 2702 1632 ἐκ
2734 1578 3046 1650 προτροπῆς
3083 1577 3178 1630 τοῦ
3207 1577 3576 1638 διδάσκοντος,
3607 1575 3642 1646 ἢ

2075 1675 2168 1725 καὶ
2199 1672 2370 1735 ἄλλως
2391 1710 2406 1731 ,
2447 1670 2506 1735 ἐξ
2539 1670 2729 1723 ἑαυτοῦ
2780 1670 3083 1722 ἐπιδίδωσιν
3135 1667 3323 1721 ἐαυτὸν
3355 1660 3398 1734 ᾧ
3434 1665 3646 1736 νομίζει

2076 1762 2330 1814 δύνασθαι
2377 1761 2536 1812 αὐτὸν
2593 1760 3021 1830 χειραγωγὴσειν
3074 1756 3166 1808 ἐπὶ
3220 1756 3497 1809 παίδευσιν
3553 1755 3649 1808 καὶ

2075 1849 2308 1919 ἀρετήν·
2342 1847 2663 1910 ἐπιδιδόντος
2698 1848 2754 1900 δὲ
2793 1846 2980 1899 τούτου
3027 1846 3418 1914 ἐπαγγέλλεται
3450 1847 3478 1898 6
3519 1861 3648 1899 παι-

2075 1939 2242 1992 δεύων
2286 1938 2483 2003 ἐξελεῖν
2529 1939 2628 2008 τὴν
2681 1937 3033 1990 ἀπαιδευσίαν
3079 1935 3173 1989 καὶ
3221 1935 3466 2005 ἐνθήσειν
3515 1952 3646 1987 παι-

2075 2027 2242 2090 δείαν,
2270 2029 2367 2098 οὐχ
2411 2027 2486 2090 ὡς
2539 2026 2748 2088 οὐδενὸς
2795 2026 2944 2088 ὄντος
2977 2026 3055 2087 εἰς
3084 2023 3143 2076 τὸ
3175 2021 3523 2092 παιδευθῆναι
3556 2021 3649 2073 καὶ

2077 2118 2298 2194 φεῦγειν
2334 2112 2430 2181 τὴν
2477 2118 2831 2171 ἀπαιδευσίαν
2863 2116 2956 2169 ἐπὶ
3006 2114 3082 2185 τῷ
3115 2115 3304 2168 ἐαυτὸν
3343 2128 3649 2183 προσαγιηο-

2077 2220 2192 2289 χὸτι
2227 2211 2816 2286 ,θεραπευθηοόμενον,
2880 2207 2992 2259 ἀλλ’
3040 2208 3114 2271 ὼς
3182 2203 3650 2273 ἐπαγγελλόμενος

2079 2306 2387 2378 βελτιώσειν
2436 2305 2526 2357 τὸν
2591 2303 2937 2373 βουλόμενονο
2995 2295 3167 2362 οὕτως
3219 2299 3247 2348 ὁ
3301 2295 3439 2357 θεῖος
3493 2293 3650 2360 λόγος

2077 2397 2468 2466 ἐπαγγέλλεται
2509 2393 2615 2446 τῶν
2646 2392 2974 2463 προσιόντων
3004 2389 3102 2460 τὴν
3144 2387 3346 2445 κακίαν
3389 2385 3646 2454 ἐξαιρεῖν,
3698 2454 3701 2456 _

2077 2490 2141 2558 ἢν
2177 2487 2425 2557 ὠνόμασε
2467 2483 2688 2556 καρδίαν
2718 2482 2946 2553 λιθίνην,
2985 2481 3105 2550 οὐχὶ
3148 2479 3367 2532 ἐκείνων
3409 2478 3482 2549 μὴ
3522 2475 3647 2546 βου-

2076 2578 2333 2647 λομένων,
2389 2575 2501 2628 ἀλλ’
2547 2574 2766 2636 ἑαυτοὺς
2818 2573 2894 2642 τῷ
2949 2569 3117 2641 ίατρῷ
3169 2570 3278 2622 τῶν
3333 2569 3651 2639 καμνόντων

2077 2669 2532 2738 παρεσχηκόιτων⁹
2581 2665 2768 2736 ὥσπερ
2818 2666 2875 2717 ἐν
2924 2664 3034 2725 τοῖς
3085 2661 3439 2730 Εὐαγγελίοις
3499 2660 3659 2732 εὑρίο

2064 2777 2295 2812 -σκονται
2347 2760 2394 2811 οἱ
2442 2757 2739 2827 κάμνοντες
2784 2753 3206 2825 προσερχόμενοι
3257 2751 3335 2823 τῷ
3403 2751 3648 2821 Σωτῆρι,

2077 2853 2173 2903 καὶ
2227 2847 2501 2914 ἀξιοῦντες
2550 2846 2743 2908 ἰάσεως
2792 2846 3002 2913 τυχεῖν,
3054 2844 3148 2896 καὶ
3175 2841 3648 2913 ’θεραπευόμενοι.

2078 2939 2188 2992 Καὶ
2221 2937 2363 3003 ἐστι,
2412 2935 2532 3004 φέρ’
2574 2936 2768 2996 εἰπεῖν,
2807 2933 2867 2985 τὸ
2894 2935 3020 2996 τοὺς
3050 2931 3279 3000 τυφλοὺς
3301 2923 3648 2996 ἀναῶἐψαι,

2078 3025 2456 3098 ἕργον,-κατά
2515 3026 2612 3096 μὲν
2655 3025 2715 3076 τὸ
2766 3023 3083 3093 ἠξιωκέναι,
3134 3022 3240 3076 τῶν
3287 3020 3652 3074 πιστευόντων

2078 3116 2334 3169 δύνασθαι
2363 3113 2793 3186 θεραπεύεσθαι·
2829 3113 2970 3166 κατά
3003 3113 3060 3164 δὲ
3087 3112 3184 3183 τὴν
3211 3111 3652 3163 ἀποκατάστασιν

2078 3213 2178 3281 τῆς
2241 3209 2513 3282 ὁράσεως,
2551 3207 2665 3260 ¹τοῖ’)
2747 3207 3000 3276 Σωτῆρος
3072 3205 3248 3276 ἡμῶν.
3311 3202 3497 3266 Οὕτως
3557 3198 3650 3255 οὖν

2078 3303 2520 3371 ἐπαγγέλλεταιὸ
2556 3300 2710 3368 λόγος
2754 3297 2847 3351 τοῦ
2879 3296 3014 3352 Θεοῦ
3061 3299 3378 3369 ἐμποιήσειν
3426 3296 3652 3365 ἐπιστή-

2083 3411 2190 3464 μην
2217 3397 2330 3456 τοῖς
2368 3391 2704 3462 προσιοῦσιν,
2753 3390 2957 3456 ἐξελῶν¹
2983 3389 3080 3459 τὴν
3110 3389 3317 3460 λιθίνην
3355 3388 3449 3442 καὶ
3489 3385 3653 3458 σκλη-

2083 3483 2180 3553 ρὰν
2214 3483 2460 3554 καρδίαν,
2491 3485 2626 3554 ὅπερ
2652 3484 2788 3546 ἐστὶ,
2837 3481 2936 3552 τὴν
2975 3481 3196 3542 κακίαν,
3247 3479 3385 3548 ὑπὲρ
3408 3475 3503 3529 τοῦ
3530 3481 3651 3529 τινα

2080 3574 2407 3644 πορεύεσθαι
2440 3578 2496 3628 ἐν
2523 3577 2641 3637 ταῖς
2670 3573 2840 3636 θείαις
2865 3571 3103 3634 ἐντολαῖς
3129 3571 3224 3624 καὶ
3255 3568 3544 3638 φυλάσσειν
3583 3567 3652 3622 τὰ

2082 3670 2199 3722 θεῖα
2241 3667 2656 3738 προστάγματα.

417 3755 581 3817 visus,
610 3770 743 3824 opus
788 3766 871 3811 est
915 3756 1232 3817 Salvatoris.
1279 3760 1351 3812 ita
1386 3760 1546 3814 etiam
1584 3762 1636 3814 in
1684 3763 1784 3816 hoc
1814 3764 2028 3820 divinus
2067 3779 2244 3818 sermo
2287 3760 2553 3831 promittit
2595 3765 2841 3812 daturum
2889 3773 2946 3811 se
2990 3769 3111 3809 esse
3145 3753 3505 3808 eruditionem
3552 3766 3650 3804 au-

417 3848 640 3905 ferendo
672 3865 764 3905 cor
797 3852 1088 3919 lapideum,
1117 3856 1169 3908 id
1201 3864 1284 3908 est
1317 3857 1678 3926 abstergendo
1717 3858 2009 3925 malitiam,
2043 3868 2102 3913 ut
2137 3859 2346 3926 possint
2385 3871 2482 3924 per
2508 3856 2612 3909 hoc
2647 3855 2700 3906 in
2736 3853 2927 3908 divinis
2961 3850 3238 3904 ambulare
3270 3846 3552 3917 praeceptis
3596 3852 3654 3900 et

412 3941 548 4010 legis
592 3945 843 3999 mandata
875 3961 1119 4004 scrvare.

486 4037 572 4091 16.
611 4036 739 4093 Post
793 4041 1130 4109 propositum
1181 4042 1338 4096 nobis
1379 4055 1464 4098 est
1514 4047 1676 4099 etiam
1722 4045 1849 4100 illud
1910 4049 1976 4102 de

413 4129 706 4203 Evangelio
760 4134 900 4202 quod
958 4133 1211 4194 Salvator
1260 4135 1513 4192 dixerat:
1551 4157 1569 4188 ι
1610 4139 1678 4194 Ut
1731 4141 1975 4194 videntes

2086 4055 2102 4069 "
2150 4042 2258 4099 Ἦν
2293 4046 2429 4116 μετὰ
2461 4045 2633 4098 ταῦτα
2677 4043 2736 4095 τὸ
2790 4041 2896 4094 ἀπὸ
2937 4040 3030 4092 τοῦ
3077 4037 3441 4106 Εὐαγγελίου,
3491 4037 3577 4090 ὅτε
3623 4037 3653 4090 6

2081 4137 2270 4209 Σωτὴρ
2299 4137 2499 4204 ἔφασκε
2525 4136 2611 4189 διὰ
2636 4135 2790 4188 τοῦτο
2817 4135 2925 4194 τοῖς
2959 4131 3062 4196 ἔξω
3092 4134 3150 4184 ἐν
3197 4128 3528 4200 παραϐολαῖς
3553 4128 3651 4181 λα-

1640 4295 2197 4351 INTERPRETATIO
2228 4296 2318 4350 ΝΟ
2329 4295 2431 4350 VA.

483 4447 573 4499 l6.
617 4445 966 4524 Sequebatur
1014 4447 1142 4500 illttd
1179 4463 1243 4502 ex
1279 4446 1573 4524 Evangelio
1611 4450 1699 4524 ubi
1736 4449 1988 4524 Salvator
2037 4453 2170 4504 dicit
2214 4452 2338 4524 ideo
2391 4465 2449 4503 se
2483 4448 2721 4501 externis
2780 4448 2831 4500 in
2867 4445 3139 4524 parabolis
3173 4442 3346 4523 loqui,
3399 4462 3418 4495 ι
3474 4442 3650 4524 ιιιΛνί-

412 4517 598 4568 dentes
655 4511 1055 4593 nonnvideant,
1099 4525 1153 4569 et
1199 4511 1480 4593 audientes
1531 4533 1634 4593 non
1685 4520 2019 4593 intelligant,
2083 4536 2164 4593 n_e_
2207 4520 2782 4593 forte“convertantur
2834 4511 2889 4569 et
2943 4511 3258 4593 remittatur
3300 4513 3400 4566 eis.
3459 4529 3478 4593 ι
3536 4511 3652 4578 Quo

413 4593 631 4648 arrepto
689 4583 944 4648 subjiciet
994 4586 1343 4663 adversarius
1382 4588 1480 4639 :Si
1541 4586 1698 4654 plane
1733 4583 1934 4641 audtiis
1990 4585 2838 4663 tnanifestioribus’sermonibus
2867 4583 3106 4663 nonnulli
3156 4584 3224 4634 ita
3253 4591 3652 4663 convertuntur:

415 4661 474 4730 ut
511 4653 1047 4732 peccatorum'venia
1080 4654 1223 4721 digni
1266 4655 1418 4732 tia_nt,
1450 4650 1552 4708 nee
1590 4664 1767 4732 tamen
1797 4668 1859 4732 ut
1901 4659 2204 4732 apertiores
2262 4669 2538 4732 sermones
2594 4653 2916 4732 audiantnin
2971 4653 3101 4732 ipsis
3149 4651 3383 4732 positum
3415 4659 3519 4730 est,
3554 4650 3651 4732 sed

415 4720 740 4800 in_doeente
767 4720 1281 4800 [quiddcirco'non
1330 4723 1474 4790 ipsos
1508 4725 1750 4800 apertius
1777 4720 1953 4800 docet,
2010 4742 2077 4779 ne
2125 4725 2279 4800 forte
2310 4724 2530 4775 videant
2575 4733 2628 4776 et
2683 4722 3146 4800 intelligauthnou
3183 4727 3271 4800 est
3309 4721 3360 4800 in
3414 4720 3544 4800 ipsis
3595 4728 3651 4771 ut

414 4789 735 4866 salventu_r.__
762 4788 914 4852 Quod
961 4789 1006 4840 si
1053 4791 1124 4843 ita
1161 4801 1270 4866 est.
1333 4788 1436 4842 non
1488 4788 1572 4845 est
1620 4793 1776 4846 nobis
1831 4795 2053 4866 liberum
2107 4803 2162 4846 ut
2203 4793 2476 4866 salvemur
2525 4800 2629 4866 aut
2666 4788 2966 4866 percaluitts.
3020 4791 3099 4843 Ac
3133 4788 3390 4866 profecto
3444 4790 3498 4866 si_
3541 4802 3646 4866 non

413 4867 561 4936 esset
614 4857 902 4919 additum,
945 4875 962 4906 ι
999 4874 1094 4936 _ne_
1157 4859 1296 4936 forte
1347 4872 1832 4936 (‘Oll\'el‘l:tllllll'_el
1883 4863 2191 4936 remittatur
2244 4862 2356 4922 eis,
2402 4878 2434 4936 ’ξ
2468 4931 2478 4936 _
2512 4855 2868 4936 probabiliter
2916 4855 3364 4936 respotnlerentus
3413 4855 3652 4909 uoluisse

417 4923 885 5005 Salvatorenreos
920 4927 1012 4994 qui
1069 4929 1384 5005 {utut-inon
1437 4939 1602 5005 erant
1640 4931 1764 4983 boni
1812 4940 1866 5005 et
1925 4923 2579 5005 honesti,”reconditiora
2628 4929 2886 5005 mysteria
2949 4923 3371 5005 itttelligere,rob
3420 4939 3650 5005 eamque

415 4994 906 5072 causantni‘p‘sisuin
939 4997 1213 5072 para_bo_lis
1243 4997 1862 5072 lt)Cll_lltl_ll_rtli_SSGi591]
1915 5013 2033 5072 cum
2089 4998 2400 5064 adjiciatur,
2440 5015 2464 5072 ι
2506 5015 2571 5052 ne
2625 4994 2765 5072 forte
2813 4994 3200 5072 convertantur
3248 5004 3303 5047 et
3342 4995 3649 5072 remittatur

412 5063 513 5144 eis,
572 5061 902 5144 t‘diﬂicilio-r
940 5061 1025 5117 est
1061 5065 1218 5130 hujus
1270 5068 1368 5118 loci
1422 5067 1683 5144 defensio.
1721 5061 1959 5144 Primum
2017 5061 2199 5144 itaque
2253 5061 2518 5144 notandus
2568 5075 2651 5120 est
2698 5066 2811 5144 hie
2841 5066 2990 5144 locus
3037 5067 3298 5144 adversus
3345 5063 3647 5144 hmt'eticos,

413 5132 507 5214 qui
543 5147 574 5186 e
617 5133 799 5214 Veteri
845 5133 1192 5214 Testamento
1222 5137 1368 5214 dicta
1401 5137 1953 5214 qttmdant__aucu_pat-i
1987 5132 2183 5214 _sole:ut
2219 5152 2282 5190 ex
2319 5137 2512 5214 quibus
2562 5135 2712 5213 argui
2765 5136 3026 5214 videatur,
3081 5143 3138 5185 ut
3166 5132 3291 5214 ipsi
3319 5133 3510 5214 dicere
3554 5144 3650 5214 ους

413 5202 566 5282 den_t,
600 5201 820 5282 crudele
843 5204 1110 5282 qttoddatn
1146 5205 1200 5255 in
1237 5201 1497 5282 (_l_reatore
1536 5201 1852 5282 vindicandi
1875 5207 2237 5282 puniendique
2265 5201 2725 5282 co_usiliutn,_sive
2753 5217 2860 5282 quo
2890 5203 2994 5256 alio
3033 5203 3252 5256 nomine
3281 5201 3649 5282 id'designalrc

407 5271 645 5338 malunt,
672 5281 731 5324 ut
775 5271 829 5326 in
861 5265 1141 5326 'Creatorc
1172 5273 1374 5327 nullam
1409 5289 1529 5329 esse
1560 5272 1855 5328 bonitatem
1875 5265 2206 5338 'ostendan't;
2245 5275 2339 5328 sed
2366 5289 2470 5327 non
2504 5265 2689 5328 eadem
2741 5265 2946 5336 ratione
2977 5287 3151 5341 neque
3198 5272 3427 5325 candide
3471 5268 3523 5321 iu
3573 5265 3651 5319 le-

482 5435 598 5520 (βο)
631 5437 722 5492 Sic
770 5438 927 5520 codd.
955 5452 1305 5520 omnesmssh.
1339 5439 1494 5497 Libb.
1540 5441 1700 5520 editi,
1737 5458 1755 5491 ι
1788 5453 1974 5520 contra
2081 5440 2446 5520 editisdeest,
2486 5458 2503 5490 ι
2535 5441 2651 5520 θέει..
2672 5459 2689 5520 ξ
2987 5509 2996 5519 _
3133 5508 3183 5520 Η
3407 5506 3440 5520 __

411 5507 716 5572 veritatem,
745 5518 799 5560 et
828 5509 929 5580 hoc
970 5510 1236 5576 promittit
1271 5511 1408 5562 Deus
1441 5525 1497 5564 se
1541 5510 1830 5580 facturum,
1869 5513 1973 5566 etsi
2161 5508 2268 5580 (6i)
2311 5510 2384 5562 Ita
2415 5525 2542 5580 mss.
2574 5509 2728 5562 Libb.
2753 5507 2904 5580 editi,
2931 5526 2952 5560 ι
2986 5509 3030 5562 is
3055 5507 3564 5580 quidemseutiens.
3586 5522 3610 5560 ι

415 5585 700 5649 antequam
763 5578 1046 5631 auferatur
1092 5594 1185 5633 cor
1243 5580 1533 5647 lapideum.
1571 5598 1588 5628 ι
1647 5579 1805 5632 Paulo
1859 5590 1981 5649 post
2162 5576 2270 5648 (6‘2)
2319 5581 2448 5649 Vide
2478 5578 2778 5649 Origeuian.
2809 5576 2902 5649 lib,
2930 5576 3082 5649 tt,_q.’
3106 5578 3158 5642 7,
3191 5594 3242 5649 tt.
3277 5577 3364 5629 Η.

416 5659 572 5714 iussu
607 5663 625 5694 ‹
655 5646 707 5699 in
749 5649 998 5703 omnibus
1031 5649 1124 5703 Dei
1160 5645 1348 5720 gratiae
1389 5664 1520 5722 opus
1560 5645 1892 5706 videbitur.)
1928 5651 1981 5704 in
2165 5645 2273 5721 (tr-3)
2317 5648 2467 5718 Mss,
2501 5645 2597 5704 δεῖ.
2631 5647 2785 5704 Libb.
2814 5647 2962 5718 editi,
2990 5645 3077 5728 δή,
3112 5645 3272 5704 male.
