4014 6142
253 1409 259 1413 -
349 1401 369 1433 ι
431 1384 659 1453 μήποτε
697 1383 1061 1452 ὲπιστρέψωσι
1101 1381 1194 1432 καὶ
1224 1380 1396 1449 ἀφεθῇ
1430 1378 1628 1439 αὐτοῖς,
1663 1393 1681 1425 ι
1738 1373 1820 1436 τὸ,
1867 1373 1944 1424 ὅτι

344 281 456 338 281
1673 272 1874 329 LIBER
1911 269 2226 328 TERTIUS.
3498 270 3606 331 282

348 394 494 456 λεῖν,
540 411 563 445 ‹
603 393 686 447 ἵνα
718 391 1003 462 βλέποντες
1031 388 1104 460 μὴ
1141 386 1397 459 βλέπωσι,
1423 388 1518 442 καὶ
1543 387 1835 450 ἀκούοντες
1870 388 1930 457 μοὶ

2050 387 2270 440 videant
2319 391 2373 438 et
2410 400 2520 442 non
2564 384 2815 450 videant;
2864 391 2918 438 et
2952 383 3230 440 audientes
3269 383 3508 448 audiant,
3551 394 3606 439 et

352 485 616 548 συνιῶσι,
655 485 862 554 μήποτε
907 480 1272 552 ὲπιστρέψωσι
1303 480 1398 534 καὶ
1443 478 1616 549 ἀφεθῇ
1660 479 1856 541 αὐτοῖς.
1919 496 1930 527 ι

2033 493 2158 534 ,non
2191 475 2522 546 intelligant,
2554 491 2620 530 ne
2649 475 2790 531 forte
2814 483 3194 530 convertantur
3216 483 3270 526 et
3299 473 3607 533 remittatur

355 576 477 628 Καὶ
506 578 627 647 ἐρεῖ
653 577 682 626 ὁ
710 575 771 642 eg
800 572 1048 634 ἐναντίας
1067 588 1082 602 ⁸
1117 572 1181 623 Εἰ
1215 571 1429 634 πάντως
1449 569 1557 624 τῶν
1599 568 1930 639 σαφεστέρωι

2051 568 2130 622 eis
2159 569 2225 623 ³⁸.
2267 587 2284 619 ι
2320 567 2377 621 ln
2408 583 2514 637 quo
2548 569 2689 622 dicet
2725 569 2813 636 qui
2865 582 2895 622 e
2937 568 3146 622 diverso
3179 567 3466 635 respondet
3496 584 3510 620 :
3546 567 3605 620 Si

347 666 702 729 ἀκούσαντες
757 665 866 717 οἵδε
922 665 1062 726 τινὲς
1118 662 1714 733 ὲπιστρέφουσιν,ὢστε
1749 659 1930 721 αὐτοὺς

2052 657 2362 712 omnimodo
2392 659 2447 711 hi
2489 658 2582 725 qui
2615 656 2959 711 manifestius
2991 657 3234 722 audient,
3270 657 3608 724 corrigentur

346 755 553 820 ἀξίους
585 753 834 822 γενέσθαι
858 751 1102 819 ἀφέσεως
1129 749 1560 821 ἁμαρτημάτων,
1594 746 1694 799 οὐκ
1737 745 1850 797 ἔστι
1887 744 1930 798 δὲ

2051 757 2102 801 et
2141 756 2551 812 convertentur,
2605 757 2658 801 et
2703 748 2775 800 ita
2822 757 3226 810 convertentur,
3261 755 3320 800 ut
3361 756 3414 800 et
3461 746 3605 814 digni

348 847 445 898 ἐπ’
485 847 679 907 αὐτοῖς
710 845 769 896 τὸ
799 833 1026 896 ἀκοῦσαι
1060 842 1166 895 τῶν
1201 839 1546 909 σαφεστέρων
1582 836 1783 904 λόγων,
1829 834 1930 888 ἀλλ

2050 840 2158 892 sint
2195 839 2470 907 percipere
2503 838 2879 892 remissionem
2930 847 3312 906 peccatorum;
3369 853 3475 891 non
3526 847 3609 890 est

345 935 450 988 ἐπὶ
481 935 570 1004 τῷ
597 934 922 996 asinam,
945 934 1037 986 καὶ
1066 932 1152 986 διὰ
1179 930 1334 984 τοῦτο
1362 930 1462 981 οὐκ
1493 926 1819 995 ἀπαγγέλλει
1851 927 1930 978 αὐ-

2051 937 2229 982 autem
2259 929 2310 980 in
2346 929 2587 997 ipsorum
2621 937 2885 998 potestate
2917 939 2976 984 ut
3005 930 3221 983 audiant
3264 929 3606 982 manifestum

343 1027 470 1088 τοῖς
539 1025 906 1095 σαφέστερον,
950 1025 1159 1094 μήποτε
1206 1022 1354 1074 ἴδωσι
1406 1021 1501 1074 καὶ
1553 1019 1930 1080 συνιῶσιν,οὐιι

2052 1031 2384 1083 sermonem,
2415 1017 2506 1071 sed
2540 1018 2591 1070 in
2627 1016 2749 1083 ejus
2781 1018 2964 1087 utique
2996 1026 3258 1086 potestate
3291 1019 3382 1088 qui
3431 1020 3605 1082 docet,

343 1111 508 1165 ἔστιν
545 1113 632 1164 ἐπ’
663 1101 843 1174 αὐτοῖς
883 1110 942 1162 τὸ
974 1108 1209 1176 σωθῆναι
1233 1123 1246 1136 '
1292 1108 1339 1158 εἰ
1370 1107 1425 1158 δὲ
1456 1104 1630 1164 τοῦτο,
1653 1105 1753 1156 οὐκ
1779 1103 1930 1173 ὲσμὲι

2053 1115 2104 1157 ιιι
2140 1107 2377 1174 apertius
2412 1116 2462 1160 et
2503 1107 2846 1160 manifestius
2876 1110 3098 1172 doceat;
3131 1107 3175 1159 is
3201 1122 3326 1161 vero
3375 1109 3464 1178 qui
3511 1107 3610 1161 do-

346 1201 710 1267 αὐτεξούσιοι
737 1200 1008 1270 σωτηρίας
1041 1199 1134 1251 καὶ
1162 1195 1452 1258 ἀπωλείας.
1490 1193 1696 1262 Πιθανὴ
1730 1192 1826 1262 μὲν
1853 1185 1930 1243 οὖι

2051 1208 2157 1258 cet,
2205 1208 2487 1267 preptcrea
2528 1214 2584 1252 se
2619 1198 2750 1252 dicit
2795 1198 3081 1252 manifeste
3135 1199 3214 1252 eis
3269 1212 3375 1251 non
3420 1199 3611 1267 praedi-

345 1292 499 1363 πρὸς
552 1292 730 1347 ταῦτα
790 1293 1056 1360 ἀπολογία
1099 1287 1198 1361 ἦν,
1252 1291 1300 1341 εί
1353 1287 1426 1357 μὴ
1497 1285 1813 1356 προσέκειτο
1861 1284 1930 1348 τὸ,

2056 1301 2182 1340 care
2235 1289 2461 1342 verbum
2514 1304 2580 1342 ne
2641 1288 2780 1342 forte
2835 1290 3056 1342 audiant
3106 1297 3161 1342 et
3211 1288 3508 1358 intelligant
3555 1299 3611 1344 et

2052 1386 2442 1429 convertantur
2473 1387 2528 1431 et
2556 1378 2830 1432 salventur
2861 1397 2873 1432 :
2911 1393 3013 1430 non
3054 1378 3158 1431 erit
3187 1377 3372 1445 utique
3399 1379 3450 1430 in
3481 1378 3611 1446 ipsis

341 1475 455 1528 οὐκ
493 1475 749 1528 ἐϐούλετο
770 1475 896 1536 τοὺς
939 1475 1011 1544 μὴ
1037 1473 1323 1543 ἐσομένους
1363 1470 1558 1531 καλοὺς
1589 1467 1682 1521 καὶ
1712 1464 1930 1532 ἀγαθοὺς

2053 1475 2110 1519 ιιι
2140 1467 2272 1520 salvi
2307 1468 2456 1521 fiant.
2487 1467 2640 1533 Quod
2684 1469 2726 1522 si
2772 1479 2875 1534 est,
2907 1469 3060 1522 liberi
3108 1467 3322 1521 arbitrii
3365 1484 3467 1521 non
3505 1471 3612 1522 cri-

348 1565 614 1617 συνιέναι
649 1563 754 1615 τῶν
791 1564 1209 1632 μυστικωτέρων
1238 1563 1266 1614 ό
1315 1559 1523 1629 Σωτὴρ,
1553 1558 1646 1609 καὶ¹
1673 1556 1760 1610 διὰ
1792 1556 1930 1608 τοῦτ(

2054 1571 2170 1608 mus
2224 1557 2304 1610 vel
2356 1559 2422 1610 ad
2474 1558 2724 1622 salutem,
2757 1559 2842 1613 vel
2897 1563 2962 1613 ad
3013 1559 3389 1628 perditionem.
3449 1559 3512 1612 Et
3563 1561 3608 1614 si

347 1654 550 1708 ἐλάλει
599 1655 780 1715 αὐτοῖς
826 1655 881 1705 ὲν
916 1651 1285 1722 παραϐολαῖς·
1319 1648 1411 1702 νῦν
1439 1648 1495 1701 δὲ
1533 1647 1780 1718 κειμένου
1827 1645 1930 1698 τοῦ

2051 1649 2262 1717 quidem
2303 1665 2405 1702 non
2454 1663 2596 1704 esset
2631 1651 2894 1719 adjectum
2926 1651 3066 1718 quod
3094 1651 3270 1706 dixit:
3311 1670 3329 1702 ι
3364 1650 3440 1705 Ne
3471 1650 3611 1706 forte

348 1761 370 1794 ι
418 1745 642 1815 μήποτε
679 1742 1042 1814 έπιστρέψωσι
1071 1742 1163 1796 καὶ
1193 1740 1364 1810 ἀφεθῇ
1413 1740 1593 1802 αὐτοῖς
1618 1756 1629 1767 ·
1673 1758 1691 1789 ›
1728 1739 1760 1809 ἡ
1799 1739 1930 1790 ἀπο-

2044 1748 2434 1794 coavertantur
2477 1749 2533 1793 et
2588 1741 2894 1793 remittatur
2948 1741 3048 1804 eis,
3104 1758 3122 1791 ι
3180 1749 3361 1810 posset
3393 1741 3610 1809 pronior

342 1833 519 1900 λογία
563 1834 680 1886 ἐστὶ
713 1832 1086 1903 χαλεπωτέρα.
1139 1831 1360 1902 Πρῶτον
1402 1829 1577 1882 τοίνυν
1612 1827 1930 1898 σημειωτέοι

2049 1844 2171 1883 esse
2216 1830 2520 1898 responsio,
2575 1846 2676 1899 qua
2727 1830 3036 1885 diceremus
3087 1833 3341 1899 quoniam
3393 1832 3610 1886 nolebat

350 1925 485 1978 ἐστὶ
518 1926 612 1977 τὸν
639 1925 801 1976 τόπον
841 1923 976 1994 πρὸς
1003 1924 1127 1984 τοὺς
1153 1920 1506 1993 ὲτεροδόξους,
1534 1918 1930 1990 λεξιθηροῦντας

2049 1934 2141 1973 eos
2169 1935 2305 1988 quos
2343 1919 2592 1973 Salvator
2623 1920 2941 1988 prmsciebat
2983 1936 3085 1974 non
3118 1935 3236 1974 esse
3263 1920 3476 1975 futuros
3511 1924 3609 1974 bo-

345 2012 458 2081 μὲν
513 2012 586 2066 τὰ
632 2012 739 2064 ἀπὸ
783 2012 880 2082 τῆς
925 2011 1165 2072 Παλαιᾶς
1210 2009 1482 2080 Διαθήκης
1523 2008 1763 2072 τοιαῦτα,
1814 2007 1930 2062 ἔνθα

2050 2027 2168 2076 nos,
2203 2011 2508 2079 intelligere
2558 2013 2812 2078 mysteria
2859 2012 3010 2080 regni
3048 2011 3336 2077 cmlorum,
3382 2023 3434 2064 et
3483 2028 3610 2082 pro-

342 2101 712 2170 ἐμφαίνεται,
760 2101 834 2163 ὼς
877 2101 1030 2156 αὐτοὶ
1076 2100 1378 2170 τολμῶντες
1411 2100 1676 2167 λέγουσιν,
1724 2099 1930 2169 ὠμότης

2047 2113 2231 2170 pterea
2287 2101 2604 2169 loquebatur
2656 2102 2735 2156 eis
2781 2103 2832 2155 in
2887 2102 3189 2169 parabolis;
3239 2117 3381 2156 nunc
3429 2113 3607 2156 autem

308 2185 449 2254 τοῦ
502 2186 836 2258 δημιουργοῦ
880 2189 912 2258 ἡ
961 2187 1230 2257 ἁμυντικὴ
1271 2188 1364 2240 καὶ
1411 2187 1797 2258 ἀνταποδοτικὴ
1833 2187 1930 2239 τῶν

2047 2207 2167 2245 cum
2213 2190 2478 2258 adjectum
2527 2192 2618 2254 sit,
2656 2208 2676 2241 ‹
2726 2206 2790 2245 ne
2822 2191 2960 2245 forte
3016 2202 3404 2247 convertantur
3435 2203 3490 2247 et
3520 2209 3608 2246 re-

341 2277 624 2346 χειρόνων
654 2278 990 2349 προαίρεσις,
1021 2278 1052 2347 ἢ
1081 2279 1178 2330 ὅτί
1217 2295 1344 2331 ποτε
1377 2278 1586 2331 θέλουσι
1619 2279 1678 2330 τὸ
1704 2278 1930 2332 τοιοῦτον

2048 2284 2296 2336 mittatur
2345 2282 2456 2346 eis,
2507 2301 2525 2332 ι
2583 2281 2850 2336 difﬁcilior
2911 2280 3140 2336 cilicitur
3188 2283 3479 2352 expositio.
3543 2284 3612 2338 Et

339 2368 668 2438 ὀνομάζειν,
693 2370 850 2440 μόνον
880 2371 964 2422 ἵνα
992 2370 1220 2437 λέγωσιν
1250 2371 1350 2422 οὐκ
1376 2370 1685 2439 ἁγαθότητα
1718 2366 1854 2424 εἶναι
1881 2372 1930 2424 ἐν

2047 2374 2223 2439 primo
2255 2372 2468 2440 quidem
2503 2373 2904 2425 observandum
2952 2373 3108 2425 nobis
3138 2381 3220 2426 est
3247 2373 3374 2441 quid
3413 2374 3612 2427 habeat

339 2456 429 2528 τῷ
485 2457 730 2510 κτίσαντι
754 2475 769 2490 ’
817 2461 916 2528 οὐχ
957 2461 1157 2528 ὁμοίως
1190 2459 1264 2522 δὲ,
1312 2461 1432 2512 οὐδὲ
1465 2461 1821 2530 εὐγνωμόνως
1852 2465 1930 2514 ὲν-

2046 2463 2364 2515 munimenti
2421 2463 2569 2517 loeus
2629 2464 2729 2516 iste
2782 2464 2945 2516 etiam
3001 2464 3257 2516 adversus
3304 2464 3606 2526 haereticos,

337 2549 731 2616 τυγχάνοντας
773 2551 840 2618 τῇ
887 2551 1085 2618 Καινῇ,
1117 2548 1251 2600 ἀλλὰ
1298 2550 1835 2620 παραπεμπομένους
1872 2552 1930 2605 τὰ

2047 2553 2138 2620 qui
2185 2555 2444 2622 aucupari
2483 2552 2646 2606 verba
2697 2556 2762 2607 de
2806 2554 2983 2608 Veteri
3017 2554 3362 2608 Testamento
3412 2554 3608 2619 solent,

341 2636 724 2707 παραπλήσια
753 2631 833 2700 οἷς
859 2635 1172 2708 νομίζουσιν
1198 2634 1336 2692 εἶναι
1363 2637 1678 2709 ὲπιλήπτοις
1716 2642 1806 2693 ἐπὶ
1829 2641 1930 2711 (64]

2047 2642 2090 2695 si
2144 2657 2246 2709 qua
2304 2642 2443 2697 forte
2492 2643 2742 2697 videntur
2774 2645 2873 2708 eis,
2906 2655 2965 2697 ut
3021 2645 3122 2712 ipsi
3181 2645 3507 2712 intelligunt,
3542 2645 3610 2699 de

341 2727 462 2797 τῆς
493 2727 766 2790 Παλαιᾶς·
805 2729 1053 2800 φανερῶς
1086 2730 1193 2800 γὰρ
1234 2730 1326 2782 καὶ
1359 2729 1497 2782 κατὰ
1524 2731 1582 2782 τὸ
1615 2732 1930 2799 Εὐαγγέλιοι.

2049 2731 2157 2785 Deo
2205 2741 2452 2785 creatore
2506 2747 2668 2800 grave
2717 2743 2771 2786 et
2826 2733 3178 2787 inhumanum
3234 2735 3433 2804 aliquid
3469 2736 3611 2789 desi-

339 2817 372 2869 ὁ
397 2817 602 2887 Σωτὴρ
627 2817 922 2881 δείκνυται,
949 2819 1024 2882 ὡς
1054 2820 1205 2872 αὐτοὶ
1237 2821 1551 2888 φάσκουσιν,
1572 2822 1663 2873 ἐπὶ
1683 2823 1788 2874 τῶν
1810 2841 1930 2895 προ-

2047 2835 2234 2889 gnare,
2272 2834 2392 2873 cum
2435 2822 2594 2893 126
2641 2821 2724 2875 vel
2773 2822 3099 2876 vindicantis
3148 2822 3258 2894 (05)
3299 2825 3610 2892 designatur

340 2905 536 2973 τέρων
580 2905 666 2956 διὰ
714 2905 871 2959 τοῦτο
929 2907 1113 2974 σαφῶς
1163 2908 1235 2977 μὴ
1289 2908 1671 2978 φθεγγόμενος,
1730 2911 1815 2963 ἵνα
1864 2911 1937 2982 μὴ

339 2997 761 3080 επιστρέψωσιν
790 2999 838 3049 οἱ
878 2999 1174 3067 ἄνθρωποι,
1209 3000 1299 3052 καὶ
1340 3002 1766 3072 ἐπιστρέψαντες
1800 3003 1934 3072 ἀφέ-

2044 2910 2126 2962 vel
2158 2910 2430 2978 punientis
2460 2910 2704 2974 affectus,
2755 2911 2837 2965 vel
2872 2914 3252 2980 quoquomodo
3297 2922 3449 2967 certe
3502 2914 3604 2982 ipsi

2044 3000 2159 3053 haec
2207 3001 2490 3054 nominare
2539 3001 2737 3068 solent,
2774 3017 2837 3055 es
2874 3001 3068 3070 quibus
3098 3001 3352 3056 videlicet
3388 3005 3604 3058 bonita-

344 3076 498 3155 σεως
527 3090 934 3162 ἁμαρτημάτων
964 3089 1101 3153 ἄξιοι
1131 3091 1395 3159 γένωνται
1415 3108 1429 3122 ·
1474 3093 1611 3163 ὅπερ
1658 3093 1777 3146 καθ’
1802 3096 1930 3148 αὐτὸ

2039 3101 2144 3142 tem
2178 3091 2442 3159 denegent
2489 3106 2608 3145 esse
2643 3093 2694 3144 in
2731 3091 2988 3146 Creatore
3021 3108 3034 3144 :
3070 3094 3340 3160 quomodo
3368 3109 3472 3147 non
3501 3109 3597 3148 ea-

341 3183 569 3247 οὐδενὸς
620 3181 834 3234 ἔλαττόν
879 3184 994 3234 ἐστι
1035 3181 1140 3235 τῶν
1163 3182 1268 3235 ἀπὸ
1293 3184 1391 3254 τῆς
1417 3185 1658 3247 Παλαιᾶς
1695 3203 1930 3254 κατηγο-

344 3291 448 3345 ρου
462 3273 636 3342 μένων
683 3269 974 3336 τοιούτων·
1023 3271 1118 3323 ἐὰν
1167 3271 1228 3326 δὲ
1275 3273 1400 3343 περὶ
1456 3274 1547 3326 τοῦ
1600 3274 1928 3342 Εὐαγγελίου

341 3363 648 3430 ἀπολογίαν
690 3360 916 3434 ζητῶσι,
942 3361 1160 3414 λεκτέον
1194 3363 1328 3433 πρὸς
1371 3365 1588 3427 αὐτοὺς,
1616 3367 1662 3416 εἰ
1697 3367 1769 3436 μὴ
1805 3365 1929 3417 ἐπι-

341 3455 576 3526 λήπτως
624 3453 847 3506 ποιῶσιν
885 3453 977 3506 ἐπὶ
1016 3451 1124 3505 τῶν
1156 3454 1354 3523 ὁμοίων
1383 3455 1779 3525 προϐλημάτων
1809 3457 1930 3509 ἀνο-

345 3549 523 3617 μοίως
552 3545 849 3614 ἱστάμενοι,
879 3546 972 3598 καὶ
1006 3543 1148 3598 κατὰ
1183 3544 1282 3614 μὲν
1307 3545 1404 3614 τὴν
1437 3545 1643 3616 Καινὴν
1667 3548 1727 3599 οὐ
1771 3564 1937 3617 προσ-

340 3638 661 3699 κόπτοντες,
697 3635 809 3688 ἀλλ’
833 3633 1146 3700 ἀπολογίαν
1193 3633 1499 3704 ζητοῦντες,
1538 3633 1680 3687 κατὰ
1724 3634 1782 3686 δὲ
1825 3634 1922 3704 τὴν

342 3725 594 3780 Παλαιὰν
640 3724 766 3794 περὶ
802 3722 910 3775 τῶν
945 3721 1360 3792 παραπλησίων,
1386 3723 1502 3775 δέον
1548 3722 1936 3792 ἀπολογεῖσθαι

342 3816 552 3887 ὁμοίως
578 3818 687 3878 τοῖς
723 3813 828 3867 ἀπὸ
871 3812 970 3883 τῆς
1012 3815 1235 3883 Καινῆς,
1271 3814 1731 3888 κατηγοροῦντες·
1763 3814 1819 3880 ἐξ
1860 3809 1934 3868 ὧν

344 3907 764 3978 συμϐιϐάσομεν
820 3906 1016 3968 αὐτοὺς
1062 3905 1151 3957 διὰ
1203 3905 1302 3968 τὰς
1352 3906 1676 3976 ὁμοιότητας
1720 3907 1813 3959 ἐπὶ
1867 3905 1926 3959 τὸ

2036 3179 2155 3231 dem
2187 3190 2385 3242 mente,
2434 3195 2533 3234 nec
2562 3181 2748 3234 eodem
2783 3195 2942 3234 sensu
2984 3181 3149 3233 etiam
3199 3182 3264 3235 de
3296 3182 3603 3252 Evangeliis

2029 3266 2298 3334 iudicant,
2333 3285 2431 3323 nec
2461 3270 2755 3324 observant
2779 3271 2824 3324 si
2853 3286 2956 3341 qua
2995 3271 3118 3324 talia
3146 3273 3310 3325 etiam
3341 3275 3393 3326 in
3419 3273 3603 3327 Evan-

2033 3359 2186 3428 geliis
2228 3364 2400 3429 posita
2443 3371 2590 3425 sunt,
2639 3360 2819 3430 qualia
2870 3361 3116 3430 iudicant
3147 3362 3228 3416 vel
3261 3374 3500 3432 arguunt
3545 3365 3602 3418 in

2035 3450 2217 3504 Veteri
2250 3451 2620 3506 Testamento.
2653 3452 2947 3505 Evidenter
2973 3452 3116 3506 enim
3145 3452 3198 3506 in
3234 3453 3336 3508 hoc
3365 3454 3602 3522 capitulo

2041 3543 2288 3596 Salvator
2333 3544 2655 3610 ostenditur,
2703 3545 2845 3596 sicut
2896 3543 2996 3611 ipsi
3053 3535 3600 3611 dicunt,'propterea

2038 3631 2324 3685 manifeste
2366 3646 2473 3685 non
2506 3630 2677 3698 loqui,
2717 3631 2794 3684 uti
2837 3646 2904 3684 ne
2937 3639 3326 3686 convertantur
3359 3632 3602 3688 homines

2037 3733 2087 3775 et
2134 3723 2383 3776 conversi
2443 3723 2819 3776 remissionem
2891 3722 3164 3791 accipiant
3233 3732 3597 3792 peccatorum.

2036 3815 2186 3880 Quod
2223 3816 2411 3888 utique
2442 3815 2485 3870 si
2519 3815 2812 3870 secundum
2859 3813 3028 3868 solam
3058 3815 3296 3870 litteram
3328 3817 3599 3887 intelliga-

2037 3914 2145 3970 tur,
2175 3907 2307 3960 nihil
2356 3908 2579 3960 omnino
2613 3906 2794 3961 minus
2828 3906 3118 3960 habebitur
3145 3907 3213 3961 ab
3259 3909 3340 3963 eis
3382 3925 3500 3977 quae
3542 3912 3598 3965 in

343 3997 528 4049 πάντα
557 3997 806 4067 ἡγεῖσθαι
837 3995 954 4057 ἐνὸς
981 3993 1118 4047 εἶναι
1145 3995 1454 4066 Γράμματα
1483 3997 1638 4049 Θεοῦ.
1676 3999 1812 4068 Φέρε
1858 3997 1920 4068 δὴ

2033 3997 2376 4050 Testamento
2403 3995 2582 4051 Veteri
2616 3995 3001 4050 criminantur.
3027 3995 3083 4049 Si
3116 4012 3247 4052 vero
3270 3998 3402 4066 ipsis
3431 4001 3596 4053 etiam

339 4068 444 4140 atat
475 4089 610 4159 πρὸς
649 4089 708 4141 τὸ
740 4085 1097 4160 προκείμενον
1139 4085 1431 4154 ἀπολογίαν
1479 4087 1619 4141 κατὰ
1660 4088 1720 4142 τὸ
1762 4089 1918 4142 δυνα-

2033 4087 2280 4142 videntur
2313 4089 2426 4142 haec
2467 4090 2806 4157 eXpositione
2836 4089 3097 4157 indigere,
3135 4089 3177 4142 si
3213 4105 3317 4158 qua
3365 4092 3417 4143 in
3447 4090 3597 4145 Novo

341 4179 439 4232 τὸν
469 4179 839 4250 πρισὼμεθα.

2033 4176 2374 4234 Testamento
2406 4179 2480 4233 ita
2530 4181 2705 4247 posita
2753 4179 3129 4243 inveniuntur,
3161 4195 3496 4250 consequens
3539 4195 3597 4237 et

345 4273 718 4326 necessarium
774 4270 903 4336 erit,
971 4279 1028 4324 ut
1057 4271 1220 4326 etiam
1278 4284 1340 4323 ea
1370 4285 1491 4340 qme
1527 4269 1578 4322 in
1617 4269 2166 4341 Vcterij’l‘estamento
2221 4272 2608 4335 criminarunt,
2675 4274 2836 4325 simili
2893 4272 3230 4340 expositione
3274 4284 3595 4342 purgentur,

341 4371 404 4416 ut
431 4376 527 4430 per
555 4363 668 4417 haec
714 4363 870 4418 unius
913 4364 1263 4430 ejusdemque
1310 4361 1400 4415 Dei
1447 4361 1745 4430 probentur
1775 4377 1894 4417 esse
1939 4379 2060 4432 quae
2087 4365 2137 4416 in
2177 4373 2405 4432 utroque
2437 4363 2638 4431 scripta
2685 4371 2811 4416 sunt
2841 4361 3191 4417 Testamento
3222 4363 3358 4435 (66).
3395 4364 3501 4419 Sed
3527 4368 3592 4421 ad

340 4458 676 4526 propositam
710 4459 1086 4527 qumstionem,
1122 4466 1280 4526 prout
1328 4470 1634 4525 possumus,
1681 4467 2084 4512 convertamur.
3563 4469 3568 4474 ‘

1574 4567 1879 4624 INTERPB
1889 4569 2141 4625 ETATIO
2175 4570 2381 4625 NOVA.

344 4665 528 4736 ctione
561 4663 698 4718 Novi
734 4663 1072 4736 Testamenti
1109 4673 1418 4736 versantur,
1457 4666 1551 4736 sed
1602 4665 1670 4718 iis
1709 4679 1838 4736 qua:
1879 4666 1938 4736 in
1967 4665 2149 4720 Veteri
2184 4666 2623 4733 reprehendenda
2670 4675 2880 4734 putant,
2913 4667 3112 4721 similia
3147 4672 3588 4736 praetermittunt.

347 4732 484 4805 Nam
521 4742 708 4805 aperte
769 4734 1019 4788 Salvator
1051 4735 1105 4786 in
1139 4733 1456 4805 Evangelio,
1502 4734 1646 4787 sicut
1705 4732 1804 4802 ipSl
1836 4735 2046 4798 dicunt,
2095 4732 2365 4803 prioribus
2401 4737 2581 4790 verbis
2613 4732 2912 4790 ostenditur
2947 4732 3229 4805 propterea
3279 4755 3381 4793 non
3417 4743 3589 4794 mani-

343 4803 482 4878 feste
512 4804 778 4878 loqui,_ne
815 4812 1222 4878 convertantur
1238 4803 1847 4878 homineseLconversi
1881 4815 2226 4878 peccatorum
2253 4806 2581 4878 remissione
2615 4805 2760 4875 digni
2800 4803 2961 4878 ﬂanti
2993 4803 3136 4874 quod
3179 4809 3350 4876 ipsum
3394 4827 3488 4878 per
3528 4825 3586 4864 se

343 4873 773 4927 nihiloiuferius
823 4883 906 4927 est
937 4874 1003 4927 iis
1041 4889 1161 4943 quae.
1211 4873 1264 4924 in
1328 4869 1506 4925 Veteri
1558 4869 1908 4927 Testamento
1966 4875 2457 4940 reprehenduntur.
2513 4875 2606 4928 Sitt
2668 4869 2846 4928 autem
2899 4869 3170 4943 Evangelii
3199 4869 3588 4934 defensionem

340 4951 616 5009 qurerunt,
649 4943 1022 5013 interrogandi
1073 4952 1420 5013 sunt_annon
1452 4943 1881 5013 reprehensione
1929 4943 2075 5013 digni
2119 4945 2229 5013 sint
2257 4945 2347 5013 qui
2400 4947 2449 4998 in
2502 4945 2771 4998 similibus
2824 4947 3217 5013 qumstionibus
3253 4948 3588 5002 dissimiliter

341 5022 650 5086 versantur,
680 5020 735 5064 et
762 5010 1149 5086 cuni_in__lVovo
1197 5010 1550 5086 Testamento
1600 5013 1736 5064 nihil
1780 5012 1883 5086 sibi
1916 5012 2243 5086 oﬂ‘cndiculi
2274 5010 2576 5086 inveniant,
2612 5010 2868 5086 sed_ejns
2915 5015 3284 5086 defensionem
3322 5028 3586 5086 qtuerant,

341 5077 394 5132 in
427 5078 608 5135 Veteri
643 5089 824 5134 tamen
856 5082 1052 5136 similia
1108 5079 1531 5150 reprehendunt,
1582 5096 1819 5148 quorum
1868 5083 2054 5136 itidem
2104 5085 2391 5148 quaérenda
2446 5092 2566 5137 erat
2617 5077 2928 5150 explicatio.
2983 5085 3130 5139 Unde
3176 5085 3294 5140 illos
3340 5077 3588 5142 iocorum

341 5149 743 5226 comparatione
771 5165 838 5205 eo
883 5152 1211 5226 deducemus
1241 5159 1299 5202 ut
1346 5149 1506 5226 ur_ti_u__s
1536 5151 1894 5226 ejusdemque
1937 5166 2055 5206 esse
2084 5151 2176 5206 Dei
2219 5162 2513 5222 utrumque
2546 5149 2952 5208 Testamentum
2986 5157 3236 5210 credant.
3274 5156 3393 5226 Age
3433 5171 3584 5223 vero,

341 5218 404 5269 ad
439 5219 771 5287 propositam
823 5220 1178 5288 quaestionem
1217 5233 1316 5288 pro
1355 5218 1499 5271 virili
1535 5218 1984 5287 respondeamus.

409 5307 457 5343 ³⁸
492 5310 660 5365 Mare.
695 5327 770 5376 ιν,
825 5311 914 5365 12.

431 5404 521 5476 64)
552 5405 620 5476 In
641 5415 800 5458 antea
827 5405 987 5476 editis
1016 5406 1230 5476 legitur,
1262 5408 1387 5464 ἀπό.

431 5474 526 5541 65)
568 5473 661 5528 Sic
717 5489 846 5529 mss.
874 5473 1043 5545 Alias,
1073 5473 1118 5526 ἰ
1175 5477 1258 5530 vel
1308 5476 1628 5545 judicantis.
1668 5497 1686 5529 ι
1727 5478 1892 5534 Paulo

338 5552 462 5609 post
494 5558 653 5606 mss.,
687 5561 706 5594 ι
753 5543 1028 5610 quomodo
1061 5559 1165 5597 non
1216 5543 1402 5600 ead—em
1437 5557 1639 5601 mente.
1678 5567 1696 5598 ι
1751 5548 1908 5602 Libb.

339 5611 486 5674 editi,
525 5629 544 5662 ι
591 5612 846 5679 quoniam
883 5628 989 5665 non
1034 5613 1223 5668 eadem
1260 5627 1458 5670 mente.
1501 5634 1519 5667 ι
1569 5615 1711 5668 Infra
1757 5632 1910 5680 mss.,

345 5694 363 5728 ι
398 5690 683 5751 propterea
712 5682 998 5742 manifeste
1029 5697 1135 5736 non
1162 5682 1331 5752 loqui,
1381 5687 1456 5739 uti
1490 5700 1555 5742 ne
1589 5694 1914 5742 convertan-

2013 5420 2098 5480 tur
2145 5410 2412 5480 homines,
2442 5421 2497 5463 et
2522 5409 2769 5465 conversi
2803 5409 3184 5465 remissionem
3231 5411 3529 5480 accipiant.
3559 5431 3578 5464 ι

2002 5479 2057 5531 In
2089 5480 2252 5534 editis
2288 5479 2475 5550 deest,
2499 5497 2517 5529 ι
2558 5491 2842 5548 prOpIerea
2873 5499 2892 5530 ι
2925 5490 2980 5533 et
3013 5499 3031 5530 ι
3058 5481 3328 5544 conversi,
3356 5479 3386 5530 ί»
3416 5491 3466 5534 et
3488 5496 3584 5550 pro

2026 5567 2042 5598 ι
2085 5552 2279 5609 utine,
2319 5568 2336 5598 ι
2380 5549 2593 5616 legitur,
2633 5567 2650 5600 ι
2697 5561 2750 5601 ιιι
2785 5550 2840 5616 ἰιι
2875 5563 2959 5599 eo.
2999 5567 3017 5599 ι

2093 5617 2201 5688 (66)
2245 5616 2414 5669 Unius
2438 5615 2779 5688 ejusdemque
2816 5615 2907 5666 Dei
2935 5616 3217 5688 prob_enlur
3245 5630 3352 5688 esse
3382 5631 3500 5688 quo;
3527 5619 3584 5670 in

2023 5683 2237 5758 utroque
2268 5683 2471 5755 scripta
2502 5697 2621 5740 sunt
2675 5683 3024 5770 Teftamento.
3051 5685 3129 5739 lta
3163 5699 3294 5741 mss.
3333 5683 3390 5736 lu
3422 5687 3585 5743 editis
