4014 6142
436 303 548 363 285

510 428 605 483 l7.
649 426 971 485 Dicebamus
1018 429 1168 498 prius
1228 428 1294 480 de
1339 425 1621 480 Pharaone
1676 426 2011 495 disputantes
2040 431 2085 486 Α

438 519 586 589 quod
624 520 895 574 interdum
926 519 1102 573 curari
1146 516 1306 573 cilius
1339 532 1444 571 non
1493 518 1639 571 cedit
1683 517 1738 571 in
1784 519 2007 582 bonum,

438 610 678 664 maxime
741 608 785 662 si
843 607 1069 661 internis
1135 607 1442 661 visceribus
1492 606 1725 663 validius
1788 608 2011 662 morbus

437 706 717 768 grassatur
776 697 1033 750 inclusus.
1096 694 1252 751 Unde
1319 697 1460 751 Deus
1508 696 1600 765 qui
1668 696 2007 751 occultorum

435 789 688 857 cognitor
736 797 839 851 est,
899 794 954 839 et
995 786 1151 841 novit
1196 788 1450 842 universa
1521 796 1808 856 antequam
1852 788 2007 851 ﬁant,

433 894 532 950 pro
588 878 751 932 multa
805 877 1141 947 benignitate
1192 892 1287 932 sua
1335 878 1517 933 differt
1570 879 1762 932 horum
1818 879 2005 933 talium

430 985 613 1037 curas,
664 980 717 1024 et
744 969 1089 1039 {medicinam
1140 970 1372 1040 protelat
1432 972 1483 1024 in
1535 970 1765 1041 longius,
1823 982 2004 1041 atque,

426 1072 487 1117 ut
536 1064 613 1117 ita
666 1062 936 1129 dixerim,
988 1070 1147 1117 curat
1203 1077 1302 1137 eos
1349 1062 1475 1116 dum
1527 1078 1634 1117 non
1696 1070 1884 1127 curat,
1938 1077 2006 1117 ne

425 1167 520 1207 eos
598 1166 831 1221 propera
896 1152 1102 1207 sanitas
1147 1151 1476 1207 insanabiles
1545 1152 1757 1208 reddat.
1816 1153 2005 1207 Possi-

422 1241 533 1296 bile
579 1257 708 1314 ergo
757 1250 843 1298 est
909 1251 967 1296 ut
1026 1245 1167 1313 apud
1233 1258 1326 1298 eos
1372 1244 1568 1314 quibus
1622 1243 1758 1299 foris
1809 1244 2002 1310 positis

426 1333 639 1387 Domini
712 1344 768 1387 et
828 1331 1130 1387 Salvatoris
1180 1335 1352 1387 nostri
1414 1347 1595 1389 sermo
1652 1333 1854 1397 flebat,
1904 1348 2003 1403 pro

426 1423 585 1493 127
618 1438 681 1478 co
705 1422 847 1491 quod
875 1432 1126 1479 scrutans
1178 1424 1343 1478 corda
1374 1433 1427 1477 et
1472 1436 1630 1477 renes
1669 1422 2001 1491 praevidebat

422 1532 517 1570 eos
544 1516 779 1570 nondum
806 1524 959 1585 aptos
981 1529 1101 1569 esse
1118 1514 1511 1569 manifestioris
1535 1513 1732 1582 eloquii
1760 1514 2001 1584 recipere

424 1606 729 1662 doctrinam
762 1646 778 1674 ,
816 1606 1198 1675 sprofundioris
1249 1607 1577 1661 sacramenti
1631 1606 1789 1660 tidem
1826 1608 2000 1660 velato

423 1710 674 1753 sermone
723 1706 1077 1767 contegeret:
1135 1714 1205 1755 ne
1260 1698 1403 1755 forte
1458 1699 1723 1753 velociter
1750 1697 1998 1753 conversi

421 1804 487 1844 ac
516 1791 688 1845 sanati
720 1830 736 1855 ,
767 1789 821 1844 id
851 1797 933 1843 est
963 1828 979 1856 ,
1038 1798 1385 1858 peccatorum
1417 1804 1637 1843 suorum
1672 1791 1993 1845 remissione

422 1880 670 1937 celeriter
693 1891 914 1950 accepta
944 1920 959 1946 ,
1011 1880 1172 1936 facile
1198 1881 1397 1935 iterum
1426 1881 1479 1934 in
1512 1882 1759 1935 eumdem
1788 1882 1995 1935 recide-

421 1982 543 2027 rent
575 1974 821 2028 morbum
851 2016 865 2040 ,
899 1988 1057 2041 quem
1089 1980 1376 2029 senserant
1405 1974 1523 2027 sine
1552 1972 1730 2041 aliqua
1764 1972 1993 2027 difﬁcul—

422 2072 530 2117 tate
556 2071 835 2120 curatum.
896 2062 1049 2128 Quod
1101 2062 1288 2131 utique
1330 2062 1377 2117 si
1424 2062 1561 2137 fiat,
1607 2061 1739 2115 nulli
1771 2063 1991 2117 dubium

418 2164 502 2209 est
529 2154 789 2224 duplicari
825 2168 1040 2222 pinnam
1094 2164 1149 2209 et
1196 2153 1323 2207 mali
1360 2162 1654 2223 augmenta
1705 2154 1991 2218 cumulari,

416 2250 544 2299 dum
576 2260 680 2300 non
706 2246 876 2300 solum
926 2254 1150 2315 peccata
1208 2259 1327 2313 qua:
1376 2243 1579 2298 remitti
1615 2244 1728 2298 visa
1778 2244 1995 2298 fuerant

417 2336 529 2408 (67)
572 2346 891 2406 repetuntur
921 2376 936 2401 ,
994 2352 1177 2391 verum
1204 2338 1369 2390 etiam
1396 2336 1617 2389 virtutis
1644 2335 1761 2389 aula
1798 2335 1990 2405 pollui-

417 2438 522 2493 tur,
562 2428 604 2483 si
639 2442 757 2481 eam
794 2427 995 2482 dolosae
1027 2437 1082 2481 et
1141 2427 1527 2483 contaminata
1562 2436 1768 2481 mentes
1813 2426 1988 2495 plcnm

414 2517 741 2571 intrinsecus
795 2515 1015 2569 malitia:
1061 2515 1280 2571 latentis
1335 2516 1679 2571 conculcent.
1743 2517 1809 2570 Et
1843 2516 1983 2585 quod

413 2624 652 2679 unquam
685 2608 881 2662 talibus
928 2608 1227 2663 remedium
1257 2609 1403 2673 erit,
1458 2608 1549 2677 qui
1600 2615 1722 2677 post
1766 2607 1983 2661 malitiae

411 2701 655 2769 impuros
694 2715 756 2755 ac
784 2699 1031 2755 sordidos
1053 2700 1203 2755 cibos
1230 2740 1244 2764 ,
1283 2699 1584 2770 degustataj
1613 2698 1828 2753 virtutis
1857 2714 1983 2752 sua-

408 2790 596 2856 vitate,
622 2791 903 2848 dulcedine
932 2790 1049 2860 ejus
1073 2792 1186 2847 suis
1219 2789 1472 2845 faucibus
1494 2798 1709 2858 recepta
1742 2827 1759 2855 ,
1793 2804 1982 2844 rursus

1674 303 1997 362 ORIGENIS
2034 305 2191 358 ΠΕΡΙ
2227 305 2457 359 ΑΡΧΩΝ

3550 304 3694 361 -281

2200 426 2541 495 Ἐφάσκομεν
2584 427 2676 480 καὶ
2709 426 2834 496 περὶ
2863 425 2955 477 τοῦ
2996 423 3195 494 Φαραὼ
3235 422 3574 489 ἐξετάζοντες
3613 424 3696 479 ὅτι

2120 516 2290 568 ἐνίοτε
2324 515 2383 567 τὸ
2409 516 2593 585 τάχιον
2619 516 3039 587 θεραπευθῆναι,
3069 516 3127 567 οὐ
3173 514 3307 584 πρὸς
3342 514 3507 568 καλοῦ
3552 515 3698 581 γίνε-

2116 621 2205 657 ται
2246 608 2357 668 τοῖς
2392 608 2870 678 θεραπευομένοις,
2895 608 3050 677 εἴπερ
3082 607 3147 659 ἃν
3173 609 3286 669 τοῖς
3315 605 3695 677 χαλεποῖς

2118 696 2503 766 περιπεσόντες
2536 698 2774 768 εὐχερῶς
2803 696 3167 766 ἀπαλλαγεῖεν
3192 696 3394 750 τούτων
3431 692 3513 761 οἷς
3541 713 3698 768 περι-

2117 786 2474 841 πεπτώκασι·
2536 788 2996 860 καταφρονοῦντες
3048 787 3156 860 γὰρ
3209 788 3285 851 ὡς
3334 789 3545 843 εὑιάτου
3598 787 3695 841 τοῦ

2117 877 2324 944 κακοῦ,
2372 878 2621 951 δεύτερον
2670 880 2729 931 οὺ
2794 878 3183 950 φυλαττόμενοι
3232 877 3326 930 τοῦ
3380 880 3695 949 περιπεσεῖν

2114 966 2284 1037 αὐτῷ,
2327 969 2384 1020 ἐν
2431 968 2578 1039 αὑτῷ
2625 969 2873 1022 ἔσονταιο
2920 969 3109 1041 διόπερ
3145 970 3237 1021 ἐπὶ
3283 968 3393 1021 τῶν
3436 968 3694 1020 τοιούτων

2111 1059 2140 1111 6
2198 1059 2330 1123 Θεὸς
2378 1063 2406 1113 ό
2462 1060 2676 1125 αἰώνιος
2742 1063 2770 1115 6
2835 1060 2944 1114 τῶν
3008 1061 3267 1132 κρυπτῶν
3324 1058 3604 1129 γνώστης,
3664 1062 3694 1113 6

2112 1149 2278 1216 εἰδὼς
2306 1152 2374 1205 τὰ
2426 1152 2601 1206 πάντα
2654 1152 2783 1223 πρὶν
2829 1152 3096 1220 γενέσεως
3151 1150 3347 1217 αὐτῶν,
3396 1149 3539 1203 κατὰ
3593 1148 3693 1219 τὴν

2111 1244 2453 1313 χρηστότητα
2482 1244 2643 1297 αὑτοῦ
2691 1244 3036 1315 ὑπερτίθεται
3080 1243 3178 1315 τὴν
3223 1243 3525 1313 ταχυτέραν
3555 1241 3691 1313 πρὸς

2112 1333 2306 1396 αὐτοὺς
2333 1334 2604 1404 βοήθειαν,
2642 1334 2757 1399 καὶ,
2785 1335 2853 1386 ἵν’
2875 1333 3046 1396 οὕτως
3078 1332 3235 1397 εἴπω,
3278 1331 3484 1403 βοηθῶν
3506 1331 3691 1394 αὐτοῖς

2109 1425 2169 1477 οὐ
2202 1424 2423 1495 βοηθεῖ,
2472 1425 2661 1479 τούτου
2696 1427 2878 1488 αὐτοῖς
2922 1424 3341 1486 λυσιτελοῦντος.
3391 1422 3547 1485 Εἰκὸς
3595 1418 3690 1475 οὖν

2110 1517 2203 1569 καὶ
2219 1517 2350 1579 τοὺς
2380 1516 2484 1582 ἔξω
2519 1519 2645 1588 περὶ
2693 1513 2766 1570 ὧν
2809 1519 2836 1569 6
2872 1516 3029 1584 λόγος
3056 1557 3070 1581 ,
3099 1517 3176 1587 τῷ
3200 1516 3411 1586 Σωτῆρι
3442 1515 3581 1568 κατὰ
3628 1514 3691 1569 τὸ

2110 1605 2466 1678 προκείμενον
2508 1608 2851 1678 ἐωραμένους
2895 1609 2955 1661 οὐ
3004 1606 3250 1675 βεϐαίους
3280 1606 3494 1659 ἔσεσθαι
3528 1608 3584 1658 ἐν
3618 1608 3684 1677 τῇ

2108 1697 2436 1767 ἐπιστροφῇ,
2467 1699 2514 1749 εἰ
2545 1697 2868 1769 τρανότερον
2896 1696 3184 1749 ἀκούσαιεν
3207 1696 3313 1748 τῶν
3352 1693 3685 1764 λεγομένων,

2105 1790 2209 1842 ὑπὸ
2242 1789 2335 1841 τοῦ
2368 1790 2573 1860 Κυρίου
2593 1789 2969 1860 ᾠκονομῆσθαι
3002 1788 3074 1860 μὴ
3101 1787 3429 1857 σαφέστερον
3457 1788 3687 1841 ἀκοῦσαι

2102 1882 2212 1935 τῶν
2239 1881 2585 1953 βαθυτέρων,
2641 1883 2848 1953 μήποτε
2901 1883 3083 1952 τάχιον
3117 1881 3540 1951 ἐπιστρέψαντες
3591 1880 3687 1933 καὶ

2108 1968 2350 2033 ίαθέντες
2376 1971 2434 2023 ἐν
2466 1969 2542 2040 τῷ
2566 1970 2817 2039 ἀφέσεως
2840 1972 3043 2038 τυχεῖν,
3082 1969 3158 2033 ὡς
3185 1970 3307 2038 εὐχε
3317 1968 3424 2040 ρῶν
3449 1968 3555 2020 τῶν
3584 1967 3687 2037 τῆς

2104 2046 2304 2123 κακίας
2350 2060 2679 2132 τραυμάτων
2723 2061 2815 2113 καὶ
2870 2059 3099 2114 εὐιάτων
3150 2062 3682 2130 καταφρονήσαντες,

2105 2148 2264 2201 πάλιν
2292 2150 2384 2201 καλ¹
2426 2150 2612 2219 τάχιον
2644 2149 2825 2211 αὐτοῖς
2870 2148 3225 2220 περιπέσωσι.
3287 2147 3438 2217 Τάχα
3482 2148 3538 2199 δὲ
3588 2153 3685 2201 καὶ

2101 2240 2337 2303 τίνοντες
2387 2241 2540 2304 δίκας
2586 2229 2691 2293 τῶν
2723 2242 3003 2313 προτέρων
3048 2241 3459 2312 ἁμαρτημάτων
3498 2234 3572 2294 ὧν
3604 2240 3684 2303 είς

2098 2332 2194 2403 τὴν
2230 2333 2427 2404 ἀρετὴν
2477 2334 2906 2405 ἐπλημμέλησαν
2932 2334 3321 2397 καταλιπόντες
3362 2333 3551 2403 αὐτὴν,
3593 2334 3685 2385 οὐ·

2094 2425 2243 2478 δὲπω
2267 2425 2358 2477 τὸν
2388 2425 2578 2495 χρόνον
2609 2424 3129 2494 ἐκπεπληρὼκεισαν
3148 2442 3159 2455 ⁸
3193 2425 3271 2496 τῷ
3296 2424 3684 2493 καταλειπομέ-

2091 2533 2214 2579 νους
2230 2517 2423 2579 αὐτοὺς
2435 2518 2539 2569 ἀπὸ
2554 2518 2649 2583 τῆς
2667 2516 2814 2579 θείας
2831 2516 3431 2586 ἐπισκοπῆς,επιπλεῖον
3448 2516 3685 2586 ἐμφορη-

2093 2607 2280 2670 θέντας
2302 2606 2408 2659 τῶν
2446 2607 2587 2660 ἰδίων
2611 2604 2645 2657 ἂ
2674 2606 2929 2678 ἔσπειραν
2974 2606 3176 2669 κακῶν,
3211 2605 3433 2676 ὕστερον
3474 2606 3551 2669 είς
3586 2606 3682 2675 βε·

2092 2698 2372 2769 ϐαιοτέραν
2405 2698 2692 2768 μετάνοιαν
2709 2698 3006 2751 καλεῖσθαιο
3038 2698 3096 2751 οὐ
3118 2698 3324 2767 ταχέως
3350 2714 3679 2767 περιπεσου-

2094 2790 2287 2860 μένους
2321 2784 2400 2853 οἷς
2431 2790 2688 2861 πρότερον
2718 2787 3225 2860 περιπεπτὼκεισαν
3251 2790 3309 2841 τὸ
3326 2789 3537 2859 ἀξίωμα
3559 2789 3679 2841 ἐνυ-

410 2897 471 2938 se
501 2884 566 2937 ad
598 2884 898 2941 virulentos
932 2893 987 2940 et
1022 2882 1334 2939 mortiferus
1362 2882 1512 2937 cibos
1549 2882 1800 2953 nequitia:
1851 2896 1978 2936 con-

2106 2880 2375 2951 Ξρίσαντες
2398 2880 2505 2932 τῶν
2528 2880 2725 2946 καλῶν,
2746 2882 2837 2934 καὶ
2859 2883 2971 2944 τοῖς
2995 2881 3232 2953 χείροσιν
3252 2882 3475 2945 ἑαυτοὺς
3499 2879 3647 2934 ὲπιδε
3662 2910 3678 2919 -

1637 2970 2207 3049 INTERPBETATIO
2248 2993 2457 3049 NOVA.

484 3086 568 3141 17.
622 3085 942 3141 Dicebamus
974 3101 1135 3154 supra
1173 3088 1238 3141 de
1288 3087 1574 3143 Pharaone
1619 3086 1959 3154 disputantes
1988 3088 2321 3142 celeriorem
2352 3088 2692 3143 Curationem
2737 3088 3010 3143 interdum
3045 3103 3149 3143 non
3211 3089 3278 3143 iis
3317 3102 3449 3142 esset
3477 3087 3662 3143 utilem

410 3157 503 3223 qui
540 3164 822 3220 curantur,
854 3158 896 3210 si
930 3157 1111 3211 statim
1140 3167 1303 3224 atque
1334 3159 1384 3211 in
1430 3157 1677 3210 morbum
1710 3156 2023 3220 inciderint,
2053 3173 2120 3211 eo
2167 3157 2323 3210 facile
2372 3157 2703 3211 releventur.
2752 3158 2950 3211 Malum
2996 3160 3143 3211 enim
3191 3167 3250 3212 ut
3290 3168 3479 3211 curatu
3514 3159 3674 3213 facile

412 3234 850 3297 contemnentes,
903 3240 1090 3297 rursus
1136 3226 1190 3279 in
1226 3226 1356 3281 illud
1405 3230 1549 3295 quod
1593 3240 1699 3278 non
1742 3234 1935 3297 eavent
1987 3228 2253 3297 incident.
2298 3225 2657 3291 Quamobrem
2692 3237 2928 3282 aeternus
2979 3227 3141 3297 Deus,
3179 3228 3276 3297 qui
3326 3229 3665 3281 occultorum

408 3295 658 3365 cognitor
706 3303 789 3347 est
832 3303 888 3349 et
935 3296 1115 3365 omnia
1165 3297 1316 3350 novit
1364 3294 1679 3365 priusquam
1736 3295 1890 3362 fiant,
1936 3296 2264 3365 celeriorem
2308 3298 2565 3350 horumce
2608 3300 2944 3351 curationem
2997 3294 3213 3363 diﬂert;
3254 3306 3438 3364 atque,
3484 3310 3541 3349 ut
3588 3297 3663 3350 ita

411 3363 614 3427 dicam,
646 3372 805 3436 curat
836 3379 930 3436 eos
955 3364 1081 3418 dum
1123 3380 1229 3418 non
1270 3363 1465 3431 curat,
1519 3363 1772 3436 quoniam
1813 3364 1884 3436 ita
1935 3366 2072 3435 ipsis
2100 3364 2336 3436 expedit.
2378 3364 2508 3436 cum
2554 3381 2684 3436 ergo
2735 3367 2940 3436 videret
2986 3365 3239 3436 Salvator
3284 3363 3383 3421 eos
3412 3368 3503 3433 qui
3535 3366 3667 3427 foris

410 3442 561 3498 sunt,
587 3435 746 3503 etde
770 3433 967 3500 quibus
996 3449 1139 3487 nunc
1181 3448 1359 3489 sermo
1386 3447 1509 3498 est,
1545 3435 1597 3486 in
1630 3433 1994 3489 conversione
2025 3451 2131 3489 non
2175 3434 2293 3490 fore
2325 3434 2551 3489 stabiles
2578 3433 2640 3489 εἴ
2669 3436 2830 3490 verba
2863 3433 2980 3503 ejus
3023 3435 3365 3490 manifestius
3393 3436 3666 3502 audirent,

408 3502 705 3574 verisimile
740 3512 824 3557 est
851 3503 920 3555 ita
948 3518 1072 3557 cum
1105 3503 1213 3558 illis
1240 3506 1415 3574 egisse
1447 3504 1726 3559 Dominum
1754 3514 1811 3557 ut
1841 3504 2039 3557 altiora
2071 3520 2177 3558 non
2204 3512 2394 3571 aperte
2429 3504 2813 3573 intelligerent,
2862 3520 2929 3558 ne
2962 3504 3100 3559 forte
3148 3506 3378 3560 celerius
3402 3506 3674 3569 conversi,

407 3587 462 3628 et
486 3573 641 3626 venia
677 3582 1280 3643 peccatorunraccepta
1307 3575 1481 3629 sanati
1513 3614 1528 3639 ,
1576 3575 1831 3627 vitiorum
1881 3574 2107 3628 vulnera
2134 3573 2289 3643 quasi
2333 3584 2529 3628 curatu
2570 3575 2829 3628 facillima
2857 3584 3274 3629 contemnerent
3322 3584 3377 3627 et
3430 3574 3591 3627 citius
3619 3575 3672 3627 in

407 3643 595 3697 eadem
629 3642 956 3696 reciderent.
995 3641 1267 3697 Fortassis
1322 3646 1487 3698 etiam
1526 3644 1888 3711 praestitutum
1933 3646 2012 3698 eis
2065 3641 2404 3697 ad_eluenda
2437 3658 2557 3708 quae
2606 3644 2865 3698 derelicta
2901 3645 3102 3697 virtute
3126 3647 3282 3711 prius
3336 3644 3673 3697 admiserant

406 3722 657 3781 peccata,
694 3720 904 3782 tempus
938 3712 1176 3782 nondum
1215 3714 1590 3782 expleverant.
1652 3713 1847 3766 Divina
1897 3714 2099 3781 quippe
2138 3714 2257 3767 illos
2293 3712 2659 3781 dereliquerat
2695 3729 2825 3767 cura
2879 3723 2937 3766 ut
2964 3714 3205 3782 propriis
3232 3728 3351 3782 quae
3382 3722 3665 3781 perpetra-

410 3792 605 3833 verant
632 3780 789 3851 malis
819 3781 1027 3845 satiati,
1063 3780 1370 3837 tandem’ad
1401 3784 1695 3837 firmiorem
1725 3782 2105 3851 paenitentiam
2141 3780 2497 3847 vocarentur,
2532 3797 2629 3837 nec
2660 3783 2819 3837 facile
2844 3780 3025 3851 postea
3057 3780 3109 3836 in
3144 3780 3324 3850 priora
3361 3783 3671 3837 reciderent

407 3858 631 3918 peccata
664 3849 865 3917 quibus
903 3851 1209 3921 honestatis
1257 3853 1570 3918 dignitatem
1601 3849 1959 3920 corruperant
1986 3863 2045 3905 et
2094 3852 2431 3919 improbitati
2486 3866 2607 3907 sese
2648 3849 2932 3907 dederant.
2994 3852 3096 3917 Qui
3127 3849 3261 3921 ergo
3313 3867 3432 3906 cum
3464 3852 3528 3905 iis
3575 3852 3670 3920 qui

410 3920 560 3990 intus
588 3928 721 3972 sunt
746 3921 1070 3990 comparati,
1105 3918 1240 3973 foris
1263 3936 1387 3975 esse
1417 3921 1673 3974 dicuntur
1702 3918 1803 3974 nec
1844 3922 2005 3987 longe
2042 3921 2109 3975 ab
2144 3918 2208 3976 iis
2238 3921 2327 3989 qui
2362 3922 2510 3975 intus
2557 3930 2681 3974 sunt
2714 3922 2960 3986 distant,
3016 3923 3051 3976 ii
3080 3962 3096 3987 ,
3137 3918 3261 3975 dum
3289 3922 3341 3976 hi
3392 3923 3484 3990 qui
3530 3918 3673 3974 intus

409 3987 555 4060 sunt
596 3998 781 4060 aperte
814 3989 1063 4060 audiunt,
1090 3990 1322 4060 obscure
1361 3991 1589 4060 audiunt
1632 3991 1857 4043 verbum
1894 4030 1907 4049 ,
1965 4000 2151 4058 utpote
2181 3987 2840 4060 parabolis-involutum:
2891 3991 3118 4045 audiunt
3147 4000 3358 4057 tamen;
3396 3987 3487 4045 alii
3539 4006 3671 4043 vero
3744 3992 3751 3995 ’

410 4073 480 4113 ex
524 4058 591 4129 iis
621 4058 711 4129 qui
745 4057 876 4112 foris
901 4067 1025 4109 sunt
1059 4096 1073 4129 ,
1110 4058 1256 4129 Tyrii
1293 4058 1546 4127 appellati
1577 4099 1592 4123 ,
1650 4057 2038 4127 pramoscente
2070 4057 2197 4115 licet
2232 4060 2515 4114 Salvatore
2553 4076 2649 4114 eos
2676 4060 2803 4114 oliui
2834 4062 2886 4115 in
2925 4076 3087 4115 sacco
3113 4069 3166 4113 et
3196 4062 3377 4116 cinere
3423 4062 3671 4129 jacentes

405 4127 782 4199 paenitentiam
806 4138 1029 4199 acturos
1045 4127 1241 4199 fuisse,
1263 4130 1307 4182 si
1334 4129 1399 4181 ad
1423 4142 1609 4199 eerum
1641 4129 1776 4199 fines
1809 4129 2148 4191 accessisset,
2187 4144 2361 4197 neque
2388 4146 2449 4184 ea
2480 4130 2710 4185 audiunt
2738 4146 2857 4199 quae
2892 4132 2926 4184 ii
2959 4132 3049 4199 qui
3082 4132 3216 4185 foris
3239 4142 3387 4190 sunt.
3414 4127 3664 4199 propter-

405 4196 469 4250 ea
518 4197 781 4269 quod_,ut
806 4197 1109 4269 verisimile
1133 4208 1237 4269 est,
1271 4200 1435 4269 etiam
1462 4197 1620 4269 longe
1647 4196 1787 4250 infra
1817 4201 2074 4252 horumce
2099 4196 2419 4269 dignitatem
2444 4210 2604 4255 erant
2629 4237 2643 4263 ,
2699 4196 2768 4252 ut'
2798 4200 2902 4254 alio
2933 4196 3177 4268 tempore
3216 4196 3503 4268 postquam
3520 4196 3668 4252 tole-

406 4269 635 4339 rabilius
664 4267 770 4339 illis
796 4266 987 4331 fuerit,
1012 4282 1171 4339 quam
1198 4266 1266 4322 iis
1298 4266 1641 4339 quieverbum
1674 4283 1777 4321 non
1812 4269 2137 4339 receperint,
2158 4266 2300 4323 inter
2323 4284 2458 4336 quos
2491 4280 2545 4323 et
2568 4269 2854 4337 Tyriorum
2900 4266 3142 4323 meminit
3169 4309 3184 4336 ,
3214 4266 3269 4323 et
3301 4266 3658 4339 opportunius

406 4338 634 4407 audiant
659 4344 710 4390 et
736 4337 947 4391 firmius
980 4337 1329 4407 resipiscam.
1378 4337 1483 4392 Sed
1516 4339 1634 4392 vide
1674 4353 1854 4392 annon
1896 4337 2071 4407 magis
2099 4340 2265 4392 etiam
2314 4348 2513 4407 prazter
2547 4339 2889 4406 disquirendi
2928 4340 3164 4393 studium
3196 4378 3209 4402 ,
3253 4337 3509 4407 pietatem
3541 4352 3668 4405 erga

406 4406 577 4476 Deum
600 4416 657 4461 et
687 4407 970 4461 Christum
995 4405 1111 4473 ejus
1141 4408 1194 4461 in
1223 4409 1475 4463 omnibus
1504 4422 1721 4461 servare
1744 4405 2025 4469 conemur,
2089 4422 2213 4461 cum
2253 4405 2351 4476 pro
2380 4409 2523 4461 virili
2554 4405 2710 4476 parte
2747 4449 2762 4469 ,
2799 4416 2859 4462 ut
2890 4409 2942 4461 in
2974 4409 3140 4462 tantis
3185 4405 3487 4462 etlalibus
3519 4422 3667 4474 qure-

404 4475 693 4546 stionibus,
711 4478 944 4543 probare
963 4477 1341 4532 contendimus
1375 4478 1540 4532 Deum
1578 4477 1871 4531 immortali
1901 4479 2095 4530 animte
2132 4475 2301 4531 variis
2333 4479 2507 4531 modis
2542 4475 2848 4546 providere.
2902 4478 2957 4531 Si
3002 4479 3124 4545 quis
3154 4478 3316 4546 igitur
3360 4479 3427 4532 de
3472 4478 3538 4530 iis
3572 4476 3665 4544 qui

404 4544 783 4617 vituperantur
815 4555 1022 4617 quierat
1052 4561 1151 4599 cur
1203 4548 1443 4617 videntes
1471 4547 1716 4617 prodigia
1753 4559 1807 4601 et
1852 4547 2092 4601 divinum
2131 4561 2439 4617 sermonem
2497 4544 2782 4617 audientes
2835 4544 3303 4601 nihilo’meliores
3338 4548 3471 4599 fiant
3496 4585 3510 4609 ,
3542 4561 3665 4617 cum

406 4612 558 4685 Tyrii
588 4612 963 4685 paenitentiam
999 4617 1172 4668 acturi
1206 4612 1543 4681 fuissentfsi
1572 4612 1700 4669 talia
1732 4618 1871 4685 apud
1902 4619 2044 4684 ipsos
2078 4617 2222 4671 dicta
2254 4626 2307 4670 et
2340 4614 2479 4670 facta
2505 4615 2777 4681 fuissent;
2808 4617 2853 4669 si
2884 4617 3030 4684 quis,
3061 4617 3279 4684 inquam
3308 4654 3323 4678 ,
3352 4626 3558 4683 (illatrat
3584 4615 3668 4667 bis

407 4683 592 4755 verbis
619 4700 633 4736 :
663 4682 773 4755 C_ur
796 4685 873 4737 eis
906 4683 966 4755 ine
992 4685 1286 4755 perniciem
1319 4688 1555 4755 ipsorum
1586 4682 2182 4754 praedicavit'Salvator
2210 4696 2270 4739 ut
2294 4686 2516 4753 gravius
2563 4686 2695 4752 ipsis
2739 4682 3022 4755 peccatum
3056 4682 3400 4755 imputetur?
3440 4698 3667 4751 respon—

405 4751 653 4824 debimus
686 4751 852 4824 Deum
880 4752 967 4820 qui
997 4754 1148 4824 novit
1184 4751 1456 4822 quomodo
1484 4751 1659 4809 affecti
1687 4756 1800 4809 sint
1824 4756 1857 4808 ii
1882 4770 2070 4809 omnes
2098 4758 2189 4823 qui
2222 4751 2617 4824 providentiam
2640 4751 2791 4810 suain
2816 4751 3201 4821 criminantur,
3231 4754 3384 4822 quasi
3418 4768 3515 4823 per
3539 4766 3659 4806 eam

404 4822 621 4895 steterit
646 4822 940 4895 quominus
966 4823 1297 4895 crederent,
1351 4824 1550 4893 quippe
1606 4840 1728 4892 qua:
1752 4838 1887 4895 _non
1926 4822 2136 4895 dederit.
2170 4822 2300 4895 ipsis
2332 4824 2517 4877 videre
2550 4840 2672 4893 quae
2718 4825 2842 4880 aliis
2874 4828 3168 4893 Spectanda
3202 4822 3447 4895 praebuit,
3484 4836 3661 4895 neque

404 4890 483 4943 sic
512 4903 607 4944 eos
638 4892 969 4962 disposuerit
1000 4900 1058 4944 ut
1084 4894 1334 4946 audirent
1363 4890 1637 4962 quaeaut;
1662 4893 1903 4948 audiisse
1931 4894 2133 4962 profuit
2169 4890 2206 4959 ,⁷
2227 4894 2371 4961 justa
2399 4908 2492 4947 eos
2522 4890 2625 4947 non
2659 4895 2737 4947 uti
2783 4890 3137 4948 excusatione
3164 4890 3455 4948 ostendere
3483 4892 3667 4962 volen—

401 4967 636 5032 tem,_ea
659 4960 935 5032 darequae
969 4963 1325 5032 providentia:
1352 4960 1462 5017 sua:
1501 4973 1851 5018 accusatores
1881 4960 2153 5031 petierant
2179 5005 2193 5029 ,
2232 4960 2312 5017 fut
2350 4962 2414 5016 iis
2442 4964 2679 5032 acceptis
2705 4963 3059 5017 nihilominus
3108 4978 3335 5017 sunnna:
3370 4961 3665 5032 impietatis

403 5029 642 5102 eonvicti
671 5030 827 5102 quod
866 5029 1009 5102 nihil
1048 5032 1171 5084 inde
1226 5033 1481 5086 utilitatis
1524 5029 1903 5102 perceperint,
1958 5034 2230 5100 deponant
2281 5033 2542 5102 ejusmodi
2576 5029 2855 5087 audaciam
2890 5074 2903 5095 ,
2952 5033 3141 5100 sicque
3185 5032 3401 5087 liberati
3448 5029 3666 5084 discant

404 5097 578 5171 Deum
607 5099 661 5153 in
689 5097 1044 5171 conferendis
1076 5103 1357 5171 beneficiis
1388 5097 1633 5156 cunctari
1679 5097 2068 5171 nonnunquam
2115 5112 2170 5157 ct
2214 5097 2415 5155 morari
2445 5140 2457 5162 ,
2496 5116 2594 5157 nec
2622 5120 2683 5156 ea
2719 5102 2956 5157 videnda
2993 5097 3344 5157 et'audienda
3391 5103 3664 5169 praebere,

402 5170 607 5236 quibus
633 5178 687 5223 et
716 5168 848 5223 visis
876 5178 931 5222 et
960 5170 1160 5225 auditis
1191 5174 1411 5241 gravior
1440 5187 1628 5226 eorum
1663 5173 1819 5239 culpa
1857 5168 2118 5240 arguatur
2154 5188 2292 5241 quos
2323 5181 2400 5226 tot
2430 5186 2493 5226 ac
2527 5182 2675 5225 tanta
2704 5174 2773 5226 ad
2814 5173 2972 5225 ﬁdem
3007 5188 3113 5226 non
3144 5168 3494 5226 adduxerim.

400 5298 533 5338 vero
563 5283 713 5339 deest
747 5302 765 5335 ι
815 5282 931 5351 Dei,
972 5304 991 5337 ι
1028 5294 1106 5349 et,
1143 5305 1161 5338 ι
1194 5294 1537 5343 testamento.
1588 5308 1607 5340 ι
1645 5288 1787 5341 Infra
1823 5304 1975 5353 mss.,
2007 5292 2048 5350 C
2085 5290 2211 5341 dum
2238 5302 2343 5341 non
2371 5285 2544 5340 solum
2576 5298 2799 5355 peccata
2840 5301 2959 5354 qua:
2994 5286 3195 5341 remitti
3224 5286 3337 5340 visa
3379 5284 3599 5339 fuerint.
3641 5303 3660 5336 ι

410 5372 429 5403 ι
466 5355 799 5427 praevidebat
823 5370 918 5409 eos
941 5356 1179 5410 nondum
1214 5367 1369 5427 aptos
1402 5374 1540 5413 esse.
1574 5376 1591 5409 ι
1623 5356 1776 5413 Libb.
1799 5359 1978 5424 editi.,
2083 5358 2250 5412 Paulo
2281 5367 2403 5427 post
2428 5371 2615 5427 mss.,,
2638 5373 2657 5405 ι
2679 5366 2733 5409 et
2759 5358 2902 5423 quod
2948 5372 3184 5425 unquam
3235 5355 3433 5427 talibus
3490 5369 3665 5427 reme-

409 5442 428 5473 ι
467 5424 795 5491 praevidebat
826 5428 1063 5481 nondum
1103 5424 1276 5494 aptos.
1320 5446 1338 5479 ι
1391 5428 1596 5482 Ibidem
1635 5444 1791 5492 mss.,
1831 5444 1849 5477 ι
1906 5429 1982 5479 t'a-

2106 5430 2249 5480 lium.
2281 5424 2307 5478 ἰ
2350 5426 2506 5479 Libb.
2535 5426 2662 5481 editi
2690 5467 2705 5492 ,
2759 5443 2778 5476 ι
2808 5436 2863 5480 et
2894 5424 3342 5494 quod’nunquam
3371 5425 3425 5477 in
3464 5424 3665 5480 talibus

405 5495 510 5545 cile
540 5496 736 5549 iterum
774 5496 825 5549 in
860 5498 1107 5549 eumdem
1137 5498 1441 5552 reciderent
1472 5499 1744 5550 morbum.
1780 5516 1796 5547 ›
1825 5496 1976 5550 Libb.
2088 5498 2414 5551 remedium.
2452 5513 2471 5549 ι

406 5564 560 5637 editi,
599 5582 618 5616 ι
657 5577 843 5620 aversa
894 5564 1032 5620 facie
1068 5565 1265 5621 iterum
1301 5568 1352 5620 in
1384 5568 1636 5623 eumdem
1679 5567 1984 5622 reciderent

2159 5567 2269 5635 ((58)
2312 5565 2471 5637 Libb.
2504 5565 2655 5637 editi,
2685 5567 2841 5637 εἴπερ
2890 5567 3115 5637 ἑαυτοὺς
3165 5566 3445 5637 χαλεποῖς,
3494 5564 3666 5637 Paulo
3729 5607 3751 5631 ,

408 5634 738 5707 malave},
930 5706 991 5707 _
1672 5667 1685 5679 -
1860 5706 1865 5707 ,

2106 5632 2206 5707 tost
2237 5632 2393 5707 mss.,
2422 5634 2481 5686 οὐ
2512 5632 2899 5707 φυλαττόμενοι
2930 5636 3023 5686 τοῦ
3056 5632 3392 5703 περιπεσεῖν.
3425 5636 3479 5689 In
3504 5632 3667 5687 editis

481 5701 593 5770 (67)
634 5702 707 5757 Ita
745 5719 872 5761 mss.
917 5706 1085 5775 Alias,
1121 5726 1138 5759 ι
1166 5708 1217 5763 in
1246 5708 1345 5764 alia
1379 5720 1665 5781 augmenta
1694 5706 1981 5773 cumulari,
2088 5701 2238 5762 deest
2268 5705 2381 5759 τοῦ.
