4014 6142
359 327 466 387 287
1601 321 1921 385 ORlGENlS

2052 324 2119 376 Pl
2152 320 2382 374 ΔΡΧΩΝ
2777 319 2784 326 ’
3503 315 3609 370 288

361 444 494 502 facti
527 445 661 516 ipsa’
695 446 1066 516 prodigiorum
1127 442 1324 496 virtute
1373 440 1755 505 crediderint;
1814 440 2005 496 volens
2045 454 2275 508 arguere
2321 435 2636 493 occasiones
2700 435 3070 504 hujuscemodi
3113 433 3452 504 querelarum
3489 473 3502 496 ,
3557 443 3613 486 et

357 540 652 594 ostendere
672 539 798 608 quia
825 553 932 591 non
957 536 1316 590 dissimulatio
1339 534 1532 588 divinae
1559 534 1933 601 providentiae,
1986 536 2080 588 sed
2113 533 2365 584 humana:
2407 531 2610 585 mentis
2637 529 2918 584 arbitrium
2956 543 3116 582 causa
3147 527 3250 582 sibi
3291 527 3610 595 perditionis

362 627 712 700 exsistit(74)
740 669 754 692 ,
803 623 1058 692 contulit]
1086 623 1251 678 etiam
1295 623 1532 692 indignis
1578 633 1626 677 et
1665 622 1960 676 incredulis
2021 620 2249 690 gratiam
2298 619 2710 674 benefactorum
2771 633 3016 682 suorum,
3075 627 3135 671 ut
3177 633 3304 700 vere
3334 632 3496 672 omne
3547 633 3612 671 os

371 721 1052 782 obstruatur,.tolumque
1100 731 1130 768 a
1189 728 1247 770 se
1289 723 1343 768 et
1391 715 1522 768 nihil
1576 729 1603 766 a
1655 714 1763 766 Deo
1808 713 1998 767 deesse
2050 714 2152 766 sibi
2197 728 2348 766 mens
2385 712 2620 766 humana
2654 718 2982 779 cognoscat;
3031 709 3188 763 simul
3227 706 3283 762 et
3329 709 3454 777 quia
3491 721 3613 777 gra-

363 812 484 864 vius
533 809 926 864 condemnatur
980 806 1026 858 is
1078 805 1170 872 qui
1221 806 1403 860 divina
1470 803 1726 858 beneficia
1771 804 1874 858 sibi
1929 803 2128 857 collata
2179 805 2538 871 contempsit,
2600 819 2762 872 quam
2821 802 2909 857 ille
2962 801 3051 870 qui
3103 803 3358 870 consequi
3412 815 3472 853 ea
3523 800 3612 853 vel

363 900 550 955 audire
586 899 714 962 [non
775 895 1013 958 meruit,
1077 895 1341 964 intelligat
1405 903 1459 948 et
1525 903 1782 962 agnoscat
1845 895 2234 948 misericordiae
2287 909 2406 949 esse
2467 895 2660 949 divinae
2727 905 2781 948 et
2835 895 3160 963 aequissima:
3218 893 3334 960 ejus
3395 893 3614 961 dispen-

362 989 587 1042 sationis
629 987 740 1058 (75)
783 985 946 1040 etiam
991 987 1092 1041 hoc
1130 987 1304 1053 ipsutu
1352 987 1496 1054 quod
1560 987 1832 1040 interdum
1895 989 2204 1049 dissimulat
2240 990 2513 1058 aliquibus
2551 999 2808 1056 prmslare
2836 995 2895 1041 ttt
2941 987 3024 1040 vel
3069 986 3328 1050 videant,
3373 986 3456 1039 vel
3509 1000 3604 1037 au-

361 1081 514 1134 diant
542 1079 756 1132 virtutis
795 1077 992 1130 divina:
1034 1077 1194 1146 129
1231 1077 1511 1148 mysteria,
1542 1093 1609 1132 ne
1643 1078 1921 1146 signorum
1971 1080 2268 1135 virtutibus
2289 1082 2442 1144 visis,
2470 1091 2524 1134 et
2551 1080 2831 1149 sapientiae
2859 1077 2976 1146 ejus
3004 1078 3276 1148 mysteriis
3311 1077 3508 1147 agnitis
3543 1089 3597 1130 et

360 1170 581 1233 auditis,
629 1169 673 1223 si
701 1170 1131 1236 contempserint
1181 1177 1346 1236 atque
1383 1169 1762 1236 neglexerint,
1815 1170 2064 1236 graviore
2099 1171 2396 1238 impietatis
2440 1171 2916 1225 animadversione
2964 1171 3282 1224 multentur.

434 1261 522 1316 18.
554 1260 844 1315 Videamus
891 1277 1035 1315 nunc
1090 1271 1143 1315 et
1173 1263 1239 1314 de
1272 1277 1335 1315 eo
1370 1263 1514 1330 quod
1564 1264 1770 1315 dictum
1803 1273 1886 1316 est
1915 1277 1930 1316 :
1963 1270 2005 1324 Α

370 1369 390 1403 ι
431 1351 544 1405 Νοη
583 1350 834 1413 volentis,
871 1365 1045 1419 neque
1072 1353 1345 1403 currentis
1380 1353 1471 1404 sed
1515 1351 1823 1404 miserentis
1852 1363 1936 1405 est

365 1442 459 1496 Dei
486 1442 549 1494 ‘9.
592 1459 610 1490 ι
638 1439 807 1492 Aiunt
835 1439 979 1492 enim
1013 1439 1066 1492 bi
1104 1438 1197 1506 qui
1229 1454 1259 1491 e
1293 1440 1510 1493 diverso
1538 1450 1702 1493 sunt:
1736 1440 1792 1494 Si
1830 1456 1936 1493 non

362 1543 447 1586 est
470 1531 704 1584 volentis
737 1544 910 1597 neque
940 1529 1249 1592 currentis,
1282 1529 1373 1582 sed
1416 1528 1570 1595 cujus
1604 1531 1745 1584 Deus
1773 1532 1938 1584 mise-

367 1631 516 1675 retur
539 1619 652 1690 (76)
681 1659 696 1684 ,
734 1619 778 1672 is
818 1619 1056 1673 salvatur
1081 1659 1094 1683 ,
1129 1635 1235 1672 non
1265 1630 1349 1674 est
1383 1620 1436 1673 in
1471 1622 1628 1675 nobis
1675 1631 1733 1676 ut
1763 1623 1940 1676 salve-

365 1726 509 1765 mur.
543 1691 653 1762 'Aut
705 1709 848 1764 enim
895 1719 1087 1762 natura
1125 1720 1309 1764 nostra
1349 1712 1473 1766 talis
1501 1723 1667 1767 estut
1708 1715 1792 1767 vel
1831 1714 1940 1768 sal-

366 1802 482 1854 vari
525 1802 798 1871 possimus
824 1802 905 1856 vel
941 1815 1045 1854 non
1073 1801 1311 1867 salvari;
1341 1812 1432 1857 aut
1475 1816 1622 1860 certe
1671 1807 1720 1859 iit
1753 1808 1942 1859 volun-

371 1902 484 1947 tate
519 1892 630 1946 sola
664 1902 751 1947 est
784 1894 899 1962 ejus
925 1895 1054 1963 qui,
1085 1894 1130 1948 si
1161 1895 1306 1958 vult,
1337 1896 1628 1950 miseretur
1657 1905 1712 1950 et
1745 1896 1937 1951 salvat.

365 1984 411 2036 A
437 1984 632 2052 quibus
660 1983 835 2052 primo
864 1986 966 2039 hoc
997 1985 1357 2052 inquirimus:
1385 1985 1532 2040 Velle
1557 1988 1720 2052 bona,
1745 1988 1940 2041 bonum

368 2083 453 2126 est
500 2082 594 2126 aut
628 2073 872 2126 malum?
901 2074 965 2128 Et
995 2087 1306 2131 currentem
1343 2076 1608 2138 festinare
1649 2089 1709 2134 ut
1749 2093 1942 2148 perve-

368 2170 482 2223 niat
516 2169 584 2223 ad
613 2169 774 2224 linem
810 2168 973 2234 boni,
1023 2186 1091 2225 an
1148 2173 1421 2230 laudabile
1468 2177 1594 2230 est?
1623 2175 1678 2230 Si
1717 2177 1936 2244 quidem

370 2261 604 2313 dixerint
633 2261 777 2329 quod
807 2261 1076 2330 culpabile
1120 2263 1214 2329 sit,
1243 2275 1430 2331 aperte
1481 2266 1791 2320 insanient:
1827 2282 1943 2320 ont-

371 2367 468 2405 nes
496 2351 641 2405 enim
671 2354 844 2406 sancti
874 2362 928 2407 et
958 2354 1148 2409 volunt
1169 2355 1308 2408 bona
1341 2365 1395 2409 et
1426 2367 1656 2411 currunt
1689 2358 1752 2410 ad
1778 2359 1940 2424 bona,

374 2452 429 2496 et
461 2442 644 2510 utique
679 2443 978 2512 culpabiles
1012 2459 1119 2497 non
1163 2457 1312 2498 sunt.
1345 2444 1628 2510 Quomodo
1661 2462 1792 2516 ergo
1823 2448 1867 2501 si
1899 2449 1944 2500 is

376 2533 466 2602 qui
497 2550 604 2588 non
642 2537 882 2588 salvatur
935 2535 1092 2589 malae
1151 2543 1357 2589 natura:
1387 2547 1470 2590 θηι
1499 2578 1514 2603 ,
1547 2539 1658 2591 vult
1705 2540 1840 2594 bona
1889 2549 1944 2594 et

373 2627 547 2678 currit
571 2626 640 2679 ad
669 2627 832 2690 bona,
861 2627 959 2681 sed
995 2643 1100 2680 non
1135 2628 1341 2680 invenit
1375 2628 1553 2681 bona?
1602 2631 1768 2682 Aiunt
1797 2633 1940 2686 enim

369 2716 499 2785 quia
528 2717 690 2770 arbor
738 2717 873 2770 tnala
903 2717 1112 2772 fructus
1163 2721 1332 2774 bonos
1373 2737 1476 2773 non
1519 2719 1676 2774 affert
1713 2739 1726 2774 :
1762 2722 1941 2778 bonus

369 2807 572 2862 etenim
617 2806 827 2862 fructus
865 2815 951 2862 est
998 2809 1138 2864 velle
1181 2811 1343 2865 bona.
1388 2810 1455 2864 Et
1481 2812 1757 2880 quomodo
1787 2813 1942 2867 malae

374 2896 591 2950 arboris
642 2894 853 2952 fructus
903 2907 988 2953 est
1030 2899 1252 2954 bonus?
1281 2899 1432 2965 Quod
1476 2900 1522 2954 si
1556 2901 1793 2956 dixerint
1817 2903 1943 2971 quia

373 2986 610 3040 medium
652 2997 734 3040 est
763 2988 899 3042 veJle
941 2989 1080 3042 bona
1115 2998 1169 3043 et
1205 3006 1426 3045 currere
1467 2993 1534 3045 ad
1561 2993 1725 3056 bona,
1763 2994 1814 3046 id
1861 3003 1944 3047 est

373 3093 552 3149 neque
600 3079 799 3134 bonum
849 3096 1024 3150 neque
1058 3083 1293 3149 malum;
1333 3084 1577 3138 dicemus
1608 3085 1675 3139 ad
1705 3100 1798 3140 eos
1840 3103 1853 3139 :
1889 3085 1947 3139 Si

376 3173 615 3226 medium
664 3183 748 3228 est
775 3173 911 3228 velle
959 3179 1098 3229 bona
1142 3176 1252 3246 (77)
1305 3185 1361 3230 et
1412 3193 1635 3234 currere
1672 3181 1737 3233 ad
1779 3179 1945 3243 bona,

374 3278 507 3333 ergo
538 3274 592 3319 et
619 3265 670 3319 id
699 3268 840 3335 quod
873 3266 957 3321 his
997 3270 1335 3323 contrarium
1377 3278 1459 3323 est
1483 3308 1499 3329 .
1545 3271 1776 3324 medium
1819 3271 1948 3336 erit,

2111 1267 2338 1336 Ἴδωμεν
2365 1264 2456 1319 οὖν
2487 1268 2579 1319 καὶ
2602 1267 2728 1335 περὶ
2756 1265 2869 1331 τοῦ,
2914 1285 2932 1316 ι
2965 1265 3084 1335 Ἆρ’
3113 1260 3204 1317 οὖν
3237 1265 3297 1316 ού
3325 1265 3416 1317 τοῦ
3443 1264 3621 1319 θέλον-

2043 1375 2132 1419 τος
2159 1358 2280 1409 οὐδὲ
2314 1357 2405 1409 τοῦ
2445 1358 2760 1428 τρέχοντος,
2795 1355 2929 1410 ἀλλὰ
2964 1355 3056 1408 τοῦ
3089 1355 3362 1417 ἐλεοῦντος
3394 1356 3548 1409 Θεοῦ.
3596 1377 3612 1407 ι

2043 1451 2105 1502 Οἱ
2137 1449 2242 1518 γὰρ
2270 1449 2761 1518 ἐπιλαμϐανόμενοι
2807 1447 2966 1514 φασίν
2987 1464 3000 1478 ·
3037 1447 3098 1497 El
3240 1445 3332 1497 τοῦ
3357 1446 3616 1509 Θέλοντος,

2042 1539 2160 1593 οὐδὲ
2192 1539 2284 1592 τοῦ
2313 1540 2616 1608 τρέχοντος,
2651 1537 2782 1591 ἀλλὰ
2811 1537 2904 1589 τοῦ
2937 1535 3212 1598 ἐλεοῦντος
3247 1536 3402 1599 Θεοῦ,
3431 1539 3529 1589 ούκ
3557 1538 3622 1590 ἐκ

2043 1630 2134 1683 τοῦ
2187 1633 2270 1698 ἐφ’
2310 1633 2442 1699 ἡμῖν
2477 1631 2537 1680 τὸ
2585 1628 2882 1692 σώζεσθαι,
2911 1628 3024 1681 ἀλλ’
3055 1631 3117 1680 ἐκ
3149 1629 3492 1698 κατασκευῆς
3520 1627 3620 1696 τῆς

2043 1723 2150 1774 ἀπὸ
2196 1722 2288 1773 τοῦ
2336 1721 2572 1774 τοιούσδε
2617 1715 3120 1783 κατασκευάσαντος
3159 1721 3558 1790 γεγενημένης,
3586 1720 3619 1788 ῆ

2045 1813 2108 1863 ὲκ
2141 1812 2508 1882 προαιρέσεως
2537 1810 2631 1863 τοῦ
2659 1813 2744 1863 ὅτε
2775 1809 3017 1879 βούλεται
3047 1809 3350 1872 ὲλεοῦντοςσ
3387 1810 3514 1880 παρ’
3545 1803 3622 1862 ὧν

2041 1902 2200 1956 τοῦτο
2229 1903 2520 1956 πευστέον’
2560 1903 2631 1954 Τὸ
2666 1901 2838 1954 θέλειν
2890 1902 2956 1954 τὰ
3009 1901 3148 1954 καλὰ
3169 1942 3183 1965 ,
3219 1901 3379 1954 καλόν
3408 1904 3552 1955 ἐστιν
3588 1902 3622 1972 ἧ

2045 1994 2279 2064 φαῦλον;
2308 1995 2416 2047 Καὶ
2439 1995 2500 2046 τὸ
2528 1993 2738 2066 τρέχειν
2763 1994 3078 2065 βουλόμενον
3109 1997 3291 2064 τυχεῖν
3320 1992 3414 2046 τοῦ
3439 1994 3625 2055 τέλους

2045 2089 2102 2140 ὲν
2135 2086 2211 2156 τῷ
2241 2085 2493 2138 σπεύδειν
2526 2087 2618 2139 ἐπὶ
2650 2087 2716 2139 τὰ
2751 2086 2889 2138 καλὰ
2915 2126 2929 2150 ,
2965 2086 3246 2139 ἐπαινετόν
3291 2086 3493 2155 ἐστινῆ
3524 2085 3623 2153 ψε-

2045 2179 2168 2231 κτὸν
2193 2195 2206 2242 ;
2258 2177 2380 2229 Εἴτε
2407 2179 2515 2248 γὰρ
2544 2177 2726 2248 ἐροῦσι
2758 2177 2955 2246 ψεκτὸν
2979 2217 2992 2240 ,
3029 2177 3178 2248 παρὰ
3203 2177 3299 2248 τὴν
3331 2177 3622 2246 ἐνάργειαν

2045 2266 2496 2337 ἀποκρινοῦνται,
2526 2267 2633 2319 τῶν
2672 2268 2837 2336 ἁγίων
2876 2268 3132 2321 θελόντων
3174 2269 3263 2321 ταὶ
3301 2267 3622 2338 τρεχόντων,

2046 2360 2140 2411 καὶ
2168 2359 2410 2428 δηλονότι
2445 2359 2556 2430 (78)
2601 2360 2699 2412 οὐκ
2743 2362 2799 2412 ὲν
2850 2360 3022 2432 τούτῳ
3067 2359 3266 2429 ψεκτὸν
3307 2360 3620 2411 ποιούντων.

2047 2447 2171 2500 Εἴτε
2202 2449 2414 2518 ἐροῦσιν
2446 2451 2526 2502 ὅτι
2553 2449 2713 2502 καλὸν
2742 2449 2802 2502 τὸ
2829 2449 3000 2503 θέλειν
3025 2451 3092 2503 τὰ
3121 2451 3278 2514 καλὰ,
3299 2453 3391 2505 καὶ
3422 2451 3481 2503 τὸ
3511 2451 3628 2522 τρὲο

2047 2555 2161 2608 χειν
2203 2539 2296 2590 ἐπὶ
2348 2540 2416 2593 τὰ
2463 2539 2634 2602 καλὰ,
2685 2539 2996 2608 πευσόμεθα
3041 2541 3158 2603 πῶς
3205 2543 3235 2612 ἡ
3283 2537 3625 2611 ἀπολλυμένη

2049 2630 2210 2698 φύσις
2231 2629 2374 2682 θέλει
2389 2629 2457 2682 τὰ
2482 2630 2764 2698 κρείττονα
2783 2645 2795 2657 ’
2822 2631 2982 2682 οἱονεὶ
3013 2630 3120 2700 γὰρ
3151 2631 3362 2702 δένδρον
3392 2631 3627 2702 πονηρὸν

2047 2722 2292 2792 καρποὺς
2339 2719 2576 2787 ἀγαθοὺς
2616 2720 2804 2791 φέρει,
2853 2722 2966 2788 εἴγε
3027 2721 3189 2775 καλὸν
3230 2721 3289 2774 τὸ
3338 2721 3510 2774 θέλειν
3561 2721 3628 2774 τὰ

2046 2813 2348 2885 κρείττονα.
2380 2813 2573 2884 Τρίτον
2612 2811 2667 2863 δὲ
2702 2813 2915 2882 ἐροῦσιν
2949 2813 3029 2865 ὅτι
3064 2813 3168 2866 τῶν
3215 2813 3394 2884 μέσων
3428 2815 3544 2867 ἐστὶ
3570 2816 3631 2868 τὸ

2048 2902 2220 2956 Θέλειν
2269 2901 2336 2954 τὰ
2385 2901 2556 2964 καλὰ,
2605 2902 2697 2953 καὶ
2739 2901 2799 2952 τὸ
2839 2902 3052 2971 τρέχειν
3097 2903 3190 2955 ἐπὶ
3227 2903 3294 2955 τὰ
3337 2903 3507 2968 καλὰ,
3539 2905 3632 2959 καὶ

2049 2992 2173 3046 οὔτε
2203 2995 2415 3046 ἀστεῖον
2443 2989 2566 3043 οὔτε
2600 2991 2828 3057 φαῦλον·
2853 2991 3070 3044 λεκτέον
3094 2992 3149 3044 δὲ
3180 2993 3313 3063 πρὸς
3336 2993 3514 3057 τοῦτο,
3547 2995 3630 3047 ὅτι

2052 3085 2098 3136 εἰ
2133 3082 2191 3136 τὸ
2221 3081 2396 3134 θέλειν
2421 3080 2489 3134 τὰ
2516 3080 2653 3133 καλὰ
2677 3083 2768 3133 καὶ
2800 3081 2860 3134 τὸ
2885 3082 3095 3151 τρέχειν
3123 3083 3215 3134 ἐπὶ
3245 3081 3312 3135 τὰ
3343 3083 3502 3147 καλὰ,
3537 3083 3632 3153 μέ-

2055 3193 2143 3228 σον
2177 3174 2311 3235 ὲστὶ,
2349 3174 2442 3225 καὶ
2469 3173 2526 3225 τὸ
2553 3173 2792 3225 ἐναντίον
2821 3172 2970 3244 αὑτῷ
3014 3174 3175 3243 μέσον
3208 3174 3346 3237 ἐστὶ,
3391 3173 3633 3229 τουτέστι

2053 3267 2112 3320 τὸ
2145 3266 2316 3319 θέλειν
2346 3264 2410 3317 τὰ
2441 3265 2586 3318 κακὰ
2617 3267 2710 3318 καὶ
2739 3267 2798 3318 τὸ
2825 3267 3037 3335 τρέχειν
3075 3267 3165 3318 ἐπὶ
3199 3265 3267 3318 τὰ
3297 3267 3460 3319 κακά.
3497 3266 3634 3336 Οὐχὶ

374 3355 432 3410 id
479 3365 560 3411 est
596 3358 736 3413 velle
777 3360 916 3415 mala
965 3371 1020 3415 et
1057 3377 1281 3416 currere
1327 3362 1392 3414 ad
1439 3361 1601 3416 mala.
1675 3361 1780 3416 Sed
1833 3378 1945 3416 cer-

2055 3359 2110 3411 δέ
2130 3376 2191 3426 γε
2215 3359 2374 3428 μέσον
2398 3357 2513 3410 ἐστὶ
2534 3357 2594 3409 τὸ
2620 3357 2790 3410 θέλειν
2815 3356 2881 3409 τὰ
2905 3358 3067 3421 κακὰ,
3103 3357 3196 3410 καὶ
3216 3357 3427 3428 τρέχειν
3453 3357 3545 3409 ἐπὶ
3565 3356 3634 3408 τὰ

380 3454 496 3500 tum
525 3455 610 3503 est
654 3449 781 3518 quia
817 3466 924 3506 non
980 3451 1052 3506 sit
1097 3452 1333 3506 medium
1359 3451 1518 3518 _velle
1557 3452 1691 3505 mala
1724 3463 1780 3507 et
1828 3467 1945 3506 cur-

2058 3451 2204 3504 κακά
2223 3467 2234 3480 ’
2263 3450 2362 3503 ούκ
2389 3449 2496 3519 ἄρα
2522 3449 2685 3519 μέσον
2723 3448 2839 3501 ἐστὶ
2866 3448 2960 3502 καὶ
2986 3447 3046 3500 τὸ
3077 3447 3246 3500 θέλειν
3277 3447 3344 3501 τὰ
3370 3447 3508 3500 καλὰ
3541 3448 3634 3500 καὶ

1607 3559 2168 3617 INTERPRE'I'ATIO
2200 3557 2409 3614 NOVA.

453 3676 542 3731 18.
573 3678 705 3753 Illud
739 3680 903 3735 etiam
933 3681 1288 3750 inspiciamus
1316 3700 1329 3736 :
1368 3701 1386 3733 ι
1426 3683 1540 3738 Non
1577 3683 1836 3747 volentis,
1867 3701 2040 3753 neque
2065 3682 2370 3753 currentis_,
2404 3681 2497 3753 sed
2529 3682 2839 3753 tniserentis
2870 3691 2950 3734 est
2979 3681 3091 3735 Dei.
3129 3701 3148 3733 »
3182 3680 3449 3753 Sieenim
3480 3694 3635 3753 assu-

385 3757 542 3799 munt
568 3766 580 3800 :
610 3749 667 3802 Si
691 3768 728 3820 _t
757 3766 932 3818 neque
952 3749 1185 3805 volentis
1219 3769 1394 3820 neque
1429 3755 1720 3816 currentis,
1759 3756 1850 3807 sed
1885 3749 2190 3810 miserentis
2217 3761 2299 3803 est
2327 3749 2442 3813 Dei,
2479 3769 2496 3801 ι
2535 3767 2638 3803 non
2670 3766 2734 3804 ex
2767 3751 2938 3804 libero
2969 3760 3152 3804 nostro
3184 3751 3412 3803 arbitrio
3439 3751 3638 3820 pendet

388 3823 575 3891 nostra
614 3817 774 3891 salus
801 3857 815 3878 .
842 3817 945 3891 Sed
987 3836 1018 3874 e
1070 3835 1267 3874 natura
1313 3817 1471 3876 nobis
1509 3825 1577 3876 ab
1607 3838 1672 3875 eo
1700 3824 1791 3891 qui
1825 3824 1961 3878 tales
1992 3839 2092 3876 nos
2123 3821 2400 3885 condidit,
2440 3820 2824 3891 praestita,vel
2857 3821 3068 3891 eerjus
3099 3820 3326 3872 arbitrio
3355 3819 3631 3891 qui,_curn

387 3883 523 3958 _vult.
556 3885 898 3940 misereatur.
923 3890 969 3942 A
1000 3893 1194 3956 quibus
1227 3892 1329 3944 hoc.
1363 3883 1770 3958 quaerendum}
1803 3894 1947 3946 Velle
1975 3893 2140 3953 bona,
2185 3883 2494 3958 hontnn'e'st
2530 3905 2596 3940 an
2631 3883 2829 3940 malum
2856 3889 2879 3940 ?
2914 3883 3049 3942 Ttim
3083 3905 3275 3944 cursus
3304 3883 3532 3942 volentis
3563 3889 3632 3942 ad

385 3951 616 4006 honesta
654 3961 993 4030 properando
1018 3951 1280 4026 consequi
1316 3951 1497 4024 tinem,
1531 3962 1686 4013 laude
1715 3977 1782 4015 an
1810 3963 2081 4030 vituperio
2106 3951 2299 4027 dignus
2323 3957 2448 4030 est?
2478 3959 2532 4011 Si
2553 3968 2897 4030 posueruqu
2926 3959 3182 4030 dixerint,
3211 3958 3445 4030 absurde
3471 3973 3630 4030 pror-

388 4036 487 4098 sus
503 4023 926 4098 respondebunt,
946 4043 1069 4080 cum
1099 4023 1273 4080 sancti
1299 4030 1465 4082 velint
1488 4023 1542 4083 et
1564 4041 1806 4093 currant,
1841 4023 1940 4085 nec
1966 4023 2257 4098 quidquam
2288 4029 2489 4080 idcirco
2516 4023 2783 4098 vituperio
2811 4028 3028 4094 dignum
3061 4029 3283 4098 faciant.
3310 4027 3370 4098 VSi
3395 4023 3634 4080 diierint

390 4092 594 4171 bonum
625 4107 747 4171 esse
775 4094 927 4171 ve_l|e_
941 4098 1076 4151 bona
1107 4107 1158 4171 e_t
1189 4099 1493 4171 currerezad
1529 4092 2013 4171 hopa,qu:eretnus
2045 4092 2313 4171 quomodo
2345 4109 2535 4171 natura
2570 4092 2778 4171 perdita
2799 4092 3353 4171 velitbona.Perinde
3379 4099 3521 4171 enim
3551 4106 3636 4150 est

390 4174 458 4214 ac
487 4161 530 4214 si
561 4161 880 4235 arbormala
903 4165 1110 4220 fructus
1131 4167 1300 4220 bonos
1326 4161 1512 4232 ler'ret,
1539 4169 1584 4221 si
1612 4161 1831 4235 quidem
1864 4161 2166 4224 bonum-cst
2196 4167 2328 4220 velle
2351 4161 2664 4222 tneliora.Si
2688 4167 2903 4219 tertium
2930 4166 3477 4235 responderint,velle
3496 4168 3632 4218 bona

389 4239 446 4283 et
469 4246 706 4311 currere
740 4233 805 4311 ad
832 4234 991 4311 bona,
1021 4237 1254 4291 medium
1286 4237 1540 4311 quiddam
1571 4233 1712 4301 esse,
1740 4241 2082 4311 quodneque
2115 4241 2310 4311 bonum
2342 4252 2516 4311 neque
2551 4237 2621 4290 sit
2649 4235 2872 4300 malum;
2909 4233 3228 4311 repens-ntus
3258 4237 3360 4311 :_Si
3395 4236 3629 4311 medium

390 4300 518 4378 quid
563 4313 648 4356 est
673 4303 811 4357 velle
839 4302 1069 4378 bonaet
1097 4300 1317 4378 currere
1351 4307 1616 4378 adibona,
1648 4300 1774 4374 ergo
1799 4319 1856 4362 et
1885 4310 1937 4363 id
1967 4300 2109 4378 q'uod
2146 4308 2228 4378 his
2273 4300 2616 4378 contrarium
2666 4315 2745 4358 est
2771 4342 2786 4366 ,
2836 4300 3070 4358 medium
3118 4306 3241 4372 erit,
3280 4306 3468 4378 idest,
3498 4304 3634 4356 velle

391 4369 532 4422 tnala
567 4381 622 4424 et
665 4388 890 4427 currere
937 4377 1002 4428 ad
1041 4376 1205 4430 mala.
1237 4379 1308 4430 At
1343 4377 1479 4430 velle
1510 4378 1652 4432 mala
1681 4369 1736 4431 et
1761 4369 1998 4432 currere.
2025 4381 2090 4431 ad
2124 4377 2257 4429 mala
2295 4377 2528 4430 medium
2582 4389 2687 4427 non
2723 4383 2804 4427 est
2841 4391 2855 4438 ;
2887 4390 3018 4442 ergo
3044 4369 3383 4441 neque'vclle
3413 4377 3549 4428 bona
3581 4382 3637 4426 et

390 4443 706 4517 currere‘ad
738 4446 875 4517 bona
905 4447 1147 4517 medium
1183 4447 1308 4500 erit.
1342 4445 1455 4500 Hoc
1485 4451 1647 4502 modo
1683 4448 1847 4517 igitur
1872 4447 2108 4517 arbitror
2134 4447 2346 4517 defendi
2375 4462 2535 4517 posse
2571 4444 2714 4517 hunc
2745 4445 2921 4498 locum
2947 4461 2962 4496 :
3000 4463 3018 4517 ι
3055 4442 3168 4496 Non
3197 4444 3424 4517 volentis
3455 4457 3636 4517 neque

389 4512 811 4582 currentis,sed
846 4515 1156 4568 miserentis
1181 4527 1264 4568 est
1293 4517 1409 4570 Dei.
1454 4534 1472 4566 ι
1511 4512 1770 4571 Salomon
1798 4519 1847 4570 itt
1881 4517 2020 4570 libro
2048 4512 2390 4570 Psalmoruni
2422 4513 2559 4582 (ejus
2589 4513 2732 4565 enim
2765 4524 2847 4567 est
2875 4513 3149 4582 canticum
3186 4513 3448 4581 graduum
3481 4513 3635 4582 cujus

388 4578 552 4649 Iarba
593 4579 979 4649 proferemus),
1011 4585 1118 4636 ait:
1157 4602 1176 4634 ι
1223 4583 1338 4638 Nisi
1370 4585 1631 4641 Dominus
1663 4586 2008 4640 aediﬁcaverit
2035 4578 3492 4646 domum,invanumlaburaveruntquitedilicauteatn.
3518 4580 3631 4632 Nisi

391 4643 651 4724 Dominus
683 4643 1003 4724 custodierit
1033 4653 1330 4724 civitatem,
1355 4653 1552 4708 frustra
1570 4655 1860 4724 vigilatqui
1894 4655 2124 4708 custodit
2152 4643 2272 4724 eain
2301 4667 2322 4724 ;r
2355 4669 2372 4699 ι
2410 4664 2514 4724 non
2547 4652 2690 4724 quod
2725 4665 2820 4702 nos
2855 4655 2927 4724 ab
2950 4643 3270 4724 mililicando
3298 4649 3632 4710 dehortetur,

386 4722 481 4790 attt
513 4714 706 4790 doceat
739 4734 810 4790 ne
843 4721 1125 4787 vigilemus
1152 4723 1218 4773 ad
1254 4714 1370 4790 ejus
1398 4738 1516 4788 qua:
1565 4714 1834 4774 invattinia
1865 4733 2052 4776 nostra
2084 4733 2186 4784 est,
2219 4719 2456 4790 civitatis
2481 4714 2804 4790 custodiant,
2837 4720 2930 4772 sed
2959 4719 3251 4772 ostendens
3291 4731 3633 4790 quacunque

388 4783 505 4858 sine
536 4783 1039 4858 Deoardilicatitur,
1082 4800 1136 4843 et
1170 4783 1430 4858 qute'ejus'
1458 4794 1702 4845 custodia
1735 4808 1839 4844 non
1875 4783 2194 4858 sepiuntur,
2232 4789 2431 4841 frustra
2475 4785 2727 4858 aediﬁcari
2780 4783 2831 4842 et
2860 4790 3133 4858 incassum
3165 4783 3430 4858 custodiri
3463 4803 3476 4850 ;
3504 4783 3634 4858 cum

381 4854 507 4928 jure
541 4854 911 4928 tcdilicationis
948 4854 1201 4911 dominus
1227 4869 1277 4912 et
1315 4854 1574 4913 custodia:
1615 4860 1855 4914 civitatis
1885 4854 2132 4928 princeps
2168 4854 2648 4928 ascribendussit
2675 4858 3054 4911 universorum
3085 4857 3243 4910 Deus.
3273 4857 3635 4928 Quemadmo-

387 4922 514 4970 dum
545 4922 709 4996 igi_tur
738 4926 794 4996 si
815 4926 1121 4980 diceremus
1150 4946 1162 4980 :
1190 4929 1305 4982 Non
1335 4931 1657 4983 :cdilicantis
1677 4969 1692 4991 ,
1727 4930 1821 4982 sed
1855 4922 1946 4982 Dei
1986 4922 2122 4996 opus
2150 4939 2231 4981 est
2261 4927 2426 4981 hocce
2463 4927 2747 4980 mdiliciuin
2778 4944 2793 4992 ;
2823 4937 2874 4981 et
2907 4943 3012 4979 non
3041 4936 3258 4989 custos,
3293 4927 3384 4979 sed
3413 4927 3636 4979 univer-

385 5003 582 5068 sorttttr
606 4993 746 5068 Deus
783 4993 1220 5068 hanccivitateut
1249 5001 1315 5052 ab
1345 4999 1583 5052 hostium
1615 5000 1826 5068 injuriis
1862 4993 2160 5052 inluminent
2208 4997 2472 5068 reddidit,
2502 4996 2655 5068 nihil
2679 5011 3016 5068 erraremus,
3066 5011 3188 5068 cum
3219 4997 3474 5068 humanis
3503 5010 3635 5068 quu-

390 5071 498 5133 que
536 5061 747 5117 viribus
785 5064 987 5131 aliquid
1021 5079 1300 5134 peractum
1328 5061 1685 5138 intelligatur,
1722 5080 1890 5125 totum
1921 5084 2049 5124 vero
2085 5083 2221 5137 opus
2251 5067 2389 5136 grati
2425 5067 2588 5120 anitni
2618 5066 3012 5135 signiﬁcatione
3039 5066 3329 5134 perlectori
3357 5068 3462 5119 Deo
3491 5064 3632 5118 reie-

455 5172 502 5205 ⁶⁹
536 5171 694 5226 Rom.
727 5190 805 5239 ix,
843 5176 929 5229 16.

458 5295 570 5367 (ῃ)
607 5295 740 5367 Yide
770 5296 803 5349 I.
837 5313 871 5350 ll
905 5298 1241 5367 0rigenian.,
1282 5318 1336 5366 q.
1368 5303 1418 5367 7,
1457 5319 1604 5357 nutu.
1635 5304 1720 5358 l7.

459 5364 574 5446 (75)
611 5364 863 5446 Sicuttss.
899 5364 1068 5432 Alias,
1096 5381 1194 5446 ret
1221 5364 1482 5446 agnoscat
1512 5389 1654 5446 nunc
1675 5388 1796 5446 esse
1817 5373 1957 5427 divi-

389 5452 471 5488 nze
495 5445 549 5488 et
587 5437 912 5514 aequissima:
942 5454 1052 5492 suae
1087 5437 1530 5514 dispensationis.
1560 5463 1580 5495 ι
1629 5443 1794 5496 Paulo
1839 5454 1960 5514 post

387 5519 519 5584 mss.
557 5521 633 5584 ,_t
659 5511 704 5556 si
736 5511 1166 5584 contempserint
1210 5520 1374 5584 atque.
1425 5513 1784 5584 neglexerint.
1819 5511 1853 5566 ί
1906 5512 1960 5568 lu

317 5590 320 5592 '
386 5574 560 5649 editis
575 5574 729 5649 deest
767 5593 785 5626 ι
819 5574 985 5649 atque
1020 5574 1383 5649 neglexerint.
1408 5603 1427 5636 ι

461 5641 570 5711 (76)
599 5642 673 5695 Ita
706 5659 840 5698 tnss.
859 5641 1026 5709 Alias,
1060 5641 1190 5702 icui
1220 5652 1362 5706 Deus
1395 5655 1703 5708 miseretur.
1744 5673 1760 5704 ι
1799 5653 1963 5707 Paulo

390 5721 514 5776 post
549 5725 702 5777 ωδε..
731 5731 748 5763 ‹
776 5731 803 5766 a
827 5717 1024 5788 quibus
1049 5722 1224 5788 primo
1253 5722 1356 5778 ltoc
1380 5724 1730 5795 inquirimus.
1758 5735 1781 5779 υ
1803 5725 1960 5780 Libb.

2072 5306 2242 5371 editi,
2290 5324 2308 5357 ι
2353 5320 2380 5358 a
2430 5305 2626 5372 quibus
2671 5302 3151 5372 primoiquaeritur
3203 5304 3320 5357 hoc.
3363 5321 3384 5355 ι
3434 5301 3634 5357 Ibidem

2067 5391 2199 5429 mss.
2227 5415 2244 5439 ,
2297 5394 2314 5427 ι
2338 5386 2397 5430 ιιι
2427 5371 2702 5443 perveniat
2729 5372 2795 5425 ad
2819 5371 3004 5443 iﬁllcu)
3057 5374 3203 5443 boni.
3242 5393 3260 5425 ι
3295 5373 3437 5426 Editi
3475 5373 3632 5436 male,

2073 5463 2093 5497 ‹
2133 5454 2191 5498 ttt
2223 5441 2590 5514 perveniatad
2622 5443 2783 5496 iidem
2817 5442 2965 5496 boui.
3005 5463 3021 5494 ι
3055 5441 3199 5495 Infra
3236 5459 3393 5507 mss.,
3429 5461 3448 5492 ι
3477 5443 3638 5495 arbor

2073 5515 2209 5564 mala
2240 5515 2447 5564 fructus
2473 5516 2645 5564 honos
2674 5528 2781 5564 non
2813 5512 2986 5564 aﬂ'ert.
3011 5531 3030 5564 ι
3059 5512 3209 5564 Libb.
3240 5514 3389 5564 editi.
3424 5530 3442 5562 ι
3475 5511 3637 5564 arbor

2071 5513 2447 5570 mala’fructus
2473 5516 2645 5569 bonos
2674 5528 2781 5565 non
2813 5513 2986 5567 alTert.
3011 5531 3030 5564 ι
3059 5513 3209 5568 Libb.
3240 5514 3389 5578 editi,
3424 5530 3442 5562 ι
3475 5513 3637 5564 arbor

2071 5581 2213 5636 boiia
2241 5584 2448 5640 fructus
2478 5582 2648 5638 malos
2676 5597 2783 5636 nou
2816 5581 2995 5637 affert.
3037 5603 3054 5634 ι

2141 5654 2253 5728 (77)
2285 5655 2549 5728 Sic_tnss_._
2575 5653 2752 5728 Alias,
2783 5670 2801 5701 ι
2836 5653 3060 5728 bonum.

2139 5722 2250 5796 (78)
2283 5723 2435 5780 Libb.
2467 5723 2616 5791 editi,
2648 5722 2806 5796 δῆλον
2833 5723 2936 5776 ὅτι.
