  <div class='ocr_page' id='page_1' title='image "/cluster/home/n/w/nwhite01/storage/ocr_20150623/11/mdp.39015013266690/158.png"; bbox 0 0 4014 6142; ppageno 0'>
   <div class='ocr_carea' id='block_1_1' title="bbox 350 197 470 266">
    <p class='ocr_par' dir='ltr' id='par_1_1' title="bbox 350 197 470 266">
     <span class='ocr_line' id='line_1_1' title="bbox 350 197 470 266; baseline 0.025 -3"><span class='ocrx_word' id='word_1_1' title='bbox 350 197 470 266; x_wconf 72' lang='grc'><strong>239</strong></span> 
     </span>
    </p>
   </div>
   <div class='ocr_carea' id='block_1_2' title="bbox 1694 203 2237 268">
    <p class='ocr_par' dir='ltr' id='par_1_2' title="bbox 1694 203 2237 268">
     <span class='ocr_line' id='line_1_2' title="bbox 1694 203 2237 268; baseline 0 -2"><span class='ocrx_word' id='word_1_2' title='bbox 1694 203 1898 268; x_wconf 78' lang='lat' dir='ltr'><strong>LIBER</strong></span> <span class='ocrx_word' id='word_1_3' title='bbox 1937 209 2237 268; x_wconf 82' lang='lat' dir='ltr'><strong>TERTIUS</strong></span> 
     </span>
    </p>
   </div>
   <div class='ocr_carea' id='block_1_3' title="bbox 3539 222 3645 280">
    <p class='ocr_par' dir='ltr' id='par_1_3' title="bbox 3539 222 3645 280">
     <span class='ocr_line' id='line_1_3' title="bbox 3539 222 3645 280; baseline 0.038 -4"><span class='ocrx_word' id='word_1_4' title='bbox 3539 222 3645 280; x_wconf 74' lang='lat'><strong>290</strong></span> 
     </span>
    </p>
   </div>
   <div class='ocr_carea' id='block_1_4' title="bbox 349 324 1947 409">
    <p class='ocr_par' dir='ltr' id='par_1_4' title="bbox 349 326 1947 404">
     <span class='ocr_line' id='line_1_4' title="bbox 349 326 1947 404; baseline 0.005 -24"><span class='ocrx_word' id='word_1_5' title='bbox 349 328 591 399; x_wconf 84' lang='grc' dir='ltr'><strong>τρέχειν</strong></span> <span class='ocrx_word' id='word_1_6' title='bbox 660 331 754 383; x_wconf 75' lang='grc' dir='ltr'><strong>ἐπὶ</strong></span> <span class='ocrx_word' id='word_1_7' title='bbox 796 330 863 385; x_wconf 85' lang='grc' dir='ltr'>τὰ</span> <span class='ocrx_word' id='word_1_8' title='bbox 909 333 1068 387; x_wconf 83' lang='grc' dir='ltr'>καλά.</span> <span class='ocrx_word' id='word_1_9' title='bbox 1121 326 1387 404; x_wconf 77' lang='grc' dir='ltr'>Τοιαύτην</span> <span class='ocrx_word' id='word_1_10' title='bbox 1440 334 1618 388; x_wconf 80' lang='grc' dir='ltr'>τοίνυν</span> <span class='ocrx_word' id='word_1_11' title='bbox 1677 335 1947 403; x_wconf 83' lang='grc' dir='ltr'>ἀπολογία·</span> 
     </span>
    </p>
   </div>
   <div class='ocr_carea' id='block_1_5' title="bbox 2055 324 3645 409">
    <p class='ocr_par' dir='ltr' id='par_1_5' title="bbox 2073 324 3645 409">
     <span class='ocr_line' id='line_1_5' title="bbox 2073 324 3645 409; baseline 0.004 -21"><span class='ocrx_word' id='word_1_12' title='bbox 2073 349 2197 389; x_wconf 89' lang='lat' dir='ltr'><strong>rere</strong></span> <span class='ocrx_word' id='word_1_13' title='bbox 2230 331 2294 388; x_wconf 90' lang='lat' dir='ltr'><strong>ad</strong></span> <span class='ocrx_word' id='word_1_14' title='bbox 2322 326 2485 396; x_wconf 88' lang='lat' dir='ltr'><strong>mala,</strong></span> <span class='ocrx_word' id='word_1_15' title='bbox 2535 331 2626 387; x_wconf 92' lang='lat' dir='ltr'><strong>sed</strong></span> <span class='ocrx_word' id='word_1_16' title='bbox 2659 341 2840 403; x_wconf 89' lang='lat' dir='ltr'><strong>aperte</strong></span> <span class='ocrx_word' id='word_1_17' title='bbox 2874 324 3073 387; x_wconf 88' lang='lat' dir='ltr'><strong>malmu</strong></span> <span class='ocrx_word' id='word_1_18' title='bbox 3107 345 3220 400; x_wconf 79' lang='lat' dir='ltr'><strong>est;</strong></span> <span class='ocrx_word' id='word_1_19' title='bbox 3271 347 3484 393; x_wconf 85' lang='lat' dir='ltr'><strong>constat</strong></span> <span class='ocrx_word' id='word_1_20' title='bbox 3512 355 3645 409; x_wconf 82' lang='lat' dir='ltr'><strong>ergo</strong></span> 
     </span>
    </p>
   </div>
   <div class='ocr_carea' id='block_1_6' title="bbox 349 420 1964 495">
    <p class='ocr_par' dir='ltr' id='par_1_6' title="bbox 349 420 1964 495">
     <span class='ocr_line' id='line_1_6' title="bbox 349 420 1964 495; baseline 0.003 -22"><span class='ocrx_word' id='word_1_21' title='bbox 349 420 616 490; x_wconf 80' lang='grc' dir='ltr'>ἡγοῦμαι</span> <span class='ocrx_word' id='word_1_22' title='bbox 647 422 908 475; x_wconf 83' lang='grc' dir='ltr'>δύνασθαι</span> <span class='ocrx_word' id='word_1_23' title='bbox 943 425 1089 493; x_wconf 81' lang='grc' dir='ltr'>ἡμᾶς</span> <span class='ocrx_word' id='word_1_24' title='bbox 1119 424 1362 495; x_wconf 77' lang='grc' dir='ltr'>πορίζειν</span> <span class='ocrx_word' id='word_1_25' title='bbox 1389 423 1525 495; x_wconf 85' lang='grc' dir='ltr'>πρὸς</span> <span class='ocrx_word' id='word_1_26' title='bbox 1557 425 1646 487; x_wconf 84' lang='grc' dir='ltr'><strong>τὸ,</strong></span> <span class='ocrx_word' id='word_1_27' title='bbox 1689 445 1706 475; x_wconf 79' lang='grc' dir='ltr'><strong>ι</strong></span> <span class='ocrx_word' id='word_1_28' title='bbox 1744 421 1833 494; x_wconf 87' lang='grc' dir='ltr'><strong>ἆρ’</strong></span> <span class='ocrx_word' id='word_1_29' title='bbox 1872 421 1964 478; x_wconf 79' lang='grc' dir='ltr'>οὖν</span> 
     </span>
    </p>
   </div>
   <div class='ocr_carea' id='block_1_7' title="bbox 349 512 1968 586">
    <p class='ocr_par' dir='ltr' id='par_1_7' title="bbox 349 512 1968 586">
     <span class='ocr_line' id='line_1_7' title="bbox 349 512 1968 586; baseline 0.003 -24"><span class='ocrx_word' id='word_1_30' title='bbox 349 512 413 562; x_wconf 86' lang='grc' dir='ltr'><strong>οὐ</strong></span> <span class='ocrx_word' id='word_1_31' title='bbox 441 513 543 564; x_wconf 88' lang='grc' dir='ltr'><strong>τοῦ</strong></span> <span class='ocrx_word' id='word_1_32' title='bbox 575 512 849 578; x_wconf 85' lang='grc' dir='ltr'>θέλοντος,</span> <span class='ocrx_word' id='word_1_33' title='bbox 879 515 1000 567; x_wconf 80' lang='grc' dir='ltr'>οὐδὲ</span> <span class='ocrx_word' id='word_1_34' title='bbox 1028 513 1120 566; x_wconf 89' lang='grc' dir='ltr'><strong>τοῦ</strong></span> <span class='ocrx_word' id='word_1_35' title='bbox 1153 515 1456 586; x_wconf 78' lang='grc' dir='ltr'><strong>τρέχοντος,</strong></span> <span class='ocrx_word' id='word_1_36' title='bbox 1481 515 1616 567; x_wconf 83' lang='grc' dir='ltr'>ἀλλὰ</span> <span class='ocrx_word' id='word_1_37' title='bbox 1641 515 1730 567; x_wconf 87' lang='grc' dir='ltr'><strong>τοῦ</strong></span> <span class='ocrx_word' id='word_1_38' title='bbox 1755 515 1968 568; x_wconf 76' lang='grc' dir='ltr'>ἐλεοῦν-ο</span> 
     </span>
    </p>
   </div>
   <div class='ocr_carea' id='block_1_8' title="bbox 345 602 1964 675">
    <p class='ocr_par' dir='ltr' id='par_1_8' title="bbox 345 602 1964 675">
     <span class='ocr_line' id='line_1_8' title="bbox 345 602 1964 675; baseline 0.002 -22"><span class='ocrx_word' id='word_1_39' title='bbox 345 618 443 664; x_wconf 86' lang='grc' dir='ltr'><strong>τος</strong></span> <span class='ocrx_word' id='word_1_40' title='bbox 471 602 652 655; x_wconf 83' lang='grc' dir='ltr'>Θεοῦ.</span> <span class='ocrx_word' id='word_1_41' title='bbox 694 623 711 654; x_wconf 81' lang='grc' dir='ltr'><strong>ι</strong></span> <span class='ocrx_word' id='word_1_42' title='bbox 749 605 916 675; x_wconf 68' lang='grc' dir='ltr'>Φησὶν</span> <span class='ocrx_word' id='word_1_43' title='bbox 941 607 996 657; x_wconf 80' lang='grc' dir='ltr'>ὲν</span> <span class='ocrx_word' id='word_1_44' title='bbox 1023 607 1088 674; x_wconf 85' lang='grc' dir='ltr'>τῇ</span> <span class='ocrx_word' id='word_1_45' title='bbox 1127 603 1294 675; x_wconf 68' lang='grc' dir='ltr'>βίϐλῳ</span> <span class='ocrx_word' id='word_1_46' title='bbox 1337 604 1447 657; x_wconf 84' lang='grc' dir='ltr'><strong>τῶν</strong></span> <span class='ocrx_word' id='word_1_47' title='bbox 1477 605 1722 674; x_wconf 72' lang='grc' dir='ltr'>Ψαλμῶν</span> <span class='ocrx_word' id='word_1_48' title='bbox 1751 607 1778 656; x_wconf 90' lang='grc' dir='ltr'>ὁ</span> <span class='ocrx_word' id='word_1_49' title='bbox 1807 605 1964 656; x_wconf 85' lang='grc' dir='ltr'>Σολο-</span> 
     </span>
    </p>
   </div>
   <div class='ocr_carea' id='block_1_9' title="bbox 2070 424 3646 492">
    <p class='ocr_par' dir='ltr' id='par_1_9' title="bbox 2070 424 3646 492">
     <span class='ocr_line' id='line_1_9' title="bbox 2070 424 3646 492; baseline 0.005 -16"><span class='ocrx_word' id='word_1_50' title='bbox 2070 425 2196 492; x_wconf 90' lang='lat' dir='ltr'><strong>quia</strong></span> <span class='ocrx_word' id='word_1_51' title='bbox 2244 439 2349 477; x_wconf 92' lang='lat' dir='ltr'><strong>non</strong></span> <span class='ocrx_word' id='word_1_52' title='bbox 2400 433 2485 478; x_wconf 89' lang='lat' dir='ltr'><strong>est</strong></span> <span class='ocrx_word' id='word_1_53' title='bbox 2537 424 2771 477; x_wconf 91' lang='lat' dir='ltr'><strong>medium</strong></span> <span class='ocrx_word' id='word_1_54' title='bbox 2808 424 2943 478; x_wconf 80' lang='lat' dir='ltr'><strong>velle</strong></span> <span class='ocrx_word' id='word_1_55' title='bbox 3008 424 3145 479; x_wconf 86' lang='lat' dir='ltr'><strong>bona</strong></span> <span class='ocrx_word' id='word_1_56' title='bbox 3201 435 3257 480; x_wconf 91' lang='lat' dir='ltr'><strong>et</strong></span> <span class='ocrx_word' id='word_1_57' title='bbox 3301 442 3524 482; x_wconf 90' lang='lat' dir='ltr'><strong>currere</strong></span> <span class='ocrx_word' id='word_1_58' title='bbox 3576 434 3646 484; x_wconf 85' lang='lat' dir='ltr'><strong>ad</strong></span> 
     </span>
    </p>
   </div>
   <div class='ocr_carea' id='block_1_10' title="bbox 2068 512 3644 588">
    <p class='ocr_par' dir='ltr' id='par_1_10' title="bbox 2068 512 3644 588">
     <span class='ocr_line' id='line_1_10' title="bbox 2068 512 3644 588; baseline 0.003 -18"><span class='ocrx_word' id='word_1_59' title='bbox 2068 517 2208 570; x_wconf 89' lang='lat' dir='ltr'><strong>bona</strong></span> <span class='ocrx_word' id='word_1_60' title='bbox 2261 514 2396 585; x_wconf 84' lang='lat'><strong>(80),</strong></span> <span class='ocrx_word' id='word_1_61' title='bbox 2455 516 2552 569; x_wconf 91' lang='lat' dir='ltr'><strong>sed</strong></span> <span class='ocrx_word' id='word_1_62' title='bbox 2602 514 2824 568; x_wconf 88' lang='lat' dir='ltr'><strong>bonum.</strong></span> <span class='ocrx_word' id='word_1_63' title='bbox 2857 512 2954 568; x_wconf 83' lang='lat' dir='ltr'><strong>liis</strong></span> <span class='ocrx_word' id='word_1_64' title='bbox 2988 531 3115 587; x_wconf 84' lang='lat' dir='ltr'><strong>ergo</strong></span> <span class='ocrx_word' id='word_1_65' title='bbox 3157 518 3246 571; x_wconf 87' lang='lat' dir='ltr'><strong>tali</strong></span> <span class='ocrx_word' id='word_1_66' title='bbox 3280 520 3644 588; x_wconf 82' lang='lat' dir='ltr'><strong>responsione</strong></span> 
     </span>
    </p>
   </div>
   <div class='ocr_carea' id='block_1_11' title="bbox 2065 601 3646 681">
    <p class='ocr_par' dir='ltr' id='par_1_11' title="bbox 2065 601 3646 681">
     <span class='ocr_line' id='line_1_11' title="bbox 2065 601 3646 681; baseline 0.003 -20"><span class='ocrx_word' id='word_1_67' title='bbox 2065 608 2335 676; x_wconf 82' lang='lat' dir='ltr'><strong>depulsis,</strong></span> <span class='ocrx_word' id='word_1_68' title='bbox 2384 610 2452 661; x_wconf 85' lang='lat' dir='ltr'><strong>ad</strong></span> <span class='ocrx_word' id='word_1_69' title='bbox 2503 607 2902 677; x_wconf 78' lang='lat' dir='ltr'><strong>expositionem</strong></span> <span class='ocrx_word' id='word_1_70' title='bbox 2948 601 3058 677; x_wconf 84' lang='lat' dir='ltr'><strong>jam</strong></span> <span class='ocrx_word' id='word_1_71' title='bbox 3106 612 3424 680; x_wconf 65' lang='lat' dir='ltr'><strong>qumstionis</strong></span> <span class='ocrx_word' id='word_1_72' title='bbox 3472 613 3646 681; x_wconf 84' lang='lat' dir='ltr'><strong>ipsius</strong></span> 
     </span>
    </p>
   </div>
   <div class='ocr_carea' id='block_1_12' title="bbox 347 692 1962 768">
    <p class='ocr_par' dir='ltr' id='par_1_12' title="bbox 347 692 1962 768">
     <span class='ocr_line' id='line_1_12' title="bbox 347 692 1962 768; baseline 0.001 -22"><span class='ocrx_word' id='word_1_73' title='bbox 347 692 475 762; x_wconf 80' lang='grc' dir='ltr'><strong>μῶν</strong></span> <span class='ocrx_word' id='word_1_74' title='bbox 497 710 511 722; x_wconf 91' lang='grc'><strong>·</strong></span> <span class='ocrx_word' id='word_1_75' title='bbox 550 693 728 747; x_wconf 86' lang='grc' dir='ltr'>αὐτοῦ</span> <span class='ocrx_word' id='word_1_76' title='bbox 763 695 870 765; x_wconf 85' lang='grc' dir='ltr'><strong>γάρ</strong></span> <span class='ocrx_word' id='word_1_77' title='bbox 901 696 1044 747; x_wconf 78' lang='grc' dir='ltr'>ἐστιν</span> <span class='ocrx_word' id='word_1_78' title='bbox 1093 697 1124 766; x_wconf 84' lang='grc' dir='ltr'>ἡ</span> <span class='ocrx_word' id='word_1_79' title='bbox 1160 695 1269 765; x_wconf 76' lang='grc' dir='ltr'><strong>ᾠδὴ</strong></span> <span class='ocrx_word' id='word_1_80' title='bbox 1307 695 1414 748; x_wconf 81' lang='grc' dir='ltr'><strong>τῶν</strong></span> <span class='ocrx_word' id='word_1_81' title='bbox 1448 696 1774 766; x_wconf 79' lang='grc' dir='ltr'>ἀναϐαθμῶν</span> <span class='ocrx_word' id='word_1_82' title='bbox 1809 697 1866 762; x_wconf 78' lang='grc' dir='ltr'>ἐξ</span> <span class='ocrx_word' id='word_1_83' title='bbox 1895 692 1962 768; x_wconf 83' lang='grc' dir='ltr'>ἧς</span> 
     </span>
    </p>
   </div>
   <div class='ocr_carea' id='block_1_13' title="bbox 344 783 1960 859">
    <p class='ocr_par' dir='ltr' id='par_1_13' title="bbox 344 783 1960 859">
     <span class='ocr_line' id='line_1_13' title="bbox 344 783 1960 859; baseline 0.005 -25"><span class='ocrx_word' id='word_1_84' title='bbox 344 783 814 856; x_wconf 73' lang='grc' dir='ltr'>παραθησόμε9α</span> <span class='ocrx_word' id='word_1_85' title='bbox 860 785 928 837; x_wconf 85' lang='grc' dir='ltr'>τὰ</span> <span class='ocrx_word' id='word_1_86' title='bbox 971 785 1139 856; x_wconf 67' lang='grc' dir='ltr'>ῥητά·</span> <span class='ocrx_word' id='word_1_87' title='bbox 1184 805 1201 836; x_wconf 79' lang='grc' dir='ltr'><strong>ι</strong></span> <span class='ocrx_word' id='word_1_88' title='bbox 1248 786 1371 838; x_wconf 79' lang='grc' dir='ltr'>Ἐάν</span> <span class='ocrx_word' id='word_1_89' title='bbox 1402 787 1475 857; x_wconf 83' lang='grc' dir='ltr'><strong>μὴ</strong></span> <span class='ocrx_word' id='word_1_90' title='bbox 1521 787 1723 859; x_wconf 77' lang='grc' dir='ltr'>Κύριος</span> <span class='ocrx_word' id='word_1_91' title='bbox 1755 790 1960 842; x_wconf 78' lang='grc' dir='ltr'>οἰκοδο-</span> 
     </span>
    </p>
   </div>
   <div class='ocr_carea' id='block_1_14' title="bbox 346 873 1955 952">
    <p class='ocr_par' dir='ltr' id='par_1_14' title="bbox 346 873 1955 952">
     <span class='ocr_line' id='line_1_14' title="bbox 346 873 1955 952; baseline 0.003 -25"><span class='ocrx_word' id='word_1_92' title='bbox 346 877 511 947; x_wconf 80' lang='grc' dir='ltr'><strong>μὴσῃ</strong></span> <span class='ocrx_word' id='word_1_93' title='bbox 550 873 743 941; x_wconf 80' lang='grc' dir='ltr'>οἷκον,</span> <span class='ocrx_word' id='word_1_94' title='bbox 779 879 856 940; x_wconf 78' lang='grc' dir='ltr'>εἰς</span> <span class='ocrx_word' id='word_1_95' title='bbox 889 876 1064 952; x_wconf 75' lang='grc' dir='ltr'>μάτην</span> <span class='ocrx_word' id='word_1_96' title='bbox 1106 879 1400 932; x_wconf 79' lang='grc' dir='ltr'>έκοπίασαν</span> <span class='ocrx_word' id='word_1_97' title='bbox 1444 881 1492 930; x_wconf 90' lang='grc' dir='ltr'>οἱ</span> <span class='ocrx_word' id='word_1_98' title='bbox 1524 879 1955 948; x_wconf 77' lang='grc' dir='ltr'>οἰκοδομοῦντες’</span> 
     </span>
    </p>
   </div>
   <div class='ocr_carea' id='block_1_15' title="bbox 342 966 1959 1042">
    <p class='ocr_par' dir='ltr' id='par_1_15' title="bbox 342 966 1959 1042">
     <span class='ocr_line' id='line_1_15' title="bbox 342 966 1959 1042; baseline 0.004 -22"><span class='ocrx_word' id='word_1_99' title='bbox 342 966 448 1020; x_wconf 82' lang='grc' dir='ltr'><strong>ἐὰν</strong></span> <span class='ocrx_word' id='word_1_100' title='bbox 480 967 566 1039; x_wconf 86' lang='grc' dir='ltr'>μὴ</span> <span class='ocrx_word' id='word_1_101' title='bbox 595 969 804 1038; x_wconf 82' lang='grc' dir='ltr'>Κύριος</span> <span class='ocrx_word' id='word_1_102' title='bbox 833 969 1042 1040; x_wconf 77' lang='grc' dir='ltr'>φυλάξῃ</span> <span class='ocrx_word' id='word_1_103' title='bbox 1084 970 1234 1024; x_wconf 83' lang='grc' dir='ltr'>πόλιν</span> <span class='ocrx_word' id='word_1_104' title='bbox 1254 1012 1267 1034; x_wconf 91' lang='grc'><strong>,</strong></span> <span class='ocrx_word' id='word_1_105' title='bbox 1298 973 1376 1034; x_wconf 81' lang='grc' dir='ltr'>εἰς</span> <span class='ocrx_word' id='word_1_106' title='bbox 1409 971 1583 1041; x_wconf 78' lang='grc' dir='ltr'>μάτην</span> <span class='ocrx_word' id='word_1_107' title='bbox 1607 972 1959 1042; x_wconf 74' lang='grc' dir='ltr'>ὴγρύπνησεν</span> 
     </span>
    </p>
   </div>
   <div class='ocr_carea' id='block_1_16' title="bbox 339 1059 1961 1131">
    <p class='ocr_par' dir='ltr' id='par_1_16' title="bbox 339 1059 1961 1131">
     <span class='ocr_line' id='line_1_16' title="bbox 339 1059 1961 1131; baseline 0.002 -20"><span class='ocrx_word' id='word_1_108' title='bbox 339 1061 371 1111; x_wconf 87' lang='grc' dir='ltr'>ὁ</span> <span class='ocrx_word' id='word_1_109' title='bbox 409 1059 725 1128; x_wconf 80' lang='grc' dir='ltr'>φυλάσσων</span> <span class='ocrx_word' id='word_1_110' title='bbox 744 1077 756 1088; x_wconf 88' lang='grc'><strong>·</strong></span> <span class='ocrx_word' id='word_1_111' title='bbox 811 1079 828 1111; x_wconf 81' lang='grc' dir='ltr'><strong>ι</strong></span> <span class='ocrx_word' id='word_1_112' title='bbox 858 1059 958 1113; x_wconf 88' lang='grc' dir='ltr'><strong>οὐκ</strong></span> <span class='ocrx_word' id='word_1_113' title='bbox 984 1061 1309 1130; x_wconf 77' lang='grc' dir='ltr'>ἀποτρέπων</span> <span class='ocrx_word' id='word_1_114' title='bbox 1334 1063 1483 1131; x_wconf 85' lang='grc' dir='ltr'>ἡμᾶς</span> <span class='ocrx_word' id='word_1_115' title='bbox 1509 1061 1616 1113; x_wconf 81' lang='grc' dir='ltr'><strong>ἀπὸ</strong></span> <span class='ocrx_word' id='word_1_116' title='bbox 1643 1061 1734 1114; x_wconf 87' lang='grc' dir='ltr'><strong>τοῦ</strong></span> <span class='ocrx_word' id='word_1_117' title='bbox 1762 1063 1961 1115; x_wconf 65' lang='grc' dir='ltr'>οἰκώο-</span> 
     </span>
    </p>
   </div>
   <div class='ocr_carea' id='block_1_17' title="bbox 343 1152 1957 1224">
    <p class='ocr_par' dir='ltr' id='par_1_17' title="bbox 343 1152 1957 1224">
     <span class='ocr_line' id='line_1_17' title="bbox 343 1152 1957 1224; baseline 0.002 -22"><span class='ocrx_word' id='word_1_118' title='bbox 343 1153 477 1221; x_wconf 88' lang='grc' dir='ltr'>μεῖν</span> <span class='ocrx_word' id='word_1_119' title='bbox 504 1190 520 1214; x_wconf 90' lang='grc'><strong>,</strong></span> <span class='ocrx_word' id='word_1_120' title='bbox 567 1152 697 1204; x_wconf 82' lang='grc' dir='ltr'>οὐδὲ</span> <span class='ocrx_word' id='word_1_121' title='bbox 729 1152 992 1204; x_wconf 80' lang='grc' dir='ltr'>διδάσκων</span> <span class='ocrx_word' id='word_1_122' title='bbox 1033 1153 1107 1224; x_wconf 84' lang='grc' dir='ltr'>μὴ</span> <span class='ocrx_word' id='word_1_123' title='bbox 1138 1154 1438 1224; x_wconf 83' lang='grc' dir='ltr'>ἀγρυπνεῖν</span> <span class='ocrx_word' id='word_1_124' title='bbox 1482 1155 1563 1216; x_wconf 84' lang='grc' dir='ltr'>εἰς</span> <span class='ocrx_word' id='word_1_125' title='bbox 1607 1152 1666 1206; x_wconf 86' lang='grc' dir='ltr'><strong>τὸ</strong></span> <span class='ocrx_word' id='word_1_126' title='bbox 1707 1157 1957 1224; x_wconf 74' lang='grc' dir='ltr'>φρουρεῖν</span> 
     </span>
    </p>
   </div>
   <div class='ocr_carea' id='block_1_18' title="bbox 337 1242 1960 1314">
    <p class='ocr_par' dir='ltr' id='par_1_18' title="bbox 337 1242 1960 1314">
     <span class='ocr_line' id='line_1_18' title="bbox 337 1242 1960 1314; baseline 0.002 -21"><span class='ocrx_word' id='word_1_127' title='bbox 337 1242 514 1312; x_wconf 79' lang='grc' dir='ltr'>ἡμῶν</span> <span class='ocrx_word' id='word_1_128' title='bbox 559 1244 669 1313; x_wconf 81' lang='grc' dir='ltr'>τὴν</span> <span class='ocrx_word' id='word_1_129' title='bbox 712 1244 768 1294; x_wconf 80' lang='grc' dir='ltr'>ὲν</span> <span class='ocrx_word' id='word_1_130' title='bbox 795 1246 861 1313; x_wconf 82' lang='grc' dir='ltr'>τῇ</span> <span class='ocrx_word' id='word_1_131' title='bbox 897 1243 1038 1313; x_wconf 74' lang='grc' dir='ltr'><strong>ψυχῇ</strong></span> <span class='ocrx_word' id='word_1_132' title='bbox 1075 1243 1228 1296; x_wconf 75' lang='grc' dir='ltr'>πόλιν</span> <span class='ocrx_word' id='word_1_133' title='bbox 1253 1283 1266 1307; x_wconf 92' lang='grc'><strong>,</strong></span> <span class='ocrx_word' id='word_1_134' title='bbox 1314 1244 1447 1296; x_wconf 86' lang='grc' dir='ltr'><strong>ἀλλά</strong></span> <span class='ocrx_word' id='word_1_135' title='bbox 1483 1244 1753 1314; x_wconf 82' lang='grc' dir='ltr'>παριστὰς</span> <span class='ocrx_word' id='word_1_136' title='bbox 1781 1246 1864 1297; x_wconf 83' lang='grc' dir='ltr'><strong>ὅτι</strong></span> <span class='ocrx_word' id='word_1_137' title='bbox 1893 1247 1960 1298; x_wconf 74' lang='grc' dir='ltr'>τὰ</span> 
     </span>
    </p>
   </div>
   <div class='ocr_carea' id='block_1_19' title="bbox 337 1332 1957 1406">
    <p class='ocr_par' dir='ltr' id='par_1_19' title="bbox 337 1332 1957 1406">
     <span class='ocr_line' id='line_1_19' title="bbox 337 1332 1957 1406; baseline 0.001 -22"><span class='ocrx_word' id='word_1_138' title='bbox 337 1333 527 1403; x_wconf 75' lang='grc' dir='ltr'>χωρὶς</span> <span class='ocrx_word' id='word_1_139' title='bbox 553 1332 698 1386; x_wconf 84' lang='grc' dir='ltr'>Θεοῦ</span> <span class='ocrx_word' id='word_1_140' title='bbox 725 1333 1148 1404; x_wconf 79' lang='grc' dir='ltr'>οἰκοδομούμενοι</span> <span class='ocrx_word' id='word_1_141' title='bbox 1171 1336 1263 1386; x_wconf 73' lang='grc' dir='ltr'>καὶ</span> <span class='ocrx_word' id='word_1_142' title='bbox 1295 1333 1365 1386; x_wconf 80' lang='grc' dir='ltr'>τὰ</span> <span class='ocrx_word' id='word_1_143' title='bbox 1398 1334 1471 1404; x_wconf 83' lang='grc' dir='ltr'>μὴ</span> <span class='ocrx_word' id='word_1_144' title='bbox 1498 1334 1833 1404; x_wconf 81' lang='grc' dir='ltr'>τυγχάνοντα</span> <span class='ocrx_word' id='word_1_145' title='bbox 1860 1337 1957 1406; x_wconf 77' lang='grc' dir='ltr'>τῆς</span> 
     </span>
    </p>
   </div>
   <div class='ocr_carea' id='block_1_20' title="bbox 336 1411 1960 1497">
    <p class='ocr_par' dir='ltr' id='par_1_20' title="bbox 336 1411 1960 1497">
     <span class='ocr_line' id='line_1_20' title="bbox 336 1411 1960 1497; baseline 0.002 -23"><span class='ocrx_word' id='word_1_146' title='bbox 336 1411 700 1477; x_wconf 62' lang='grc' dir='ltr'>ἀπὸτούτου</span> <span class='ocrx_word' id='word_1_147' title='bbox 735 1425 1000 1494; x_wconf 79' lang='grc' dir='ltr'>φυλακῆς,</span> <span class='ocrx_word' id='word_1_148' title='bbox 1031 1425 1207 1495; x_wconf 80' lang='grc' dir='ltr'>μάτην</span> <span class='ocrx_word' id='word_1_149' title='bbox 1230 1426 1610 1495; x_wconf 79' lang='grc' dir='ltr'>οἰκοδομεῖται,</span> <span class='ocrx_word' id='word_1_150' title='bbox 1640 1428 1733 1479; x_wconf 73' lang='grc' dir='ltr'><strong>καὶ</strong></span> <span class='ocrx_word' id='word_1_151' title='bbox 1763 1425 1960 1497; x_wconf 83' lang='grc' dir='ltr'>ἀνηνύ-</span> 
     </span>
    </p>
   </div>
   <div class='ocr_carea' id='block_1_21' title="bbox 334 1516 1947 1590">
    <p class='ocr_par' dir='ltr' id='par_1_21' title="bbox 334 1517 1947 1590">
     <span class='ocr_line' id='line_1_21' title="bbox 334 1517 1947 1590; baseline 0.002 -22"><span class='ocrx_word' id='word_1_152' title='bbox 334 1532 457 1578; x_wconf 86' lang='grc' dir='ltr'><strong>τως</strong></span> <span class='ocrx_word' id='word_1_153' title='bbox 490 1518 778 1587; x_wconf 81' lang='grc' dir='ltr'>τηρεῖται,</span> <span class='ocrx_word' id='word_1_154' title='bbox 821 1517 1056 1584; x_wconf 76' lang='grc' dir='ltr'>εὐλόγως</span> <span class='ocrx_word' id='word_1_155' title='bbox 1102 1517 1165 1570; x_wconf 89' lang='grc' dir='ltr'><strong>ἂν</strong></span> <span class='ocrx_word' id='word_1_156' title='bbox 1206 1518 1718 1588; x_wconf 79' lang='grc' dir='ltr'>ὲπιγραφησομένου</span> <span class='ocrx_word' id='word_1_157' title='bbox 1767 1519 1947 1590; x_wconf 82' lang='grc' dir='ltr'>κυρίου</span> 
     </span>
    </p>
   </div>
   <div class='ocr_carea' id='block_1_22' title="bbox 2055 1516 3636 1590">
    <p class='ocr_par' dir='ltr' id='par_1_22' title="bbox 2061 1516 3636 1587">
     <span class='ocr_line' id='line_1_22' title="bbox 2061 1516 3636 1587; baseline -0.001 -16"><span class='ocrx_word' id='word_1_158' title='bbox 2061 1518 2173 1584; x_wconf 85' lang='lat' dir='ltr'><strong>ejus</strong></span> <span class='ocrx_word' id='word_1_159' title='bbox 2190 1534 2308 1587; x_wconf 71' lang='lat' dir='ltr'><strong>qure</strong></span> <span class='ocrx_word' id='word_1_160' title='bbox 2331 1517 2468 1571; x_wconf 89' lang='lat' dir='ltr'><strong>intra</strong></span> <span class='ocrx_word' id='word_1_161' title='bbox 2495 1525 2591 1571; x_wconf 86' lang='lat' dir='ltr'><strong>nos</strong></span> <span class='ocrx_word' id='word_1_162' title='bbox 2612 1526 2690 1570; x_wconf 91' lang='lat' dir='ltr'><strong>est</strong></span> <span class='ocrx_word' id='word_1_163' title='bbox 2715 1516 2854 1586; x_wconf 85' lang='lat'><strong>(8|);</strong></span> <span class='ocrx_word' id='word_1_164' title='bbox 2881 1519 2972 1570; x_wconf 90' lang='lat' dir='ltr'><strong>sed</strong></span> <span class='ocrx_word' id='word_1_165' title='bbox 2997 1518 3094 1571; x_wconf 90' lang='lat' dir='ltr'><strong>hoc</strong></span> <span class='ocrx_word' id='word_1_166' title='bbox 3115 1527 3199 1571; x_wconf 92' lang='lat' dir='ltr'><strong>est</strong></span> <span class='ocrx_word' id='word_1_167' title='bbox 3222 1518 3363 1586; x_wconf 90' lang='lat' dir='ltr'><strong>quod</strong></span> <span class='ocrx_word' id='word_1_168' title='bbox 3383 1518 3636 1584; x_wconf 82' lang='lat' dir='ltr'><strong>ostendit,</strong></span> 
     </span>
    </p>
   </div>
   <div class='ocr_carea' id='block_1_23' title="bbox 335 1606 1947 1682">
    <p class='ocr_par' dir='ltr' id='par_1_23' title="bbox 335 1606 1947 1682">
     <span class='ocr_line' id='line_1_23' title="bbox 335 1606 1947 1682; baseline 0.002 -22"><span class='ocrx_word' id='word_1_169' title='bbox 335 1606 448 1676; x_wconf 82' lang='grc' dir='ltr'>τῆς</span> <span class='ocrx_word' id='word_1_170' title='bbox 486 1607 789 1678; x_wconf 75' lang='grc' dir='ltr'>οἰκοδομῆς</span> <span class='ocrx_word' id='word_1_171' title='bbox 816 1609 907 1661; x_wconf 89' lang='grc' dir='ltr'><strong>τοῦ</strong></span> <span class='ocrx_word' id='word_1_172' title='bbox 934 1608 1099 1672; x_wconf 83' lang='grc' dir='ltr'>Θεοῦ,</span> <span class='ocrx_word' id='word_1_173' title='bbox 1136 1610 1231 1662; x_wconf 71' lang='grc' dir='ltr'><strong>καὶ</strong></span> <span class='ocrx_word' id='word_1_174' title='bbox 1276 1608 1535 1682; x_wconf 81' lang='grc' dir='ltr'>ἄρχοντος</span> <span class='ocrx_word' id='word_1_175' title='bbox 1574 1610 1672 1681; x_wconf 82' lang='grc' dir='ltr'>τῆς</span> <span class='ocrx_word' id='word_1_176' title='bbox 1715 1613 1947 1682; x_wconf 82' lang='grc' dir='ltr'>φρουρᾶς</span> 
     </span>
    </p>
   </div>
   <div class='ocr_carea' id='block_1_24' title="bbox 2055 1606 3637 1682">
    <p class='ocr_par' dir='ltr' id='par_1_24' title="bbox 2060 1607 3637 1679">
     <span class='ocr_line' id='line_1_24' title="bbox 2060 1607 3637 1679; baseline 0 -17"><span class='ocrx_word' id='word_1_177' title='bbox 2060 1612 2183 1679; x_wconf 84' lang='lat' dir='ltr'><strong>quia</strong></span> <span class='ocrx_word' id='word_1_178' title='bbox 2216 1625 2555 1679; x_wconf 74' lang='lat' dir='ltr'><strong>quzecunque</strong></span> <span class='ocrx_word' id='word_1_179' title='bbox 2598 1611 2716 1663; x_wconf 85' lang='lat' dir='ltr'><strong>sine</strong></span> <span class='ocrx_word' id='word_1_180' title='bbox 2762 1611 2870 1663; x_wconf 85' lang='lat' dir='ltr'><strong>Deo</strong></span> <span class='ocrx_word' id='word_1_181' title='bbox 2901 1610 3258 1673; x_wconf 76' lang='lat' dir='ltr'><strong>aedificantur,</strong></span> <span class='ocrx_word' id='word_1_182' title='bbox 3288 1618 3342 1663; x_wconf 88' lang='lat' dir='ltr'><strong>et</strong></span> <span class='ocrx_word' id='word_1_183' title='bbox 3369 1607 3637 1678; x_wconf 83' lang='lat' dir='ltr'><strong>quaecun-</strong></span> 
     </span>
    </p>
   </div>
   <div class='ocr_carea' id='block_1_25' title="bbox 333 1685 1947 1773">
    <p class='ocr_par' dir='ltr' id='par_1_25' title="bbox 333 1697 1947 1772">
     <span class='ocr_line' id='line_1_25' title="bbox 333 1697 1947 1772; baseline 0.005 -22"><span class='ocrx_word' id='word_1_184' title='bbox 333 1697 447 1768; x_wconf 80' lang='grc' dir='ltr'><strong>τῆς</strong></span> <span class='ocrx_word' id='word_1_185' title='bbox 474 1699 702 1763; x_wconf 84' lang='grc' dir='ltr'>πόλεως</span> <span class='ocrx_word' id='word_1_186' title='bbox 726 1701 817 1752; x_wconf 88' lang='grc' dir='ltr'><strong>τοῦ</strong></span> <span class='ocrx_word' id='word_1_187' title='bbox 848 1700 954 1754; x_wconf 82' lang='grc' dir='ltr'><strong>τῶν</strong></span> <span class='ocrx_word' id='word_1_188' title='bbox 977 1702 1112 1754; x_wconf 83' lang='grc' dir='ltr'>ὅλων</span> <span class='ocrx_word' id='word_1_189' title='bbox 1136 1701 1498 1766; x_wconf 75' lang='grc' dir='ltr'>Δεσπόζοντος</span> <span class='ocrx_word' id='word_1_190' title='bbox 1520 1719 1533 1732; x_wconf 82' lang='lat'><strong><em>°</em></strong></span> <span class='ocrx_word' id='word_1_191' title='bbox 1565 1703 1754 1772; x_wconf 86' lang='grc' dir='ltr'>ὥσπερ</span> <span class='ocrx_word' id='word_1_192' title='bbox 1781 1700 1874 1758; x_wconf 80' lang='grc' dir='ltr'><strong>οὖν</strong></span> <span class='ocrx_word' id='word_1_193' title='bbox 1903 1707 1947 1758; x_wconf 77' lang='grc' dir='ltr'>εἰ</span> 
     </span>
    </p>
   </div>
   <div class='ocr_carea' id='block_1_26' title="bbox 2055 1685 3637 1773">
    <p class='ocr_par' dir='ltr' id='par_1_26' title="bbox 2058 1701 3637 1773">
     <span class='ocr_line' id='line_1_26' title="bbox 2058 1701 3637 1773; baseline -0.001 -15"><span class='ocrx_word' id='word_1_194' title='bbox 2058 1720 2163 1773; x_wconf 90' lang='lat' dir='ltr'><strong>que</strong></span> <span class='ocrx_word' id='word_1_195' title='bbox 2198 1705 2318 1757; x_wconf 91' lang='lat' dir='ltr'><strong>sine</strong></span> <span class='ocrx_word' id='word_1_196' title='bbox 2348 1718 2414 1758; x_wconf 91' lang='lat' dir='ltr'><strong>eo</strong></span> <span class='ocrx_word' id='word_1_197' title='bbox 2447 1703 2859 1764; x_wconf 89' lang='lat' dir='ltr'><strong>custodiuntur,</strong></span> <span class='ocrx_word' id='word_1_198' title='bbox 2890 1717 3026 1754; x_wconf 88' lang='lat' dir='ltr'><strong>vane</strong></span> <span class='ocrx_word' id='word_1_199' title='bbox 3065 1701 3406 1756; x_wconf 64' lang='lat' dir='ltr'><strong>aediﬁcantur</strong></span> <span class='ocrx_word' id='word_1_200' title='bbox 3436 1714 3489 1756; x_wconf 90' lang='lat' dir='ltr'><strong>et</strong></span> <span class='ocrx_word' id='word_1_201' title='bbox 3519 1704 3637 1757; x_wconf 83' lang='lat' dir='ltr'><strong>sine</strong></span> 
     </span>
    </p>
   </div>
   <div class='ocr_carea' id='block_1_27' title="bbox 2067 699 3645 774">
    <p class='ocr_par' dir='ltr' id='par_1_27' title="bbox 2067 699 3645 774">
     <span class='ocr_line' id='line_1_27' title="bbox 2067 699 3645 774; baseline 0.004 -21"><span class='ocrx_word' id='word_1_202' title='bbox 2067 716 2418 770; x_wconf 79' lang='lat' dir='ltr'><strong>properemus</strong></span> <span class='ocrx_word' id='word_1_203' title='bbox 2455 701 2507 754; x_wconf 92' lang='lat' dir='ltr'><strong>in</strong></span> <span class='ocrx_word' id='word_1_204' title='bbox 2541 717 2645 769; x_wconf 89' lang='lat' dir='ltr'><strong>qua</strong></span> <span class='ocrx_word' id='word_1_205' title='bbox 2680 700 2798 754; x_wconf 91' lang='lat' dir='ltr'><strong>ait:</strong></span> <span class='ocrx_word' id='word_1_206' title='bbox 2838 719 2855 750; x_wconf 85' lang='grc' dir='ltr'><strong>ι</strong></span> <span class='ocrx_word' id='word_1_207' title='bbox 2893 699 3009 754; x_wconf 80' lang='lat' dir='ltr'><strong>Non</strong></span> <span class='ocrx_word' id='word_1_208' title='bbox 3039 703 3268 758; x_wconf 85' lang='lat' dir='ltr'><strong>volemis</strong></span> <span class='ocrx_word' id='word_1_209' title='bbox 3307 721 3483 774; x_wconf 89' lang='lat' dir='ltr'><strong>neque</strong></span> <span class='ocrx_word' id='word_1_210' title='bbox 3524 722 3645 760; x_wconf 80' lang='lat' dir='ltr'><strong>cur-</strong></span> 
     </span>
    </p>
   </div>
   <div class='ocr_carea' id='block_1_28' title="bbox 2066 789 3642 855">
    <p class='ocr_par' dir='ltr' id='par_1_28' title="bbox 2066 789 3642 855">
     <span class='ocr_line' id='line_1_28' title="bbox 2066 789 3642 855; baseline 0.004 -14"><span class='ocrx_word' id='word_1_211' title='bbox 2066 791 2262 855; x_wconf 87' lang='lat' dir='ltr'><strong>rentis,</strong></span> <span class='ocrx_word' id='word_1_212' title='bbox 2311 791 2401 843; x_wconf 86' lang='lat' dir='ltr'><strong>sed</strong></span> <span class='ocrx_word' id='word_1_213' title='bbox 2438 789 2747 843; x_wconf 88' lang='lat' dir='ltr'><strong>miserentis</strong></span> <span class='ocrx_word' id='word_1_214' title='bbox 2782 800 2865 843; x_wconf 89' lang='lat' dir='ltr'><strong>est</strong></span> <span class='ocrx_word' id='word_1_215' title='bbox 2901 790 3016 845; x_wconf 87' lang='lat' dir='ltr'><strong>Dei.</strong></span> <span class='ocrx_word' id='word_1_216' title='bbox 3059 811 3075 842; x_wconf 78' lang='grc' dir='ltr'><strong>ι</strong></span> <span class='ocrx_word' id='word_1_217' title='bbox 3115 793 3169 845; x_wconf 94' lang='lat' dir='ltr'><strong>ln</strong></span> <span class='ocrx_word' id='word_1_218' title='bbox 3223 793 3361 847; x_wconf 90' lang='lat' dir='ltr'><strong>libro</strong></span> <span class='ocrx_word' id='word_1_219' title='bbox 3391 794 3642 849; x_wconf 82' lang='lat' dir='ltr'><strong>Psalmo~</strong></span> 
     </span>
    </p>
   </div>
   <div class='ocr_carea' id='block_1_29' title="bbox 2064 876 3640 945">
    <p class='ocr_par' dir='ltr' id='par_1_29' title="bbox 2064 876 3640 945">
     <span class='ocr_line' id='line_1_29' title="bbox 2064 876 3640 945; baseline 0.003 -14"><span class='ocrx_word' id='word_1_220' title='bbox 2064 894 2208 942; x_wconf 88' lang='lat' dir='ltr'><strong>rum,</strong></span> <span class='ocrx_word' id='word_1_221' title='bbox 2243 879 2294 930; x_wconf 93' lang='lat' dir='ltr'><strong>in</strong></span> <span class='ocrx_word' id='word_1_222' title='bbox 2320 876 2546 930; x_wconf 89' lang='lat' dir='ltr'><strong>canticis</strong></span> <span class='ocrx_word' id='word_1_223' title='bbox 2591 877 2855 942; x_wconf 73' lang='lat' dir='ltr'><strong>graduum</strong></span> <span class='ocrx_word' id='word_1_224' title='bbox 2882 878 2975 945; x_wconf 87' lang='lat' dir='ltr'><strong>qui</strong></span> <span class='ocrx_word' id='word_1_225' title='bbox 3009 879 3314 932; x_wconf 86' lang='lat' dir='ltr'><strong>Salomonis</strong></span> <span class='ocrx_word' id='word_1_226' title='bbox 3346 893 3467 934; x_wconf 88' lang='lat' dir='ltr'><strong>esse</strong></span> <span class='ocrx_word' id='word_1_227' title='bbox 3499 881 3640 935; x_wconf 81' lang='lat' dir='ltr'><strong>refe-</strong></span> 
     </span>
    </p>
   </div>
   <div class='ocr_carea' id='block_1_30' title="bbox 2064 967 3641 1036">
    <p class='ocr_par' dir='ltr' id='par_1_30' title="bbox 2064 967 3641 1036">
     <span class='ocr_line' id='line_1_30' title="bbox 2064 967 3641 1036; baseline 0.001 -14"><span class='ocrx_word' id='word_1_228' title='bbox 2064 980 2287 1032; x_wconf 89' lang='lat' dir='ltr'><strong>runtur,</strong></span> <span class='ocrx_word' id='word_1_229' title='bbox 2338 969 2441 1022; x_wconf 89' lang='lat' dir='ltr'><strong>hoc</strong></span> <span class='ocrx_word' id='word_1_230' title='bbox 2487 967 2645 1020; x_wconf 86' lang='lat' dir='ltr'><strong>modo</strong></span> <span class='ocrx_word' id='word_1_231' title='bbox 2691 968 2955 1036; x_wconf 88' lang='lat' dir='ltr'><strong>scriptum</strong></span> <span class='ocrx_word' id='word_1_232' title='bbox 3002 980 3121 1022; x_wconf 87' lang='lat' dir='ltr'><strong>est:</strong></span> <span class='ocrx_word' id='word_1_233' title='bbox 3177 989 3195 1020; x_wconf 79' lang='grc' dir='ltr'><strong>ι</strong></span> <span class='ocrx_word' id='word_1_234' title='bbox 3232 969 3344 1024; x_wconf 77' lang='lat' dir='ltr'><strong>Nisi</strong></span> <span class='ocrx_word' id='word_1_235' title='bbox 3380 971 3641 1024; x_wconf 87' lang='lat' dir='ltr'><strong>Dominus</strong></span> 
     </span>
    </p>
   </div>
   <div class='ocr_carea' id='block_1_31' title="bbox 2060 1062 3642 1132">
    <p class='ocr_par' dir='ltr' id='par_1_31' title="bbox 2060 1062 3642 1132">
     <span class='ocr_line' id='line_1_31' title="bbox 2060 1062 3642 1132; baseline 0 -14"><span class='ocrx_word' id='word_1_236' title='bbox 2060 1062 2412 1119; x_wconf 74' lang='lat' dir='ltr'><strong>:ediiicaverit</strong></span> <span class='ocrx_word' id='word_1_237' title='bbox 2443 1063 2661 1117; x_wconf 87' lang='lat' dir='ltr'><strong>dmnum</strong></span> <span class='ocrx_word' id='word_1_238' title='bbox 2691 1104 2704 1128; x_wconf 91' lang='lat'><strong>,</strong></span> <span class='ocrx_word' id='word_1_239' title='bbox 2754 1063 2807 1115; x_wconf 90' lang='lat' dir='ltr'><strong>in</strong></span> <span class='ocrx_word' id='word_1_240' title='bbox 2860 1079 3057 1116; x_wconf 91' lang='lat' dir='ltr'><strong>vanum</strong></span> <span class='ocrx_word' id='word_1_241' title='bbox 3098 1063 3516 1130; x_wconf 86' lang='lat' dir='ltr'><strong>laboraverunt,</strong></span> <span class='ocrx_word' id='word_1_242' title='bbox 3549 1065 3642 1132; x_wconf 82' lang='lat' dir='ltr'><strong>qui</strong></span> 
     </span>
    </p>
   </div>
   <div class='ocr_carea' id='block_1_32' title="bbox 2061 1155 3636 1220">
    <p class='ocr_par' dir='ltr' id='par_1_32' title="bbox 2061 1155 3636 1220">
     <span class='ocr_line' id='line_1_32' title="bbox 2061 1155 3636 1220; baseline -0.002 -9"><span class='ocrx_word' id='word_1_243' title='bbox 2061 1159 2334 1211; x_wconf 69' lang='lat' dir='ltr'><strong>aedificant</strong></span> <span class='ocrx_word' id='word_1_244' title='bbox 2377 1173 2518 1210; x_wconf 89' lang='lat' dir='ltr'><strong>eam.</strong></span> <span class='ocrx_word' id='word_1_245' title='bbox 2550 1155 2663 1208; x_wconf 79' lang='lat' dir='ltr'><strong>Nisi</strong></span> <span class='ocrx_word' id='word_1_246' title='bbox 2701 1155 2960 1208; x_wconf 80' lang='lat' dir='ltr'><strong>Dominus</strong></span> <span class='ocrx_word' id='word_1_247' title='bbox 2986 1156 3308 1209; x_wconf 88' lang='lat' dir='ltr'><strong>custodierit</strong></span> <span class='ocrx_word' id='word_1_248' title='bbox 3333 1158 3636 1220; x_wconf 86' lang='lat' dir='ltr'><strong>civitatem,</strong></span> 
     </span>
    </p>
   </div>
   <div class='ocr_carea' id='block_1_33' title="bbox 2061 1242 3641 1312">
    <p class='ocr_par' dir='ltr' id='par_1_33' title="bbox 2061 1242 3641 1312">
     <span class='ocr_line' id='line_1_33' title="bbox 2061 1242 3641 1312; baseline 0.002 -17"><span class='ocrx_word' id='word_1_249' title='bbox 2061 1243 2113 1295; x_wconf 91' lang='lat' dir='ltr'><strong>in</strong></span> <span class='ocrx_word' id='word_1_250' title='bbox 2151 1243 2307 1312; x_wconf 80' lang='lat'><strong>130</strong></span> <span class='ocrx_word' id='word_1_251' title='bbox 2341 1257 2539 1295; x_wconf 89' lang='lat' dir='ltr'><strong>vanum</strong></span> <span class='ocrx_word' id='word_1_252' title='bbox 2584 1242 2765 1310; x_wconf 82' lang='lat' dir='ltr'><strong>vigilat</strong></span> <span class='ocrx_word' id='word_1_253' title='bbox 2814 1243 2904 1310; x_wconf 90' lang='lat' dir='ltr'><strong>qui</strong></span> <span class='ocrx_word' id='word_1_254' title='bbox 2935 1243 3177 1295; x_wconf 72' lang='lat' dir='ltr'><strong>custodit</strong></span> <span class='ocrx_word' id='word_1_255' title='bbox 3220 1260 3338 1296; x_wconf 78' lang='lat' dir='ltr'><strong>cam</strong></span> <span class='ocrx_word' id='word_1_256' title='bbox 3366 1243 3432 1298; x_wconf 80' lang='grc'><strong>⁶⁰.</strong></span> <span class='ocrx_word' id='word_1_257' title='bbox 3478 1262 3496 1296; x_wconf 76' lang='grc' dir='ltr'><strong>ι</strong></span> <span class='ocrx_word' id='word_1_258' title='bbox 3536 1244 3641 1298; x_wconf 82' lang='lat' dir='ltr'><strong>Per</strong></span> 
     </span>
    </p>
   </div>
   <div class='ocr_carea' id='block_1_34' title="bbox 2061 1333 3637 1402">
    <p class='ocr_par' dir='ltr' id='par_1_34' title="bbox 2061 1333 3637 1402">
     <span class='ocr_line' id='line_1_34' title="bbox 2061 1333 3637 1402; baseline 0.003 -15"><span class='ocrx_word' id='word_1_259' title='bbox 2061 1349 2181 1402; x_wconf 86' lang='lat' dir='ltr'><strong>quae</strong></span> <span class='ocrx_word' id='word_1_260' title='bbox 2209 1335 2368 1389; x_wconf 86' lang='lat' dir='ltr'><strong>verba</strong></span> <span class='ocrx_word' id='word_1_261' title='bbox 2406 1350 2513 1388; x_wconf 92' lang='lat' dir='ltr'><strong>non</strong></span> <span class='ocrx_word' id='word_1_262' title='bbox 2545 1335 2731 1402; x_wconf 88' lang='lat' dir='ltr'><strong>utique</strong></span> <span class='ocrx_word' id='word_1_263' title='bbox 2763 1333 2969 1387; x_wconf 92' lang='lat' dir='ltr'><strong>indicat</strong></span> <span class='ocrx_word' id='word_1_264' title='bbox 3001 1345 3057 1386; x_wconf 92' lang='lat' dir='ltr'><strong>ut</strong></span> <span class='ocrx_word' id='word_1_265' title='bbox 3089 1349 3307 1388; x_wconf 90' lang='lat' dir='ltr'><strong>cessare</strong></span> <span class='ocrx_word' id='word_1_266' title='bbox 3340 1337 3637 1391; x_wconf 86' lang='lat' dir='ltr'><strong>debeamus</strong></span> 
     </span>
    </p>
   </div>
   <div class='ocr_carea' id='block_1_35' title="bbox 2061 1425 3637 1494">
    <p class='ocr_par' dir='ltr' id='par_1_35' title="bbox 2061 1425 3637 1494">
     <span class='ocr_line' id='line_1_35' title="bbox 2061 1425 3637 1494; baseline 0.001 -14"><span class='ocrx_word' id='word_1_267' title='bbox 2061 1427 2128 1480; x_wconf 89' lang='lat' dir='ltr'><strong>ab</strong></span> <span class='ocrx_word' id='word_1_268' title='bbox 2156 1427 2473 1480; x_wconf 67' lang='lat' dir='ltr'><strong>aedificando</strong></span> <span class='ocrx_word' id='word_1_269' title='bbox 2521 1425 2604 1480; x_wconf 90' lang='lat' dir='ltr'><strong>vel</strong></span> <span class='ocrx_word' id='word_1_270' title='bbox 2639 1425 2912 1494; x_wconf 80' lang='lat' dir='ltr'><strong>vigilando</strong></span> <span class='ocrx_word' id='word_1_271' title='bbox 2959 1427 3023 1478; x_wconf 91' lang='lat' dir='ltr'><strong>ad</strong></span> <span class='ocrx_word' id='word_1_272' title='bbox 3058 1429 3363 1481; x_wconf 86' lang='lat' dir='ltr'><strong>custodiam</strong></span> <span class='ocrx_word' id='word_1_273' title='bbox 3398 1428 3481 1479; x_wconf 85' lang='lat' dir='ltr'><strong>civ</strong></span> <span class='ocrx_word' id='word_1_274' title='bbox 3511 1428 3637 1481; x_wconf 87' lang='lat' dir='ltr'><strong>tatis</strong></span> 
     </span>
    </p>
   </div>
   <div class='ocr_carea' id='block_1_36' title="bbox 333 1789 1950 1862">
    <p class='ocr_par' dir='ltr' id='par_1_36' title="bbox 333 1789 1950 1862">
     <span class='ocr_line' id='line_1_36' title="bbox 333 1789 1950 1862; baseline 0.004 -19"><span class='ocrx_word' id='word_1_275' title='bbox 333 1789 641 1861; x_wconf 81' lang='grc' dir='ltr'>λέγοιμεν,</span> <span class='ocrx_word' id='word_1_276' title='bbox 673 1792 746 1844; x_wconf 87' lang='grc' dir='ltr'>Οὐ</span> <span class='ocrx_word' id='word_1_277' title='bbox 777 1790 869 1844; x_wconf 91' lang='grc' dir='ltr'><strong>τοῦ</strong></span> <span class='ocrx_word' id='word_1_278' title='bbox 901 1791 1327 1862; x_wconf 79' lang='grc' dir='ltr'>οἰκοδομοῦντος,</span> <span class='ocrx_word' id='word_1_279' title='bbox 1358 1793 1491 1846; x_wconf 85' lang='grc' dir='ltr'>ἀλλὰ</span> <span class='ocrx_word' id='word_1_280' title='bbox 1519 1793 1608 1847; x_wconf 88' lang='grc' dir='ltr'><strong>τοῦ</strong></span> <span class='ocrx_word' id='word_1_281' title='bbox 1639 1795 1773 1848; x_wconf 87' lang='grc' dir='ltr'>Θεοῦ</span> <span class='ocrx_word' id='word_1_282' title='bbox 1804 1798 1950 1850; x_wconf 75' lang='grc' dir='ltr'>ἐστὶν</span> 
     </span>
    </p>
   </div>
   <div class='ocr_carea' id='block_1_37' title="bbox 334 1881 1950 1955">
    <p class='ocr_par' dir='ltr' id='par_1_37' title="bbox 334 1881 1950 1955">
     <span class='ocr_line' id='line_1_37' title="bbox 334 1881 1950 1955; baseline 0.004 -23"><span class='ocrx_word' id='word_1_283' title='bbox 334 1881 516 1950; x_wconf 74' lang='grc' dir='ltr'>ἔργον</span> <span class='ocrx_word' id='word_1_284' title='bbox 571 1882 693 1935; x_wconf 86' lang='grc' dir='ltr'>τόδε</span> <span class='ocrx_word' id='word_1_285' title='bbox 733 1882 792 1934; x_wconf 82' lang='grc' dir='ltr'>τὸ</span> <span class='ocrx_word' id='word_1_286' title='bbox 837 1882 1214 1955; x_wconf 77' lang='grc' dir='ltr'>οἰκοδόμημα,</span> <span class='ocrx_word' id='word_1_287' title='bbox 1258 1884 1351 1936; x_wconf 75' lang='grc' dir='ltr'><strong>καὶ</strong></span> <span class='ocrx_word' id='word_1_288' title='bbox 1393 1885 1452 1935; x_wconf 83' lang='grc' dir='ltr'><strong>οὐ</strong></span> <span class='ocrx_word' id='word_1_289' title='bbox 1495 1884 1588 1936; x_wconf 89' lang='grc' dir='ltr'><strong>τοῦ</strong></span> <span class='ocrx_word' id='word_1_290' title='bbox 1620 1885 1950 1953; x_wconf 79' lang='grc' dir='ltr'>φυλάξαντος</span> 
     </span>
    </p>
   </div>
   <div class='ocr_carea' id='block_1_38' title="bbox 333 1973 1946 2051">
    <p class='ocr_par' dir='ltr' id='par_1_38' title="bbox 333 1973 1946 2051">
     <span class='ocr_line' id='line_1_38' title="bbox 333 1973 1946 2051; baseline 0.004 -26"><span class='ocrx_word' id='word_1_291' title='bbox 333 1973 720 2045; x_wconf 81' lang='grc' dir='ltr'>κατόρθωμα,</span> <span class='ocrx_word' id='word_1_292' title='bbox 743 1974 876 2028; x_wconf 82' lang='grc' dir='ltr'>ἀλλὰ</span> <span class='ocrx_word' id='word_1_293' title='bbox 902 1975 994 2028; x_wconf 91' lang='grc' dir='ltr'><strong>τοῦ</strong></span> <span class='ocrx_word' id='word_1_294' title='bbox 1018 1977 1110 2028; x_wconf 65' lang='grc' dir='ltr'><strong>ἐπ)¹</strong></span> <span class='ocrx_word' id='word_1_295' title='bbox 1143 1977 1363 2029; x_wconf 85' lang='grc' dir='ltr'>πάντων</span> <span class='ocrx_word' id='word_1_296' title='bbox 1385 1974 1538 2041; x_wconf 85' lang='grc' dir='ltr'>Θεοῦ,</span> <span class='ocrx_word' id='word_1_297' title='bbox 1558 1977 1617 2028; x_wconf 84' lang='grc' dir='ltr'><strong>τὸ</strong></span> <span class='ocrx_word' id='word_1_298' title='bbox 1647 1977 1810 2049; x_wconf 81' lang='grc' dir='ltr'>μηδὲν</span> <span class='ocrx_word' id='word_1_299' title='bbox 1837 1978 1946 2051; x_wconf 86' lang='grc'><strong>(79)</strong></span> 
     </span>
    </p>
   </div>
   <div class='ocr_carea' id='block_1_39' title="bbox 332 2065 1948 2138">
    <p class='ocr_par' dir='ltr' id='par_1_39' title="bbox 332 2065 1948 2138">
     <span class='ocr_line' id='line_1_39' title="bbox 332 2065 1948 2138; baseline 0.005 -24"><span class='ocrx_word' id='word_1_300' title='bbox 332 2065 694 2118; x_wconf 74' lang='grc' dir='ltr'>πεπονθέναι</span> <span class='ocrx_word' id='word_1_301' title='bbox 726 2066 832 2119; x_wconf 86' lang='grc' dir='ltr'><strong>ἀπὸ</strong></span> <span class='ocrx_word' id='word_1_302' title='bbox 862 2066 1135 2138; x_wconf 80' lang='grc' dir='ltr'>πολεμίων</span> <span class='ocrx_word' id='word_1_303' title='bbox 1177 2067 1336 2138; x_wconf 78' lang='grc' dir='ltr'>τήνδε</span> <span class='ocrx_word' id='word_1_304' title='bbox 1373 2067 1472 2138; x_wconf 82' lang='grc' dir='ltr'>τὴν</span> <span class='ocrx_word' id='word_1_305' title='bbox 1516 2067 1703 2132; x_wconf 86' lang='grc' dir='ltr'>πόλιν,</span> <span class='ocrx_word' id='word_1_306' title='bbox 1747 2069 1844 2120; x_wconf 89' lang='grc' dir='ltr'><strong>οὐκ</strong></span> <span class='ocrx_word' id='word_1_307' title='bbox 1883 2068 1948 2122; x_wconf 85' lang='grc' dir='ltr'>ἂν</span> 
     </span>
    </p>
   </div>
   <div class='ocr_carea' id='block_1_40' title="bbox 333 2157 1946 2229">
    <p class='ocr_par' dir='ltr' id='par_1_40' title="bbox 333 2157 1946 2229">
     <span class='ocr_line' id='line_1_40' title="bbox 333 2157 1946 2229; baseline 0.002 -21"><span class='ocrx_word' id='word_1_308' title='bbox 333 2158 649 2228; x_wconf 80' lang='grc' dir='ltr'>πταίοιμεν</span> <span class='ocrx_word' id='word_1_309' title='bbox 669 2199 683 2221; x_wconf 90' lang='grc'><strong>,</strong></span> <span class='ocrx_word' id='word_1_310' title='bbox 735 2159 1143 2229; x_wconf 85' lang='grc' dir='ltr'>ὑπακουομένου</span> <span class='ocrx_word' id='word_1_311' title='bbox 1193 2159 1290 2228; x_wconf 79' lang='grc' dir='ltr'><strong>μὲν</strong></span> <span class='ocrx_word' id='word_1_312' title='bbox 1323 2157 1414 2210; x_wconf 91' lang='grc' dir='ltr'><strong>τοῦ</strong></span> <span class='ocrx_word' id='word_1_313' title='bbox 1444 2158 1537 2210; x_wconf 71' lang='grc' dir='ltr'><strong>κα)⁴</strong></span> <span class='ocrx_word' id='word_1_314' title='bbox 1569 2158 1707 2211; x_wconf 85' lang='grc' dir='ltr'><strong>κατά</strong></span> <span class='ocrx_word' id='word_1_315' title='bbox 1740 2161 1828 2213; x_wconf 85' lang='grc' dir='ltr'><strong>τὸν</strong></span> <span class='ocrx_word' id='word_1_316' title='bbox 1852 2160 1946 2214; x_wconf 80' lang='grc' dir='ltr'><strong>ἄν-</strong></span> 
     </span>
    </p>
   </div>
   <div class='ocr_carea' id='block_1_41' title="bbox 332 2247 1947 2323">
    <p class='ocr_par' dir='ltr' id='par_1_41' title="bbox 332 2247 1947 2323">
     <span class='ocr_line' id='line_1_41' title="bbox 332 2247 1947 2323; baseline 0.002 -21"><span class='ocrx_word' id='word_1_317' title='bbox 332 2247 582 2320; x_wconf 83' lang='grc' dir='ltr'>θρωπόν</span> <span class='ocrx_word' id='word_1_318' title='bbox 623 2269 676 2303; x_wconf 90' lang='grc' dir='ltr'><strong>τι</strong></span> <span class='ocrx_word' id='word_1_319' title='bbox 709 2251 1023 2320; x_wconf 87' lang='grc' dir='ltr'>γεγονέναι,</span> <span class='ocrx_word' id='word_1_320' title='bbox 1059 2252 1151 2304; x_wconf 88' lang='grc' dir='ltr'><strong>τοῦ</strong></span> <span class='ocrx_word' id='word_1_321' title='bbox 1178 2251 1234 2304; x_wconf 82' lang='grc' dir='ltr'><strong>δὲ</strong></span> <span class='ocrx_word' id='word_1_322' title='bbox 1269 2251 1578 2322; x_wconf 79' lang='grc' dir='ltr'>ἀνδραγαθή</span> <span class='ocrx_word' id='word_1_323' title='bbox 1589 2269 1756 2323; x_wconf 88' lang='grc' dir='ltr'>ματος</span> <span class='ocrx_word' id='word_1_324' title='bbox 1789 2253 1947 2323; x_wconf 86' lang='grc' dir='ltr'>εὐχα-</span> 
     </span>
    </p>
   </div>
   <div class='ocr_carea' id='block_1_42' title="bbox 333 2341 1946 2416">
    <p class='ocr_par' dir='ltr' id='par_1_42' title="bbox 333 2341 1946 2416">
     <span class='ocr_line' id='line_1_42' title="bbox 333 2341 1946 2416; baseline 0.002 -23"><span class='ocrx_word' id='word_1_325' title='bbox 333 2343 566 2410; x_wconf 73' lang='grc' dir='ltr'>ρίστως</span> <span class='ocrx_word' id='word_1_326' title='bbox 595 2343 687 2394; x_wconf 73' lang='grc' dir='ltr'><strong>ἐπὶ</strong></span> <span class='ocrx_word' id='word_1_327' title='bbox 715 2343 804 2394; x_wconf 76' lang='grc' dir='ltr'><strong>τὸν</strong></span> <span class='ocrx_word' id='word_1_328' title='bbox 833 2341 1122 2412; x_wconf 77' lang='grc' dir='ltr'>τελειωτὴν</span> <span class='ocrx_word' id='word_1_329' title='bbox 1147 2342 1278 2395; x_wconf 77' lang='grc' dir='ltr'>Θεὸν</span> <span class='ocrx_word' id='word_1_330' title='bbox 1308 2344 1709 2416; x_wconf 75' lang='grc' dir='ltr'>ἀναφερομένου</span> <span class='ocrx_word' id='word_1_331' title='bbox 1732 2361 1744 2374; x_wconf 87' lang='grc'><strong>·</strong></span> <span class='ocrx_word' id='word_1_332' title='bbox 1776 2343 1946 2407; x_wconf 74' lang='grc' dir='ltr'>οὕτως</span> 
     </span>
    </p>
   </div>
   <div class='ocr_carea' id='block_1_43' title="bbox 305 2429 1946 2504">
    <p class='ocr_par' dir='ltr' id='par_1_43' title="bbox 305 2429 1946 2504">
     <span class='ocr_line' id='line_1_43' title="bbox 305 2429 1946 2504; baseline 0.002 -23"><span class='ocrx_word' id='word_1_333' title='bbox 305 2430 472 2481; x_wconf 68' lang='grc' dir='ltr'>,ἐπεὶ</span> <span class='ocrx_word' id='word_1_334' title='bbox 507 2431 610 2482; x_wconf 87' lang='grc' dir='ltr'><strong>οὐκ</strong></span> <span class='ocrx_word' id='word_1_335' title='bbox 643 2431 802 2500; x_wconf 84' lang='grc' dir='ltr'>ἀρκεῖ</span> <span class='ocrx_word' id='word_1_336' title='bbox 827 2429 886 2482; x_wconf 81' lang='grc' dir='ltr'><strong>τὸ</strong></span> <span class='ocrx_word' id='word_1_337' title='bbox 925 2430 1263 2500; x_wconf 85' lang='grc' dir='ltr'>ὰνΟρώπινον</span> <span class='ocrx_word' id='word_1_338' title='bbox 1302 2431 1475 2484; x_wconf 78' lang='grc' dir='ltr'>θέλειν</span> <span class='ocrx_word' id='word_1_339' title='bbox 1520 2433 1654 2504; x_wconf 77' lang='grc' dir='ltr'>πρὸς</span> <span class='ocrx_word' id='word_1_340' title='bbox 1680 2433 1740 2483; x_wconf 79' lang='grc' dir='ltr'>τὸ</span> <span class='ocrx_word' id='word_1_341' title='bbox 1767 2436 1946 2502; x_wconf 81' lang='grc' dir='ltr'>τυχεῖν</span> 
     </span>
    </p>
   </div>
   <div class='ocr_carea' id='block_1_44' title="bbox 331 2520 1945 2594">
    <p class='ocr_par' dir='ltr' id='par_1_44' title="bbox 331 2520 1945 2594">
     <span class='ocr_line' id='line_1_44' title="bbox 331 2520 1945 2594; baseline 0.002 -22"><span class='ocrx_word' id='word_1_342' title='bbox 331 2520 440 2572; x_wconf 83' lang='grc' dir='ltr'><strong>τοῦ</strong></span> <span class='ocrx_word' id='word_1_343' title='bbox 469 2520 684 2586; x_wconf 86' lang='grc' dir='ltr'>τέλους,</span> <span class='ocrx_word' id='word_1_344' title='bbox 711 2520 830 2573; x_wconf 78' lang='grc' dir='ltr'>οὐδὲ</span> <span class='ocrx_word' id='word_1_345' title='bbox 874 2521 934 2572; x_wconf 74' lang='grc' dir='ltr'><strong>τὸ</strong></span> <span class='ocrx_word' id='word_1_346' title='bbox 968 2521 1075 2572; x_wconf 85' lang='grc' dir='ltr'><strong>τῶν</strong></span> <span class='ocrx_word' id='word_1_347' title='bbox 1103 2523 1264 2573; x_wconf 77' lang='grc' dir='ltr'>οἱονεὶ</span> <span class='ocrx_word' id='word_1_348' title='bbox 1295 2522 1540 2592; x_wconf 81' lang='grc' dir='ltr'>ἀθλητῶν</span> <span class='ocrx_word' id='word_1_349' title='bbox 1569 2525 1780 2593; x_wconf 77' lang='grc' dir='ltr'>τρέχειν</span> <span class='ocrx_word' id='word_1_350' title='bbox 1811 2525 1945 2594; x_wconf 83' lang='grc' dir='ltr'>πρὸς</span> 
     </span>
    </p>
   </div>
   <div class='ocr_carea' id='block_1_45' title="bbox 327 2611 1945 2683">
    <p class='ocr_par' dir='ltr' id='par_1_45' title="bbox 327 2611 1945 2683">
     <span class='ocr_line' id='line_1_45' title="bbox 327 2611 1945 2683; baseline 0.001 -18"><span class='ocrx_word' id='word_1_351' title='bbox 327 2611 404 2665; x_wconf 75' lang='grc' dir='ltr'>τὸ</span> <span class='ocrx_word' id='word_1_352' title='bbox 441 2611 640 2664; x_wconf 77' lang='grc' dir='ltr'>λαϐεῖν</span> <span class='ocrx_word' id='word_1_353' title='bbox 673 2611 732 2663; x_wconf 81' lang='grc' dir='ltr'>τὸ</span> <span class='ocrx_word' id='word_1_354' title='bbox 783 2611 1031 2682; x_wconf 74' lang='grc' dir='ltr'>βραϐεῖον</span> <span class='ocrx_word' id='word_1_355' title='bbox 1060 2613 1160 2682; x_wconf 83' lang='grc' dir='ltr'>τῆς</span> <span class='ocrx_word' id='word_1_356' title='bbox 1192 2612 1305 2665; x_wconf 81' lang='grc' dir='ltr'>ἄνω</span> <span class='ocrx_word' id='word_1_357' title='bbox 1337 2612 1578 2683; x_wconf 79' lang='grc' dir='ltr'>κλήσεως</span> <span class='ocrx_word' id='word_1_358' title='bbox 1611 2614 1701 2664; x_wconf 85' lang='grc' dir='ltr'><strong>τοῦ</strong></span> <span class='ocrx_word' id='word_1_359' title='bbox 1729 2614 1860 2666; x_wconf 84' lang='grc' dir='ltr'>Θεοῦ</span> <span class='ocrx_word' id='word_1_360' title='bbox 1890 2617 1945 2666; x_wconf 77' lang='grc' dir='ltr'><strong>ἐν</strong></span> 
     </span>
    </p>
   </div>
   <div class='ocr_carea' id='block_1_46' title="bbox 329 2698 1947 2772">
    <p class='ocr_par' dir='ltr' id='par_1_46' title="bbox 329 2698 1947 2772">
     <span class='ocr_line' id='line_1_46' title="bbox 329 2698 1947 2772; baseline 0.002 -20"><span class='ocrx_word' id='word_1_361' title='bbox 329 2698 584 2769; x_wconf 81' lang='grc' dir='ltr'>Χριστῷ</span> <span class='ocrx_word' id='word_1_362' title='bbox 619 2699 788 2771; x_wconf 82' lang='grc' dir='ltr'>Ἰησοῦ</span> <span class='ocrx_word' id='word_1_363' title='bbox 813 2717 825 2730; x_wconf 90' lang='grc'><strong>·</strong></span> <span class='ocrx_word' id='word_1_364' title='bbox 875 2700 1010 2752; x_wconf 82' lang='grc' dir='ltr'>Θεοῦ</span> <span class='ocrx_word' id='word_1_365' title='bbox 1066 2701 1174 2772; x_wconf 80' lang='grc' dir='ltr'>γὰρ</span> <span class='ocrx_word' id='word_1_366' title='bbox 1214 2702 1731 2772; x_wconf 85' lang='grc' dir='ltr'>συμπαρισταμένου</span> <span class='ocrx_word' id='word_1_367' title='bbox 1776 2704 1947 2757; x_wconf 86' lang='grc' dir='ltr'>ταῦτα</span> 
     </span>
    </p>
   </div>
   <div class='ocr_carea' id='block_1_47' title="bbox 334 2791 1946 2859">
    <p class='ocr_par' dir='ltr' id='par_1_47' title="bbox 334 2791 1946 2859">
     <span class='ocr_line' id='line_1_47' title="bbox 334 2791 1946 2859; baseline 0.001 -15"><span class='ocrx_word' id='word_1_368' title='bbox 334 2792 610 2844; x_wconf 77' lang='grc' dir='ltr'>ἁνύεται’</span> <span class='ocrx_word' id='word_1_369' title='bbox 647 2791 825 2855; x_wconf 80' lang='grc' dir='ltr'>καλῶς</span> <span class='ocrx_word' id='word_1_370' title='bbox 854 2791 1070 2859; x_wconf 84' lang='grc' dir='ltr'>λέγεται</span> <span class='ocrx_word' id='word_1_371' title='bbox 1099 2793 1159 2844; x_wconf 86' lang='grc' dir='ltr'><strong>τὸ</strong></span> <span class='ocrx_word' id='word_1_372' title='bbox 1180 2832 1193 2855; x_wconf 93' lang='grc'><strong>,</strong></span> <span class='ocrx_word' id='word_1_373' title='bbox 1238 2812 1256 2843; x_wconf 87' lang='grc'><strong>‹</strong></span> <span class='ocrx_word' id='word_1_374' title='bbox 1294 2794 1367 2844; x_wconf 82' lang='grc' dir='ltr'>Οὐ</span> <span class='ocrx_word' id='word_1_375' title='bbox 1396 2792 1488 2845; x_wconf 88' lang='grc' dir='ltr'><strong>τοῦ</strong></span> <span class='ocrx_word' id='word_1_376' title='bbox 1529 2792 1790 2858; x_wconf 84' lang='grc' dir='ltr'>θέλοντος,</span> <span class='ocrx_word' id='word_1_377' title='bbox 1825 2795 1946 2847; x_wconf 80' lang='grc' dir='ltr'>οὐδὲ</span> 
     </span>
    </p>
   </div>
   <div class='ocr_carea' id='block_1_48' title="bbox 337 2881 1947 2954">
    <p class='ocr_par' dir='ltr' id='par_1_48' title="bbox 337 2881 1947 2954">
     <span class='ocr_line' id='line_1_48' title="bbox 337 2881 1947 2954; baseline 0.002 -19"><span class='ocrx_word' id='word_1_378' title='bbox 337 2881 444 2935; x_wconf 87' lang='grc' dir='ltr'><strong>τοῦ</strong></span> <span class='ocrx_word' id='word_1_379' title='bbox 472 2883 781 2954; x_wconf 87' lang='grc' dir='ltr'>τρέχοντος,</span> <span class='ocrx_word' id='word_1_380' title='bbox 817 2882 952 2935; x_wconf 81' lang='grc' dir='ltr'>ἀλλὰ</span> <span class='ocrx_word' id='word_1_381' title='bbox 972 2883 1064 2935; x_wconf 87' lang='grc' dir='ltr'><strong>τοῦ</strong></span> <span class='ocrx_word' id='word_1_382' title='bbox 1096 2882 1368 2946; x_wconf 75' lang='grc' dir='ltr'>ἐλεοῦντος</span> <span class='ocrx_word' id='word_1_383' title='bbox 1393 2883 1546 2936; x_wconf 85' lang='grc' dir='ltr'>Θεοῦ.</span> <span class='ocrx_word' id='word_1_384' title='bbox 1587 2903 1604 2933; x_wconf 73' lang='grc' dir='ltr'><strong>ι</strong></span> <span class='ocrx_word' id='word_1_385' title='bbox 1671 2885 1755 2948; x_wconf 87' lang='grc' dir='ltr'>Ὠς</span> <span class='ocrx_word' id='word_1_386' title='bbox 1783 2888 1829 2938; x_wconf 86' lang='grc' dir='ltr'>εἰ</span> <span class='ocrx_word' id='word_1_387' title='bbox 1854 2885 1947 2938; x_wconf 71' lang='grc' dir='ltr'>καὶ</span> 
     </span>
    </p>
   </div>
   <div class='ocr_carea' id='block_1_49' title="bbox 340 2973 1944 3044">
    <p class='ocr_par' dir='ltr' id='par_1_49' title="bbox 340 2973 1944 3044">
     <span class='ocr_line' id='line_1_49' title="bbox 340 2973 1944 3044; baseline 0.002 -21"><span class='ocrx_word' id='word_1_388' title='bbox 340 2973 444 3024; x_wconf 67' lang='grc' dir='ltr'><strong>ἐπὶ</strong></span> <span class='ocrx_word' id='word_1_389' title='bbox 497 2973 772 3044; x_wconf 83' lang='grc' dir='ltr'>γεωργίας</span> <span class='ocrx_word' id='word_1_390' title='bbox 812 2974 949 3043; x_wconf 81' lang='grc' dir='ltr'>ὅπερ</span> <span class='ocrx_word' id='word_1_391' title='bbox 996 2974 1089 3026; x_wconf 75' lang='grc' dir='ltr'>καὶ</span> <span class='ocrx_word' id='word_1_392' title='bbox 1138 2973 1447 3043; x_wconf 85' lang='grc' dir='ltr'>γέγραπται</span> <span class='ocrx_word' id='word_1_393' title='bbox 1475 2974 1722 3042; x_wconf 72' lang='grc' dir='ltr'><strong>ἐλέγετο⁹</strong></span> <span class='ocrx_word' id='word_1_394' title='bbox 1752 2995 1768 3024; x_wconf 78' lang='grc' dir='ltr'><strong>ι</strong></span> <span class='ocrx_word' id='word_1_395' title='bbox 1804 2974 1944 3043; x_wconf 87' lang='grc' dir='ltr'><strong>Ἐγὼ</strong></span> 
     </span>
    </p>
   </div>
   <div class='ocr_carea' id='block_1_50' title="bbox 341 3061 1939 3136">
    <p class='ocr_par' dir='ltr' id='par_1_50' title="bbox 341 3061 1939 3136">
     <span class='ocr_line' id='line_1_50' title="bbox 341 3061 1939 3136; baseline 0.003 -23"><span class='ocrx_word' id='word_1_396' title='bbox 341 3061 630 3129; x_wconf 81' lang='grc' dir='ltr'>ἐφύτευσα</span> <span class='ocrx_word' id='word_1_397' title='bbox 653 3104 666 3125; x_wconf 92' lang='grc'><strong>,</strong></span> <span class='ocrx_word' id='word_1_398' title='bbox 714 3062 984 3125; x_wconf 84' lang='grc' dir='ltr'>Ἀπολλὼς</span> <span class='ocrx_word' id='word_1_399' title='bbox 1019 3063 1271 3115; x_wconf 78' lang='grc' dir='ltr'>ἐπότισεν</span> <span class='ocrx_word' id='word_1_400' title='bbox 1295 3104 1309 3125; x_wconf 93' lang='grc'><strong>,</strong></span> <span class='ocrx_word' id='word_1_401' title='bbox 1359 3065 1386 3115; x_wconf 88' lang='grc' dir='ltr'>ὁ</span> <span class='ocrx_word' id='word_1_402' title='bbox 1416 3064 1472 3116; x_wconf 79' lang='grc' dir='ltr'>δὲ</span> <span class='ocrx_word' id='word_1_403' title='bbox 1505 3064 1633 3128; x_wconf 85' lang='grc' dir='ltr'>Θεὸς</span> <span class='ocrx_word' id='word_1_404' title='bbox 1675 3063 1939 3136; x_wconf 69' lang='grc' dir='ltr'>ηὔξησενο</span> 
     </span>
    </p>
   </div>
   <div class='ocr_carea' id='block_1_51' title="bbox 343 3151 1941 3220">
    <p class='ocr_par' dir='ltr' id='par_1_51' title="bbox 343 3151 1941 3220">
     <span class='ocr_line' id='line_1_51' title="bbox 343 3151 1941 3220; baseline 0.003 -16"><span class='ocrx_word' id='word_1_405' title='bbox 343 3151 496 3205; x_wconf 80' lang='grc' dir='ltr'>ὥστε</span> <span class='ocrx_word' id='word_1_406' title='bbox 527 3151 649 3204; x_wconf 82' lang='grc' dir='ltr'>οὕτε</span> <span class='ocrx_word' id='word_1_407' title='bbox 677 3156 704 3206; x_wconf 89' lang='lat'><strong>0</strong></span> <span class='ocrx_word' id='word_1_408' title='bbox 730 3153 974 3220; x_wconf 80' lang='grc' dir='ltr'>φυτεύων</span> <span class='ocrx_word' id='word_1_409' title='bbox 1011 3153 1124 3206; x_wconf 78' lang='grc' dir='ltr'>ἐστί</span> <span class='ocrx_word' id='word_1_410' title='bbox 1159 3170 1231 3216; x_wconf 90' lang='grc' dir='ltr'><strong>τι,</strong></span> <span class='ocrx_word' id='word_1_411' title='bbox 1269 3153 1390 3206; x_wconf 73' lang='grc' dir='ltr'>οὔτε</span> <span class='ocrx_word' id='word_1_412' title='bbox 1423 3157 1450 3207; x_wconf 87' lang='lat'><strong>0</strong></span> <span class='ocrx_word' id='word_1_413' title='bbox 1475 3153 1727 3220; x_wconf 78' lang='grc' dir='ltr'>ποτίζων,</span> <span class='ocrx_word' id='word_1_414' title='bbox 1769 3156 1883 3209; x_wconf 85' lang='grc' dir='ltr'>ἀλλ’</span> <span class='ocrx_word' id='word_1_415' title='bbox 1912 3159 1941 3209; x_wconf 87' lang='grc' dir='ltr'>ὁ</span> 
     </span>
    </p>
   </div>
   <div class='ocr_carea' id='block_1_52' title="bbox 343 3243 1940 3316">
    <p class='ocr_par' dir='ltr' id='par_1_52' title="bbox 343 3243 1940 3316">
     <span class='ocr_line' id='line_1_52' title="bbox 343 3243 1940 3316; baseline 0.002 -20"><span class='ocrx_word' id='word_1_416' title='bbox 343 3243 602 3307; x_wconf 79' lang='grc' dir='ltr'>αὐξάνων</span> <span class='ocrx_word' id='word_1_417' title='bbox 619 3243 770 3307; x_wconf 84' lang='grc' dir='ltr'>Θεός.</span> <span class='ocrx_word' id='word_1_418' title='bbox 794 3263 810 3294; x_wconf 78' lang='grc' dir='ltr'><strong>ι</strong></span> <span class='ocrx_word' id='word_1_419' title='bbox 833 3244 942 3297; x_wconf 69' lang='grc' dir='ltr'>Καὶ</span> <span class='ocrx_word' id='word_1_420' title='bbox 976 3244 1036 3295; x_wconf 80' lang='grc' dir='ltr'>τὸ</span> <span class='ocrx_word' id='word_1_421' title='bbox 1058 3245 1182 3306; x_wconf 76' lang='grc' dir='ltr'>τοὺς</span> <span class='ocrx_word' id='word_1_422' title='bbox 1207 3245 1452 3314; x_wconf 74' lang='grc' dir='ltr'>καρποὺς</span> <span class='ocrx_word' id='word_1_423' title='bbox 1475 3245 1700 3316; x_wconf 76' lang='grc' dir='ltr'>πλήρεις</span> <span class='ocrx_word' id='word_1_424' title='bbox 1717 3249 1940 3315; x_wconf 86' lang='grc' dir='ltr'>γεγονέ-</span> 
     </span>
    </p>
   </div>
   <div class='ocr_carea' id='block_1_53' title="bbox 345 3331 1938 3408">
    <p class='ocr_par' dir='ltr' id='par_1_53' title="bbox 345 3331 1938 3408">
     <span class='ocr_line' id='line_1_53' title="bbox 345 3331 1938 3408; baseline 0.003 -22"><span class='ocrx_word' id='word_1_425' title='bbox 345 3351 460 3395; x_wconf 87' lang='grc' dir='ltr'>ναι,</span> <span class='ocrx_word' id='word_1_426' title='bbox 480 3334 583 3387; x_wconf 85' lang='grc' dir='ltr'><strong>οὐκ</strong></span> <span class='ocrx_word' id='word_1_427' title='bbox 605 3333 670 3387; x_wconf 84' lang='grc' dir='ltr'>ἂν</span> <span class='ocrx_word' id='word_1_428' title='bbox 691 3333 930 3398; x_wconf 76' lang='grc' dir='ltr'>εὐσεϐῶς</span> <span class='ocrx_word' id='word_1_429' title='bbox 947 3334 1201 3405; x_wconf 85' lang='grc' dir='ltr'>λέγοιμεν</span> <span class='ocrx_word' id='word_1_430' title='bbox 1221 3335 1380 3406; x_wconf 80' lang='grc' dir='ltr'>ἔργον</span> <span class='ocrx_word' id='word_1_431' title='bbox 1411 3331 1547 3388; x_wconf 73' lang='grc' dir='ltr'>εἶναι</span> <span class='ocrx_word' id='word_1_432' title='bbox 1563 3336 1653 3389; x_wconf 89' lang='grc' dir='ltr'><strong>τοῦ</strong></span> <span class='ocrx_word' id='word_1_433' title='bbox 1672 3337 1938 3408; x_wconf 81' lang='grc' dir='ltr'>γεωργοῦ,</span> 
     </span>
    </p>
   </div>
   <div class='ocr_carea' id='block_1_54' title="bbox 2059 1791 3636 1860">
    <p class='ocr_par' dir='ltr' id='par_1_54' title="bbox 2059 1791 3636 1860">
     <span class='ocr_line' id='line_1_54' title="bbox 2059 1791 3636 1860; baseline -0.003 -12"><span class='ocrx_word' id='word_1_434' title='bbox 2059 1797 2222 1848; x_wconf 80' lang='lat' dir='ltr'><strong>causa</strong></span> <span class='ocrx_word' id='word_1_435' title='bbox 2253 1802 2557 1848; x_wconf 84' lang='lat' dir='ltr'><strong>servantur.</strong></span> <span class='ocrx_word' id='word_1_436' title='bbox 2588 1794 2641 1846; x_wconf 89' lang='lat' dir='ltr'><strong>in</strong></span> <span class='ocrx_word' id='word_1_437' title='bbox 2675 1793 2926 1846; x_wconf 90' lang='lat' dir='ltr'><strong>omnibus</strong></span> <span class='ocrx_word' id='word_1_438' title='bbox 2963 1793 3105 1846; x_wconf 89' lang='lat' dir='ltr'><strong>enim</strong></span> <span class='ocrx_word' id='word_1_439' title='bbox 3133 1806 3253 1860; x_wconf 56' lang='lat' dir='ltr'><strong>quae.</strong></span> <span class='ocrx_word' id='word_1_440' title='bbox 3297 1792 3434 1845; x_wconf 87' lang='lat' dir='ltr'><strong>bene</strong></span> <span class='ocrx_word' id='word_1_441' title='bbox 3465 1791 3636 1845; x_wconf 72' lang='lat' dir='ltr'><strong>aedili-</strong></span> 
     </span>
    </p>
   </div>
   <div class='ocr_carea' id='block_1_55' title="bbox 2057 1881 3634 1947">
    <p class='ocr_par' dir='ltr' id='par_1_55' title="bbox 2057 1881 3634 1947">
     <span class='ocr_line' id='line_1_55' title="bbox 2057 1881 3634 1947; baseline 0.001 -11"><span class='ocrx_word' id='word_1_442' title='bbox 2057 1891 2251 1936; x_wconf 89' lang='lat' dir='ltr'><strong>cantur</strong></span> <span class='ocrx_word' id='word_1_443' title='bbox 2279 1892 2333 1936; x_wconf 90' lang='lat' dir='ltr'><strong>et</strong></span> <span class='ocrx_word' id='word_1_444' title='bbox 2353 1881 2494 1936; x_wconf 83' lang='lat' dir='ltr'><strong>bene</strong></span> <span class='ocrx_word' id='word_1_445' title='bbox 2523 1883 2830 1947; x_wconf 88' lang='lat' dir='ltr'><strong>salvantur,</strong></span> <span class='ocrx_word' id='word_1_446' title='bbox 2857 1881 3116 1935; x_wconf 89' lang='lat' dir='ltr'><strong>Dominus</strong></span> <span class='ocrx_word' id='word_1_447' title='bbox 3147 1881 3231 1934; x_wconf 87' lang='lat' dir='ltr'><strong>vel</strong></span> <span class='ocrx_word' id='word_1_448' title='bbox 3255 1881 3634 1937; x_wconf 67' lang='lat' dir='ltr'><strong>aadilicationis</strong></span> 
     </span>
    </p>
   </div>
   <div class='ocr_carea' id='block_1_56' title="bbox 2056 1969 3632 2035">
    <p class='ocr_par' dir='ltr' id='par_1_56' title="bbox 2056 1969 3632 2035">
     <span class='ocr_line' id='line_1_56' title="bbox 2056 1969 3632 2035; baseline 0.001 -9"><span class='ocrx_word' id='word_1_449' title='bbox 2056 1974 2142 2027; x_wconf 89' lang='lat' dir='ltr'><strong>vel</strong></span> <span class='ocrx_word' id='word_1_450' title='bbox 2197 1971 2376 2026; x_wconf 73' lang='lat' dir='ltr'><strong>tutela:</strong></span> <span class='ocrx_word' id='word_1_451' title='bbox 2409 1982 2604 2026; x_wconf 90' lang='lat' dir='ltr'><strong>auctor</strong></span> <span class='ocrx_word' id='word_1_452' title='bbox 2653 1971 2966 2026; x_wconf 90' lang='lat' dir='ltr'><strong>ascribitur.</strong></span> <span class='ocrx_word' id='word_1_453' title='bbox 3010 1969 3120 2035; x_wconf 89' lang='lat' dir='ltr'><strong>Ut,</strong></span> <span class='ocrx_word' id='word_1_454' title='bbox 3157 1971 3304 2024; x_wconf 85' lang='lat' dir='ltr'><strong>verbi</strong></span> <span class='ocrx_word' id='word_1_455' title='bbox 3343 1987 3542 2035; x_wconf 90' lang='lat' dir='ltr'><strong>causa,</strong></span> <span class='ocrx_word' id='word_1_456' title='bbox 3587 1975 3632 2027; x_wconf 91' lang='lat' dir='ltr'><strong>si</strong></span> 
     </span>
    </p>
   </div>
   <div class='ocr_carea' id='block_1_57' title="bbox 2053 2061 3631 2131">
    <p class='ocr_par' dir='ltr' id='par_1_57' title="bbox 2053 2061 3631 2131">
     <span class='ocr_line' id='line_1_57' title="bbox 2053 2061 3631 2131; baseline 0 -15"><span class='ocrx_word' id='word_1_457' title='bbox 2053 2062 2337 2116; x_wconf 75' lang='lat' dir='ltr'><strong>videmnus</strong></span> <span class='ocrx_word' id='word_1_458' title='bbox 2387 2061 3012 2131; x_wconf 58' lang='lat' dir='ltr'><strong>aliquod&#39;magnificmn</strong></span> <span class='ocrx_word' id='word_1_459' title='bbox 3065 2076 3201 2128; x_wconf 90' lang='lat' dir='ltr'><strong>opus</strong></span> <span class='ocrx_word' id='word_1_460' title='bbox 3273 2072 3328 2116; x_wconf 87' lang='lat' dir='ltr'><strong>et</strong></span> <span class='ocrx_word' id='word_1_461' title='bbox 3387 2063 3631 2128; x_wconf 64' lang='lat' dir='ltr'><strong>praeclari</strong></span> 
     </span>
    </p>
   </div>
   <div class='ocr_carea' id='block_1_58' title="bbox 2057 2152 3632 2219">
    <p class='ocr_par' dir='ltr' id='par_1_58' title="bbox 2057 2152 3632 2219">
     <span class='ocr_line' id='line_1_58' title="bbox 2057 2152 3632 2219; baseline 0.002 -12"><span class='ocrx_word' id='word_1_462' title='bbox 2057 2152 2267 2207; x_wconf 78' lang='lat' dir='ltr'><strong>aedilicii</strong></span> <span class='ocrx_word' id='word_1_463' title='bbox 2291 2153 2461 2206; x_wconf 87' lang='lat' dir='ltr'><strong>moles</strong></span> <span class='ocrx_word' id='word_1_464' title='bbox 2491 2154 2687 2208; x_wconf 88' lang='lat' dir='ltr'><strong>decora</strong></span> <span class='ocrx_word' id='word_1_465' title='bbox 2719 2155 3130 2209; x_wconf 88' lang='lat' dir='ltr'><strong>constructione</strong></span> <span class='ocrx_word' id='word_1_466' title='bbox 3156 2155 3416 2219; x_wconf 86' lang='lat' dir='ltr'><strong>sublatas,</strong></span> <span class='ocrx_word' id='word_1_467' title='bbox 3455 2169 3632 2210; x_wconf 88' lang='lat' dir='ltr'><strong>nonne</strong></span> 
     </span>
    </p>
   </div>
   <div class='ocr_carea' id='block_1_59' title="bbox 2051 2243 3626 2314">
    <p class='ocr_par' dir='ltr' id='par_1_59' title="bbox 2051 2243 3626 2314">
     <span class='ocr_line' id='line_1_59' title="bbox 2051 2243 3626 2314; baseline 0.003 -16"><span class='ocrx_word' id='word_1_468' title='bbox 2051 2243 2174 2312; x_wconf 90' lang='lat' dir='ltr'><strong>jure</strong></span> <span class='ocrx_word' id='word_1_469' title='bbox 2202 2255 2255 2300; x_wconf 88' lang='lat' dir='ltr'><strong>et</strong></span> <span class='ocrx_word' id='word_1_470' title='bbox 2291 2247 2489 2300; x_wconf 89' lang='lat' dir='ltr'><strong>merito</strong></span> <span class='ocrx_word' id='word_1_471' title='bbox 2515 2247 2757 2300; x_wconf 85' lang='lat' dir='ltr'><strong>dicemus</strong></span> <span class='ocrx_word' id='word_1_472' title='bbox 2801 2262 2909 2300; x_wconf 89' lang='lat' dir='ltr'><strong>non</strong></span> <span class='ocrx_word' id='word_1_473' title='bbox 2945 2247 3057 2301; x_wconf 66' lang='lat' dir='ltr'><strong>haec</strong></span> <span class='ocrx_word' id='word_1_474' title='bbox 3104 2247 3355 2301; x_wconf 83' lang='lat' dir='ltr'><strong>humanis</strong></span> <span class='ocrx_word' id='word_1_475' title='bbox 3394 2247 3626 2314; x_wconf 86' lang='lat' dir='ltr'><strong>viribus,</strong></span> 
     </span>
    </p>
   </div>
   <div class='ocr_carea' id='block_1_60' title="bbox 2052 2335 3626 2406">
    <p class='ocr_par' dir='ltr' id='par_1_60' title="bbox 2052 2335 3626 2406">
     <span class='ocr_line' id='line_1_60' title="bbox 2052 2335 3626 2406; baseline 0.003 -18"><span class='ocrx_word' id='word_1_476' title='bbox 2052 2335 2146 2388; x_wconf 88' lang='lat' dir='ltr'><strong>sed</strong></span> <span class='ocrx_word' id='word_1_477' title='bbox 2165 2335 2345 2389; x_wconf 87' lang='lat' dir='ltr'><strong>divina</strong></span> <span class='ocrx_word' id='word_1_478' title='bbox 2376 2351 2480 2405; x_wconf 92' lang='lat' dir='ltr'><strong>ope</strong></span> <span class='ocrx_word' id='word_1_479' title='bbox 2511 2346 2678 2406; x_wconf 87' lang='lat' dir='ltr'><strong>atque</strong></span> <span class='ocrx_word' id='word_1_480' title='bbox 2702 2337 2904 2390; x_wconf 90' lang='lat' dir='ltr'><strong>virtute</strong></span> <span class='ocrx_word' id='word_1_481' title='bbox 2924 2339 3283 2391; x_wconf 86' lang='lat' dir='ltr'><strong>constructa?</strong></span> <span class='ocrx_word' id='word_1_482' title='bbox 3309 2337 3416 2393; x_wconf 83' lang='lat' dir='ltr'><strong>Nec</strong></span> <span class='ocrx_word' id='word_1_483' title='bbox 3445 2348 3626 2393; x_wconf 88' lang='lat' dir='ltr'><strong>tamen</strong></span> 
     </span>
    </p>
   </div>
   <div class='ocr_carea' id='block_1_61' title="bbox 2054 2425 3632 2499">
    <p class='ocr_par' dir='ltr' id='par_1_61' title="bbox 2054 2425 3632 2499">
     <span class='ocr_line' id='line_1_61' title="bbox 2054 2425 3632 2499; baseline 0.001 -19"><span class='ocrx_word' id='word_1_484' title='bbox 2054 2443 2117 2481; x_wconf 79' lang='lat' dir='ltr'><strong>ex</strong></span> <span class='ocrx_word' id='word_1_485' title='bbox 2167 2429 2269 2481; x_wconf 90' lang='lat' dir='ltr'><strong>hoc</strong></span> <span class='ocrx_word' id='word_1_486' title='bbox 2310 2443 2557 2483; x_wconf 85' lang='lat' dir='ltr'><strong>cessasse</strong></span> <span class='ocrx_word' id='word_1_487' title='bbox 2603 2438 2656 2482; x_wconf 89' lang='lat' dir='ltr'><strong>et</strong></span> <span class='ocrx_word' id='word_1_488' title='bbox 2705 2425 2842 2483; x_wconf 85' lang='lat' dir='ltr'><strong>nihil</strong></span> <span class='ocrx_word' id='word_1_489' title='bbox 2873 2431 3095 2483; x_wconf 90' lang='lat' dir='ltr'><strong>omnino</strong></span> <span class='ocrx_word' id='word_1_490' title='bbox 3129 2429 3306 2499; x_wconf 80' lang='lat' dir='ltr'><strong>egisse</strong></span> <span class='ocrx_word' id='word_1_491' title='bbox 3341 2431 3504 2483; x_wconf 83' lang='lat' dir='ltr'><strong>etiam</strong></span> <span class='ocrx_word' id='word_1_492' title='bbox 3533 2431 3632 2484; x_wconf 89' lang='lat' dir='ltr'><strong>hu-</strong></span> 
     </span>
    </p>
   </div>
   <div class='ocr_carea' id='block_1_62' title="bbox 2055 2514 3628 2587">
    <p class='ocr_par' dir='ltr' id='par_1_62' title="bbox 2055 2514 3628 2587">
     <span class='ocr_line' id='line_1_62' title="bbox 2055 2514 3628 2587; baseline 0.003 -20"><span class='ocrx_word' id='word_1_493' title='bbox 2055 2514 2198 2567; x_wconf 89' lang='lat' dir='ltr'><strong>mani</strong></span> <span class='ocrx_word' id='word_1_494' title='bbox 2225 2515 2386 2568; x_wconf 89' lang='lat' dir='ltr'><strong>studii</strong></span> <span class='ocrx_word' id='word_1_495' title='bbox 2427 2516 2579 2570; x_wconf 87' lang='lat' dir='ltr'><strong>labor</strong></span> <span class='ocrx_word' id='word_1_496' title='bbox 2608 2526 2774 2586; x_wconf 88' lang='lat' dir='ltr'><strong>atque</strong></span> <span class='ocrx_word' id='word_1_497' title='bbox 2808 2518 3074 2572; x_wconf 83' lang='lat' dir='ltr'><strong>industria</strong></span> <span class='ocrx_word' id='word_1_498' title='bbox 3107 2519 3500 2587; x_wconf 81' lang='lat' dir='ltr'><strong>dcsignabitur.</strong></span> <span class='ocrx_word' id='word_1_499' title='bbox 3535 2520 3628 2573; x_wconf 84' lang='lat' dir='ltr'><strong>Vel</strong></span> 
     </span>
    </p>
   </div>
   <div class='ocr_carea' id='block_1_63' title="bbox 2055 2603 3626 2683">
    <p class='ocr_par' dir='ltr' id='par_1_63' title="bbox 2055 2603 3626 2683">
     <span class='ocr_line' id='line_1_63' title="bbox 2055 2603 3626 2683; baseline 0.003 -27"><span class='ocrx_word' id='word_1_500' title='bbox 2055 2603 2252 2656; x_wconf 87' lang='lat' dir='ltr'><strong>iterum</strong></span> <span class='ocrx_word' id='word_1_501' title='bbox 2286 2605 2330 2657; x_wconf 88' lang='lat' dir='ltr'><strong>si</strong></span> <span class='ocrx_word' id='word_1_502' title='bbox 2366 2605 2642 2659; x_wconf 80' lang='lat' dir='ltr'><strong>videamus</strong></span> <span class='ocrx_word' id='word_1_503' title='bbox 2677 2608 2865 2661; x_wconf 83' lang='lat' dir='ltr'><strong>urbem</strong></span> <span class='ocrx_word' id='word_1_504' title='bbox 2918 2608 3156 2683; x_wconf 81' lang='lat' dir='ltr'><strong>aliquam</strong></span> <span class='ocrx_word' id='word_1_505' title='bbox 3201 2610 3348 2679; x_wconf 79' lang='lat' dir='ltr'><strong>gravi</strong></span> <span class='ocrx_word' id='word_1_506' title='bbox 3394 2611 3626 2664; x_wconf 90' lang='lat' dir='ltr'><strong>hostium</strong></span> 
     </span>
    </p>
   </div>
   <div class='ocr_carea' id='block_1_64' title="bbox 2055 2695 3630 2759">
    <p class='ocr_par' dir='ltr' id='par_1_64' title="bbox 2055 2695 3630 2759">
     <span class='ocr_line' id='line_1_64' title="bbox 2055 2695 3630 2759; baseline 0.005 -12"><span class='ocrx_word' id='word_1_507' title='bbox 2055 2695 2339 2749; x_wconf 81' lang='lat' dir='ltr'><strong>obsidione</strong></span> <span class='ocrx_word' id='word_1_508' title='bbox 2385 2696 2811 2759; x_wconf 82' lang='lat' dir='ltr'><strong>circumdatam,</strong></span> <span class='ocrx_word' id='word_1_509' title='bbox 2847 2699 3085 2753; x_wconf 77' lang='lat' dir='ltr'><strong>minaces</strong></span> <span class='ocrx_word' id='word_1_510' title='bbox 3125 2701 3313 2753; x_wconf 88' lang='lat' dir='ltr'><strong>inferri</strong></span> <span class='ocrx_word' id='word_1_511' title='bbox 3352 2702 3630 2755; x_wconf 85' lang='lat' dir='ltr'><strong>machinas</strong></span> 
     </span>
    </p>
   </div>
   <div class='ocr_carea' id='block_1_65' title="bbox 2057 2787 3625 2860">
    <p class='ocr_par' dir='ltr' id='par_1_65' title="bbox 2057 2787 3625 2860">
     <span class='ocr_line' id='line_1_65' title="bbox 2057 2787 3625 2860; baseline 0.004 -22"><span class='ocrx_word' id='word_1_512' title='bbox 2057 2787 2225 2839; x_wconf 83' lang='lat' dir='ltr'><strong>nutris</strong></span> <span class='ocrx_word' id='word_1_513' title='bbox 2249 2829 2263 2850; x_wconf 92' lang='lat'><strong>,</strong></span> <span class='ocrx_word' id='word_1_514' title='bbox 2303 2787 2445 2839; x_wconf 84' lang='lat' dir='ltr'><strong>vallo</strong></span> <span class='ocrx_word' id='word_1_515' title='bbox 2471 2826 2487 2852; x_wconf 94' lang='lat'><strong>,</strong></span> <span class='ocrx_word' id='word_1_516' title='bbox 2535 2787 2689 2851; x_wconf 90' lang='lat' dir='ltr'><strong>telis,</strong></span> <span class='ocrx_word' id='word_1_517' title='bbox 2721 2788 2932 2856; x_wconf 73' lang='lat' dir='ltr'><strong>ignibus</strong></span> <span class='ocrx_word' id='word_1_518' title='bbox 2956 2830 2971 2855; x_wconf 88' lang='lat'><strong>,</strong></span> <span class='ocrx_word' id='word_1_519' title='bbox 3009 2791 3329 2860; x_wconf 81' lang='lat' dir='ltr'><strong>cunctisque</strong></span> <span class='ocrx_word' id='word_1_520' title='bbox 3363 2792 3625 2845; x_wconf 88' lang='lat' dir='ltr'><strong>bellorum</strong></span> 
     </span>
    </p>
   </div>
   <div class='ocr_carea' id='block_1_66' title="bbox 2057 2879 3625 2951">
    <p class='ocr_par' dir='ltr' id='par_1_66' title="bbox 2057 2879 3625 2951">
     <span class='ocr_line' id='line_1_66' title="bbox 2057 2879 3625 2951; baseline 0.003 -20"><span class='ocrx_word' id='word_1_521' title='bbox 2057 2879 2430 2934; x_wconf 87' lang='lat' dir='ltr'><strong>instrumentis</strong></span> <span class='ocrx_word' id='word_1_522' title='bbox 2476 2881 2677 2950; x_wconf 90' lang='lat' dir='ltr'><strong>quibus</strong></span> <span class='ocrx_word' id='word_1_523' title='bbox 2710 2882 2922 2936; x_wconf 80' lang='lat' dir='ltr'><strong>excidia</strong></span> <span class='ocrx_word' id='word_1_524' title='bbox 2981 2892 3274 2950; x_wconf 87' lang='lat' dir='ltr'><strong>parantur,</strong></span> <span class='ocrx_word' id='word_1_525' title='bbox 3321 2883 3547 2951; x_wconf 82' lang='lat' dir='ltr'><strong>urgeri;</strong></span> <span class='ocrx_word' id='word_1_526' title='bbox 3581 2883 3625 2935; x_wconf 90' lang='lat' dir='ltr'><strong>si</strong></span> 
     </span>
    </p>
   </div>
   <div class='ocr_carea' id='block_1_67' title="bbox 2059 2970 3627 3042">
    <p class='ocr_par' dir='ltr' id='par_1_67' title="bbox 2059 2970 3627 3042">
     <span class='ocr_line' id='line_1_67' title="bbox 2059 2970 3627 3042; baseline 0.005 -24"><span class='ocrx_word' id='word_1_527' title='bbox 2059 2970 2242 3036; x_wconf 72' lang='lat' dir='ltr'><strong>repelli</strong></span> <span class='ocrx_word' id='word_1_528' title='bbox 2295 2971 2468 3026; x_wconf 89' lang='lat' dir='ltr'><strong>hostis</strong></span> <span class='ocrx_word' id='word_1_529' title='bbox 2511 2974 2686 3042; x_wconf 89' lang='lat' dir='ltr'><strong>potuit</strong></span> <span class='ocrx_word' id='word_1_530' title='bbox 2731 2983 2784 3026; x_wconf 90' lang='lat' dir='ltr'><strong>ct</strong></span> <span class='ocrx_word' id='word_1_531' title='bbox 2849 2972 3063 3041; x_wconf 81' lang='lat' dir='ltr'><strong>fugari,</strong></span> <span class='ocrx_word' id='word_1_532' title='bbox 3107 2973 3265 3042; x_wconf 79' lang='lat' dir='ltr'><strong>digne</strong></span> <span class='ocrx_word' id='word_1_533' title='bbox 3325 2973 3627 3041; x_wconf 88' lang='lat' dir='ltr'><strong>meritoque</strong></span> 
     </span>
    </p>
   </div>
   <div class='ocr_carea' id='block_1_68' title="bbox 2050 3062 3625 3133">
    <p class='ocr_par' dir='ltr' id='par_1_68' title="bbox 2050 3062 3625 3133">
     <span class='ocr_line' id='line_1_68' title="bbox 2050 3062 3625 3133; baseline 0.004 -21"><span class='ocrx_word' id='word_1_534' title='bbox 2050 3062 2166 3115; x_wconf 89' lang='lat' dir='ltr'><strong>urbi</strong></span> <span class='ocrx_word' id='word_1_535' title='bbox 2195 3063 2304 3133; x_wconf 72' lang='lat'><strong>(82)</strong></span> <span class='ocrx_word' id='word_1_536' title='bbox 2337 3064 2577 3118; x_wconf 85' lang='lat' dir='ltr'><strong>liberatae</strong></span> <span class='ocrx_word' id='word_1_537' title='bbox 2599 3065 2827 3118; x_wconf 90' lang='lat' dir='ltr'><strong>salutem</strong></span> <span class='ocrx_word' id='word_1_538' title='bbox 2857 3079 2884 3117; x_wconf 89' lang='lat' dir='ltr'><strong>a</strong></span> <span class='ocrx_word' id='word_1_539' title='bbox 2910 3064 3019 3117; x_wconf 92' lang='lat' dir='ltr'><strong>Dco</strong></span> <span class='ocrx_word' id='word_1_540' title='bbox 3049 3065 3344 3133; x_wconf 86' lang='lat' dir='ltr'><strong>praestitam</strong></span> <span class='ocrx_word' id='word_1_541' title='bbox 3374 3065 3625 3127; x_wconf 83' lang='lat' dir='ltr'><strong>dicimus.</strong></span> 
     </span>
    </p>
   </div>
   <div class='ocr_carea' id='block_1_69' title="bbox 2052 3157 3619 3226">
    <p class='ocr_par' dir='ltr' id='par_1_69' title="bbox 2052 3157 3619 3226">
     <span class='ocr_line' id='line_1_69' title="bbox 2052 3157 3619 3226; baseline 0.005 -20"><span class='ocrx_word' id='word_1_542' title='bbox 2052 3170 2149 3209; x_wconf 74' lang='lat' dir='ltr'><strong>nec</strong></span> <span class='ocrx_word' id='word_1_543' title='bbox 2204 3166 2382 3211; x_wconf 90' lang='lat' dir='ltr'><strong>tamen</strong></span> <span class='ocrx_word' id='word_1_544' title='bbox 2440 3173 2537 3226; x_wconf 88' lang='lat' dir='ltr'><strong>per</strong></span> <span class='ocrx_word' id='word_1_545' title='bbox 2592 3157 2695 3212; x_wconf 90' lang='lat' dir='ltr'><strong>hoc</strong></span> <span class='ocrx_word' id='word_1_546' title='bbox 2747 3157 2988 3212; x_wconf 67' lang='lat' dir='ltr'><strong>defuisse</strong></span> <span class='ocrx_word' id='word_1_547' title='bbox 3039 3159 3257 3226; x_wconf 80' lang='lat' dir='ltr'><strong>vigilum</strong></span> <span class='ocrx_word' id='word_1_548' title='bbox 3325 3160 3619 3226; x_wconf 80' lang='lat' dir='ltr'><strong>excubias‘,</strong></span> 
     </span>
    </p>
   </div>
   <div class='ocr_carea' id='block_1_70' title="bbox 2051 3247 3625 3323">
    <p class='ocr_par' dir='ltr' id='par_1_70' title="bbox 2051 3247 3625 3323">
     <span class='ocr_line' id='line_1_70' title="bbox 2051 3247 3625 3323; baseline 0.006 -27"><span class='ocrx_word' id='word_1_549' title='bbox 2051 3247 2389 3312; x_wconf 87' lang='lat' dir='ltr'><strong>procinctum</strong></span> <span class='ocrx_word' id='word_1_550' title='bbox 2417 3248 2678 3317; x_wconf 87' lang='lat' dir='ltr'><strong>juvenum</strong></span> <span class='ocrx_word' id='word_1_551' title='bbox 2716 3257 2770 3301; x_wconf 92' lang='lat' dir='ltr'><strong>et</strong></span> <span class='ocrx_word' id='word_1_552' title='bbox 2812 3249 3230 3302; x_wconf 87' lang='lat' dir='ltr'><strong>custodientium</strong></span> <span class='ocrx_word' id='word_1_553' title='bbox 3263 3250 3475 3320; x_wconf 83' lang='lat' dir='ltr'><strong>vigilias</strong></span> <span class='ocrx_word' id='word_1_554' title='bbox 3509 3248 3625 3323; x_wconf 77' lang='grc'><strong>(85)</strong></span> 
     </span>
    </p>
   </div>
   <div class='ocr_carea' id='block_1_71' title="bbox 2050 3336 3628 3414">
    <p class='ocr_par' dir='ltr' id='par_1_71' title="bbox 2050 3336 3628 3414">
     <span class='ocr_line' id='line_1_71' title="bbox 2050 3336 3628 3414; baseline 0.006 -23"><span class='ocrx_word' id='word_1_555' title='bbox 2050 3336 2435 3405; x_wconf 66' lang='lat' dir='ltr'><strong>desiguamus;</strong></span> <span class='ocrx_word' id='word_1_556' title='bbox 2467 3341 2538 3393; x_wconf 86' lang='lat' dir='ltr'><strong>ita</strong></span> <span class='ocrx_word' id='word_1_557' title='bbox 2579 3349 2633 3393; x_wconf 90' lang='lat' dir='ltr'><strong>et</strong></span> <span class='ocrx_word' id='word_1_558' title='bbox 2660 3341 2952 3410; x_wconf 84' lang='lat' dir='ltr'><strong>Apostolus</strong></span> <span class='ocrx_word' id='word_1_559' title='bbox 2996 3342 3198 3396; x_wconf 80' lang='lat' dir='ltr'><strong>dixisse</strong></span> <span class='ocrx_word' id='word_1_560' title='bbox 3234 3343 3628 3414; x_wconf 69' lang='lat' dir='ltr'><strong>intelligendus</strong></span> 
     </span>
    </p>
   </div>
   <div class='ocr_carea' id='block_1_72' title="bbox 1597 3468 2415 3540">
    <p class='ocr_par' dir='ltr' id='par_1_72' title="bbox 1597 3468 2415 3540">
     <span class='ocr_line' id='line_1_72' title="bbox 1597 3468 2415 3540; baseline 0.005 -19"><span class='ocrx_word' id='word_1_561' title='bbox 1597 3468 2163 3524; x_wconf 80' lang='lat' dir='ltr'><strong>INTERPRETATIO</strong></span> <span class='ocrx_word' id='word_1_562' title='bbox 2198 3469 2415 3540; x_wconf 57' lang='grc' dir='ltr'><strong>ΝΟΧΤΑι</strong></span> 
     </span>
    </p>
   </div>
   <div class='ocr_carea' id='block_1_73' title="bbox 353 3588 3622 3659">
    <p class='ocr_par' dir='ltr' id='par_1_73' title="bbox 353 3588 3622 3659">
     <span class='ocr_line' id='line_1_73' title="bbox 353 3588 3622 3659; baseline -0.001 -14"><span class='ocrx_word' id='word_1_563' title='bbox 353 3600 516 3645; x_wconf 86' lang='lat' dir='ltr'><strong>ratur</strong></span> <span class='ocrx_word' id='word_1_564' title='bbox 543 3601 820 3659; x_wconf 87' lang='lat' dir='ltr'><strong>acceptum</strong></span> <span class='ocrx_word' id='word_1_565' title='bbox 850 3606 864 3642; x_wconf 90' lang='lat'><strong>:</strong></span> <span class='ocrx_word' id='word_1_566' title='bbox 899 3589 1260 3657; x_wconf 78' lang='lat' dir='ltr'><strong>ita.quoniam</strong></span> <span class='ocrx_word' id='word_1_567' title='bbox 1317 3604 1421 3642; x_wconf 85' lang='lat' dir='ltr'><strong>non</strong></span> <span class='ocrx_word' id='word_1_568' title='bbox 1459 3588 1654 3642; x_wconf 69' lang='lat' dir='ltr'><strong>sufficit</strong></span> <span class='ocrx_word' id='word_1_569' title='bbox 1681 3589 1916 3643; x_wconf 87' lang='lat' dir='ltr'><strong>hominis</strong></span> <span class='ocrx_word' id='word_1_570' title='bbox 1948 3590 2197 3642; x_wconf 87' lang='lat' dir='ltr'><strong>voluntas</strong></span> <span class='ocrx_word' id='word_1_571' title='bbox 2243 3600 2301 3642; x_wconf 90' lang='lat' dir='ltr'><strong>ut</strong></span> <span class='ocrx_word' id='word_1_572' title='bbox 2349 3589 2506 3642; x_wconf 87' lang='lat' dir='ltr'><strong>finem</strong></span> <span class='ocrx_word' id='word_1_573' title='bbox 2548 3597 2896 3657; x_wconf 87' lang='lat' dir='ltr'><strong>assequatur,</strong></span> <span class='ocrx_word' id='word_1_574' title='bbox 2933 3604 3034 3643; x_wconf 89' lang='lat' dir='ltr'><strong>nec</strong></span> <span class='ocrx_word' id='word_1_575' title='bbox 3065 3588 3392 3642; x_wconf 88' lang='lat' dir='ltr'><strong>athletarum</strong></span> <span class='ocrx_word' id='word_1_576' title='bbox 3423 3605 3622 3647; x_wconf 75' lang='lat' dir='ltr'><strong>cursus</strong></span> 
     </span>
    </p>
   </div>
   <div class='ocr_carea' id='block_1_74' title="bbox 353 3659 3618 3728">
    <p class='ocr_par' dir='ltr' id='par_1_74' title="bbox 353 3659 3618 3728">
     <span class='ocr_line' id='line_1_74' title="bbox 353 3659 3618 3728; baseline 0 -17"><span class='ocrx_word' id='word_1_577' title='bbox 353 3674 412 3714; x_wconf 89' lang='lat' dir='ltr'><strong>ut</strong></span> <span class='ocrx_word' id='word_1_578' title='bbox 446 3661 694 3714; x_wconf 72' lang='lat' dir='ltr'><strong>cmlestis</strong></span> <span class='ocrx_word' id='word_1_579' title='bbox 723 3661 775 3712; x_wconf 90' lang='lat' dir='ltr'><strong>in</strong></span> <span class='ocrx_word' id='word_1_580' title='bbox 804 3660 1022 3728; x_wconf 84' lang='lat' dir='ltr'><strong>Christo</strong></span> <span class='ocrx_word' id='word_1_581' title='bbox 1053 3659 1180 3713; x_wconf 79' lang='lat' dir='ltr'><strong>Jesu</strong></span> <span class='ocrx_word' id='word_1_582' title='bbox 1218 3661 1524 3713; x_wconf 88' lang='lat' dir='ltr'><strong>vocationis</strong></span> <span class='ocrx_word' id='word_1_583' title='bbox 1577 3660 1666 3712; x_wconf 83' lang='lat' dir='ltr'><strong>Dei</strong></span> <span class='ocrx_word' id='word_1_584' title='bbox 1720 3660 2001 3727; x_wconf 66' lang='lat' dir='ltr'><strong>praemium</strong></span> <span class='ocrx_word' id='word_1_585' title='bbox 2055 3668 2330 3726; x_wconf 87' lang='lat' dir='ltr'><strong>reportent</strong></span> <span class='ocrx_word' id='word_1_586' title='bbox 2368 3674 2381 3708; x_wconf 89' lang='lat'><strong><em>:</em></strong></span> <span class='ocrx_word' id='word_1_587' title='bbox 2415 3660 2524 3711; x_wconf 86' lang='lat' dir='ltr'><strong>Deo</strong></span> <span class='ocrx_word' id='word_1_588' title='bbox 2565 3660 2710 3728; x_wconf 79' lang='lat' dir='ltr'><strong>enim</strong></span> <span class='ocrx_word' id='word_1_589' title='bbox 2755 3659 3053 3728; x_wconf 77' lang='lat' dir='ltr'><strong>adjuvante</strong></span> <span class='ocrx_word' id='word_1_590' title='bbox 3092 3659 3205 3712; x_wconf 67' lang='lat' dir='ltr'><strong>bare</strong></span> <span class='ocrx_word' id='word_1_591' title='bbox 3241 3659 3618 3728; x_wconf 82' lang='lat' dir='ltr'><strong>perficiuntur;</strong></span> 
     </span>
    </p>
   </div>
   <div class='ocr_carea' id='block_1_75' title="bbox 301 3727 3621 3799">
    <p class='ocr_par' dir='ltr' id='par_1_75' title="bbox 301 3727 3621 3799">
     <span class='ocr_line' id='line_1_75' title="bbox 301 3727 3621 3799; baseline 0.001 -18"><span class='ocrx_word' id='word_1_592' title='bbox 301 3794 304 3796; x_wconf 12' lang='grc' dir='ltr'><strong>γ</strong></span> <span class='ocrx_word' id='word_1_593' title='bbox 351 3745 486 3784; x_wconf 85' lang='lat' dir='ltr'><strong>vere</strong></span> <span class='ocrx_word' id='word_1_594' title='bbox 515 3730 713 3782; x_wconf 91' lang='lat' dir='ltr'><strong>dicitur</strong></span> <span class='ocrx_word' id='word_1_595' title='bbox 741 3750 752 3783; x_wconf 84' lang='lat'><strong>:</strong></span> <span class='ocrx_word' id='word_1_596' title='bbox 788 3727 960 3799; x_wconf 63' lang='lat' dir='ltr'><strong>«Non</strong></span> <span class='ocrx_word' id='word_1_597' title='bbox 998 3730 1227 3782; x_wconf 88' lang='lat' dir='ltr'><strong>volentis</strong></span> <span class='ocrx_word' id='word_1_598' title='bbox 1258 3744 1432 3799; x_wconf 89' lang='lat' dir='ltr'><strong>neque</strong></span> <span class='ocrx_word' id='word_1_599' title='bbox 1466 3732 1763 3785; x_wconf 81' lang='lat' dir='ltr'><strong>currentis.</strong></span> <span class='ocrx_word' id='word_1_600' title='bbox 1797 3729 2233 3799; x_wconf 72' lang='lat' dir='ltr'><strong>sedmiserentis</strong></span> <span class='ocrx_word' id='word_1_601' title='bbox 2268 3737 2352 3782; x_wconf 93' lang='lat' dir='ltr'><strong>est</strong></span> <span class='ocrx_word' id='word_1_602' title='bbox 2379 3729 2496 3780; x_wconf 89' lang='lat' dir='ltr'><strong>Dei.</strong></span> <span class='ocrx_word' id='word_1_603' title='bbox 2531 3747 2550 3799; x_wconf 66' lang='grc' dir='ltr'><strong>ι</strong></span> <span class='ocrx_word' id='word_1_604' title='bbox 2587 3727 2824 3781; x_wconf 83' lang='lat' dir='ltr'><strong>Perinde</strong></span> <span class='ocrx_word' id='word_1_605' title='bbox 2854 3743 2914 3781; x_wconf 89' lang='lat' dir='ltr'><strong>ac</strong></span> <span class='ocrx_word' id='word_1_606' title='bbox 2949 3727 3453 3799; x_wconf 73' lang='lat' dir='ltr'><strong>sideagricultura</strong></span> <span class='ocrx_word' id='word_1_607' title='bbox 3476 3727 3621 3799; x_wconf 84' lang='lat' dir='ltr'><strong>quod</strong></span> 
     </span>
    </p>
   </div>
   <div class='ocr_carea' id='block_1_76' title="bbox 351 3796 3620 3868">
    <p class='ocr_par' dir='ltr' id='par_1_76' title="bbox 351 3796 3620 3868">
     <span class='ocr_line' id='line_1_76' title="bbox 351 3796 3620 3868; baseline 0.001 -18"><span class='ocrx_word' id='word_1_608' title='bbox 351 3800 618 3866; x_wconf 82' lang='lat' dir='ltr'><strong>scriptum</strong></span> <span class='ocrx_word' id='word_1_609' title='bbox 646 3810 750 3862; x_wconf 84' lang='lat' dir='ltr'><strong>est,</strong></span> <span class='ocrx_word' id='word_1_610' title='bbox 785 3798 1099 3851; x_wconf 85' lang='lat' dir='ltr'><strong>diceretur:</strong></span> <span class='ocrx_word' id='word_1_611' title='bbox 1135 3819 1151 3847; x_wconf 73' lang='grc' dir='ltr'><strong>ι</strong></span> <span class='ocrx_word' id='word_1_612' title='bbox 1194 3799 1302 3866; x_wconf 74' lang='lat' dir='ltr'><strong>Ego</strong></span> <span class='ocrx_word' id='word_1_613' title='bbox 1333 3798 1570 3865; x_wconf 83' lang='lat' dir='ltr'><strong>plantavi</strong></span> <span class='ocrx_word' id='word_1_614' title='bbox 1599 3840 1612 3858; x_wconf 95' lang='lat'><strong>,</strong></span> <span class='ocrx_word' id='word_1_615' title='bbox 1644 3799 1836 3867; x_wconf 80' lang='lat' dir='ltr'><strong>Apollo</strong></span> <span class='ocrx_word' id='word_1_616' title='bbox 1869 3797 2083 3865; x_wconf 78' lang='lat' dir='ltr'><strong>rigavit,</strong></span> <span class='ocrx_word' id='word_1_617' title='bbox 2118 3796 2260 3850; x_wconf 87' lang='lat' dir='ltr'><strong>Deus</strong></span> <span class='ocrx_word' id='word_1_618' title='bbox 2293 3806 2487 3868; x_wconf 86' lang='lat' dir='ltr'><strong>autem</strong></span> <span class='ocrx_word' id='word_1_619' title='bbox 2539 3797 2936 3868; x_wconf 73' lang='lat' dir='ltr'><strong>incrementum</strong></span> <span class='ocrx_word' id='word_1_620' title='bbox 2985 3798 3151 3850; x_wconf 88' lang='lat' dir='ltr'><strong>dedit.</strong></span> <span class='ocrx_word' id='word_1_621' title='bbox 3191 3798 3262 3851; x_wconf 86' lang='lat' dir='ltr'><strong>Ita</strong></span> <span class='ocrx_word' id='word_1_622' title='bbox 3320 3796 3620 3868; x_wconf 51' lang='lat' dir='ltr'><strong>neque&#39;qui</strong></span> 
     </span>
    </p>
   </div>
   <div class='ocr_carea' id='block_1_77' title="bbox 353 3865 3619 3936">
    <p class='ocr_par' dir='ltr' id='par_1_77' title="bbox 353 3865 3619 3936">
     <span class='ocr_line' id='line_1_77' title="bbox 353 3865 3619 3936; baseline 0.001 -17"><span class='ocrx_word' id='word_1_623' title='bbox 353 3865 568 3934; x_wconf 80' lang='lat' dir='ltr'><strong>plantat</strong></span> <span class='ocrx_word' id='word_1_624' title='bbox 597 3879 680 3921; x_wconf 81' lang='lat' dir='ltr'><strong>est</strong></span> <span class='ocrx_word' id='word_1_625' title='bbox 706 3868 944 3934; x_wconf 86' lang='lat' dir='ltr'><strong>aliquid,</strong></span> <span class='ocrx_word' id='word_1_626' title='bbox 1001 3882 1174 3930; x_wconf 83' lang='lat' dir='ltr'><strong>neque</strong></span> <span class='ocrx_word' id='word_1_627' title='bbox 1207 3865 1295 3932; x_wconf 80' lang='lat' dir='ltr'><strong>qui</strong></span> <span class='ocrx_word' id='word_1_628' title='bbox 1330 3870 1470 3936; x_wconf 80' lang='lat' dir='ltr'><strong>rigat</strong></span> <span class='ocrx_word' id='word_1_629' title='bbox 1494 3907 1507 3927; x_wconf 86' lang='lat'><strong>,</strong></span> <span class='ocrx_word' id='word_1_630' title='bbox 1555 3870 1649 3920; x_wconf 85' lang='lat' dir='ltr'><strong>sed</strong></span> <span class='ocrx_word' id='word_1_631' title='bbox 1692 3865 1785 3935; x_wconf 87' lang='lat' dir='ltr'><strong>qui</strong></span> <span class='ocrx_word' id='word_1_632' title='bbox 1840 3867 2238 3920; x_wconf 84' lang='lat' dir='ltr'><strong>incrementum</strong></span> <span class='ocrx_word' id='word_1_633' title='bbox 2271 3867 2362 3920; x_wconf 82' lang='lat' dir='ltr'><strong>dat</strong></span> <span class='ocrx_word' id='word_1_634' title='bbox 2395 3867 2553 3922; x_wconf 90' lang='lat' dir='ltr'><strong>Deus.</strong></span> <span class='ocrx_word' id='word_1_635' title='bbox 2598 3886 2618 3917; x_wconf 86' lang='grc'><strong>›</strong></span> <span class='ocrx_word' id='word_1_636' title='bbox 2649 3865 2836 3934; x_wconf 82' lang='lat' dir='ltr'><strong>Neque</strong></span> <span class='ocrx_word' id='word_1_637' title='bbox 2885 3868 2973 3935; x_wconf 90' lang='lat' dir='ltr'><strong>pic</strong></span> <span class='ocrx_word' id='word_1_638' title='bbox 2999 3868 3305 3922; x_wconf 79' lang='lat' dir='ltr'><strong>diceremus</strong></span> <span class='ocrx_word' id='word_1_639' title='bbox 3333 3869 3528 3924; x_wconf 85' lang='lat' dir='ltr'><strong>uberes</strong></span> <span class='ocrx_word' id='word_1_640' title='bbox 3545 3865 3619 3925; x_wconf 67' lang='grc' dir='ltr'>’διο</span> 
     </span>
    </p>
   </div>
   <div class='ocr_carea' id='block_1_78' title="bbox 355 3936 3620 4006">
    <p class='ocr_par' dir='ltr' id='par_1_78' title="bbox 355 3936 3620 4006">
     <span class='ocr_line' id='line_1_78' title="bbox 355 3936 3620 4006; baseline 0.001 -16"><span class='ocrx_word' id='word_1_641' title='bbox 355 3949 604 3990; x_wconf 89' lang='lat' dir='ltr'><strong>maturos</strong></span> <span class='ocrx_word' id='word_1_642' title='bbox 639 3938 848 3990; x_wconf 89' lang='lat' dir='ltr'><strong>fructus</strong></span> <span class='ocrx_word' id='word_1_643' title='bbox 881 3947 975 3989; x_wconf 89' lang='lat' dir='ltr'><strong>aut</strong></span> <span class='ocrx_word' id='word_1_644' title='bbox 1005 3937 1256 4003; x_wconf 64' lang='lat' dir='ltr'><strong>agricolae</strong></span> <span class='ocrx_word' id='word_1_645' title='bbox 1295 3948 1386 3988; x_wconf 88' lang='lat' dir='ltr'><strong>aut</strong></span> <span class='ocrx_word' id='word_1_646' title='bbox 1419 3936 1535 4002; x_wconf 92' lang='lat' dir='ltr'><strong>ejus</strong></span> <span class='ocrx_word' id='word_1_647' title='bbox 1571 3938 1662 4005; x_wconf 84' lang='lat' dir='ltr'><strong>qui</strong></span> <span class='ocrx_word' id='word_1_648' title='bbox 1705 3937 1940 4004; x_wconf 83' lang='lat' dir='ltr'><strong>rigavit,</strong></span> <span class='ocrx_word' id='word_1_649' title='bbox 1974 3937 2068 3990; x_wconf 82' lang='lat' dir='ltr'><strong>scd</strong></span> <span class='ocrx_word' id='word_1_650' title='bbox 2103 3936 2194 3989; x_wconf 89' lang='lat' dir='ltr'><strong>Dei</strong></span> <span class='ocrx_word' id='word_1_651' title='bbox 2243 3949 2363 3991; x_wconf 87' lang='lat' dir='ltr'><strong>esse</strong></span> <span class='ocrx_word' id='word_1_652' title='bbox 2393 3951 2568 4006; x_wconf 90' lang='lat' dir='ltr'><strong>opus:</strong></span> <span class='ocrx_word' id='word_1_653' title='bbox 2614 3938 2686 3990; x_wconf 91' lang='lat' dir='ltr'><strong>ita</strong></span> <span class='ocrx_word' id='word_1_654' title='bbox 2725 3945 2905 3990; x_wconf 89' lang='lat' dir='ltr'><strong>nostra</strong></span> <span class='ocrx_word' id='word_1_655' title='bbox 2948 3937 3210 4003; x_wconf 83' lang='lat' dir='ltr'><strong>perfectio</strong></span> <span class='ocrx_word' id='word_1_656' title='bbox 3241 3954 3344 3991; x_wconf 91' lang='lat' dir='ltr'><strong>nou</strong></span> <span class='ocrx_word' id='word_1_657' title='bbox 3377 3939 3437 3992; x_wconf 89' lang='lat' dir='ltr'><strong>lit</strong></span> <span class='ocrx_word' id='word_1_658' title='bbox 3461 3941 3620 3995; x_wconf 87' lang='lat' dir='ltr'><strong>nobis</strong></span> 
     </span>
    </p>
   </div>
   <div class='ocr_carea' id='block_1_79' title="bbox 354 4006 3624 4075">
    <p class='ocr_par' dir='ltr' id='par_1_79' title="bbox 354 4006 3624 4075">
     <span class='ocr_line' id='line_1_79' title="bbox 354 4006 3624 4075; baseline 0 -15"><span class='ocrx_word' id='word_1_659' title='bbox 354 4007 492 4062; x_wconf 89' lang='lat' dir='ltr'><strong>nihil</strong></span> <span class='ocrx_word' id='word_1_660' title='bbox 530 4007 840 4073; x_wconf 78' lang='lat' dir='ltr'><strong>agentibus,</strong></span> <span class='ocrx_word' id='word_1_661' title='bbox 871 4021 1045 4072; x_wconf 87' lang='lat' dir='ltr'><strong>neque</strong></span> <span class='ocrx_word' id='word_1_662' title='bbox 1075 4021 1102 4056; x_wconf 77' lang='grc' dir='ltr'><strong>δ</strong></span> <span class='ocrx_word' id='word_1_663' title='bbox 1137 4006 1293 4058; x_wconf 89' lang='lat' dir='ltr'><strong>nobis</strong></span> <span class='ocrx_word' id='word_1_664' title='bbox 1322 4016 1761 4075; x_wconf 86' lang='lat' dir='ltr'><strong>consummatur,</strong></span> <span class='ocrx_word' id='word_1_665' title='bbox 1796 4007 1890 4058; x_wconf 85' lang='lat' dir='ltr'><strong>sed</strong></span> <span class='ocrx_word' id='word_1_666' title='bbox 1931 4008 2070 4060; x_wconf 89' lang='lat' dir='ltr'><strong>Deus</strong></span> <span class='ocrx_word' id='word_1_667' title='bbox 2100 4008 2430 4075; x_wconf 70' lang='lat' dir='ltr'><strong>praecipuam</strong></span> <span class='ocrx_word' id='word_1_668' title='bbox 2469 4009 2640 4072; x_wconf 87' lang='lat' dir='ltr'><strong>ipsius</strong></span> <span class='ocrx_word' id='word_1_669' title='bbox 2675 4017 2880 4074; x_wconf 88' lang='lat' dir='ltr'><strong>partem</strong></span> <span class='ocrx_word' id='word_1_670' title='bbox 2923 4007 3108 4060; x_wconf 79' lang='lat' dir='ltr'><strong>eiiicit.</strong></span> <span class='ocrx_word' id='word_1_671' title='bbox 3145 4010 3298 4072; x_wconf 81' lang='lat' dir='ltr'><strong>Quod</strong></span> <span class='ocrx_word' id='word_1_672' title='bbox 3341 4019 3399 4060; x_wconf 94' lang='lat' dir='ltr'><strong>ut</strong></span> <span class='ocrx_word' id='word_1_673' title='bbox 3439 4012 3624 4062; x_wconf 86' lang='lat' dir='ltr'><strong>mani-</strong></span> 
     </span>
    </p>
   </div>
   <div class='ocr_carea' id='block_1_80' title="bbox 353 4074 3616 4144">
    <p class='ocr_par' dir='ltr' id='par_1_80' title="bbox 353 4074 3616 4144">
     <span class='ocr_line' id='line_1_80' title="bbox 353 4074 3616 4144; baseline 0.001 -16"><span class='ocrx_word' id='word_1_674' title='bbox 353 4077 552 4130; x_wconf 81' lang='lat' dir='ltr'><strong>festius</strong></span> <span class='ocrx_word' id='word_1_675' title='bbox 603 4078 712 4139; x_wconf 76' lang='lat' dir='ltr'><strong>fiat,</strong></span> <span class='ocrx_word' id='word_1_676' title='bbox 760 4076 828 4128; x_wconf 89' lang='lat' dir='ltr'><strong>ab</strong></span> <span class='ocrx_word' id='word_1_677' title='bbox 871 4086 989 4129; x_wconf 87' lang='lat' dir='ltr'><strong>arte</strong></span> <span class='ocrx_word' id='word_1_678' title='bbox 1037 4074 1370 4144; x_wconf 79' lang='lat' dir='ltr'><strong>gubernandi</strong></span> <span class='ocrx_word' id='word_1_679' title='bbox 1437 4089 1713 4144; x_wconf 86' lang='lat' dir='ltr'><strong>sumemus</strong></span> <span class='ocrx_word' id='word_1_680' title='bbox 1766 4074 2112 4142; x_wconf 54' lang='lat' dir='ltr'><strong>exemplum.</strong></span> <span class='ocrx_word' id='word_1_681' title='bbox 2153 4077 2281 4128; x_wconf 76' lang='lat' dir='ltr'><strong>Nam</strong></span> <span class='ocrx_word' id='word_1_682' title='bbox 2334 4079 2476 4130; x_wconf 91' lang='lat' dir='ltr'><strong>inter</strong></span> <span class='ocrx_word' id='word_1_683' title='bbox 2523 4085 2810 4128; x_wconf 84' lang='lat' dir='ltr'><strong>ventorum</strong></span> <span class='ocrx_word' id='word_1_684' title='bbox 2860 4077 3066 4139; x_wconf 81' lang='lat' dir='ltr'><strong>ﬂatum,</strong></span> <span class='ocrx_word' id='word_1_685' title='bbox 3098 4076 3243 4129; x_wconf 87' lang='lat' dir='ltr'><strong>aeris</strong></span> <span class='ocrx_word' id='word_1_686' title='bbox 3275 4081 3616 4144; x_wconf 84' lang='lat' dir='ltr'><strong>temperiem,</strong></span> 
     </span>
    </p>
   </div>
   <div class='ocr_carea' id='block_1_81' title="bbox 357 4143 3616 4212">
    <p class='ocr_par' dir='ltr' id='par_1_81' title="bbox 357 4143 3616 4212">
     <span class='ocr_line' id='line_1_81' title="bbox 357 4143 3616 4212; baseline -0 -12"><span class='ocrx_word' id='word_1_687' title='bbox 357 4149 604 4200; x_wconf 87' lang='lat' dir='ltr'><strong>siderum</strong></span> <span class='ocrx_word' id='word_1_688' title='bbox 635 4147 966 4209; x_wconf 84' lang='lat' dir='ltr'><strong>claritatem,</strong></span> <span class='ocrx_word' id='word_1_689' title='bbox 1009 4159 1129 4212; x_wconf 62' lang='lat' dir='ltr'><strong>quae</strong></span> <span class='ocrx_word' id='word_1_690' title='bbox 1154 4143 1366 4212; x_wconf 85' lang='lat' dir='ltr'><strong>singula</strong></span> <span class='ocrx_word' id='word_1_691' title='bbox 1397 4143 1599 4211; x_wconf 91' lang='lat' dir='ltr'><strong>aliquid</strong></span> <span class='ocrx_word' id='word_1_692' title='bbox 1641 4145 1705 4195; x_wconf 88' lang='lat' dir='ltr'><strong>ad</strong></span> <span class='ocrx_word' id='word_1_693' title='bbox 1740 4145 2112 4212; x_wconf 80' lang='lat' dir='ltr'><strong>navigantium</strong></span> <span class='ocrx_word' id='word_1_694' title='bbox 2158 4147 2386 4199; x_wconf 84' lang='lat' dir='ltr'><strong>salutem</strong></span> <span class='ocrx_word' id='word_1_695' title='bbox 2425 4147 2730 4210; x_wconf 83' lang='lat' dir='ltr'><strong>conferunt,</strong></span> <span class='ocrx_word' id='word_1_696' title='bbox 2766 4160 3056 4212; x_wconf 88' lang='lat' dir='ltr'><strong>quemnam</strong></span> <span class='ocrx_word' id='word_1_697' title='bbox 3101 4145 3266 4196; x_wconf 88' lang='lat' dir='ltr'><strong>etiam</strong></span> <span class='ocrx_word' id='word_1_698' title='bbox 3310 4147 3484 4200; x_wconf 91' lang='lat' dir='ltr'><strong>locum</strong></span> <span class='ocrx_word' id='word_1_699' title='bbox 3519 4143 3616 4201; x_wconf 51' lang='lat' dir='ltr'><strong>lia;</strong></span> 
     </span>
    </p>
   </div>
   <div class='ocr_carea' id='block_1_82' title="bbox 362 4211 3614 4286">
    <p class='ocr_par' dir='ltr' id='par_1_82' title="bbox 362 4211 3614 4286">
     <span class='ocr_line' id='line_1_82' title="bbox 362 4211 3614 4286; baseline -0.002 -17"><span class='ocrx_word' id='word_1_700' title='bbox 362 4216 499 4270; x_wconf 85' lang='lat' dir='ltr'><strong>bere</strong></span> <span class='ocrx_word' id='word_1_701' title='bbox 530 4215 741 4268; x_wconf 87' lang='lat' dir='ltr'><strong>dicatur</strong></span> <span class='ocrx_word' id='word_1_702' title='bbox 767 4229 860 4268; x_wconf 88' lang='lat' dir='ltr'><strong>ars</strong></span> <span class='ocrx_word' id='word_1_703' title='bbox 887 4211 1236 4286; x_wconf 73' lang='lat' dir='ltr'><strong>gubernandi</strong></span> <span class='ocrx_word' id='word_1_704' title='bbox 1253 4211 1330 4264; x_wconf 75' lang='lat' dir='ltr'><strong>ad</strong></span> <span class='ocrx_word' id='word_1_705' title='bbox 1376 4223 1620 4286; x_wconf 74' lang='lat' dir='ltr'><strong>Optatum</strong></span> <span class='ocrx_word' id='word_1_706' title='bbox 1661 4211 2330 4286; x_wconf 78' lang='lat' dir='ltr'><strong>portumcontingendam</strong></span> <span class='ocrx_word' id='word_1_707' title='bbox 2353 4255 2366 4278; x_wconf 85' lang='lat'><strong>,</strong></span> <span class='ocrx_word' id='word_1_708' title='bbox 2399 4231 2522 4286; x_wconf 81' lang='lat' dir='ltr'><strong>cum</strong></span> <span class='ocrx_word' id='word_1_709' title='bbox 2557 4230 2695 4282; x_wconf 63' lang='grc' dir='ltr'>εει-ρο</span> <span class='ocrx_word' id='word_1_710' title='bbox 2730 4211 2796 4268; x_wconf 87' lang='lat' dir='ltr'><strong>ne</strong></span> <span class='ocrx_word' id='word_1_711' title='bbox 2835 4214 3186 4286; x_wconf 72' lang='lat' dir='ltr'><strong>ipsiquidem</strong></span> <span class='ocrx_word' id='word_1_712' title='bbox 3218 4225 3394 4286; x_wconf 60' lang='lat' dir='ltr'><strong>nauta}</strong></span> <span class='ocrx_word' id='word_1_713' title='bbox 3433 4219 3614 4271; x_wconf 80' lang='lat' dir='ltr'><strong>navim</strong></span> 
     </span>
    </p>
   </div>
   <div class='ocr_carea' id='block_1_83' title="bbox 353 4280 3614 4351">
    <p class='ocr_par' dir='ltr' id='par_1_83' title="bbox 353 4280 3614 4351">
     <span class='ocr_line' id='line_1_83' title="bbox 353 4280 3614 4351; baseline 0.001 -15"><span class='ocrx_word' id='word_1_714' title='bbox 353 4300 380 4336; x_wconf 89' lang='lat' dir='ltr'><strong>a</strong></span> <span class='ocrx_word' id='word_1_715' title='bbox 413 4299 472 4344; x_wconf 81' lang='lat' dir='ltr'><strong>se</strong></span> <span class='ocrx_word' id='word_1_716' title='bbox 507 4296 778 4338; x_wconf 80' lang='lat' dir='ltr'><strong>servatam</strong></span> <span class='ocrx_word' id='word_1_717' title='bbox 807 4280 1042 4336; x_wconf 83' lang='lat' dir='ltr'><strong>audeant</strong></span> <span class='ocrx_word' id='word_1_718' title='bbox 1075 4283 1408 4350; x_wconf 70' lang='lat' dir='ltr'><strong>praedicare,</strong></span> <span class='ocrx_word' id='word_1_719' title='bbox 1463 4286 1568 4351; x_wconf 71' lang='lat' dir='ltr'><strong>sed</strong></span> <span class='ocrx_word' id='word_1_720' title='bbox 1588 4280 1696 4334; x_wconf 88' lang='lat' dir='ltr'><strong>Deo</strong></span> <span class='ocrx_word' id='word_1_721' title='bbox 1719 4282 1978 4350; x_wconf 90' lang='lat' dir='ltr'><strong>quidquid</strong></span> <span class='ocrx_word' id='word_1_722' title='bbox 2010 4280 2323 4336; x_wconf 49' lang='lat' dir='ltr'><strong>est—auctori</strong></span> <span class='ocrx_word' id='word_1_723' title='bbox 2359 4280 2638 4341; x_wconf 75' lang='lat' dir='ltr'><strong>tribuant,</strong></span> <span class='ocrx_word' id='word_1_724' title='bbox 2687 4298 2791 4334; x_wconf 90' lang='lat' dir='ltr'><strong>non</strong></span> <span class='ocrx_word' id='word_1_725' title='bbox 2823 4282 2964 4348; x_wconf 90' lang='lat' dir='ltr'><strong>quod</strong></span> <span class='ocrx_word' id='word_1_726' title='bbox 2999 4280 3132 4332; x_wconf 78' lang='lat' dir='ltr'><strong>nihil</strong></span> <span class='ocrx_word' id='word_1_727' title='bbox 3176 4280 3275 4351; x_wconf 91' lang='lat' dir='ltr'><strong>ipsi</strong></span> <span class='ocrx_word' id='word_1_728' title='bbox 3304 4283 3614 4351; x_wconf 79' lang='lat' dir='ltr'><strong>cﬂ‘ecerint,</strong></span> 
     </span>
    </p>
   </div>
   <div class='ocr_carea' id='block_1_84' title="bbox 353 4349 3614 4422">
    <p class='ocr_par' dir='ltr' id='par_1_84' title="bbox 353 4349 3614 4422">
     <span class='ocr_line' id='line_1_84' title="bbox 353 4349 3614 4422; baseline 0 -16"><span class='ocrx_word' id='word_1_729' title='bbox 353 4355 452 4408; x_wconf 88' lang='lat' dir='ltr'><strong>sed</strong></span> <span class='ocrx_word' id='word_1_730' title='bbox 485 4355 629 4422; x_wconf 93' lang='lat' dir='ltr'><strong>quod</strong></span> <span class='ocrx_word' id='word_1_731' title='bbox 661 4355 822 4422; x_wconf 74' lang='lat' dir='ltr'><strong>longe</strong></span> <span class='ocrx_word' id='word_1_732' title='bbox 848 4352 1021 4415; x_wconf 81' lang='lat' dir='ltr'><strong>majus</strong></span> <span class='ocrx_word' id='word_1_733' title='bbox 1043 4349 1116 4406; x_wconf 88' lang='lat' dir='ltr'><strong>sit</strong></span> <span class='ocrx_word' id='word_1_734' title='bbox 1141 4362 1259 4404; x_wconf 89' lang='lat' dir='ltr'><strong>arte</strong></span> <span class='ocrx_word' id='word_1_735' title='bbox 1294 4351 1344 4402; x_wconf 92' lang='lat' dir='ltr'><strong>id</strong></span> <span class='ocrx_word' id='word_1_736' title='bbox 1375 4351 1516 4422; x_wconf 76' lang='lat' dir='ltr'><strong>quod</strong></span> <span class='ocrx_word' id='word_1_737' title='bbox 1543 4349 2129 4422; x_wconf 74' lang='lat' dir='ltr'><strong>Providentiaiactum</strong></span> <span class='ocrx_word' id='word_1_738' title='bbox 2156 4352 2282 4404; x_wconf 86' lang='lat' dir='ltr'><strong>est?</strong></span> <span class='ocrx_word' id='word_1_739' title='bbox 2311 4354 2400 4405; x_wconf 83' lang='lat' dir='ltr'><strong>Sic</strong></span> <span class='ocrx_word' id='word_1_740' title='bbox 2435 4353 2486 4403; x_wconf 90' lang='lat' dir='ltr'><strong>in</strong></span> <span class='ocrx_word' id='word_1_741' title='bbox 2509 4364 2717 4422; x_wconf 74' lang='lat' dir='ltr'><strong>nostra</strong></span> <span class='ocrx_word' id='word_1_742' title='bbox 2759 4351 2932 4403; x_wconf 87' lang='lat' dir='ltr'><strong>salute</strong></span> <span class='ocrx_word' id='word_1_743' title='bbox 2971 4352 3129 4422; x_wconf 63' lang='lat' dir='ltr'><strong>longe</strong></span> <span class='ocrx_word' id='word_1_744' title='bbox 3155 4350 3329 4422; x_wconf 86' lang='lat' dir='ltr'><strong>majus</strong></span> <span class='ocrx_word' id='word_1_745' title='bbox 3356 4365 3441 4406; x_wconf 86' lang='lat' dir='ltr'><strong>est</strong></span> <span class='ocrx_word' id='word_1_746' title='bbox 3472 4349 3614 4421; x_wconf 84' lang='lat' dir='ltr'><strong>quod</strong></span> 
     </span>
    </p>
   </div>
   <div class='ocr_carea' id='block_1_85' title="bbox 353 4416 3616 4492">
    <p class='ocr_par' dir='ltr' id='par_1_85' title="bbox 353 4416 3616 4492">
     <span class='ocr_line' id='line_1_85' title="bbox 353 4416 3616 4492; baseline 0 -15"><span class='ocrx_word' id='word_1_747' title='bbox 353 4440 382 4477; x_wconf 85' lang='lat' dir='ltr'><strong>a</strong></span> <span class='ocrx_word' id='word_1_748' title='bbox 419 4416 547 4485; x_wconf 78' lang='lat' dir='ltr'><strong>Deo,</strong></span> <span class='ocrx_word' id='word_1_749' title='bbox 589 4416 934 4492; x_wconf 57' lang='lat' dir='ltr'><strong>quam&#39;quod</strong></span> <span class='ocrx_word' id='word_1_750' title='bbox 980 4437 1008 4474; x_wconf 89' lang='lat' dir='ltr'><strong>a</strong></span> <span class='ocrx_word' id='word_1_751' title='bbox 1050 4431 1236 4473; x_wconf 92' lang='lat' dir='ltr'><strong>nostro</strong></span> <span class='ocrx_word' id='word_1_752' title='bbox 1267 4429 1359 4492; x_wconf 69' lang='lat' dir='ltr'><strong>est</strong></span> <span class='ocrx_word' id='word_1_753' title='bbox 1398 4420 1570 4492; x_wconf 83' lang='lat' dir='ltr'><strong>libero</strong></span> <span class='ocrx_word' id='word_1_754' title='bbox 1599 4421 1852 4492; x_wconf 86' lang='lat' dir='ltr'><strong>arbitrio.</strong></span> <span class='ocrx_word' id='word_1_755' title='bbox 1887 4421 2060 4487; x_wconf 86' lang='lat' dir='ltr'><strong>Quam</strong></span> <span class='ocrx_word' id='word_1_756' title='bbox 2113 4423 2181 4474; x_wconf 88' lang='lat' dir='ltr'><strong>ob</strong></span> <span class='ocrx_word' id='word_1_757' title='bbox 2217 4435 2439 4492; x_wconf 85' lang='lat' dir='ltr'><strong>causam</strong></span> <span class='ocrx_word' id='word_1_758' title='bbox 2487 4421 2692 4492; x_wconf 84' lang='lat' dir='ltr'><strong>dictum</strong></span> <span class='ocrx_word' id='word_1_759' title='bbox 2743 4429 2967 4492; x_wconf 45' lang='lat' dir='ltr'><strong>putor:</strong></span> <span class='ocrx_word' id='word_1_760' title='bbox 3007 4416 3122 4470; x_wconf 81' lang='lat' dir='ltr'><strong>Non</strong></span> <span class='ocrx_word' id='word_1_761' title='bbox 3155 4421 3407 4492; x_wconf 80' lang='lat' dir='ltr'><strong>volentis,</strong></span> <span class='ocrx_word' id='word_1_762' title='bbox 3436 4416 3616 4492; x_wconf 80' lang='lat' dir='ltr'><strong>neque</strong></span> 
     </span>
    </p>
   </div>
   <div class='ocr_carea' id='block_1_86' title="bbox 361 4488 3615 4557">
    <p class='ocr_par' dir='ltr' id='par_1_86' title="bbox 361 4488 3615 4557">
     <span class='ocr_line' id='line_1_86' title="bbox 361 4488 3615 4557; baseline 0 -11"><span class='ocrx_word' id='word_1_763' title='bbox 361 4488 660 4556; x_wconf 79' lang='lat' dir='ltr'><strong>currentis,</strong></span> <span class='ocrx_word' id='word_1_764' title='bbox 687 4495 778 4546; x_wconf 90' lang='lat' dir='ltr'><strong>sed</strong></span> <span class='ocrx_word' id='word_1_765' title='bbox 807 4488 1114 4544; x_wconf 74' lang='lat' dir='ltr'><strong>iniserentis</strong></span> <span class='ocrx_word' id='word_1_766' title='bbox 1143 4500 1226 4544; x_wconf 89' lang='lat' dir='ltr'><strong>est</strong></span> <span class='ocrx_word' id='word_1_767' title='bbox 1261 4488 1376 4542; x_wconf 92' lang='lat' dir='ltr'><strong>Dei.</strong></span> <span class='ocrx_word' id='word_1_768' title='bbox 1417 4509 1435 4541; x_wconf 73' lang='grc' dir='ltr'><strong>ι</strong></span> <span class='ocrx_word' id='word_1_769' title='bbox 1469 4490 1523 4543; x_wconf 81' lang='lat' dir='ltr'><strong>Si</strong></span> <span class='ocrx_word' id='word_1_770' title='bbox 1553 4491 1696 4543; x_wconf 89' lang='lat' dir='ltr'><strong>enim</strong></span> <span class='ocrx_word' id='word_1_771' title='bbox 1727 4505 1790 4543; x_wconf 95' lang='lat' dir='ltr'><strong>eo</strong></span> <span class='ocrx_word' id='word_1_772' title='bbox 1816 4506 1924 4557; x_wconf 86' lang='lat' dir='ltr'><strong>quo</strong></span> <span class='ocrx_word' id='word_1_773' title='bbox 1959 4493 2044 4544; x_wconf 89' lang='lat' dir='ltr'><strong>isti</strong></span> <span class='ocrx_word' id='word_1_774' title='bbox 2076 4489 2396 4545; x_wconf 82' lang='lat' dir='ltr'><strong>existimant</strong></span> <span class='ocrx_word' id='word_1_775' title='bbox 2425 4490 2584 4542; x_wconf 91' lang='lat' dir='ltr'><strong>modo</strong></span> <span class='ocrx_word' id='word_1_776' title='bbox 2620 4491 2706 4543; x_wconf 90' lang='lat' dir='ltr'><strong>hic</strong></span> <span class='ocrx_word' id='word_1_777' title='bbox 2740 4489 2887 4541; x_wconf 81' lang='lat' dir='ltr'><strong>Pauli</strong></span> <span class='ocrx_word' id='word_1_778' title='bbox 2919 4489 3065 4542; x_wconf 89' lang='lat' dir='ltr'><strong>locus</strong></span> <span class='ocrx_word' id='word_1_779' title='bbox 3113 4507 3125 4540; x_wconf 89' lang='lat'><strong>:</strong></span> <span class='ocrx_word' id='word_1_780' title='bbox 3169 4507 3188 4538; x_wconf 80' lang='grc' dir='ltr'><strong>ι</strong></span> <span class='ocrx_word' id='word_1_781' title='bbox 3227 4489 3342 4545; x_wconf 84' lang='lat' dir='ltr'><strong>Non</strong></span> <span class='ocrx_word' id='word_1_782' title='bbox 3384 4488 3615 4548; x_wconf 85' lang='lat' dir='ltr'><strong>volentis</strong></span> 
     </span>
    </p>
   </div>
   <div class='ocr_carea' id='block_1_87' title="bbox 356 4557 3614 4630">
    <p class='ocr_par' dir='ltr' id='par_1_87' title="bbox 356 4557 3614 4630">
     <span class='ocr_line' id='line_1_87' title="bbox 356 4557 3614 4630; baseline 0.001 -16"><span class='ocrx_word' id='word_1_783' title='bbox 356 4577 537 4630; x_wconf 87' lang='lat' dir='ltr'><strong>neque</strong></span> <span class='ocrx_word' id='word_1_784' title='bbox 571 4563 862 4622; x_wconf 78' lang='lat' dir='ltr'><strong>currentis,</strong></span> <span class='ocrx_word' id='word_1_785' title='bbox 903 4561 997 4614; x_wconf 86' lang='lat' dir='ltr'><strong>sed</strong></span> <span class='ocrx_word' id='word_1_786' title='bbox 1033 4561 1473 4630; x_wconf 13' lang='lat' dir='ltr'><strong>miscrentisiest</strong></span> <span class='ocrx_word' id='word_1_787' title='bbox 1509 4558 1626 4630; x_wconf 87' lang='lat' dir='ltr'><strong>Dei,</strong></span> <span class='ocrx_word' id='word_1_788' title='bbox 1656 4578 1685 4630; x_wconf 12' lang='grc' dir='ltr'><strong>γι</strong></span> <span class='ocrx_word' id='word_1_789' title='bbox 1715 4570 1799 4616; x_wconf 89' lang='lat' dir='ltr'><strong>est.</strong></span> <span class='ocrx_word' id='word_1_790' title='bbox 1833 4561 2237 4628; x_wconf 80' lang='lat' dir='ltr'><strong>intelligendus,</strong></span> <span class='ocrx_word' id='word_1_791' title='bbox 2269 4574 2675 4630; x_wconf 86' lang='lat' dir='ltr'><strong>supervacanea</strong></span> <span class='ocrx_word' id='word_1_792' title='bbox 2707 4569 2835 4612; x_wconf 89' lang='lat' dir='ltr'><strong>sunt</strong></span> <span class='ocrx_word' id='word_1_793' title='bbox 2859 4559 3120 4630; x_wconf 82' lang='lat' dir='ltr'><strong>mandata</strong></span> <span class='ocrx_word' id='word_1_794' title='bbox 3149 4574 3163 4622; x_wconf 90' lang='lat'><strong>;</strong></span> <span class='ocrx_word' id='word_1_795' title='bbox 3189 4557 3390 4630; x_wconf 81' lang='lat' dir='ltr'><strong>frustra</strong></span> <span class='ocrx_word' id='word_1_796' title='bbox 3416 4561 3614 4618; x_wconf 81' lang='lat' dir='ltr'><strong>Paulus</strong></span> 
     </span>
    </p>
   </div>
   <div class='ocr_carea' id='block_1_88' title="bbox 357 4628 3611 4700">
    <p class='ocr_par' dir='ltr' id='par_1_88' title="bbox 357 4628 3611 4700">
     <span class='ocr_line' id='line_1_88' title="bbox 357 4628 3611 4700; baseline 0 -17"><span class='ocrx_word' id='word_1_797' title='bbox 357 4628 473 4698; x_wconf 79' lang='lat' dir='ltr'><strong>ipse</strong></span> <span class='ocrx_word' id='word_1_798' title='bbox 501 4634 766 4699; x_wconf 86' lang='lat' dir='ltr'><strong>quosdam</strong></span> <span class='ocrx_word' id='word_1_799' title='bbox 796 4631 1062 4698; x_wconf 81' lang='lat' dir='ltr'><strong>vituperat</strong></span> <span class='ocrx_word' id='word_1_800' title='bbox 1094 4630 1240 4698; x_wconf 91' lang='lat' dir='ltr'><strong>quod</strong></span> <span class='ocrx_word' id='word_1_801' title='bbox 1271 4629 1495 4700; x_wconf 86' lang='lat' dir='ltr'><strong>collapsi</strong></span> <span class='ocrx_word' id='word_1_802' title='bbox 1515 4629 1754 4700; x_wconf 80' lang='lat' dir='ltr'><strong>fuerint;</strong></span> <span class='ocrx_word' id='word_1_803' title='bbox 1781 4630 1916 4682; x_wconf 90' lang='lat' dir='ltr'><strong>alios</strong></span> <span class='ocrx_word' id='word_1_804' title='bbox 1942 4631 2083 4700; x_wconf 91' lang='lat' dir='ltr'><strong>quod</strong></span> <span class='ocrx_word' id='word_1_805' title='bbox 2115 4631 2248 4682; x_wconf 88' lang='lat' dir='ltr'><strong>bene</strong></span> <span class='ocrx_word' id='word_1_806' title='bbox 2276 4645 2335 4681; x_wconf 90' lang='lat' dir='ltr'><strong>se</strong></span> <span class='ocrx_word' id='word_1_807' title='bbox 2365 4629 2654 4700; x_wconf 78' lang='lat' dir='ltr'><strong>gesserint,</strong></span> <span class='ocrx_word' id='word_1_808' title='bbox 2686 4629 2986 4700; x_wconf 73' lang='lat' dir='ltr'><strong>approbat;</strong></span> <span class='ocrx_word' id='word_1_809' title='bbox 3015 4628 3221 4680; x_wconf 79' lang='lat' dir='ltr'><strong>frustra</strong></span> <span class='ocrx_word' id='word_1_810' title='bbox 3243 4629 3500 4686; x_wconf 87' lang='lat' dir='ltr'><strong>Ecclesiis</strong></span> <span class='ocrx_word' id='word_1_811' title='bbox 3532 4635 3611 4688; x_wconf 81' lang='lat' dir='ltr'><strong>le-</strong></span> 
     </span>
    </p>
   </div>
   <div class='ocr_carea' id='block_1_89' title="bbox 354 4697 3612 4772">
    <p class='ocr_par' dir='ltr' id='par_1_89' title="bbox 354 4697 3612 4772">
     <span class='ocr_line' id='line_1_89' title="bbox 354 4697 3612 4772; baseline 0 -16"><span class='ocrx_word' id='word_1_812' title='bbox 354 4697 452 4766; x_wconf 68' lang='lat' dir='ltr'><strong>ges</strong></span> <span class='ocrx_word' id='word_1_813' title='bbox 488 4697 579 4772; x_wconf 77' lang='lat' dir='ltr'><strong>dat</strong></span> <span class='ocrx_word' id='word_1_814' title='bbox 608 4721 624 4769; x_wconf 91' lang='lat'><strong>;</strong></span> <span class='ocrx_word' id='word_1_815' title='bbox 657 4703 858 4756; x_wconf 88' lang='lat' dir='ltr'><strong>frustra</strong></span> <span class='ocrx_word' id='word_1_816' title='bbox 884 4697 981 4772; x_wconf 85' lang='lat' dir='ltr'><strong>nos</strong></span> <span class='ocrx_word' id='word_1_817' title='bbox 1023 4697 1672 4772; x_wconf 74' lang='lat' dir='ltr'><strong>melioraamplectimur,</strong></span> <span class='ocrx_word' id='word_1_818' title='bbox 1699 4698 1902 4752; x_wconf 84' lang='lat' dir='ltr'><strong>frustra</strong></span> <span class='ocrx_word' id='word_1_819' title='bbox 1933 4697 2237 4772; x_wconf 70' lang='lat' dir='ltr'><strong>currimus;</strong></span> <span class='ocrx_word' id='word_1_820' title='bbox 2261 4700 2352 4752; x_wconf 86' lang='lat' dir='ltr'><strong>sed</strong></span> <span class='ocrx_word' id='word_1_821' title='bbox 2370 4697 2547 4772; x_wconf 66' lang='lat' dir='ltr'><strong>neque</strong></span> <span class='ocrx_word' id='word_1_822' title='bbox 2583 4699 2792 4772; x_wconf 82' lang='lat' dir='ltr'><strong>frustra</strong></span> <span class='ocrx_word' id='word_1_823' title='bbox 2825 4697 3024 4752; x_wconf 86' lang='lat' dir='ltr'><strong>Paulus</strong></span> <span class='ocrx_word' id='word_1_824' title='bbox 3065 4700 3178 4772; x_wconf 76' lang='lat' dir='ltr'><strong>lucc</strong></span> <span class='ocrx_word' id='word_1_825' title='bbox 3218 4703 3480 4772; x_wconf 55' lang='lat' dir='ltr'><strong>pragcipit,</strong></span> <span class='ocrx_word' id='word_1_826' title='bbox 3519 4720 3612 4758; x_wconf 87' lang='lat' dir='ltr'><strong>ne-</strong></span> 
     </span>
    </p>
   </div>
   <div class='ocr_carea' id='block_1_90' title="bbox 357 4767 3611 4839">
    <p class='ocr_par' dir='ltr' id='par_1_90' title="bbox 357 4767 3611 4839">
     <span class='ocr_line' id='line_1_90' title="bbox 357 4767 3611 4839; baseline 0.002 -17"><span class='ocrx_word' id='word_1_827' title='bbox 357 4785 463 4838; x_wconf 82' lang='lat' dir='ltr'><strong>que</strong></span> <span class='ocrx_word' id='word_1_828' title='bbox 502 4767 706 4826; x_wconf 81' lang='lat' dir='ltr'><strong>frustra</strong></span> <span class='ocrx_word' id='word_1_829' title='bbox 745 4771 868 4825; x_wconf 89' lang='lat' dir='ltr'><strong>illos</strong></span> <span class='ocrx_word' id='word_1_830' title='bbox 924 4770 1213 4836; x_wconf 90' lang='lat' dir='ltr'><strong>vituperat,</strong></span> <span class='ocrx_word' id='word_1_831' title='bbox 1257 4767 1357 4839; x_wconf 83' lang='lat' dir='ltr'><strong>bus</strong></span> <span class='ocrx_word' id='word_1_832' title='bbox 1416 4767 1718 4836; x_wconf 87' lang='lat' dir='ltr'><strong>approbat;</strong></span> <span class='ocrx_word' id='word_1_833' title='bbox 1756 4783 1930 4838; x_wconf 89' lang='lat' dir='ltr'><strong>neque</strong></span> <span class='ocrx_word' id='word_1_834' title='bbox 1993 4769 2192 4823; x_wconf 85' lang='lat' dir='ltr'><strong>frustra</strong></span> <span class='ocrx_word' id='word_1_835' title='bbox 2235 4785 2331 4824; x_wconf 87' lang='lat' dir='ltr'><strong>uos</strong></span> <span class='ocrx_word' id='word_1_836' title='bbox 2368 4769 2506 4823; x_wconf 85' lang='lat' dir='ltr'><strong>bona</strong></span> <span class='ocrx_word' id='word_1_837' title='bbox 2547 4768 2956 4839; x_wconf 89' lang='lat' dir='ltr'><strong>amplectimur,</strong></span> <span class='ocrx_word' id='word_1_838' title='bbox 2997 4775 3053 4822; x_wconf 90' lang='lat' dir='ltr'><strong>et</strong></span> <span class='ocrx_word' id='word_1_839' title='bbox 3093 4771 3160 4820; x_wconf 84' lang='lat' dir='ltr'><strong>ad</strong></span> <span class='ocrx_word' id='word_1_840' title='bbox 3201 4767 3431 4828; x_wconf 60' lang='lat' dir='ltr'><strong>melioris</strong></span> <span class='ocrx_word' id='word_1_841' title='bbox 3464 4767 3611 4828; x_wconf 18' lang='lat' dir='ltr'><strong>Vcen-</strong></span> 
     </span>
    </p>
   </div>
   <div class='ocr_carea' id='block_1_91' title="bbox 359 4837 2188 4910">
    <p class='ocr_par' dir='ltr' id='par_1_91' title="bbox 359 4837 2188 4910">
     <span class='ocr_line' id='line_1_91' title="bbox 359 4837 2188 4910; baseline -0.001 -16"><span class='ocrx_word' id='word_1_842' title='bbox 359 4837 654 4896; x_wconf 85' lang='lat' dir='ltr'><strong>tendimus.</strong></span> <span class='ocrx_word' id='word_1_843' title='bbox 695 4841 786 4894; x_wconf 84' lang='lat' dir='ltr'><strong>Isti</strong></span> <span class='ocrx_word' id='word_1_844' title='bbox 824 4853 957 4910; x_wconf 78' lang='lat' dir='ltr'><strong>ergo</strong></span> <span class='ocrx_word' id='word_1_845' title='bbox 994 4853 1286 4909; x_wconf 85' lang='lat' dir='ltr'><strong>perperam</strong></span> <span class='ocrx_word' id='word_1_846' title='bbox 1324 4837 1500 4892; x_wconf 88' lang='lat' dir='ltr'><strong>locum</strong></span> <span class='ocrx_word' id='word_1_847' title='bbox 1543 4839 1684 4894; x_wconf 86' lang='lat' dir='ltr'><strong>hunc</strong></span> <span class='ocrx_word' id='word_1_848' title='bbox 1729 4837 2188 4908; x_wconf 26' lang='lat' dir='ltr'><strong>inte’rpretautm&#39;.</strong></span> 
     </span>
    </p>
   </div>
   <div class='ocr_carea' id='block_1_92' title="bbox 428 4981 964 5047">
    <p class='ocr_par' dir='ltr' id='par_1_92' title="bbox 428 4981 964 5047">
     <span class='ocr_line' id='line_1_92' title="bbox 428 4981 964 5047; baseline 0 -11"><span class='ocrx_word' id='word_1_849' title='bbox 428 4983 475 5015; x_wconf 78' lang='lat'><strong>&#39;°</strong></span> <span class='ocrx_word' id='word_1_850' title='bbox 504 4981 651 5038; x_wconf 86' lang='lat' dir='ltr'><strong>Psal.</strong></span> <span class='ocrx_word' id='word_1_851' title='bbox 685 4995 874 5047; x_wconf 78' lang='lat' dir='ltr'><strong>cxxvt,</strong></span> <span class='ocrx_word' id='word_1_852' title='bbox 909 4981 964 5036; x_wconf 70' lang='grc'><strong>1.</strong></span> 
     </span>
    </p>
   </div>
   <div class='ocr_carea' id='block_1_93' title="bbox 429 5108 1126 5188">
    <p class='ocr_par' dir='ltr' id='par_1_93' title="bbox 429 5108 1126 5188">
     <span class='ocr_line' id='line_1_93' title="bbox 429 5108 1126 5188; baseline 0.001 -19"><span class='ocrx_word' id='word_1_853' title='bbox 569 5116 724 5188; x_wconf 63' lang='lat' dir='ltr'><strong>Libb.</strong></span> <span class='ocrx_word' id='word_1_854' title='bbox 754 5117 906 5183; x_wconf 84' lang='lat' dir='ltr'><strong>editi,</strong></span> <span class='ocrx_word' id='word_1_855' title='bbox 937 5113 1126 5188; x_wconf 83' lang='grc' dir='ltr'>μηθέν.</span> 
     </span>
    </p>
   </div>
   <div class='ocr_carea' id='block_1_94' title="bbox 425 5184 1919 5257">
    <p class='ocr_par' dir='ltr' id='par_1_94' title="bbox 425 5184 1919 5257">
     <span class='ocr_line' id='line_1_94' title="bbox 425 5184 1919 5257; baseline 0.001 -17"><span class='ocrx_word' id='word_1_856' title='bbox 425 5184 542 5257; x_wconf 78' lang='grc'><strong>(80)</strong></span> <span class='ocrx_word' id='word_1_857' title='bbox 571 5185 636 5257; x_wconf 81' lang='lat' dir='ltr'><strong>Et</strong></span> <span class='ocrx_word' id='word_1_858' title='bbox 667 5203 878 5240; x_wconf 86' lang='lat' dir='ltr'><strong>currere</strong></span> <span class='ocrx_word' id='word_1_859' title='bbox 901 5184 967 5240; x_wconf 72' lang='lat' dir='ltr'><strong>ad</strong></span> <span class='ocrx_word' id='word_1_860' title='bbox 999 5184 1150 5241; x_wconf 77' lang='lat' dir='ltr'><strong>bona.</strong></span> <span class='ocrx_word' id='word_1_861' title='bbox 1171 5185 1298 5240; x_wconf 60' lang='lat' dir='ltr'><strong>nec</strong></span> <span class='ocrx_word' id='word_1_862' title='bbox 1325 5184 1525 5257; x_wconf 81' lang='lat' dir='ltr'><strong>omissa</strong></span> <span class='ocrx_word' id='word_1_863' title='bbox 1552 5195 1683 5239; x_wconf 89' lang='lat' dir='ltr'><strong>sunt</strong></span> <span class='ocrx_word' id='word_1_864' title='bbox 1708 5187 1760 5240; x_wconf 92' lang='lat' dir='ltr'><strong>in</strong></span> <span class='ocrx_word' id='word_1_865' title='bbox 1785 5187 1919 5257; x_wconf 80' lang='lat' dir='ltr'><strong>libb.</strong></span> 
     </span>
    </p>
   </div>
   <div class='ocr_carea' id='block_1_95' title="bbox 355 5255 1925 5321">
    <p class='ocr_par' dir='ltr' id='par_1_95' title="bbox 355 5255 1925 5321">
     <span class='ocr_line' id='line_1_95' title="bbox 355 5255 1925 5321; baseline -0.001 -9"><span class='ocrx_word' id='word_1_866' title='bbox 355 5255 517 5312; x_wconf 79' lang='lat' dir='ltr'><strong>antea</strong></span> <span class='ocrx_word' id='word_1_867' title='bbox 547 5256 729 5321; x_wconf 86' lang='lat' dir='ltr'><strong>editis,</strong></span> <span class='ocrx_word' id='word_1_868' title='bbox 760 5257 890 5310; x_wconf 88' lang='lat' dir='ltr'><strong>licet</strong></span> <span class='ocrx_word' id='word_1_869' title='bbox 921 5258 1222 5310; x_wconf 88' lang='lat' dir='ltr'><strong>habeantur</strong></span> <span class='ocrx_word' id='word_1_870' title='bbox 1253 5259 1304 5310; x_wconf 94' lang='lat' dir='ltr'><strong>iu</strong></span> <span class='ocrx_word' id='word_1_871' title='bbox 1329 5255 1583 5309; x_wconf 89' lang='lat' dir='ltr'><strong>omnibus</strong></span> <span class='ocrx_word' id='word_1_872' title='bbox 1617 5273 1745 5310; x_wconf 89' lang='lat' dir='ltr'><strong>mss.</strong></span> <span class='ocrx_word' id='word_1_873' title='bbox 1779 5255 1925 5311; x_wconf 87' lang='lat' dir='ltr'><strong>Infra</strong></span> 
     </span>
    </p>
   </div>
   <div class='ocr_carea' id='block_1_96' title="bbox 357 5323 1926 5395">
    <p class='ocr_par' dir='ltr' id='par_1_96' title="bbox 357 5323 1926 5395">
     <span class='ocr_line' id='line_1_96' title="bbox 357 5323 1926 5395; baseline -0.003 -12"><span class='ocrx_word' id='word_1_874' title='bbox 357 5328 490 5383; x_wconf 83' lang='lat' dir='ltr'><strong>libb.</strong></span> <span class='ocrx_word' id='word_1_875' title='bbox 521 5326 648 5379; x_wconf 86' lang='lat' dir='ltr'><strong>editi</strong></span> <span class='ocrx_word' id='word_1_876' title='bbox 676 5365 692 5390; x_wconf 96' lang='lat'><strong>,</strong></span> <span class='ocrx_word' id='word_1_877' title='bbox 751 5344 772 5378; x_wconf 71' lang='grc' dir='ltr'><strong>ε</strong></span> <span class='ocrx_word' id='word_1_878' title='bbox 799 5327 852 5379; x_wconf 89' lang='lat' dir='ltr'><strong>in</strong></span> <span class='ocrx_word' id='word_1_879' title='bbox 880 5341 1091 5395; x_wconf 67' lang='lat' dir='ltr'><strong>vanum</strong></span> <span class='ocrx_word' id='word_1_880' title='bbox 1119 5326 1431 5381; x_wconf 87' lang='lat' dir='ltr'><strong>laborant...</strong></span> <span class='ocrx_word' id='word_1_881' title='bbox 1464 5323 1663 5378; x_wconf 86' lang='lat' dir='ltr'><strong>frustra</strong></span> <span class='ocrx_word' id='word_1_882' title='bbox 1705 5327 1926 5395; x_wconf 81' lang='lat' dir='ltr'><strong>vigilant</strong></span> 
     </span>
    </p>
   </div>
   <div class='ocr_carea' id='block_1_97' title="bbox 355 5393 1924 5468">
    <p class='ocr_par' dir='ltr' id='par_1_97' title="bbox 355 5393 1924 5468">
     <span class='ocr_line' id='line_1_97' title="bbox 355 5393 1924 5468; baseline -0.001 -18"><span class='ocrx_word' id='word_1_883' title='bbox 355 5395 789 5468; x_wconf 75' lang='lat' dir='ltr'><strong>quicustodiuut</strong></span> <span class='ocrx_word' id='word_1_884' title='bbox 819 5411 1037 5468; x_wconf 58' lang='grc' dir='ltr'><strong>ιθξιιιι.)Δ</strong></span> <span class='ocrx_word' id='word_1_885' title='bbox 1061 5393 1166 5450; x_wconf 88' lang='lat' dir='ltr'><strong>Sed</strong></span> <span class='ocrx_word' id='word_1_886' title='bbox 1195 5410 1326 5468; x_wconf 58' lang='lat' dir='ltr'><strong>mss.</strong></span> <span class='ocrx_word' id='word_1_887' title='bbox 1353 5404 1412 5468; x_wconf 78' lang='lat' dir='ltr'><strong>ut</strong></span> <span class='ocrx_word' id='word_1_888' title='bbox 1441 5395 1494 5468; x_wconf 81' lang='lat' dir='ltr'><strong>in</strong></span> <span class='ocrx_word' id='word_1_889' title='bbox 1526 5405 1716 5468; x_wconf 86' lang='lat' dir='ltr'><strong>nostro</strong></span> <span class='ocrx_word' id='word_1_890' title='bbox 1751 5393 1924 5450; x_wconf 71' lang='lat' dir='ltr'><strong>textu.</strong></span> 
     </span>
    </p>
   </div>
   <div class='ocr_carea' id='block_1_98' title="bbox 354 5463 1926 5531">
    <p class='ocr_par' dir='ltr' id='par_1_98' title="bbox 354 5463 1926 5531">
     <span class='ocr_line' id='line_1_98' title="bbox 354 5463 1926 5531; baseline -0.001 -10"><span class='ocrx_word' id='word_1_891' title='bbox 354 5463 557 5521; x_wconf 78' lang='lat' dir='ltr'><strong>ibidem</strong></span> <span class='ocrx_word' id='word_1_892' title='bbox 583 5479 746 5529; x_wconf 88' lang='lat' dir='ltr'><strong>mss.,</strong></span> <span class='ocrx_word' id='word_1_893' title='bbox 777 5483 795 5516; x_wconf 84' lang='grc' dir='ltr'><strong>ι</strong></span> <span class='ocrx_word' id='word_1_894' title='bbox 819 5464 887 5518; x_wconf 89' lang='lat' dir='ltr'><strong>ab</strong></span> <span class='ocrx_word' id='word_1_895' title='bbox 904 5463 1220 5520; x_wconf 65' lang='lat' dir='ltr'><strong>ardificando</strong></span> <span class='ocrx_word' id='word_1_896' title='bbox 1249 5465 1330 5519; x_wconf 88' lang='lat' dir='ltr'><strong>vel</strong></span> <span class='ocrx_word' id='word_1_897' title='bbox 1355 5463 1624 5531; x_wconf 86' lang='lat' dir='ltr'><strong>vigilando</strong></span> <span class='ocrx_word' id='word_1_898' title='bbox 1648 5467 1714 5518; x_wconf 88' lang='lat' dir='ltr'><strong>ad</strong></span> <span class='ocrx_word' id='word_1_899' title='bbox 1743 5475 1926 5520; x_wconf 88' lang='lat' dir='ltr'><strong>custo-</strong></span> 
     </span>
    </p>
   </div>
   <div class='ocr_carea' id='block_1_99' title="bbox 357 5533 1923 5604">
    <p class='ocr_par' dir='ltr' id='par_1_99' title="bbox 357 5533 1923 5604">
     <span class='ocr_line' id='line_1_99' title="bbox 357 5533 1923 5604; baseline -0.001 -14"><span class='ocrx_word' id='word_1_900' title='bbox 357 5537 499 5590; x_wconf 88' lang='lat' dir='ltr'><strong>diam</strong></span> <span class='ocrx_word' id='word_1_901' title='bbox 539 5535 793 5588; x_wconf 86' lang='lat' dir='ltr'><strong>civitatis.</strong></span> <span class='ocrx_word' id='word_1_902' title='bbox 836 5552 855 5584; x_wconf 78' lang='grc' dir='ltr'><strong>ι</strong></span> <span class='ocrx_word' id='word_1_903' title='bbox 890 5535 1044 5591; x_wconf 89' lang='lat' dir='ltr'><strong>Libb.</strong></span> <span class='ocrx_word' id='word_1_904' title='bbox 1097 5536 1264 5604; x_wconf 89' lang='lat' dir='ltr'><strong>editi,</strong></span> <span class='ocrx_word' id='word_1_905' title='bbox 1318 5550 1339 5586; x_wconf 81' lang='grc' dir='ltr'><strong>ι</strong></span> <span class='ocrx_word' id='word_1_906' title='bbox 1371 5536 1440 5590; x_wconf 84' lang='lat' dir='ltr'><strong>ab</strong></span> <span class='ocrx_word' id='word_1_907' title='bbox 1469 5533 1789 5592; x_wconf 74' lang='lat' dir='ltr'><strong>zedilicando</strong></span> <span class='ocrx_word' id='word_1_908' title='bbox 1811 5545 1865 5593; x_wconf 90' lang='lat' dir='ltr'><strong>et</strong></span> <span class='ocrx_word' id='word_1_909' title='bbox 1892 5549 1923 5589; x_wconf 87' lang='lat' dir='ltr'><strong>a</strong></span> 
     </span>
    </p>
   </div>
   <div class='ocr_carea' id='block_1_100' title="bbox 356 5604 942 5662">
    <p class='ocr_par' dir='ltr' id='par_1_100' title="bbox 356 5604 942 5662">
     <span class='ocr_line' id='line_1_100' title="bbox 356 5604 942 5662; baseline -0.009 -1"><span class='ocrx_word' id='word_1_910' title='bbox 356 5604 601 5662; x_wconf 76' lang='lat' dir='ltr'><strong>cuswdia</strong></span> <span class='ocrx_word' id='word_1_911' title='bbox 626 5605 884 5661; x_wconf 83' lang='lat' dir='ltr'><strong>civitatis.</strong></span> <span class='ocrx_word' id='word_1_912' title='bbox 922 5623 942 5656; x_wconf 72' lang='grc' dir='ltr'><strong>ι</strong></span> 
     </span>
    </p>
   </div>
   <div class='ocr_carea' id='block_1_101' title="bbox 2102 5118 3268 5189">
    <p class='ocr_par' dir='ltr' id='par_1_101' title="bbox 2102 5118 3268 5189">
     <span class='ocr_line' id='line_1_101' title="bbox 2102 5118 3268 5189; baseline 0.004 -18"><span class='ocrx_word' id='word_1_913' title='bbox 2102 5118 2212 5189; x_wconf 81' lang='lat'><strong>(8|)</strong></span> <span class='ocrx_word' id='word_1_914' title='bbox 2240 5118 2379 5189; x_wconf 50' lang='lat' dir='ltr'><strong>fide</strong></span> <span class='ocrx_word' id='word_1_915' title='bbox 2413 5118 2724 5189; x_wconf 84' lang='lat' dir='ltr'><strong>Origeuian.</strong></span> <span class='ocrx_word' id='word_1_916' title='bbox 2758 5119 2796 5172; x_wconf 93' lang='lat' dir='ltr'><strong>l.</strong></span> <span class='ocrx_word' id='word_1_917' title='bbox 2834 5135 2893 5182; x_wconf 87' lang='grc' dir='ltr'><strong>ιι,</strong></span> <span class='ocrx_word' id='word_1_918' title='bbox 2925 5137 2978 5189; x_wconf 89' lang='lat' dir='ltr'><strong>q.</strong></span> <span class='ocrx_word' id='word_1_919' title='bbox 3015 5119 3080 5188; x_wconf 85' lang='grc'>7,</span> <span class='ocrx_word' id='word_1_920' title='bbox 3111 5137 3163 5176; x_wconf 86' lang='grc' dir='ltr'><strong>η.</strong></span> <span class='ocrx_word' id='word_1_921' title='bbox 3202 5122 3268 5176; x_wconf 72' lang='grc'><strong>14</strong></span> 
     </span>
    </p>
   </div>
   <div class='ocr_carea' id='block_1_102' title="bbox 2108 5186 3603 5328">
    <p class='ocr_par' dir='ltr' id='par_1_102' title="bbox 2108 5186 3603 5328">
     <span class='ocr_line' id='line_1_102' title="bbox 2108 5186 3603 5328; baseline 0.005 -86"><span class='ocrx_word' id='word_1_922' title='bbox 2108 5186 2220 5328; x_wconf 68' lang='grc'><strong>(8⁸2)</strong></span> <span class='ocrx_word' id='word_1_923' title='bbox 2235 5186 2382 5241; x_wconf 80' lang='lat' dir='ltr'><strong>Urbi.</strong></span> <span class='ocrx_word' id='word_1_924' title='bbox 2411 5186 2568 5244; x_wconf 37' lang='lat' dir='ltr'><strong>Dee—st</strong></span> <span class='ocrx_word' id='word_1_925' title='bbox 2592 5191 2642 5242; x_wconf 94' lang='lat' dir='ltr'><strong>in</strong></span> <span class='ocrx_word' id='word_1_926' title='bbox 2664 5199 2822 5244; x_wconf 90' lang='lat' dir='ltr'><strong>antea</strong></span> <span class='ocrx_word' id='word_1_927' title='bbox 2842 5186 3020 5258; x_wconf 79' lang='lat' dir='ltr'><strong>editis,</strong></span> <span class='ocrx_word' id='word_1_928' title='bbox 3040 5186 3134 5247; x_wconf 80' lang='lat' dir='ltr'><strong>sed</strong></span> <span class='ocrx_word' id='word_1_929' title='bbox 3153 5193 3378 5247; x_wconf 86' lang='lat' dir='ltr'><strong>habetur</strong></span> <span class='ocrx_word' id='word_1_930' title='bbox 3397 5194 3447 5246; x_wconf 93' lang='lat' dir='ltr'><strong>in</strong></span> <span class='ocrx_word' id='word_1_931' title='bbox 3473 5208 3603 5250; x_wconf 88' lang='lat' dir='ltr'><strong>mss.</strong></span> 
     </span>
     <span class='ocr_line' id='line_1_103' title="bbox 2108 5258 3603 5328; baseline 0.003 -16"><span class='ocrx_word' id='word_1_932' title='bbox 2108 5261 2193 5328; x_wconf 78' lang='lat'><strong>(83</strong></span> <span class='ocrx_word' id='word_1_933' title='bbox 2261 5258 2487 5326; x_wconf 80' lang='lat' dir='ltr'><strong>Vigilum</strong></span> <span class='ocrx_word' id='word_1_934' title='bbox 2528 5260 2814 5325; x_wconf 77' lang='lat' dir='ltr'><strong>excubias,</strong></span> <span class='ocrx_word' id='word_1_935' title='bbox 2858 5263 3183 5328; x_wconf 79' lang='lat' dir='ltr'><strong>procinctum</strong></span> <span class='ocrx_word' id='word_1_936' title='bbox 3226 5262 3506 5327; x_wconf 80' lang='lat' dir='ltr'><strong>iuvenum,</strong></span> <span class='ocrx_word' id='word_1_937' title='bbox 3559 5275 3603 5316; x_wconf 79' lang='lat' dir='ltr'><strong>et</strong></span> 
     </span>
    </p>
   </div>
   <div class='ocr_carea' id='block_1_103' title="bbox 2103 5258 3605 5328">
    <p class='ocr_par' dir='ltr' id='par_1_103' title="bbox 2103 5258 3605 5328">
     <span class='ocr_line' id='line_1_104' title="bbox 2103 5258 3605 5328; baseline 0.003 -16"><span class='ocrx_word' id='word_1_938' title='bbox 2103 5258 2214 5328; x_wconf 80' lang='grc'><strong>(85)</strong></span> <span class='ocrx_word' id='word_1_939' title='bbox 2261 5258 2487 5326; x_wconf 80' lang='lat' dir='ltr'><strong>Vigilum</strong></span> <span class='ocrx_word' id='word_1_940' title='bbox 2528 5260 2814 5325; x_wconf 77' lang='lat' dir='ltr'><strong>excubias,</strong></span> <span class='ocrx_word' id='word_1_941' title='bbox 2858 5263 3183 5328; x_wconf 79' lang='lat' dir='ltr'><strong>procinctum</strong></span> <span class='ocrx_word' id='word_1_942' title='bbox 3226 5262 3506 5327; x_wconf 80' lang='lat' dir='ltr'><strong>iuvenum,</strong></span> <span class='ocrx_word' id='word_1_943' title='bbox 3559 5275 3605 5316; x_wconf 77' lang='lat' dir='ltr'><strong>et</strong></span> 
     </span>
    </p>
   </div>
   <div class='ocr_carea' id='block_1_104' title="bbox 2031 5329 3609 5400">
    <p class='ocr_par' dir='ltr' id='par_1_104' title="bbox 2031 5329 3609 5400">
     <span class='ocr_line' id='line_1_105' title="bbox 2031 5329 3609 5400; baseline 0.001 -18"><span class='ocrx_word' id='word_1_944' title='bbox 2031 5329 2437 5382; x_wconf 76' lang='lat' dir='ltr'><strong>custodientium</strong></span> <span class='ocrx_word' id='word_1_945' title='bbox 2467 5330 2701 5400; x_wconf 70' lang='lat' dir='ltr'><strong>vigilias.</strong></span> <span class='ocrx_word' id='word_1_946' title='bbox 2733 5331 2807 5383; x_wconf 89' lang='lat' dir='ltr'><strong>Ita</strong></span> <span class='ocrx_word' id='word_1_947' title='bbox 2835 5347 2964 5384; x_wconf 88' lang='lat' dir='ltr'><strong>mss.</strong></span> <span class='ocrx_word' id='word_1_948' title='bbox 2985 5333 3039 5384; x_wconf 92' lang='lat' dir='ltr'><strong>ln</strong></span> <span class='ocrx_word' id='word_1_949' title='bbox 3066 5329 3228 5383; x_wconf 81' lang='lat' dir='ltr'><strong>editis</strong></span> <span class='ocrx_word' id='word_1_950' title='bbox 3253 5341 3372 5397; x_wconf 89' lang='lat' dir='ltr'><strong>post</strong></span> <span class='ocrx_word' id='word_1_951' title='bbox 3394 5349 3413 5380; x_wconf 80' lang='grc' dir='ltr'><strong>ι</strong></span> <span class='ocrx_word' id='word_1_952' title='bbox 3439 5346 3609 5384; x_wconf 78' lang='lat' dir='ltr'><strong>excu-</strong></span> 
     </span>
    </p>
   </div>
   <div class='ocr_carea' id='block_1_105' title="bbox 2030 5400 3608 5468">
    <p class='ocr_par' dir='ltr' id='par_1_105' title="bbox 2030 5400 3608 5468">
     <span class='ocr_line' id='line_1_106' title="bbox 2030 5400 3608 5468; baseline -0.001 -14"><span class='ocrx_word' id='word_1_953' title='bbox 2030 5400 2169 5462; x_wconf 88' lang='lat' dir='ltr'><strong>bias,</strong></span> <span class='ocrx_word' id='word_1_954' title='bbox 2207 5416 2230 5451; x_wconf 73' lang='grc' dir='ltr'><strong>ι</strong></span> <span class='ocrx_word' id='word_1_955' title='bbox 2263 5400 2481 5452; x_wconf 83' lang='lat' dir='ltr'><strong>additur</strong></span> <span class='ocrx_word' id='word_1_956' title='bbox 2522 5417 2540 5450; x_wconf 84' lang='grc' dir='ltr'><strong>ι</strong></span> <span class='ocrx_word' id='word_1_957' title='bbox 2574 5401 2725 5461; x_wconf 89' lang='lat' dir='ltr'><strong>urbi,</strong></span> <span class='ocrx_word' id='word_1_958' title='bbox 2769 5418 2788 5451; x_wconf 70' lang='grc' dir='ltr'><strong>ι</strong></span> <span class='ocrx_word' id='word_1_959' title='bbox 2821 5410 2876 5454; x_wconf 92' lang='lat' dir='ltr'><strong>et</strong></span> <span class='ocrx_word' id='word_1_960' title='bbox 2904 5416 3000 5468; x_wconf 90' lang='lat' dir='ltr'><strong>pro</strong></span> <span class='ocrx_word' id='word_1_961' title='bbox 3035 5418 3053 5450; x_wconf 81' lang='grc' dir='ltr'><strong>ι</strong></span> <span class='ocrx_word' id='word_1_962' title='bbox 3096 5400 3307 5467; x_wconf 78' lang='lat' dir='ltr'><strong>vigilias</strong></span> <span class='ocrx_word' id='word_1_963' title='bbox 3344 5419 3360 5452; x_wconf 85' lang='grc' dir='ltr'><strong>ι</strong></span> <span class='ocrx_word' id='word_1_964' title='bbox 3406 5400 3608 5468; x_wconf 75' lang='lat' dir='ltr'><strong>legitur</strong></span> 
     </span>
    </p>
   </div>
   <div class='ocr_carea' id='block_1_106' title="bbox 2036 5465 3613 5536">
    <p class='ocr_par' dir='ltr' id='par_1_106' title="bbox 2036 5465 3613 5536">
     <span class='ocr_line' id='line_1_107' title="bbox 2036 5465 3613 5536; baseline 0.001 -17"><span class='ocrx_word' id='word_1_965' title='bbox 2036 5485 2053 5519; x_wconf 87' lang='grc' dir='ltr'><strong>ι</strong></span> <span class='ocrx_word' id='word_1_966' title='bbox 2079 5469 2341 5536; x_wconf 81' lang='lat' dir='ltr'><strong>vigiliam.</strong></span> <span class='ocrx_word' id='word_1_967' title='bbox 2379 5487 2398 5518; x_wconf 79' lang='grc' dir='ltr'><strong>ι</strong></span> <span class='ocrx_word' id='word_1_968' title='bbox 2427 5469 2625 5524; x_wconf 88' lang='lat' dir='ltr'><strong>Ibidem</strong></span> <span class='ocrx_word' id='word_1_969' title='bbox 2657 5471 2788 5524; x_wconf 75' lang='lat' dir='ltr'><strong>libb.</strong></span> <span class='ocrx_word' id='word_1_970' title='bbox 2820 5465 2970 5533; x_wconf 78' lang='lat' dir='ltr'><strong>editi,</strong></span> <span class='ocrx_word' id='word_1_971' title='bbox 3001 5489 3019 5520; x_wconf 69' lang='grc' dir='ltr'><strong>ι</strong></span> <span class='ocrx_word' id='word_1_972' title='bbox 3049 5465 3366 5533; x_wconf 81' lang='lat' dir='ltr'><strong>Apostotum</strong></span> <span class='ocrx_word' id='word_1_973' title='bbox 3398 5465 3613 5526; x_wconf 75' lang='lat' dir='ltr'><strong>dixisse</strong></span> 
     </span>
    </p>
   </div>
   <div class='ocr_carea' id='block_1_107' title="bbox 2033 5536 3616 5607">
    <p class='ocr_par' dir='ltr' id='par_1_107' title="bbox 2033 5536 3616 5607">
     <span class='ocr_line' id='line_1_108' title="bbox 2033 5536 3616 5607; baseline -0.003 -15"><span class='ocrx_word' id='word_1_974' title='bbox 2033 5539 2439 5607; x_wconf 81' lang='lat' dir='ltr'><strong>intelligendum</strong></span> <span class='ocrx_word' id='word_1_975' title='bbox 2470 5549 2570 5600; x_wconf 86' lang='lat' dir='ltr'><strong>est,</strong></span> <span class='ocrx_word' id='word_1_976' title='bbox 2603 5554 2724 5594; x_wconf 89' lang='lat' dir='ltr'><strong>cum</strong></span> <span class='ocrx_word' id='word_1_977' title='bbox 2756 5540 2863 5592; x_wconf 88' lang='lat' dir='ltr'><strong>ait:</strong></span> <span class='ocrx_word' id='word_1_978' title='bbox 2897 5554 3000 5594; x_wconf 90' lang='lat' dir='ltr'><strong>non</strong></span> <span class='ocrx_word' id='word_1_979' title='bbox 3036 5536 3251 5595; x_wconf 80' lang='lat' dir='ltr'><strong>sutlicit.</strong></span> <span class='ocrx_word' id='word_1_980' title='bbox 3277 5554 3296 5590; x_wconf 82' lang='grc' dir='ltr'><strong>ι</strong></span> <span class='ocrx_word' id='word_1_981' title='bbox 3324 5536 3434 5591; x_wconf 86' lang='lat' dir='ltr'><strong>Sed</strong></span> <span class='ocrx_word' id='word_1_982' title='bbox 3452 5548 3616 5606; x_wconf 41' lang='lat' dir='ltr'><strong>ausa.</strong></span> 
     </span>
    </p>
   </div>
   <div class='ocr_carea' id='block_1_108' title="bbox 2035 5609 2591 5663">
    <p class='ocr_par' dir='ltr' id='par_1_108' title="bbox 2035 5609 2591 5663">
     <span class='ocr_line' id='line_1_109' title="bbox 2035 5609 2591 5663; baseline 0.002 -2"><span class='ocrx_word' id='word_1_983' title='bbox 2035 5618 2090 5661; x_wconf 80' lang='lat' dir='ltr'><strong>ut</strong></span> <span class='ocrx_word' id='word_1_984' title='bbox 2125 5609 2177 5662; x_wconf 89' lang='lat' dir='ltr'><strong>in</strong></span> <span class='ocrx_word' id='word_1_985' title='bbox 2204 5618 2393 5663; x_wconf 70' lang='lat' dir='ltr'><strong>nostro</strong></span> <span class='ocrx_word' id='word_1_986' title='bbox 2420 5615 2591 5662; x_wconf 72' lang='lat' dir='ltr'><strong>textu.</strong></span> 
     </span>
    </p>
   </div>
  </div>
