4014 6142
422 203 522 259 991

1644 219 1967 281 ORIGENIS
1999 221 2158 275 ΠΕΡΙ
2193 219 2426 274 ΛΡΧΩΝ

3574 232 3686 290 292

421 319 798 388 est,quoniam
829 336 935 378 non
973 323 1170 380 sullicit
1210 310 1278 380 ad
1329 327 1712 396 perficiendam
1759 338 1983 394 salutem

2090 335 2120 406 ἢ
2154 334 2311 406 ἔργον
2343 334 2436 387 τοῦ
2469 333 2815 401 ποτίσαντος,
2861 337 2975 392 ἀλλ’
3006 321 3186 411 ἔργον.
3205 341 3298 395 τοῦ
3333 343 3470 397 Θεοῦ
3493 361 3506 376 ·
3534 347 3684 406 οὕτω

420 410 534 466 sola
569 412 815 469 voluntas
862 416 1135 482 humana,
1185 431 1285 472 nec
1334 418 1556 474 idoneus
1609 434 1691 478 est
1739 427 1983 482 mortalis

420 514 616 558 eursus
663 504 731 559 ad
774 507 1149 575 consequenda
1195 507 1438 563 coelestia
1481 519 1537 565 et
1565 512 1628 566 ad
1664 517 1981 584 capiendam

420 592 658 661 palmam
699 610 945 666 supernae
987 596 1289 653 vocationis
1335 599 1425 654 Dei
1477 601 1528 656 in
1579 603 1799 661 Christo
1832 605 1983 674 Jesu,

419 682 528 736 nisi
576 684 688 738 haec
719 683 833 751 ipsa
865 683 1114 738 voluntas
1161 697 1342 741 nostra
1387 691 1527 744 bona
1568 703 1986 765 promptumque

418 774 758 839 propositum
787 781 837 826 et
867 788 1206 844 quaecunque
1247 776 1337 831 illa
1378 777 1430 830 in
1468 781 1626 834 nobis
1662 795 1783 836 esse
1811 792 1987 852 potest

418 861 704 926 industria,
739 862 926 917 divino
955 864 1037 917 vel
1078 863 1301 933 juvetur
1327 867 1412 921 vel
1454 870 1731 924 muniatur
1760 873 1981 928 auxilio.

423 951 490 1004 Et
537 953 656 1007 ideo
699 953 855 1007 valde
903 964 1301 1024 consequenter
1349 957 1484 1012 dixit
1523 959 1635 1030 (84)
1677 959 1992 1027 Apostolus,

419 1044 545 1112 quia
581 1063 599 1094 (
629 1059 736 1100 non
763 1045 1003 1100 volentis
1036 1060 1208 1114 neque
1231 1047 1523 1113 currentis,
1555 1050 1648 1103 sed
1682 1050 1986 1105 miserentis

413 1145 498 1190 est
521 1136 649 1202 Dei;
679 1155 698 1188 ι
733 1137 1189 1204 quemadmodum
1219 1137 1262 1191 si
1291 1137 1531 1193 dicamus
1559 1139 1623 1193 de
1653 1140 1985 1210 agricultura

411 1226 540 1280 illud
572 1227 716 1296 quod
751 1227 1014 1296 scriptum
1042 1235 1158 1282 cst:
1197 1245 1216 1279 ι
1259 1227 1367 1299 Ego
1398 1229 1658 1298 plantavi,
1686 1231 1878 1301 Apollo
1913 1232 1987 1286 ri-

411 1317 594 1386 gavit,
640 1316 733 1371 sed
767 1316 910 1371 Deus
939 1316 1350 1387 [incrementum
1399 1320 1574 1399 dedit.
1599 1319 1782 1391 Itaque
1811 1336 1985 1392 neque

411 1434 502 1499 qui
545 1430 792 1500 plantat,
847 1440 931 1485 est
994 1431 1200 1500 aliquid
1229 1471 1242 1498 ,
1289 1448 1466 1505 neque
1527 1435 1618 1505 qui
1668 1437 1846 1507 rigat,
1891 1437 1984 1492 sed

408 1523 501 1591 qui
578 1523 977 1576 incrementum
1050 1523 1147 1577 dat
1216 1523 1458 1580 Deus“.
1530 1544 1548 1577 ι
1637 1525 1789 1582 Sicut
1855 1544 1984 1599 ergo

408 1630 534 1668 cum
609 1613 781 1668 bonos
853 1621 1014 1683 atque
1090 1615 1288 1671 uberes
1361 1616 1572 1672 fructus
1644 1619 1711 1672 ad
1791 1621 1985 1688 perfe-

2090 425 2180 477 xal.
2207 426 2238 494 ἡ
2265 424 2507 496 ἡμετέρα
2536 425 2810 490 τελείωσις
2838 416 2960 499 οὐχ).
2988 430 3153 500 μηδὲν
3178 432 3211 501 ὴ
3221 431 3336 502 μῶν
3354 434 3678 504 πραξάντων

2091 513 2318 582 γίνεται,
2361 514 2421 567 οὐ
2456 515 2564 585 μὴν
2597 515 2691 584 ἀφ’
2723 516 2878 588 ἡμῶν
2933 519 3324 591 ἀπαρτίζεται,
3372 524 3508 579 ἀλλὰ
3545 527 3680 591 Θεὸς

2091 603 2151 655 τὸ
2180 604 2310 657 πολὺ
2351 605 2554 675 ταύτης
2603 606 2832 678 ἐνεργεῖ.
2872 610 2979 662 Καί
3021 610 3105 665 ἵνα
3155 612 3546 686 ἐναργέστερον
3588 635 3679 671 πι-

2094 695 2286 766 στευθῇ
2318 695 2474 749 τοῦτο
2504 693 2642 751 εἷναι
2672 697 2732 751 τὸ
2770 698 3083 771 λεγόμενον,
3125 702 3232 755 ἀπὸ
3266 705 3365 775 τῆς
3406 708 3677 779 κυϐερνη-

2091 786 2246 855 τικῆς
2283 787 2341 839 τὸ
2371 787 2721 859 παράδειγμα
2758 791 3072 862 ληψόμεθα·
3109 795 3243 864 πρὸς
3284 797 3393 866 γὰρ
3417 798 3531 869 ,τὴν
3566 799 3676 854 τῶν

2093 875 2307 946 ἀνέμων
2349 879 2545 949 πνοὴν,
2577 882 2669 934 καὶ
2695 882 2794 950 τὴν
2833 883 2942 937 τῶν
2989 883 3168 956 ἀέρων
3213 880 3509 958 εὐκρασίαν
3535 931 3549 954 ,
3583 894 3677 945 καὶ

2091 965 2189 1036 τὴν
2219 966 2328 1020 τῶν
2354 966 2597 1039 ἀστέρων
2637 969 2994 1041 λαμπρότητα
3038 975 3439 1044 συνεργούντων
3471 981 3535 1049 τῇ
3567 979 3677 1035 τῶν

2093 1056 2434 1125 ἐμπλεόντων
2488 1061 2762 1132 σωτηρίᾳ,
2815 1063 2978 1117 πόσον
3025 1065 3092 1119 ἂν
3139 1066 3372 1136 ἀριθμὸν
3421 1068 3563 1138 ἔχειν
3595 1069 3679 1124 λέ-

2092 1163 2239 1214 γοιτο
2268 1150 2364 1218 τῆς
2405 1150 2498 1204 ἐπὶ
2526 1150 2614 1204 τὸν
2647 1151 2840 1221 λιμένα
2891 1155 3388 1221 ἀποκαταστάσεως
3415 1160 3447 1228 ἡ
3477 1161 3678 1232 κυϐερο

2091 1238 2280 1310 νητικὴ
2318 1239 2500 1311 τέχνη,
2530 1241 2638 1294 οὐδ’
2679 1243 2858 1297 αὐτῶν
2890 1244 2997 1299 τῶν
3035 1247 3381 1318 κυϐερνητῶν
3409 1249 3476 1303 δι’
3519 1252 3677 1305 εὐλά-

2093 1329 2243 1383 ϐειαν
2290 1331 2546 1394 πολλάκις
2587 1333 2908 1403 τολμώντων
2963 1336 3244 1406 ὁμολογεῖν
3276 1340 3334 1392 τὸ
3381 1343 3676 1398 σεσωκέναι

2089 1423 2188 1482 τὴν
2225 1422 2376 1487 ναῦν,
2431 1423 2567 1476 ἀλλὰ
2603 1425 2680 1495 τῷ
2723 1427 2842 1498 Θεῷ
2881 1428 2939 1480 τὸ
2981 1431 3088 1485 πᾶν
3147 1431 3554 1503 ἀναφερόντων,
3612 1437 3675 1490 οὗ

2089 1514 2166 1584 τῷ
2219 1514 2328 1585 (86)
2375 1515 2538 1586 μηδὲν
2594 1518 2791 1582 αὐτοὺς
2851 1521 3235 1592 ἐνηργηκέναι,
3290 1525 3424 1579 ἀλλὰ
3479 1527 3556 1598 τῷ
3595 1529 3674 1592 είς

2091 1605 2389 1676 ὑπερϐολὴν
2433 1606 2827 1664 πολλαπλάσιον
2869 1607 3007 1665 εἶναι
3046 1613 3106 1664 τὸ
3146 1615 3251 1667 ἀπὸ
3285 1616 3384 1686 τῆς
3423 1619 3676 1688 προνοίας

408 1713 552 1757 ctam
631 1705 1005 1759 maturitatem
1082 1706 1307 1782 prmum
1381 1720 1582 1776 seges,
1659 1723 1818 1763 nemo
1893 1709 1980 1778 pie

2090 1696 2174 1749 τοῦ
2215 1697 2321 1750 ἀπὸ
2361 1697 2459 1768 τῆς
2509 1697 2735 1771 τέχνης;
2790 1703 2900 1755 Καὶ
2944 1703 3034 1755 ἐπὶ
3079 1704 3178 1774 τῆς
3220 1707 3496 1780 ἡμετέρας
3539 1709 3674 1778 γοῦν

410 1798 564 1868 131
607 1809 663 1853 et
692 1807 1090 1870 consequenter
1113 1801 1257 1856 dicet
1289 1800 1413 1870 quia
1463 1803 1673 1858 fructus
1704 1803 1824 1857 illos
1847 1803 1990 1872 agri-

405 1890 526 1945 cola
557 1890 710 1957 fecit,
739 1893 834 1947 sed
867 1907 897 1945 ιι
927 1891 1036 1946 Deo
1073 1891 1334 1946 fatebitur
1377 1893 1679 1959 prtestitos;
1712 1894 1784 1947 ita
1824 1895 1987 1948 etiam

406 1994 592 2038 nostra
621 1983 888 2054 perfectio
927 2000 1031 2041 non
1065 1985 1287 2054 quidem
1343 1985 1506 2039 nobis
1545 1985 1887 2040 cessantibus
1933 1993 1990 2040 et

405 2075 597 2130 otiosis
646 2075 922 2141 efficitur,
986 2092 1090 2133 nec
1145 2084 1332 2131 tamen
1397 2076 1813 2131 consummatio
1871 2077 1988 2144 ejus

406 2166 588 2232 nobis,
649 2167 743 2221 sed
793 2165 902 2221 Deo
950 2167 1042 2236 qui
1079 2177 1162 2223 est
1206 2167 1378 2236 prima
1421 2175 1476 2220 et
1506 2155 1790 2235 praecipua»
1822 2181 1986 2221 causa

405 2257 595 2327 operis
619 2258 948 2312 ascribetur.
985 2257 1075 2314 Sic
1108 2274 1230 2313 cum
1274 2259 1425 2311 navis
1483 2257 1820 2325 superaverit
1865 2272 1984 2310 ma-

403 2351 528 2402 rina
559 2348 898 2416 discrimina,
940 2351 1190 2425 quamvis
1244 2348 1415 2403 multo
1444 2348 1632 2403 labore
1671 2359 1982 2414 nautarum,

401 2447 457 2493 et
481 2441 628 2493 omni
665 2441 900 2495 nautica:
935 2441 1073 2495 artis
1107 2455 1274 2510 opere
1327 2440 1598 2508 impenso,
1635 2447 1688 2493 et
1714 2440 1988 2508 guberna-

403 2531 541 2586 toris
573 2531 753 2585 stndio
815 2541 981 2600 atque
1033 2532 1302 2587 industria
1357 2530 1596 2584 adhibita
1648 2545 1733 2584 res
1770 2540 1982 2602 agatur,

400 2630 690 2677 ventorum
722 2637 936 2692 quoque
965 2624 1334 2693 aspirantibus
1355 2621 1603 2685 flatibus,
1636 2630 1690 2675 et
1717 2631 1986 2677 astrorum

401 2714 576 2784 signis
611 2714 898 2785 diligenter
933 2715 1167 2780 notatis;
1207 2716 1252 2769 si
1285 2717 1503 2784 quando
1562 2725 1741 2768 tamen
1790 2724 1986 2767 vexata

401 2808 563 2863 undis
595 2805 708 2878 (85)
740 2815 795 2861 et
823 2806 1074 2862 ﬂuctibus
1104 2807 1324 2878 fatigata
1354 2807 1419 2859 ad
1455 2815 1666 2875 portum
1691 2803 1837 2858 salva
1865 2817 1988 2871 per.

397 2899 570 2964 venit,
599 2913 758 2953 nemo
790 2899 907 2954 sani
944 2913 1136 2954 sensus
1179 2899 1286 2953 nisi
1323 2896 1709 2951 misericordia:
1762 2893 1854 2947 Dei
1897 2907 1981 2946 sa-

397 2987 568 3041 lutem
599 2988 750 3040 navis
773 2990 1038 3042 ascribet.
1093 2987 1201 3040 Sed
1230 3002 1295 3040 ne
1322 2987 1420 3055 ipsi
1449 2986 1664 3054 quidem
1700 2992 1874 3036 nautae
1903 2978 1983 3034 vel

2092 1787 2360 1859 σωτηρίας
2396 1789 2792 1844 πολλαπλάσιόν
2827 1793 2973 1848 ἐστιν
3003 1795 3082 1858 εἰς
3125 1796 3429 1868 ὑπερϐολὴν
3470 1800 3530 1852 τὸ
3568 1801 3676 1852 ἀπὸ

2089 1878 2182 1932 τοῦ
2224 1879 2356 1933 Θεοῦ
2405 1881 2498 1934 τοῦ
2551 1882 2658 1934 ἀπὸ
2699 1881 2791 1934 τοῦ
2839 1882 2924 1951 ἐφ’
2966 1887 3100 1955 ἡμῖν
3133 1903 3145 1916 ⁸
3205 1888 3392 1960 διόπερ
3432 1890 3674 1961 ἠγοῦμαι

2088 1971 2339 2037 λέγεσθαι
2368 1972 2450 2037 τὸ,
2487 1992 2504 2024 ι
2541 1974 2616 2026 Οὐ
2644 1972 2737 2026 τοῦ
2769 1974 3014 2039 θέλοντος
3034 2017 3048 2040 ,
3079 1977 3202 2032 ούδέ
3234 1979 3326 2032 τοῦ
3368 1980 3673 2051 τρέχοντος,

2089 2063 2223 2117 ἀλλὰ
2263 2063 2355 2117 τοῦ
2408 2064 2683 2128 ἐλεοῦντος
2725 2065 2882 2118 Θεοῦ.
2928 2085 2946 2118 ι
2972 2069 3034 2121 Εἰ
3066 2068 3178 2139 γὰρ
3203 2069 3281 2133 ὡς
3307 2073 3500 2126 ἐκεῖνοι
3535 2072 3672 2126 ὑπο-

2088 2155 2420 2226 λαμϐάνουσι
2450 2157 2529 2209 δεῖ
2553 2157 2921 2228 ἐκλαμϐάνειν
2966 2157 3046 2223 τὸ,
3094 2179 3111 2210 ι
3148 2161 3220 2213 Οὐ
3264 2162 3356 2214 τοῦ
3403 2161 3671 2228 θέλοντος,

2088 2249 2209 2302 οὐδὲ
2256 2248 2347 2303 τοῦ
2412 2249 2708 2321 τρέχοντος,
2764 2249 2899 2304 ἀλλὰ
2949 2251 3041 2304 τοῦ
3095 2252 3368 2317 ἐλεοῦντος
3415 2253 3550 2307 Θεοῦ
3579 2294 3593 2319 ,
3647 2275 3668 2307 ι

2089 2342 2346 2412 περισσαὶ
2373 2342 2430 2396 αἱ
2459 2342 2702 2406 ἐντολαὶ,
2741 2341 2835 2394 καὶ
2879 2341 3054 2412 μάτην
3083 2342 3111 2394 ὁ
3153 2343 3363 2406 Παῦλος
3401 2342 3562 2406 αὐτὸς
3582 2346 3670 2396 αἰ-

2086 2432 2272 2487 τιᾶταί
2304 2450 2457 2496 τινας
2519 2432 2596 2496 ὡς
2641 2433 3169 2504 παραπεπτωκότας,
3209 2435 3302 2486 καὶ
3352 2434 3672 2504 ἀποδέχεται

2087 2542 2236 2588 τινας
2256 2525 2331 2589 ὡς
2363 2524 2808 2596 κατωρθωκότας,
2829 2526 2920 2578 καὶ
2963 2526 3242 2595 νομοθετεῖ
3278 2527 3396 2588 ταῖς
3437 2525 3670 2595 Ἐκκλη-

2090 2616 2263 2679 σίαις,
2307 2616 2425 2686 εἰκῆ
2465 2615 2523 2668 δὲ
2562 2617 2654 2669 καὶ
2683 2619 2847 2687 ἡμεῖς
2888 2615 3195 2685 ἐπιδίδομεν
3227 2616 3451 2679 ἑαυτοὺς
3489 2616 3582 2669 ἐπὶ
3609 2616 3672 2667 τὸ

2089 2707 2261 2762 θέλειν
2294 2707 2360 2760 τὰ
2391 2708 2667 2778 κρείττονα
2685 2749 2700 2773 ,
2734 2707 2859 2778 εἰκῆ
2885 2707 2942 2760 δὲ
2967 2708 3059 2760 καὶ
3085 2708 3176 2759 ἐπὶ
3200 2707 3259 2760 τὸ
3283 2707 3492 2779 τρέχειν
3511 2724 3525 2738 ·
3555 2707 3668 2760 ἀλλ’

2086 2799 2146 2852 οὐ
2193 2800 2367 2868 μάτην
2409 2801 2437 2851 ὁ
2479 2798 2685 2862 Παῦλος
2733 2798 2858 2852 τάδε
2908 2797 3262 2867 συμϐουλεύει
3330 2799 3425 2851 καὶ
3481 2797 3668 2850 τούσδε

2090 2886 2383 2957 μέμφεται,
2470 2888 2564 2938 καὶ
2630 2886 2819 2939 τούσδε
2879 2885 3204 2955 ἀποδέχεται
3240 2903 3254 2918 ·
3309 2887 3430 2942 οὐδὲ
3493 2887 3670 2960 μάτην

2089 2980 2249 3048 ἡμεῖς
2301 2977 2606 3047 ἐπιδίδομεν
2657 2979 2880 3040 ἑαυτοὺς
2923 2976 3000 3047 τῷ
3040 2977 3213 3032 θέλειν
3257 2979 3323 3031 τὰ
3364 2980 3667 3051 κρείττονα,

396 3079 723 3146 gubernator
756 3079 958 3132 audent
985 3078 1206 3131 dicere:
1241 3075 1354 3146 Ego
1383 3075 1585 3129 salvavi
1627 3088 1854 3130 navem:
1879 3074 1971 3126 sed

2090 3045 2174 3123 καὶ
2211 3069 2289 3139 τῷ
2332 3045 2581 3122 σπεύδειν
2611 3069 2702 3120 ἐπὶ
2742 3069 2810 3122 τὰ
2845 3045 3215 3140 διαφέροντα·
3239 3071 3351 3122 Οὐκ
3391 3045 3496 3141 άρα
3523 3071 3668 3122 ἐκεῖ-

401 3177 573 3224 totum
604 3170 669 3222 ad
718 3168 812 3222 Dei
861 3168 1289 3222 misericordiam
1336 3166 1621 3234 referunt:
1673 3181 1782 3217 non
1827 3165 1969 3232 quod

2090 3177 2157 3214 νοι
2182 3159 2361 3222 καλῶς
2389 3159 2698 3230 ἐξειλήφασι
2732 3160 2799 3211 τὰ
2828 3160 2968 3213 κατὰ
2995 3160 3083 3214 τὸν
3115 3162 3298 3216 τόπον.

403 3261 646 3316 sentiant
677 3276 734 3316 se
772 3261 908 3315 nihil
932 3261 995 3315 ad
1031 3260 1348 3315 salvandum
1409 3273 1598 3312 navem
1646 3258 1728 3313 vel
1755 3259 1888 3313 artis
1916 3255 2233 3312 adhibuisse
2271 3254 2351 3308 vel
2393 3254 2616 3319 laboris,
2653 3255 2746 3308 sed
2777 3255 2920 3323 quod
2961 3257 3138 3309 sciant
3179 3273 3209 3309 a
3242 3271 3301 3311 se
3346 3256 3564 3325 quidem
3592 3257 3668 3309 la-

409 3356 622 3421 borem,
654 3356 884 3411 salutem
925 3370 1105 3411 veroa
1135 3355 1246 3409 Deo
1286 3359 1582 3425 praestitum
1612 3356 1753 3408 navi.
1795 3355 1872 3408 lta
1905 3353 2069 3407 etiam
2103 3351 2152 3404 in
2187 3357 2386 3404 nostra!
2415 3350 2537 3403 vitae
2563 3365 2722 3405 cursu
2758 3364 2786 3403 a
2821 3351 2980 3405 nobis
3016 3351 3236 3419 quidem
3273 3352 3664 3421 dependendus

411 3459 497 3504 est
527 3449 699 3514 labor,
731 3460 786 3504 et
837 3449 1075 3504 studium
1125 3459 1288 3518 atque
1324 3448 1588 3502 industria
1628 3445 1972 3510 adhibenda;
2021 3444 2224 3499 laboris
2257 3444 2427 3498 nostri
2471 3457 2598 3497 vero
2631 3441 2841 3496 fructus
2871 3455 2899 3494 a
2922 3443 3030 3496 Deo
3081 3442 3346 3510 speranda
3377 3448 3460 3496 est
3496 3441 3662 3496 salus.

405 3542 665 3612 Alioquin
689 3542 733 3595 si
759 3541 890 3596 nihil
915 3541 1083 3595 nostri
1114 3541 1294 3609 operis
1320 3540 1583 3606 exposcit,
1612 3535 1882 3605 superflua
1905 3535 2092 3603 utique
2118 3532 2446 3588 videbuntur
2462 3545 2584 3586 esse
2611 3532 2900 3596 mandata;
2927 3530 3126 3584 frustra
3144 3529 3309 3584 etiam
3336 3530 3449 3600 ipse
3468 3530 3665 3586 Paulus

400 3635 587 3703 culpat
611 3635 871 3702 quosdam
901 3631 1172 3688 decidisse
1195 3649 1222 3686 a
1258 3633 1511 3693 veritate,
1548 3637 1601 3684 et
1627 3629 1894 3684 collaudat
1917 3626 2051 3679 alios
2076 3633 2280 3679 stantes
2305 3625 2358 3678 in
2390 3624 2527 3689 fide;
2555 3631 2826 3692 praecepta
2850 3623 3094 3691 quaedam
3127 3633 3181 3677 el
3206 3622 3448 3676 instituta
3475 3634 3539 3674 ex
3566 3635 3663 3676 su-

397 3725 605 3792 perﬂuo
629 3724 793 3778 tradit
819 3725 1113 3792 Ecclesiis;
1141 3724 1340 3779 frustra
1367 3723 1528 3777 etiam
1558 3736 1656 3776 nos
1679 3721 1781 3790 ipsi
1807 3717 1892 3772 vel
1923 3717 2169 3771 volumus
2194 3716 2279 3769 vel
2303 3716 2576 3770 currimus
2597 3716 2665 3769 ad
2693 3715 2853 3768 bona.
2885 3713 3238 3782 Sedgcertum
3259 3721 3342 3768 est
3371 3712 3516 3780 quod
3547 3714 3663 3769 haec

409 3817 612 3872 frustra
642 3832 748 3870 non
782 3817 938 3881 fiunt,
968 3827 1024 3872 et
1052 3827 1264 3872 certum
1297 3827 1381 3872 est
1411 3818 1554 3886 quod
1597 3830 1697 3871 nec
1727 3811 1952 3882 apostoli
1998 3810 2197 3864 frustra
2227 3808 2570 3877 prmcipiunt,
2602 3822 2702 3862 nec
2737 3808 2998 3860 Dominus
3034 3807 3152 3860 sine
3183 3821 3345 3861 causa
3375 3807 3466 3859 dat
3491 3805 3660 3878 leges.

408 3909 670 3976 Superest
699 3922 829 3975 ergo
863 3919 924 3963 ut
951 3893 1367 3977 pronuntiemus
1390 3911 1532 3978 quod
1567 3909 1738 3979 magis
1769 3905 1926 3960 bonis
1958 3903 2120 3957 dictis
2149 3899 2384 3954 haeretici
2421 3897 2617 3953 frustra
2650 3897 2760 3970 (87)
2800 3897 3129 3951 calumniam
3163 3895 3386 3951 faciant.

440 3999 818 4072 13219.1‘ost
838 4001 950 4054 huic
965 4002 1344 4068 insequebatur
1364 4003 1454 4055 illa
1475 4003 1700 4070 quazstio
1715 3993 1971 4069 quoniam

402 4113 422 4145 ι
461 4104 513 4146 cl
547 4091 683 4146 velle
709 4101 762 4146 et
785 4091 1048 4159 perlicere
1070 4107 1134 4145 ex
1158 4091 1266 4145 Deo
1297 4090 1410 4161 (88)
1432 4092 1595 4146 est“.
1633 4110 1652 4144 ι
1683 4090 1748 4144 Et
1777 4088 1928 4142 aiunt
1953 4104 1966 4140 :

398 4185 454 4242 Si
485 4202 548 4241 ex
579 4185 688 4239 Deo
725 4192 810 4239 est
836 4183 996 4250 velle,
1040 4192 1095 4237 et
1123 4199 1188 4238 ex
1224 4184 1332 4238 Deo
1377 4192 1461 4236 est
1504 4181 1803 4251 perficere;
1851 4181 1968 4233 sive

2149 3995 2295 4064 Πρὸς
2347 3993 2555 4056 τούτοις
2583 3988 2650 4064 ἦν
2670 4009 2684 4023 ο
2746 4011 2764 4042 ι
2797 3990 2870 4044 Τὸ
2901 3991 3074 4044 θέλειν
3103 3991 3197 4044 καὶ
3226 3991 3285 4044 τὸ
3315 3991 3556 4062 ἐνεργεῖν
3599 3994 3663 4048 ἐκ

2076 4087 2168 4141 τοῦ
2195 4087 2330 4140 Θεοῦ
2359 4089 2496 4141 ἐστι.
2527 4107 2544 4138 ι
2565 4088 2674 4140 Καὶ
2691 4085 2820 4154 φασί
2845 4101 2988 4148 τινες
3007 4101 3021 4115 ·
3056 4085 3118 4137 El
3142 4073 3252 4156 (39)
3279 4085 3383 4138 ἀπὸ
3403 4086 3495 4138 τοῦ
3527 4086 3659 4140 Θεοῦ

2074 4178 2134 4231 τὸ
2163 4178 2354 4245 θέλειν,
2396 4179 2489 4231 καὶ
2528 4178 2633 4230 ἀπὸ
2660 4176 2751 4230 τοῦ
2790 4175 2923 4229 Θεοῦ
2951 4175 3011 4228 τὸ
3033 4175 3294 4246 ἐνεργεῖν,
3337 4175 3436 4231 κᾶν
3477 4177 3661 4242 κακῶς

1622 4292 2188 4348 INTERPRE’I‘ATIO
2225 4290 2436 4347 NOVA.

467 4395 556 4449 19.
612 4393 801 4466 Postea
868 4394 1198 4466 sequebatur
1231 4392 1413 4466 illud:
1456 4409 1474 4442 ι
1527 4390 1671 4445 Velle
1701 4391 2051 4466 et_perfi_cere
2083 4406 2148 4443 ex
2180 4390 2292 4444 Deo
2341 4397 2443 4466 est.
2490 4386 2617 4466 i_Et
2655 4387 2840 4466 dicunt
2887 4384 3102 4466 quidam
3139 4399 3154 4437 :
3193 4383 3249 4466 Si
3293 4382 3658 4466 Y‘elleﬁhper-

398 4464 563 4518 ﬁcere
587 4479 652 4517 ex
679 4465 788 4518 Deo
819 4452 1046 4522 est.seit
1085 4462 1223 4534 male
1267 4461 1520 4518 velimus.
1538 4475 1630 4534 seu
1663 4452 1803 4514 male
1842 4462 1969 4534 quid
2003 4474 2228 4529 agamus
2256 4498 2270 4519 ,
2298 4473 2327 4511 a
2364 4459 2473 4534 Deo
2518 4459 2633 4511 lucc
2683 4457 2839 4534 nobis
2893 4452 3258 4534 contigerunt.
3297 4452 3447 4534 Quod
3484 4455 3530 4534 si
3585 4456 3656 4534 ita

400 4543 504 4596 est,
538 4547 642 4586 non
666 4549 854 4586 sumus
885 4533 1061 4588 liberi.
1093 4533 1158 4585 Et
1186 4546 1400 4595 rursus,
1441 4546 1564 4585 cum
1607 4533 1744 4585 bona
1776 4522 2024 4592 volumus
2041 4522 2118 4581 "et
2150 4527 2528 4599 przestautiora
2580 4527 2910 4599 perticimus,
2948 4522 3206 4599 quoniam
3255 4539 3273 4571 ι
3307 4531 3370 4599 et
3413 4522 3660 4599 vellenet
3722 4592 3731 4599 .

395 4591 658 4672 perlicere
680 4617 743 4655 ex
788 4601 894 4655 Deo
929 4611 1033 4664 est,
1067 4619 1084 4651 ι
1115 4617 1219 4672 non
1250 4617 1347 4672 nos
1384 4591 1758 4672 prtestantiora
1795 4591 2537 4672 perfecimus,_'_sei_lperlicere
2565 4591 2664 4672 visi
2696 4611 2910 4672 sumus;
2948 4594 3060 4672 hazc
3093 4591 3446 4672 antempeus
3473 4593 3655 4672 dedit;

395 4659 564 4740 quare
595 4686 695 4741 nec
732 4672 782 4723 in
826 4685 890 4724 eo
931 4659 1118 4741 Sumus
1161 4671 1337 4741 liberi.
1382 4659 2086 4741 llespmidenduntestnon
2130 4659 2339 4741 dixis-se
2372 4665 2686 4741 Apostolum
2721 4664 2856 4718 velle
2897 4666 3038 4741 mala
3084 4669 3174 4714 aut
3208 4659 3365 4741 velle
3410 4661 3660 4741 bona,.et

399 4729 527 4795 i'tem
570 4739 786 4792 meliora
818 4749 910 4792 aut
943 4738 1124 4806 pejora
1153 4739 1330 4793 facere
1362 4753 1427 4792 ex
1461 4729 1568 4792 Deo
1601 4754 1738 4802 esse,
1769 4739 1861 4792 sed
1894 4739 2148 4790 universe
2185 4735 2321 4789 velle
2343 4729 2694 4806 ct'universe
2724 4748 2965 4806 currere.
2999 4729 3462 4806 Quemadmpdum
3513 4731 3655 4783 enim

404 4825 434 4863 a
463 4810 572 4864 Deo
607 4809 872 4863 habemus
919 4798 1062 4878 quod
1099 4809 1378 4874 animalia,
1409 4809 1552 4878 quod
1581 4798 1834 4863 homines
1873 4820 2086 4871 sumus,
2139 4807 2213 4859 ita
2257 4804 2405 4874 quod
2451 4803 2774 4874 generatim,
2808 4813 2866 4859 ut
2893 4805 2964 4857 ita
2999 4804 3199 4867 dicam,
3224 4798 3494 4864 volumus,
3513 4810 3658 4869 quod

473 4923 515 4956 ⁶¹
549 4921 565 4976 l
598 4921 723 4976 Cor.
759 4937 843 4986 tu,
883 4922 936 4987 6,
976 4922 1024 4977 7.
1103 4923 1147 4955 ⁸³
1177 4921 1368 4992 Philip.
1405 4937 1464 4988 ιι,
1504 4922 1590 4976 l5.

473 5012 586 5082 (84)
619 5011 712 5082 Sic
739 5026 868 5065 mss.
895 5012 1077 5078 Alias,
1112 5031 1129 5064 ι
1163 5014 1548 5068 convenienter
1586 5010 1737 5082 dicit.
1771 5026 1790 5060 ι
1824 5006 1966 5082 l_n_fra
2003 5005 2045 5059 D
2075 5003 2446 5082 quodnsciant.
2481 5021 2499 5054 ι
2521 5000 2678 5056 Libb.
2700 5001 2891 5082 edita:
2926 5000 3306 5082 sedquoniam
3330 5000 3516 5082 sentit.
3557 5017 3580 5053 ι

401 5069 535 5139 libb.
566 5069 720 5144 editi,
752 5098 771 5132 ι
805 5097 963 5135 nemo
985 5069 1076 5151 pie
1097 5093 1150 5137 et
1176 5084 1564 5138 convenienter
1593 5081 1758 5135 dicet.
1791 5096 1810 5130 ι
1841 5076 1969 5132 Mss.
2092 5069 2105 5072 ’
2156 5074 2267 5151 (_8_6)
2292 5074 2401 5151 "Sic
2434 5083 2742 5151 recte_m_s_s.
2775 5069 2930 5151 Libb.
2958 5069 3087 5124 editi
3122 5070 3286 5150 male,
3315 5069 3394 5123 τό.

400 5167 460 5210 ut
488 5155 540 5206 in
571 5139 756 5204 nostro
781 5161 964 5205 textu.
985 5139 1000 5151 ’
2144 5139 2258 5219 (87)
2290 5144 2381 5219 Sic
2409 5159 2540 5197 mss.
2583 5141 2742 5196 Libb.
2787 5139 2943 5203 editi,
2981 5159 2999 5191 ι
3037 5153 3095 5193 ιιι
3127 5141 3323 5208 magis,
3354 5157 3374 5192 ι
3407 5147 3463 5194 et
3489 5139 3652 5195 omit-

468 5222 580 5296 (85)
611 5219 930 5296 Siquando
986 5231 1158 5296 tamen
1213 5231 1397 5276 vexata
1455 5221 1642 5296 undis.
1711 5219 1786 5272 lta
1839 5231 1970 5296 mss.
2073 5214 2252 5296 tun‘tnc‘
2288 5214 2510 5296 frustra.
2548 5230 2648 5296 in.

399 5276 576 5359 Alias:
607 5309 626 5342 ι
663 5291 709 5344 si
731 5276 924 5345 'tamen
971 5291 1126 5346 navis
1159 5297 1338 5346 undis.
1385 5311 1404 5344 ›
1455 5292 1625 5346 Paulo
1669 5297 1789 5360 post
1841 5287 1972 5340 libb.
2145 5286 2258 5356 (88)
2291 5285 2368 5337 lta
2402 5297 2532 5360 mss.
2564 5281 2738 5360 Alias,
2769 5297 2787 5329 ι
2822 5287 2969 5360 esset
2999 5293 3066 5360 ex
3091 5279 3226 5334 Deo.
3267 5295 3286 5328 ι
3327 5276 3496 5360 Ρειιιιο
3523 5285 3651 5360 post

394 5347 606 5427 editi,'r
643 5361 734 5416 sed
764 5375 829 5415 ne
857 5364 969 5432 ipse
1015 5361 1229 5429 quidem
1279 5372 1443 5416 nauta
1497 5361 1580 5415 vel
1645 5347 1974 5432 g'ubcrnator
2072 5347 2251 5412 ms's.c'
2287 5362 2390 5432 a_ut_
2411 5351 2549 5408 velle
2582 5351 2723 5406 bona
2753 5364 2820 5404 ex
2848 5349 2958 5403 Deo
2985 5359 3104 5417 est,
3145 5367 3164 5400 ι
3197 5362 3319 5418 quae
3346 5347 3539 5401 desunt
3596 5348 3648 5401 in

397 5425 670 5489 audet.....
717 5433 782 5485 ad
823 5425 1252 5488 misericordiam
1311 5434 1403 5487 Dei
1463 5425 1791 5486 refert'nou
1828 5425 1972 5501 quod
2073 5425 2448 5501 antea_e_d_ili§.
2539 5491 2596 5501 γ’
2751 5498 2757 5501 Α
3131 5485 3194 5501 Η
3253 5487 3267 5501 ,
3326 5495 3336 5501 _
3436 5487 3447 5497 ,

395 5485 615 5560 sentiat.
638 5485 660 5554 ι
704 5501 830 5558 Mss.
855 5485 988 5559 utin
1015 5485 1200 5558 nostro
1227 5485 1401 5558 textu.
1423 5485 1623 5558 Ibidem
1654 5514 1782 5554 mss.
1827 5485 1858 5548 ι’
1878 5496 1971 5551 sed
2144 5495 2255 5568 (89)
2280 5496 2362 5549 Et.
2394 5495 2551 5550 Deest
2582 5491 2634 5547 in
2672 5498 2828 5547 antea
2851 5489 3030 5555 editis,
3056 5485 3149 5546 sed
3181 5487 3411 5544 habetur
3436 5487 3485 5539 in
3517 5500 3649 5544 mss.
