4014 6142
325 198 445 257 293

1670 195 1872 255 LIBER
1912 198 2167 256 TERTIU
2184 199 2241 257 S.

3499 198 3601 261 991

313 320 625 392 Θέλωμεν,
653 322 755 376 κᾶν
783 320 965 383 κακῶς
995 320 1329 393 ἐνεργῶμεν,
1359 319 1466 373 ἀπὸ
1493 320 1584 373 τοῦ
1610 320 1743 373 Θεοῦ
1773 318 1916 373 ταῦθ’

2029 319 2165 372 bene
2196 318 2311 371 sive
2344 316 2483 371 male
2519 314 2725 384 agimus
2773 315 2858 371 vel
2914 317 3183 383 volumus,
3233 333 3303 373 ex
3337 317 3444 373 Deo
3495 334 3602 374 est.

312 411 462 483 ἡμῖν
518 413 763 484 ὑπῆρξεν
784 431 797 443 ·
828 414 875 465 εἰ
900 414 957 465 δὲ
986 412 1163 474 τοῦτο,
1195 413 1293 465 οὐκ
1319 412 1484 482 ἐσμὲν
1525 411 1865 476 αὐτεξούσιοι
1900 429 1912 441 ·

314 502 495 557 πάλιν
538 520 606 556 τε
645 499 711 557 αῦ
764 504 1044 574 κρείττονα
1073 503 1315 565 θέλοντες
1355 503 1448 555 καὶ
1485 502 1551 554 τὰ
1600 501 1922 573 διαφέροντα

313 592 706 663 ἐνεργοῦντες,
745 595 867 647 ἐπεὶ
902 594 1006 645 ὰπὸ
1030 592 1162 645 Θεοῦ
1189 593 1247 644 τὸ
1276 593 1447 646 θέλειν
1474 594 1567 646 καὶ
1596 592 1656 645 τὸ
1683 595 1923 663 ἐνεργεῖν

311 685 515 747 ἐστιν,
548 685 647 754 οὐχ
688 687 849 755 ἡμεῖς
890 685 957 738 τὰ
993 684 1315 755 διαφέροντα
1353 685 1733 754 πεποιήκαμεν
1757 724 1771 747 ,
1808 684 1921 736 ἀλλ’

311 773 491 840 ἡμεῖς
549 773 651 841 μὲν
692 772 983 843 ἐδόξαμεν,
1014 774 1041 824 ὁ
1069 772 1126 823 δὲ
1171 770 1303 833 Θεὸς
1351 770 1521 824 ταῦτα
1567 772 1874 843 ἐδωρήσατο
1905 790 1917 802 ’

309 860 464 913 ὥστε
526 864 626 914 καὶ
679 862 819 915 κατὰ
861 863 1019 915 τοῦτο
1057 863 1156 915 οὐκ
1204 862 1368 930 ἐσμὲν
1411 860 1760 923 αὐτεξούσιοι.
1812 863 1922 914 Καὶ

308 952 463 1021 πρὸς
519 953 684 1005 τοῦτο
720 954 776 1006 δὲ
814 953 1027 1006 λεκτέον
1058 954 1139 1006 ὅτι
1187 955 1218 1022 ἡ
1260 952 1352 1005 τοῦ
1413 953 1728 1004 Ἀποστόλου
1782 952 1922 1016 λέξις

308 1041 375 1094 οὐ
448 1042 601 1111 φησὶ
650 1042 711 1094 τὸ
768 1042 941 1095 θέλειν
1008 1041 1074 1093 τὰ
1136 1040 1281 1093 κακὰ
1355 1040 1419 1091 ἐκ
1486 1038 1579 1091 τοῦ
1642 1037 1777 1091 Θεοῦ
1846 1035 1922 1091 εἶ-

306 1149 445 1194 ναι,
496 1132 536 1202 ἢ
583 1132 645 1183 τὸ
703 1132 875 1185 θέλειν
926 1131 994 1184 τὰ
1040 1131 1219 1199 ἀγαθὰ
1276 1132 1341 1183 ἐκ
1395 1130 1487 1182 τοῦ
1540 1129 1675 1183 Θεοῦ
1741 1126 1916 1184 εἶναι·

304 1222 536 1292 ὁμοίως
577 1241 637 1276 τε
671 1224 729 1275 τὸ
757 1224 997 1294 ἐνεργεῖν
1026 1224 1093 1276 τὰ
1115 1224 1396 1295 κρείττονα
1432 1222 1523 1273 καὶ
1552 1221 1620 1273 τὰ
1659 1222 1874 1293 χείρονα
1902 1238 1916 1253 ο

306 1316 456 1368 ἀλλὰ
486 1317 558 1368 τὸ
597 1316 825 1369 καθόλου
859 1316 1029 1369 θέλειν
1074 1316 1258 1371 καὶτὸ
1302 1315 1529 1368 καθόλου
1570 1316 1797 1387 τρέχειν.
1835 1316 1920 1377 Ὡς

306 1408 429 1478 γὰρ
462 1408 582 1460 ἀπὸ
614 1407 747 1460 Θεοῦ
785 1407 977 1477 ἔχομεν
1004 1408 1064 1459 τὸ
1095 1404 1234 1461 εἶναι
1267 1406 1411 1471 ζῶα,
1437 1408 1530 1460 καὶ
1561 1408 1621 1459 τὸ
1641 1403 1791 1460 ἐἶναι
1827 1406 1921 1459 ἄν·

307 1498 540 1567 θρωποι
563 1540 578 1565 ,
619 1498 759 1551 οὕτω
784 1499 878 1551 καὶ
900 1499 960 1551 τὸ
988 1498 1213 1551 καθόλου
1267 1498 1440 1551 θέλειν
1459 1538 1474 1561 ,
1518 1498 1593 1561 ὼς
1626 1497 1673 1549 εί
1711 1497 1916 1565 ἔλεγον,

304 1590 412 1641 καὶ
478 1590 551 1641 τὸ
612 1589 839 1642 καθόλου
920 1589 1201 1642 κινεῖσθαι.
1248 1589 1458 1659 Ὥσπερ
1495 1589 1552 1641 δὲ
1593 1588 1804 1658 ἔχοντες
1860 1588 1919 1641 τὸ

306 1677 436 1742 ζῶα
502 1674 669 1743 εἶναι,
712 1679 772 1731 τὸ
814 1679 1114 1743 κινεῖσθαι,
1162 1678 1256 1731 καὶ
1296 1678 1413 1749 φέρ’
1463 1679 1634 1732 εἰπεῖν
1683 1678 1810 1731 τάδε
1848 1676 1917 1731 τὰ

2027 409 2179 475 Quod
2205 409 2247 462 si
2280 416 2382 473 est,
2452 408 2609 461 liberi
2663 409 2875 463 arbitrii
2904 425 3035 479 ἱιιοη
3090 424 3301 464 sumus.
3334 409 3414 463 Ad
3460 411 3603 480 quod

2028 499 2461 566 respondendum
2512 507 2641 563 est,
2692 500 2815 568 quia
2864 515 3039 555 sermo
3093 501 3334 572 Apostoli
3369 516 3473 556 non
3524 502 3606 555 di—

2025 590 2099 643 cit
2123 587 2260 659 (9i),
2292 591 2417 658 quia
2450 589 2587 643 velle
2618 590 2758 644 mala
2788 606 2852 645 ex
2882 591 2990 645 Deo
3026 602 3129 656 est,
3158 602 3252 646 aut
3281 592 3419 650 velle
3463 591 3603 646 bona

2024 694 2090 733 ex
2125 681 2234 733 Deo
2272 688 2389 740 est,
2423 692 2598 747 neque
2626 678 2890 746 perﬁcere
2920 681 3058 735 bona
3106 691 3198 735 aut
3235 682 3372 735 mala
3398 694 3460 736 ex
3494 681 3604 737 Deo

2025 779 2131 832 est;
2189 770 2282 823 sed
2317 770 2644 837 generaliter
2701 772 2777 825 ait
2829 774 2956 841 quia
3010 774 3149 828 velle
3186 783 3240 826 et
3283 774 3600 841 perﬁcerea

2023 862 2133 916 Deo
2155 870 2257 915 est.
2294 862 2447 915 Sicut
2475 862 2620 915 enim
2650 877 2679 915 a
2712 864 2822 916 Deo
2850 865 3114 918 habemus
3138 865 3239 916 hoc
3268 864 3440 932 ipsum
3462 864 3605 931 quod

2024 952 2274 1006 homines
2323 965 2541 1015 sumus,
2569 953 2714 1019 quod
2743 951 3015 1019 spiramus
3040 991 3055 1015 ,
3111 954 3253 1021 quod
3300 967 3600 1016 movemur,

2023 1041 2095 1095 ita
2118 1051 2171 1096 et
2199 1041 2339 1111 quod
2374 1040 2643 1105 volumus,
2680 1056 2746 1096 ex
2782 1041 2889 1094 Deo
2924 1043 3218 1107 habemus;
3256 1052 3317 1097 ιιι
3348 1046 3489 1098 sicut
3518 1045 3602 1098 di-

2022 1149 2229 1197 camus,
2263 1134 2407 1202 quod
2439 1148 2740 1197 movemur,
2786 1148 2849 1187 ex
2887 1133 2997 1187 Deo
3051 1144 3153 1197 est,
3185 1135 3265 1189 vel
3295 1137 3438 1204 quod
3487 1138 3604 1191 sin-

2023 1225 2145 1294 gula
2179 1237 2410 1293 quaeque
2446 1224 2688 1277 membra
2721 1221 2903 1277 ofﬁcio
2929 1239 3027 1277 suo
3064 1225 3377 1279 deserviunt
3405 1235 3458 1280 et
3490 1241 3604 1279 mo-

2022 1323 2239 1378 ventur,
2267 1330 2331 1369 ex
2365 1316 2473 1369 Deo
2499 1323 2601 1369 cst.
2641 1315 2719 1368 Ex
2755 1329 2819 1368 eo
2855 1316 3041 1384 utique
3085 1331 3190 1370 non
3236 1316 3362 1370 illud
3402 1318 3605 1372 intelli-

2021 1406 2165 1474 gitur
2199 1407 2324 1474 quia
2373 1407 2518 1475 quod
2572 1418 2823 1460 movetur
2869 1423 3084 1472 manus,
3117 1407 3266 1460 verbi
3325 1424 3487 1463 causa
3536 1410 3601 1462 ad

2021 1498 2420 1551 verberandum
2452 1497 2671 1564 injuste,
2703 1499 2784 1553 vel
2812 1499 2876 1552 ad
2904 1499 3307 1565 furandum,ex
3340 1500 3449 1554 Deo
3471 1511 3553 1555 est
3586 1523 3597 1555 :

2021 1587 2112 1642 sed
2145 1588 2244 1642 hoc
2272 1587 2445 1655 ipsum
2475 1588 2619 1655 quod
2652 1598 2918 1654 movetur,
2959 1603 3025 1642 ex
3061 1588 3169 1641 Deo
3203 1598 3317 1652 est;
3350 1598 3598 1643 nostrum

2018 1688 2149 1728 vero
2177 1682 2261 1727 est
2291 1682 2468 1729 motus
2512 1675 2647 1730 istos
2691 1675 2894 1743 quibus
2945 1677 3151 1730 moveri
3215 1675 3327 1748 (92)
3370 1690 3437 1730 ex
3490 1677 3600 1733 Deo

309 1769 463 1839 μέλη
497 1773 697 1835 κινεῖν,
737 1773 924 1841 χεῖρας
951 1770 983 1840 ἢ
1014 1770 1198 1832 πόδας,
1242 1771 1341 1822 ούκ
1370 1768 1434 1823 ἂν
1470 1769 1705 1838 εὐλόγως
1732 1770 1911 1838 λέγοι-

2024 1768 2304 1830 habemus,
2357 1767 2440 1821 vel
2471 1767 2539 1821 ad
2572 1768 2713 1822 bona
2751 1768 2837 1822 vel
2868 1768 2932 1823 ad
2963 1769 3102 1822 ntala
3135 1778 3474 1826 convertere.
3525 1771 3601 1825 lta

309 1875 419 1926 μεν
466 1858 621 1927 ἔχειν
661 1859 767 1915 ἀπὸ
799 1857 933 1911 Θεοῦ
966 1858 1026 1910 τὸ
1054 1858 1249 1911 εἰδικὸν
1276 1857 1395 1910 τόδε
1430 1858 1547 1928 ἦτοι
1568 1858 1628 1910 τὸ
1650 1858 1912 1911 κινεῖσθαι

306 1950 460 2021 πρὸς
492 1951 560 2003 τὸ
592 1950 813 2005 τύπτειν
837 1951 870 2022 ἢ
894 1952 1129 2022 ἀναιρεῖν
1149 1990 1164 2014 ,
1196 1951 1229 2017 ἢ
1258 1950 1608 2020 ἀφαιρεῖσθαι
1652 1949 1721 2002 τὰ
1758 1950 1914 2004 ότλλό-

304 2059 445 2112 τρια
472 2058 487 2071 °
550 2042 685 2094 ἀλλὰ
737 2044 798 2095 τὸ
843 2044 940 2113 μὲν
995 2042 1211 2111 γενικὸν
1247 2042 1307 2095 τὸ
1336 2040 1602 2096 κινεῖσθαι
1648 2040 1912 2112 ἐλάϐομεν

305 2132 427 2184 ἀπὸ
463 2132 642 2185 Θεοῦ·
679 2134 839 2203 ἡμεῖς
880 2131 937 2184 δὲ
973 2131 1233 2204 χρώμεθα
1274 2132 1352 2203 τῷ
1392 2132 1657 2186 κινεῖσθαι
1712 2133 1804 2185 ἐπὶ
1846 2132 1914 2185 τὰ

2020 1875 2150 1927 ergo
2188 1868 2271 1914 est
2299 1861 2442 1928 quod
2484 1858 2618 1912 dicit
2647 1859 2962 1928 Apostolus,
3010 1861 3135 1929 quia
3181 1862 3438 1916 virtutem
3476 1863 3599 1932 qui-

2019 1964 2144 2007 dem
2177 1951 2477 2005 voluntatis
2518 1950 2840 2017 accipimus,
2863 1966 2963 2004 nos
2995 1960 3175 2006 autem
3210 1954 3485 2007 abutimur
3510 1970 3602 2005 vo-

2017 2042 2250 2107 luntate,
2280 2040 2365 2096 vel
2391 2042 2442 2094 in
2472 2041 2629 2096 bonis
2656 2041 2738 2094 vel
2768 2042 2819 2095 in
2849 2041 3005 2095 malis
3048 2043 3357 2097 desideriis.
3399 2046 3603 2099 Simili-

2022 2143 2103 2189 ter
2126 2146 2343 2202 quoque
2370 2140 2425 2185 et
2459 2132 2525 2186 de
2548 2130 2835 2186 effectibus
2864 2132 3205 2186 sentiendum
3239 2144 3345 2188 est.

302 2223 550 2293 χείρονα
587 2224 620 2294 ἢ
647 2226 740 2278 ἐπὶ
770 2224 837 2277 τὰ
859 2225 1101 2294 βελτίονα
1125 2242 1137 2254 ’
1172 2224 1310 2277 οὕτω
1343 2225 1403 2277 τὸ
1441 2225 1537 2295 μὲν
1578 2228 1839 2305 ἐνεργεῖν,
1923 2224 2038 2289 ζῶά
2070 2225 2260 2293 ἐσμεν,
2289 2221 2587 2291 εἰλήφαμεν
2606 2220 2713 2273 ἀπὸ
2743 2219 2837 2273 τοῦ
2872 2220 3030 2285 Θεοῦ,
3063 2223 3232 2275 καὶτὸ
3276 2224 3447 2278 θέλειν
3482 2225 3603 2280 ἐλά-

306 2312 495 2385 6ομεν
522 2316 735 2369 ἀπὸτοῦ
753 2317 1111 2388 δημιουργοῦο
1152 2318 1310 2388 ἡμεῖς
1330 2317 1386 2368 δὲ
1414 2316 1493 2387 τῷ
1526 2318 1699 2371 θέλειν
1754 2318 1845 2370 ἐπὶ
1870 2317 1939 2369 τὰ
1965 2314 2276 2385 κάλλισταῆ
2303 2314 2520 2368 ἐναντία
2540 2310 2824 2383 χρώμεθα,
2850 2312 3051 2382 ὁμοίως
3083 2314 3177 2366 καὶ
3216 2313 3292 2384 τῷ
3336 2316 3596 2386 ἐνεργεῖν.

390 2406 533 2457 Ἔτι
590 2407 725 2476 πρὸς
765 2407 823 2458 τὸ
870 2408 943 2476 μὴ
994 2407 1104 2475 (90)
1147 2409 1294 2476 ἡμᾶς
1348 2403 1485 2460 εἶναι
1534 2409 1913 2473 αὑτεξουσίους

304 2494 465 2558 δόξει
498 2496 561 2547 τὸ
592 2496 941 2549 ἀποστολικὸν
986 2498 1145 2566 ῥητὸν
1189 2500 1483 2569 περισπᾷν,
1521 2499 1578 2553 ἐν
1621 2496 1702 2562 οἷς
1739 2500 1914 2570 ἑαυτῴ

302 2586 725 2657 ἀνθυποφέρων
789 2586 983 2656 φησίν·
1024 2606 1042 2636 ί
1094 2588 1213 2658 Ἆρ’
1245 2583 1338 2641 οῦν
1379 2588 1438 2642 ὃν
1475 2588 1618 2640 θέλει
1670 2590 1829 2654 ἐλεεῖ,
1855 2591 1913 2643 ὃν

301 2675 369 2727 δὲ
426 2676 583 2728 θέλει
631 2676 936 2748 σκληρύνει.
982 2677 1171 2748 Ἐρεῖς
1229 2694 1316 2747 μοι
1352 2674 1483 2742 οὖν,
1539 2678 1604 2729 Τί
1636 2677 1715 2730 ἔτι
1775 2678 1914 2748 μέμ-

304 2783 525 2835 enatat;
554 2766 642 2837 Τῷ
670 2767 774 2838 γὰρ
802 2767 1095 2839 βουλήματι
1117 2767 1285 2820 αὐτοῦ
1308 2768 1391 2830 τίς
1417 2768 1715 2837 ἀνθέστηκε
1736 2785 1750 2833 ;
1770 2770 1913 2822 Μεν-

306 2858 514 2927 οῦνγε,
557 2857 604 2909 ὦ
647 2858 932 2929 ἄνθρωπε,
988 2860 1049 2911 σὺ
1123 2862 1207 2923 τίς
1242 2858 1299 2914 εἴ
1326 2861 1354 2911 ό
1387 2859 1915 2928 ἀνταποκρινόμενος

308 2948 393 3017 τῷ
470 2948 635 3019 Θεῷ;
678 2948 769 3018 Μὴ
825 2951 940 3019 ἐρεῖ
986 2950 1046 3001 τὺ
1099 2951 1322 3020 πλάσμα
1368 2950 1446 3020 τῷ
1506 2951 1810 3013 πλάσαντι,
1847 2952 1911 3003 Τί

2095 2409 2187 2463 20.
2205 2408 2313 2463 Sed
2328 2408 2393 2463 de
2410 2422 2475 2463 eo
2496 2406 2637 2477 quod
2655 2406 2788 2460 dixit
2804 2406 3127 2475 Apostolus:
3167 2424 3185 2456 ‹
3219 2406 3360 2476 Ergo
3384 2408 3471 2460 cui
3487 2398 3602 2462 vult

2022 2496 2564 2565 miseretur,etquem
2583 2494 2697 2549 vult
2716 2495 2949 2549 indurat.
2972 2493 3131 2548 Dices
3142 2510 3270 2564 ergo
3287 2496 3441 2549 mihi:
3462 2496 3600 2560 Quid

2022 2588 2198 2640 adhuc
2229 2586 2517 2655 queritur?
2542 2586 2822 2640 Voluntati
2853 2587 2997 2642 enim
3031 2586 3148 2655 ejus
3182 2590 3305 2656 quis
3336 2589 3593 2643 resistet?

2023 2676 2337 2742 Enimvero,
2370 2678 2628 2741 homo,tu
2669 2679 2762 2746 qui
2806 2691 2865 2731 es
2904 2678 2993 2747 qui
3037 2688 3225 2732 contra
3271 2682 3597 2748 respondeas

2023 2766 2133 2820 Deo
2160 2767 2183 2819 ?
2206 2766 2456 2834 Nunquid
2484 2768 2612 2821 dicit
2640 2768 2949 2837 ﬁgmentum
2978 2769 3024 2821 ei
3052 2769 3144 2837 qui
3168 2784 3225 2822 se
3254 2770 3428 2829 ﬁnxit.
3454 2769 3597 2834 Quid

2019 2870 2103 2911 me
2133 2856 2306 2911 fecisti
2323 2857 2427 2910 sic?
2443 2856 2550 2909 Aut
2568 2872 2673 2910 non
2693 2857 2848 2910 habet
2870 2864 3186 2925 potestatem
3208 2856 3402 2926 ﬁgulus
3421 2857 3513 2909 luti
3531 2873 3595 2911 ex

2012 2948 2197 3002 eadem
2220 2948 2375 3017 133
2402 2963 2577 3001 massa
2615 2949 2797 3003 facere
2820 2948 2965 3004 aliud
2997 2950 3214 3018 quidem
3234 2951 3397 3005 vasin
3420 2952 3595 3005 Ιιοιιο-

314 3056 389 3108 με
426 3039 697 3110 ἐποίησας
724 3038 897 3103 οὔτως
922 3057 935 3105 ;
970 3042 1038 3092 Ἢ
1062 3041 1161 3093 οὐκ
1185 3042 1299 3110 ἔχει
1324 3041 1574 3111 ἐχουσίαν
1593 3045 1620 3095 ό
1636 3043 1909 3114 κεραμεὺς

2024 3057 2150 3104 rem,
2189 3040 2332 3095 aliud
2361 3048 2538 3094 autem
2565 3041 2618 3094 in
2662 3041 3152 3096 contumeliam”?t
3180 3041 3332 3097 Dicet
3359 3041 3594 3098 fortasse

310 3128 412 3181 τοῦ
451 3129 630 3200 πηλοῦ
677 3132 740 3183 ἐκ
776 3130 869 3181 τοῦ
892 3130 1055 3183 αὐτοῦ
1094 3133 1412 3201 φυράματος
1466 3134 1688 3202 ποιῆσαι
1749 3133 1778 3184 ὃ
1818 3132 1916 3201 μὲν

2024 3132 2217 3200 aliquis
2254 3148 2269 3184 :
2306 3130 2465 3185 Sicut
2510 3130 2707 3201 ﬁgulus
2745 3147 2810 3186 ex
2861 3134 3051 3186 eadem
3104 3148 3282 3187 massa
3324 3133 3453 3188 facit
3485 3134 3594 3187 alia

318 3219 403 3280 εἰς
438 3217 611 3287 τιμὴν
648 3216 861 3280 σκεῦος,
883 3219 910 3270 ὃ
936 3220 990 3271 δὲ
1023 3221 1101 3282 εἰς
1125 3221 1383 3289 ἀτιμίαν;
1429 3239 1447 3270 ι
1492 3221 1639 3290 Ἐρεῖ
1668 3224 1777 3290 γάρ
1811 3237 1913 3283 τις·

2024 3223 2229 3291 quidem
2261 3236 2391 3275 vasa
2426 3222 2493 3276 ad
2520 3223 2808 3287 honorem,
2840 3223 2946 3277 alia
2993 3232 3171 3277 autem
3204 3223 3268 3277 ad
3300 3234 3590 3279 contume-

311 3309 379 3362 Εί
410 3310 443 3362 ό
473 3310 752 3380 κεραμεὺς
799 3311 862 3362 ἐκ
894 3310 987 3363 τοῦ
1020 3310 1183 3364 αὑτοῦ
1226 3311 1547 3381 φυράματος
1578 3316 1721 3364 ποιεῖ
1758 3311 1793 3364 ἃ
1823 3312 1916 3382 μὲν

2024 3314 2167 3374 liam;
2198 3314 2270 3367 ita
2309 3312 2453 3368 Deus
2484 3314 2621 3369 alios
2648 3316 2713 3367 ad
2751 3316 3139 3383 perditionem,
3177 3316 3314 3370 alios
3343 3319 3409 3370 ad
3446 3317 3592 3371 salu-

315 3399 398 3461 εῑς
424 3397 627 3469 τιμὴν,
658 3399 694 3451 ἃ
739 3397 795 3449 δὲ
828 3399 906 3460 είς
945 3398 1173 3467 ἀτιμίαν
1208 3398 1375 3469 σκεύη
1402 3439 1416 3463 ,
1443 3398 1618 3461 οῦτως
1658 3401 1686 3451 ὁ
1716 3399 1847 3461 Θεὸς
1887 3399 1916 3452 ἃ

2024 3412 2122 3457 tem
2157 3403 2324 3469 facit;
2359 3419 2466 3457 non
2495 3415 2581 3459 est
2611 3421 2745 3475 ergo
2776 3406 2826 3459 in
2861 3407 3019 3461 nobis
3044 3408 3129 3462 vel
3158 3408 3342 3461 salvos
3368 3408 3483 3461 ﬁeri
3510 3409 3594 3461 vel

318 3492 421 3559 μὲν
468 3493 553 3552 είς
591 3490 898 3561 σωτηρίαν.
927 3489 962 3543 ἃ
996 3490 1053 3543 δὲ
1088 3492 1167 3553 εἰς
1203 3490 1503 3543 ἀπώλειαν·
1528 3492 1587 3542 οὐ
1621 3492 1749 3561 παρ’
1780 3493 1916 3560 ἡμᾶς

2024 3492 2200 3557 perire
2233 3508 2245 3542 :
2279 3506 2374 3558 per
2403 3492 2550 3558 quod
2578 3509 2684 3545 non
2708 3494 2959 3547 videmur
2999 3495 3174 3548 nostri
3205 3510 3326 3549 esse
3353 3496 3590 3550 arbitrii.

312 3579 379 3632 τδ
405 3579 683 3645 σώζεσθαι
712 3579 746 3650 ἢ
780 3578 1109 3632 ἀπόλλυσθαι
1132 3580 1360 3648 γίνεται,
1380 3580 1499 3632 οὐδέ
1532 3582 1697 3649 ἐσμεν
1729 3579 1916 3643 αὐτεξ-

2026 3579 2483 3648 Respondendum
2539 3591 2623 3635 est
2680 3597 2807 3652 ergo
2853 3584 2939 3637 his
2970 3586 3062 3652 qui
3119 3586 3233 3638 haec
3292 3586 3362 3637 ita
3407 3584 3596 3639 intelli-

314 3668 515 3725 ούσιοι.
546 3670 779 3725 Λεκτέον
805 3671 861 3724 δέ
894 3671 1030 3742 πρὸς
1071 3671 1161 3723 τὸν
1189 3670 1331 3724 οὕτω
1364 3670 1577 3734 τούτοις
1601 3670 1914 3741 χρώμενον,

2029 3679 2165 3735 gunt
2200 3688 2214 3723 :
2255 3669 2313 3723 Si
2339 3680 2519 3739 potest
2550 3672 2669 3726 ﬁeri
2719 3681 2779 3726 ut
2828 3672 3003 3742 possit
3032 3672 3330 3742 Apostolus
3358 3673 3461 3729 sibi
3490 3674 3595 3745 ipsi

1558 3791 1623 3844 IN
1630 3787 2119 3845 TERPRETATIO
2157 3787 2365 3843 NOVA.

322 3913 628 3983 generatim
683 3926 988 3975 movemur,
1024 3912 1074 3965 id
1114 3921 1392 3981 acceptum
1430 3911 1541 3983 Deo
1571 3909 2039 3983 referri__oportet.
2079 3906 2238 3961 Sicut
2281 3914 2485 3983 autem,
2543 3905 2645 3961 etsi
2694 3906 3004 3983 accepimus
3048 3908 3192 3977 quod
3237 3906 3493 3962 animalia
3523 3906 3592 3960 si-

324 3976 471 4046 t'nus,
527 3985 665 4050 quod
702 3996 1034 4041 moveamur,
1067 3983 1210 4049 quod
1238 3976 1475 4034 membra
1509 3982 1620 4035 haec
1648 3979 1731 4033 vel
1763 3976 1874 4044 illa,
1897 3993 2108 4037 manus,
2135 3976 2366 4045 exempli
2401 3991 2589 4050 causa,
2619 3985 2710 4030 aut
2743 3979 2909 4045 pedes
2925 3976 3269 4050 moveamus,
3305 3994 3409 4050 non
3442 3987 3591 4033 recte

323 4054 452 4120 quis
479 4048 677 4107 diierit
718 4050 1006 4120 specialem
1057 4048 1199 4104 hunc
1230 4051 1384 4105 nobis
1417 4060 1617 4120 motum
1649 4063 1678 4101 a
1707 4050 1814 4102 Deo
1844 4050 2026 4120 datum
2056 4063 2201 4120 esse,
2234 4058 2293 4100 ut
2326 4049 2706 4120 verberemus,
2737 4056 2794 4099 ιιι
2820 4048 3247 4120 occitlamus,_ut
3287 4048 3467 4101 aliena
3495 4062 3588 4098 ra—

323 4116 577 4188 piamus;
613 4116 935 4174 cum'motus
961 4120 1012 4172 in
1050 4121 1359 4174 universum
1390 4119 1547 4172 nobis
1573 4119 1718 4172 Deus
1750 4126 1940 4188 auctor
1967 4117 2149 4179 fuerit,
2169 4187 2172 4188 ν
2192 4132 2290 4170 nos
2316 4131 2441 4188 vero
2465 4118 2529 4169 ad
2559 4116 2740 4188 pejora
2785 4126 2877 4170 aut
2901 4119 3123 4171 meliora
3162 4117 3252 4188 illo
3283 4125 3583 4188 motuum-

323 4186 481 4257 inur;
530 4192 607 4246 sic
638 4190 782 4243 illam
829 4189 1017 4256 agendi
1047 4189 1153 4242 vim
1192 4203 1297 4256 qua
1340 4202 1528 4241 sumus
1573 4187 1850 4257 animalia,
1893 4188 2049 4241 nobis
2089 4187 2304 4257 quidem
2347 4187 2483 4240 Deus
2522 4186 2804 4257 impertiit,
2850 4195 2906 4239 et
2961 4188 3095 4257 velle
3142 4200 3187 4257 a_
3216 4187 3323 4238 Deo
3367 4186 3586 4252 quidem

324 4254 666 4330 accepimus,
708 4259 802 4330 sed
837 4254 995 4330 illam
1042 4254 1254 4330 valendi
1296 4271 1396 4330 nec
1444 4272 1547 4330 no_n
1591 4256 1787 4330 agendi
1837 4256 1943 4330 vim
1982 4254 2220 4330 nosipsi
2259 4257 2332 4330 ad
2365 4257 2590 4330 honesta
2623 4256 3012 4330 ve_l_co_n_t_raria
3050 4255 3340 4330 flectimus.
3496 4319 3507 4329 _

392 4322 486 4383 20'.
522 4322 803 4398 Refragari
832 4329 1051 4395 insuper
1078 4326 1310 4398 libertati
1337 4327 1523 4398 nostri
1543 4322 1768 4398 _a_rbitri_i
1803 4325 2015 4377 videtur
2035 4324 2106 4398 id
2134 4325 2599 4398 qugdbpostolus
2630 4324 3034 4398 Sllti‘Objl‘ClqllS‘
3055 4324 3168 4376 ait:
3205 4341 3222 4398 ι
3257 4322 3398 4398 Ergo
3425 4322 3578 4398 cujus

322 4398 437 4453 vult
498 4392 809 4458 misere'tur.
839 4405 893 4451 et
920 4392 1076 4465 quem
1112 4397 1223 4450 v'ult
1259 4394 1928 4465 indurat.tDices_itaque
1978 4394 2109 4465 mihi
2154 4408 2168 4445 :
2206 4392 2342 4465 Quid
2386 4394 2567 4465 adhuc
2604 4392 2887 4461 queritur?
2932 4392 3237 4465 Voluntati
3277 4395 3422 4465 enim
3455 4392 3586 4465 ejus

324 4473 447 4535 quis
479 4468 721 4522 resistit?
747 4468 790 4521 Ο
817 4459 1009 4529 homo,
1046 4475 1099 4518 ttt
1134 4467 1255 4534 quis
1281 4481 1340 4519 es
1368 4468 1457 4534 qni
1501 4459 2018 4535 respondeas—Deo?
2066 4462 2317 4535 Nunquid
2366 4462 2499 4535 dicit
2532 4459 2854 4535 ﬁgmentum
2895 4463 2944 4517 ei
2986 4464 3084 4535 qui
3116 4476 3177 4516 se
3209 4461 3368 4535 ﬁnxit
3397 4479 3413 4535 :_
3445 4459 3584 4525 Quid

326 4531 409 4592 me
442 4538 619 4592 fecisti
648 4536 979 4591 sic?Annen
1012 4531 1177 4590 habet
1208 4531 1534 4603 potest—atem
1575 4531 1771 4603 figulus
1802 4533 1897 4585 luti
1936 4549 2002 4587 ex
2034 4533 2222 4603 eadem
2261 4531 2655 4603 tttassa_facere
2710 4532 2856 4586 aliud
2906 4534 3127 4598 quidem
3169 4547 3263 4603 vas
3312 4532 3364 4584 in
3404 4533 3576 4603 hono-

324 4620 462 4670 rem,
496 4607 641 4660 aliud
665 4621 793 4661 vero
818 4606 869 4659 in
896 4601 1321 4660 contumeliam?
1355 4624 1391 4661 »ν
1424 4601 1573 4657 Dicet
1602 4601 1748 4656 ettim
1786 4603 2060 4671 quispiam
2088 4617 2102 4653 :
2134 4601 2200 4671 Si
2231 4601 2681 4671 quemadmodum
2718 4616 2782 4655 ex
2832 4604 3026 4656 eodem
3061 4603 3175 4655 luto
3211 4602 3316 4655 alia
3354 4602 3578 4670 quidem

326 4675 378 4728 in
417 4678 699 4741 honorem,
736 4677 840 4729 alia
865 4689 993 4729 vero
1024 4675 1074 4727 in
1100 4675 1482 4742 contumeliam
1518 4689 1643 4726 vasa
1683 4670 1881 4742 ﬁgulus
1915 4672 2064 4735 facit,
2100 4670 2176 4742 sic
2202 4670 2431 4742 etiDeus
2465 4672 2567 4723 alia
2602 4671 2654 4723 in
2683 4671 2935 4734 salutem,
2974 4673 3077 4725 alia
3106 4673 3156 4725 in
3192 4672 3576 4739 perditionem;

327 4758 430 4800 non
465 4756 552 4802 est
585 4748 636 4799 in
671 4746 831 4800 nobis
867 4744 949 4798 vel
978 4744 1160 4798 salvos
1196 4744 1313 4798 ﬁeri
1348 4740 1429 4797 vel
1455 4744 1656 4811 perire,
1693 4740 1867 4811 neque
1896 4756 2084 4795 sumus
2119 4741 2298 4794 liberi.
2339 4742 2443 4811 Sed
2470 4742 2625 4795 abeo
2659 4741 2750 4807 qui
2786 4744 2898 4795 lta-c
2924 4744 2998 4795 tta
3028 4743 3245 4809 accipit,
3271 4756 3581 4808 quaeremus

330 4818 594 4871 audeatne
627 4815 869 4883 cogitare
890 4814 1205 4882 Apostolum
1235 4809 1527 4883 pugnantia
1552 4812 1747 4883 loqui?
1769 4809 2213 4883 Neminemputo
2245 4819 2405 4883 tanta
2430 4810 2547 4864 fore
2581 4812 2808 4883 audacia
2839 4821 2896 4863 ut
2919 4812 3021 4866 hoc
3050 4813 3214 4865 dicat.
3240 4812 3296 4883 Si
3328 4825 3459 4883 ergo
3480 4824 3583 4883 puf

329 4888 548 4950 gnantia
572 4900 676 4940 non
697 4880 842 4938 dicit
870 4880 1183 4952 Apostolus,
1215 4880 1507 4950 quomodo,
1545 4880 2030 4952 secundumistitts
2052 4880 2596 4952 interpretationem,
2621 4882 2768 4949 juste
2802 4890 3026 4934 accusat
3050 4896 3185 4952 eum,
3208 4882 3299 4949 qui
3327 4880 3577 4935 Corinthi

328 4949 628 5009 fornicatus
655 4962 792 5018 erat,
818 4954 902 5008 vel
921 4949 1020 5007 eos
1049 4955 1140 5020 qui
1184 4949 1544 5021 deliquerant,
1572 4964 1820 5021 quosque
1852 4949 2097 5021 libidinis
2124 4966 2191 5021 ac
2246 4951 2677 5021 intemperantiae
2731 4964 2843 5003 suae
2894 4966 2997 5004 non
3044 4951 3415 5020 paenituerat?
3446 4952 3578 5021 Quo

327 5034 486 5089 pacto
513 5025 680 5079 etiam
716 5025 782 5078 iis
814 5038 950 5092 quos
978 5024 1164 5077 laudat
1199 5020 1351 5092 quasi
1386 5029 1533 5092 recte
1563 5020 1819 5092 egerint,
1868 5020 2381 5092 Onesipltori,verbi
2414 5023 2604 5092 gratia
2635 5060 2667 5092 ,_
2692 5021 2880 5073 domui
2918 5022 3196 5075 benedicit
3232 5022 3317 5073 his
3343 5020 3527 5073 verbis
3559 5036 3573 5073 :

333 5088 350 5141 ι
385 5088 924 5148 Detmisericordiam
958 5088 1232 5146 Dominus
1272 5088 1813 5157 Onesiphori'domui
1840 5105 1858 5150 ;
1897 5090 2021 5156 quia
2055 5104 2200 5157 sazpe
2230 5104 2312 5141 me
2346 5089 2718 5159 refrigeravit,
2746 5099 2800 5144 et
2828 5099 3074 5143 catenam
3106 5106 3281 5143 meam
3312 5106 3414 5141 non
3443 5103 3572 5143 eru-

327 5158 474 5227 buit;
501 5166 595 5217 sed
629 5179 755 5217 cum
790 5163 1012 5216 Romam
1042 5162 1292 5224 venisset,
1320 5162 1552 5215 sollicite
1575 5176 1660 5213 me
1686 5159 1940 5226 quaesivit
1969 5167 2023 5211 et
2056 5160 2282 5215 invenit.
2323 5160 2419 5212 Det
2445 5158 2524 5212 illi
2553 5160 2823 5213 Dominus
2857 5162 3104 5215 invenire
3137 5159 3573 5227 misericordiam

327 5243 355 5282 a
392 5226 623 5288 Domino
650 5233 704 5286 in
728 5233 815 5288 illa
837 5232 942 5285 die.
982 5249 1001 5282 ι
1040 5231 1153 5285 Non
1179 5232 1343 5300 igitur
1367 5230 1613 5303 ejusdem,
1638 5240 1722 5283 est
1747 5228 1997 5297 Apostoli
2032 5242 2156 5283 eum
2192 5231 2285 5298 qui
2326 5230 2606 5297 peccavit,
2643 5238 2700 5283 ut
2731 5230 3165 5300 reprehensione
3193 5231 3418 5298 dignum
3445 5265 3459 5291 ,
3488 5226 3572 5280 vi-

392 5347 437 5382 "
465 5348 621 5403 Rom.
657 5362 736 5412 ιχ,
771 5346 838 5402 18
871 5360 1024 5417 seqq.

394 5466 500 5539 (90)
526 5465 644 5533 Μή.
682 5465 843 5522 Deest
874 5465 1037 5520 etiam
1072 5462 1125 5519 in
1156 5474 1312 5521 antea
1358 5462 1538 5533 editis,
1566 5462 1659 5519 sed
1684 5464 1889 5533 reperis
2073 5462 2184 5539 (gl)
2216 5462 2351 5539 _Vide
2382 5464 2420 5517 ι.
2453 5479 2501 5539 ιι
2525 5462 2836 5539 Qrigenian.
2868 5480 2921 5533 q.
2954 5463 3003 5526 7,
3045 5463 3198 5539 t_t.__10
3521 5527 3533 5539 _

332 5529 412 5589 un:
443 5538 494 5590 in
526 5529 655 5591 mss.
1524 5529 1531 5533 ’
1745 5529 1759 5533 ⁷
2068 5529 2179 5601 (92)
2216 5533 2287 5587 Ita
2317 5549 2445 5587 mss.
2479 5529 2646 5597 Alias,
2684 5554 2702 5585 ι
2744 5529 2965 5586 metum.
3006 5552 3023 5582 ι
3057 5533 3196 5584 lul'ra
3226 5545 3352 5585 mss.
3390 5547 3410 5581 ι
3441 5529 3580 5597 quid

1999 5603 2171 5659 adhuc
2205 5606 2471 5678 queritur.
2511 5623 2527 5655 ι
2567 5603 2622 5657 ln
2655 5605 2816 5659 editis
2852 5604 3002 5658 deest
3048 5621 3066 5651 ι
3106 5602 3302 5656 adhuc.
3333 5618 3355 5649 ι
