4014 6142
1672 201 1992 263 ORIGENIS

2096 211 2183 262 3P1
2224 211 2452 264 ΛΡΧΩΝ
3574 209 3684 267 296

438 317 714 374 contraria
747 317 1035 389 proloqui?
1063 317 1214 385 Quod
1247 320 1292 372 si
1324 318 1428 373 hoc
1458 319 1651 374 sentiri
1681 335 1787 376 non
1825 329 1996 391 potest

2102 325 2149 375 el
2177 323 2396 377 δύναται
2426 324 2554 394 περὶ
2593 322 2687 378 τοῦ
2743 324 3064 379 Ἀποστόλου
3093 325 3234 379 νοεῖν
3273 325 3350 389 ὡς
3393 326 3678 398 μαχόμενα

439 414 507 468 de
525 412 807 482 Apostolo,
840 413 1108 481 quomodo
1135 410 1405 466 videbitur
1430 414 1728 468 secundum
1757 415 1892 470 istos
1908 415 1996 484 ju-

2102 414 2276 484 ἑαυτῷ
2323 415 2585 483 λέγοντος·
2628 416 2726 486 οὐχ
2775 416 3013 488 ἡγοῦμαι
3059 417 3115 470 δὲ
3169 418 3250 470 ὅτι
3289 417 3547 489 τολμήσει
3592 437 3678 482 τις

437 207 543 261 295

438 515 520 560 ste
548 505 772 574 culpare
805 519 896 558 eos
933 504 1023 571 qui
1066 504 1120 555 in
1146 502 1410 556 Corintho
1444 501 1699 557 fornicati
1731 514 1878 570 sunt,
1914 507 2000 560 vel

437 611 531 651 eos
558 595 650 666 qui
682 596 1024 664 deliquerunt
1053 602 1105 647 et
1131 595 1504 662 pmnitentiam
1540 611 1644 649 non
1681 606 1908 666 egerunt
1931 599 1998 651 ab

437 667 772 752 impudicitia
825 691 879 734 et
927 681 1294 737 fornicatione
1337 691 1392 735 et
1440 683 1782 738 immunditia
1838 701 1997 754 quam

436 771 758 843 gesserunt?
783 770 1066 836 Quomodo
1098 774 1264 826 etiam
1298 774 1578 829 collaudat
1611 790 1703 830 eos
1731 777 1820 844 qui
1857 789 2000 830 recte

434 870 675 930 egerunt,
727 861 872 913 sicut
921 860 1246 930 Onesipliori
1274 863 1492 918 domum
1525 902 1543 929 ,
1576 865 1763 918 dicens
1803 883 1814 918 :
1852 884 1870 916 ι
1905 865 2000 919 Det

434 960 610 1004 autem
641 951 901 1006 Dominus
935 952 1368 1006 misericordiam
1401 953 1512 1022 (95)
1543 953 1867 1022 Onesiphori
1899 959 1999 1009 do-
2039 1014 2046 1018 _

434 1045 564 1106 mni,
599 1044 723 1110 quia
757 1042 1076 1110 frequenter
1117 1060 1200 1096 me
1253 1043 1630 1113 refrigeravit,
1664 1055 1716 1100 et
1747 1057 1994 1101 catenam

433 1147 609 1184 tneam
635 1146 742 1184 non
771 1133 1017 1198 erubuit;
1062 1133 1152 1184 sed
1175 1147 1293 1184 cum
1326 1131 1552 1185 Romam
1579 1134 1830 1195 venisset,
1854 1134 2008 1186 solli-

429 1225 540 1276 cite
573 1223 861 1290 requisivit
892 1236 998 1284 me,
1032 1231 1085 1274 et
1110 1222 1344 1274 invenit.
1381 1220 1480 1273 Det
1511 1222 1583 1274 illi
1619 1222 1878 1275 Dominus
1910 1223 1997 1274 in—

427 1314 614 1366 venire
640 1312 1071 1365 misericordiam
1105 1311 1241 1380 apud
1275 1312 1562 1365 Dominum
1594 1311 1644 1364 in
1674 1311 1764 1364 illo
1790 1312 1990 1366 diem»

428 1403 546 1458 Non
577 1419 708 1473 ergo
738 1416 818 1459 est
853 1404 1163 1472 apostolicm
1194 1405 1481 1472 gravitatis
1510 1403 1736 1470 culpare
1776 1405 1994 1471 quidem

427 1510 550 1548 eum
582 1496 669 1563 qui
702 1495 856 1562 culpa
903 1495 1096 1561 dignus
1128 1503 1228 1551 est.
1256 1493 1308 1546 id
1358 1503 1440 1547 est
1477 1493 1568 1562 qui
1627 1494 1892 1560 peccavit,
1942 1503 1997 1546 et

430 1585 743 1637 collattdare
784 1599 904 1638 eum
953 1583 1046 1652 qui
1105 1582 1263 1635 laude
1319 1582 1514 1651 dignus
1564 1592 1646 1635 est
1691 1597 1788 1649 pro
1830 1597 1997 1649 opere

429 1675 595 1739 bono,
656 1683 711 1728 et
772 1689 984 1726 rursum
1051 1683 1307 1740 tanquam
1369 1672 1422 1724 in
1481 1672 1680 1725 nullius
1715 1674 1782 1726 sit
1842 1657 2066 1740 pote-B

429 1776 570 1822 state
589 1765 700 1836 (94)
735 1779 896 1834 agere
930 1763 1134 1832 aliquid
1169 1764 1295 1818 boni
1321 1763 1404 1817 vel
1439 1762 1590 1826 mali,
1629 1763 1810 1816 dicere
1835 1762 2000 1816 Crea-

432 1857 570 1909 toris
600 1869 719 1910 esse
747 1869 903 1922 opus,
941 1862 1001 1907 ut
1030 1853 1400 1921 unusquisque
1439 1852 1518 1904 vel
1568 1853 1704 1905 bene
1734 1863 1861 1918 agat
1909 1851 1993 1905 vel

425 1945 585 2007 male,
625 1960 743 1998 cum
771 1943 915 1997 aliud
944 1944 1008 1997 ad
1042 1944 1303 1997 honorem
1339 1958 1436 1997 vas
1483 1941 1685 2006 faciat,
1735 1942 1879 1996 aliud
1924 1943 1990 1995 ad

422 2035 834 2088 contumeliam.
871 2033 1152 2100 Quomodo
1183 2043 1362 2086 autem
1407 2033 1538 2086 illud
1579 2048 1797 2102 quoque
1839 2034 1991 2089 addit

423 2125 551 2192 quia
579 2141 600 2176 ι
638 2138 831 2177 omnes
854 2139 952 2177 nos
983 2134 1130 2177 stare
1169 2132 1386 2190 oportet
1413 2133 1538 2178 ante
1572 2124 1808 2178 tribunal
1836 2124 1988 2179 Chri-

425 2218 518 2280 sti,
548 2224 605 2268 ut
633 2215 863 2283 recipiat
883 2216 1252 2283 unusquisque
1279 2225 1524 2268 nostrum
1552 2217 1602 2268 in
1633 2231 1866 2284 corpore
1895 2232 1992 2271 suo

423 2317 584 2378 prout
609 2306 794 2374 gessit,
823 2306 937 2359 sive
956 2307 1154 2360 bonum
1178 2306 1292 2361 sive
1321 2307 1516 2358 malum
1531 2305 1617 2359 ⁸⁵⁸1
1652 2326 1670 2357 ι
1698 2306 1826 2372 Quae
1849 2309 1990 2361 enim

423 2402 548 2454 boni
581 2401 860 2455 retributio
893 2401 941 2454 ei
964 2401 1077 2468 '_qui
1111 2401 1311 2454 malum
1343 2399 1520 2452 facere
1556 2414 1658 2452 non
1692 2409 1886 2468 potuit,
1923 2400 1988 2452 ad

424 2492 527 2546 hoc
581 2492 751 2559 ipsum
807 2507 835 2544 a
886 2490 1147 2544 Creatore
1191 2489 1499 2543 formatus?
1531 2490 1613 2543 vel
1651 2504 1772 2558 quae
1828 2504 1989 2558 pmna

423 2584 588 2652 digne
622 2583 953 2652 irrogabitur
990 2584 1036 2636 ei
1065 2583 1155 2652 qui
1182 2583 1378 2636 bonum
1412 2583 1594 2636 facere
1612 2598 1677 2636 ex
1710 2584 1822 2651 ipsa
1855 2597 1991 2638 con-

423 2675 618 2729 ditoris
654 2674 735 2727 sui
773 2675 1050 2727 creatione
1078 2689 1181 2727 non
1210 2673 1422 2741 potuit?
1454 2671 1588 2725 Ttnn
1625 2673 1818 2727 deinde
1851 2688 1991 2741 quo-

424 2767 584 2820 modo
630 2782 736 2820 non
789 2766 1126 2820 contrarium
1187 2778 1271 2818 est
1336 2765 1462 2818 huic
1513 2764 1800 2818 assertioni
1859 2765 1990 2818 illud

420 2859 567 2928 quod
596 2858 722 2912 alibi
755 2859 885 2910 dicit
913 2876 925 2911 :
957 2875 975 2907 ι
1003 2857 1060 2910 ln
1088 2858 1246 2910 domo
1271 2867 1449 2910 autem
1479 2855 1636 2927 134
1662 2869 1854 2925 magna
1883 2870 1988 2908 non

2099 506 2256 558 τοῦτο
2292 510 2482 560 εἰπεῖν.
2515 509 2576 560 Ei
2603 506 2781 560 τοίνυν
2806 509 2878 577 μὴ
2909 508 3123 561 ἐναντία
3149 508 3327 578 ἑαυτῷ
3354 512 3382 562 ό
3427 511 3678 565 Ἀπόστο-

2100 597 2188 659 λος
2219 597 2532 666 φθέγγεται,
2571 597 2686 660 πῶς
2713 598 2851 651 κατὰ
2880 599 2970 650 τὸν
2992 599 3161 662 οὕτως
3189 600 3545 671 ἐκδεξάμενον
3585 604 3675 654 εὐ-

2099 687 2271 755 λόγως
2301 690 2540 741 αἰτιᾶται
2585 689 2933 758 μεμφόμενος
2955 690 3045 742 τὸν
3073 692 3128 742 ἐν
3176 687 3426 762 Κορίνθῳ
3462 711 3666 766 πεπορι-

2100 779 2394 846 νευκότα,ἣ
2420 779 2546 839 τοὺς
2565 781 3071 847 παραπεπτωκότας
3095 783 3187 834 καὶ
3207 782 3278 852 μὴ
3307 786 3672 854 μετανοήσαν-

2099 885 2197 930 τας
2231 869 2324 920 ἐπὶ
2361 870 2425 937 τῇ
2465 867 2720 938 ἀσελγείᾳ
2765 869 2856 920 καὶ
2905 869 3142 939 ἀκρασία
3187 859 3480 942 ᾖ’ἕπραξαν
3505 889 3519 934 ;
3547 873 3672 936 Πῶς

2097 959 2152 1010 δὲ
2181 959 2392 1026 εὐλογεῖ
2421 958 2496 1021 ὡς
2519 954 2576 1010 εὖ
2603 959 2970 1028 πεποιηκότας
2987 957 3079 1020 οὒς
3107 961 3338 1025 ἐπαινεῖ,
3367 960 3558 1031 ὥσπερ
3581 961 3673 1015 τὸν
3707 1005 3710 1007 .

2111 1050 2460 1120 Ὀνησιφόρου
2487 1046 2652 1114 οἷκον,
2689 1050 2879 1116 λέγων·
2923 1067 2942 1099 ι
2980 1049 3098 1119 ,ζῴη
3130 1053 3156 1101 ὁ
3187 1050 3384 1121 Κύριος
3419 1051 3566 1114 ἕλεος
3593 1054 3670 1123 τῷ

2111 1143 2464 1212 Ὀνησιφόρου
2495 1141 2651 1209 οἴκῳ,
2674 1143 2754 1193 ὅτι
2787 1141 3044 1204 πολλάκις
3074 1158 3142 1211 με
3164 1142 3416 1211 ἀνέψυξε,
3447 1143 3542 1195 καὶ⁹
3571 1145 3669 1215 τὴν

2098 1233 2283 1285 ἀλυσίν
2352 1250 2452 1302 μου
2506 1233 2605 1283 οὐκ
2655 1231 2967 1302 ὲπῃσχύνθη
2996 1272 3010 1296 ,
3070 1232 3204 1284 ἀλλά
3256 1235 3545 1302 γενόμενος
3611 1237 3670 1288 ὲν

2109 1318 2291 1392 Ῥώμῃ
2321 1321 2621 1384 σπουδαίως
2649 1322 2881 1391 ἐζήτησε
2933 1339 2999 1391 με
3037 1322 3128 1375 καὶ
3171 1317 3316 1388 εὖρε⁸
3365 1323 3470 1394 δῴη
3517 1324 3669 1394 αὐτῷ

2097 1414 2124 1463 6
2163 1412 2364 1481 Κύριος
2411 1412 2589 1480 εὑρεῖν
2639 1411 2783 1474 ἕλεος
2823 1411 2972 1480 παρά
3012 1412 3217 1482 Κυρίου
3263 1413 3321 1464 ἐν
3366 1413 3548 1485 ἐκείνῃ
3598 1417 3665 1484 τῇ

2096 1499 2298 1570 ἡμέρᾳ.
2343 1519 2360 1549 ι
2392 1500 2466 1551 Οὐ
2498 1498 2640 1551 κατά
2677 1501 2766 1551 τὸν
2789 1500 2948 1552 αὐτὸν
2970 1501 3033 1568 δὴ
3081 1500 3400 1553 Ἀπόστολόν
3431 1503 3547 1555 ἐστι
3572 1503 3669 1572 ψέ-

2098 1607 2214 1658 γειν
2240 1591 2315 1652 ὡς
2340 1587 2486 1653 ἀξιον
2528 1590 2785 1660 μέμψεως
2815 1591 2904 1642 τὸν
2925 1592 3306 1662 ἡμαρτηκότα,
3352 1593 3443 1644 καὶ
3473 1594 3668 1646 ἀποδέ-

2095 1679 2283 1749 χεσθαι
2306 1681 2381 1742 ὡς
2403 1680 2684 1732 ἐπαινετὸν
2719 1681 2812 1732 τὸν
2842 1676 2900 1732 εὖ
2934 1680 3289 1750 πεποιηκότα·
3328 1681 3487 1734 πάλιν
3526 1683 3569 1734 δ’
3597 1680 3664 1736 αὖ

2093 1771 2168 1833 ὡς
2194 1771 2420 1840 μηδενὸς
2448 1770 2597 1833 ὄντος
2629 1771 2714 1838 ἐφ’
2736 1773 2890 1840 ἡμῖν,
2917 1769 3144 1836 φάσκειν
3184 1769 3334 1841 παρά
3369 1773 3466 1840 τὴν
3490 1771 3665 1824 αἰτίαν
3748 1761 3753 1765 ’

2096 1855 2189 1906 τοῦ
2231 1854 2562 1927 δημιουργοῦ
2601 1852 2740 1909 εἶναι
2781 1857 2842 1908 τὸ
2887 1857 2984 1927 μὲν
3021 1855 3212 1919 σκεῦος
3256 1861 3335 1920 είς
3369 1859 3561 1928 τιμὴν,
3604 1860 3667 1911 τὸ

2095 1945 2149 1996 δὲ
2191 1947 2272 2007 είς
2310 1945 2548 2014 ἀτιμίαν·
2583 1944 2700 2007 πῶς
2739 1945 2800 1997 τὸ
2820 1987 2834 2011 ,
2863 1963 2881 1996 ι
2912 1945 3050 2008 Τοὺς
3074 1946 3280 2009 πάντας
3308 1948 3452 2017 ἡμᾶς
3490 1965 3667 2018 παρα-

2096 2036 2285 2106 στῆναι
2326 2037 2405 2090 δεῖ
2436 2036 2742 2108 ἐμπροσθεν
2765 2036 2858 2089 τοῦ
2892 2036 3140 2108 βήματος
3163 2037 3257 2090 τοῦ
3288 2038 3544 2110 Χριστοῦ,
3580 2040 3667 2093 ἵνα

2093 2128 2385 2199 κομίσηται
2414 2129 2643 2192 ἕκαστος
2675 2127 2744 2181 τά
2771 2126 2860 2181 διὰ
2885 2127 2980 2180 τοῦ
3003 2127 3252 2198 σώματος
3280 2130 3416 2199 πρὸς
3441 2129 3476 2184 ἃ
3504 2129 3667 2201 ἔπραά

2093 2219 2201 2285 ξεν,
2238 2221 2348 2272 εἴτε
2373 2219 2594 2287 ἀγαθὸν,
2622 2221 2729 2273 εἴτε
2752 2218 2976 2288 φαῦλον,
3021 2238 3040 2269 ι
3072 2220 3224 2287 ὑγιές
3256 2221 3372 2272 ἐστι
3398 2258 3412 2284 ,
3457 2221 3566 2275 τῶν
3595 2223 3664 2274 τὰ

2093 2310 2270 2380 φαῦλα
2301 2312 2674 2382 πεποιηκότων
2695 2310 2779 2363 διὰ
2800 2310 2860 2362 τὸ
2884 2309 3128 2361 ἐκτίσθαι
3150 2309 3344 2373 αὐτοὺς
3369 2311 3536 2381 σκεύη
3554 2313 3666 2364 ἀτι-

2100 2401 2226 2470 μίας
2257 2401 2538 2454 ἐπὶτοῦτο
2577 2400 2826 2472 πράξεως
2871 2401 3226 2471 ἐληλυθότων,
3266 2401 3361 2454 καὶ
3396 2401 3503 2453 τῶν
3543 2403 3661 2454 κατ’

2091 2491 2288 2562 ἀρετὴν
2321 2481 2634 2561 βιωσάντων
2653 2490 2726 2560 τῷ
2743 2490 2980 2561 ἀρχῆθεν
3007 2491 3203 2553 αὐτοὺς
3229 2491 3319 2543 ὲπὶ
3342 2490 3514 2561 τούτῳ
3536 2509 3665 2544 κατ·

2091 2583 2439 2646 εσκευάσθαι,
2488 2584 2579 2636 καὶ
2619 2583 2786 2652 σκεύη
2838 2583 3004 2653 τιμῆς
3048 2581 3359 2650 γεγονέναι,
3408 2581 3469 2634 τὸ
3502 2581 3665 2635 καλὸν

2092 2672 2468 2743 πεποιηκότων
2494 2688 2506 2737 ;
2543 2674 2662 2724 Ἔτι
2699 2673 2755 2725 δὲ
2781 2671 2896 2734 πῶς
2927 2673 2988 2723 οὐ
3020 2670 3255 2742 μάχεται
3277 2671 3354 2742 τῷ
3379 2713 3393 2738 ,
3425 2673 3500 2735 ὡς
3535 2672 3666 2724 ὑπο-

2091 2765 2454 2836 λαμϐάνουσιν
2478 2762 2537 2828 ἐξ
2565 2757 2638 2818 ὧν
2667 2763 3017 2834 παρεθέμεθα
3044 2763 3250 2834 ῥητῶν,
3275 2764 3424 2834 παρά
3448 2763 3544 2836 τὴν
3581 2765 3665 2818 eti.-b

2089 2855 2204 2908 τίαν
2229 2855 2320 2907 τοῦ
2348 2854 2683 2924 δημιουργοῦ
2714 2854 2926 2924 ἔντιμον
2957 2855 2988 2924 ἢ
3035 2855 3225 2924 ἄτιμον
3263 2851 3398 2908 εἷναι
3451 2855 3660 2919 σκεῦος,

421 2960 547 3003 sunt
605 2949 978 3002 tantummodo
1029 2963 1162 3001 vasa
1188 2962 1353 3001 aurea
1384 2958 1440 3001 et.
1474 2958 1728 3014 argentea
1752 2985 1766 3010 ,
1817 2946 1908 2999 sed
1938 2953 1992 2998 et

2096 2945 2154 2998 τὸ
2184 2945 2416 3015 ἀλλαχοῦ
2443 2946 2750 3015 λεγόμενον·
2784 2963 2802 2996 ι
2860 2946 2946 2997 Ἐν
2976 2945 3182 3017 μεγάλῃ
3223 2946 3368 3017 οἰκίᾳ
3409 2947 3510 2999 οὑκ
3548 2947 3663 3000 ἔστι

423 3039 604 3105 lignea
657 3047 711 3092 et
766 3037 1004 3103 fictilia,
1077 3036 1180 3088 alia
1237 3035 1455 3103 quidem
1538 3037 1604 3086 ad
1691 3035 1988 3099 honorem,

423 3130 530 3181 alia
580 3139 761 3182 autem
814 3128 880 3181 ad
917 3126 1324 3181 centumeliam.
1370 3126 1426 3178 Si
1475 3139 1602 3192 ergo
1633 3125 1758 3192 quis
1800 3141 1990 3178 emon-

422 3221 640 3275 daverit
698 3219 1053 3286 semetipsum
1115 3219 1182 3272 ab
1238 3217 1357 3283 his,
1409 3215 1512 3270 erit
1559 3231 1654 3268 vas
1693 3217 1757 3270 ad
1820 3218 1990 3270 hono-

424 3327 577 3380 rem,
623 3311 1044 3375 sanctificatum,
1091 3319 1144 3364 et
1195 3308 1327 3362 utile
1386 3308 1633 3370 Domino,
1699 3309 1762 3360 ad
1827 3323 1987 3362 omne

423 3417 559 3470 opus
617 3403 816 3455 bonum
868 3401 1184 3469 paratum“
1219 3401 1242 3452 ‘l
1272 3419 1290 3450 ι
1360 3399 1499 3468 Ergo
1542 3398 1634 3465 qui
1683 3412 1742 3451 se
1794 3413 1986 3450 emun-

423 3494 659 3555 daverit,
691 3491 922 3546 eﬂicitttr
952 3507 1048 3545 vas
1083 3492 1147 3545 ad
1179 3493 1478 3556 honorem;
1526 3491 1618 3558 qui
1663 3497 1841 3542 autem
1888 3488 1989 3541 int-

425 3584 722 3637 munditias
749 3596 876 3636 suas
906 3581 1018 3650 (95)
1052 3596 1286 3650 purgare
1317 3581 1723 3647 contempserit,
1759 3578 1988 3631 efficitur

429 3691 528 3730 vas
567 3676 634 3728 ad
667 3673 1076 3729 contumeliam.
1114 3673 1193 3726 Ex
1236 3672 1431 3740 quibus
1482 3671 1766 3725 sententiis
1824 3669 1989 3722 nulla-

427 3775 619 3830 tenus,
675 3765 976 3833 utopinor,
1009 3775 1175 3816 causa
1223 3771 1497 3830 gestorum
1549 3763 1616 3812 ad
1672 3759 1986 3813 Creatorem

2100 3038 2257 3105 μόνον
2291 3035 2458 3105 σκεύη
2482 3039 2658 3106 χρυσᾶ
2691 3039 2782 3089 καὶ
2807 3039 3041 3106 ἀργυρᾶ,
3076 3037 3210 3090 ἀλλά
3241 3040 3332 3092 καὶ
3357 3039 3540 3105 ξύλινα
3569 3041 3662 3092 καὶ

2096 3126 2410 3196 ὀστράκινα⁶
2435 3127 2529 3178 καὶ
2550 3127 2585 3180 ἀ
2611 3128 2708 3198 μὲν
2735 3130 2812 3189 είς
2830 3128 3013 3197 τιμὴν,
3037 3127 3071 3179 ἃ
3101 3129 3156 3180 δὲ
3173 3131 3251 3190 είς
3278 3130 3518 3198 ἀτιμίαν.
3537 3129 3663 3181 Ἐἀν

2095 3215 2189 3271 οὖν
2211 3235 2292 3280 τις
2310 3217 2590 3290 ἐκκαθάρῃ
2607 3219 2815 3280 ἑαυτὸν,
2835 3218 2984 3271 ἔσται
3000 3219 3284 3282 σκεῦοςεὶς
3299 3220 3481 3289 τιμὴν,
3503 3221 3662 3290 ἡγια..

2094 3309 2307 3378 σμένον,
2325 3310 2416 3361 καὶ
2428 3307 2720 3378 εὔχρηστον
2743 3309 2817 3377 τῷ
2832 3309 3068 3378 Δεσπότῃ
3083 3311 3160 3371 εἰς
3177 3312 3282 3360 πᾶν
3295 3309 3449 3379 ἔργον
3467 3309 3663 3376 ἀγαθὸν

2091 3400 2502 3471 ἡτοιμασμένον.
2541 3418 2557 3451 ι
2594 3401 2654 3451 Εἰ
2681 3400 2788 3468 γὰρ
2811 3399 2838 3449 6
2871 3398 3180 3468 ἐκκαθάρας
3223 3399 3408 3451 ἑαυτὸν
3447 3397 3655 3466 γίνεται

2091 3490 2280 3552 σκεῦος
2297 3493 2372 3553 εἰς
2396 3489 2578 3560 τιμὴν,
2593 3490 2620 3540 6
2635 3490 2691 3542 δὲ
2706 3490 2807 3540 ἀπε
2819 3487 3139 3560 ρικὰθαρτον
3169 3488 3358 3541 ἑαυτὸν
3380 3487 3660 3560 περιιδὼν,

2091 3581 2282 3644 σκεῦος
2306 3583 2382 3643 είς
2403 3581 2644 3650 ἀτιμίαν,
2663 3582 2784 3633 ὅσον
2818 3580 2908 3631 ἐπὶ
2937 3578 3160 3641 ταύταις
3181 3580 3300 3641 ταῖς
3321 3577 3550 3644 λέξεσιν,
3574 3581 3665 3632 οὺ-

2091 3671 2277 3742 δαμῶς
2291 3673 2457 3734 αἴτιος
2469 3673 2496 3723 ὁ
2515 3671 2576 3740 δη
2586 3688 2708 3741 μιου
2717 3670 2860 3740 ργός’
2891 3672 3033 3721 ποιεῖ
3053 3670 3149 3739 μὲν
3175 3668 3282 3739 γὰρ
3296 3670 3324 3720 6
3338 3669 3399 3739 δη
3409 3669 3664 3740 μιουργὺς

2096 3761 2261 3830 σκεύη
2296 3760 2460 3829 τιμῆς
2486 3760 2578 3812 καὶ
2620 3760 2785 3830 σκεύη
2827 3759 3070 3828 ἀτιμίας,
3114 3759 3214 3810 οὐκ
3250 3758 3488 3829 ἀρχῆθεν
3521 3760 3662 3814 κατά

1657 3872 2212 3930 ιΝΤΕιιΡιιΕΤΑΤιΟ
2244 3871 2454 3927 NOVA.

430 4007 706 4064 tuperare,
730 4004 785 4050 et
805 4009 927 4048 eum
956 3994 1046 4062 qui
1077 4001 1223 4048 recte
1256 3992 1403 4052 fecit,
1435 4003 1497 4064 ut
1529 3991 1688 4064 laude
1712 3993 2399 4064 dignumapprobare;_ac_
2423 4003 2642 4043 rursum
2675 4027 2688 4054 ,
2717 3988 2870 4064 quasi
2891 3987 3046 4064 _ni_hil
3080 3988 3171 4064 sit_
3207 3987 3258 4064 in
3287 3995 3471 4064 nostra
3509 3995 3663 4053 pote-

427 4056 590 4131 state,
618 4056 797 4120 dicere
829 4066 880 4119 in
919 4056 1081 4118 causa
1105 4079 1226 4117 esse
1265 4063 1444 4116 mundi
1476 4062 1726 4128 Opificem
1754 4056 1872 4114 e'um
1902 4056 2047 4116 aliud
2084 4077 2179 4115 vas
2206 4063 2276 4116 sit
2303 4062 2352 4114 in
2389 4061 2672 4131 honorem,
2705 4056 2853 4131 aliud
2891 4059 2943 4111 in
2971 4056 3479 4131 ignominiam.Quo
3501 4064 3666 4125 pacto

430 4138 558 4190 illud
577 4125 606 4188 ἐ
637 4155 656 4186 ι
694 4135 803 4189 Nos
842 4149 1032 4188 omnes
1057 4135 1317 4200 assistere
1344 4125 1558 4200 oportet
1589 4141 1712 4182 ante
1738 4132 1976 4184 tribunal
2008 4131 2296 4190 Christimt
2331 4130 2531 4184 referat
2563 4125 3202 4200 unusquisquepi'opria
3223 4125 3469 4200 corporis
3503 4133 3666 4192 prout

427 4207 746 4276 gessit,sive
777 4207 975 4276 bonum
1012 4191 1394 4276 siv'emalum,
1427 4220 1444 4276 ι
1487 4201 1776 4276 consistet,
1803 4216 1922 4254 cum
1950 4203 1984 4276 ii
2013 4203 2103 4271 qui
2142 4201 2283 4276 mala
2325 4208 2574 4267 egerunt,
2609 4191 3203 4276 eodcvenerint,quod
3239 4191 3442 4276 conditi
3475 4191 3661 4276 essent

429 4263 481 4329 iit
514 4263 636 4330 vasa
668 4275 997 4344 ignominia},
1031 4284 1085 4326 et
1117 4273 1152 4326 ii
1188 4274 1279 4344 qui
1309 4263 1620 4344 titlvirttttis
1655 4285 1899 4324 normam
1931 4263 2206 4344 vixerunt,
2245 4263 2380 4322 bene
2407 4286 2464 4322 se
2497 4267 2767 4344 gesserint
2809 4266 3065 4344 (ιλιι-(ιιι.οά
3117 4266 3168 4318 id
3203 4265 3270 4344 ab
3297 4263 3455 4343 initio
3481 4271 3668 4317 essent

427 4334 730 4416 compara‘t'i
764 4357 817 4398 et
845 4334 1226 4416 vasa'ltonoris
1258 4342 1386 4396 facti
1407 4341 1721 4416 {Praeterea
1746 4344 2019 4416 quomodo
2049 4334 2200 4416 huic;
2227 4355 2389 4416 quam
2443 4334 2521 4390 ει(
2542 4337 2606 4389 iis
2631 4350 2758 4416 quae
2786 4334 3363 4416 adduximusnverbis,
3402 4347 3666 4401 concepco

437 4405 586 4478 runt,
619 4415 1178 4486 opinioni,inﬂcausa
1214 4427 1336 4486 esse
1366 4413 1613 4480 opificem
1645 4405 1924 4486 cur-aliud
1950 4427 2047 4486 vas
2074 4413 2145 4464 sit
2180 4405 2557 4468 in'hOnorem,
2597 4406 2740 4486 aliud
2785 4407 2836 4458 in
2869 4405 3293 4486 contumeliam,
3349 4417 3452 4456 non
3485 4417 3664 4486 repu-

430 4473 629 4554 gnatid
653 4473 797 4552 quod
819 4473 945 4538 alibi
971 4485 1167 4537 dicitur
1184 4500 1209 4554 _:
1243 4499 1262 4532 ι
1302 4484 1356 4534 ln
1394 4473 1587 4548 magna
1625 4482 1783 4554 domn
1809 4497 1912 4534 non
1939 4481 2112 4554 solum
2141 4489 2264 4531 sunt
2296 4483 2692 4554 vasapureaﬂet
2720 4483 3000 4554 argentea,
3031 4477 3122 4527 sed
3155 4481 3210 4526 et
3239 4473 3501 4554 ligneaet
3529 4473 3668 4554 licti-

442 4541 513 4607 lia
539 4572 554 4618 ;
581 4564 635 4606 et
661 4541 905 4622 quaedam
936 4555 1154 4620 quidem
1182 4552 1234 4603 in
1277 4541 1556 4613 honorem,
1591 4551 2132 4622 qtttedamautenrin
2165 4544 2572 4622 contumeliam.
2714 4547 2836 4611 quis
2888 4558 3016 4611 ergo
3064 4543 3453 4622 euiundaverit'
3485 4541 3666 4620 se'ab

433 4610 700 4686 istis,erit
724 4639 816 4675 vas
836 4625 887 4676 in
927 4610 1207 4680 h'onorem,
1245 4610 1638 4673 sanctificatum
1668 4630 1722 4672 et
1755 4621 1886 4674 utile
1914 4619 2161 4681 Domino,
2195 4617 2260 4669 ad
2287 4629 2446 4686 omne
2472 4627 2610 4681 opus
2639 4610 2839 4666 bonum
2866 4610 3154 4686 paratum?
3177 4629 3206 4686 ρ
3245 4611 3391 4686 Nam
3411 4611 3455 4662 si
3489 4610 3580 4674 qui
3605 4623 3666 4662 se

431 4681 774 4760 expurgavit,
809 4693 867 4744 fit
904 4706 998 4744 vas
1027 4693 1077 4743 in
1109 4693 1391 4761 honorem,
1424 4693 1513 4761 qui
1537 4704 1665 4742 vero
1695 4690 1952 4761 vitiorum
1981 4703 2202 4761 suorum
2239 4684 2428 4761 sordes
2461 4687 2774 4761 abstergere
2805 4683 3102 4761 neglexerit
3128 4681 3230 4761 ,Lfit
3262 4694 3358 4760 vas
3381 4681 3430 4732 in
3462 4689 3659 4761 con-tu-

433 4748 675 4826 tttéliai'ii,
701 4748 963 4829 quantum
996 4775 1060 4813 ex
1092 4760 1179 4813 his
1208 4748 1387 4811 verbis
1415 4748 1670 4829 colligere
1695 4757 1842 4821 licet,
1877 4775 1980 4829 non
2019 4768 2102 4813 est
2126 4755 2348 4829 ejusrei
2373 4748 2755 4829 causamn—udi
2782 4753 2984 4818 opifex.
3028 4750 3183 4803 Facit
3215 4749 3360 4829 enim
3393 4763 3523 4829 vasa
3560 4748 3658 4799 ho-

434 4833 580 4884 noris
603 4819 814 4884 et'vasa
840 4830 1172 4898 ignominia),
1206 4843 1308 4880 non
1328 4843 1370 4898 ra
1403 4819 1670 4896 principio
1701 4819 2001 4880 secundum
2033 4819 2448 4895 praenotionem,
2477 4822 2602 4889 quia
2625 4835 2721 4898 per
2744 4821 2917 4898 ipsam
2947 4834 3052 4873 nec
3076 4819 3535 4898 prateondemnat,
3562 4831 3662 4869 nec

434 4900 833 4968 prtejustificat;
860 4889 957 4952 sed
984 4913 1108 4951 vasa
1141 4889 1528 4968 honorisfacit
1549 4889 1642 4949 eos
1673 4898 1768 4964 qui
1795 4914 1854 4950 se
1889 4889 2268 4964 expurgarint,
2306 4906 2432 4968 vasa
2463 4907 2593 4968 vero
2627 4891 2961 4958 ignominiae,
2997 4895 3092 4968 qui
3129 4889 3383 4968 vitiorum
3433 4900 3658 4968 suorum

433 4957 626 5024 sordes
647 4957 962 5037 absterge-re
986 4967 1343 5035 neglexerint,
1383 4966 1453 5037 ita
1483 4957 1882 5037 ut,pt'iustlttatti
1924 4957 2208 5037 fingantur
2226 4978 2353 5016 vasa
2385 4962 2436 5013 in
2463 4957 2722 5037 horrorem
2743 4970 2812 5037 let
2839 4974 2978 5037 vasa
3005 4960 3057 5012 in
3081 4957 3486 5037 contumeliam,
3521 4957 3660 5037 atttif

432 5041 652 5106 quiores
679 5028 864 5092 causa?
881 5028 1197 5090 exstitériut
1225 5051 1322 5089 cur
1345 5035 1484 5088 alius
1517 5035 1609 5106 fiat
1639 5037 1688 5087 in
1715 5028 2174 5106 lt'onoreiti,'a1iits
2199 5029 2693 5106 in_contumeliam.
2737 5029 2894 5106 Quod
2935 5029 2980 5082 si
3003 5028 3180 5106 semel
3219 5028 3560 5106 ιιιιιιιίιιίιιιιιε
3591 5036 3660 5106 εις

430 5092 867 5178 przece'dentibus
903 5105 1234 5174 quibusdam
1267 5107 1447 5178 causis
1480 5104 1624 5157 aliud
1651 5121 1774 5157 esse
1805 5122 1897 5178 vas
1929 5092 2180 5178 honoris,
2208 5102 2478 5178 aliudvas
2513 5092 2894 5178 contumelia,
2927 5098 3073 5178 quid
3106 5097 3328 5151 absurdi
3378 5096 3544 5146 fuerit
3593 5092 3661 5145 ad

431 5167 612 5234 iocum
653 5180 719 5232 de
753 5167 936 5230 anima
967 5185 1311 5228 recurrentes
1333 5177 1515 5227 dicere
1549 5189 1611 5227 ex
1644 5177 2080 5242 praecedentibus
2104 5174 2286 5227 causis
2323 5171 2577 5242 dilectum
2610 5169 2774 5222 fuisse
2799 5167 2967 5221 Jacob
2995 5167 3313 5235 priusquam
3345 5178 3541 5232 corpus
3568 5177 3661 5214 asa

429 5257 694 5314 sumeret,
721 5256 777 5303 et
803 5247 930 5301 odio
960 5245 1203 5300 habitum
1232 5243 1401 5299 fuisse
1424 5243 1569 5298 Esau
1597 5239 1890 5313 antequam
1921 5246 1975 5298 in
2002 5254 2156 5299 utero
2193 5251 2340 5297 esset
2361 5239 2645 5294 Rebeccae.

1595 5387 1638 5418 ⁶⁶
1672 5385 1711 5440 ll
1747 5386 1887 5441 Tim.
1918 5401 1978 5452 tt,
2007 5386 2099 5452 9.0,
2133 5385 2225 5440 2|.

2165 5509 2274 5584 (95)
2307 5510 2462 5566 Suus.
2496 5508 2658 5562 Deest
2688 5504 2741 5560 in
2770 5503 2947 5571 editis,
2972 5503 3066 5559 sed
3098 5501 3408 5583 habetur'in
3441 5517 3573 5557 mss.

497 5390 542 5421 “
565 5389 606 5443 ll
638 5389 778 5443 Tim.
803 5405 843 5454 1,
874 5388 961 5443 16.

517 5522 604 5588 97.)
641 5523 727 5577 Sic
761 5537 888 5576 mss.
922 5520 1082 5584 Alias,
1125 5540 1142 5572 ι
1177 5520 1423 5574 salutem.
1459 5536 1476 5567 ι

517 5523 604 5588 97.)
641 5523 727 5577 Sic
761 5537 888 5576 mss.
922 5523 1082 5584 Alias,
1125 5540 1142 5572 ι
1177 5523 1423 5574 salutem.
1459 5536 1476 5567 ι

497 5523 606 5664 ξοι)
642 5591 730 5648 Sic
750 5607 877 5648 mss.
900 5592 1067 5660 Alias,
1098 5611 1114 5643 ι
1135 5607 1256 5646 cum
1279 5591 1332 5644 in
1357 5588 1515 5644 nullis
1541 5586 1608 5642 sit
1628 5593 1914 5658 potestate.
1959 5601 1979 5636 ι

1038 5388 1082 5419 ⁸⁵
1110 5387 1148 5440 ΙἸ
1182 5387 1308 5442 Cor.
1340 5403 1394 5453 ν,
1433 5389 1518 5442 l0.
