  <div class='ocr_page' id='page_1' title='image "/cluster/home/n/w/nwhite01/storage/ocr_20150623/11/mdp.39015013266690/162.png"; bbox 0 0 4014 6142; ppageno 0'>
   <div class='ocr_carea' id='block_1_1' title="bbox 328 233 426 290">
    <p class='ocr_par' dir='ltr' id='par_1_1' title="bbox 328 233 426 290">
     <span class='ocr_line' id='line_1_1' title="bbox 328 233 426 290; baseline -0.02 0"><span class='ocrx_word' id='word_1_1' title='bbox 328 233 426 290; x_wconf 74' lang='lat'><strong>297</strong></span> 
     </span>
    </p>
   </div>
   <div class='ocr_carea' id='block_1_2' title="bbox 1655 235 2214 293">
    <p class='ocr_par' dir='ltr' id='par_1_2' title="bbox 1655 235 2214 293">
     <span class='ocr_line' id='line_1_2' title="bbox 1655 235 2214 293; baseline 0.005 -3"><span class='ocrx_word' id='word_1_2' title='bbox 1655 236 1851 290; x_wconf 79' lang='lat' dir='ltr'><strong>LIBER</strong></span> <span class='ocrx_word' id='word_1_3' title='bbox 1888 235 2214 293; x_wconf 81' lang='lat' dir='ltr'><strong>TERTIUS.</strong></span> 
     </span>
    </p>
   </div>
   <div class='ocr_carea' id='block_1_3' title="bbox 3453 245 3557 298">
    <p class='ocr_par' dir='ltr' id='par_1_3' title="bbox 3453 245 3557 298">
     <span class='ocr_line' id='line_1_3' title="bbox 3453 245 3557 298; baseline 0 -1"><span class='ocrx_word' id='word_1_4' title='bbox 3453 245 3557 298; x_wconf 60' lang='lat'><strong>293</strong></span> 
     </span>
    </p>
   </div>
   <div class='ocr_carea' id='block_1_4' title="bbox 326 329 1897 406">
    <p class='ocr_par' dir='ltr' id='par_1_4' title="bbox 326 329 1891 404">
     <span class='ocr_line' id='line_1_4' title="bbox 326 329 1891 404; baseline -0.001 -19"><span class='ocrx_word' id='word_1_5' title='bbox 326 331 420 403; x_wconf 78' lang='grc' dir='ltr'><strong>τὴν</strong></span> <span class='ocrx_word' id='word_1_6' title='bbox 447 329 768 404; x_wconf 74' lang='grc' dir='ltr'>πρόγνωσιν,</span> <span class='ocrx_word' id='word_1_7' title='bbox 800 332 921 384; x_wconf 76' lang='grc' dir='ltr'>ἐπεὶ</span> <span class='ocrx_word' id='word_1_8' title='bbox 951 333 1025 403; x_wconf 78' lang='grc' dir='ltr'><strong>μὴ</strong></span> <span class='ocrx_word' id='word_1_9' title='bbox 1067 330 1186 386; x_wconf 72' lang='grc' dir='ltr'>κατ’</span> <span class='ocrx_word' id='word_1_10' title='bbox 1218 332 1387 404; x_wconf 82' lang='grc' dir='ltr'>αὐτὴν</span> <span class='ocrx_word' id='word_1_11' title='bbox 1434 334 1856 404; x_wconf 80' lang='grc' dir='ltr'>προκατακρίνει</span> <span class='ocrx_word' id='word_1_12' title='bbox 1876 374 1891 396; x_wconf 95' lang='grc'><strong>,</strong></span> 
     </span>
    </p>
   </div>
   <div class='ocr_carea' id='block_1_5' title="bbox 1999 329 3558 406">
    <p class='ocr_par' dir='ltr' id='par_1_5' title="bbox 2000 332 3558 406">
     <span class='ocr_line' id='line_1_5' title="bbox 2000 332 3558 406; baseline 0.004 -18"><span class='ocrx_word' id='word_1_13' title='bbox 2000 333 2191 388; x_wconf 86' lang='lat' dir='ltr'><strong>referri</strong></span> <span class='ocrx_word' id='word_1_14' title='bbox 2247 342 2441 404; x_wconf 78' lang='lat' dir='ltr'><strong>potest.</strong></span> <span class='ocrx_word' id='word_1_15' title='bbox 2514 332 2646 388; x_wconf 88' lang='lat' dir='ltr'><strong>Nam</strong></span> <span class='ocrx_word' id='word_1_16' title='bbox 2699 333 2831 390; x_wconf 79' lang='lat' dir='ltr'><strong>facit</strong></span> <span class='ocrx_word' id='word_1_17' title='bbox 2885 336 3102 406; x_wconf 83' lang='lat' dir='ltr'><strong>quidem</strong></span> <span class='ocrx_word' id='word_1_18' title='bbox 3159 348 3378 395; x_wconf 79' lang='lat' dir='ltr'><strong>creator</strong></span> <span class='ocrx_word' id='word_1_19' title='bbox 3420 340 3558 394; x_wconf 81' lang='lat' dir='ltr'><strong>Deos</strong></span> 
     </span>
    </p>
   </div>
   <div class='ocr_carea' id='block_1_6' title="bbox 327 420 1897 494">
    <p class='ocr_par' dir='ltr' id='par_1_6' title="bbox 327 420 1897 494">
     <span class='ocr_line' id='line_1_6' title="bbox 327 420 1897 494; baseline 0.001 -21"><span class='ocrx_word' id='word_1_20' title='bbox 327 421 701 494; x_wconf 77' lang='grc' dir='ltr'>ἢπροδικαιοί,</span> <span class='ocrx_word' id='word_1_21' title='bbox 739 420 874 474; x_wconf 80' lang='grc' dir='ltr'>ἀλλὰ</span> <span class='ocrx_word' id='word_1_22' title='bbox 919 420 1085 491; x_wconf 83' lang='grc' dir='ltr'>σκεύη</span> <span class='ocrx_word' id='word_1_23' title='bbox 1124 420 1289 491; x_wconf 86' lang='grc' dir='ltr'>τιμῆς</span> <span class='ocrx_word' id='word_1_24' title='bbox 1317 421 1442 483; x_wconf 83' lang='grc' dir='ltr'>τοὺς</span> <span class='ocrx_word' id='word_1_25' title='bbox 1485 421 1897 493; x_wconf 80' lang='grc' dir='ltr'>ὲκκαθάραντας</span> 
     </span>
    </p>
   </div>
   <div class='ocr_carea' id='block_1_7' title="bbox 331 512 1896 586">
    <p class='ocr_par' dir='ltr' id='par_1_7' title="bbox 331 512 1896 586">
     <span class='ocr_line' id='line_1_7' title="bbox 331 512 1896 586; baseline 0 -18"><span class='ocrx_word' id='word_1_26' title='bbox 331 514 570 578; x_wconf 79' lang='grc' dir='ltr'>ἑαυτοὺς,</span> <span class='ocrx_word' id='word_1_27' title='bbox 603 514 697 566; x_wconf 66' lang='grc' dir='ltr'><strong>καὶ</strong></span> <span class='ocrx_word' id='word_1_28' title='bbox 727 512 894 584; x_wconf 71' lang='grc' dir='ltr'>σκεύη</span> <span class='ocrx_word' id='word_1_29' title='bbox 916 514 1137 585; x_wconf 81' lang='grc' dir='ltr'><strong>ἀτιμίας</strong></span> <span class='ocrx_word' id='word_1_30' title='bbox 1167 512 1636 586; x_wconf 85' lang='grc' dir='ltr'>ἀπερικαθάρτους</span> <span class='ocrx_word' id='word_1_31' title='bbox 1675 515 1896 578; x_wconf 77' lang='grc' dir='ltr'>ἑαυτοὺς</span> 
     </span>
    </p>
   </div>
   <div class='ocr_carea' id='block_1_8' title="bbox 310 603 1898 677">
    <p class='ocr_par' dir='ltr' id='par_1_8' title="bbox 310 603 1898 677">
     <span class='ocr_line' id='line_1_8' title="bbox 310 603 1898 677; baseline 0 -19"><span class='ocrx_word' id='word_1_32' title='bbox 310 603 672 676; x_wconf 61' lang='grc' dir='ltr'>’περιιδόντας</span> <span class='ocrx_word' id='word_1_33' title='bbox 714 603 853 658; x_wconf 82' lang='grc' dir='ltr'>ὥστε</span> <span class='ocrx_word' id='word_1_34' title='bbox 893 606 991 658; x_wconf 79' lang='grc' dir='ltr'><strong>οὐκ</strong></span> <span class='ocrx_word' id='word_1_35' title='bbox 1041 606 1238 677; x_wconf 81' lang='grc' dir='ltr'>(96)ἐκ</span> <span class='ocrx_word' id='word_1_36' title='bbox 1280 605 1662 677; x_wconf 80' lang='grc' dir='ltr'>πρεσϐυτέρων</span> <span class='ocrx_word' id='word_1_37' title='bbox 1708 606 1898 659; x_wconf 82' lang='grc' dir='ltr'>αἰτίων</span> 
     </span>
    </p>
   </div>
   <div class='ocr_carea' id='block_1_9' title="bbox 324 695 1897 769">
    <p class='ocr_par' dir='ltr' id='par_1_9' title="bbox 324 695 1897 769">
     <span class='ocr_line' id='line_1_9' title="bbox 324 695 1897 769; baseline 0.003 -22"><span class='ocrx_word' id='word_1_38' title='bbox 324 695 419 767; x_wconf 87' lang='grc' dir='ltr'><strong>τῆς</strong></span> <span class='ocrx_word' id='word_1_39' title='bbox 443 695 784 766; x_wconf 77' lang='grc' dir='ltr'>κατασκευῆς</span> <span class='ocrx_word' id='word_1_40' title='bbox 803 695 910 750; x_wconf 83' lang='grc' dir='ltr'>τῶν</span> <span class='ocrx_word' id='word_1_41' title='bbox 931 698 1010 761; x_wconf 87' lang='grc' dir='ltr'><strong>είς</strong></span> <span class='ocrx_word' id='word_1_42' title='bbox 1035 699 1197 769; x_wconf 86' lang='grc' dir='ltr'>τιμὴν</span> <span class='ocrx_word' id='word_1_43' title='bbox 1227 699 1319 751; x_wconf 80' lang='grc' dir='ltr'><strong>καὶ</strong></span> <span class='ocrx_word' id='word_1_44' title='bbox 1342 699 1420 762; x_wconf 89' lang='grc' dir='ltr'><strong>είς</strong></span> <span class='ocrx_word' id='word_1_45' title='bbox 1440 698 1659 768; x_wconf 84' lang='grc' dir='ltr'><strong>ἀτιμίαν</strong></span> <span class='ocrx_word' id='word_1_46' title='bbox 1689 699 1897 752; x_wconf 83' lang='grc' dir='ltr'>σκευῶν</span> 
     </span>
    </p>
   </div>
   <div class='ocr_carea' id='block_1_10' title="bbox 323 787 1717 861">
    <p class='ocr_par' dir='ltr' id='par_1_10' title="bbox 323 787 1717 861">
     <span class='ocr_line' id='line_1_10' title="bbox 323 787 1717 861; baseline 0.003 -21"><span class='ocrx_word' id='word_1_47' title='bbox 323 787 562 856; x_wconf 82' lang='grc' dir='ltr'>γίνεσθαι</span> <span class='ocrx_word' id='word_1_48' title='bbox 591 788 648 840; x_wconf 79' lang='grc' dir='ltr'>ὃν</span> <span class='ocrx_word' id='word_1_49' title='bbox 686 787 783 859; x_wconf 82' lang='grc' dir='ltr'><strong>μὲν</strong></span> <span class='ocrx_word' id='word_1_50' title='bbox 812 790 892 853; x_wconf 72' lang='grc' dir='ltr'>εἰς</span> <span class='ocrx_word' id='word_1_51' title='bbox 939 789 1105 860; x_wconf 84' lang='grc' dir='ltr'>τιμὴν</span> <span class='ocrx_word' id='word_1_52' title='bbox 1125 830 1138 853; x_wconf 94' lang='grc'><strong>,</strong></span> <span class='ocrx_word' id='word_1_53' title='bbox 1169 789 1226 842; x_wconf 87' lang='grc' dir='ltr'>ὃν</span> <span class='ocrx_word' id='word_1_54' title='bbox 1269 790 1326 843; x_wconf 81' lang='grc' dir='ltr'><strong>δὲ</strong></span> <span class='ocrx_word' id='word_1_55' title='bbox 1348 792 1429 854; x_wconf 86' lang='grc' dir='ltr'>εἰς</span> <span class='ocrx_word' id='word_1_56' title='bbox 1470 790 1717 861; x_wconf 85' lang='grc' dir='ltr'>ἀτίμιαν.</span> 
     </span>
    </p>
   </div>
   <div class='ocr_carea' id='block_1_11' title="bbox 1996 425 3554 494">
    <p class='ocr_par' dir='ltr' id='par_1_11' title="bbox 1996 425 3554 494">
     <span class='ocr_line' id='line_1_11' title="bbox 1996 425 3554 494; baseline 0.004 -15"><span class='ocrx_word' id='word_1_57' title='bbox 1996 426 2271 494; x_wconf 87' lang='lat' dir='ltr'><strong>quoddam</strong></span> <span class='ocrx_word' id='word_1_58' title='bbox 2326 442 2420 480; x_wconf 87' lang='lat' dir='ltr'><strong>vas</strong></span> <span class='ocrx_word' id='word_1_59' title='bbox 2475 427 2544 481; x_wconf 91' lang='lat' dir='ltr'><strong>ad</strong></span> <span class='ocrx_word' id='word_1_60' title='bbox 2596 427 2894 494; x_wconf 85' lang='lat' dir='ltr'><strong>honorem,</strong></span> <span class='ocrx_word' id='word_1_61' title='bbox 2957 435 3011 483; x_wconf 90' lang='lat' dir='ltr'><strong>et</strong></span> <span class='ocrx_word' id='word_1_62' title='bbox 3077 425 3222 482; x_wconf 61' lang='lat' dir='ltr'><strong>facit&#39;</strong></span> <span class='ocrx_word' id='word_1_63' title='bbox 3263 428 3367 484; x_wconf 90' lang='lat' dir='ltr'><strong>alia</strong></span> <span class='ocrx_word' id='word_1_64' title='bbox 3423 446 3554 485; x_wconf 85' lang='lat' dir='ltr'><strong>vasa</strong></span> 
     </span>
    </p>
   </div>
   <div class='ocr_carea' id='block_1_12' title="bbox 1996 518 3558 594">
    <p class='ocr_par' dir='ltr' id='par_1_12' title="bbox 1996 518 3558 594">
     <span class='ocr_line' id='line_1_12' title="bbox 1996 518 3558 594; baseline 0.003 -23"><span class='ocrx_word' id='word_1_65' title='bbox 1996 518 2063 572; x_wconf 88' lang='lat' dir='ltr'><strong>ad</strong></span> <span class='ocrx_word' id='word_1_66' title='bbox 2096 519 2480 573; x_wconf 76' lang='lat' dir='ltr'><strong>contumeliam</strong></span> <span class='ocrx_word' id='word_1_67' title='bbox 2508 535 2522 583; x_wconf 89' lang='lat'><strong>;</strong></span> <span class='ocrx_word' id='word_1_68' title='bbox 2553 520 2647 574; x_wconf 90' lang='lat' dir='ltr'><strong>sed</strong></span> <span class='ocrx_word' id='word_1_69' title='bbox 2672 521 2801 575; x_wconf 88' lang='lat' dir='ltr'><strong>illml</strong></span> <span class='ocrx_word' id='word_1_70' title='bbox 2832 536 2924 576; x_wconf 90' lang='lat' dir='ltr'><strong>vas</strong></span> <span class='ocrx_word' id='word_1_71' title='bbox 2945 521 3086 590; x_wconf 88' lang='lat' dir='ltr'><strong>quod</strong></span> <span class='ocrx_word' id='word_1_72' title='bbox 3119 537 3178 576; x_wconf 90' lang='lat' dir='ltr'><strong>se</strong></span> <span class='ocrx_word' id='word_1_73' title='bbox 3207 524 3460 594; x_wconf 75' lang='lat' dir='ltr'><strong>purgavit</strong></span> <span class='ocrx_word' id='word_1_74' title='bbox 3489 527 3558 578; x_wconf 75' lang='lat' dir='ltr'><strong>sit</strong></span> 
     </span>
    </p>
   </div>
   <div class='ocr_carea' id='block_1_13' title="bbox 1995 609 3560 683">
    <p class='ocr_par' dir='ltr' id='par_1_13' title="bbox 1995 609 3560 683">
     <span class='ocr_line' id='line_1_13' title="bbox 1995 609 3560 683; baseline 0.002 -19"><span class='ocrx_word' id='word_1_75' title='bbox 1995 609 2145 664; x_wconf 92' lang='lat' dir='ltr'><strong>omni</strong></span> <span class='ocrx_word' id='word_1_76' title='bbox 2202 611 2563 672; x_wconf 90' lang='lat' dir='ltr'><strong>immunditia,</strong></span> <span class='ocrx_word' id='word_1_77' title='bbox 2619 612 2792 681; x_wconf 87' lang='lat' dir='ltr'><strong>ipsmn</strong></span> <span class='ocrx_word' id='word_1_78' title='bbox 2841 613 2916 683; x_wconf 85' lang='lat' dir='ltr'><strong>(l)</strong></span> <span class='ocrx_word' id='word_1_79' title='bbox 2970 611 3099 666; x_wconf 91' lang='lat' dir='ltr'><strong>facit</strong></span> <span class='ocrx_word' id='word_1_80' title='bbox 3144 628 3237 666; x_wconf 90' lang='lat' dir='ltr'><strong>vas</strong></span> <span class='ocrx_word' id='word_1_81' title='bbox 3272 615 3339 668; x_wconf 75' lang='lat' dir='ltr'><strong>ad</strong></span> <span class='ocrx_word' id='word_1_82' title='bbox 3390 615 3560 667; x_wconf 85' lang='lat' dir='ltr'><strong>hono-</strong></span> 
     </span>
    </p>
   </div>
   <div class='ocr_carea' id='block_1_14' title="bbox 1997 702 3555 771">
    <p class='ocr_par' dir='ltr' id='par_1_14' title="bbox 1997 702 3555 771">
     <span class='ocr_line' id='line_1_14' title="bbox 1997 702 3555 771; baseline 0.003 -17"><span class='ocrx_word' id='word_1_83' title='bbox 1997 717 2109 754; x_wconf 90' lang='lat' dir='ltr'><strong>rem</strong></span> <span class='ocrx_word' id='word_1_84' title='bbox 2137 719 2151 768; x_wconf 90' lang='lat'><strong>;</strong></span> <span class='ocrx_word' id='word_1_85' title='bbox 2176 703 2319 771; x_wconf 90' lang='lat' dir='ltr'><strong>quod</strong></span> <span class='ocrx_word' id='word_1_86' title='bbox 2355 719 2480 757; x_wconf 91' lang='lat' dir='ltr'><strong>vero</strong></span> <span class='ocrx_word' id='word_1_87' title='bbox 2504 702 2758 756; x_wconf 89' lang='lat' dir='ltr'><strong>vitiormn</strong></span> <span class='ocrx_word' id='word_1_88' title='bbox 2796 705 3046 759; x_wconf 79' lang='lat' dir='ltr'><strong>sordibus</strong></span> <span class='ocrx_word' id='word_1_89' title='bbox 3083 721 3141 760; x_wconf 91' lang='lat' dir='ltr'><strong>se</strong></span> <span class='ocrx_word' id='word_1_90' title='bbox 3180 705 3555 770; x_wconf 85' lang='lat' dir='ltr'><strong>maculaverit,</strong></span> 
     </span>
    </p>
   </div>
   <div class='ocr_carea' id='block_1_15' title="bbox 1999 791 3560 864">
    <p class='ocr_par' dir='ltr' id='par_1_15' title="bbox 1999 791 3560 864">
     <span class='ocr_line' id='line_1_15' title="bbox 1999 791 3560 864; baseline 0.004 -20"><span class='ocrx_word' id='word_1_91' title='bbox 1999 791 2124 845; x_wconf 92' lang='lat' dir='ltr'><strong>illud</strong></span> <span class='ocrx_word' id='word_1_92' title='bbox 2152 806 2246 845; x_wconf 89' lang='lat' dir='ltr'><strong>vas</strong></span> <span class='ocrx_word' id='word_1_93' title='bbox 2268 793 2333 846; x_wconf 88' lang='lat' dir='ltr'><strong>ad</strong></span> <span class='ocrx_word' id='word_1_94' title='bbox 2364 791 2744 846; x_wconf 84' lang='lat' dir='ltr'><strong>contumeliam</strong></span> <span class='ocrx_word' id='word_1_95' title='bbox 2788 791 2940 847; x_wconf 84' lang='lat' dir='ltr'><strong>facit.</strong></span> <span class='ocrx_word' id='word_1_96' title='bbox 2987 794 3171 864; x_wconf 84' lang='lat' dir='ltr'><strong>Itaque</strong></span> <span class='ocrx_word' id='word_1_97' title='bbox 3221 795 3560 850; x_wconf 83' lang='lat' dir='ltr'><strong>concluditur</strong></span> 
     </span>
    </p>
   </div>
   <div class='ocr_carea' id='block_1_16' title="bbox 324 879 3557 958">
    <p class='ocr_par' dir='ltr' id='par_1_16' title="bbox 324 879 3557 958">
     <span class='ocr_line' id='line_1_16' title="bbox 324 879 3557 958; baseline 0.003 -25"><span class='ocrx_word' id='word_1_98' title='bbox 324 894 387 933; x_wconf 79' lang='lat' dir='ltr'><strong>ex</strong></span> <span class='ocrx_word' id='word_1_99' title='bbox 434 880 554 943; x_wconf 87' lang='lat' dir='ltr'><strong>hoc,</strong></span> <span class='ocrx_word' id='word_1_100' title='bbox 581 879 703 948; x_wconf 90' lang='lat' dir='ltr'><strong>quia</strong></span> <span class='ocrx_word' id='word_1_101' title='bbox 751 881 898 950; x_wconf 90' lang='lat' dir='ltr'><strong>prius</strong></span> <span class='ocrx_word' id='word_1_102' title='bbox 939 893 1213 950; x_wconf 86' lang='lat' dir='ltr'><strong>gestorum</strong></span> <span class='ocrx_word' id='word_1_103' title='bbox 1267 881 1692 952; x_wconf 86' lang='lat' dir='ltr'><strong>uniuscujusque</strong></span> <span class='ocrx_word' id='word_1_104' title='bbox 1731 896 1895 937; x_wconf 88' lang='lat' dir='ltr'><strong>causa</strong></span> <span class='ocrx_word' id='word_1_105' title='bbox 1957 885 2240 953; x_wconf 74' lang='lat' dir='ltr'><strong>przecedit,</strong></span> <span class='ocrx_word' id='word_1_106' title='bbox 2279 887 2349 937; x_wconf 72' lang='lat' dir='ltr'><strong>&#39;et</strong></span> <span class='ocrx_word' id='word_1_107' title='bbox 2399 900 2495 952; x_wconf 89' lang='lat' dir='ltr'><strong>pro</strong></span> <span class='ocrx_word' id='word_1_108' title='bbox 2535 885 2746 939; x_wconf 89' lang='lat' dir='ltr'><strong>meritis</strong></span> <span class='ocrx_word' id='word_1_109' title='bbox 2795 887 2908 942; x_wconf 88' lang='lat' dir='ltr'><strong>suis</strong></span> <span class='ocrx_word' id='word_1_110' title='bbox 2955 889 3328 958; x_wconf 80' lang='lat' dir='ltr'><strong>unusquisque</strong></span> <span class='ocrx_word' id='word_1_111' title='bbox 3367 905 3396 942; x_wconf 92' lang='lat' dir='ltr'><strong>a</strong></span> <span class='ocrx_word' id='word_1_112' title='bbox 3448 890 3557 944; x_wconf 89' lang='lat' dir='ltr'><strong>Deo</strong></span> 
     </span>
    </p>
   </div>
   <div class='ocr_carea' id='block_1_17' title="bbox 322 973 3548 1052">
    <p class='ocr_par' dir='ltr' id='par_1_17' title="bbox 322 973 3548 1052">
     <span class='ocr_line' id='line_1_17' title="bbox 322 973 3548 1052; baseline 0.004 -25"><span class='ocrx_word' id='word_1_113' title='bbox 322 974 406 1027; x_wconf 87' lang='lat' dir='ltr'><strong>vel</strong></span> <span class='ocrx_word' id='word_1_114' title='bbox 444 975 666 1029; x_wconf 81' lang='lat' dir='ltr'><strong>honoris</strong></span> <span class='ocrx_word' id='word_1_115' title='bbox 734 989 825 1028; x_wconf 93' lang='lat' dir='ltr'><strong>vas</strong></span> <span class='ocrx_word' id='word_1_116' title='bbox 881 973 1114 1029; x_wconf 74' lang='lat' dir='ltr'><strong>efﬁcitur</strong></span> <span class='ocrx_word' id='word_1_117' title='bbox 1164 976 1248 1029; x_wconf 86' lang='lat' dir='ltr'><strong>vel</strong></span> <span class='ocrx_word' id='word_1_118' title='bbox 1299 975 1659 1031; x_wconf 76' lang='lat' dir='ltr'><strong>contumeliae.</strong></span> <span class='ocrx_word' id='word_1_119' title='bbox 1718 974 1872 1030; x_wconf 87' lang='lat' dir='ltr'><strong>Unde</strong></span> <span class='ocrx_word' id='word_1_120' title='bbox 1922 979 2347 1046; x_wconf 86' lang='lat' dir='ltr'><strong>unumquodque</strong></span> <span class='ocrx_word' id='word_1_121' title='bbox 2376 977 2540 1046; x_wconf 85' lang='lat' dir='ltr'><strong>igitur</strong></span> <span class='ocrx_word' id='word_1_122' title='bbox 2573 987 2742 1032; x_wconf 86' lang='lat' dir='ltr'><strong>vasut</strong></span> <span class='ocrx_word' id='word_1_123' title='bbox 2787 979 2868 1034; x_wconf 77' lang='lat' dir='ltr'><strong>vel</strong></span> <span class='ocrx_word' id='word_1_124' title='bbox 2918 979 2984 1033; x_wconf 86' lang='lat' dir='ltr'><strong>ad</strong></span> <span class='ocrx_word' id='word_1_125' title='bbox 3033 982 3354 1052; x_wconf 83' lang='lat' dir='ltr'><strong>honorem_a</strong></span> <span class='ocrx_word' id='word_1_126' title='bbox 3383 985 3548 1042; x_wconf 85' lang='lat' dir='ltr'><strong>Crea-</strong></span> 
     </span>
    </p>
   </div>
   <div class='ocr_carea' id='block_1_18' title="bbox 324 1069 2890 1144">
    <p class='ocr_par' dir='ltr' id='par_1_18' title="bbox 324 1069 2890 1144">
     <span class='ocr_line' id='line_1_18' title="bbox 324 1069 2890 1144; baseline 0.002 -20"><span class='ocrx_word' id='word_1_127' title='bbox 324 1077 435 1124; x_wconf 89' lang='lat' dir='ltr'><strong>tore</strong></span> <span class='ocrx_word' id='word_1_128' title='bbox 470 1069 733 1124; x_wconf 84' lang='lat' dir='ltr'><strong>formetur</strong></span> <span class='ocrx_word' id='word_1_129' title='bbox 759 1071 840 1125; x_wconf 89' lang='lat' dir='ltr'><strong>vel</strong></span> <span class='ocrx_word' id='word_1_130' title='bbox 865 1070 930 1124; x_wconf 91' lang='lat' dir='ltr'><strong>ad</strong></span> <span class='ocrx_word' id='word_1_131' title='bbox 953 1070 1359 1134; x_wconf 83' lang='lat' dir='ltr'><strong>contumeliam,</strong></span> <span class='ocrx_word' id='word_1_132' title='bbox 1381 1086 1447 1125; x_wconf 80' lang='lat' dir='ltr'><strong>ex</strong></span> <span class='ocrx_word' id='word_1_133' title='bbox 1478 1071 1655 1140; x_wconf 85' lang='lat' dir='ltr'><strong>seipso</strong></span> <span class='ocrx_word' id='word_1_134' title='bbox 1681 1086 1874 1127; x_wconf 82' lang='lat' dir='ltr'><strong>causas</strong></span> <span class='ocrx_word' id='word_1_135' title='bbox 1905 1081 1960 1127; x_wconf 92' lang='lat' dir='ltr'><strong>et</strong></span> <span class='ocrx_word' id='word_1_136' title='bbox 1980 1075 2294 1128; x_wconf 83' lang='lat' dir='ltr'><strong>occasiones</strong></span> <span class='ocrx_word' id='word_1_137' title='bbox 2323 1075 2580 1144; x_wconf 69' lang='lat' dir='ltr'><strong>praestitit</strong></span> <span class='ocrx_word' id='word_1_138' title='bbox 2603 1075 2890 1135; x_wconf 87' lang='lat' dir='ltr'><strong>conditori.</strong></span> 
     </span>
    </p>
   </div>
   <div class='ocr_carea' id='block_1_19' title="bbox 390 1166 1885 1240">
    <p class='ocr_par' dir='ltr' id='par_1_19' title="bbox 390 1166 1885 1240">
     <span class='ocr_line' id='line_1_19' title="bbox 390 1166 1885 1240; baseline 0.003 -20"><span class='ocrx_word' id='word_1_139' title='bbox 390 1167 452 1220; x_wconf 87' lang='lat' dir='ltr'><strong>Ei</strong></span> <span class='ocrx_word' id='word_1_140' title='bbox 482 1166 540 1220; x_wconf 82' lang='grc' dir='ltr'>δὲ</span> <span class='ocrx_word' id='word_1_141' title='bbox 565 1167 712 1232; x_wconf 69' lang='grc' dir='ltr'>ἅπαξ</span> <span class='ocrx_word' id='word_1_142' title='bbox 733 1167 1067 1240; x_wconf 80' lang='grc' dir='ltr'>προσιέμεθα</span> <span class='ocrx_word' id='word_1_143' title='bbox 1139 1168 1291 1235; x_wconf 86' lang='lat' dir='ltr'><strong>Quod</strong></span> <span class='ocrx_word' id='word_1_144' title='bbox 1321 1170 1367 1224; x_wconf 90' lang='lat' dir='ltr'><strong>si</strong></span> <span class='ocrx_word' id='word_1_145' title='bbox 1402 1170 1547 1239; x_wconf 85' lang='lat' dir='ltr'><strong>justa</strong></span> <span class='ocrx_word' id='word_1_146' title='bbox 1583 1169 1699 1224; x_wconf 67' lang='lat' dir='ltr'><strong>haec</strong></span> <span class='ocrx_word' id='word_1_147' title='bbox 1737 1170 1885 1224; x_wconf 88' lang='lat' dir='ltr'><strong>vide-</strong></span> 
     </span>
    </p>
   </div>
   <div class='ocr_carea' id='block_1_20' title="bbox 321 1253 1889 1332">
    <p class='ocr_par' dir='ltr' id='par_1_20' title="bbox 321 1253 1889 1332">
     <span class='ocr_line' id='line_1_20' title="bbox 321 1253 1889 1332; baseline 0.003 -20"><span class='ocrx_word' id='word_1_148' title='bbox 321 1253 456 1313; x_wconf 80' lang='grc' dir='ltr'>εἷναί</span> <span class='ocrx_word' id='word_1_149' title='bbox 476 1277 629 1324; x_wconf 87' lang='grc' dir='ltr'>τινας</span> <span class='ocrx_word' id='word_1_150' title='bbox 653 1260 1072 1332; x_wconf 70' lang='grc' dir='ltr'>αἰτίας-’πρεσϐυ-</span> <span class='ocrx_word' id='word_1_151' title='bbox 1143 1273 1230 1317; x_wconf 88' lang='lat' dir='ltr'><strong>tur</strong></span> <span class='ocrx_word' id='word_1_152' title='bbox 1285 1264 1548 1329; x_wconf 85' lang='lat' dir='ltr'><strong>assertio,</strong></span> <span class='ocrx_word' id='word_1_153' title='bbox 1603 1263 1745 1318; x_wconf 85' lang='lat' dir='ltr'><strong>sicut</strong></span> <span class='ocrx_word' id='word_1_154' title='bbox 1805 1275 1889 1317; x_wconf 91' lang='lat' dir='ltr'><strong>est</strong></span> 
     </span>
    </p>
   </div>
   <div class='ocr_carea' id='block_1_21' title="bbox 320 1352 1889 1426">
    <p class='ocr_par' dir='ltr' id='par_1_21' title="bbox 320 1352 1889 1426">
     <span class='ocr_line' id='line_1_21' title="bbox 320 1352 1889 1426; baseline 0.001 -18"><span class='ocrx_word' id='word_1_155' title='bbox 320 1352 588 1425; x_wconf 84' lang='grc' dir='ltr'>τέραςτοῦ</span> <span class='ocrx_word' id='word_1_156' title='bbox 605 1352 828 1414; x_wconf 81' lang='grc' dir='ltr'><strong>σκεύους</strong></span> <span class='ocrx_word' id='word_1_157' title='bbox 857 1353 956 1424; x_wconf 81' lang='grc' dir='ltr'><strong>τῆς</strong></span> <span class='ocrx_word' id='word_1_158' title='bbox 983 1371 1068 1406; x_wconf 85' lang='grc' dir='ltr'><strong>τι·</strong></span> <span class='ocrx_word' id='word_1_159' title='bbox 1142 1367 1290 1412; x_wconf 81' lang='lat' dir='ltr'><strong>certe</strong></span> <span class='ocrx_word' id='word_1_160' title='bbox 1321 1357 1488 1426; x_wconf 82' lang='lat' dir='ltr'><strong>jnsta,</strong></span> <span class='ocrx_word' id='word_1_161' title='bbox 1512 1368 1567 1412; x_wconf 88' lang='lat' dir='ltr'><strong>et</strong></span> <span class='ocrx_word' id='word_1_162' title='bbox 1593 1373 1714 1410; x_wconf 91' lang='lat' dir='ltr'><strong>cum</strong></span> <span class='ocrx_word' id='word_1_163' title='bbox 1741 1357 1889 1410; x_wconf 88' lang='lat' dir='ltr'><strong>ontni</strong></span> 
     </span>
    </p>
   </div>
   <div class='ocr_carea' id='block_1_22' title="bbox 325 1447 1891 1523">
    <p class='ocr_par' dir='ltr' id='par_1_22' title="bbox 325 1447 1891 1523">
     <span class='ocr_line' id='line_1_22' title="bbox 325 1447 1891 1523; baseline -0.004 -13"><span class='ocrx_word' id='word_1_164' title='bbox 325 1448 428 1518; x_wconf 81' lang='grc' dir='ltr'><strong>μῆς</strong></span> <span class='ocrx_word' id='word_1_165' title='bbox 455 1447 552 1500; x_wconf 68' lang='grc' dir='ltr'><strong>καὶ</strong></span> <span class='ocrx_word' id='word_1_166' title='bbox 588 1447 680 1500; x_wconf 75' lang='grc' dir='ltr'><strong>τοὗ</strong></span> <span class='ocrx_word' id='word_1_167' title='bbox 717 1447 940 1511; x_wconf 76' lang='grc' dir='ltr'>σκεύους</span> <span class='ocrx_word' id='word_1_168' title='bbox 971 1447 1072 1517; x_wconf 77' lang='grc' dir='ltr'><strong>τῆς</strong></span> <span class='ocrx_word' id='word_1_169' title='bbox 1145 1453 1341 1523; x_wconf 83' lang='lat' dir='ltr'><strong>pietate</strong></span> <span class='ocrx_word' id='word_1_170' title='bbox 1361 1453 1719 1515; x_wconf 74' lang='lat' dir='ltr'><strong>concor-dans,</strong></span> <span class='ocrx_word' id='word_1_171' title='bbox 1744 1461 1801 1504; x_wconf 86' lang='grc' dir='ltr'><strong>ιιι</strong></span> <span class='ocrx_word' id='word_1_172' title='bbox 1823 1465 1891 1506; x_wconf 78' lang='lat' dir='ltr'><strong>ex</strong></span> 
     </span>
    </p>
   </div>
   <div class='ocr_carea' id='block_1_23' title="bbox 321 1539 1892 1616">
    <p class='ocr_par' dir='ltr' id='par_1_23' title="bbox 321 1539 1892 1616">
     <span class='ocr_line' id='line_1_23' title="bbox 321 1539 1892 1616; baseline 0.003 -23"><span class='ocrx_word' id='word_1_173' title='bbox 321 1540 569 1610; x_wconf 85' lang='grc' dir='ltr'>ἀτιμίας,</span> <span class='ocrx_word' id='word_1_174' title='bbox 602 1539 655 1591; x_wconf 84' lang='grc' dir='ltr'>τί</span> <span class='ocrx_word' id='word_1_175' title='bbox 685 1539 880 1593; x_wconf 79' lang='grc' dir='ltr'>ἄτοπον</span> <span class='ocrx_word' id='word_1_176' title='bbox 920 1539 1073 1593; x_wconf 85' lang='grc' dir='ltr'>ἀνελ-</span> <span class='ocrx_word' id='word_1_177' title='bbox 1146 1545 1571 1616; x_wconf 70' lang='lat' dir='ltr'><strong>prtecedentibus</strong></span> <span class='ocrx_word' id='word_1_178' title='bbox 1622 1545 1802 1600; x_wconf 87' lang='lat' dir='ltr'><strong>causis</strong></span> <span class='ocrx_word' id='word_1_179' title='bbox 1830 1561 1892 1598; x_wconf 90' lang='lat' dir='ltr'><strong>u-</strong></span> 
     </span>
    </p>
   </div>
   <div class='ocr_carea' id='block_1_24' title="bbox 322 1633 1890 1708">
    <p class='ocr_par' dir='ltr' id='par_1_24' title="bbox 322 1633 1890 1708">
     <span class='ocr_line' id='line_1_24' title="bbox 322 1633 1890 1708; baseline 0.003 -22"><span class='ocrx_word' id='word_1_180' title='bbox 322 1634 514 1697; x_wconf 83' lang='grc' dir='ltr'>Οόντας</span> <span class='ocrx_word' id='word_1_181' title='bbox 537 1635 618 1697; x_wconf 77' lang='grc' dir='ltr'>εἰς</span> <span class='ocrx_word' id='word_1_182' title='bbox 650 1634 880 1707; x_wconf 73' lang='grc' dir='ltr'>τὸνπερὶ</span> <span class='ocrx_word' id='word_1_183' title='bbox 896 1633 1074 1705; x_wconf 67' lang='grc' dir='ltr'>ψυχῆς</span> <span class='ocrx_word' id='word_1_184' title='bbox 1149 1639 1531 1708; x_wconf 88' lang='lat' dir='ltr'><strong>numquodqne</strong></span> <span class='ocrx_word' id='word_1_185' title='bbox 1570 1654 1666 1691; x_wconf 90' lang='lat' dir='ltr'><strong>vas</strong></span> <span class='ocrx_word' id='word_1_186' title='bbox 1707 1638 1790 1692; x_wconf 91' lang='lat' dir='ltr'><strong>vel</strong></span> <span class='ocrx_word' id='word_1_187' title='bbox 1823 1638 1890 1692; x_wconf 89' lang='lat' dir='ltr'><strong>ad</strong></span> 
     </span>
    </p>
   </div>
   <div class='ocr_carea' id='block_1_25' title="bbox 320 1725 1891 1799">
    <p class='ocr_par' dir='ltr' id='par_1_25' title="bbox 320 1725 1891 1799">
     <span class='ocr_line' id='line_1_25' title="bbox 320 1725 1891 1799; baseline 0.003 -20"><span class='ocrx_word' id='word_1_188' title='bbox 320 1727 483 1780; x_wconf 80' lang='grc' dir='ltr'>τόπον</span> <span class='ocrx_word' id='word_1_189' title='bbox 504 1725 1078 1799; x_wconf 77' lang='grc' dir='ltr'>(97),πρεσ6ύτερααί-</span> <span class='ocrx_word' id='word_1_190' title='bbox 1151 1733 1407 1786; x_wconf 86' lang='lat' dir='ltr'><strong>honorem</strong></span> <span class='ocrx_word' id='word_1_191' title='bbox 1484 1732 1594 1787; x_wconf 84' lang='lat' dir='ltr'><strong>Deo</strong></span> <span class='ocrx_word' id='word_1_192' title='bbox 1673 1732 1755 1785; x_wconf 90' lang='lat' dir='ltr'><strong>vel</strong></span> <span class='ocrx_word' id='word_1_193' title='bbox 1822 1732 1891 1785; x_wconf 87' lang='lat' dir='ltr'><strong>ad</strong></span> 
     </span>
    </p>
   </div>
   <div class='ocr_carea' id='block_1_26' title="bbox 1991 1171 2740 1244">
    <p class='ocr_par' dir='ltr' id='par_1_26' title="bbox 1991 1171 2740 1244">
     <span class='ocr_line' id='line_1_26' title="bbox 1991 1171 2740 1244; baseline 0.004 -20"><span class='ocrx_word' id='word_1_194' title='bbox 1991 1171 2249 1244; x_wconf 81' lang='grc' dir='ltr'>μισῆσθαι</span> <span class='ocrx_word' id='word_1_195' title='bbox 2269 1212 2282 1236; x_wconf 94' lang='grc'><strong>,</strong></span> <span class='ocrx_word' id='word_1_196' title='bbox 2331 1173 2608 1242; x_wconf 85' lang='grc' dir='ltr'>γεγονέναι</span> <span class='ocrx_word' id='word_1_197' title='bbox 2661 1175 2740 1237; x_wconf 80' lang='grc' dir='ltr'>εἰς</span> 
     </span>
    </p>
   </div>
   <div class='ocr_carea' id='block_1_27' title="bbox 1988 1265 2742 1337">
    <p class='ocr_par' dir='ltr' id='par_1_27' title="bbox 1988 1265 2742 1337">
     <span class='ocr_line' id='line_1_27' title="bbox 1988 1265 2742 1337; baseline 0.003 -19"><span class='ocrx_word' id='word_1_198' title='bbox 1988 1265 2079 1318; x_wconf 85' lang='grc' dir='ltr'>τὸν</span> <span class='ocrx_word' id='word_1_199' title='bbox 2108 1265 2299 1318; x_wconf 79' lang='grc' dir='ltr'>Ἰακὼϐ</span> <span class='ocrx_word' id='word_1_200' title='bbox 2328 1266 2432 1337; x_wconf 84' lang='grc' dir='ltr'><strong>πρὸ</strong></span> <span class='ocrx_word' id='word_1_201' title='bbox 2457 1265 2555 1335; x_wconf 82' lang='grc' dir='ltr'><strong>τῆς</strong></span> <span class='ocrx_word' id='word_1_202' title='bbox 2571 1267 2742 1320; x_wconf 80' lang='grc' dir='ltr'>ὲνσω-</span> 
     </span>
    </p>
   </div>
   <div class='ocr_carea' id='block_1_28' title="bbox 1995 1357 2738 1428">
    <p class='ocr_par' dir='ltr' id='par_1_28' title="bbox 1995 1357 2738 1428">
     <span class='ocr_line' id='line_1_28' title="bbox 1995 1357 2738 1428; baseline 0.003 -18"><span class='ocrx_word' id='word_1_203' title='bbox 1995 1357 2324 1428; x_wconf 86' lang='grc' dir='ltr'>ματώσεως,</span> <span class='ocrx_word' id='word_1_204' title='bbox 2367 1359 2458 1411; x_wconf 80' lang='grc' dir='ltr'><strong>καὶ</strong></span> <span class='ocrx_word' id='word_1_205' title='bbox 2516 1360 2596 1422; x_wconf 84' lang='grc' dir='ltr'>εἰς</span> <span class='ocrx_word' id='word_1_206' title='bbox 2649 1361 2738 1412; x_wconf 83' lang='grc' dir='ltr'>τὸν</span> 
     </span>
    </p>
   </div>
   <div class='ocr_carea' id='block_1_29' title="bbox 2005 1450 2739 1523">
    <p class='ocr_par' dir='ltr' id='par_1_29' title="bbox 2005 1450 2739 1523">
     <span class='ocr_line' id='line_1_29' title="bbox 2005 1450 2739 1523; baseline 0.005 -21"><span class='ocrx_word' id='word_1_207' title='bbox 2005 1450 2173 1503; x_wconf 84' lang='grc' dir='ltr'><strong>Ἦσαῦ</strong></span> <span class='ocrx_word' id='word_1_208' title='bbox 2220 1451 2324 1523; x_wconf 79' lang='grc' dir='ltr'><strong>πρὸ</strong></span> <span class='ocrx_word' id='word_1_209' title='bbox 2362 1450 2454 1504; x_wconf 75' lang='grc' dir='ltr'>τοῦ</span> <span class='ocrx_word' id='word_1_210' title='bbox 2514 1453 2593 1515; x_wconf 84' lang='grc' dir='ltr'><strong>είς</strong></span> <span class='ocrx_word' id='word_1_211' title='bbox 2643 1452 2739 1523; x_wconf 76' lang='grc' dir='ltr'><strong>τὴν</strong></span> 
     </span>
    </p>
   </div>
   <div class='ocr_carea' id='block_1_30' title="bbox 2810 1176 3562 1252">
    <p class='ocr_par' dir='ltr' id='par_1_30' title="bbox 2810 1176 3562 1252">
     <span class='ocr_line' id='line_1_30' title="bbox 2810 1176 3562 1252; baseline 0.016 -25"><span class='ocrx_word' id='word_1_212' title='bbox 2810 1176 2958 1241; x_wconf 89' lang='lat' dir='ltr'><strong>dum,</strong></span> <span class='ocrx_word' id='word_1_213' title='bbox 2983 1178 3172 1232; x_wconf 86' lang='lat' dir='ltr'><strong>eodem</strong></span> <span class='ocrx_word' id='word_1_214' title='bbox 3193 1180 3385 1236; x_wconf 89' lang='lat' dir='ltr'><strong>ordine</strong></span> <span class='ocrx_word' id='word_1_215' title='bbox 3402 1191 3562 1252; x_wconf 81' lang='lat' dir='ltr'><strong>atque</strong></span> 
     </span>
    </p>
   </div>
   <div class='ocr_carea' id='block_1_31' title="bbox 2810 1269 3566 1341">
    <p class='ocr_par' dir='ltr' id='par_1_31' title="bbox 2810 1269 3566 1341">
     <span class='ocr_line' id='line_1_31' title="bbox 2810 1269 3566 1341; baseline 0.012 -21"><span class='ocrx_word' id='word_1_216' title='bbox 2810 1269 2998 1322; x_wconf 88' lang='lat' dir='ltr'><strong>eadem</strong></span> <span class='ocrx_word' id='word_1_217' title='bbox 3037 1274 3426 1341; x_wconf 81' lang='lat' dir='ltr'><strong>consequentia</strong></span> <span class='ocrx_word' id='word_1_218' title='bbox 3479 1276 3566 1328; x_wconf 60' lang='grc' dir='ltr'>ιιι..</span> 
     </span>
    </p>
   </div>
   <div class='ocr_carea' id='block_1_32' title="bbox 2811 1361 3564 1432">
    <p class='ocr_par' dir='ltr' id='par_1_32' title="bbox 2811 1361 3564 1432">
     <span class='ocr_line' id='line_1_32' title="bbox 2811 1361 3564 1432; baseline 0.011 -19"><span class='ocrx_word' id='word_1_219' title='bbox 2811 1361 3103 1416; x_wconf 79' lang='lat' dir='ltr'><strong>sentientes</strong></span> <span class='ocrx_word' id='word_1_220' title='bbox 3118 1379 3216 1417; x_wconf 92' lang='lat' dir='ltr'><strong>nos</strong></span> <span class='ocrx_word' id='word_1_221' title='bbox 3231 1366 3564 1432; x_wconf 84' lang='lat' dir='ltr'><strong>antiquiores</strong></span> 
     </span>
    </p>
   </div>
   <div class='ocr_carea' id='block_1_33' title="bbox 2815 1454 3563 1517">
    <p class='ocr_par' dir='ltr' id='par_1_33' title="bbox 2815 1454 3563 1517">
     <span class='ocr_line' id='line_1_33' title="bbox 2815 1454 3563 1517; baseline 0.009 -12"><span class='ocrx_word' id='word_1_222' title='bbox 2815 1468 3036 1517; x_wconf 83' lang='lat' dir='ltr'><strong>causas,</strong></span> <span class='ocrx_word' id='word_1_223' title='bbox 3065 1454 3254 1508; x_wconf 87' lang='lat' dir='ltr'><strong>eadem</strong></span> <span class='ocrx_word' id='word_1_224' title='bbox 3295 1457 3461 1511; x_wconf 92' lang='lat' dir='ltr'><strong>etiam</strong></span> <span class='ocrx_word' id='word_1_225' title='bbox 3493 1457 3563 1512; x_wconf 90' lang='lat' dir='ltr'><strong>de</strong></span> 
     </span>
    </p>
   </div>
   <div class='ocr_carea' id='block_1_34' title="bbox 1997 1544 3562 1616">
    <p class='ocr_par' dir='ltr' id='par_1_34' title="bbox 1997 1544 3562 1616">
     <span class='ocr_line' id='line_1_34' title="bbox 1997 1544 3562 1616; baseline 0.004 -18"><span class='ocrx_word' id='word_1_226' title='bbox 1997 1544 2204 1598; x_wconf 82' lang='grc' dir='ltr'>κοιλίαν</span> <span class='ocrx_word' id='word_1_227' title='bbox 2272 1547 2371 1616; x_wconf 82' lang='grc' dir='ltr'>τῆς</span> <span class='ocrx_word' id='word_1_228' title='bbox 2448 1547 2742 1612; x_wconf 75' lang='grc' dir='ltr'>Ῥεϐέκκας</span> <span class='ocrx_word' id='word_1_229' title='bbox 2817 1545 3117 1598; x_wconf 85' lang='lat' dir='ltr'><strong>animarum</strong></span> <span class='ocrx_word' id='word_1_230' title='bbox 3167 1547 3376 1602; x_wconf 87' lang='lat' dir='ltr'><strong>ratione</strong></span> <span class='ocrx_word' id='word_1_231' title='bbox 3431 1563 3562 1605; x_wconf 89' lang='lat' dir='ltr'><strong>sen-</strong></span> 
     </span>
    </p>
   </div>
   <div class='ocr_carea' id='block_1_35' title="bbox 1995 1636 3562 1709">
    <p class='ocr_par' dir='ltr' id='par_1_35' title="bbox 1995 1636 3562 1709">
     <span class='ocr_line' id='line_1_35' title="bbox 1995 1636 3562 1709; baseline 0.002 -18"><span class='ocrx_word' id='word_1_232' title='bbox 1995 1637 2263 1707; x_wconf 80' lang='grc' dir='ltr'>γενέσθαι.</span> <span class='ocrx_word' id='word_1_233' title='bbox 2816 1636 2917 1691; x_wconf 90' lang='lat' dir='ltr'><strong>tire</strong></span> <span class='ocrx_word' id='word_1_234' title='bbox 2943 1648 2998 1691; x_wconf 88' lang='lat' dir='ltr'><strong>et</strong></span> <span class='ocrx_word' id='word_1_235' title='bbox 3021 1638 3122 1692; x_wconf 90' lang='lat' dir='ltr'><strong>hoc</strong></span> <span class='ocrx_word' id='word_1_236' title='bbox 3150 1640 3338 1709; x_wconf 55' lang='lat' dir='ltr'><strong>essein</strong></span> <span class='ocrx_word' id='word_1_237' title='bbox 3373 1656 3562 1705; x_wconf 85' lang='lat' dir='ltr'><strong>causa,</strong></span> 
     </span>
    </p>
   </div>
   <div class='ocr_carea' id='block_1_36' title="bbox 1999 1729 3562 1800">
    <p class='ocr_par' dir='ltr' id='par_1_36' title="bbox 1999 1729 3562 1800">
     <span class='ocr_line' id='line_1_36' title="bbox 1999 1729 3562 1800; baseline 0.003 -16"><span class='ocrx_word' id='word_1_238' title='bbox 1999 1733 2138 1799; x_wconf 91' lang='lat' dir='ltr'><strong>quod</strong></span> <span class='ocrx_word' id='word_1_239' title='bbox 2161 1729 2325 1786; x_wconf 84' lang='lat' dir='ltr'><strong>Jacob</strong></span> <span class='ocrx_word' id='word_1_240' title='bbox 2359 1731 2588 1786; x_wconf 89' lang='lat' dir='ltr'><strong>dilectus</strong></span> <span class='ocrx_word' id='word_1_241' title='bbox 2620 1741 2721 1796; x_wconf 89' lang='lat' dir='ltr'><strong>est,</strong></span> <span class='ocrx_word' id='word_1_242' title='bbox 2747 1740 3035 1800; x_wconf 87' lang='lat' dir='ltr'><strong>antequam</strong></span> <span class='ocrx_word' id='word_1_243' title='bbox 3064 1732 3188 1785; x_wconf 89' lang='lat' dir='ltr'><strong>huic</strong></span> <span class='ocrx_word' id='word_1_244' title='bbox 3218 1733 3418 1787; x_wconf 90' lang='lat' dir='ltr'><strong>mundo</strong></span> <span class='ocrx_word' id='word_1_245' title='bbox 3440 1750 3562 1789; x_wconf 87' lang='lat' dir='ltr'><strong>nas-</strong></span> 
     </span>
    </p>
   </div>
   <div class='ocr_carea' id='block_1_37' title="bbox 319 1803 1897 1895">
    <p class='ocr_par' dir='ltr' id='par_1_37' title="bbox 319 1820 1889 1895">
     <span class='ocr_line' id='line_1_37' title="bbox 319 1820 1889 1895; baseline 0.003 -19"><span class='ocrx_word' id='word_1_246' title='bbox 319 1838 408 1874; x_wconf 78' lang='grc' dir='ltr'>τια</span> <span class='ocrx_word' id='word_1_247' title='bbox 443 1821 542 1874; x_wconf 76' lang='grc' dir='ltr'><strong>τοῦ</strong></span> <span class='ocrx_word' id='word_1_248' title='bbox 580 1821 668 1874; x_wconf 83' lang='grc' dir='ltr'>τὸν</span> <span class='ocrx_word' id='word_1_249' title='bbox 708 1820 897 1876; x_wconf 81' lang='grc' dir='ltr'>Ἰακὼὸ</span> <span class='ocrx_word' id='word_1_250' title='bbox 939 1823 1077 1892; x_wconf 83' lang='grc' dir='ltr'><strong>ὴγα·</strong></span> <span class='ocrx_word' id='word_1_251' title='bbox 1148 1826 1535 1880; x_wconf 88' lang='lat' dir='ltr'><strong>contumeliam</strong></span> <span class='ocrx_word' id='word_1_252' title='bbox 1619 1841 1889 1895; x_wconf 69' lang='lat' dir='ltr'><strong>praepare-</strong></span> 
     </span>
    </p>
   </div>
   <div class='ocr_carea' id='block_1_38' title="bbox 1999 1803 3563 1895">
    <p class='ocr_par' dir='ltr' id='par_1_38' title="bbox 1999 1821 3563 1892">
     <span class='ocr_line' id='line_1_38' title="bbox 1999 1821 3563 1892; baseline 0.001 -16"><span class='ocrx_word' id='word_1_253' title='bbox 1999 1832 2233 1888; x_wconf 90' lang='lat' dir='ltr'><strong>ceretur,</strong></span> <span class='ocrx_word' id='word_1_254' title='bbox 2260 1832 2315 1876; x_wconf 92' lang='lat' dir='ltr'><strong>et</strong></span> <span class='ocrx_word' id='word_1_255' title='bbox 2363 1823 2502 1876; x_wconf 83' lang='lat' dir='ltr'><strong>Esau</strong></span> <span class='ocrx_word' id='word_1_256' title='bbox 2527 1821 2651 1876; x_wconf 89' lang='lat' dir='ltr'><strong>odio</strong></span> <span class='ocrx_word' id='word_1_257' title='bbox 2689 1821 2906 1876; x_wconf 90' lang='lat' dir='ltr'><strong>habitus</strong></span> <span class='ocrx_word' id='word_1_258' title='bbox 2954 1832 3036 1877; x_wconf 90' lang='lat' dir='ltr'><strong>est</strong></span> <span class='ocrx_word' id='word_1_259' title='bbox 3073 1822 3174 1892; x_wconf 70' lang='lat'><strong>(2),</strong></span> <span class='ocrx_word' id='word_1_260' title='bbox 3224 1825 3354 1878; x_wconf 88' lang='lat' dir='ltr'><strong>dum</strong></span> <span class='ocrx_word' id='word_1_261' title='bbox 3385 1825 3563 1880; x_wconf 86' lang='lat' dir='ltr'><strong>adhuc</strong></span> 
     </span>
    </p>
   </div>
   <div class='ocr_carea' id='block_1_39' title="bbox 325 1915 1896 1989">
    <p class='ocr_par' dir='ltr' id='par_1_39' title="bbox 325 1915 1896 1989">
     <span class='ocr_line' id='line_1_39' title="bbox 325 1915 1896 1989; baseline 0 -20"><span class='ocrx_word' id='word_1_262' title='bbox 325 1915 552 1987; x_wconf 77' lang='grc' dir='ltr'>πῆσθαι,</span> <span class='ocrx_word' id='word_1_263' title='bbox 572 1917 767 1970; x_wconf 78' lang='grc' dir='ltr'>καὶτὸν</span> <span class='ocrx_word' id='word_1_264' title='bbox 796 1916 962 1970; x_wconf 87' lang='grc' dir='ltr'><strong>Ἦσαῦ</strong></span> <span class='ocrx_word' id='word_1_265' title='bbox 982 1934 1076 1989; x_wconf 86' lang='grc' dir='ltr'>με-</span> <span class='ocrx_word' id='word_1_266' title='bbox 1149 1927 1255 1982; x_wconf 85' lang='grc' dir='ltr'>ιιιι·,</span> <span class='ocrx_word' id='word_1_267' title='bbox 1302 1934 1404 1974; x_wconf 90' lang='lat' dir='ltr'><strong>non</strong></span> <span class='ocrx_word' id='word_1_268' title='bbox 1451 1919 1662 1972; x_wconf 91' lang='lat' dir='ltr'><strong>videtur</strong></span> <span class='ocrx_word' id='word_1_269' title='bbox 1698 1917 1896 1972; x_wconf 87' lang='lat' dir='ltr'><strong>absur-</strong></span> 
     </span>
    </p>
   </div>
   <div class='ocr_carea' id='block_1_40' title="bbox 835 2009 1400 2081">
    <p class='ocr_par' dir='ltr' id='par_1_40' title="bbox 835 2009 1400 2081">
     <span class='ocr_line' id='line_1_40' title="bbox 835 2009 1400 2081; baseline 0.005 -19"><span class='ocrx_word' id='word_1_270' title='bbox 835 2024 981 2066; x_wconf 72' lang='lat' dir='ltr'><strong>nnzn.</strong></span> <span class='ocrx_word' id='word_1_271' title='bbox 1019 2025 1230 2064; x_wconf 76' lang='grc' dir='ltr'>ιιιτειιρ.</span> <span class='ocrx_word' id='word_1_272' title='bbox 1268 2009 1400 2081; x_wconf 82' lang='grc'><strong>(98).</strong></span> 
     </span>
    </p>
   </div>
   <div class='ocr_carea' id='block_1_41' title="bbox 322 2099 1890 2174">
    <p class='ocr_par' dir='ltr' id='par_1_41' title="bbox 322 2099 1890 2174">
     <span class='ocr_line' id='line_1_41' title="bbox 322 2099 1890 2174; baseline 0.001 -21"><span class='ocrx_word' id='word_1_273' title='bbox 322 2099 422 2154; x_wconf 89' lang='lat' dir='ltr'><strong>Sin</strong></span> <span class='ocrx_word' id='word_1_274' title='bbox 467 2111 643 2154; x_wconf 81' lang='lat' dir='ltr'><strong>autent</strong></span> <span class='ocrx_word' id='word_1_275' title='bbox 690 2101 848 2155; x_wconf 88' lang='lat' dir='ltr'><strong>semel</strong></span> <span class='ocrx_word' id='word_1_276' title='bbox 883 2103 1161 2174; x_wconf 76' lang='lat' dir='ltr'><strong>recipimus</strong></span> <span class='ocrx_word' id='word_1_277' title='bbox 1206 2106 1345 2173; x_wconf 86' lang='lat' dir='ltr'><strong>quod</strong></span> <span class='ocrx_word' id='word_1_278' title='bbox 1383 2118 1449 2156; x_wconf 78' lang='lat' dir='ltr'><strong>ea:</strong></span> <span class='ocrx_word' id='word_1_279' title='bbox 1481 2101 1890 2168; x_wconf 66' lang='lat' dir='ltr'><strong>pra&#39;cedentibus</strong></span> 
     </span>
    </p>
   </div>
   <div class='ocr_carea' id='block_1_42' title="bbox 320 2193 1892 2256">
    <p class='ocr_par' dir='ltr' id='par_1_42' title="bbox 320 2193 1892 2256">
     <span class='ocr_line' id='line_1_42' title="bbox 320 2193 1892 2256; baseline 0.001 -10"><span class='ocrx_word' id='word_1_280' title='bbox 320 2194 500 2248; x_wconf 77' lang='lat' dir='ltr'><strong>causis</strong></span> <span class='ocrx_word' id='word_1_281' title='bbox 525 2193 670 2247; x_wconf 77' lang='lat' dir='ltr'><strong>aliud</strong></span> <span class='ocrx_word' id='word_1_282' title='bbox 705 2209 795 2248; x_wconf 82' lang='lat' dir='ltr'><strong>vas</strong></span> <span class='ocrx_word' id='word_1_283' title='bbox 828 2195 884 2248; x_wconf 88' lang='lat' dir='ltr'><strong>in</strong></span> <span class='ocrx_word' id='word_1_284' title='bbox 911 2195 1195 2256; x_wconf 83' lang='lat' dir='ltr'><strong>honorem,</strong></span> <span class='ocrx_word' id='word_1_285' title='bbox 1239 2195 1386 2248; x_wconf 82' lang='lat' dir='ltr'><strong>aliud</strong></span> <span class='ocrx_word' id='word_1_286' title='bbox 1437 2196 1490 2250; x_wconf 87' lang='lat' dir='ltr'><strong>iu</strong></span> <span class='ocrx_word' id='word_1_287' title='bbox 1522 2196 1892 2248; x_wconf 80' lang='lat' dir='ltr'><strong>contumeliam</strong></span> 
     </span>
    </p>
   </div>
   <div class='ocr_carea' id='block_1_43' title="bbox 320 2289 1893 2351">
    <p class='ocr_par' dir='ltr' id='par_1_43' title="bbox 320 2289 1893 2351">
     <span class='ocr_line' id='line_1_43' title="bbox 320 2289 1893 2351; baseline 0 -9"><span class='ocrx_word' id='word_1_288' title='bbox 320 2289 388 2342; x_wconf 80' lang='lat' dir='ltr'><strong>sit</strong></span> <span class='ocrx_word' id='word_1_289' title='bbox 416 2298 684 2351; x_wconf 81' lang='lat' dir='ltr'><strong>creatum;</strong></span> <span class='ocrx_word' id='word_1_290' title='bbox 707 2304 800 2341; x_wconf 86' lang='lat' dir='ltr'><strong>cur</strong></span> <span class='ocrx_word' id='word_1_291' title='bbox 831 2305 934 2342; x_wconf 87' lang='lat' dir='ltr'><strong>non</strong></span> <span class='ocrx_word' id='word_1_292' title='bbox 967 2305 1294 2343; x_wconf 81' lang='lat' dir='ltr'><strong>recurramus</strong></span> <span class='ocrx_word' id='word_1_293' title='bbox 1324 2289 1392 2342; x_wconf 81' lang='lat' dir='ltr'><strong>ad</strong></span> <span class='ocrx_word' id='word_1_294' title='bbox 1421 2291 1612 2343; x_wconf 78' lang='lat' dir='ltr'><strong>animo:</strong></span> <span class='ocrx_word' id='word_1_295' title='bbox 1638 2305 1893 2342; x_wconf 85' lang='lat' dir='ltr'><strong>arcanum</strong></span> 
     </span>
    </p>
   </div>
   <div class='ocr_carea' id='block_1_44' title="bbox 393 2407 1896 2481">
    <p class='ocr_par' dir='ltr' id='par_1_44' title="bbox 393 2407 1896 2481">
     <span class='ocr_line' id='line_1_44' title="bbox 393 2407 1896 2481; baseline 0.002 -21"><span class='ocrx_word' id='word_1_296' title='bbox 393 2408 549 2478; x_wconf 72' lang='grc' dir='ltr'>’Ἅμα</span> <span class='ocrx_word' id='word_1_297' title='bbox 571 2407 630 2460; x_wconf 79' lang='grc' dir='ltr'><strong>δὲ</strong></span> <span class='ocrx_word' id='word_1_298' title='bbox 659 2407 844 2477; x_wconf 82' lang='grc' dir='ltr'>σαφῶς</span> <span class='ocrx_word' id='word_1_299' title='bbox 875 2408 1122 2480; x_wconf 79' lang='grc' dir='ltr'>δηλοῦται</span> <span class='ocrx_word' id='word_1_300' title='bbox 1155 2411 1236 2462; x_wconf 82' lang='grc' dir='ltr'><strong>ὅτι</strong></span> <span class='ocrx_word' id='word_1_301' title='bbox 1269 2411 1390 2463; x_wconf 83' lang='grc' dir='ltr'>ὅσον</span> <span class='ocrx_word' id='word_1_302' title='bbox 1425 2411 1516 2463; x_wconf 73' lang='grc' dir='ltr'>ἐπὶ</span> <span class='ocrx_word' id='word_1_303' title='bbox 1549 2413 1622 2481; x_wconf 83' lang='grc' dir='ltr'><strong>τῇ</strong></span> <span class='ocrx_word' id='word_1_304' title='bbox 1672 2410 1896 2464; x_wconf 84' lang='grc' dir='ltr'>ὑποκει-</span> 
     </span>
    </p>
   </div>
   <div class='ocr_carea' id='block_1_45' title="bbox 324 2497 1900 2572">
    <p class='ocr_par' dir='ltr' id='par_1_45' title="bbox 324 2497 1900 2572">
     <span class='ocr_line' id='line_1_45' title="bbox 324 2497 1900 2572; baseline 0.001 -20"><span class='ocrx_word' id='word_1_305' title='bbox 324 2500 464 2572; x_wconf 83' lang='grc' dir='ltr'><strong>μένῃ</strong></span> <span class='ocrx_word' id='word_1_306' title='bbox 498 2499 655 2569; x_wconf 82' lang='grc' dir='ltr'>φύσει</span> <span class='ocrx_word' id='word_1_307' title='bbox 685 2499 872 2571; x_wconf 82' lang='grc' dir='ltr'>ὥσπερ</span> <span class='ocrx_word' id='word_1_308' title='bbox 920 2497 1001 2564; x_wconf 74' lang='grc' dir='ltr'>εἷς</span> <span class='ocrx_word' id='word_1_309' title='bbox 1046 2502 1327 2555; x_wconf 80' lang='grc' dir='ltr'>ὑπόκειται</span> <span class='ocrx_word' id='word_1_310' title='bbox 1359 2501 1436 2572; x_wconf 78' lang='grc' dir='ltr'><strong>τῷ</strong></span> <span class='ocrx_word' id='word_1_311' title='bbox 1469 2505 1698 2572; x_wconf 81' lang='grc' dir='ltr'>κεραμεῖ</span> <span class='ocrx_word' id='word_1_312' title='bbox 1731 2502 1900 2572; x_wconf 71' lang='grc' dir='ltr'>πηλὸς</span> 
     </span>
    </p>
   </div>
   <div class='ocr_carea' id='block_1_46' title="bbox 319 2583 1899 2662">
    <p class='ocr_par' dir='ltr' id='par_1_46' title="bbox 319 2583 1899 2662">
     <span class='ocr_line' id='line_1_46' title="bbox 319 2583 1899 2662; baseline -0.001 -18"><span class='ocrx_word' id='word_1_313' title='bbox 319 2592 416 2660; x_wconf 84' lang='grc' dir='ltr'><strong>ἀφ’</strong></span> <span class='ocrx_word' id='word_1_314' title='bbox 439 2583 502 2643; x_wconf 67' lang='grc' dir='ltr'>οὗ</span> <span class='ocrx_word' id='word_1_315' title='bbox 534 2591 852 2660; x_wconf 76' lang='grc' dir='ltr'>φυράματος</span> <span class='ocrx_word' id='word_1_316' title='bbox 874 2591 1080 2658; x_wconf 85' lang='grc' dir='ltr'>γίνεται</span> <span class='ocrx_word' id='word_1_317' title='bbox 1100 2595 1179 2653; x_wconf 88' lang='grc' dir='ltr'>εἰς</span> <span class='ocrx_word' id='word_1_318' title='bbox 1218 2591 1381 2662; x_wconf 81' lang='grc' dir='ltr'>τιμὴν</span> <span class='ocrx_word' id='word_1_319' title='bbox 1423 2593 1516 2644; x_wconf 71' lang='grc' dir='ltr'><strong>καὶ</strong></span> <span class='ocrx_word' id='word_1_320' title='bbox 1561 2594 1639 2653; x_wconf 79' lang='grc' dir='ltr'><strong>είς</strong></span> <span class='ocrx_word' id='word_1_321' title='bbox 1679 2591 1899 2661; x_wconf 85' lang='grc' dir='ltr'>ἀτιμίαν</span> 
     </span>
    </p>
   </div>
   <div class='ocr_carea' id='block_1_47' title="bbox 323 2680 1901 2754">
    <p class='ocr_par' dir='ltr' id='par_1_47' title="bbox 323 2680 1901 2754">
     <span class='ocr_line' id='line_1_47' title="bbox 323 2680 1901 2754; baseline 0.001 -19"><span class='ocrx_word' id='word_1_322' title='bbox 323 2681 530 2750; x_wconf 81' lang='grc' dir='ltr'>σκεύη·</span> <span class='ocrx_word' id='word_1_323' title='bbox 565 2680 710 2734; x_wconf 73' lang='grc' dir='ltr'>οὕτω</span> <span class='ocrx_word' id='word_1_324' title='bbox 739 2685 864 2753; x_wconf 75' lang='grc' dir='ltr'>μιᾶς</span> <span class='ocrx_word' id='word_1_325' title='bbox 895 2683 1106 2752; x_wconf 77' lang='grc' dir='ltr'>φύσεως</span> <span class='ocrx_word' id='word_1_326' title='bbox 1131 2683 1309 2754; x_wconf 76' lang='grc' dir='ltr'>πάσης</span> <span class='ocrx_word' id='word_1_327' title='bbox 1329 2683 1504 2753; x_wconf 76' lang='grc' dir='ltr'>ψυχῆς</span> <span class='ocrx_word' id='word_1_328' title='bbox 1536 2683 1901 2754; x_wconf 80' lang='grc' dir='ltr'>ὑποκειμένης</span> 
     </span>
    </p>
   </div>
   <div class='ocr_carea' id='block_1_48' title="bbox 321 2774 1903 2849">
    <p class='ocr_par' dir='ltr' id='par_1_48' title="bbox 321 2774 1903 2849">
     <span class='ocr_line' id='line_1_48' title="bbox 321 2774 1903 2849; baseline 0 -20"><span class='ocrx_word' id='word_1_329' title='bbox 321 2776 406 2847; x_wconf 76' lang='grc' dir='ltr'><strong>τῷ</strong></span> <span class='ocrx_word' id='word_1_330' title='bbox 423 2774 564 2846; x_wconf 81' lang='grc' dir='ltr'>Θεῷ,</span> <span class='ocrx_word' id='word_1_331' title='bbox 590 2777 682 2829; x_wconf 73' lang='grc' dir='ltr'><strong>καὶ</strong></span> <span class='ocrx_word' id='word_1_332' title='bbox 700 2776 832 2847; x_wconf 83' lang='lat'><strong>(99),</strong></span> <span class='ocrx_word' id='word_1_333' title='bbox 855 2777 921 2829; x_wconf 80' lang='grc' dir='ltr'>ἶν’</span> <span class='ocrx_word' id='word_1_334' title='bbox 948 2775 1118 2839; x_wconf 74' lang='grc' dir='ltr'>οὕτως</span> <span class='ocrx_word' id='word_1_335' title='bbox 1144 2776 1304 2838; x_wconf 79' lang='grc' dir='ltr'>εἴπω,</span> <span class='ocrx_word' id='word_1_336' title='bbox 1334 2776 1450 2839; x_wconf 78' lang='grc' dir='ltr'>ἐνὸς</span> <span class='ocrx_word' id='word_1_337' title='bbox 1473 2776 1791 2849; x_wconf 76' lang='grc' dir='ltr'>φυράματος</span> <span class='ocrx_word' id='word_1_338' title='bbox 1815 2775 1903 2829; x_wconf 80' lang='lat' dir='ltr'><strong>6v-</strong></span> 
     </span>
    </p>
   </div>
   <div class='ocr_carea' id='block_1_49' title="bbox 321 2864 1902 2939">
    <p class='ocr_par' dir='ltr' id='par_1_49' title="bbox 321 2864 1902 2939">
     <span class='ocr_line' id='line_1_49' title="bbox 321 2864 1902 2939; baseline -0.01 -18"><span class='ocrx_word' id='word_1_339' title='bbox 321 2883 419 2930; x_wconf 80' lang='grc' dir='ltr'><strong>τος</strong></span> <span class='ocrx_word' id='word_1_340' title='bbox 440 2865 550 2919; x_wconf 85' lang='grc' dir='ltr'>τῶν</span> <span class='ocrx_word' id='word_1_341' title='bbox 581 2865 811 2935; x_wconf 80' lang='grc' dir='ltr'>λογικῶν</span> <span class='ocrx_word' id='word_1_342' title='bbox 840 2867 1205 2929; x_wconf 82' lang='grc' dir='ltr'>ὑποστάσεων,</span> <span class='ocrx_word' id='word_1_343' title='bbox 1239 2865 1584 2939; x_wconf 77' lang='grc' dir='ltr'>πρεσϐύτερά</span> <span class='ocrx_word' id='word_1_344' title='bbox 1605 2883 1725 2922; x_wconf 81' lang='grc' dir='ltr'>τινα</span> <span class='ocrx_word' id='word_1_345' title='bbox 1755 2864 1902 2920; x_wconf 75' lang='grc' dir='ltr'>αἴτια</span> 
     </span>
    </p>
   </div>
   <div class='ocr_carea' id='block_1_50' title="bbox 325 2957 1904 3031">
    <p class='ocr_par' dir='ltr' id='par_1_50' title="bbox 325 2957 1904 3031">
     <span class='ocr_line' id='line_1_50' title="bbox 325 2957 1904 3031; baseline -0.001 -19"><span class='ocrx_word' id='word_1_346' title='bbox 325 2959 598 3030; x_wconf 75' lang='grc' dir='ltr'>πεποίηκε</span> <span class='ocrx_word' id='word_1_347' title='bbox 629 2958 814 3012; x_wconf 82' lang='grc' dir='ltr'>τούσδε</span> <span class='ocrx_word' id='word_1_348' title='bbox 846 2961 942 3030; x_wconf 89' lang='grc' dir='ltr'><strong>μὲν</strong></span> <span class='ocrx_word' id='word_1_349' title='bbox 989 2957 1124 3013; x_wconf 79' lang='grc' dir='ltr'>εἶναι</span> <span class='ocrx_word' id='word_1_350' title='bbox 1177 2961 1257 3023; x_wconf 84' lang='grc' dir='ltr'>εἰς</span> <span class='ocrx_word' id='word_1_351' title='bbox 1292 2960 1474 3031; x_wconf 76' lang='grc' dir='ltr'>τιμὴν,</span> <span class='ocrx_word' id='word_1_352' title='bbox 1517 2959 1704 3013; x_wconf 78' lang='grc' dir='ltr'>τούσδε</span> <span class='ocrx_word' id='word_1_353' title='bbox 1742 2958 1797 3012; x_wconf 79' lang='grc' dir='ltr'><strong>δὲ</strong></span> <span class='ocrx_word' id='word_1_354' title='bbox 1825 2960 1904 3022; x_wconf 83' lang='grc' dir='ltr'><strong>είς</strong></span> 
     </span>
    </p>
   </div>
   <div class='ocr_carea' id='block_1_51' title="bbox 326 3051 1900 3136">
    <p class='ocr_par' dir='ltr' id='par_1_51' title="bbox 326 3051 1900 3136">
     <span class='ocr_line' id='line_1_51' title="bbox 326 3051 1900 3136; baseline 0 -30"><span class='ocrx_word' id='word_1_355' title='bbox 326 3051 572 3121; x_wconf 80' lang='grc' dir='ltr'>ἀτιμίαν.</span> <span class='ocrx_word' id='word_1_356' title='bbox 607 3052 750 3136; x_wconf 31' lang='grc' dir='ltr'><strong>Εξιδὲ</strong></span> <span class='ocrx_word' id='word_1_357' title='bbox 777 3051 1102 3124; x_wconf 75' lang='grc' dir='ltr'>ἐπιπλήσσει</span> <span class='ocrx_word' id='word_1_358' title='bbox 1133 3055 1164 3124; x_wconf 82' lang='grc' dir='ltr'>ἠ</span> <span class='ocrx_word' id='word_1_359' title='bbox 1198 3053 1345 3117; x_wconf 78' lang='grc' dir='ltr'>λέξις</span> <span class='ocrx_word' id='word_1_360' title='bbox 1376 3052 1466 3106; x_wconf 82' lang='grc' dir='ltr'><strong>τοῦ</strong></span> <span class='ocrx_word' id='word_1_361' title='bbox 1520 3053 1838 3106; x_wconf 84' lang='grc' dir='ltr'>Ἀποστόλου</span> <span class='ocrx_word' id='word_1_362' title='bbox 1867 3055 1900 3124; x_wconf 86' lang='grc' dir='ltr'><strong>ή</strong></span> 
     </span>
    </p>
   </div>
   <div class='ocr_carea' id='block_1_52' title="bbox 327 3138 1918 3216">
    <p class='ocr_par' dir='ltr' id='par_1_52' title="bbox 327 3138 1918 3216">
     <span class='ocr_line' id='line_1_52' title="bbox 327 3138 1918 3216; baseline 0.002 -20"><span class='ocrx_word' id='word_1_363' title='bbox 327 3138 593 3212; x_wconf 83' lang='grc' dir='ltr'>λέγουσα·</span> <span class='ocrx_word' id='word_1_364' title='bbox 633 3161 654 3194; x_wconf 74' lang='grc' dir='ltr'><strong>ι</strong></span> <span class='ocrx_word' id='word_1_365' title='bbox 692 3143 986 3213; x_wconf 84' lang='grc' dir='ltr'>Μενοῦνγε,</span> <span class='ocrx_word' id='word_1_366' title='bbox 1011 3139 1056 3198; x_wconf 84' lang='grc' dir='ltr'><strong>ὦ</strong></span> <span class='ocrx_word' id='word_1_367' title='bbox 1089 3145 1359 3216; x_wconf 74' lang='grc' dir='ltr'>ἄνθρωπε,</span> <span class='ocrx_word' id='word_1_368' title='bbox 1392 3146 1456 3200; x_wconf 79' lang='grc' dir='ltr'><strong>σὺ</strong></span> <span class='ocrx_word' id='word_1_369' title='bbox 1476 3144 1560 3209; x_wconf 87' lang='grc' dir='ltr'><strong>τίς</strong></span> <span class='ocrx_word' id='word_1_370' title='bbox 1600 3138 1652 3198; x_wconf 85' lang='grc' dir='ltr'>εἴ</span> <span class='ocrx_word' id='word_1_371' title='bbox 1690 3147 1720 3197; x_wconf 98' lang='lat'><strong>6</strong></span> <span class='ocrx_word' id='word_1_372' title='bbox 1741 3145 1918 3199; x_wconf 66' lang='grc' dir='ltr'>ἀνταμ-</span> 
     </span>
    </p>
   </div>
   <div class='ocr_carea' id='block_1_53' title="bbox 334 3237 1898 3310">
    <p class='ocr_par' dir='ltr' id='par_1_53' title="bbox 334 3237 1898 3310">
     <span class='ocr_line' id='line_1_53' title="bbox 334 3237 1898 3310; baseline 0.001 -22"><span class='ocrx_word' id='word_1_373' title='bbox 334 3237 720 3308; x_wconf 81' lang='grc' dir='ltr'>ποκρινόμενος</span> <span class='ocrx_word' id='word_1_374' title='bbox 750 3237 827 3310; x_wconf 83' lang='grc' dir='ltr'><strong>τῷ</strong></span> <span class='ocrx_word' id='word_1_375' title='bbox 849 3238 998 3310; x_wconf 81' lang='grc' dir='ltr'><strong>Θεῴ;</strong></span> <span class='ocrx_word' id='word_1_376' title='bbox 1031 3257 1048 3288; x_wconf 78' lang='grc' dir='ltr'><strong>ι</strong></span> <span class='ocrx_word' id='word_1_377' title='bbox 1079 3237 1322 3293; x_wconf 83' lang='grc' dir='ltr'>διδάσκει</span> <span class='ocrx_word' id='word_1_378' title='bbox 1353 3240 1456 3301; x_wconf 74' lang='grc' dir='ltr'>ὅτι,</span> <span class='ocrx_word' id='word_1_379' title='bbox 1500 3241 1529 3291; x_wconf 92' lang='lat'><strong>6</strong></span> <span class='ocrx_word' id='word_1_380' title='bbox 1563 3239 1658 3308; x_wconf 85' lang='grc' dir='ltr'>μὲν</span> <span class='ocrx_word' id='word_1_381' title='bbox 1681 3239 1898 3309; x_wconf 70' lang='grc' dir='ltr'>παρρη-</span> 
     </span>
    </p>
   </div>
   <div class='ocr_carea' id='block_1_54' title="bbox 340 3326 1900 3402">
    <p class='ocr_par' dir='ltr' id='par_1_54' title="bbox 340 3326 1900 3402">
     <span class='ocr_line' id='line_1_54' title="bbox 340 3326 1900 3402; baseline 0.004 -23"><span class='ocrx_word' id='word_1_382' title='bbox 340 3327 456 3380; x_wconf 91' lang='grc' dir='ltr'>σίαν</span> <span class='ocrx_word' id='word_1_383' title='bbox 491 3328 626 3401; x_wconf 71' lang='grc' dir='ltr'>ἔχων</span> <span class='ocrx_word' id='word_1_384' title='bbox 669 3330 806 3402; x_wconf 81' lang='grc' dir='ltr'>πρὸς</span> <span class='ocrx_word' id='word_1_385' title='bbox 835 3331 926 3384; x_wconf 73' lang='grc' dir='ltr'>τὸν</span> <span class='ocrx_word' id='word_1_386' title='bbox 968 3331 1122 3396; x_wconf 77' lang='grc' dir='ltr'>Θεὸν,</span> <span class='ocrx_word' id='word_1_387' title='bbox 1158 3331 1252 3386; x_wconf 71' lang='grc' dir='ltr'>καὶ</span> <span class='ocrx_word' id='word_1_388' title='bbox 1296 3331 1484 3394; x_wconf 81' lang='grc' dir='ltr'>πιστὸς</span> <span class='ocrx_word' id='word_1_389' title='bbox 1506 3332 1601 3384; x_wconf 76' lang='grc' dir='ltr'><strong>καὶ</strong></span> <span class='ocrx_word' id='word_1_390' title='bbox 1641 3330 1788 3401; x_wconf 77' lang='grc' dir='ltr'>βιοὺς</span> <span class='ocrx_word' id='word_1_391' title='bbox 1817 3326 1900 3398; x_wconf 81' lang='grc' dir='ltr'>εὗ,</span> 
     </span>
    </p>
   </div>
   <div class='ocr_carea' id='block_1_55' title="bbox 335 3421 1903 3491">
    <p class='ocr_par' dir='ltr' id='par_1_55' title="bbox 335 3421 1903 3491">
     <span class='ocr_line' id='line_1_55' title="bbox 335 3421 1903 3491; baseline 0.001 -17"><span class='ocrx_word' id='word_1_392' title='bbox 335 3422 432 3475; x_wconf 75' lang='grc' dir='ltr'>οὐκ</span> <span class='ocrx_word' id='word_1_393' title='bbox 456 3421 521 3476; x_wconf 84' lang='grc' dir='ltr'>ἂν</span> <span class='ocrx_word' id='word_1_394' title='bbox 549 3425 801 3488; x_wconf 80' lang='grc' dir='ltr'>ἀκούσαι,</span> <span class='ocrx_word' id='word_1_395' title='bbox 834 3423 916 3478; x_wconf 80' lang='grc' dir='ltr'><strong>Σὺ</strong></span> <span class='ocrx_word' id='word_1_396' title='bbox 951 3424 1044 3490; x_wconf 74' lang='grc' dir='ltr'>τίς</span> <span class='ocrx_word' id='word_1_397' title='bbox 1073 3423 1130 3476; x_wconf 76' lang='grc' dir='ltr'>εἷ</span> <span class='ocrx_word' id='word_1_398' title='bbox 1158 3427 1190 3477; x_wconf 83' lang='grc' dir='ltr'><em>ὁ</em></span> <span class='ocrx_word' id='word_1_399' title='bbox 1212 3423 1791 3491; x_wconf 74' lang='grc' dir='ltr'>ἀνταποκρινόμενος</span> <span class='ocrx_word' id='word_1_400' title='bbox 1823 3422 1903 3488; x_wconf 85' lang='grc' dir='ltr'><strong>τῷ</strong></span> 
     </span>
    </p>
   </div>
   <div class='ocr_carea' id='block_1_56' title="bbox 333 3513 1904 3587">
    <p class='ocr_par' dir='ltr' id='par_1_56' title="bbox 333 3513 1904 3587">
     <span class='ocr_line' id='line_1_56' title="bbox 333 3513 1904 3587; baseline -0.002 -17"><span class='ocrx_word' id='word_1_401' title='bbox 333 3514 476 3581; x_wconf 80' lang='grc' dir='ltr'><strong>Θεῷ;</strong></span> <span class='ocrx_word' id='word_1_402' title='bbox 496 3515 674 3582; x_wconf 83' lang='grc' dir='ltr'>ὁποῖος</span> <span class='ocrx_word' id='word_1_403' title='bbox 689 3513 756 3587; x_wconf 76' lang='grc' dir='ltr'>ἦν</span> <span class='ocrx_word' id='word_1_404' title='bbox 771 3517 974 3587; x_wconf 79' lang='grc' dir='ltr'>Μωσῆς</span> <span class='ocrx_word' id='word_1_405' title='bbox 992 3534 1006 3547; x_wconf 87' lang='grc'><strong>·</strong></span> <span class='ocrx_word' id='word_1_406' title='bbox 1032 3536 1049 3568; x_wconf 80' lang='grc' dir='ltr'><strong>ι</strong></span> <span class='ocrx_word' id='word_1_407' title='bbox 1075 3515 1274 3587; x_wconf 81' lang='grc' dir='ltr'>Μωσῆς</span> <span class='ocrx_word' id='word_1_408' title='bbox 1297 3515 1406 3587; x_wconf 83' lang='grc' dir='ltr'><strong>γὰρ</strong></span> <span class='ocrx_word' id='word_1_409' title='bbox 1438 3515 1633 3576; x_wconf 79' lang='grc' dir='ltr'>ἐλάλει,</span> <span class='ocrx_word' id='word_1_410' title='bbox 1648 3517 1677 3568; x_wconf 87' lang='lat'><strong>6</strong></span> <span class='ocrx_word' id='word_1_411' title='bbox 1698 3515 1754 3568; x_wconf 79' lang='grc' dir='ltr'><strong>δὲ</strong></span> <span class='ocrx_word' id='word_1_412' title='bbox 1774 3515 1904 3579; x_wconf 82' lang='grc' dir='ltr'>Θεὸς</span> 
     </span>
    </p>
   </div>
   <div class='ocr_carea' id='block_1_57' title="bbox 328 3607 1905 3682">
    <p class='ocr_par' dir='ltr' id='par_1_57' title="bbox 328 3607 1905 3682">
     <span class='ocr_line' id='line_1_57' title="bbox 328 3607 1905 3682; baseline -0.003 -18"><span class='ocrx_word' id='word_1_413' title='bbox 328 3609 660 3682; x_wconf 82' lang='grc' dir='ltr'>ἀπεκρίνατο</span> <span class='ocrx_word' id='word_1_414' title='bbox 686 3609 833 3681; x_wconf 83' lang='grc' dir='ltr'><strong>αὺτῷ</strong></span> <span class='ocrx_word' id='word_1_415' title='bbox 869 3612 1038 3680; x_wconf 80' lang='grc' dir='ltr'>φωνῇ,</span> <span class='ocrx_word' id='word_1_416' title='bbox 1065 3629 1084 3661; x_wconf 77' lang='grc' dir='ltr'><strong>ι</strong></span> <span class='ocrx_word' id='word_1_417' title='bbox 1120 3609 1213 3662; x_wconf 62' lang='grc' dir='ltr'><strong>καλ⁸</strong></span> <span class='ocrx_word' id='word_1_418' title='bbox 1239 3609 1316 3673; x_wconf 85' lang='grc' dir='ltr'>ὡς</span> <span class='ocrx_word' id='word_1_419' title='bbox 1345 3609 1698 3680; x_wconf 84' lang='grc' dir='ltr'>ἀποκρίνεται</span> <span class='ocrx_word' id='word_1_420' title='bbox 1727 3611 1755 3662; x_wconf 89' lang='lat'><strong>6</strong></span> <span class='ocrx_word' id='word_1_421' title='bbox 1772 3607 1905 3672; x_wconf 75' lang='grc' dir='ltr'>Θεὸς</span> 
     </span>
    </p>
   </div>
   <div class='ocr_carea' id='block_1_58' title="bbox 331 3698 1899 3772">
    <p class='ocr_par' dir='ltr' id='par_1_58' title="bbox 331 3698 1899 3772">
     <span class='ocr_line' id='line_1_58' title="bbox 331 3698 1899 3772; baseline -0.003 -18"><span class='ocrx_word' id='word_1_422' title='bbox 331 3699 466 3772; x_wconf 75' lang='grc' dir='ltr'>πρὸς</span> <span class='ocrx_word' id='word_1_423' title='bbox 526 3701 746 3764; x_wconf 88' lang='grc' dir='ltr'>Μωσέα,</span> <span class='ocrx_word' id='word_1_424' title='bbox 780 3699 950 3763; x_wconf 76' lang='grc' dir='ltr'>οὕτως</span> <span class='ocrx_word' id='word_1_425' title='bbox 983 3699 1333 3771; x_wconf 81' lang='grc' dir='ltr'>ἀποκρίνεται</span> <span class='ocrx_word' id='word_1_426' title='bbox 1373 3702 1466 3752; x_wconf 80' lang='grc' dir='ltr'><strong>καὶ</strong></span> <span class='ocrx_word' id='word_1_427' title='bbox 1511 3703 1539 3753; x_wconf 90' lang='lat'><strong>6</strong></span> <span class='ocrx_word' id='word_1_428' title='bbox 1569 3699 1720 3768; x_wconf 81' lang='grc' dir='ltr'>ἆγιος</span> <span class='ocrx_word' id='word_1_429' title='bbox 1763 3698 1899 3769; x_wconf 85' lang='grc' dir='ltr'>πρὸς</span> 
     </span>
    </p>
   </div>
   <div class='ocr_carea' id='block_1_59' title="bbox 327 3792 1900 3864">
    <p class='ocr_par' dir='ltr' id='par_1_59' title="bbox 327 3792 1900 3864">
     <span class='ocr_line' id='line_1_59' title="bbox 327 3792 1900 3864; baseline -0.003 -16"><span class='ocrx_word' id='word_1_430' title='bbox 327 3793 416 3848; x_wconf 74' lang='grc' dir='ltr'><strong>τὸν</strong></span> <span class='ocrx_word' id='word_1_431' title='bbox 449 3793 605 3848; x_wconf 85' lang='grc' dir='ltr'>Θεόν.</span> <span class='ocrx_word' id='word_1_432' title='bbox 644 3794 702 3847; x_wconf 85' lang='grc'><strong>’0</strong></span> <span class='ocrx_word' id='word_1_433' title='bbox 725 3793 782 3846; x_wconf 76' lang='grc' dir='ltr'><strong>δὲ</strong></span> <span class='ocrx_word' id='word_1_434' title='bbox 803 3793 1004 3863; x_wconf 75' lang='grc' dir='ltr'>ταύτην</span> <span class='ocrx_word' id='word_1_435' title='bbox 1043 3793 1116 3864; x_wconf 83' lang='grc' dir='ltr'>μὴ</span> <span class='ocrx_word' id='word_1_436' title='bbox 1158 3793 1498 3862; x_wconf 79' lang='grc' dir='ltr'>κτησάμενος</span> <span class='ocrx_word' id='word_1_437' title='bbox 1551 3792 1648 3862; x_wconf 78' lang='grc' dir='ltr'><strong>τὴν</strong></span> <span class='ocrx_word' id='word_1_438' title='bbox 1687 3794 1900 3862; x_wconf 67' lang='grc' dir='ltr'>παρρη-</span> 
     </span>
    </p>
   </div>
   <div class='ocr_carea' id='block_1_60' title="bbox 330 3885 1897 3959">
    <p class='ocr_par' dir='ltr' id='par_1_60' title="bbox 330 3885 1897 3959">
     <span class='ocr_line' id='line_1_60' title="bbox 330 3885 1897 3959; baseline -0.001 -19"><span class='ocrx_word' id='word_1_439' title='bbox 330 3886 468 3952; x_wconf 82' lang='grc' dir='ltr'>σίαν,</span> <span class='ocrx_word' id='word_1_440' title='bbox 496 3885 731 3958; x_wconf 77' lang='grc' dir='ltr'>δηλονότι</span> <span class='ocrx_word' id='word_1_441' title='bbox 763 3885 1195 3956; x_wconf 82' lang='grc' dir='ltr'>ἢάπολωλεκὼς,</span> <span class='ocrx_word' id='word_1_442' title='bbox 1227 3887 1405 3959; x_wconf 79' lang='grc' dir='ltr'>ἧπερὶ</span> <span class='ocrx_word' id='word_1_443' title='bbox 1435 3887 1638 3940; x_wconf 76' lang='grc' dir='ltr'>τούτων</span> <span class='ocrx_word' id='word_1_444' title='bbox 1671 3887 1730 3938; x_wconf 77' lang='grc' dir='ltr'><strong>οὐ</strong></span> <span class='ocrx_word' id='word_1_445' title='bbox 1757 3885 1897 3939; x_wconf 83' lang='grc' dir='ltr'><strong>κατά</strong></span> 
     </span>
    </p>
   </div>
   <div class='ocr_carea' id='block_1_61' title="bbox 2002 1911 2832 1968">
    <p class='ocr_par' dir='ltr' id='par_1_61' title="bbox 2002 1911 2832 1968">
     <span class='ocr_line' id='line_1_61' title="bbox 2002 1911 2832 1968; baseline -0.002 0"><span class='ocrx_word' id='word_1_446' title='bbox 2002 1917 2054 1968; x_wconf 93' lang='lat' dir='ltr'><strong>in</strong></span> <span class='ocrx_word' id='word_1_447' title='bbox 2085 1922 2272 1968; x_wconf 89' lang='lat' dir='ltr'><strong>ventre</strong></span> <span class='ocrx_word' id='word_1_448' title='bbox 2298 1913 2488 1967; x_wconf 89' lang='lat' dir='ltr'><strong>matris</strong></span> <span class='ocrx_word' id='word_1_449' title='bbox 2519 1911 2832 1967; x_wconf 85' lang='lat' dir='ltr'><strong>haberetur.</strong></span> 
     </span>
    </p>
   </div>
   <div class='ocr_carea' id='block_1_62' title="bbox 1996 2005 3563 2080">
    <p class='ocr_par' dir='ltr' id='par_1_62' title="bbox 1996 2005 3563 2080">
     <span class='ocr_line' id='line_1_62' title="bbox 1996 2005 3563 2080; baseline 0.003 -19"><span class='ocrx_word' id='word_1_450' title='bbox 1996 2017 2044 2061; x_wconf 87' lang='lat' dir='ltr'><strong>et</strong></span> <span class='ocrx_word' id='word_1_451' title='bbox 2068 2007 2425 2075; x_wconf 75' lang='lat' dir='ltr'><strong>intelligamus</strong></span> <span class='ocrx_word' id='word_1_452' title='bbox 2449 2021 2564 2058; x_wconf 88' lang='lat' dir='ltr'><strong>eam</strong></span> <span class='ocrx_word' id='word_1_453' title='bbox 2585 2005 2752 2074; x_wconf 85' lang='lat' dir='ltr'><strong>egisse</strong></span> <span class='ocrx_word' id='word_1_454' title='bbox 2787 2005 3076 2074; x_wconf 84' lang='lat' dir='ltr'><strong>antiquitus</strong></span> <span class='ocrx_word' id='word_1_455' title='bbox 3116 2018 3327 2076; x_wconf 82' lang='lat' dir='ltr'><strong>prapter</strong></span> <span class='ocrx_word' id='word_1_456' title='bbox 3347 2014 3486 2080; x_wconf 81' lang='lat' dir='ltr'><strong>quod</strong></span> <span class='ocrx_word' id='word_1_457' title='bbox 3509 2014 3563 2066; x_wconf 76' lang='lat' dir='ltr'><strong>in</strong></span> 
     </span>
    </p>
   </div>
   <div class='ocr_carea' id='block_1_63' title="bbox 1999 2096 3562 2170">
    <p class='ocr_par' dir='ltr' id='par_1_63' title="bbox 1999 2096 3562 2170">
     <span class='ocr_line' id='line_1_63' title="bbox 1999 2096 3562 2170; baseline 0.003 -17"><span class='ocrx_word' id='word_1_458' title='bbox 1999 2097 2164 2153; x_wconf 84' lang='lat' dir='ltr'><strong>altera</strong></span> <span class='ocrx_word' id='word_1_459' title='bbox 2184 2096 2394 2160; x_wconf 86' lang='lat' dir='ltr'><strong>dilecta,</strong></span> <span class='ocrx_word' id='word_1_460' title='bbox 2440 2099 2496 2151; x_wconf 86' lang='lat' dir='ltr'><strong>in</strong></span> <span class='ocrx_word' id='word_1_461' title='bbox 2540 2096 2706 2151; x_wconf 85' lang='lat' dir='ltr'><strong>altera</strong></span> <span class='ocrx_word' id='word_1_462' title='bbox 2735 2097 2856 2150; x_wconf 88' lang='lat' dir='ltr'><strong>odio</strong></span> <span class='ocrx_word' id='word_1_463' title='bbox 2883 2097 3059 2150; x_wconf 76' lang='lat' dir='ltr'><strong>habita</strong></span> <span class='ocrx_word' id='word_1_464' title='bbox 3087 2099 3156 2152; x_wconf 81' lang='lat' dir='ltr'><strong>sit</strong></span> <span class='ocrx_word' id='word_1_465' title='bbox 3199 2109 3473 2170; x_wconf 80' lang='lat' dir='ltr'><strong>antequam</strong></span> <span class='ocrx_word' id='word_1_466' title='bbox 3505 2105 3562 2157; x_wconf 85' lang='lat' dir='ltr'><strong>in</strong></span> 
     </span>
    </p>
   </div>
   <div class='ocr_carea' id='block_1_64' title="bbox 1997 2187 3564 2261">
    <p class='ocr_par' dir='ltr' id='par_1_64' title="bbox 1997 2187 3564 2261">
     <span class='ocr_line' id='line_1_64' title="bbox 1997 2187 3564 2261; baseline 0.004 -19"><span class='ocrx_word' id='word_1_467' title='bbox 1997 2189 2162 2244; x_wconf 74' lang='lat' dir='ltr'><strong>Iacob</strong></span> <span class='ocrx_word' id='word_1_468' title='bbox 2194 2205 2408 2258; x_wconf 87' lang='lat' dir='ltr'><strong>corpore</strong></span> <span class='ocrx_word' id='word_1_469' title='bbox 2436 2187 2810 2257; x_wconf 87' lang='lat' dir='ltr'><strong>supplantaret,</strong></span> <span class='ocrx_word' id='word_1_470' title='bbox 2844 2198 2891 2241; x_wconf 88' lang='lat' dir='ltr'><strong>et</strong></span> <span class='ocrx_word' id='word_1_471' title='bbox 2924 2195 2976 2242; x_wconf 83' lang='lat' dir='ltr'><strong>in</strong></span> <span class='ocrx_word' id='word_1_472' title='bbox 3011 2187 3153 2243; x_wconf 82' lang='lat' dir='ltr'><strong>Esau</strong></span> <span class='ocrx_word' id='word_1_473' title='bbox 3198 2191 3379 2261; x_wconf 86' lang='lat' dir='ltr'><strong>planta</strong></span> <span class='ocrx_word' id='word_1_474' title='bbox 3421 2205 3564 2249; x_wconf 71' lang='lat' dir='ltr'><strong>teuc-</strong></span> 
     </span>
    </p>
   </div>
   <div class='ocr_carea' id='block_1_65' title="bbox 2003 2281 2386 2351">
    <p class='ocr_par' dir='ltr' id='par_1_65' title="bbox 2003 2281 2386 2351">
     <span class='ocr_line' id='line_1_65' title="bbox 2003 2281 2386 2351; baseline 0.003 -15"><span class='ocrx_word' id='word_1_475' title='bbox 2003 2292 2146 2336; x_wconf 87' lang='lat' dir='ltr'><strong>retur</strong></span> <span class='ocrx_word' id='word_1_476' title='bbox 2157 2300 2187 2334; x_wconf 90' lang='lat' dir='ltr'><strong>a</strong></span> <span class='ocrx_word' id='word_1_477' title='bbox 2205 2281 2386 2351; x_wconf 77' lang='lat' dir='ltr'><strong>fratre.</strong></span> 
     </span>
    </p>
   </div>
   <div class='ocr_carea' id='block_1_66' title="bbox 2072 2402 3563 2478">
    <p class='ocr_par' dir='ltr' id='par_1_66' title="bbox 2072 2402 3563 2478">
     <span class='ocr_line' id='line_1_66' title="bbox 2072 2402 3563 2478; baseline -0.004 -15"><span class='ocrx_word' id='word_1_478' title='bbox 2072 2405 2230 2478; x_wconf 78' lang='lat'><strong>135</strong></span> <span class='ocrx_word' id='word_1_479' title='bbox 2265 2405 2353 2460; x_wconf 75' lang='lat' dir='ltr'><strong>2t.</strong></span> <span class='ocrx_word' id='word_1_480' title='bbox 2384 2404 2492 2459; x_wconf 91' lang='lat' dir='ltr'><strong>Sed</strong></span> <span class='ocrx_word' id='word_1_481' title='bbox 2541 2412 2598 2457; x_wconf 91' lang='lat' dir='ltr'><strong>et</strong></span> <span class='ocrx_word' id='word_1_482' title='bbox 2653 2402 2782 2457; x_wconf 90' lang='lat' dir='ltr'><strong>illud</strong></span> <span class='ocrx_word' id='word_1_483' title='bbox 2813 2403 2956 2471; x_wconf 90' lang='lat' dir='ltr'><strong>quod</strong></span> <span class='ocrx_word' id='word_1_484' title='bbox 2993 2404 3194 2457; x_wconf 80' lang='lat' dir='ltr'><strong>dictum</strong></span> <span class='ocrx_word' id='word_1_485' title='bbox 3248 2412 3366 2469; x_wconf 89' lang='lat' dir='ltr'><strong>est,</strong></span> <span class='ocrx_word' id='word_1_486' title='bbox 3421 2405 3563 2473; x_wconf 90' lang='lat' dir='ltr'><strong>quod</strong></span> 
     </span>
    </p>
   </div>
   <div class='ocr_carea' id='block_1_67' title="bbox 1996 2495 3562 2558">
    <p class='ocr_par' dir='ltr' id='par_1_67' title="bbox 1996 2495 3562 2558">
     <span class='ocr_line' id='line_1_67' title="bbox 1996 2495 3562 2558; baseline -0.004 -5"><span class='ocrx_word' id='word_1_487' title='bbox 1996 2514 2064 2553; x_wconf 80' lang='lat' dir='ltr'><strong>ex</strong></span> <span class='ocrx_word' id='word_1_488' title='bbox 2097 2503 2287 2553; x_wconf 89' lang='lat' dir='ltr'><strong>eadem</strong></span> <span class='ocrx_word' id='word_1_489' title='bbox 2323 2508 2499 2551; x_wconf 86' lang='lat' dir='ltr'><strong>massa</strong></span> <span class='ocrx_word' id='word_1_490' title='bbox 2533 2505 2590 2549; x_wconf 92' lang='lat' dir='ltr'><strong>et</strong></span> <span class='ocrx_word' id='word_1_491' title='bbox 2625 2495 2845 2550; x_wconf 89' lang='lat' dir='ltr'><strong>honoris</strong></span> <span class='ocrx_word' id='word_1_492' title='bbox 2879 2505 2933 2550; x_wconf 88' lang='lat' dir='ltr'><strong>et</strong></span> <span class='ocrx_word' id='word_1_493' title='bbox 2955 2495 3299 2551; x_wconf 76' lang='lat' dir='ltr'><strong>contumeliae</strong></span> <span class='ocrx_word' id='word_1_494' title='bbox 3333 2511 3426 2548; x_wconf 86' lang='lat' dir='ltr'><strong>vas</strong></span> <span class='ocrx_word' id='word_1_495' title='bbox 3449 2495 3562 2558; x_wconf 80' lang='lat' dir='ltr'><strong>fiat,</strong></span> 
     </span>
    </p>
   </div>
   <div class='ocr_carea' id='block_1_68' title="bbox 2000 2589 3562 2658">
    <p class='ocr_par' dir='ltr' id='par_1_68' title="bbox 2000 2589 3562 2658">
     <span class='ocr_line' id='line_1_68' title="bbox 2000 2589 3562 2658; baseline 0.001 -14"><span class='ocrx_word' id='word_1_496' title='bbox 2000 2607 2108 2645; x_wconf 87' lang='lat' dir='ltr'><strong>non</strong></span> <span class='ocrx_word' id='word_1_497' title='bbox 2141 2605 2242 2644; x_wconf 88' lang='lat' dir='ltr'><strong>nos</strong></span> <span class='ocrx_word' id='word_1_498' title='bbox 2268 2590 2465 2658; x_wconf 88' lang='lat' dir='ltr'><strong>poterit</strong></span> <span class='ocrx_word' id='word_1_499' title='bbox 2493 2597 2814 2650; x_wconf 85' lang='lat' dir='ltr'><strong>coarctare;</strong></span> <span class='ocrx_word' id='word_1_500' title='bbox 2867 2604 3028 2641; x_wconf 90' lang='lat' dir='ltr'><strong>unam</strong></span> <span class='ocrx_word' id='word_1_501' title='bbox 3069 2589 3266 2643; x_wconf 89' lang='lat' dir='ltr'><strong>etenim</strong></span> <span class='ocrx_word' id='word_1_502' title='bbox 3311 2599 3562 2645; x_wconf 88' lang='lat' dir='ltr'><strong>naturam</strong></span> 
     </span>
    </p>
   </div>
   <div class='ocr_carea' id='block_1_69' title="bbox 2001 2679 3563 2750">
    <p class='ocr_par' dir='ltr' id='par_1_69' title="bbox 2001 2679 3563 2750">
     <span class='ocr_line' id='line_1_69' title="bbox 2001 2679 3563 2750; baseline -0.001 -12"><span class='ocrx_word' id='word_1_503' title='bbox 2001 2682 2241 2738; x_wconf 90' lang='lat' dir='ltr'><strong>omnium</strong></span> <span class='ocrx_word' id='word_1_504' title='bbox 2301 2696 2423 2735; x_wconf 89' lang='lat' dir='ltr'><strong>esse</strong></span> <span class='ocrx_word' id='word_1_505' title='bbox 2481 2680 2713 2734; x_wconf 85' lang='lat' dir='ltr'><strong>dicimus</strong></span> <span class='ocrx_word' id='word_1_506' title='bbox 2764 2679 3165 2734; x_wconf 88' lang='lat' dir='ltr'><strong>rationabilium</strong></span> <span class='ocrx_word' id='word_1_507' title='bbox 3223 2681 3563 2750; x_wconf 85' lang='lat' dir='ltr'><strong>animarum,</strong></span> 
     </span>
    </p>
   </div>
   <div class='ocr_carea' id='block_1_70' title="bbox 2001 2770 3563 2842">
    <p class='ocr_par' dir='ltr' id='par_1_70' title="bbox 2001 2770 3563 2842">
     <span class='ocr_line' id='line_1_70' title="bbox 2001 2770 3563 2842; baseline 0.001 -14"><span class='ocrx_word' id='word_1_508' title='bbox 2001 2774 2145 2828; x_wconf 88' lang='lat' dir='ltr'><strong>sicut</strong></span> <span class='ocrx_word' id='word_1_509' title='bbox 2177 2789 2278 2826; x_wconf 90' lang='lat' dir='ltr'><strong>una</strong></span> <span class='ocrx_word' id='word_1_510' title='bbox 2329 2773 2424 2826; x_wconf 92' lang='lat' dir='ltr'><strong>luti</strong></span> <span class='ocrx_word' id='word_1_511' title='bbox 2479 2785 2654 2826; x_wconf 88' lang='lat' dir='ltr'><strong>massa</strong></span> <span class='ocrx_word' id='word_1_512' title='bbox 2705 2770 2990 2840; x_wconf 76' lang='lat' dir='ltr'><strong>subiacere</strong></span> <span class='ocrx_word' id='word_1_513' title='bbox 3032 2771 3196 2841; x_wconf 78' lang='lat' dir='ltr'><strong>figulo</strong></span> <span class='ocrx_word' id='word_1_514' title='bbox 3222 2772 3563 2842; x_wconf 63' lang='lat' dir='ltr'><strong>designatur.</strong></span> 
     </span>
    </p>
   </div>
   <div class='ocr_carea' id='block_1_71' title="bbox 2004 2863 3564 2935">
    <p class='ocr_par' dir='ltr' id='par_1_71' title="bbox 2004 2863 3564 2935">
     <span class='ocr_line' id='line_1_71' title="bbox 2004 2863 3564 2935; baseline -0.002 -13"><span class='ocrx_word' id='word_1_515' title='bbox 2004 2866 2139 2922; x_wconf 83' lang='lat' dir='ltr'><strong>Cum</strong></span> <span class='ocrx_word' id='word_1_516' title='bbox 2195 2881 2328 2935; x_wconf 87' lang='lat' dir='ltr'><strong>ergo</strong></span> <span class='ocrx_word' id='word_1_517' title='bbox 2374 2879 2480 2920; x_wconf 90' lang='lat' dir='ltr'><strong>una</strong></span> <span class='ocrx_word' id='word_1_518' title='bbox 2526 2863 2766 2920; x_wconf 90' lang='lat' dir='ltr'><strong>omnium</strong></span> <span class='ocrx_word' id='word_1_519' title='bbox 2797 2863 2866 2918; x_wconf 90' lang='lat' dir='ltr'><strong>sit</strong></span> <span class='ocrx_word' id='word_1_520' title='bbox 2912 2873 3102 2916; x_wconf 87' lang='lat' dir='ltr'><strong>natura</strong></span> <span class='ocrx_word' id='word_1_521' title='bbox 3157 2863 3564 2919; x_wconf 69' lang='lat' dir='ltr'><strong>rationahiium</strong></span> 
     </span>
    </p>
   </div>
   <div class='ocr_carea' id='block_1_72' title="bbox 2004 2957 3566 3028">
    <p class='ocr_par' dir='ltr' id='par_1_72' title="bbox 2004 2957 3566 3028">
     <span class='ocr_line' id='line_1_72' title="bbox 2004 2957 3566 3028; baseline 0 -12"><span class='ocrx_word' id='word_1_522' title='bbox 2004 2971 2401 3022; x_wconf 88' lang='lat' dir='ltr'><strong>creaturarum,</strong></span> <span class='ocrx_word' id='word_1_523' title='bbox 2431 2974 2500 3014; x_wconf 81' lang='lat' dir='ltr'><strong>ex</strong></span> <span class='ocrx_word' id='word_1_524' title='bbox 2533 2958 2647 3028; x_wconf 89' lang='lat' dir='ltr'><strong>ipsa</strong></span> <span class='ocrx_word' id='word_1_525' title='bbox 2681 2957 2824 3012; x_wconf 88' lang='lat' dir='ltr'><strong>Deus</strong></span> <span class='ocrx_word' id='word_1_526' title='bbox 2869 2960 3164 3015; x_wconf 89' lang='lat' dir='ltr'><strong>secnmlum</strong></span> <span class='ocrx_word' id='word_1_527' title='bbox 3197 2959 3566 3027; x_wconf 69' lang='lat' dir='ltr'><strong>praecedentes</strong></span> 
     </span>
    </p>
   </div>
   <div class='ocr_carea' id='block_1_73' title="bbox 2003 3050 3563 3125">
    <p class='ocr_par' dir='ltr' id='par_1_73' title="bbox 2003 3050 3563 3125">
     <span class='ocr_line' id='line_1_73' title="bbox 2003 3050 3563 3125; baseline 0.001 -19"><span class='ocrx_word' id='word_1_528' title='bbox 2003 3053 2319 3107; x_wconf 87' lang='lat' dir='ltr'><strong>meritorum</strong></span> <span class='ocrx_word' id='word_1_529' title='bbox 2377 3065 2591 3115; x_wconf 84' lang='lat' dir='ltr'><strong>causas,</strong></span> <span class='ocrx_word' id='word_1_530' title='bbox 2645 3050 2786 3105; x_wconf 87' lang='lat' dir='ltr'><strong>sicut</strong></span> <span class='ocrx_word' id='word_1_531' title='bbox 2842 3065 2909 3106; x_wconf 85' lang='lat' dir='ltr'><strong>ex</strong></span> <span class='ocrx_word' id='word_1_532' title='bbox 2963 3067 3067 3106; x_wconf 90' lang='lat' dir='ltr'><strong>una</strong></span> <span class='ocrx_word' id='word_1_533' title='bbox 3123 3067 3302 3108; x_wconf 87' lang='lat' dir='ltr'><strong>massa</strong></span> <span class='ocrx_word' id='word_1_534' title='bbox 3345 3051 3563 3125; x_wconf 72' lang='lat' dir='ltr'><strong>ﬁgulus,</strong></span> 
     </span>
    </p>
   </div>
   <div class='ocr_carea' id='block_1_74' title="bbox 2002 3141 3570 3213">
    <p class='ocr_par' dir='ltr' id='par_1_74' title="bbox 2002 3141 3570 3213">
     <span class='ocr_line' id='line_1_74' title="bbox 2002 3141 3570 3213; baseline 0.002 -15"><span class='ocrx_word' id='word_1_535' title='bbox 2002 3143 2209 3199; x_wconf 89' lang='lat' dir='ltr'><strong>creavit</strong></span> <span class='ocrx_word' id='word_1_536' title='bbox 2235 3151 2288 3198; x_wconf 86' lang='lat' dir='ltr'><strong>et</strong></span> <span class='ocrx_word' id='word_1_537' title='bbox 2306 3141 2598 3212; x_wconf 89' lang='lat' dir='ltr'><strong>plasmavit</strong></span> <span class='ocrx_word' id='word_1_538' title='bbox 2621 3141 2758 3198; x_wconf 87' lang='lat' dir='ltr'><strong>alios</strong></span> <span class='ocrx_word' id='word_1_539' title='bbox 2791 3143 3008 3213; x_wconf 89' lang='lat' dir='ltr'><strong>quidem</strong></span> <span class='ocrx_word' id='word_1_540' title='bbox 3035 3143 3100 3198; x_wconf 91' lang='lat' dir='ltr'><strong>ad</strong></span> <span class='ocrx_word' id='word_1_541' title='bbox 3125 3144 3408 3212; x_wconf 90' lang='lat' dir='ltr'><strong>honorem,</strong></span> <span class='ocrx_word' id='word_1_542' title='bbox 3431 3146 3570 3201; x_wconf 71' lang='lat' dir='ltr'><strong>alios</strong></span> 
     </span>
    </p>
   </div>
   <div class='ocr_carea' id='block_1_75' title="bbox 2002 3233 3569 3307">
    <p class='ocr_par' dir='ltr' id='par_1_75' title="bbox 2002 3233 3569 3307">
     <span class='ocr_line' id='line_1_75' title="bbox 2002 3233 3569 3307; baseline 0.001 -17"><span class='ocrx_word' id='word_1_543' title='bbox 2002 3245 2181 3290; x_wconf 89' lang='lat' dir='ltr'><strong>autem</strong></span> <span class='ocrx_word' id='word_1_544' title='bbox 2212 3236 2279 3289; x_wconf 90' lang='lat' dir='ltr'><strong>ad</strong></span> <span class='ocrx_word' id='word_1_545' title='bbox 2317 3234 2724 3292; x_wconf 88' lang='lat' dir='ltr'><strong>contumeliam.</strong></span> <span class='ocrx_word' id='word_1_546' title='bbox 2749 3233 2902 3302; x_wconf 88' lang='lat' dir='ltr'><strong>Quod</strong></span> <span class='ocrx_word' id='word_1_547' title='bbox 2945 3249 3075 3292; x_wconf 89' lang='lat' dir='ltr'><strong>vero</strong></span> <span class='ocrx_word' id='word_1_548' title='bbox 3097 3235 3245 3292; x_wconf 87' lang='lat' dir='ltr'><strong>velut</strong></span> <span class='ocrx_word' id='word_1_549' title='bbox 3282 3236 3569 3307; x_wconf 82' lang='lat' dir='ltr'><strong>increpan-</strong></span> 
     </span>
    </p>
   </div>
   <div class='ocr_carea' id='block_1_76' title="bbox 2002 3326 3562 3398">
    <p class='ocr_par' dir='ltr' id='par_1_76' title="bbox 2002 3326 3562 3398">
     <span class='ocr_line' id='line_1_76' title="bbox 2002 3326 3562 3398; baseline 0.001 -15"><span class='ocrx_word' id='word_1_550' title='bbox 2002 3331 2072 3383; x_wconf 88' lang='lat' dir='ltr'><strong>tis</strong></span> <span class='ocrx_word' id='word_1_551' title='bbox 2125 3338 2212 3383; x_wconf 89' lang='lat' dir='ltr'><strong>est</strong></span> <span class='ocrx_word' id='word_1_552' title='bbox 2266 3328 2511 3397; x_wconf 82' lang='lat' dir='ltr'><strong>Apostoli</strong></span> <span class='ocrx_word' id='word_1_553' title='bbox 2545 3343 2725 3383; x_wconf 90' lang='lat' dir='ltr'><strong>sermo</strong></span> <span class='ocrx_word' id='word_1_554' title='bbox 2752 3342 2912 3396; x_wconf 89' lang='lat' dir='ltr'><strong>quem</strong></span> <span class='ocrx_word' id='word_1_555' title='bbox 2941 3326 3014 3398; x_wconf 69' lang='grc' dir='ltr'><strong>(ὅ)</strong></span> <span class='ocrx_word' id='word_1_556' title='bbox 3051 3328 3221 3384; x_wconf 90' lang='lat' dir='ltr'><strong>dicit:</strong></span> <span class='ocrx_word' id='word_1_557' title='bbox 3253 3346 3272 3379; x_wconf 75' lang='grc' dir='ltr'><strong>ε</strong></span> <span class='ocrx_word' id='word_1_558' title='bbox 3299 3327 3344 3385; x_wconf 91' lang='lat'><strong>0</strong></span> <span class='ocrx_word' id='word_1_559' title='bbox 3379 3331 3562 3398; x_wconf 82' lang='lat' dir='ltr'><strong>homo,</strong></span> 
     </span>
    </p>
   </div>
   <div class='ocr_carea' id='block_1_77' title="bbox 2005 3419 3568 3492">
    <p class='ocr_par' dir='ltr' id='par_1_77' title="bbox 2005 3419 3568 3492">
     <span class='ocr_line' id='line_1_77' title="bbox 2005 3419 3568 3492; baseline 0.003 -20"><span class='ocrx_word' id='word_1_560' title='bbox 2005 3427 2061 3472; x_wconf 90' lang='lat' dir='ltr'><strong>tu</strong></span> <span class='ocrx_word' id='word_1_561' title='bbox 2095 3419 2216 3487; x_wconf 83' lang='lat' dir='ltr'><strong>quis</strong></span> <span class='ocrx_word' id='word_1_562' title='bbox 2261 3434 2320 3474; x_wconf 91' lang='lat' dir='ltr'><strong>es</strong></span> <span class='ocrx_word' id='word_1_563' title='bbox 2367 3419 2460 3488; x_wconf 87' lang='lat' dir='ltr'><strong>qui</strong></span> <span class='ocrx_word' id='word_1_564' title='bbox 2515 3427 2701 3473; x_wconf 89' lang='lat' dir='ltr'><strong>contra</strong></span> <span class='ocrx_word' id='word_1_565' title='bbox 2752 3421 3075 3488; x_wconf 84' lang='lat' dir='ltr'><strong>respondeas</strong></span> <span class='ocrx_word' id='word_1_566' title='bbox 3117 3421 3226 3476; x_wconf 89' lang='lat' dir='ltr'><strong>Deo</strong></span> <span class='ocrx_word' id='word_1_567' title='bbox 3255 3421 3388 3474; x_wconf 72' lang='lat' dir='ltr'><strong>&quot;1t</strong></span> <span class='ocrx_word' id='word_1_568' title='bbox 3436 3433 3568 3492; x_wconf 89' lang='lat' dir='ltr'><strong>puto</strong></span> 
     </span>
    </p>
   </div>
   <div class='ocr_carea' id='block_1_78' title="bbox 2004 3509 3564 3584">
    <p class='ocr_par' dir='ltr' id='par_1_78' title="bbox 2004 3509 3564 3584">
     <span class='ocr_line' id='line_1_78' title="bbox 2004 3509 3564 3584; baseline 0.003 -20"><span class='ocrx_word' id='word_1_569' title='bbox 2004 3509 2134 3564; x_wconf 92' lang='lat' dir='ltr'><strong>illud</strong></span> <span class='ocrx_word' id='word_1_570' title='bbox 2162 3525 2284 3566; x_wconf 83' lang='lat' dir='ltr'><strong>esse</strong></span> <span class='ocrx_word' id='word_1_571' title='bbox 2309 3513 2450 3580; x_wconf 87' lang='lat' dir='ltr'><strong>quod</strong></span> <span class='ocrx_word' id='word_1_572' title='bbox 2473 3513 2708 3566; x_wconf 82' lang='lat' dir='ltr'><strong>ostendit</strong></span> <span class='ocrx_word' id='word_1_573' title='bbox 2728 3527 2794 3566; x_wconf 75' lang='lat' dir='ltr'><strong>ex</strong></span> <span class='ocrx_word' id='word_1_574' title='bbox 2832 3514 2934 3566; x_wconf 90' lang='lat' dir='ltr'><strong>hoc</strong></span> <span class='ocrx_word' id='word_1_575' title='bbox 2968 3515 3225 3584; x_wconf 89' lang='lat' dir='ltr'><strong>quoniam</strong></span> <span class='ocrx_word' id='word_1_576' title='bbox 3255 3514 3320 3568; x_wconf 88' lang='lat' dir='ltr'><strong>ad</strong></span> <span class='ocrx_word' id='word_1_577' title='bbox 3351 3513 3564 3569; x_wconf 87' lang='lat' dir='ltr'><strong>ﬁdelem</strong></span> 
     </span>
    </p>
   </div>
   <div class='ocr_carea' id='block_1_79' title="bbox 2003 3605 3570 3674">
    <p class='ocr_par' dir='ltr' id='par_1_79' title="bbox 2003 3605 3570 3674">
     <span class='ocr_line' id='line_1_79' title="bbox 2003 3605 3570 3674; baseline 0.002 -17"><span class='ocrx_word' id='word_1_578' title='bbox 2003 3618 2275 3672; x_wconf 91' lang='lat' dir='ltr'><strong>quemque</strong></span> <span class='ocrx_word' id='word_1_579' title='bbox 2300 3615 2447 3658; x_wconf 90' lang='lat' dir='ltr'><strong>recte</strong></span> <span class='ocrx_word' id='word_1_580' title='bbox 2473 3615 2526 3658; x_wconf 92' lang='lat' dir='ltr'><strong>et</strong></span> <span class='ocrx_word' id='word_1_581' title='bbox 2545 3605 2690 3674; x_wconf 75' lang='lat' dir='ltr'><strong>iuste</strong></span> <span class='ocrx_word' id='word_1_582' title='bbox 2731 3605 2999 3660; x_wconf 82' lang='lat' dir='ltr'><strong>viventem</strong></span> <span class='ocrx_word' id='word_1_583' title='bbox 3035 3615 3091 3662; x_wconf 92' lang='lat' dir='ltr'><strong>et</strong></span> <span class='ocrx_word' id='word_1_584' title='bbox 3115 3605 3400 3661; x_wconf 88' lang='lat' dir='ltr'><strong>habentem</strong></span> <span class='ocrx_word' id='word_1_585' title='bbox 3431 3607 3570 3662; x_wconf 80' lang='lat' dir='ltr'><strong>lide-</strong></span> 
     </span>
    </p>
   </div>
   <div class='ocr_carea' id='block_1_80' title="bbox 2007 3696 3568 3766">
    <p class='ocr_par' dir='ltr' id='par_1_80' title="bbox 2007 3696 3568 3766">
     <span class='ocr_line' id='line_1_80' title="bbox 2007 3696 3568 3766; baseline 0.002 -16"><span class='ocrx_word' id='word_1_586' title='bbox 2007 3697 2147 3750; x_wconf 91' lang='lat' dir='ltr'><strong>ciam</strong></span> <span class='ocrx_word' id='word_1_587' title='bbox 2180 3696 2319 3766; x_wconf 90' lang='lat' dir='ltr'><strong>apud</strong></span> <span class='ocrx_word' id='word_1_588' title='bbox 2351 3697 2517 3751; x_wconf 89' lang='lat' dir='ltr'><strong>Deum</strong></span> <span class='ocrx_word' id='word_1_589' title='bbox 2550 3696 2670 3750; x_wconf 88' lang='lat' dir='ltr'><strong>talis</strong></span> <span class='ocrx_word' id='word_1_590' title='bbox 2713 3697 3007 3766; x_wconf 88' lang='lat' dir='ltr'><strong>increpatio</strong></span> <span class='ocrx_word' id='word_1_591' title='bbox 3060 3715 3165 3754; x_wconf 94' lang='lat' dir='ltr'><strong>non</strong></span> <span class='ocrx_word' id='word_1_592' title='bbox 3214 3697 3479 3764; x_wconf 85' lang='lat' dir='ltr'><strong>refertur,</strong></span> <span class='ocrx_word' id='word_1_593' title='bbox 3513 3699 3568 3753; x_wconf 89' lang='lat' dir='ltr'><strong>id</strong></span> 
     </span>
    </p>
   </div>
   <div class='ocr_carea' id='block_1_81' title="bbox 1999 3788 3568 3862">
    <p class='ocr_par' dir='ltr' id='par_1_81' title="bbox 1999 3788 3568 3862">
     <span class='ocr_line' id='line_1_81' title="bbox 1999 3788 3568 3862; baseline 0.003 -18"><span class='ocrx_word' id='word_1_594' title='bbox 1999 3799 2110 3852; x_wconf 81' lang='lat' dir='ltr'><strong>est,</strong></span> <span class='ocrx_word' id='word_1_595' title='bbox 2135 3789 2201 3842; x_wconf 84' lang='lat' dir='ltr'><strong>ad</strong></span> <span class='ocrx_word' id='word_1_596' title='bbox 2226 3788 2384 3843; x_wconf 89' lang='lat' dir='ltr'><strong>talem</strong></span> <span class='ocrx_word' id='word_1_597' title='bbox 2403 3789 2661 3858; x_wconf 90' lang='lat' dir='ltr'><strong>aliquem,</strong></span> <span class='ocrx_word' id='word_1_598' title='bbox 2675 3789 2850 3858; x_wconf 89' lang='lat' dir='ltr'><strong>qualis</strong></span> <span class='ocrx_word' id='word_1_599' title='bbox 2871 3803 2991 3844; x_wconf 87' lang='lat' dir='ltr'><strong>erat</strong></span> <span class='ocrx_word' id='word_1_600' title='bbox 3011 3789 3216 3862; x_wconf 79' lang='lat' dir='ltr'><strong>Moyses</strong></span> <span class='ocrx_word' id='word_1_601' title='bbox 3244 3791 3350 3854; x_wconf 90' lang='lat' dir='ltr'><strong>ille,</strong></span> <span class='ocrx_word' id='word_1_602' title='bbox 3379 3794 3447 3848; x_wconf 93' lang='lat' dir='ltr'><strong>de</strong></span> <span class='ocrx_word' id='word_1_603' title='bbox 3461 3808 3568 3862; x_wconf 91' lang='lat' dir='ltr'><strong>quo</strong></span> 
     </span>
    </p>
   </div>
   <div class='ocr_carea' id='block_1_82' title="bbox 2005 3880 3570 3951">
    <p class='ocr_par' dir='ltr' id='par_1_82' title="bbox 2005 3880 3570 3951">
     <span class='ocr_line' id='line_1_82' title="bbox 2005 3880 3570 3951; baseline 0.002 -14"><span class='ocrx_word' id='word_1_604' title='bbox 2005 3882 2134 3937; x_wconf 87' lang='lat' dir='ltr'><strong>dicit</strong></span> <span class='ocrx_word' id='word_1_605' title='bbox 2162 3881 2461 3951; x_wconf 88' lang='lat' dir='ltr'><strong>Scriptura,</strong></span> <span class='ocrx_word' id='word_1_606' title='bbox 2493 3880 2618 3950; x_wconf 90' lang='lat' dir='ltr'><strong>quia</strong></span> <span class='ocrx_word' id='word_1_607' title='bbox 2650 3899 2669 3932; x_wconf 82' lang='grc' dir='ltr'><strong>ι</strong></span> <span class='ocrx_word' id='word_1_608' title='bbox 2704 3880 2914 3951; x_wconf 78' lang='lat' dir='ltr'><strong>Moyses</strong></span> <span class='ocrx_word' id='word_1_609' title='bbox 2936 3881 3276 3951; x_wconf 89' lang='lat' dir='ltr'><strong>loquebatur,</strong></span> <span class='ocrx_word' id='word_1_610' title='bbox 3306 3884 3448 3940; x_wconf 87' lang='lat' dir='ltr'><strong>Deus</strong></span> <span class='ocrx_word' id='word_1_611' title='bbox 3472 3902 3570 3940; x_wconf 90' lang='lat' dir='ltr'><strong>au-</strong></span> 
     </span>
    </p>
   </div>
   <div class='ocr_carea' id='block_1_83' title="bbox 1562 3999 2357 4056">
    <p class='ocr_par' dir='ltr' id='par_1_83' title="bbox 1562 3999 2357 4056">
     <span class='ocr_line' id='line_1_83' title="bbox 1562 3999 2357 4056; baseline -0.004 -1"><span class='ocrx_word' id='word_1_612' title='bbox 1562 3999 2116 4056; x_wconf 73' lang='lat' dir='ltr'><strong>lNTERPI-tETATIO</strong></span> <span class='ocrx_word' id='word_1_613' title='bbox 2149 3999 2357 4056; x_wconf 83' lang='lat' dir='ltr'><strong>NOVA.</strong></span> 
     </span>
    </p>
   </div>
   <div class='ocr_carea' id='block_1_84' title="bbox 394 4095 3566 4168">
    <p class='ocr_par' dir='ltr' id='par_1_84' title="bbox 394 4095 3566 4168">
     <span class='ocr_line' id='line_1_84' title="bbox 394 4095 3566 4168; baseline 0.001 -18"><span class='ocrx_word' id='word_1_614' title='bbox 394 4095 492 4151; x_wconf 74' lang='lat'><strong>2|.</strong></span> <span class='ocrx_word' id='word_1_615' title='bbox 521 4095 656 4152; x_wconf 87' lang='lat' dir='ltr'><strong>Illud</strong></span> <span class='ocrx_word' id='word_1_616' title='bbox 691 4099 854 4152; x_wconf 90' lang='lat' dir='ltr'><strong>etiam</strong></span> <span class='ocrx_word' id='word_1_617' title='bbox 893 4097 1051 4152; x_wconf 88' lang='lat' dir='ltr'><strong>simul</strong></span> <span class='ocrx_word' id='word_1_618' title='bbox 1077 4099 1402 4168; x_wconf 83' lang='lat' dir='ltr'><strong>ostenditur,</strong></span> <span class='ocrx_word' id='word_1_619' title='bbox 1425 4101 1878 4168; x_wconf 90' lang='lat' dir='ltr'><strong>quemadmodum</strong></span> <span class='ocrx_word' id='word_1_620' title='bbox 1908 4113 2072 4151; x_wconf 91' lang='lat' dir='ltr'><strong>unum</strong></span> <span class='ocrx_word' id='word_1_621' title='bbox 2099 4099 2340 4168; x_wconf 85' lang='lat' dir='ltr'><strong>snhjacet</strong></span> <span class='ocrx_word' id='word_1_622' title='bbox 2372 4099 2532 4168; x_wconf 76' lang='lat' dir='ltr'><strong>figulo</strong></span> <span class='ocrx_word' id='word_1_623' title='bbox 2567 4100 2755 4161; x_wconf 90' lang='lat' dir='ltr'><strong>lutum,</strong></span> <span class='ocrx_word' id='word_1_624' title='bbox 2787 4113 2852 4151; x_wconf 80' lang='lat' dir='ltr'><strong>ex</strong></span> <span class='ocrx_word' id='word_1_625' title='bbox 2882 4098 3036 4166; x_wconf 82' lang='lat' dir='ltr'><strong>cujus</strong></span> <span class='ocrx_word' id='word_1_626' title='bbox 3060 4100 3411 4154; x_wconf 87' lang='lat' dir='ltr'><strong>concretione</strong></span> <span class='ocrx_word' id='word_1_627' title='bbox 3439 4116 3566 4154; x_wconf 87' lang='lat' dir='ltr'><strong>vasa</strong></span> 
     </span>
    </p>
   </div>
   <div class='ocr_carea' id='block_1_85' title="bbox 330 4168 3567 4236">
    <p class='ocr_par' dir='ltr' id='par_1_85' title="bbox 330 4168 3567 4236">
     <span class='ocr_line' id='line_1_85' title="bbox 330 4168 3567 4236; baseline 0.001 -15"><span class='ocrx_word' id='word_1_628' title='bbox 330 4168 384 4221; x_wconf 92' lang='lat' dir='ltr'><strong>in</strong></span> <span class='ocrx_word' id='word_1_629' title='bbox 432 4169 695 4222; x_wconf 89' lang='lat' dir='ltr'><strong>honorem</strong></span> <span class='ocrx_word' id='word_1_630' title='bbox 726 4179 778 4222; x_wconf 88' lang='lat' dir='ltr'><strong>et</strong></span> <span class='ocrx_word' id='word_1_631' title='bbox 814 4169 1161 4236; x_wconf 82' lang='lat' dir='ltr'><strong>ignominiam</strong></span> <span class='ocrx_word' id='word_1_632' title='bbox 1192 4168 1359 4232; x_wconf 85' lang='lat' dir='ltr'><strong>ﬁunt;</strong></span> <span class='ocrx_word' id='word_1_633' title='bbox 1405 4170 1478 4222; x_wconf 88' lang='lat' dir='ltr'><strong>ita</strong></span> <span class='ocrx_word' id='word_1_634' title='bbox 1512 4186 1631 4222; x_wconf 91' lang='lat' dir='ltr'><strong>cum</strong></span> <span class='ocrx_word' id='word_1_635' title='bbox 1663 4185 1764 4221; x_wconf 88' lang='lat' dir='ltr'><strong>una</strong></span> <span class='ocrx_word' id='word_1_636' title='bbox 1797 4171 2035 4222; x_wconf 87' lang='lat' dir='ltr'><strong>otnnium</strong></span> <span class='ocrx_word' id='word_1_637' title='bbox 2067 4170 2370 4222; x_wconf 84' lang='lat' dir='ltr'><strong>animarum</strong></span> <span class='ocrx_word' id='word_1_638' title='bbox 2407 4180 2600 4223; x_wconf 88' lang='lat' dir='ltr'><strong>natura</strong></span> <span class='ocrx_word' id='word_1_639' title='bbox 2645 4169 2922 4235; x_wconf 79' lang='lat' dir='ltr'><strong>subjaceat</strong></span> <span class='ocrx_word' id='word_1_640' title='bbox 2959 4172 3091 4230; x_wconf 90' lang='lat' dir='ltr'><strong>Deo,</strong></span> <span class='ocrx_word' id='word_1_641' title='bbox 3119 4181 3175 4224; x_wconf 90' lang='lat' dir='ltr'><strong>et</strong></span> <span class='ocrx_word' id='word_1_642' title='bbox 3215 4185 3352 4232; x_wconf 87' lang='lat' dir='ltr'><strong>una,</strong></span> <span class='ocrx_word' id='word_1_643' title='bbox 3391 4181 3448 4223; x_wconf 90' lang='lat' dir='ltr'><strong>ut</strong></span> <span class='ocrx_word' id='word_1_644' title='bbox 3493 4171 3567 4224; x_wconf 84' lang='lat' dir='ltr'><strong>ita</strong></span> 
     </span>
    </p>
   </div>
   <div class='ocr_carea' id='block_1_86' title="bbox 329 4238 3564 4307">
    <p class='ocr_par' dir='ltr' id='par_1_86' title="bbox 329 4238 3564 4307">
     <span class='ocr_line' id='line_1_86' title="bbox 329 4238 3564 4307; baseline 0 -15"><span class='ocrx_word' id='word_1_645' title='bbox 329 4240 530 4303; x_wconf 80' lang='lat' dir='ltr'><strong>dicam,</strong></span> <span class='ocrx_word' id='word_1_646' title='bbox 555 4238 1040 4306; x_wconf 69' lang='lat' dir='ltr'><strong>sitlrationabilium</strong></span> <span class='ocrx_word' id='word_1_647' title='bbox 1069 4240 1489 4294; x_wconf 86' lang='lat' dir='ltr'><strong>substantiarum</strong></span> <span class='ocrx_word' id='word_1_648' title='bbox 1515 4254 1709 4300; x_wconf 87' lang='lat' dir='ltr'><strong>massa,</strong></span> <span class='ocrx_word' id='word_1_649' title='bbox 1737 4254 1803 4291; x_wconf 81' lang='lat' dir='ltr'><strong>ex</strong></span> <span class='ocrx_word' id='word_1_650' title='bbox 1834 4241 2260 4307; x_wconf 82' lang='lat' dir='ltr'><strong>praecedentibus</strong></span> <span class='ocrx_word' id='word_1_651' title='bbox 2281 4240 2458 4293; x_wconf 79' lang='lat' dir='ltr'><strong>causis</strong></span> <span class='ocrx_word' id='word_1_652' title='bbox 2484 4241 2597 4292; x_wconf 88' lang='lat' dir='ltr'><strong>lieri</strong></span> <span class='ocrx_word' id='word_1_653' title='bbox 2625 4251 2684 4292; x_wconf 90' lang='grc' dir='ltr'><strong>ιιι</strong></span> <span class='ocrx_word' id='word_1_654' title='bbox 2707 4240 2796 4291; x_wconf 81' lang='lat' dir='ltr'><strong>alii</strong></span> <span class='ocrx_word' id='word_1_655' title='bbox 2814 4239 3031 4307; x_wconf 90' lang='lat' dir='ltr'><strong>quidem</strong></span> <span class='ocrx_word' id='word_1_656' title='bbox 3062 4240 3170 4292; x_wconf 89' lang='lat' dir='ltr'><strong>sint</strong></span> <span class='ocrx_word' id='word_1_657' title='bbox 3193 4240 3246 4293; x_wconf 92' lang='lat' dir='ltr'><strong>in</strong></span> <span class='ocrx_word' id='word_1_658' title='bbox 3279 4240 3564 4302; x_wconf 75' lang='lat' dir='ltr'><strong>honorem,</strong></span> 
     </span>
    </p>
   </div>
   <div class='ocr_carea' id='block_1_87' title="bbox 331 4307 3567 4380">
    <p class='ocr_par' dir='ltr' id='par_1_87' title="bbox 331 4307 3567 4380">
     <span class='ocr_line' id='line_1_87' title="bbox 331 4307 3567 4380; baseline -0 -18"><span class='ocrx_word' id='word_1_659' title='bbox 331 4307 419 4362; x_wconf 89' lang='lat' dir='ltr'><strong>alii</strong></span> <span class='ocrx_word' id='word_1_660' title='bbox 451 4323 583 4363; x_wconf 90' lang='lat' dir='ltr'><strong>vero</strong></span> <span class='ocrx_word' id='word_1_661' title='bbox 613 4313 664 4362; x_wconf 91' lang='lat' dir='ltr'><strong>in</strong></span> <span class='ocrx_word' id='word_1_662' title='bbox 687 4309 1092 4380; x_wconf 84' lang='lat' dir='ltr'><strong>contumeliam.</strong></span> <span class='ocrx_word' id='word_1_663' title='bbox 1125 4309 1278 4376; x_wconf 81' lang='lat' dir='ltr'><strong>Quod</strong></span> <span class='ocrx_word' id='word_1_664' title='bbox 1315 4311 1358 4362; x_wconf 89' lang='lat' dir='ltr'><strong>si</strong></span> <span class='ocrx_word' id='word_1_665' title='bbox 1394 4309 1916 4380; x_wconf 12' lang='lat' dir='ltr'><strong>objurgatoriusiest</strong></span> <span class='ocrx_word' id='word_1_666' title='bbox 1951 4308 2188 4380; x_wconf 79' lang='lat' dir='ltr'><strong>Apostoli</strong></span> <span class='ocrx_word' id='word_1_667' title='bbox 2226 4324 2406 4363; x_wconf 89' lang='lat' dir='ltr'><strong>sermo</strong></span> <span class='ocrx_word' id='word_1_668' title='bbox 2442 4310 2757 4380; x_wconf 51' lang='lat' dir='ltr'><strong>dicentisa‘</strong></span> <span class='ocrx_word' id='word_1_669' title='bbox 2793 4309 2836 4362; x_wconf 89' lang='lat'>0</span> <span class='ocrx_word' id='word_1_670' title='bbox 2864 4310 3055 4371; x_wconf 89' lang='lat' dir='ltr'><strong>homo,</strong></span> <span class='ocrx_word' id='word_1_671' title='bbox 3101 4318 3154 4361; x_wconf 92' lang='lat' dir='ltr'><strong>tu</strong></span> <span class='ocrx_word' id='word_1_672' title='bbox 3200 4308 3322 4380; x_wconf 87' lang='lat' dir='ltr'><strong>quis</strong></span> <span class='ocrx_word' id='word_1_673' title='bbox 3369 4323 3429 4363; x_wconf 90' lang='lat' dir='ltr'><strong>es</strong></span> <span class='ocrx_word' id='word_1_674' title='bbox 3473 4313 3567 4380; x_wconf 88' lang='lat' dir='ltr'><strong>qui</strong></span> 
     </span>
    </p>
   </div>
   <div class='ocr_carea' id='block_1_88' title="bbox 330 4377 3566 4448">
    <p class='ocr_par' dir='ltr' id='par_1_88' title="bbox 330 4377 3566 4448">
     <span class='ocr_line' id='line_1_88' title="bbox 330 4377 3566 4448; baseline 0 -17"><span class='ocrx_word' id='word_1_675' title='bbox 330 4387 530 4448; x_wconf 82' lang='lat' dir='ltr'><strong>contra</strong></span> <span class='ocrx_word' id='word_1_676' title='bbox 550 4381 876 4448; x_wconf 86' lang='lat' dir='ltr'><strong>respondeas</strong></span> <span class='ocrx_word' id='word_1_677' title='bbox 902 4377 1050 4434; x_wconf 85' lang='lat' dir='ltr'><strong>Deo?</strong></span> <span class='ocrx_word' id='word_1_678' title='bbox 1087 4400 1105 4430; x_wconf 77' lang='grc' dir='ltr'><strong>ι</strong></span> <span class='ocrx_word' id='word_1_679' title='bbox 1137 4396 1241 4433; x_wconf 93' lang='lat' dir='ltr'><strong>non</strong></span> <span class='ocrx_word' id='word_1_680' title='bbox 1267 4394 1387 4432; x_wconf 90' lang='lat' dir='ltr'><strong>eum</strong></span> <span class='ocrx_word' id='word_1_681' title='bbox 1420 4377 1639 4447; x_wconf 84' lang='lat' dir='ltr'><strong>respicit</strong></span> <span class='ocrx_word' id='word_1_682' title='bbox 1673 4381 1765 4448; x_wconf 93' lang='lat' dir='ltr'><strong>qni</strong></span> <span class='ocrx_word' id='word_1_683' title='bbox 1808 4379 1974 4433; x_wconf 88' lang='lat' dir='ltr'><strong>libere</strong></span> <span class='ocrx_word' id='word_1_684' title='bbox 2011 4379 2121 4448; x_wconf 76' lang='lat' dir='ltr'><strong>agit</strong></span> <span class='ocrx_word' id='word_1_685' title='bbox 2170 4395 2291 4432; x_wconf 91' lang='lat' dir='ltr'><strong>cum</strong></span> <span class='ocrx_word' id='word_1_686' title='bbox 2326 4380 2457 4440; x_wconf 87' lang='lat' dir='ltr'><strong>Deo,</strong></span> <span class='ocrx_word' id='word_1_687' title='bbox 2492 4381 2579 4446; x_wconf 88' lang='lat' dir='ltr'><strong>qui</strong></span> <span class='ocrx_word' id='word_1_688' title='bbox 2608 4378 2788 4432; x_wconf 79' lang='lat' dir='ltr'><strong>fidelis</strong></span> <span class='ocrx_word' id='word_1_689' title='bbox 2830 4390 2914 4431; x_wconf 88' lang='lat' dir='ltr'><strong>est</strong></span> <span class='ocrx_word' id='word_1_690' title='bbox 2949 4389 3001 4430; x_wconf 86' lang='lat' dir='ltr'><strong>et</strong></span> <span class='ocrx_word' id='word_1_691' title='bbox 3035 4391 3179 4432; x_wconf 88' lang='lat' dir='ltr'><strong>recte</strong></span> <span class='ocrx_word' id='word_1_692' title='bbox 3212 4379 3364 4448; x_wconf 82' lang='lat' dir='ltr'><strong>vivit,</strong></span> <span class='ocrx_word' id='word_1_693' title='bbox 3393 4377 3566 4448; x_wconf 81' lang='lat' dir='ltr'><strong>qualis</strong></span> 
     </span>
    </p>
   </div>
   <div class='ocr_carea' id='block_1_89' title="bbox 329 4447 3566 4520">
    <p class='ocr_par' dir='ltr' id='par_1_89' title="bbox 329 4447 3566 4520">
     <span class='ocr_line' id='line_1_89' title="bbox 329 4447 3566 4520; baseline 0 -18"><span class='ocrx_word' id='word_1_694' title='bbox 329 4460 443 4502; x_wconf 82' lang='lat' dir='ltr'><strong>erat</strong></span> <span class='ocrx_word' id='word_1_695' title='bbox 487 4447 714 4517; x_wconf 80' lang='lat' dir='ltr'><strong>Moyses.</strong></span> <span class='ocrx_word' id='word_1_696' title='bbox 756 4468 774 4499; x_wconf 76' lang='grc' dir='ltr'><strong>ι</strong></span> <span class='ocrx_word' id='word_1_697' title='bbox 819 4449 1028 4520; x_wconf 84' lang='lat' dir='ltr'><strong>Moyses</strong></span> <span class='ocrx_word' id='word_1_698' title='bbox 1064 4449 1207 4504; x_wconf 90' lang='lat' dir='ltr'><strong>enim</strong></span> <span class='ocrx_word' id='word_1_699' title='bbox 1245 4449 1581 4517; x_wconf 85' lang='lat' dir='ltr'><strong>loquebatur,</strong></span> <span class='ocrx_word' id='word_1_700' title='bbox 1619 4447 1762 4504; x_wconf 86' lang='lat' dir='ltr'><strong>Deus</strong></span> <span class='ocrx_word' id='word_1_701' title='bbox 1797 4465 1924 4503; x_wconf 81' lang='lat' dir='ltr'><strong>vero</strong></span> <span class='ocrx_word' id='word_1_702' title='bbox 1957 4447 2318 4518; x_wconf 82' lang='lat' dir='ltr'><strong>respondebat</strong></span> <span class='ocrx_word' id='word_1_703' title='bbox 2358 4449 2431 4520; x_wconf 86' lang='lat' dir='ltr'><strong>illi</strong></span> <span class='ocrx_word' id='word_1_704' title='bbox 2473 4465 2593 4501; x_wconf 91' lang='lat' dir='ltr'><strong>cunt</strong></span> <span class='ocrx_word' id='word_1_705' title='bbox 2635 4463 2800 4520; x_wconf 88' lang='lat' dir='ltr'><strong>voce;</strong></span> <span class='ocrx_word' id='word_1_706' title='bbox 2857 4470 2874 4498; x_wconf 74' lang='grc' dir='ltr'><strong>ι</strong></span> <span class='ocrx_word' id='word_1_707' title='bbox 2908 4461 3071 4520; x_wconf 83' lang='lat' dir='ltr'><strong>atque</strong></span> <span class='ocrx_word' id='word_1_708' title='bbox 3095 4459 3162 4520; x_wconf 14' lang='lat' dir='ltr'><strong>rut</strong></span> <span class='ocrx_word' id='word_1_709' title='bbox 3208 4447 3378 4516; x_wconf 85' lang='lat' dir='ltr'><strong>Moysi</strong></span> <span class='ocrx_word' id='word_1_710' title='bbox 3415 4447 3566 4504; x_wconf 85' lang='lat' dir='ltr'><strong>Dens</strong></span> 
     </span>
    </p>
   </div>
   <div class='ocr_carea' id='block_1_90' title="bbox 330 4517 3561 4588">
    <p class='ocr_par' dir='ltr' id='par_1_90' title="bbox 330 4517 3561 4588">
     <span class='ocr_line' id='line_1_90' title="bbox 330 4517 3561 4588; baseline 0.001 -18"><span class='ocrx_word' id='word_1_711' title='bbox 330 4521 644 4588; x_wconf 88' lang='lat' dir='ltr'><strong>respondet,</strong></span> <span class='ocrx_word' id='word_1_712' title='bbox 689 4521 767 4574; x_wconf 89' lang='lat' dir='ltr'><strong>sic</strong></span> <span class='ocrx_word' id='word_1_713' title='bbox 815 4517 923 4574; x_wconf 82' lang='lat' dir='ltr'><strong>Deo</strong></span> <span class='ocrx_word' id='word_1_714' title='bbox 963 4520 1046 4573; x_wconf 83' lang='lat' dir='ltr'><strong>vir</strong></span> <span class='ocrx_word' id='word_1_715' title='bbox 1078 4529 1318 4574; x_wconf 85' lang='lat' dir='ltr'><strong>sanctus.</strong></span> <span class='ocrx_word' id='word_1_716' title='bbox 1359 4519 1458 4586; x_wconf 90' lang='lat' dir='ltr'><strong>Qui</strong></span> <span class='ocrx_word' id='word_1_717' title='bbox 1501 4535 1629 4574; x_wconf 88' lang='lat' dir='ltr'><strong>vero</strong></span> <span class='ocrx_word' id='word_1_718' title='bbox 1660 4535 1720 4573; x_wconf 90' lang='lat' dir='ltr'><strong>ea</strong></span> <span class='ocrx_word' id='word_1_719' title='bbox 1751 4520 1943 4574; x_wconf 90' lang='lat' dir='ltr'><strong>liducia</strong></span> <span class='ocrx_word' id='word_1_720' title='bbox 1992 4517 2096 4573; x_wconf 85' lang='grc' dir='ltr'>ιιοιι</span> <span class='ocrx_word' id='word_1_721' title='bbox 2137 4530 2219 4573; x_wconf 89' lang='lat' dir='ltr'><strong>est</strong></span> <span class='ocrx_word' id='word_1_722' title='bbox 2259 4518 2538 4587; x_wconf 81' lang='lat' dir='ltr'><strong>praeditus,</strong></span> <span class='ocrx_word' id='word_1_723' title='bbox 2566 4519 2812 4572; x_wconf 75' lang='lat' dir='ltr'><strong>videlicet</strong></span> <span class='ocrx_word' id='word_1_724' title='bbox 2838 4517 2930 4588; x_wconf 87' lang='lat' dir='ltr'><strong>vel</strong></span> <span class='ocrx_word' id='word_1_725' title='bbox 2961 4519 3104 4585; x_wconf 88' lang='lat' dir='ltr'><strong>quod</strong></span> <span class='ocrx_word' id='word_1_726' title='bbox 3139 4535 3258 4572; x_wconf 88' lang='lat' dir='ltr'><strong>eam</strong></span> <span class='ocrx_word' id='word_1_727' title='bbox 3297 4520 3561 4578; x_wconf 86' lang='lat' dir='ltr'><strong>amiserit.</strong></span> 
     </span>
    </p>
   </div>
   <div class='ocr_carea' id='block_1_91' title="bbox 331 4587 3568 4658">
    <p class='ocr_par' dir='ltr' id='par_1_91' title="bbox 331 4587 3568 4658">
     <span class='ocr_line' id='line_1_91' title="bbox 331 4587 3568 4658; baseline 0.001 -18"><span class='ocrx_word' id='word_1_728' title='bbox 331 4587 434 4641; x_wconf 81' lang='lat' dir='ltr'><strong>vel</strong></span> <span class='ocrx_word' id='word_1_729' title='bbox 462 4591 606 4656; x_wconf 89' lang='lat' dir='ltr'><strong>quod</strong></span> <span class='ocrx_word' id='word_1_730' title='bbox 644 4591 708 4643; x_wconf 89' lang='lat' dir='ltr'><strong>de</strong></span> <span class='ocrx_word' id='word_1_731' title='bbox 752 4590 837 4644; x_wconf 90' lang='lat' dir='ltr'><strong>his</strong></span> <span class='ocrx_word' id='word_1_732' title='bbox 878 4608 982 4643; x_wconf 93' lang='lat' dir='ltr'><strong>non</strong></span> <span class='ocrx_word' id='word_1_733' title='bbox 1023 4590 1287 4650; x_wconf 87' lang='lat' dir='ltr'><strong>discendi,</strong></span> <span class='ocrx_word' id='word_1_734' title='bbox 1329 4592 1421 4644; x_wconf 88' lang='lat' dir='ltr'><strong>sed</strong></span> <span class='ocrx_word' id='word_1_735' title='bbox 1451 4591 1817 4645; x_wconf 90' lang='lat' dir='ltr'><strong>contentionis</strong></span> <span class='ocrx_word' id='word_1_736' title='bbox 1847 4590 2026 4645; x_wconf 90' lang='lat' dir='ltr'><strong>studio</strong></span> <span class='ocrx_word' id='word_1_737' title='bbox 2050 4590 2260 4658; x_wconf 67' lang='lat' dir='ltr'><strong>quaerit,</strong></span> <span class='ocrx_word' id='word_1_738' title='bbox 2291 4599 2451 4656; x_wconf 84' lang='lat' dir='ltr'><strong>atque</strong></span> <span class='ocrx_word' id='word_1_739' title='bbox 2487 4589 2606 4642; x_wconf 89' lang='lat' dir='ltr'><strong>ideo</strong></span> <span class='ocrx_word' id='word_1_740' title='bbox 2640 4589 2802 4642; x_wconf 87' lang='lat' dir='ltr'><strong>dicit:</strong></span> <span class='ocrx_word' id='word_1_741' title='bbox 2849 4609 2867 4639; x_wconf 76' lang='grc' dir='ltr'><strong>ι</strong></span> <span class='ocrx_word' id='word_1_742' title='bbox 2904 4587 3041 4654; x_wconf 90' lang='lat' dir='ltr'><strong>Quid</strong></span> <span class='ocrx_word' id='word_1_743' title='bbox 3082 4589 3260 4643; x_wconf 86' lang='lat' dir='ltr'><strong>adhuc</strong></span> <span class='ocrx_word' id='word_1_744' title='bbox 3283 4592 3568 4658; x_wconf 77' lang='lat' dir='ltr'><strong>queniturf</strong></span> 
     </span>
    </p>
   </div>
   <div class='ocr_carea' id='block_1_92' title="bbox 331 4659 3564 4730">
    <p class='ocr_par' dir='ltr' id='par_1_92' title="bbox 331 4659 3564 4730">
     <span class='ocr_line' id='line_1_92' title="bbox 331 4659 3564 4730; baseline 0.001 -20"><span class='ocrx_word' id='word_1_745' title='bbox 331 4661 588 4713; x_wconf 83' lang='lat' dir='ltr'><strong>voluntati</strong></span> <span class='ocrx_word' id='word_1_746' title='bbox 617 4661 758 4714; x_wconf 84' lang='lat' dir='ltr'><strong>enim</strong></span> <span class='ocrx_word' id='word_1_747' title='bbox 786 4661 901 4728; x_wconf 89' lang='lat' dir='ltr'><strong>ejus</strong></span> <span class='ocrx_word' id='word_1_748' title='bbox 933 4660 1055 4728; x_wconf 92' lang='lat' dir='ltr'><strong>quis</strong></span> <span class='ocrx_word' id='word_1_749' title='bbox 1080 4659 1321 4714; x_wconf 86' lang='lat' dir='ltr'><strong>resistit?</strong></span> <span class='ocrx_word' id='word_1_750' title='bbox 1356 4679 1374 4711; x_wconf 73' lang='grc' dir='ltr'><strong>ι</strong></span> <span class='ocrx_word' id='word_1_751' title='bbox 1415 4661 1460 4714; x_wconf 90' lang='lat' dir='ltr'><strong>is</strong></span> <span class='ocrx_word' id='word_1_752' title='bbox 1489 4676 1618 4714; x_wconf 86' lang='lat' dir='ltr'><strong>sane</strong></span> <span class='ocrx_word' id='word_1_753' title='bbox 1643 4661 1834 4730; x_wconf 81' lang='lat' dir='ltr'><strong>dignus</strong></span> <span class='ocrx_word' id='word_1_754' title='bbox 1866 4659 2027 4714; x_wconf 90' lang='lat' dir='ltr'><strong>fuerit</strong></span> <span class='ocrx_word' id='word_1_755' title='bbox 2056 4661 2156 4713; x_wconf 80' lang='lat' dir='ltr'><strong>liae</strong></span> <span class='ocrx_word' id='word_1_756' title='bbox 2192 4659 2583 4726; x_wconf 85' lang='lat' dir='ltr'><strong>increpatione:</strong></span> <span class='ocrx_word' id='word_1_757' title='bbox 2627 4678 2644 4709; x_wconf 80' lang='grc' dir='ltr'><strong>ι</strong></span> <span class='ocrx_word' id='word_1_758' title='bbox 2679 4659 2721 4713; x_wconf 90' lang='grc'>0</span> <span class='ocrx_word' id='word_1_759' title='bbox 2749 4661 2928 4721; x_wconf 83' lang='grc' dir='ltr'>ιιυιιιυ,</span> <span class='ocrx_word' id='word_1_760' title='bbox 2965 4670 3017 4712; x_wconf 89' lang='lat' dir='ltr'><strong>tu</strong></span> <span class='ocrx_word' id='word_1_761' title='bbox 3036 4659 3158 4726; x_wconf 78' lang='lat' dir='ltr'><strong>quis</strong></span> <span class='ocrx_word' id='word_1_762' title='bbox 3175 4673 3234 4712; x_wconf 87' lang='lat' dir='ltr'><strong>es</strong></span> <span class='ocrx_word' id='word_1_763' title='bbox 3259 4662 3352 4728; x_wconf 93' lang='lat' dir='ltr'><strong>qui</strong></span> <span class='ocrx_word' id='word_1_764' title='bbox 3376 4672 3564 4715; x_wconf 84' lang='lat' dir='ltr'><strong>contra</strong></span> 
     </span>
    </p>
   </div>
   <div class='ocr_carea' id='block_1_93' title="bbox 335 4730 3564 4799">
    <p class='ocr_par' dir='ltr' id='par_1_93' title="bbox 335 4730 3564 4799">
     <span class='ocr_line' id='line_1_93' title="bbox 335 4730 3564 4799; baseline 0.001 -20"><span class='ocrx_word' id='word_1_765' title='bbox 335 4735 658 4798; x_wconf 87' lang='lat' dir='ltr'><strong>respondeas</strong></span> <span class='ocrx_word' id='word_1_766' title='bbox 688 4732 832 4784; x_wconf 85' lang='lat' dir='ltr'><strong>Deo?</strong></span> <span class='ocrx_word' id='word_1_767' title='bbox 864 4750 883 4782; x_wconf 75' lang='grc' dir='ltr'><strong>ι</strong></span> <span class='ocrx_word' id='word_1_768' title='bbox 923 4732 1024 4798; x_wconf 89' lang='lat' dir='ltr'><strong>Qui</strong></span> <span class='ocrx_word' id='word_1_769' title='bbox 1057 4741 1236 4784; x_wconf 89' lang='lat' dir='ltr'><strong>autem</strong></span> <span class='ocrx_word' id='word_1_770' title='bbox 1259 4731 1496 4785; x_wconf 87' lang='lat' dir='ltr'><strong>diversas</strong></span> <span class='ocrx_word' id='word_1_771' title='bbox 1525 4733 1787 4785; x_wconf 88' lang='lat' dir='ltr'><strong>inducunt</strong></span> <span class='ocrx_word' id='word_1_772' title='bbox 1825 4743 2047 4784; x_wconf 87' lang='lat' dir='ltr'><strong>naturas</strong></span> <span class='ocrx_word' id='word_1_773' title='bbox 2078 4742 2133 4784; x_wconf 89' lang='lat' dir='ltr'><strong>et</strong></span> <span class='ocrx_word' id='word_1_774' title='bbox 2169 4731 2414 4799; x_wconf 84' lang='lat' dir='ltr'><strong>Apostoli</strong></span> <span class='ocrx_word' id='word_1_775' title='bbox 2453 4731 2599 4783; x_wconf 89' lang='lat' dir='ltr'><strong>dicto</strong></span> <span class='ocrx_word' id='word_1_776' title='bbox 2631 4741 2876 4793; x_wconf 91' lang='lat' dir='ltr'><strong>utuntur,</strong></span> <span class='ocrx_word' id='word_1_777' title='bbox 2907 4730 2972 4782; x_wconf 82' lang='lat' dir='ltr'><strong>iis</strong></span> <span class='ocrx_word' id='word_1_778' title='bbox 3005 4731 3116 4783; x_wconf 70' lang='lat' dir='ltr'><strong>haec</strong></span> <span class='ocrx_word' id='word_1_779' title='bbox 3145 4731 3368 4788; x_wconf 83' lang='lat' dir='ltr'><strong>dicenda</strong></span> <span class='ocrx_word' id='word_1_780' title='bbox 3404 4744 3564 4785; x_wconf 87' lang='lat' dir='ltr'><strong>sunt:</strong></span> 
     </span>
    </p>
   </div>
   <div class='ocr_carea' id='block_1_94' title="bbox 335 4800 3568 4870">
    <p class='ocr_par' dir='ltr' id='par_1_94' title="bbox 335 4800 3568 4870">
     <span class='ocr_line' id='line_1_94' title="bbox 335 4800 3568 4870; baseline 0.001 -20"><span class='ocrx_word' id='word_1_781' title='bbox 335 4800 387 4851; x_wconf 86' lang='lat' dir='ltr'><strong>Si</strong></span> <span class='ocrx_word' id='word_1_782' title='bbox 416 4810 636 4854; x_wconf 91' lang='lat' dir='ltr'><strong>tuentur</strong></span> <span class='ocrx_word' id='word_1_783' title='bbox 665 4815 732 4854; x_wconf 77' lang='lat' dir='ltr'><strong>ex</strong></span> <span class='ocrx_word' id='word_1_784' title='bbox 760 4815 864 4854; x_wconf 89' lang='lat' dir='ltr'><strong>una</strong></span> <span class='ocrx_word' id='word_1_785' title='bbox 895 4803 1189 4870; x_wconf 86' lang='lat' dir='ltr'><strong>eademque</strong></span> <span class='ocrx_word' id='word_1_786' title='bbox 1219 4815 1391 4854; x_wconf 84' lang='lat' dir='ltr'><strong>massa</strong></span> <span class='ocrx_word' id='word_1_787' title='bbox 1417 4815 1536 4856; x_wconf 88' lang='lat' dir='ltr'><strong>esse</strong></span> <span class='ocrx_word' id='word_1_788' title='bbox 1559 4803 1648 4870; x_wconf 93' lang='lat' dir='ltr'><strong>qni</strong></span> <span class='ocrx_word' id='word_1_789' title='bbox 1675 4811 1923 4869; x_wconf 88' lang='lat' dir='ltr'><strong>pereunt.</strong></span> <span class='ocrx_word' id='word_1_790' title='bbox 1954 4811 2008 4856; x_wconf 90' lang='lat' dir='ltr'><strong>et</strong></span> <span class='ocrx_word' id='word_1_791' title='bbox 2031 4802 2120 4869; x_wconf 90' lang='lat' dir='ltr'><strong>qui</strong></span> <span class='ocrx_word' id='word_1_792' title='bbox 2155 4802 2288 4854; x_wconf 84' lang='lat' dir='ltr'><strong>salvi</strong></span> <span class='ocrx_word' id='word_1_793' title='bbox 2322 4802 2475 4864; x_wconf 87' lang='lat' dir='ltr'><strong>Iiunt,</strong></span> <span class='ocrx_word' id='word_1_794' title='bbox 2504 4811 2666 4868; x_wconf 89' lang='lat' dir='ltr'><strong>atque</strong></span> <span class='ocrx_word' id='word_1_795' title='bbox 2691 4816 2857 4854; x_wconf 87' lang='lat' dir='ltr'><strong>uttuttt</strong></span> <span class='ocrx_word' id='word_1_796' title='bbox 2879 4801 3244 4868; x_wconf 77' lang='lat' dir='ltr'><strong>eamdemque</strong></span> <span class='ocrx_word' id='word_1_797' title='bbox 3267 4815 3390 4854; x_wconf 88' lang='lat' dir='ltr'><strong>esse</strong></span> <span class='ocrx_word' id='word_1_798' title='bbox 3419 4813 3568 4854; x_wconf 84' lang='lat' dir='ltr'><strong>utro-</strong></span> 
     </span>
    </p>
   </div>
   <div class='ocr_carea' id='block_1_95' title="bbox 333 4870 3539 4942">
    <p class='ocr_par' dir='ltr' id='par_1_95' title="bbox 333 4870 3539 4942">
     <span class='ocr_line' id='line_1_95' title="bbox 333 4870 3539 4942; baseline 0.001 -22"><span class='ocrx_word' id='word_1_799' title='bbox 333 4883 559 4937; x_wconf 89' lang='lat' dir='ltr'><strong>rumque</strong></span> <span class='ocrx_word' id='word_1_800' title='bbox 590 4870 872 4940; x_wconf 82' lang='lat' dir='ltr'><strong>opiﬁcem;</strong></span> <span class='ocrx_word' id='word_1_801' title='bbox 909 4874 952 4924; x_wconf 90' lang='lat' dir='ltr'><strong>si</strong></span> <span class='ocrx_word' id='word_1_802' title='bbox 995 4872 1166 4924; x_wconf 64' lang='lat' dir='ltr'><strong>|tonus</strong></span> <span class='ocrx_word' id='word_1_803' title='bbox 1197 4880 1279 4922; x_wconf 82' lang='lat' dir='ltr'><strong>est</strong></span> <span class='ocrx_word' id='word_1_804' title='bbox 1317 4871 1406 4941; x_wconf 88' lang='lat' dir='ltr'><strong>qui</strong></span> <span class='ocrx_word' id='word_1_805' title='bbox 1437 4886 1542 4924; x_wconf 91' lang='lat' dir='ltr'><strong>non</strong></span> <span class='ocrx_word' id='word_1_806' title='bbox 1586 4873 1756 4925; x_wconf 90' lang='lat' dir='ltr'><strong>solum</strong></span> <span class='ocrx_word' id='word_1_807' title='bbox 1787 4872 2114 4942; x_wconf 87' lang='lat' dir='ltr'><strong>spiritualcs,</strong></span> <span class='ocrx_word' id='word_1_808' title='bbox 2145 4873 2238 4926; x_wconf 90' lang='lat' dir='ltr'><strong>sed</strong></span> <span class='ocrx_word' id='word_1_809' title='bbox 2272 4884 2326 4926; x_wconf 92' lang='lat' dir='ltr'><strong>et</strong></span> <span class='ocrx_word' id='word_1_810' title='bbox 2354 4871 2816 4942; x_wconf 64' lang='lat' dir='ltr'><strong>terrestresfacit,</strong></span> <span class='ocrx_word' id='word_1_811' title='bbox 2844 4870 2994 4939; x_wconf 89' lang='lat' dir='ltr'><strong>(hinc</strong></span> <span class='ocrx_word' id='word_1_812' title='bbox 3025 4871 3168 4942; x_wconf 87' lang='lat' dir='ltr'><strong>enim</strong></span> <span class='ocrx_word' id='word_1_813' title='bbox 3201 4871 3254 4922; x_wconf 89' lang='lat' dir='ltr'><strong>id</strong></span> <span class='ocrx_word' id='word_1_814' title='bbox 3281 4873 3539 4942; x_wconf 82' lang='lat' dir='ltr'><strong>consequi</strong></span> 
     </span>
    </p>
   </div>
   <div class='ocr_carea' id='block_1_96' title="bbox 336 4940 3567 5014">
    <p class='ocr_par' dir='ltr' id='par_1_96' title="bbox 336 4940 3567 5014">
     <span class='ocr_line' id='line_1_96' title="bbox 336 4940 3567 5014; baseline 0 -18"><span class='ocrx_word' id='word_1_815' title='bbox 336 4944 454 5010; x_wconf 75' lang='lat' dir='ltr'><strong>tur)</strong></span> <span class='ocrx_word' id='word_1_816' title='bbox 483 4979 500 5004; x_wconf 90' lang='lat'><strong>,</strong></span> <span class='ocrx_word' id='word_1_817' title='bbox 531 4943 643 4995; x_wconf 90' lang='lat' dir='ltr'><strong>lieri</strong></span> <span class='ocrx_word' id='word_1_818' title='bbox 679 4957 811 4996; x_wconf 88' lang='lat' dir='ltr'><strong>sane</strong></span> <span class='ocrx_word' id='word_1_819' title='bbox 848 4951 1026 5010; x_wconf 87' lang='lat' dir='ltr'><strong>potest</strong></span> <span class='ocrx_word' id='word_1_820' title='bbox 1057 4950 1114 4994; x_wconf 93' lang='lat' dir='ltr'><strong>nt</strong></span> <span class='ocrx_word' id='word_1_821' title='bbox 1139 4942 1230 5010; x_wconf 90' lang='lat' dir='ltr'><strong>qui</strong></span> <span class='ocrx_word' id='word_1_822' title='bbox 1259 4940 1402 4996; x_wconf 84' lang='lat' dir='ltr'><strong>nunc</strong></span> <span class='ocrx_word' id='word_1_823' title='bbox 1427 4944 1794 5010; x_wconf 82' lang='lat' dir='ltr'><strong>ex_anteactis</strong></span> <span class='ocrx_word' id='word_1_824' title='bbox 1818 4940 2143 5014; x_wconf 79' lang='lat' dir='ltr'><strong>quibusdam</strong></span> <span class='ocrx_word' id='word_1_825' title='bbox 2174 4942 2327 4996; x_wconf 87' lang='lat' dir='ltr'><strong>bonis</strong></span> <span class='ocrx_word' id='word_1_826' title='bbox 2357 4943 2611 5011; x_wconf 85' lang='lat' dir='ltr'><strong>operibus</strong></span> <span class='ocrx_word' id='word_1_827' title='bbox 2634 4940 2810 4996; x_wconf 88' lang='lat' dir='ltr'><strong>factus</strong></span> <span class='ocrx_word' id='word_1_828' title='bbox 2846 4949 2933 4994; x_wconf 90' lang='lat' dir='ltr'><strong>est</strong></span> <span class='ocrx_word' id='word_1_829' title='bbox 2970 4955 3068 4992; x_wconf 88' lang='lat' dir='ltr'><strong>vas</strong></span> <span class='ocrx_word' id='word_1_830' title='bbox 3095 4941 3338 5007; x_wconf 88' lang='lat' dir='ltr'><strong>honoris,</strong></span> <span class='ocrx_word' id='word_1_831' title='bbox 3364 4940 3408 4996; x_wconf 86' lang='lat' dir='ltr'><strong>si</strong></span> <span class='ocrx_word' id='word_1_832' title='bbox 3439 4955 3567 4997; x_wconf 79' lang='lat' dir='ltr'><strong>Vase</strong></span> 
     </span>
    </p>
   </div>
   <div class='ocr_carea' id='block_1_97' title="bbox 437 5035 898 5104">
    <p class='ocr_par' dir='ltr' id='par_1_97' title="bbox 437 5035 898 5104">
     <span class='ocr_line' id='line_1_97' title="bbox 437 5035 898 5104; baseline 0.004 -16"><span class='ocrx_word' id='word_1_833' title='bbox 437 5035 481 5066; x_wconf 73' lang='grc'><strong>⁸⁷</strong></span> <span class='ocrx_word' id='word_1_834' title='bbox 506 5035 662 5090; x_wconf 72' lang='lat' dir='ltr'><strong>Itorn.</strong></span> <span class='ocrx_word' id='word_1_835' title='bbox 692 5052 769 5104; x_wconf 69' lang='grc' dir='ltr'>ιχ,</span> <span class='ocrx_word' id='word_1_836' title='bbox 807 5035 898 5091; x_wconf 74' lang='grc'><strong>20.</strong></span> 
     </span>
    </p>
   </div>
   <div class='ocr_carea' id='block_1_98' title="bbox 405 5131 1894 5202">
    <p class='ocr_par' dir='ltr' id='par_1_98' title="bbox 405 5131 1894 5202">
     <span class='ocr_line' id='line_1_98' title="bbox 405 5131 1894 5202; baseline 0.001 -16"><span class='ocrx_word' id='word_1_837' title='bbox 405 5131 518 5202; x_wconf 76' lang='lat'><strong>(96)</strong></span> <span class='ocrx_word' id='word_1_838' title='bbox 549 5134 690 5187; x_wconf 83' lang='grc' dir='ltr'><strong>Οὐκ.</strong></span> <span class='ocrx_word' id='word_1_839' title='bbox 727 5134 818 5187; x_wconf 86' lang='lat' dir='ltr'><strong>Sic</strong></span> <span class='ocrx_word' id='word_1_840' title='bbox 849 5133 978 5188; x_wconf 90' lang='lat' dir='ltr'><strong>libb.</strong></span> <span class='ocrx_word' id='word_1_841' title='bbox 1013 5133 1140 5187; x_wconf 90' lang='lat' dir='ltr'><strong>editi</strong></span> <span class='ocrx_word' id='word_1_842' title='bbox 1167 5143 1220 5186; x_wconf 87' lang='lat' dir='ltr'><strong>et</strong></span> <span class='ocrx_word' id='word_1_843' title='bbox 1258 5148 1390 5188; x_wconf 90' lang='lat' dir='ltr'><strong>mss.</strong></span> <span class='ocrx_word' id='word_1_844' title='bbox 1426 5131 1529 5186; x_wconf 88' lang='lat' dir='ltr'><strong>Sed</strong></span> <span class='ocrx_word' id='word_1_845' title='bbox 1569 5133 1894 5188; x_wconf 81' lang='lat' dir='ltr'><strong>manifestus</strong></span> 
     </span>
    </p>
   </div>
   <div class='ocr_carea' id='block_1_99' title="bbox 1998 5134 3561 5205">
    <p class='ocr_par' dir='ltr' id='par_1_99' title="bbox 1998 5134 3561 5205">
     <span class='ocr_line' id='line_1_99' title="bbox 1998 5134 3561 5205; baseline 0.001 -18"><span class='ocrx_word' id='word_1_846' title='bbox 1998 5162 2015 5173; x_wconf 91' lang='lat'><strong>--</strong></span> <span class='ocrx_word' id='word_1_847' title='bbox 2071 5136 2146 5205; x_wconf 61' lang='grc' dir='ltr'><strong>(εὶ)</strong></span> <span class='ocrx_word' id='word_1_848' title='bbox 2188 5137 2469 5201; x_wconf 72' lang='lat' dir='ltr'><strong>Antequam</strong></span> <span class='ocrx_word' id='word_1_849' title='bbox 2523 5134 2643 5186; x_wconf 82' lang='lat' dir='ltr'><strong>huic</strong></span> <span class='ocrx_word' id='word_1_850' title='bbox 2697 5135 2892 5189; x_wconf 82' lang='lat' dir='ltr'><strong>mundo</strong></span> <span class='ocrx_word' id='word_1_851' title='bbox 2935 5145 3260 5199; x_wconf 82' lang='lat' dir='ltr'><strong>nasceretur,</strong></span> <span class='ocrx_word' id='word_1_852' title='bbox 3313 5144 3361 5190; x_wconf 80' lang='lat' dir='ltr'><strong>et</strong></span> <span class='ocrx_word' id='word_1_853' title='bbox 3414 5135 3561 5189; x_wconf 82' lang='lat' dir='ltr'><strong>Esau</strong></span> 
     </span>
    </p>
   </div>
   <div class='ocr_carea' id='block_1_100' title="bbox 331 5203 1890 5274">
    <p class='ocr_par' dir='ltr' id='par_1_100' title="bbox 331 5203 1890 5274">
     <span class='ocr_line' id='line_1_100' title="bbox 331 5203 1890 5274; baseline 0.002 -19"><span class='ocrx_word' id='word_1_854' title='bbox 331 5214 418 5274; x_wconf 67' lang='lat' dir='ltr'><strong>est</strong></span> <span class='ocrx_word' id='word_1_855' title='bbox 462 5218 620 5260; x_wconf 89' lang='lat' dir='ltr'><strong>error</strong></span> <span class='ocrx_word' id='word_1_856' title='bbox 668 5207 1098 5258; x_wconf 87' lang='lat' dir='ltr'><strong>amanuensium.</strong></span> <span class='ocrx_word' id='word_1_857' title='bbox 1145 5205 1407 5274; x_wconf 87' lang='lat' dir='ltr'><strong>Suspicor</strong></span> <span class='ocrx_word' id='word_1_858' title='bbox 1446 5203 1732 5272; x_wconf 81' lang='lat' dir='ltr'><strong>legendum</strong></span> <span class='ocrx_word' id='word_1_859' title='bbox 1769 5222 1890 5258; x_wconf 84' lang='lat' dir='ltr'><strong>esse</strong></span> 
     </span>
    </p>
   </div>
   <div class='ocr_carea' id='block_1_101' title="bbox 1999 5205 3558 5272">
    <p class='ocr_par' dir='ltr' id='par_1_101' title="bbox 1999 5205 3558 5272">
     <span class='ocr_line' id='line_1_101' title="bbox 1999 5205 3558 5272; baseline 0.001 -15"><span class='ocrx_word' id='word_1_860' title='bbox 1999 5207 2118 5257; x_wconf 80' lang='lat' dir='ltr'><strong>odio</strong></span> <span class='ocrx_word' id='word_1_861' title='bbox 2153 5205 2360 5258; x_wconf 76' lang='lat' dir='ltr'><strong>habitus</strong></span> <span class='ocrx_word' id='word_1_862' title='bbox 2393 5215 2489 5257; x_wconf 83' lang='lat' dir='ltr'><strong>est.</strong></span> <span class='ocrx_word' id='word_1_863' title='bbox 2525 5205 2647 5257; x_wconf 66' lang='lat' dir='ltr'><strong>llzec</strong></span> <span class='ocrx_word' id='word_1_864' title='bbox 2679 5206 2878 5258; x_wconf 87' lang='lat' dir='ltr'><strong>omissa</strong></span> <span class='ocrx_word' id='word_1_865' title='bbox 2903 5217 3030 5260; x_wconf 86' lang='lat' dir='ltr'><strong>sunt</strong></span> <span class='ocrx_word' id='word_1_866' title='bbox 3082 5208 3136 5261; x_wconf 86' lang='lat' dir='ltr'><strong>in</strong></span> <span class='ocrx_word' id='word_1_867' title='bbox 3187 5214 3350 5261; x_wconf 70' lang='lat' dir='ltr'><strong>antea</strong></span> <span class='ocrx_word' id='word_1_868' title='bbox 3377 5210 3558 5272; x_wconf 82' lang='lat' dir='ltr'><strong>editis,</strong></span> 
     </span>
    </p>
   </div>
   <div class='ocr_carea' id='block_1_102' title="bbox 331 5268 447 5329">
    <p class='ocr_par' dir='ltr' id='par_1_102' title="bbox 331 5268 447 5329">
     <span class='ocr_line' id='line_1_102' title="bbox 331 5268 447 5329; baseline 0.026 -3"><span class='ocrx_word' id='word_1_869' title='bbox 331 5268 447 5329; x_wconf 72' lang='grc' dir='ltr'><strong>οὖν.</strong></span> 
     </span>
    </p>
   </div>
   <div class='ocr_carea' id='block_1_103' title="bbox 411 5343 1887 5418">
    <p class='ocr_par' dir='ltr' id='par_1_103' title="bbox 411 5343 1887 5418">
     <span class='ocr_line' id='line_1_103' title="bbox 411 5343 1887 5418; baseline 0 -20"><span class='ocrx_word' id='word_1_870' title='bbox 411 5345 522 5418; x_wconf 75' lang='lat'><strong>(9&#39;7)</strong></span> <span class='ocrx_word' id='word_1_871' title='bbox 552 5345 947 5418; x_wconf 86' lang='lat' dir='ltr'><strong>Deestaliquod</strong></span> <span class='ocrx_word' id='word_1_872' title='bbox 983 5345 1202 5400; x_wconf 87' lang='lat' dir='ltr'><strong>verbum</strong></span> <span class='ocrx_word' id='word_1_873' title='bbox 1239 5344 1322 5400; x_wconf 85' lang='lat' dir='ltr'><strong>vel</strong></span> <span class='ocrx_word' id='word_1_874' title='bbox 1354 5346 1518 5408; x_wconf 80' lang='grc' dir='ltr'>νοεῖν,</span> <span class='ocrx_word' id='word_1_875' title='bbox 1559 5345 1642 5398; x_wconf 89' lang='lat' dir='ltr'><strong>vel</strong></span> <span class='ocrx_word' id='word_1_876' title='bbox 1676 5343 1887 5412; x_wconf 78' lang='grc' dir='ltr'>λέγειν,</span> 
     </span>
    </p>
   </div>
   <div class='ocr_carea' id='block_1_104' title="bbox 336 5417 1198 5484">
    <p class='ocr_par' dir='ltr' id='par_1_104' title="bbox 336 5417 1198 5484">
     <span class='ocr_line' id='line_1_104' title="bbox 336 5417 1198 5484; baseline 0 -14"><span class='ocrx_word' id='word_1_877' title='bbox 336 5418 419 5470; x_wconf 74' lang='lat' dir='ltr'><strong>vel</strong></span> <span class='ocrx_word' id='word_1_878' title='bbox 445 5417 586 5469; x_wconf 86' lang='lat' dir='ltr'><strong>aliud</strong></span> <span class='ocrx_word' id='word_1_879' title='bbox 627 5417 754 5482; x_wconf 89' lang='lat' dir='ltr'><strong>quid</strong></span> <span class='ocrx_word' id='word_1_880' title='bbox 781 5417 978 5484; x_wconf 82' lang='lat' dir='ltr'><strong>simile.</strong></span> <span class='ocrx_word' id='word_1_881' title='bbox 1196 5432 1198 5434; x_wconf 76' lang='lat'><strong>&#39;</strong></span> 
     </span>
    </p>
   </div>
   <div class='ocr_carea' id='block_1_105' title="bbox 405 5486 1149 5556">
    <p class='ocr_par' dir='ltr' id='par_1_105' title="bbox 405 5486 1149 5556">
     <span class='ocr_line' id='line_1_105' title="bbox 405 5486 1149 5556; baseline 0.003 -18"><span class='ocrx_word' id='word_1_882' title='bbox 405 5486 516 5556; x_wconf 80' lang='lat'><strong>(98)</strong></span> <span class='ocrx_word' id='word_1_883' title='bbox 539 5487 593 5539; x_wconf 84' lang='lat' dir='ltr'><strong>In</strong></span> <span class='ocrx_word' id='word_1_884' title='bbox 621 5487 787 5556; x_wconf 78' lang='lat' dir='ltr'><strong>Epist.</strong></span> <span class='ocrx_word' id='word_1_885' title='bbox 815 5491 882 5537; x_wconf 85' lang='lat' dir='ltr'><strong>ad</strong></span> <span class='ocrx_word' id='word_1_886' title='bbox 914 5486 1149 5540; x_wconf 85' lang='lat' dir='ltr'><strong>Avitum.</strong></span> 
     </span>
    </p>
   </div>
   <div class='ocr_carea' id='block_1_106' title="bbox 409 5556 1886 5630">
    <p class='ocr_par' dir='ltr' id='par_1_106' title="bbox 409 5556 1886 5630">
     <span class='ocr_line' id='line_1_106' title="bbox 409 5556 1886 5630; baseline 0.001 -20"><span class='ocrx_word' id='word_1_887' title='bbox 409 5559 659 5630; x_wconf 59' lang='lat' dir='ltr'><strong>(illlllfal.</strong></span> <span class='ocrx_word' id='word_1_888' title='bbox 681 5559 837 5630; x_wconf 83' lang='lat' dir='ltr'><strong>Deest</strong></span> <span class='ocrx_word' id='word_1_889' title='bbox 858 5556 909 5608; x_wconf 93' lang='lat' dir='ltr'><strong>in</strong></span> <span class='ocrx_word' id='word_1_890' title='bbox 936 5564 1098 5630; x_wconf 67' lang='lat' dir='ltr'><strong>antea</strong></span> <span class='ocrx_word' id='word_1_891' title='bbox 1117 5557 1296 5630; x_wconf 85' lang='lat' dir='ltr'><strong>editis,</strong></span> <span class='ocrx_word' id='word_1_892' title='bbox 1321 5557 1412 5630; x_wconf 81' lang='lat' dir='ltr'><strong>sed</strong></span> <span class='ocrx_word' id='word_1_893' title='bbox 1432 5559 1658 5613; x_wconf 90' lang='lat' dir='ltr'><strong>habetur</strong></span> <span class='ocrx_word' id='word_1_894' title='bbox 1677 5559 1731 5614; x_wconf 91' lang='lat' dir='ltr'><strong>in</strong></span> <span class='ocrx_word' id='word_1_895' title='bbox 1755 5572 1886 5615; x_wconf 86' lang='lat' dir='ltr'><strong>mss.</strong></span> 
     </span>
    </p>
   </div>
   <div class='ocr_carea' id='block_1_107' title="bbox 414 5625 1659 5701">
    <p class='ocr_par' dir='ltr' id='par_1_107' title="bbox 414 5625 1659 5701">
     <span class='ocr_line' id='line_1_107' title="bbox 414 5625 1659 5701; baseline 0 -21"><span class='ocrx_word' id='word_1_896' title='bbox 414 5625 686 5701; x_wconf 67' lang='lat' dir='ltr'><strong>(l)&#39;lllss.,c</strong></span> <span class='ocrx_word' id='word_1_897' title='bbox 719 5629 918 5697; x_wconf 86' lang='lat' dir='ltr'><strong>ipsum.</strong></span> <span class='ocrx_word' id='word_1_898' title='bbox 968 5645 988 5677; x_wconf 75' lang='grc' dir='ltr'><strong>ι</strong></span> <span class='ocrx_word' id='word_1_899' title='bbox 1022 5625 1179 5682; x_wconf 86' lang='lat' dir='ltr'><strong>Libb.</strong></span> <span class='ocrx_word' id='word_1_900' title='bbox 1220 5629 1373 5696; x_wconf 86' lang='lat' dir='ltr'><strong>editi,</strong></span> <span class='ocrx_word' id='word_1_901' title='bbox 1405 5645 1424 5680; x_wconf 76' lang='grc' dir='ltr'><strong>ι</strong></span> <span class='ocrx_word' id='word_1_902' title='bbox 1450 5630 1601 5684; x_wconf 88' lang='lat' dir='ltr'><strong>illud.</strong></span> <span class='ocrx_word' id='word_1_903' title='bbox 1638 5648 1659 5680; x_wconf 68' lang='grc' dir='ltr'><strong>ι</strong></span> 
     </span>
    </p>
   </div>
   <div class='ocr_carea' id='block_1_108' title="bbox 658 5719 1244 5782">
    <p class='ocr_par' dir='ltr' id='par_1_108' title="bbox 658 5719 1244 5782">
     <span class='ocr_line' id='line_1_108' title="bbox 658 5719 1244 5782; baseline 0.002 -2"><span class='ocrx_word' id='word_1_904' title='bbox 658 5721 924 5780; x_wconf 73' lang='grc' dir='ltr'>ΡΑτιιοι..</span> <span class='ocrx_word' id='word_1_905' title='bbox 969 5721 1086 5782; x_wconf 77' lang='lat' dir='ltr'><strong>Gn.</strong></span> <span class='ocrx_word' id='word_1_906' title='bbox 1133 5719 1244 5781; x_wconf 85' lang='grc' dir='ltr'><strong>ΧΙ.</strong></span> 
     </span>
    </p>
   </div>
   <div class='ocr_carea' id='block_1_109' title="bbox 1995 5275 3026 5343">
    <p class='ocr_par' dir='ltr' id='par_1_109' title="bbox 1995 5275 3026 5343">
     <span class='ocr_line' id='line_1_109' title="bbox 1995 5275 3026 5343; baseline 0.002 -14"><span class='ocrx_word' id='word_1_907' title='bbox 1995 5277 2124 5329; x_wconf 84' lang='lat' dir='ltr'><strong>licet</strong></span> <span class='ocrx_word' id='word_1_908' title='bbox 2158 5278 2496 5343; x_wconf 84' lang='lat' dir='ltr'><strong>reperiantur</strong></span> <span class='ocrx_word' id='word_1_909' title='bbox 2527 5275 2579 5327; x_wconf 78' lang='grc' dir='ltr'><strong>ιιι</strong></span> <span class='ocrx_word' id='word_1_910' title='bbox 2610 5276 2862 5328; x_wconf 87' lang='lat' dir='ltr'><strong>omnibus</strong></span> <span class='ocrx_word' id='word_1_911' title='bbox 2895 5291 3026 5331; x_wconf 82' lang='lat' dir='ltr'><strong>mss.</strong></span> 
     </span>
    </p>
   </div>
   <div class='ocr_carea' id='block_1_110' title="bbox 2067 5344 3562 5416">
    <p class='ocr_par' dir='ltr' id='par_1_110' title="bbox 2067 5344 3562 5416">
     <span class='ocr_line' id='line_1_110' title="bbox 2067 5344 3562 5416; baseline 0.001 -20"><span class='ocrx_word' id='word_1_912' title='bbox 2067 5346 2142 5416; x_wconf 82' lang='grc'><strong>(5)</strong></span> <span class='ocrx_word' id='word_1_913' title='bbox 2180 5344 2433 5416; x_wconf 87' lang='lat' dir='ltr'><strong>Sicmss.</strong></span> <span class='ocrx_word' id='word_1_914' title='bbox 2466 5347 2632 5410; x_wconf 84' lang='lat' dir='ltr'><strong>Alias,</strong></span> <span class='ocrx_word' id='word_1_915' title='bbox 2665 5366 2682 5396; x_wconf 86' lang='grc' dir='ltr'><strong>ι</strong></span> <span class='ocrx_word' id='word_1_916' title='bbox 2734 5347 2972 5414; x_wconf 91' lang='lat' dir='ltr'><strong>quando.</strong></span> <span class='ocrx_word' id='word_1_917' title='bbox 3005 5367 3025 5400; x_wconf 84' lang='grc'><strong>›</strong></span> <span class='ocrx_word' id='word_1_918' title='bbox 3057 5348 3224 5402; x_wconf 80' lang='lat' dir='ltr'><strong>Paulo</strong></span> <span class='ocrx_word' id='word_1_919' title='bbox 3247 5356 3369 5415; x_wconf 82' lang='lat' dir='ltr'><strong>post</strong></span> <span class='ocrx_word' id='word_1_920' title='bbox 3403 5361 3562 5410; x_wconf 90' lang='lat' dir='ltr'><strong>mss.,</strong></span> 
     </span>
    </p>
   </div>
   <div class='ocr_carea' id='block_1_111' title="bbox 1999 5415 3564 5485">
    <p class='ocr_par' dir='ltr' id='par_1_111' title="bbox 1999 5415 3564 5485">
     <span class='ocr_line' id='line_1_111' title="bbox 1999 5415 3564 5485; baseline 0.002 -18"><span class='ocrx_word' id='word_1_921' title='bbox 1999 5436 2018 5467; x_wconf 70' lang='lat' dir='ltr'><strong>i</strong></span> <span class='ocrx_word' id='word_1_922' title='bbox 2060 5415 2163 5470; x_wconf 91' lang='lat' dir='ltr'><strong>non</strong></span> <span class='ocrx_word' id='word_1_923' title='bbox 2213 5415 2464 5480; x_wconf 80' lang='lat' dir='ltr'><strong>refertur,</strong></span> <span class='ocrx_word' id='word_1_924' title='bbox 2515 5417 2568 5469; x_wconf 90' lang='lat' dir='ltr'><strong>id</strong></span> <span class='ocrx_word' id='word_1_925' title='bbox 2620 5424 2740 5478; x_wconf 87' lang='lat' dir='ltr'><strong>est,</strong></span> <span class='ocrx_word' id='word_1_926' title='bbox 2796 5420 2864 5470; x_wconf 88' lang='lat' dir='ltr'><strong>ad</strong></span> <span class='ocrx_word' id='word_1_927' title='bbox 2904 5417 3068 5471; x_wconf 82' lang='lat' dir='ltr'><strong>talem</strong></span> <span class='ocrx_word' id='word_1_928' title='bbox 3105 5419 3357 5484; x_wconf 65' lang='lat' dir='ltr'><strong>aliquem</strong></span> <span class='ocrx_word' id='word_1_929' title='bbox 3386 5418 3564 5485; x_wconf 85' lang='lat' dir='ltr'><strong>qualis</strong></span> 
     </span>
    </p>
   </div>
   <div class='ocr_carea' id='block_1_112' title="bbox 1991 5485 3565 5555">
    <p class='ocr_par' dir='ltr' id='par_1_112' title="bbox 1991 5485 3565 5555">
     <span class='ocr_line' id='line_1_112' title="bbox 1991 5485 3565 5555; baseline 0 -15"><span class='ocrx_word' id='word_1_930' title='bbox 1991 5495 2109 5540; x_wconf 90' lang='lat' dir='ltr'><strong>erat</strong></span> <span class='ocrx_word' id='word_1_931' title='bbox 2129 5486 2361 5555; x_wconf 83' lang='lat' dir='ltr'><strong>Moyses.</strong></span> <span class='ocrx_word' id='word_1_932' title='bbox 2395 5505 2414 5537; x_wconf 78' lang='grc' dir='ltr'><strong>ι</strong></span> <span class='ocrx_word' id='word_1_933' title='bbox 2466 5487 2622 5540; x_wconf 83' lang='lat' dir='ltr'><strong>Lihl).</strong></span> <span class='ocrx_word' id='word_1_934' title='bbox 2671 5488 2832 5549; x_wconf 87' lang='lat' dir='ltr'><strong>editi,</strong></span> <span class='ocrx_word' id='word_1_935' title='bbox 2885 5506 2902 5537; x_wconf 79' lang='grc' dir='ltr'><strong>ι</strong></span> <span class='ocrx_word' id='word_1_936' title='bbox 2951 5504 3056 5540; x_wconf 92' lang='grc' dir='ltr'>ιιυιι</span> <span class='ocrx_word' id='word_1_937' title='bbox 3109 5488 3363 5540; x_wconf 87' lang='lat' dir='ltr'><strong>refertur.</strong></span> <span class='ocrx_word' id='word_1_938' title='bbox 3414 5485 3565 5540; x_wconf 79' lang='lat' dir='ltr'><strong>Talis</strong></span> 
     </span>
    </p>
   </div>
   <div class='ocr_carea' id='block_1_113' title="bbox 1996 5555 3568 5625">
    <p class='ocr_par' dir='ltr' id='par_1_113' title="bbox 1996 5555 3568 5625">
     <span class='ocr_line' id='line_1_113' title="bbox 1996 5555 3568 5625; baseline 0 -15"><span class='ocrx_word' id='word_1_939' title='bbox 1996 5567 2115 5610; x_wconf 89' lang='lat' dir='ltr'><strong>erat</strong></span> <span class='ocrx_word' id='word_1_940' title='bbox 2154 5556 2383 5625; x_wconf 86' lang='lat' dir='ltr'><strong>Moyses.</strong></span> <span class='ocrx_word' id='word_1_941' title='bbox 2414 5574 2432 5607; x_wconf 66' lang='grc' dir='ltr'><strong>ι</strong></span> <span class='ocrx_word' id='word_1_942' title='bbox 2469 5555 2690 5611; x_wconf 75' lang='lat' dir='ltr'><strong>llbidem</strong></span> <span class='ocrx_word' id='word_1_943' title='bbox 2744 5573 2900 5617; x_wconf 89' lang='lat' dir='ltr'><strong>mss.,</strong></span> <span class='ocrx_word' id='word_1_944' title='bbox 2958 5579 2976 5605; x_wconf 77' lang='grc' dir='ltr'><strong>ι</strong></span> <span class='ocrx_word' id='word_1_945' title='bbox 3021 5557 3162 5610; x_wconf 90' lang='lat' dir='ltr'><strong>sicut</strong></span> <span class='ocrx_word' id='word_1_946' title='bbox 3206 5558 3568 5623; x_wconf 73' lang='lat' dir='ltr'><strong>respondebat</strong></span> 
     </span>
    </p>
   </div>
   <div class='ocr_carea' id='block_1_114' title="bbox 1997 5626 3378 5697">
    <p class='ocr_par' dir='ltr' id='par_1_114' title="bbox 1997 5626 3378 5697">
     <span class='ocr_line' id='line_1_114' title="bbox 1997 5626 3378 5697; baseline -0.001 -15"><span class='ocrx_word' id='word_1_947' title='bbox 1997 5627 2138 5683; x_wconf 84' lang='lat' dir='ltr'><strong>Deus</strong></span> <span class='ocrx_word' id='word_1_948' title='bbox 2177 5627 2366 5697; x_wconf 80' lang='lat' dir='ltr'><strong>Moysi.</strong></span> <span class='ocrx_word' id='word_1_949' title='bbox 2412 5646 2430 5678; x_wconf 83' lang='grc' dir='ltr'><strong>ι</strong></span> <span class='ocrx_word' id='word_1_950' title='bbox 2467 5627 2524 5682; x_wconf 92' lang='grc' dir='ltr'>Ιιι</span> <span class='ocrx_word' id='word_1_951' title='bbox 2550 5639 2706 5680; x_wconf 88' lang='lat' dir='ltr'><strong>antea</strong></span> <span class='ocrx_word' id='word_1_952' title='bbox 2741 5626 2904 5681; x_wconf 82' lang='lat' dir='ltr'><strong>editis</strong></span> <span class='ocrx_word' id='word_1_953' title='bbox 2925 5628 3077 5682; x_wconf 79' lang='lat' dir='ltr'><strong>deest</strong></span> <span class='ocrx_word' id='word_1_954' title='bbox 3106 5643 3125 5675; x_wconf 81' lang='grc' dir='ltr'><strong>ι</strong></span> <span class='ocrx_word' id='word_1_955' title='bbox 3166 5628 3326 5680; x_wconf 80' lang='lat' dir='ltr'><strong>Deus.</strong></span> <span class='ocrx_word' id='word_1_956' title='bbox 3359 5645 3378 5676; x_wconf 79' lang='grc' dir='ltr'><strong>ο</strong></span> 
     </span>
    </p>
   </div>
   <div class='ocr_carea' id='block_1_115' title="bbox 3175 5720 3252 5782">
    <p class='ocr_par' dir='ltr' id='par_1_115' title="bbox 3175 5720 3252 5782">
     <span class='ocr_line' id='line_1_115' title="bbox 3175 5720 3252 5782; baseline 0.078 -6"><span class='ocrx_word' id='word_1_957' title='bbox 3175 5720 3252 5782; x_wconf 80' lang='grc'><strong>10</strong></span> 
     </span>
    </p>
   </div>
  </div>
