4014 6142
445 314 551 370 3.113

1678 305 1997 364 ORIGENIS
2030 306 2186 359 ΠΕΡΙ
2225 306 2452 359 ΑΡΧΩΝ

3588 300 3692 358 504

445 430 735 497 quamdam
770 438 982 484 nostras
1010 427 1091 480 vel
1121 426 1443 489 voluntates,
1476 426 1557 479 vel
1596 432 1893 495 proposita,
1926 426 2011 479 vel
2042 431 2087 485 Α
2119 425 2378 492 propheta
2406 424 2566 478 dicit:
2595 442 2614 475 ι
2639 422 2758 478 Vidi
2780 423 3065 478 Dominum
3096 422 3257 478 Israel
3287 422 3566 478 sedentem
3591 438 3688 477 su-

447 522 642 573 merita
672 521 885 583 habeat,
918 534 978 571 es
1008 520 1202 587 quibus
1226 532 1318 570 vas
1349 518 1683 587 singulorum
1711 527 2013 571 nostrorum

445 609 530 662 vel
580 611 643 663 ad
678 610 936 663 honorem
970 609 1052 663 vel
1102 609 1168 661 ad
1224 608 1608 663 contumeliam
1663 609 1849 675 lingat,
1890 609 2013 661 dum

451 714 629 756 Ittutus
653 704 766 769 ipse
797 702 991 755 anima:
1018 700 1099 754 vel
1129 702 1463 770 propositmn
1495 702 1690 755 utentis
1722 702 1786 754 de
1814 716 1871 755 se
1896 702 2014 769 ipso

447 804 697 863 suggerat
727 794 799 846 illi
833 808 992 862 quem
1028 810 1133 847 non
1169 794 1302 848 latet
1331 810 1422 848 cor
1454 805 1509 849 et
1534 796 1796 865 cogitatio
1824 794 2011 860 animi,

446 896 624 937 utrum
654 886 719 938 ad
767 885 1028 939 honorem
1064 886 1189 957 ﬁngi
1220 902 1317 941 vas
1345 887 1460 954 ejus
1486 928 1501 953 ,
1537 903 1603 940 an
1639 888 1702 939 ad
1736 898 2015 941 contume-

443 978 569 1030 liam
603 977 817 1033 debeat.
850 978 957 1033 Sed
993 980 1094 1034 ista
1122 979 1388 1035 sulliciant
1416 982 1574 1035 nobis
1603 981 1714 1049 (l5)
1741 990 1898 1050 prout
1927 996 2016 1051 po-

445 1071 649 1127 tuintus
686 1072 751 1126 de
780 1073 935 1127 liberi
967 1073 1179 1126 arbitrii
1218 1073 1610 1143 qmestionibus
1644 1074 1867 1143 agitata.

962 1168 1123 1240 133
1168 1168 1396 1224 CAPUT
1435 1168 1497 1222 ιι.

818 1261 894 1315 De
944 1262 1224 1314 contrariis
1269 1261 1634 1328 potestatibus.

509 1355 562 1407 1.
599 1354 903 1408 Videndum
929 1369 1071 1406 nunc
1098 1363 1180 1406 est
1204 1351 1318 1423 (16)
1346 1354 1643 1407 secundum
1676 1353 2008 1422 Scripturas,

438 1448 708 1517 quomodo
740 1447 1028 1501 contrariae
1060 1447 1305 1508 virtutes,
1347 1446 1425 1500 vel
1458 1446 1570 1513 ipse
1604 1446 1874 1513 diabolus,
1918 1462 2007 1501 re-

438 1539 717 1593 luctantur
748 1539 985 1591 humano
1011 1535 1193 1603 generi
1225 1546 1585 1605 provocantes
1610 1547 1665 1591 et
1689 1537 2010 1607 instigantes

440 1631 508 1685 ad
536 1638 842 1700 peccatum.
882 1630 945 1682 Et
985 1629 1160 1698 primo
1194 1628 1414 1697 quidem
1449 1629 1501 1682 in
1530 1628 1729 1683 Genesi
1785 1643 2009 1699 serpens

439 1721 604 1776 Evam
631 1722 913 1777 seduxisse
942 1722 1270 1776 describitur
1294 1720 1369 1783 '”;
1396 1721 1463 1775 de
1485 1736 1595 1791 quo
1616 1720 1668 1773 in
1697 1720 2008 1774 Ascensione

2124 532 2218 587 per
2238 518 2488 571 thronum
2510 531 2686 581 suum,
2711 518 2958 571 etomnis
2987 515 3177 571 militia
3194 516 3319 571 coeli
3340 518 3519 571 stabat
3542 520 3689 571 circa

2121 623 2243 663 eum
2281 626 2309 661 τι
2343 609 2549 663 dextris
2601 609 2739 678 ejus,
2769 619 2876 662 eta
2928 608 3166 663 sinistris
3218 609 3357 677 ejus.
3420 610 3487 663 Et
3550 610 3693 664 dixit

2121 702 2382 757 Dominus
2406 719 2420 756 :
2450 702 2582 770 Quis
2609 703 2837 757 seducet
2859 702 3050 757 Achab
3072 716 3254 772 regem
3283 702 3449 756 Israel
3474 701 3608 773 (21),
3633 711 3692 758 ut

2122 796 2381 850 ascendat
2402 805 2457 849 et
2506 796 2666 850 cadat
2712 795 2767 848 in
2797 794 3027 849 Ramoth
3052 793 3292 850 Galaad?
3323 794 3389 848 Et
3416 794 3552 848 dixit
3584 794 3690 849 iste

2119 886 2223 949 sic,
2243 895 2297 940 et
2321 885 2410 939 ille
2429 885 2567 939 dixit
2583 885 2681 941 sic.
2710 884 2855 939 Exiit
2877 885 3119 955 spiritus,
3144 895 3200 940 et
3221 884 3370 939 stetit
3390 884 3443 937 in
3463 897 3690 954 conspe-

2120 991 2211 1035 ctu
2252 981 2487 1042 Domini,
2519 979 2772 1035 etdixit:
2818 979 2931 1049 Ego
2960 980 3216 1034 seducam
3246 993 3393 1033 eum.
3439 978 3508 1033 Et
3549 979 3688 1033 dixit

2118 1073 2381 1129 Dominus
2426 1073 2493 1128 ad
2521 1089 2643 1127 eum
2672 1090 2686 1127 :
2722 1074 2777 1128 ιιι
2809 1073 2957 1144 quo?
2986 1073 3052 1128 Et
3076 1072 3213 1127 dixit
3244 1088 3259 1125 :
3291 1072 3491 1127 Exeam
3513 1081 3571 1127 et
3589 1086 3689 1129 ero

2119 1165 2342 1234 spiritus
2364 1165 2594 1220 mendax
2614 1164 2666 1217 in
2691 1178 2786 1217 ore
2812 1168 3057 1219 omnium
3083 1163 3466 1233 prophetarum
3492 1162 3662 1233 ipsius

2118 1258 2185 1311 Et
2216 1257 2354 1312 dixit
2381 1275 2394 1312 :
2431 1256 2691 1321 Seduces,
2724 1264 2777 1310 et
2817 1256 3036 1326 quidem
3068 1255 3293 1325 poteris.
3326 1253 3422 1309 Exi
3449 1270 3601 1326 ergo,
3632 1264 3688 1309 et

2116 1348 2206 1402 fac
2235 1349 2346 1404 cito
2381 1348 2479 1402 sic.
2515 1347 2577 1401 Et
2604 1361 2749 1400 nunc
2775 1346 2925 1401 dedit
2953 1344 3213 1401 Dominus
3239 1345 3493 1415 spiritum
3530 1361 3687 1401 men-

2117 1444 2302 1497 dacem
2336 1443 2389 1495 in
2413 1456 2510 1496 ore
2534 1441 2778 1497 omnium
2807 1440 3195 1510 prophetarum
3222 1447 3471 1504 tuorum;
3504 1438 3685 1494 Domi-

2119 1549 2221 1589 nus
2277 1532 2488 1587 locutus
2521 1543 2604 1587 est
2633 1548 2793 1603 super
2831 1544 2884 1588 te
2906 1534 3046 1587 mala
3076 1534 3144 1588 ττ.
3176 1552 3196 1585 ι
3230 1531 3514 1587 Manifeste
3538 1535 3682 1587 enim

2116 1641 2211 1696 per
2234 1626 2337 1681 hoc
2352 1626 2657 1681 ostenditur
2679 1625 2953 1680 voluntate
2970 1635 3019 1678 et
3040 1625 3316 1694 proposito
3332 1639 3434 1679 suo
3457 1624 3687 1691 elegisse

2117 1718 2341 1788 spiritus
2389 1720 2604 1787 quidam
2660 1718 2771 1790 (22)
2806 1727 2866 1772 ut
2915 1718 3198 1774 seduceret
3244 1726 3300 1771 et
3346 1716 3680 1772 mendacium

444 1810 616 1882 Moysi
647 1812 785 1881 (17),
818 1812 974 1879 cujus
1011 1811 1178 1865 libelli
1233 1812 1482 1866 meminit
1532 1813 1584 1865 in
1634 1811 1870 1880 Epistola
1911 1826 2006 1864 sua
2040 1794 2083 1852 Β
2111 1818 2561 1878 operaretur'quo
2588 1808 2903 1863 abuteretur
2950 1808 3209 1863 Dominus
3238 1807 3351 1880 (25)
3379 1807 3447 1861 ad
3490 1823 3680 1863 necem

446 1905 723 1971 apostolus
748 1903 936 1968 .ludas,
971 1902 1198 1957 Michael
1235 1904 1601 1974 arcliangelus
1627 1920 1750 1958 cum
1787 1902 2005 1958 diabolo

440 1998 721 2065 disputans
757 1996 822 2050 de
853 2011 1078 2064 corpore
1108 1996 1299 2066 Moysi,
1354 1998 1431 2050 ait
1459 2013 1487 2049 a
1521 1996 1739 2051 diabolo
1772 1997 2005 2065 inspira»

442 2100 557 2143 tum
584 2099 889 2158 serpentem
908 2088 1018 2158 (18)
1046 2105 1264 2144 causam
1303 2089 1578 2145 exstitisse
1609 2089 2010 2159 prtevaricatio-

444 2180 529 2235 nis
555 2181 681 2235 Adae
711 2190 764 2234 et
800 2180 925 2234 Eva:
951 2182 1022 2233 ⁷⁸.
1057 2182 1164 2236 Sed
1218 2191 1273 2235 et
1330 2181 1459 2235 illud
1509 2180 1861 2249 requiritura
1891 2181 2008 2248 qui-

438 2272 690 2336 busdam,
720 2272 841 2340 quis
869 2280 953 2327 est
1011 2274 1235 2342 angelus
1262 2276 1351 2342 qui
1389 2277 1455 2328 de
1496 2272 1634 2328 coelo
1669 2272 1908 2340 loquitur
1940 2274 2008 2326 ad

442 2364 720 2419 Abraham
747 2365 936 2419 dicens
961 2379 973 2413 :
1010 2384 1027 2415 ι
1064 2364 1216 2420 Nunc
1244 2366 1471 2434 cognovi
1496 2367 1747 2433 quoniam
1777 2377 1829 2419 tu
1854 2366 2009 2420 times

444 2459 635 2522 Deum,
669 2467 722 2511 et
753 2465 869 2510 non’
902 2457 1194 2526 peperciSLi
1236 2460 1348 2511 tilio
1383 2469 1473 2512 tuo
1506 2458 1706 2513 dilecto
1736 2473 1894 2527 quem
1928 2458 2009 2510 di-

445 2549 626 2603 lexisti
657 2564 753 2619 pro
791 2563 875 2603 me
905 2549 972 2602 ⁷³.
1010 2568 1027 2599 ι
1062 2548 1348 2605 Manileste
1379 2551 1522 2604 enim
1576 2551 1802 2621 angelus
1838 2549 2007 2603 fuisse

448 2640 795 2703 describitur,
832 2641 921 2707 qui
977 2641 1113 2695 dicit
1147 2642 1469 2711 cognovisse
1502 2656 1560 2696 se
1598 2652 1722 2695 tunc
1760 2642 1891 2711 quia
1937 2641 2008 2695 ti-

444 2742 614 2785 meret
639 2731 808 2783 Deum
823 2728 1117 2792 Abraham,
1130 2737 1184 2783 et
1197 2744 1302 2783 non
1313 2736 1644 2800 pepercisset
1660 2734 1703 2801 (1
1715 2734 1766 2801 9)
1783 2735 1891 2787 lilio
1911 2748 2010 2788 suo

448 2821 673 2883 dilecto,
703 2823 845 2875 sicut
875 2821 1156 2892 Scriptura
1187 2825 1359 2879 dicit:
1395 2826 1488 2880 scd
1533 2840 1637 2879 non
1691 2825 2007 2889 declaravit,

444 2915 568 2981 quia
598 2921 694 2983 p‘ro
718 2916 851 2977 Deo,
875 2915 966 2968 sed
1000 2930 1099 2983 pro
1124 2929 1202 2981 se,
1230 2916 1331 2970 hoc
1352 2926 1435 2971 est
1465 2932 1561 2986 pro
1595 2933 1661 2972 eo
1688 2919 1779 2985 qui
1804 2922 1905 2972 hoc
1926 2917 2011 2970 di-

439 3007 618 3063 ccbat.
653 3008 1060 3076 Requireudum
1086 3018 1169 3061 est
1193 3009 1354 3061 etiam
1384 3010 1509 3061 illud
1532 3012 1596 3064 de
1616 3026 1724 3079 quo
1746 3011 1797 3063 in
1825 3010 2011 3065 Exodo

2112 1900 2296 1954 Achab
2324 1900 2414 1969 qui
2464 1903 2563 1954 hoc
2596 1899 2705 1969 pati
2734 1901 2927 1970 dignus
2955 1910 3094 1955 erat.
3144 1899 3199 1954 lu
3241 1901 3418 1969 primo
3469 1915 3682 1970 quoque

2116 1991 2252 2047 libro
2303 1993 2769 2062 Paralipomenon,
2826 2012 2846 2044 ε
2883 1992 3217 2059 SuscitavitJ,
3250 1992 3446 2060 inquit,
3496 1994 3686 2048 diabo-

2113 2086 2197 2141 lus
2227 2084 2391 2140 Satan
2416 2086 2467 2139 in
2494 2085 2679 2149 Israel,
2697 2095 2752 2140 et
2776 2086 3067 2141 concitavit
3096 2085 3263 2141 David
3286 2094 3346 2140 ut
3372 2097 3683 2141 numeraret

2114 2180 2366 2249 populum
2394 2181 2462 2235 ⁷⁸.
2500 2200 2519 2232 ›
2554 2180 2609 2234 In
2640 2178 2874 2236 Psalmis
2900 2196 3030 2236 vero
3060 2182 3286 2252 angelus
3339 2181 3514 2238 malus
3542 2192 3683 2237 atte-

2115 2287 2240 2327 rere
2276 2272 2477 2326 dicitur
2510 2274 2797 2341 quosdam.
2830 2274 2886 2328 lu
2918 2274 3257 2329 Ecclesiaste
3282 2289 3498 2344 quoque
3525 2274 3680 2329 Salo-

2112 2379 2236 2419 mon
2268 2364 2343 2419 ait
2373 2383 2386 2419 :
2422 2382 2440 2415 ι
2473 2363 2529 2418 Si
2563 2365 2791 2435 spiritus
2818 2375 3142 2434 potestatem
3194 2365 3444 2420 habentis
3493 2381 3683 2420 ascen-

2111 2456 2251 2509 derit
2280 2470 2440 2525 super
2476 2465 2529 2510 te
2556 2496 2572 2520 ,
2632 2456 2809 2510 locum
2847 2463 2998 2509 tuum
3030 2455 3388 2520 neidimittas,
3420 2456 3679 2525 quoniam

2112 2546 2319 2600 sanitas
2373 2558 2681 2616 compescet
2721 2557 2943 2617 peccata
2976 2549 3145 2602 multa
3176 2549 3242 2602 ⁷⁸.
3277 2567 3296 2602 ι
3329 2548 3387 2602 ln
3415 2547 3679 2604 Zacharia

2116 2652 2249 2691 vero
2280 2638 2505 2708 legimus
2550 2638 2827 2693 diabolqu
2860 2646 3092 2693 stantem
3124 2655 3155 2693 a
3188 2640 3395 2696 dextris
3426 2640 3550 2696 Jesu
3577 2683 3592 2707 ,
3625 2651 3681 2695 et

2120 2730 2464 2785 resistentem
2520 2731 2569 2785 ei
2594 2730 2663 2783 ⁸ο.
2694 2729 2862 2785 Isaias
2915 2745 3043 2785 vero
3094 2732 3171 2785 ait
3198 2731 3435 2801 gladium
3469 2731 3680 2788 Domini

2111 2841 2409 2895 exsurgere
2435 2839 2595 2894 super
2619 2827 2909 2880 draconem
2935 2838 3242 2893 serpentem
3271 2840 3585 2893 perversum
3612 2827 3683 2877 ιι.

2113 2920 2252 2985 Quid
2287 2930 2467 2971 autem
2498 2918 2675 2971 dicam
2708 2917 2774 2970 de
2825 2916 3082 2971 Ezechiel
3115 2918 3168 2971 in
3206 2919 3440 2972 secunda
3471 2919 3681 2973 visione

2114 3017 2179 3065 ad
2210 3010 2511 3078 principem
2549 3007 2674 3078 Tyri
2709 3008 3154 3062 manifestissime
3189 3008 3255 3063 de
3302 3008 3504 3063 virtute
3545 3026 3679 3065 cou-

442 3098 640 3152 dicitur
659 3098 728 3162 ’⁸,
748 3100 876 3168 quia
912 3097 1147 3152 voluerit
1174 3098 1286 3169 (20)
1332 3099 1635 3154 interﬁcere
1661 3100 1893 3170 Moysem
1914 3118 2008 3170 pro
2036 3137 2082 3195 ς
2118 3103 2280 3156 traria
2311 3102 2691 3175 pr0pltetatite,
2718 3100 2811 3169 qui
2842 3102 3004 3154 etiam
3039 3101 3091 3155 in
3118 3100 3429 3156 ﬂuminibus
3459 3101 3682 3173 :Egypti

440 3205 505 3244 eo
528 3190 670 3259 quod
694 3191 877 3246 abibat
906 3192 959 3243 in
997 3189 1308 3261 Egyptum.
1338 3190 1444 3246 Sed
1477 3202 1529 3247 et
1563 3204 1746 3261 postea
1779 3194 1899 3262 quis
1926 3206 2008 3249 est

438 3284 529 3351 qui
555 3284 952 3338 exterminator
975 3284 1198 3353 angelus
1222 3283 1453 3340 dicitur:
1481 3302 1704 3340 necnon
1730 3299 1783 3341 et
1810 3288 1898 3342 ille
1917 3288 2005 3354 qui

439 3377 513 3430 sit
542 3376 633 3444 qui
665 3378 718 3429 in
753 3376 996 3430 Levitico
1019 3378 1255 3445 scriptus
1284 3388 1372 3434 est
1401 3379 1815 3448 Apopompazus,
1844 3380 1897 3434 id
1924 3389 2008 3434 est

439 3471 816 3535 transmissor,
836 3471 902 3523 de
927 3486 1034 3539 quo
1056 3471 1131 3524 ait
1152 3473 1221 3524 ita
1248 3470 1526 3541 Scriptura
1550 3487 1562 3522 :
1589 3490 1607 3522 ι
1631 3470 1765 3527 Sors
1791 3486 1894 3526 una
1921 3472 2006 3527 do-

438 3568 605 3628 mino,
624 3574 679 3618 et
690 3580 809 3619 sors
825 3581 928 3619 una
954 3568 1333 3635 Apopompreo,
1352 3567 1401 3619 id
1418 3578 1500 3621 est
1518 3568 1885 3623 transmissori
1902 3569 1968 3624 ⁷⁵.
1984 3590 2003 3622 ι

439 3656 546 3709 Sed
586 3666 640 3709 et
684 3656 736 3709 iu
764 3656 940 3725 primo
976 3658 1115 3713 libro
1149 3659 1454 3729 Regnorum
1485 3660 1707 3728 spiritus
1745 3663 2010 3728 pessimus

437 3748 653 3802 Saulem
671 3748 867 3803 dicitur
882 3749 1045 3805 ell‘oca
1056 3767 1109 3804 re
1128 3753 1190 3806 ⁷⁸⁸.
1218 3754 1272 3805 In
1294 3753 1452 3805 tertio
1470 3769 1594 3807 vero
1611 3754 1746 3806 libro
1763 3755 2011 3810 Micbaeas

2116 3197 2402 3249 draconem
2444 3194 2571 3249 dicit
2622 3194 2908 3249 habitare?
2959 3193 3131 3249 Totus
3180 3205 3360 3248 autem
3412 3196 3550 3249 liber
3587 3196 3679 3265 qui

2115 3288 2347 3356 scriptus
2385 3296 2471 3342 est
2504 3288 2570 3342 de
2597 3285 2722 3353 Job,
2771 3288 2900 3356 quid
2933 3286 3082 3341 aliud
3140 3303 3303 3357 quam
3354 3286 3421 3342 de
3467 3286 3681 3343 diabolo

2113 3381 2380 3443 continet,
2408 3388 2629 3450 petente
2652 3386 2977 3448 potestatem
3002 3378 3106 3432 sibi
3129 3377 3248 3432 dari
3283 3378 3523 3434 omnium
3558 3392 3679 3447 quae

2114 3472 2279 3527 habet
2304 3468 2427 3537 Job,
2451 3480 2507 3528 et
2532 3470 2767 3526 ﬁliorum
2796 3470 2937 3541 ejus,
2960 3471 3179 3540 insuper
3199 3472 3445 3541 corporis
3475 3470 3588 3539 ejus
3606 3470 3677 3523 "‘2

2114 3564 2216 3632 Qui
2251 3574 2426 3619 tamen
2458 3577 2554 3633 per
2588 3563 2707 3634 ejus
2738 3562 3058 3632 patientiam
3087 3564 3347 3619 vincitur.
3378 3564 3435 3618 lu
3471 3579 3579 3634 quo
3613 3564 3676 3618 li-

2115 3658 2215 3713 bro
2252 3657 2415 3713 multa
2446 3657 2719 3727 responsis
2750 3655 2865 3710 suis
2917 3655 3137 3709 edocuit
3169 3654 3432 3711 Dominus
3463 3657 3530 3711 de
3578 3659 3672 3711 ad-

2118 3760 2372 3806 versante
2396 3750 2551 3804 nobis
2592 3749 2798 3802 virtute
2828 3748 3083 3802 draconis
3108 3748 3286 3804 istius.
3311 3747 3436 3803 Haac
3463 3749 3679 3803 interim

1624 3895 2180 3953 INTERPRETATIO
2237 3894 2443 3949 NOVA.

437 4022 647 4065 norem.
674 4008 816 4060 aliud
846 4024 974 4061 vero
1013 4014 1062 4065 in
1096 4015 1504 4087 contumeliam,
1542 4036 1560 4067 ι
1600 4032 1700 4068 nec
1736 4017 1826 4071 illa
1854 4034 2040 4072 secum
2079 4026 2319 4087 pugnant
2347 4033 2361 4067 :
2398 4013 2737 4087 concilianda
2774 4023 3001 4087 utraque
3031 4021 3179 4087 sunt.
3218 4022 3279 4087 Aet
3305 4027 3369 4066 ex
3403 4012 3470 4066 iis
3499 4012 3680 4087 pﬁerl‘e-

439 4088 557 4155 ctus
588 4095 725 4155 unus
741 4095 943 4155 sensus
975 4084 1370 4143 conliciendus.
1412 4085 1596 4155 Neque
1631 4087 1854 4141 libertas
1890 4082 2221 4141 uostra'sine
2255 4086 2481 4139 scientia
2518 4085 2634 4146 Dei,
2675 4098 2849 4153 neque
2880 4086 3119 4155 scientia!
3141 4082 3239 4155 Dei
3267 4098 3366 4155 nos
3416 4082 3679 4155 prolicere

438 4150 627 4230 cogita
649 4150 759 4230 nisi
780 4152 1229 4230 adbonum‘ipsi
1250 4155 1453 4230 aliquid
1482 4150 1900 4230 _c01ifer:ittttis;
1933 4175 2054 4211 cum
2091 4174 2263 4227 neque
2295 4159 2735 4230 libertas__nostra
2762 4150 2902 4207 ἐξιιο
2929 4153 3158 4230 scientia
3211 4153 3306 4230 Dei
3370 4150 3429 4230 et;
3451 4169 3546 4230 usu
3591 4153 3676 4207 di-

436 4219 659 4288 gnitatis
682 4222 1099 4299 arbitriinostri
1130 4219 1317 4291 iaciat,
1342 4219 1397 4280 ut
1421 4226 1766 4299 il|:|l0|l0r0lll
1796 4219 1996 4297 aliquis
2024 4235 2106 4283 vel
2136 4219 2643 4299 ignominiamuliat;
2674 4239 2845 4299 neque
2860 4225 2982 4299 sola
3015 4224 3107 4278 Dei
3139 4223 3388 4279 voluntas
3406 4226 3471 4299 _in
3506 4226 3678 4280 bono-

439 4307 549 4345 rem
569 4292 1073 4369 'aut_ignominiam
1107 4313 1433 4366 quemquam
1466 4296 1633 4351 faciat
1663 4299 1766 4351 nisi
1799 4292 3001 4369 materiemquamdamdilierentias'habeat,
3044 4305 3287 4369 nostram
3332 4294 3675 4351 voluntatem

435 4378 554 4431 qua:
591 4362 641 4417 in
673 4364 944 4418 deteriora
970 4366 1051 4420 vel
1087 4362 1314 4422 meliora
1340 4370 1699 4438 propendeat.
1737 4370 1844 4423 Sed
1866 4370 1984 4424 haec
2006 4362 2273 4425 sufﬁciant
2298 4366 2453 4421 nobis
2492 4367 2559 4421 de
2590 4365 2840 4420 libertate
2872 4365 3109 4421 arbitrii.

503 4525 545 4554 ⁷⁸
583 4523 721 4579 Gen.
785 4542 866 4578 ιιι.
967 4523 1013 4555 τ’
1049 4521 1172 4577 Jud.
1226 4523 1279 4577 9.

437 4595 481 4625 ’τ
508 4592 576 4646 ΙΙΙ
607 4596 741 4663 Heg.
777 4591 1007 4656 xqu9,
1040 4592 1110 4643 “30
1132 4609 1283 4662 50W-

1380 4522 1424 4553 ⁷⁸
1460 4524 1597 4578 Geo.
1631 4540 1782 4588 χχιι,
1820 4524 1910 4578 ιε.

1359 4594 1403 4624 ’⁷⁸
1434 4596 1453 4647 1
1480 4596 1601 4647 l’ar.
1638 4610 1751 4661 XXI,
1783 4596 1835 4649 1.

2023 4526 2069 4560 ⁷⁸
2100 4525 2268 4578 Exod.
2304 4541 2363 4579 ιι.

1911 4597 1956 4629 ⁷⁹
1988 4595 2164 4651 Eccle.
2188 4615 2241 4661 x,
2264 4602 2318 4657 4.
2375 4597 2420 4630 ⁸ο
2449 4598 2613 4653 Zach.
2644 4614 2727 4661 tu,
2754 4600 2807 4654 1.

2442 4529 2486 4559 ⁷⁵
2525 4527 2699 4581 Levit.
2740 4542 2863 4591 xvr,
2900 4526 2954 4580 8.

3051 4529 3097 4560 "
3130 4526 3146 4581 Ι
3202 4527 3335 4599 Reg.
3377 4544 3507 4582 xvttt
3536 4570 3550 4587 .
3583 4527 3673 4583 10.

2877 4597 2920 4629 ⁸³
2952 4597 3054 4653 lsa.
3093 4614 3260 4655 xxvu.
3279 4597 3330 4653 1⁷.

3434 4599 3480 4630 ⁸³
3508 4599 3608 4654 Job
3634 4616 3671 4653 ι.

511 4708 626 4777 (15)
682 4706 868 4783 illotus.
908 4707 1071 4762 Deest
1117 4708 1170 4761 in
1192 4718 1380 4783 _at_t_t_ea
1408 4710 1569 4783 editis
1591 4712 1730 4783 ,sed
1769 4710 1997 4783 habetur
2027 4716 2071 4770 D
2100 4710 2287 4783 pendio
2322 4710 2559 4777 subjecta
2594 4713 2670 4766 ait
2696 4711 2984 4783 Ἀνὰληψιν
3008 4728 3259 4769 versuum
3295 4713 3439 4770 mille
3462 4728 3515 4770 et
3538 4730 3672 4783 qua-

438 4781 490 4832 in
521 4778 885 4848 mss._lbidem
919 4792 1075 4840 mss.,
1121 4796 1139 4827 ι
1173 4778 1240 4833 de
1268 4778 1423 4833 liberi
1449 4780 1660 4834 arbitrii
1684 4782 1996 4848 quaestioni~

438 4852 556 4903 bus.
597 4867 620 4901 ι
654 4846 812 4918 Libb.
845 4847 1011 4914 editi,
1048 4866 1067 4897 ι
1095 4848 1161 4900 de
1197 4848 1347 4903 liberi
1378 4850 1585 4903 arbitrii
1613 4846 1934 4918 quaestione.
1973 4871 1990 4901 ι

506 4918 620 4991 (16)
666 4916 970 4991 Videndum
1017 4935 1152 4970 nunc
1187 4928 1309 4991 est,
1344 4919 1435 4972 Sic
1471 4922 1521 4973 in
1557 4916 1810 4974 omnibus
1863 4938 1994 4975 mss.

439 4989 632 5057 incipit
665 4989 767 5042 hoc
791 5002 970 5055 caput.
998 4991 1065 5041 At
1098 4990 1150 5041 in
1179 4990 1344 5044 editis
1377 4992 1564 5044 eadem
1593 4992 1757 5043 verba
1787 5007 1852 5043 ex
1880 4993 1999 5059 qui-

436 5061 539 5113 bus
564 5068 782 5113 constat
815 5060 1021 5119 titulus,
1060 5071 1374 5126 repeluntur
1402 5103 1415 5125 ,
1449 5071 1502 5114 et
1548 5060 1742 5128 capitis
1783 5063 1995 5115 initium

438 5129 776 5183 constituunt
807 5130 906 5183 hoc
933 5132 1089 5183 modo
1120 5150 1131 5185 :
1171 5150 1188 5180 ‹
1223 5132 1297 5185 De
1329 5132 1613 5185 contrariis
1642 5133 1998 5199 potestatibus

440 5199 735 5253 videndum
772 5214 915 5252 nunc
948 5210 1049 5253 est.
1079 5219 1097 5251 ι

511 5272 558 5339 (1
571 5268 705 5341 7)(1η
721 5270 1038 5325 Ascensione
1052 5273 1241 5338 Moysi.
1276 5270 1347 5323 Ex
1374 5271 1473 5323 hoc
1491 5271 1799 5341 apocrypho
1824 5271 2005 5329 libello

437 5338 527 5408 qui
547 5338 977 5414 llebr_._dicebat_u
987 5356 1011 5391 r
1023 5350 1164 5414 mm:
1175 5351 1370 5406 natus,
1390 5341 1429 5394 ϐ
1438 5338 1573 5395 nece
1587 5338 2005 5414 γθιιύἋνάληψις

438 5414 550 5464 sive
578 5408 868 5481 Ἀγάὸασις
897 5412 1193 5472 Μωῡσέως,
1227 5424 1422 5478 praeter
1452 5427 1515 5464 ea
1546 5428 1664 5481 qua:
1692 5408 2004 5469 citatJu'das

437 5480 718 5553 apostolus
744 5498 783 5543 ι,
810 5484 864 5544 9,
896 5496 999 5534 non
1020 5484 1204 5536 dubito
1222 5484 1350 5551 quin
1375 5480 1608 5536 indidem
1627 5482 1999 5553 siLdesumpta

441 5551 681 5604 narratio
710 5568 828 5619 quze
856 5562 939 5604 cst
965 5554 1103 5620 apud
1129 5553 1457 5606 Clementem
1492 5552 1754 5607 Alexand.
1788 5551 1990 5613 Stroﬁm.

443 5637 517 5684 υ,
564 5636 683 5688 pag.
718 5621 842 5675 679.
872 5623 998 5691 Ejus
1028 5639 1242 5691 quoque
1281 5624 1441 5677 libelli
1476 5624 1720 5678 meminit
1750 5626 1992 5678 Athana-

442 5693 553 5768 sius
590 5693 639 5740 iu
691 5690 923 5768 Syuopsi
966 5690 1133 5768 auerte
1158 5690 1472 5768 Scriptura:
1495 5734 1508 5757 ,
1546 5706 1626 5768 et_
1656 5694 1991 5763 Nicephorus

444 5764 1064 5827 Leitstantinopolitanus
1094 5766 1147 5819 in
1171 5764 1540 5821 Stichometria
1565 5765 1822 5821 Chronico
1849 5782 1992 5821 com-

2105 4781 2513 4848 dringentorum
2544 4784 2732 4837 fuisse.
2760 4781 2915 4851 Ejus,
2938 4785 3069 4837 item
3101 4785 3302 4839 mentio
3334 4787 3392 4839 lit
3435 4788 3488 4839 in
3523 4781 3675 4840 Actis

2102 4852 2312 4936 synodi"
2338 4855 2805 4936 pritnaiuNicazna:
2826 4853 2926 4933 lib.
2974 4871 3035 4919 ll,
3064 4870 3185 4936 cap.
3334 4856 3582 4936 μειβ-28,
3618 4868 3675 4936 et

2101 4935 2223 4989 Cap.
2245 4921 2335 4985 20,
2372 4937 2496 5001 pag.
2523 4924 2612 4978 35.
2665 4924 2797 4978 Vide
2826 4924 3055 5005 insuper
3075 4925 3263 4979 Evodii
3293 4921 3578 5005 epistolam
3605 4927 3671 4978 ad

2104 4988 2161 5065 ὃ.
2195 4995 2578 5065 Augustinum,
2605 4996 2744 5047 inter
2768 4996 3194 5065 A_ugustiutanas
3221 4994 3356 5060 9.39;
3386 4996 3669 5065 Didymutn

2100 5060 2362 5117 Alexand.
2397 5066 2447 5116 in
2476 5064 2765 5131 Epistulam
2794 5063 2966 5127 Judte,
3000 5075 3128 5118 tom.
3162 5065 3225 5120 ιν
3254 5065 3392 5120 Bibl.
3429 5060 3667 5127 Patrum,

2102 5146 2157 5201 p.
2188 5133 2405 5206 Aio'lb'tet
2436 5134 2821 5206 (Ecumenium
2851 5134 2904 5186 in
2936 5133 3231 5203 Epistulam
3252 5135 3424 5201 ludar,
3457 5153 3509 5206 p-.
3541 5135 3669 5191 548.

2178 5203 2287 5272 (18)
2326 5203 2481 5259 Libb.
2520 5208 2674 5271 editi,
2708 5225 2726 5255 (
2766 5203 2843 5258 ait
2893 5206 3135 5260 diabolo:
3184 5203 3503 5275 inspiratur]:
3551 5222 3673 5261 ser-

2105 5282 2337 5342 pentem.
2371 5294 2390 5325 ›
2425 5278 2527 5331 Sed
2559 5290 2749 5330 omnes
2778 5290 2911 5329 mss.
2948 5286 3004 5328 ut
3034 5277 3087 5329 in
3119 5288 3303 5333 nostro
3334 5286 3501 5332 textu.

2175 5345 2286 5414 (l9)
2323 5346 2414 5399 Sic
2448 5363 2583 5402 mss.
2612 5347 2782 5409 Alias,
2823 5366 2841 5395 ι
2870 5348 3179 5415 pepercisti.
3221 5365 3241 5401 ι

2174 5415 2286 5487 (20)
2317 5418 2393 5470 lta
2433 5434 2563 5472 mss.
2601 5418 2772 5480 Alias,
2803 5434 2820 5465 t
2854 5418 3141 5471 voluerint.
3178 5438 3198 5470 ι

2172 5486 2285 5556 (21)
2314 5486 2507 5541 Israel.
2542 5491 2705 5543 Deest
2736 5488 2790 5541 iu
2821 5499 2982 5542 antea
3012 5490 3195 5555 editis,
3228 5490 3325 5545 sed
3354 5490 3584 5547 habetur
3610 5491 3667 5544 in

2100 5571 2230 5610 mss.

2172 5627 2287 5697 (22)
2323 5627 2414 5703 Sic
2447 5644 2579 5703 mss.
2605 5628 2777 5703 Alias,
2810 5648 2830 5681 ‹
2866 5631 3007 5699 quod
3036 5631 3345 5686 voluntarie
3370 5643 3440 5702 .et
3464 5646 3666 5703 propo-

2103 5698 2207 5755 sito
2237 5698 2520 5769 suoelegit
2556 5701 2778 5769 spiritus
2807 5698 3052 5769 quidem,
3092 5720 3110 5752 ι
3146 5710 3252 5754 etc.

2176 5768 2285 5837 (ἒῦ)
2316 5767 2405 5824 Sic
2439 5785 2567 5827 mss.
2592 5767 2763 5834 Alias,
2804 5767 2837 5822 ιθ
2862 5773 3099 5826 abutitur
3126 5772 3284 5823 Deus.
3325 5789 3344 5821 ι
