4014 6142
293 324 404 383 305

1652 323 1850 381 LIBER
1885 323 2201 379 TERTIUS.

3453 315 3556 371 306

292 463 360 500 ex
390 446 582 502 Veteri
623 446 999 508 Testamento,
1025 452 1284 513 quantmn
1310 444 1375 497 ad
1399 459 1636 513 prtesens
1667 460 1875 498 metno-
1903 452 1947 505 Α
1977 444 2256 507 instinctu,
2278 451 2459 497 utrum
2487 453 2669 509 posset
2690 440 2803 496 ﬁeri
2839 447 2896 492 ut
2918 439 2961 491 si
2985 436 3234 490 diabolus
3254 450 3358 510 non
3386 449 3553 497 esset,

295 538 399 590 ria:
441 551 773 591 succurrere
821 543 1137 603 potuerunt,
1194 535 1338 589 dicta
1372 535 1480 588 sint
1528 536 1591 587 de
1638 549 1705 587 eo
1737 533 1880 601 quod

294 629 601 683 contraria:
648 628 879 681 virtutes
932 626 1013 681 vel
1064 627 1418 701 nominamur
1466 626 1518 679 in
1550 624 1873 695 Scripturis,

292 722 383 773 vel
415 721 665 774 humano
697 719 878 784 generi
912 718 1166 773 dicuntur
1194 718 1492 780 adversari,
1524 717 1872 785 postmodum

292 811 612 881 punienda.
638 809 927 865 Videamus
961 821 1137 863 autem
1162 818 1215 863 et
1244 811 1297 865 in
1324 808 1472 863 Novo
1500 808 1876 871 Testamento,

292 902 389 958 ubi
422 901 668 959 Satanas
689 903 756 956 ad
785 900 1128 956 Salvatorem
1157 901 1390 964 accedit,
1418 910 1634 954 tentans
1663 914 1783 952 eum
1806 898 1873 961 ⁸³ς

289 995 530 1065 spiritus
584 1010 713 1049 vero
744 994 965 1064 maligni
1015 1003 1071 1048 et
1123 993 1385 1048 daemonia
1428 992 1726 1059 immunda,
1757 1007 1877 1059 qua:

291 1086 625 1155 aliquantos
655 1086 1005 1150 obsederant,
1047 1085 1224 1153 fugata
1258 1093 1386 1139 sunt
1422 1098 1452 1136 a
1485 1082 1768 1138 Salvatore
1806 1080 1874 1135 de

288 1176 631 1247 corporibus
660 1176 1005 1245 patientium,
1034 1174 1128 1244 qui
1158 1183 1213 1229 et
1238 1174 1450 1228 liberati
1484 1174 1551 1227 ab
1582 1187 1648 1227 eo
1688 1174 1877 1226 dicun-

290 1282 408 1326 tur.
443 1270 560 1326 Sed
579 1280 635 1326 et
656 1270 845 1338 Judas,
872 1286 993 1324 cum
1016 1270 1129 1340 jam
1158 1268 1406 1323 diabolus
1433 1268 1671 1321 misisset
1704 1266 1757 1320 in
1784 1280 1879 1319 cor

286 1360 409 1427 ejus
443 1369 510 1414 ut
547 1359 791 1415 traderet
822 1359 1097 1414 Christum
1124 1357 1172 1390 “
1203 1398 1220 1421 ,
1252 1370 1439 1428 postea
1482 1358 1645 1412 etiam
1703 1367 1875 1410 totum

290 1454 564 1507 Satanam
591 1451 831 1523 suscepit
856 1452 912 1505 in
947 1466 1068 1507 sese
1103 1466 1117 1504 :
1153 1452 1421 1520 scriptum
1454 1460 1537 1504 est
1570 1451 1715 1504 enim
1747 1452 1870 1519 quia

287 1557 416 1615 post
470 1544 778 1600 buccellam
823 1545 1069 1599 introivit
1101 1544 1153 1599 in
1202 1544 1355 1598 illum
1383 1545 1640 1598 Satanas.
1678 1543 1874 1597 Paulus

288 1652 424 1691 vero
465 1637 753 1705 apostolus
788 1637 950 1691 docet
975 1650 1077 1691 nos
1124 1651 1232 1689 non
1284 1636 1484 1690 debere
1516 1636 1643 1689 dare
1696 1635 1872 1689 locum

286 1729 547 1793 diabolo,
578 1748 596 1780 ι
628 1728 719 1783 sed
751 1728 980 1793 induite,
1009 1728 1212 1792 inquit,
1242 1742 1390 1779 arma
1423 1726 1536 1789 Dei,
1567 1737 1621 1778 ut
1656 1727 1877 1788 possitis

1984 540 2214 592 lmmana
2241 536 2573 606 experientia
2599 543 2743 588 tanta
2783 533 2833 585 in
2863 530 3211 601 percipiendo
3244 529 3368 583 cibo
3388 529 3554 581 disci-

1982 631 2126 699 plina
2192 638 2467 691 uteretur,
2530 637 2590 681 ut
2638 641 2910 696 nunquam
2993 622 3209 693 penitus
3268 625 3554 675 excederet

1982 722 2221 785 modum,
2254 721 2305 773 id
2336 729 2438 784 est,
2469 729 2526 773 ut
2557 720 2637 772 vel
2672 718 2828 771 aliter
2857 729 3018 784 quam
3062 729 3146 768 res
3173 722 3439 782 posceret,
3468 711 3552 765 vel

1981 812 2211 882 amplius
2263 827 2420 880 quam
2453 810 2590 863 ratio
2640 809 2963 877 indulgeret,
3008 805 3297 873 acciperet.
3335 813 3386 858 et
3419 821 3555 858 nun-

1980 919 2140 971 quam
2197 904 2437 957 eveniret
2492 900 2804 953 hominibus
2838 901 2888 952 in
2938 900 3206 953 servando
3237 897 3341 951 cibi
3395 898 3552 971 modo

1981 1010 2345 1064 mensuraque
2384 993 2722 1063 delinquere.
2763 991 2872 1058 Ego
2900 992 3121 1061 quidem
3157 1006 3262 1043 non
3318 965 3553 1042 arliitror

1984 1092 2085 1144 hoc
2110 1089 2177 1143 ab
2209 1088 2516 1143 hominibus
2542 1088 2614 1141 ita
2647 1086 2885 1155 potuisse
2906 1084 3134 1147 servari,
3161 1084 3371 1139 etiamsi
3412 1082 3553 1135 nulla

1979 1182 2178 1237 diaboli
2224 1190 2572 1250 provocasset
2632 1177 2927 1239 instinctio,
2982 1185 3041 1232 ut
3100 1177 3151 1229 in
3205 1175 3553 1244 percipiendo

1979 1274 2103 1328 cibo
2134 1273 2354 1328 modum
2379 1272 2512 1343 (25)
2539 1269 2991 1339 disciplinamque
3022 1266 3203 1322 nullus
3239 1269 3552 1331 excederet,

1984 1366 2298 1435 priusquam
2334 1365 2386 1418 id
2414 1365 2573 1433 longo
2601 1379 2697 1416 usu
2730 1360 3181 1429 experientiaque
3214 1359 3549 1416 didicissent.

1982 1458 2119 1525 Quid
2153 1458 2320 1527 igitur
2359 1456 2557 1511 est?ln
2602 1454 2741 1511 escis
2775 1453 2991 1522 quidem
3040 1460 3093 1506 et
3143 1461 3268 1521 potu
3296 1452 3553 1522 possibile

1979 1561 2097 1605 erat
2124 1553 2437 1620 delinquere
2464 1566 2560 1605 nos
2589 1551 2751 1605 etiam
2789 1551 2905 1603 sine
2934 1546 3129 1602 diaboli
3164 1546 3551 1609 incitamentis,

1979 1645 2023 1697 si
2059 1644 2195 1697 forte
2224 1644 2401 1697 minus
2430 1644 2792 1706 continentes,
2824 1639 2908 1695 vel
2937 1641 3115 1693 minus
3146 1638 3391 1691 industrii
3422 1636 3553 1691 fuis-

1979 1753 2162 1792 semus
2193 1736 2432 1799 inventi;
2458 1736 2511 1788 in
2535 1734 2837 1804 appetendo
2870 1746 2998 1785 vero
3017 1730 3182 1792 coitu,
3217 1728 3302 1783 vel
3332 1737 3554 1781 natura-

287 1823 569 1877 resistere
627 1821 887 1876 adversus
917 1821 1148 1875 astutias
1182 1820 1383 1873 diaboli
1407 1819 1487 1883 ⁸³;
1522 1839 1540 1870 ι
1585 1820 1873 1887 designans
1907 1814 1946 1867 Β
1978 1827 2118 1882 libus
2151 1825 2442 1881 desideriis
2488 1824 2853 1893 temperandis
2910 1821 3069 1888 (ἐξ-26),
3122 1819 3416 1889 putandum
3471 1829 3551 1871 est

292 1935 312 1967 ι
347 1915 641 1971 luctamen
676 1934 693 1968 ι
730 1929 850 1969 esse
888 1914 1096 1969 sanctis
1147 1931 1166 1963 ί
1219 1928 1326 1967 non
1360 1913 1621 1967 adversus
1652 1927 1869 1966 carnem

286 2018 344 2062 et
374 2007 729 2078 sanguinem,
777 2004 871 2060 sed
908 2006 1167 2060 adversus
1196 2005 1539 2075 principatus
1562 2044 1577 2067 ,
1611 2004 1872 2058 adversus

284 2106 642 2165 petestates,
693 2098 956 2154 adversus
984 2099 1172 2153 mundi
1228 2101 1388 2168 hujus
1448 2108 1689 2153 rectores
1724 2107 1873 2152 tene-

284 2190 568 2254 brarum,
618 2190 886 2245 adversus
934 2188 1201 2260 apiritalia
1250 2190 1510 2259 nequitiae
1548 2190 1601 2243 in
1630 2189 1869 2244 cmlcsti-

285 2282 415 2338 bus.
454 2301 475 2335 ι
518 2280 624 2338 Sed
655 2293 711 2338 et
762 2280 1101 2339 Salvatorem
1153 2282 1478 2339 cruciﬁxum
1511 2296 1630 2338 esse
1673 2281 1802 2336 dicit
1839 2296 1868 2334 a

285 2375 643 2444 principibus
674 2375 833 2445 hujus
870 2376 1058 2431 mundi
1082 2376 1176 2446 qui
1212 2376 1611 2441 dcstruenturJ
1639 2389 1869 2445 quorum

286 2465 465 2519 etiam
500 2466 820 2537 sapientiam
849 2467 980 2521 dicit
1003 2483 1063 2522 se
1089 2482 1193 2521 non
1220 2468 1364 2536 loqui
1388 2468 1457 2523 ⁸⁸.
1486 2467 1592 2522 Per
1618 2468 1731 2521 haec
1773 2468 1873 2538 igi-

289 2567 383 2612 tur
405 2560 596 2613 omnia
631 2560 791 2613 docet
813 2575 909 2614 nos
935 2559 1213 2628 Scriptura
1238 2560 1438 2623 divina,
1467 2575 1586 2615 esse
1613 2561 1872 2629 quosdam

285 2650 603 2704 invisibiles
632 2652 820 2704 hostes
844 2650 1173 2706 dimicantes
1203 2650 1466 2705 adversus
1496 2667 1616 2716 nos,
1650 2662 1703 2704 et
1737 2667 1873 2721 prae-

284 2741 435 2809 cipit
462 2740 672 2794 artnari
706 2757 805 2795 nos
851 2740 1052 2793 debere
1081 2751 1272 2794 c0ntra
1303 2754 1417 2794 eos.
1471 2739 1624 2795 Unde
1656 2752 1710 2795 et
1736 2742 1872 2795 sitn-

285 2834 563 2905 pliciores
592 2834 789 2902 quique
826 2832 1055 2889 Domino
1078 2833 1295 2887 Christo
1321 2835 1659 2887 credentium
1691 2834 1876 2887 existi-

291 2932 453 2977 mant
480 2962 497 2985 ,
529 2924 670 2991 quod
703 2923 887 2976 omnia
948 2933 1173 2990 peccata
1211 2937 1543 2991 quaecunque
1586 2924 1876 2978 commise-

292 3016 405 3069 rint
432 3016 707 3079 homines,
750 3029 816 3068 ex
851 3014 970 3069 istis
998 3015 1289 3069 contrariis
1318 3015 1608 3069 virtutibus
1637 3026 1870 3070 mentem

295 3107 727 3178 delinquentium
767 3108 1183 3177 perurgentibus
1214 3109 1368 3173 ﬁant,
1399 3123 1497 3177 pro
1534 3124 1598 3162 eo
1624 3110 1765 3178 quod
1817 3109 1868 3162 in

298 3201 595 3256 certamine
625 3201 731 3255 isto
761 3200 1013 3255 invisibili
1046 3200 1351 3267 superiores
1389 3200 1735 3255 inveniantur
1772 3217 1867 3270 po-

305 3301 541 3347 testates.
577 3292 728 3360 Quod
760 3292 806 3347 si
834 3332 849 3358 ,
899 3293 1049 3346 verbi
1077 3306 1264 3355 causa,
1299 3292 1459 3363 139
1479 3293 1726 3350 diabolus
1763 3309 1868 3348 non

303 3393 462 3449 esset,
489 3400 647 3440 nemo
686 3385 961 3439 hominum
996 3388 1215 3440 omnino
1247 3384 1607 3455 delinqueret.

367 3478 421 3532 2.
457 3478 569 3535 Nos
605 3493 734 3533 vero
756 3478 1022 3533 rationem
1055 3477 1777 3543 dilucidiusintuentes,haec
1799 3482 1869 3532 ita

296 3583 417 3627 esse
446 3586 560 3627 non
597 3573 948 3637 arbitramur,
986 3572 1398 3627 considerantes
1435 3586 1497 3625 ea
1528 3586 1648 3640 quae
1700 3573 1872 3625 mani-

299 3661 437 3719 feste
484 3678 555 3720 ex
582 3666 847 3736 corporali
886 3664 1214 3721 necessitate
1245 3652 1600 3719 descendunt.
1630 3664 1710 3716 An
1742 3679 1872 3720 vero

299 3761 599 3826 putandum
645 3771 730 3815 est
758 3760 902 3829 quod
934 3758 1179 3813 diabolus
1211 3757 1489 3812 esuriendi
1524 3756 1603 3811 vel
1652 3757 1867 3811 sitiendi

300 3848 428 3923 (24)
457 3867 627 3907 causa
670 3853 824 3907 nobis
850 3851 1113 3906 exsistat?
1142 3848 1421 3904 Neminem
1463 3864 1581 3904 esse
1618 3859 1750 3919 puto
1777 3848 1868 3920 qui

300 3944 396 4000 hoc
427 3947 634 4001 audeat
660 3945 950 4000 aﬂirtnare.
982 3944 1038 3999 Si
1069 3959 1197 4013 ergo
1242 3941 1511 3998 esuriendi
1557 3953 1611 3995 et
1650 3942 1866 3996 sitiendi

297 4054 400 4093 non
432 4039 602 4094 nobis
623 4039 736 4110 ipse
764 4040 833 4093 sit
858 4053 1039 4105 causa,
1064 4038 1190 4106 quid
1214 4036 1359 4091 aliud
1383 4052 1504 4090 cum
1526 4028 1868 4101 uniuscujus-

295 4145 396 4198 que
420 4142 558 4187 aatas
592 4134 657 4187 ad
681 4131 959 4185 virilitatis
980 4138 1190 4199 tempus
1206 4129 1504 4193 advenerit,
1528 4140 1581 4182 et
1608 4128 1868 4181 naturalis

297 4222 496 4276 caloris
531 4220 807 4277 incentiva
855 4218 1219 4289 suggesserit?
1243 4218 1594 4287 Consequens
1642 4227 1725 4271 est
1754 4218 1869 4270 sine

296 4313 479 4378 dubio,
514 4324 570 4367 ut
593 4315 740 4368 sicut
762 4311 1039 4369 esuriendi
1071 4320 1129 4366 et
1177 4310 1390 4365 sitiendi
1423 4309 1666 4365 diabolus
1699 4324 1863 4363 causa

299 4420 395 4460 non
428 4415 540 4469 est,
564 4406 635 4461 ita
662 4419 761 4460 nec
793 4404 913 4475 ejus
936 4404 1153 4472 quidem
1188 4411 1367 4456 motus
1385 4402 1474 4470 qui
1494 4400 1693 4456 adulta:
1723 4400 1866 4455 aatati

296 4499 615 4554 naturaliter
640 4498 967 4569 suggeritur,
998 4497 1050 4551 id
1073 4505 1157 4550 est
1192 4494 1474 4565 appetendi
1509 4496 1685 4549 coitus
1714 4494 1856 4548 desi-
1888 4523 1932 4577 ο

298 4590 525 4646 deriurn.
554 4592 724 4657 Quam
758 4605 974 4645 causam
1002 4604 1108 4643 non
1140 4588 1325 4657 utique
1354 4602 1612 4657 sempera
1636 4586 1850 4641 diabolo

296 4682 497 4736 moveri
541 4689 748 4736 certum
804 4688 908 4742 est,
947 4679 1017 4732 ita
1078 4688 1138 4731 ut
1181 4679 1475 4746 putandum
1539 4677 1606 4731 sit
1645 4677 1767 4743 quia
1811 4678 1857 4731 si

298 4768 537 4827 diabolus
567 4788 673 4827 non
708 4782 871 4835 esset,
911 4769 1284 4840 hujuscemodi
1320 4769 1656 4823 admistionis
1716 4769 1860 4823 desi-

297 4860 497 4918 derium
531 4880 754 4935 corpora
798 4880 902 4920 non
942 4864 1223 4919 haberent.
1268 4861 1401 4916 Tutn
1452 4862 1645 4916 deinde
1676 4862 1859 4929 consi-

299 4961 537 5011 deremus
556 4957 625 5020 si,
664 4968 719 5011 ttt
736 4958 982 5028 superius
997 4955 1350 5017 ostendimus,
1376 4953 1526 5007 cibus
1553 4955 1859 5010 hominibus

298 5059 396 5101 non
447 5065 511 5105 ex
566 5052 807 5113 diabolo,
875 5054 968 5105 sed
1027 5048 1259 5103 naturali
1314 5048 1547 5117 quodam
1588 5051 1860 5117 appetitur

362 5184 403 5217 ⁸³
436 5186 620 5242 Matth.
656 5205 727 5242 tv.
807 5189 851 5219 '"
888 5188 1047 5243 Joan.
1101 5203 1217 5242 xttt.

364 5296 490 5375 (24)
550 5297 647 5354 Vel
694 5301 930 5356 sitiendi.
962 5299 1118 5355 Deest
1151 5301 1201 5353 in
1230 5309 1388 5353 antea
1411 5298 1596 5363 editis,
1624 5300 1716 5352 sed
1754 5300 1851 5353 ha-

298 5364 531 5424 betur'in
567 5387 694 5424 mss.

363 5438 489 5511 (‘25)
542 5439 635 5495 Sic
688 5439 1008 5495 mss.Alias.
1037 5460 1053 5490 ι
1080 5442 1404 5511 percipiendi
1426 5440 1528 5494 cibi
1558 5442 1792 5511 modum.
1816 5460 1835 5491 ι

299 5501 430 5563 ΙιιίΤει
455 5501 607 5573 tnss.,
644 5529 662 5562 ι
686 5511 847 5563 etiam
872 5511 987 5563 sine
1008 5501 1200 5563 diaboli
1230 5501 1620 5566 incitamentis.
1650 5530 1666 5562 ›
1694 5510 1846 5565 Libb.

299 5581 440 5639 editi,
479 5598 497 5631 t
539 5590 593 5635 et
626 5582 741 5635 sine
785 5580 1065 5635 diabolicis
1097 5582 1473 5636 incitamentis.
1511 5600 1529 5631 ι

365 5650 492 5721 (26)
573 5652 663 5705 Sic
695 5668 822 5704 mss.
861 5651 1030 5713 Alias,
1067 5670 1084 5702 ιι
1122 5653 1410 5711 tentandis,
1444 5670 1463 5702 ι
1500 5652 1660 5705 male.
1686 5650 1849 5705 Paulo

299 5730 409 5791 post
443 5738 632 5784 mss":
672 5723 795 5791 quia
842 5724 981 5777 sicut
1008 5724 1057 5777 in
1103 5723 1257 5777 bonis
1311 5723 1487 5777 rebus.
1526 5740 1545 5773 ι
1587 5721 1639 5777 In
1692 5732 1844 5777 antea

302 5789 447 5846 editis
478 5793 648 5859 deest,
685 5789 702 5843 ἆ
742 5794 913 5851 bonis.
954 5812 971 5843 ι

1314 5187 1358 5217 ⁸⁸
1408 5186 1601 5254 Ephes.
1663 5203 1735 5249 Vl,
1784 5188 1871 5251 il,
1930 5189 2010 5243 12.

1976 1922 2119 1989 quod
2155 1934 2258 1973 non
2276 1919 2455 1974 simile
2484 1919 2686 1987 aliquid
2720 1914 3343 1986 pateremuﬂArbitror
3368 1921 3550 1965 autem

1976 2012 2116 2081 quod
2138 2012 2323 2066 eadem
2360 2012 2585 2065 rationis
2615 2008 3008 2079 consequentia
3040 2008 3200 2060 etiam
3237 2008 3289 2059 in
3341 2005 3552 2058 caeteris

1977 2103 2310 2157 naturalibus
2344 2103 2579 2155 motibus
2609 2102 2781 2170 possit
2830 2098 3073 2168 intelligi,
3100 2096 3435 2164 cupiditatis,
3466 2090 3550 2146 vel

1976 2196 2089 2261 ira),
2145 2193 2231 2249 vel
2261 2193 2517 2255 tristitire,
2549 2195 2633 2247 vel
2669 2193 2718 2245 in
2749 2188 3001 2245 omnibus
3040 2190 3261 2243 omnino
3288 2203 3405 2257 quae
3457 2201 3553 2257 per

1977 2287 2407 2357 intemperantiae
2464 2285 2673 2349 vitium,
2710 2286 2929 2339 modum
2989 2298 3258 2339 mensura:
3288 2280 3550 2335 naturalis

1972 2380 2259 2435 excedunt.
2293 2378 2526 2432 Evidens
2571 2378 2733 2447 igitur
2765 2376 2903 2447 (τη)
2939 2376 3077 2430 ratio
3105 2386 3209 2439 est,
3240 2374 3365 2443 quia
3403 2373 3546 2426 sicut

1974 2473 2027 2525 in
2086 2471 2242 2525 bonis
2289 2471 2450 2525 rebus
2503 2471 2802 2525 humanum
2854 2467 3193 2538 propositum
3230 2465 3401 2519 solum
3454 2478 3548 2533 per

1976 2564 2208 2633 seipsum
2241 2563 2620 2633 imperfectum
2640 2572 2722 2616 est
2747 2563 2811 2613 ad
2840 2559 3365 2615 consummationem
3395 2556 3545 2619 boni,

1977 2653 2244 2720 adjutorio
2275 2668 2509 2722 namque
2539 2653 2725 2705 divino
2754 2651 2819 2705 ad
2844 2650 3085 2720 perfecta
3116 2664 3340 2719 qumque
3358 2648 3552 2717 perdu-

1977 2745 2154 2809 citur;
2179 2744 2253 2799 ita
2270 2746 2438 2799 etiam
2465 2745 2515 2798 in
2535 2746 2825 2800 contrariis
2851 2744 3000 2797 initia
3032 2742 3302 2811 quaedam,
3335 2739 3552 2795 etvelut

1976 2838 2222 2905 quaedam
2269 2839 2474 2892 semina
2526 2847 2875 2905 peccatormn
2916 2835 3103 2891 abhis
3150 2834 3311 2887 rebus
3338 2848 3457 2901 quae
3495 2830 3549 2884 in

1978 2948 2074 2985 usu
2110 2930 2433 2984 naturaliter
2461 2931 2751 2993 habentur,
2782 2928 3101 2998 accipimus.
3132 2926 3265 2981 Cum
3302 2938 3431 2979 vero
3466 2925 3548 2977 in-

1976 3021 2303 3075 dulserimus
2336 3022 2475 3075 ultra
2498 3036 2663 3090 quam
2688 3022 2820 3075 satis
2837 3028 2940 3083 est,
2975 3028 3154 3075 etnon
3188 3016 3550 3071 restiterimus

1974 3110 2110 3181 (28)
2141 3112 2400 3166 adversus
2434 3112 2639 3180 primos
2688 3109 3117 3180 intemperantia:
3170 3118 3381 3173 motus,
3425 3120 3549 3161 tunc

1977 3204 2136 3273 primi
2169 3202 2328 3272 hujus
2359 3203 2538 3259 deliCti
2591 3204 2865 3271 accipiens
2898 3202 3073 3257 locum
3110 3201 3280 3255 virtus
3327 3200 3571 3254 inimica

1978 3297 2197 3366 instigat
2257 3303 2314 3348 et
2340 3304 2593 3364 perurget
2619 3295 2873 3349 omnibus
2920 3292 3116 3356 modis,
3149 3292 3373 3345 studens
3418 3306 3547 3359 pro-

1978 3392 2147 3447 fusius
2178 3391 2406 3445 dilatare
2439 3400 2680 3459 peccata,
2712 3389 2999 3458 etquidem
3041 3388 3196 3441 nobis
3238 3386 3550 3440 hominibus

1977 3485 2292 3538 occasiones
2319 3495 2375 3538 et
2410 3484 2558 3537 initia
2594 3483 2956 3552 prmbentibus
3014 3488 3383 3550 peccatorum,
3443 3480 3545 3531 ini—

1977 3575 2136 3629 micis
2177 3586 2358 3630 antem
2391 3576 2751 3643 potestatibus
2783 3573 2940 3625 latius
2973 3588 3033 3626 ea
3065 3582 3119 3626 et
3147 3570 3377 3639 longius,
3407 3580 3461 3623 et
3502 3570 3546 3623 si

1978 3667 2092 3721 ﬁeri
2140 3673 2319 3732 potest
2355 3666 2560 3734 absque
2618 3665 2729 3717 ullo
2808 3666 2911 3719 ﬁne
2972 3663 3412 3731 propagantibus.
3471 3660 3547 3715 Ita

1977 3757 2209 3825 denique
2248 3758 2298 3811 in
2335 3757 2619 3811 avaritiam
2664 3755 2847 3825 lapsus
2900 3754 3150 3819 eﬁicitur,
3202 3768 3322 3807 cum
3373 3754 3545 3822 primo

1977 3851 2222 3904 homines
2258 3864 2450 3919 parum
2502 3850 2627 3917 quid
2687 3847 2928 3918 pecuniae
2973 3847 3303 3909 desiderant,
3356 3847 3547 3900 deinde

1975 3952 2304 4015 augescente
2336 3942 2462 3997 vitio
2513 3941 2783 4009 cupiditas
2837 3940 3112 3995 increscit.
3141 3938 3270 3993 Post
3300 3939 3402 3993 hoc
3431 3939 3542 4008 jam

1975 4053 2097 4091 cum
2124 4036 2287 4092 etiam
2336 4036 2552 4091 caecitas
2576 4034 2770 4088 mentis
2798 4049 2863 4086 ex
2914 4032 3164 4100 passione
3197 4032 3541 4091 successerit,

1977 4129 2213 4182 inimicis
2260 4127 2551 4182 virtutibus
2587 4125 2733 4196 (‘29)
2763 4123 3179 4194 suggerentibus
3236 4136 3301 4175 ac
3352 4135 3543 4189 perur-

1974 4218 2246 4292 gentibus,
2270 4224 2492 4291 pecunia
2521 4220 2631 4287 jam
2655 4234 2759 4273 non
2794 4217 3156 4278 desideratur,
3189 4216 3281 4268 sed
3312 4214 3541 4281 rapitur,

1974 4321 2029 4367 et
2054 4314 2125 4375 vi,
2163 4321 2253 4364 aut
2280 4314 2438 4364 etiam
2469 4308 2746 4379 sanguinis
2771 4307 2989 4359 humani
3028 4304 3345 4373 profusione
3411 4317 3539 4355 cou-

1974 4402 2223 4470 quiritur.
2274 4402 2354 4455 Ad
2399 4400 2682 4453 certiorem
2738 4398 2971 4465 denique
3012 4394 3087 4446 rei
3150 4395 3329 4460 ﬁdem,
3399 4394 3543 4461 quod

1976 4494 2364 4548 immensitates
2413 4494 2528 4545 ista:
2558 4492 2807 4545 vitiorum
2852 4506 2880 4543 a
2916 4487 3250 4542 daemonibus
3296 4487 3541 4549 veniant,

1963 4588 2319 4657 contemplari
2350 4588 2512 4643 etiam
2565 4604 2629 4641 ex
2676 4603 2740 4640 eo
2783 4586 2942 4641 facile
2971 4593 3168 4655 potest,
3228 4582 3371 4652 quod
3407 4581 3537 4634 nihil

1970 4680 2145 4733 minus
2198 4679 2280 4734 bis
2309 4680 2399 4748 qui
2431 4680 2784 4747 corporaliter
2814 4691 3074 4733 vexantur
3099 4694 3126 4731 a
3177 4674 3531 4738 dannonibus,

1966 4774 2129 4826 etiam
2165 4772 2237 4825 illi
2265 4774 2565 4841 patiuntur,
2586 4773 2673 4841 qui
2704 4773 2787 4826 vel
2821 4773 3188 4828 immoderatis
3234 4767 3529 4825 amoribus,

1966 4863 2050 4918 vel
2082 4863 2172 4917 iraa
2193 4862 2727 4929 intemperantia,vel
2773 4863 3052 4916 nimietate
3077 4862 3313 4914 tristitiae
3348 4872 3534 4926 perur-

1966 4965 2177 5023 gentor.
2211 4954 2343 5008 Nam
2367 4964 2421 5007 et
2449 4955 2497 5006 in
2532 4956 2803 5009 nonnullis
2845 4955 3085 5009 historiis
3111 4953 3358 5017 refertur,
3388 4951 3529 5022 quod

1968 5049 2021 5101 in
2060 5049 2323 5103 insaniam
2378 5049 2591 5117 quidam
2631 5064 2694 5101 ex
2722 5063 2904 5102 amore
2937 5048 3272 5110 deciderunt,
3308 5044 3428 5112 alii,
3464 5058 3531 5095 ex

2106 5190 2150 5219 ⁸⁸
2205 5190 2383 5243 lCor.
2429 5206 2492 5243 ιι.

2023 5302 2134 5373 (27)
2170 5303 2303 5357 Vide
2343 5302 2433 5355 lib.
2471 5318 2510 5356 ιι
2568 5302 2896 5372 0rigeuian.,
2922 5317 2975 5371 q.
3028 5301 3080 5365 7,
3110 5318 3257 5354 nttm.
3294 5300 3325 5351 ει
3350 5308 3401 5351 et
3436 5300 3524 5352 Η.

2023 5418 2154 5490 (28)
2216 5419 2303 5474 Sic
2368 5434 2496 5473 mss.
2552 5419 2719 5482 Alias,
2760 5438 2779 5469 ε
2857 5418 3330 5490 ςιιιιςιίιειςίιιιιιξ.)
3386 5413 3528 5490 Infra

1952 5483 2106 5552 mss,
2138 5483 2165 5539 ἰ
2208 5490 2401 5543 deinde
2460 5499 2783 5560 augescente
2834 5491 2983 5541 vitio.
3018 5506 3035 5536 ι
3100 5486 3150 5537 lu
3199 5483 3327 5537 libb.
3362 5483 3526 5539 editis

1956 5563 2125 5626 deest,
2164 5580 2182 5612 ι
2217 5562 2428 5615 deinde.
2472 5581 2491 5612 ι

2022 5676 2158 5745 (29)
2239 5675 2547 5731 Virtutibus.
2607 5675 2763 5729 Deest
2804 5676 2853 5727 in
2892 5679 3044 5725 antea
3088 5670 3268 5732 editis,
3302 5669 3396 5725 sed
3431 5669 3531 5729 ba-

1955 5748 2113 5802 betur
2146 5749 2196 5801 in
2230 5762 2357 5801 mss.
