4014 6142
468 314 574 377 507

1691 312 2012 369 ORIGENIS
2052 313 2211 364 ΠΕΡΙ
2253 310 2478 362 ᾹΡΧΩΝ

3594 295 3692 350 308

470 439 772 500 iracundia,
807 436 1042 492 nonnulli
1076 451 1137 488 ex
1186 433 1423 496 tristitia,
1464 431 1544 484 vel
1597 431 1762 483 nimio
1807 429 2017 498 gaudio:

2132 461 2326 514 genere
2349 443 2540 498 debeat
2564 441 2777 493 vincere
2802 437 2890 504 qui
2913 444 3178 496 tentatur;
3203 431 3340 485 sicut
3363 431 3453 485 ille
3475 431 3691 499 quidem

465 531 614 595 quod
655 530 885 582 arbitror
925 542 988 578 ex
1039 539 1101 578 eo
1131 524 1392 583 accidere,
1430 523 1556 592 quia
1587 523 1868 576 contraria:
1912 523 2026 574 ista:

467 621 711 680 virtutes,
737 620 785 672 id
815 629 894 672 est
912 618 1194 679 daemones,
1217 614 1334 669 loco
1353 615 1451 669 sibi
1479 616 1731 668 ineorum
1760 613 2025 666 mentibus

469 717 614 779 dato,
644 730 800 783 quem
849 711 1262 780 intemperantia
1317 711 1464 780 prius
1511 708 1826 778 patefecerit
1866 706 2023 776 (50),

467 821 681 858 sensum
720 819 903 856 eorum
938 804 1154 870 penitus
1203 803 1569 871 possederint:
1625 801 1856 854 maxime
1904 815 2026 853 cuin

466 895 607 948 nulla
639 908 728 946 eos
755 895 818 945 ad
852 894 1211 948 resistendum
1247 893 1465 946 virtutis
1509 893 1676 963 gloria
1716 893 2050 946 concitarit.‘

537 984 588 1036 5.
625 982 774 1048 Quod
814 993 988 1036 autem
1033 985 1141 1037 sint
1172 984 1414 1052 quzcdam
1441 994 1658 1051 peccata
1691 999 1808 1052 quo:
1859 998 1962 1036 non
1995 998 2024 1035 a

461 1069 751 1123 contrariis
796 1068 1087 1122 virtutibus
1141 1069 1389 1132 veniant,
1433 1068 1526 1121 sed
1572 1083 1634 1120 ex
1692 1069 2024 1121 naturalibus

461 1161 708 1230 corporis
763 1162 1000 1214 motibus
1048 1161 1258 1214 initium
1288 1169 1536 1222 sumant,
1593 1160 2024 1214 manifestissime

459 1253 705 1306 declarat
734 1252 1008 1321 apostolus
1027 1251 1222 1305 Paulus
1249 1253 1299 1305 in
1341 1266 1403 1305 co
1440 1255 1564 1304 dum
1609 1252 1774 1305 dicit:
1828 1270 1846 1301 σ
1883 1252 2023 1305 Caro

459 1343 795 1411 concupiscit
843 1343 1099 1397 adversus
1139 1343 1405 1410 spiritum,
1441 1342 1662 1411 spiritus
1700 1354 1877 1397 autem
1929 1345 2024 1395 ad-

457 1449 649 1488 versus
669 1450 884 1490 carnem
909 1453 922 1499 ;
947 1437 1062 1487 bzec
1087 1445 1208 1488 sunt
1228 1449 1348 1502 qua:
1381 1433 1479 1486 sibi
1513 1433 1737 1486 invicem
1766 1434 2023 1486 resistunt

457 1535 518 1580 ut
548 1542 656 1581 non
684 1541 800 1595 quae
832 1527 993 1580 vultis
1027 1527 1116 1579 illa
1149 1525 1361 1580 faciatis
1415 1527 1479 1578 ⁸⁷.
1520 1545 1538 1577 ι
1595 1525 1651 1578 Si
1718 1541 1845 1594 ergo
1897 1542 2021 1579 caro

456 1620 801 1688 concupiscit
832 1620 1089 1673 adversus
1123 1620 1390 1688 spiritum,
1415 1629 1471 1672 et
1503 1620 1726 1689 spiritus
1764 1620 2020 1672 adversus

456 1727 702 1777 carnem,
736 1724 818 1767 est
860 1713 1014 1768 nobis
1059 1712 1347 1782 aliquando
1402 1712 1714 1769 colluctatio
1763 1713 2020 1766 adversus

455 1821 677 1860 carnem
704 1815 757 1859 et
789 1806 1128 1874 sanguinem,
1164 1806 1215 1858 id
1242 1815 1326 1859 est
1369 1820 1490 1858 cum
1547 1803 1792 1858 homines
1841 1819 2025 1857 sumus
2055 1793 2097 1848 Β

455 1896 617 1969 (51),
641 1907 693 1951 et
734 1898 1025 1951 secundum
1060 1913 1277 1951 carnem
1311 1896 1664 1962 ambulamus,
1692 1905 1885 1950 etcum
1918 1911 2019 1948 non

453 2004 744 2056 possumus
792 1989 985 2040 tentari
1034 1989 1084 2040 in
1121 1988 1418 2056 majoribus
1445 1989 1832 2042 tentationibus
1859 2003 2019 2055 quam

447 2079 730 2145 Ehumanis,
761 2095 881 2133 cum
907 2079 1105 2133 dicitur
1136 2080 1202 2134 de
1231 2079 1417 2133 nobis:
1455 2097 1474 2129 ι
1508 2078 1758 2133 Tentatio
1787 2095 1883 2134 vos
1914 2096 2016 2134 non

443 2173 876 2242 comprehendat
906 2173 1007 2225 nisi
1041 2173 1294 2226 humana.
1329 2172 1529 2227 Fidelis
1561 2180 1737 2225 autem
1763 2171 1907 2228 Deus
1929 2174 2020 2242 qui

453 2284 562 2322 non
579 2269 852 2337 permittet
869 2282 963 2321 vos
983 2265 1350 2335 tentarilsupra
1371 2263 1422 2317 id
1437 2264 1581 2331 quod
1608 2264 1829 2330 potestis
1843 2262 1982 2318 ⁸³-⁸⁹.
1997 2283 2015 2316 ι

449 2358 608 2414 Sicut
632 2360 775 2414 enim
803 2360 857 2413 hi
893 2359 982 2428 qui
1013 2357 1279 2428 agonibus
1305 2362 1562 2424 prmsunt,
1586 2371 1678 2409 eos
1702 2355 1793 2423 qui
1826 2355 2021 2409 adcer-

449 2461 634 2506 tamen
659 2453 904 2515 veniunt,
938 2466 1041 2505 non
1082 2461 1373 2520 utcunque,
1412 2464 1585 2512 neque
1613 2445 1835 2501 fortuito
1879 2449 2020 2502 inter

451 2561 512 2599 se
531 2547 714 2600 sinunt
746 2546 886 2599 inire
909 2545 1227 2610 certamina,
1245 2545 1338 2597 sed
1362 2541 1603 2612 diligenti
1626 2541 2022 2596 examinatione

451 2648 615 2707 prout
645 2639 726 2693 vel
759 2654 982 2708 corpora
1021 2637 1275 2700 viderint,
1331 2634 1414 2689 vel
1458 2643 1664 2698 aetates,
1710 2633 2017 2701 aequissima

449 2729 1162 2802 comparationeiungentes
1188 2726 1337 2782 illum
1367 2743 1489 2782 cum
1514 2726 1626 2791 illo,
1652 2725 1795 2779 verbi
1821 2729 2017 2794 gratia,

447 2839 647 2891 pueros
695 2839 816 2878 cum
865 2822 1069 2892 pueris,
1107 2822 1252 2876 viros
1299 2835 1420 2875 cum
1471 2819 1628 2883 viris,
1660 2818 1752 2887 qui
1803 2817 1903 2871 sibi
1935 2817 2019 2870 vel

449 2915 547 2967 aevi
584 2915 666 2967 vel
697 2914 904 2968 roboris
927 2913 1326 2982 propinquitate
1352 2910 1718 2974 conveniant;
1750 2909 1824 2962 ita
1867 2907 2020 2960 intel-

450 3007 724 3076 ligendum
777 3013 860 3061 est
892 3007 1054 3059 etiam
1111 3007 1176 3059 de
1226 3005 1406 3058 divina
1466 3001 1833 3070 providentia,
1873 2999 2017 3070 quod

450 3114 640 3154 omnes
665 3100 755 3167 qui
789 3098 842 3150 in
860 3098 960 3152 bos
991 3097 1374 3152 humanaevitze
1391 3095 1769 3150 descenderint
1796 3107 2018 3162 agones,
2045 3135 2089 3196 α

443 3192 741 3264 justissima
762 3189 1134 3245 moderatione
1148 3190 1420 3260 dispenset
1435 3188 1726 3254 secundum
1751 3187 2018 3240 rationem

448 3285 872 3356 uniuscujusque
903 3285 1146 3350 virtutis,
1173 3284 1332 3354 quam
1389 3281 1502 3350 ipse
1545 3281 1710 3344 solus,
1739 3281 1829 3350 qui
1873 3278 2020 3334 solus

443 3382 612 3436 corda
645 3379 922 3436 hominum
957 3378 1217 3445 intuetur,
1245 3375 1486 3446 agnoscit
1522 3383 1619 3441 ;ut
1642 3371 1781 3428 alius
1803 3371 2016 3442 quidem

444 3483 647 3546 pugnet
673 3475 931 3527 adversus
954 3486 1173 3526 carnem
1207 3468 1368 3542 140
1389 3459 1574 3534 talem,
1593 3466 1731 3522 alius
1755 3480 1883 3521 vero
1918 3465 2017 3518 ad-

445 3585 636 3625 versus
677 3570 836 3624 talem
882 3566 1052 3640 (5‘2),
1103 3577 1158 3620 et
1223 3563 1361 3618 alius
1422 3561 1636 3632 quidem
1705 3560 1758 3614 in
1813 3569 2014 3614 tantum

444 3673 682 3727 tempus,
709 3660 844 3713 alius
878 3674 1006 3714 vero
1047 3658 1101 3711 in
1138 3665 1363 3718 tantum,
1391 3664 1443 3708 et
1482 3665 1539 3708 ut
1561 3654 1699 3707 alter
1728 3653 2018 3722 instigetur

443 3769 610 3807 carne
646 3755 698 3806 in
759 3755 862 3809 hoc
914 3753 997 3810 vel
1045 3752 1196 3817 illttd,
1227 3751 1365 3804 alius
1389 3764 1519 3803 vero
1563 3749 1616 3801 in
1668 3746 1838 3809 aliud;
1901 3757 2012 3800 tum

442 3859 575 3898 vero
603 3855 660 3898 ut
693 3844 830 3898 alius
865 3845 1084 3899 resistat
1110 3844 1370 3898 adversus
1395 3842 1672 3896 inimicam
1694 3847 2011 3909 potestatem

443 3936 590 3990 illam
638 3937 720 3989 vel
754 3936 920 3998 illam,
953 3936 1086 3989 alius
1118 3951 1248 3990 vero
1293 3937 1549 3988 adversus
1585 3933 1717 3984 duas
1768 3931 1850 3983 vel
1904 3940 2016 3984 tres

442 4026 645 4092 simul,
697 4037 789 4080 aut
844 4039 984 4079 nunc
1044 4026 1261 4094 quidem
1328 4025 1587 4077 adversus
1644 4022 1826 4085 aliam,
1875 4035 2016 4073 nunc

441 4119 638 4172 iterum
685 4119 946 4172 adversus
979 4116 1160 4181 aliam,
1205 4126 1258 4170 et
1304 4124 1455 4168 certo
1493 4124 1733 4182 tempore
1780 4111 2012 4180 quodam

440 4213 704 4267 adversus
741 4210 906 4272 illam,
951 4220 1005 4265 et
1051 4218 1200 4265 certo
1237 4207 1471 4278 quodam
1511 4209 1770 4262 adversus
1827 4204 2011 4266 aliam,

437 4305 522 4360 vel
550 4315 672 4372 post
706 4320 826 4375 qua:
860 4313 1006 4376 gesta
1042 4304 1304 4357 adversus
1335 4315 1469 4369 quas
1501 4307 1724 4369 pugnet,
1757 4305 2010 4367 postque:

436 4411 568 4452 vero
596 4397 859 4451 adversus
887 4395 1022 4449 alias
1053 4391 1428 4464 (35).!ntuere
1450 4390 1616 4454 enim,
1644 4403 1709 4442 ne
1739 4388 1879 4443 forte
1909 4387 2014 4443 tale

2131 540 2219 605 qui
2269 539 2321 590 in
2383 549 2550 604 agone
2601 529 2891 591 contendit,
2945 527 3188 597 quamvis
3241 539 3393 593 atque
3448 524 3696 578 modera-

2132 631 2277 682 tione
2318 634 2658 694 comparatus
2703 624 2796 688 sit}
2818 619 3149 681 adversario,
3191 632 3298 670 non
3335 627 3512 670 tamen
3546 614 3694 669 omni

2132 733 2332 789 genere
2373 718 2588 770 vincere
2617 715 2834 784 powrit.
2883 709 3074 766 Verum
3121 709 3220 762 nisi
3265 707 3486 778 mqualis
3535 705 3697 761 fuerit

2132 810 2556 867 concertantium
2616 806 2810 868 virtus,
2869 818 2974 857 non
3028 803 3129 856 erit
3163 803 3306 871 justa
3351 799 3528 869 palma
3576 799 3697 852 vin-

2131 905 2320 967 centis,
2381 916 2477 956 nec
2515 898 2659 968 juste
2689 897 2997 965 culpabitur
3024 895 3216 956 vict-us,
3239 901 3523 961 propterea
3548 890 3693 959 quod

2131 994 2396 1065 permittit
2422 993 2636 1061 quidem
2672 1003 2767 1042 nos
2798 987 3016 1052 tentari,
3052 999 3157 1038 non
3203 994 3380 1037 tamen
3434 997 3596 1050 supra
3639 981 3696 1036 id

2131 1087 2272 1156 quod
2293 1098 2608 1153 possumus;
2643 1097 2736 1152 pro
2759 1081 2964 1134 viribus
2985 1079 3132 1133 enim
3159 1076 3357 1131 nostris
3387 1085 3693 1141 tentantur;

2131 1198 2230 1235 nec
2261 1189 2436 1233 tamen
2468 1177 2728 1245 scriptum
2759 1184 2862 1231 est.
2912 1173 3036 1242 quia
3079 1169 3242 1224 faciet
3293 1171 3345 1221 in
3398 1167 3695 1221 tentatione

2129 1271 2289 1326 etiam
2331 1273 2532 1323 exitum
2577 1265 2899 1327 sustinendi,
2931 1263 3025 1318 sed
3055 1262 3260 1319 exitum
3293 1259 3425 1330 (55),
3454 1269 3507 1314 ut
3531 1258 3693 1314 susti-

2129 1378 2258 1416 nere
2301 1360 2590 1428 possimus.
2645 1355 2717 1410 Ut
2746 1369 2876 1409 vero
2915 1355 3014 1408 hoc
3055 1367 3162 1423 quo
3188 1365 3346 1422 posse
3377 1349 3533 1404 nobis
3581 1350 3695 1417 ipse

2128 1458 2271 1511 dedit
2304 1456 2382 1508 vel
2413 1465 2654 1518 strenue,
2685 1453 2764 1506 vel
2811 1452 3048 1520 segniter
3073 1449 3410 1520 impleamus,
3449 1449 3502 1502 in
3542 1449 3698 1503 nobis

2129 1562 2226 1604 est.
2259 1550 2483 1602 Dubium
2518 1548 2661 1601 enim
2692 1561 2794 1599 non
2826 1555 2908 1598 est
2953 1545 3094 1612 quod
3134 1543 3186 1596 in
3224 1542 3369 1597 omni
3405 1542 3698 1596 tentatione

2127 1642 2278 1694 adest
2310 1640 2462 1693 nobis
2494 1637 2756 1692 tolerandi
2811 1637 3005 1696 virtus,
3056 1634 3102 1687 si
3135 1644 3313 1689 tamen
3347 1648 3442 1687 nos
3481 1647 3697 1702 compe-

2129 1741 2305 1784 tenter
2329 1740 2542 1783 utamur
2564 1729 2767 1781 virtute
2784 1742 3062 1782 concessa.
3087 1724 3200 1779 Non
3224 1724 3369 1779 enim
3395 1722 3524 1793 (56)
3554 1725 3692 1777 idem

2126 1823 2428 1876 esthabere
2461 1820 2710 1874 vincendi
2753 1818 3028 1884 virtutem,
3063 1826 3117 1871 et
3141 1816 3376 1881 vincere,
3407 1817 3550 1870 sicut
3583 1816 3696 1884 ipse

2124 1915 2416 1982 Apostolus
2479 1912 2797 1968 cautissimo
2869 1924 3120 1965 sermone
3185 1909 3420 1978 signavit
3465 1905 3688 1972 dicens,

2124 2006 2249 2073 quia
2286 2023 2304 2054 ι
2339 2003 2496 2057 Dabit
2541 2001 2679 2055 Deus
2717 2000 2919 2055 exitum
2974 2008 3032 2053 ut
3069 1998 3338 2053 sustinere
3392 1998 3636 2068 possitis,
3669 2013 3691 2047 ι

2125 2112 2258 2161 non,
2291 2107 2348 2150 ut
2370 2094 2704 2149 sustinentis.
2737 2091 2884 2146 Multi
2917 2092 3062 2145 enim
3118 2106 3224 2144 non
3256 2089 3368 2162 (57)
3401 2090 3693 2156 sustinent,

2123 2193 2217 2245 sed
2247 2192 2296 2244 in
2341 2191 2635 2244 tentatione
2667 2190 2972 2242 vincuntur.
3025 2188 3072 2238 A
3125 2187 3236 2238 Deo
3279 2195 3457 2238 autem
3509 2182 3694 2248 datur,

2125 2299 2229 2338 non
2259 2291 2315 2337 ut
2350 2281 2739 2337 sustineamus:
2770 2279 3007 2347 alioquin
3051 2276 3254 2330 nullum
3283 2277 3395 2345 jam
3421 2275 3694 2330 videretur

2124 2387 2244 2428 esse
2271 2384 2574 2438 certamen;
2601 2371 2693 2427 sed
2717 2381 2773 2425 ut
2794 2366 3065 2425 sustinere
3085 2371 3374 2439 possimus.
3405 2369 3479 2421 Ea
3510 2377 3690 2422 autem

2123 2467 2324 2521 virtute
2368 2481 2488 2534 quae
2518 2464 2675 2519 nobis
2728 2465 2851 2518 data
2885 2471 2965 2517 est
3021 2475 3076 2516 ut
3130 2463 3349 2520 vincere
3400 2461 3691 2530 possimus,

2126 2558 2416 2612 secundum
2459 2555 2612 2611 liberi
2663 2554 2870 2609 arbitrii
2915 2556 3226 2612 facultatem
3283 2565 3376 2615 aut
3431 2553 3694 2608 industrie

2123 2649 2346 2712 utimur,
2396 2657 2450 2701 et
2494 2647 2787 2711 vincimus;
2820 2659 2911 2703 aut
2958 2649 3215 2719 segniter,
3254 2656 3308 2700 et
3343 2659 3689 2714 superamur.

2123 2739 2179 2792 Si
2201 2731 2355 2793 enim
2386 2747 2552 2792 totum
2584 2738 2739 2792 nobis
2767 2739 2872 2793 hoc
2901 2740 3058 2793 detur
3091 2749 3148 2792 ut
3179 2737 3325 2792 omni
3375 2750 3571 2804 genere
3599 2751 3692 2789 su-

2121 2843 2390 2898 peremus,
2420 2837 2475 2882 et
2504 2828 2652 2882 nullo
2679 2829 2835 2883 modo
2864 2831 3164 2893 vincamur,
3192 2843 3312 2897 quae
3337 2825 3448 2896 jam
3507 2839 3694 2894 super-

2120 2929 2226 2984 est,
2256 2932 2415 2972 causa
2441 2917 2687 2972 certandi
2730 2918 2778 2971 ei
2833 2919 2922 2985 qui
2972 2917 3110 2974 vinci
3171 2932 3277 2972 non
3332 2913 3541 2984 potest?
3584 2914 3695 2966 Aut

2121 3013 2264 3082 quod
2308 3012 2497 3080 palma:
2552 3013 2836 3077 meritum,
2897 3012 2984 3065 ubi
3053 3011 3382 3081 repugnandi
3434 3009 3694 3064 adimitur

2121 3104 2484 3172 vincendique
2505 3103 2769 3158 facultas?
2791 3103 2847 3157 Si
2869 3118 2995 3162 vero
3012 3083 3171 3172 atque
3193 3102 3407 3172 quidem
3434 3099 3694 3155 omnibus

2123 3195 2279 3250 nobis
2328 3196 2581 3250 vincendi
2632 3195 2962 3266 possibilitas
3007 3196 3334 3265 prebeatur,
3384 3193 3436 3247 in
3507 3201 3693 3248 nostra

2124 3298 2308 3343 autem
2343 3289 2575 3358 positum
2602 3290 2672 3344 sit
2699 3297 2990 3358 potestate,
3017 3274 3287 3357 quomodo
3322 3289 3423 3342 hac
3465 3286 3694 3356 possibi-

2120 3379 2270 3436 litate
2323 3382 2400 3436 uti
2467 3383 2788 3449 debeamus,
2846 3382 2897 3435 id
2968 3390 3056 3437 est
3110 3381 3194 3436 vel
3252 3380 3546 3445 industrie,
3607 3377 3692 3433 vel

2120 3473 2382 3544 segniter,
2403 3473 2551 3545 justa
2572 3475 2772 3528 eritvel
2794 3476 2918 3530 victi
2944 3474 3119 3543 culpa,
3139 3473 3225 3527 vel
3247 3471 3424 3541 palma
3447 3469 3686 3525 victoris.

2117 3565 2288 3636 igitur
2338 3581 2403 3621 ex
2454 3568 2538 3621 his
2584 3582 2702 3638 qua:
2749 3582 2847 3636 pro
2897 3566 3104 3621 viribus
3155 3563 3354 3619 nostris
3420 3562 3690 3632 disputata

2119 3670 2266 3726 sunt,
2292 3661 2532 3714 arbitror
2547 3660 2686 3727 quod
2719 3659 2994 3712 evidenter
3017 3658 3282 3727 apparuit,
3315 3669 3433 3711 esse
3447 3656 3688 3726 quaedam

2121 3751 2314 3806 delicta
2352 3765 2470 3820 quae
2516 3763 2858 3818 nequaquam
2891 3748 3144 3817 malignis
3188 3747 3478 3802 virtutibus
3501 3761 3690 3816 perur-

2122 3843 2369 3914 gentibus
2450 3842 2872 3905 committamus,
2945 3841 3234 3896 alia‘vero
3304 3855 3423 3897 esse
3494 3843 3690 3910 quibus

2120 3935 2382 3989 instinctu
2420 3950 2602 3989 earum
2635 3934 2700 3986 ad
2727 3933 3057 3986 nimietatem
3091 3924 3376 4002 quamdam
3420 3933 3690 3988 immode-

2123 4029 2501 4097 rationemque
2572 4040 2950 4096 provocemur.
3010 4025 3162 4080 Unde
3211 4038 3546 4094 consequens
3605 4035 3691 4080 est

2118 4132 2259 4170 nunc
2302 4116 2577 4185 inquirere
2605 4116 2877 4183 quomodo
2928 4114 3058 4186 ipsa)
3112 4117 3400 4170 contrariae
3460 4116 3689 4172 virtutes

2117 4209 2230 4263 haec
2254 4210 2364 4278 ipsa
2403 4209 2751 4262 incitamenta
2780 4217 3070 4276 operentur
3097 4207 3150 4260 in
3192 4207 3369 4264 nobis.

2186 4301 2239 4354 ι.
2273 4300 2644 4366 Cogitationes
2681 4314 2801 4368 quae
2829 4300 2894 4353 de
2933 4301 3097 4355 corde
3135 4309 3323 4356 nostro
3362 4301 3683 4371 procedunt,

2113 4393 2194 4446 vel
2218 4393 2476 4446 memoria
2513 4407 2956 4464 quorumcunque
2980 4402 3274 4463 gestorum,
3304 4394 3388 4449 vel
3411 4409 3672 4463 quarum-

437 4488 640 4556 aliquid
680 4487 952 4543 indicetur
1012 4501 1108 4556 per
1138 4486 1239 4540 hoc
1293 4483 1434 4552 quod
1494 4485 1626 4538 dicit
1685 4482 2011 4550 Apostolus:
2045 4496 2090 4551 ιι
2121 4485 2254 4539 libet
2288 4499 2466 4538 rerum
2494 4499 2889 4552 causarumque
2933 4484 3338 4554 contemplatio,
3373 4486 3681 4540 invenimus

443 4600 462 4633 ι
499 4579 704 4634 Fidelis
754 4570 929 4632 autem
962 4575 1105 4629 Deus
1133 4579 1222 4646 qui
1264 4593 1369 4630 non
1419 4575 1657 4645 patietur
1685 4591 1778 4630 vos
1809 4576 2005 4630 tentari

437 4687 600 4740 supra
632 4671 683 4724 id
717 4669 858 4738 quod
887 4669 1112 4736 potestis
1138 4708 1151 4732 ,
1185 4688 1202 4719 ι
1255 4668 1303 4720 id
1336 4679 1438 4730 est,
1492 4684 1588 4737 pro
1629 4683 1697 4722 eo
1721 4670 1862 4738 quod
1890 4669 2003 4722 sin-

438 4763 545 4833 guli
586 4775 682 4830 pro
714 4759 936 4813 virtutis
977 4773 1088 4812 sua:
1146 4758 1465 4826 quantitate,
1515 4759 1602 4811 vel
1658 4759 2015 4828 possibilitate

439 4855 737 4900 tentantur.
777 4845 888 4900 Nec
933 4854 1106 4898 tamen
1157 4846 1410 4913 quoniam
1452 4845 1689 4902 diximus
1712 4845 1860 4914 justo
1924 4849 2016 4902 Dei

439 4931 791 5006 (54)judicio
815 4951 1252 5003 unumquemque
1293 4950 1393 5003 pro
1437 4937 1654 4991 virtutis
1689 4954 1801 4992 suae
1842 4955 2014 5009 quan-

440 5031 598 5082 titate
639 5028 854 5088 tentari,
898 5027 1102 5081 idcirco
1161 5031 1455 5096 putandum
1515 5040 1620 5094 est,
1673 5032 1800 5099 quia
1869 5034 2013 5088 omni

506 5167 549 5197 ⁸⁷
584 5163 705 5220 Gal.
736 5181 796 5230 v,
829 5165 914 5219 l7.
993 5165 1155 5218 "-391
1186 5167 1307 5222 Cor.
1343 5183 1400 5235 ι,
1432 5168 1518 5222 15.

504 5280 838 5361 (50_)_‘Quem
892 5284 1288 5361 intemperantia
1338 5287 1480 5361 prius
1529 5287 1846 5361 patefecerit,
1875 5293 1982 5361 ,sic

432 5353 568 5409 mss.
595 5353 763 5420 Alias,
806 5371 825 5403 ι
854 5363 960 5424 per
981 5353 1447 5424 intemperantiam
1479 5353 1657 5424 prius.
1678 5378 1697 5410 ι

503 5424 644 5494 (51)
683 5424 757 5479 Ita
783 5438 913 5478 mss.
942 5423 998 5477 ln
1035 5422 1192 5478 editis
1220 5425 1390 5488 deest,
1430 5445 1448 5476 ‹
1476 5422 1680 5484 sumus.
1716 5448 1736 5480 ι

501 5492 636 5565 (3'2)
676 5495 821 5546 Alius
868 5511 984 5548 vero
1028 5497 1276 5548 adversus
1312 5496 1488 5549 talem.
1518 5497 1659 5552 :llasc
1716 5501 1766 5552 in
1821 5510 1975 5557 antea

431 5567 586 5621 editis
609 5566 806 5618 omissa
835 5574 1118 5632 sunt,qua:
1145 5566 1431 5619 restituunt
1453 5569 1754 5623 codd..mss.
1779 5571 1973 5625 Ibidem

434 5652 585 5694 mss.,
625 5655 643 5685 ς
681 5644 733 5687 et
761 5643 817 5686 ut
873 5636 1010 5688 alter
1046 5635 1331 5705 instigetur
1384 5653 1563 5691 carne.
1605 5657 1622 5688 ι
1661 5641 1827 5704 Alias,
1866 5659 1886 5693 ι
1920 5651 1974 5695 et

432 5715 490 5758 ut
521 5705 654 5757 alter
694 5706 912 5774 instiget
969 5721 1210 5760 carnem.
1249 5724 1266 5756 ι
1298 5706 1465 5761 Paulo
1503 5709 1643 5762 infra
1687 5727 1840 5774 mss.,
1881 5731 1897 5762 ι
1925 5721 1982 5767 et

432 5783 581 5830 certo
610 5785 844 5854 tempore
864 5775 1094 5854 quodam
1121 5775 1377 5835 adversus
1402 5779 1578 5834 aliam.
1624 5798 1642 5833 υ
1681 5781 1827 5839 Alias
1865 5798 1962 5854 pro

440 5869 453 5893 ι
492 5845 775 5915 quodam)
815 5844 1006 5914 legitur
1038 5865 1054 5897 t
1116 5863 1238 5916 quo.
1271 5867 1288 5900 ι

2118 4578 2258 4647 quod
2287 4575 2570 4643 aliquoties
2600 4589 2664 4628 ex
2695 4576 2848 4630 nobis
2875 4576 3004 4645 ipsis
3032 4577 3349 4645 procedant,
3391 4576 3681 4646 aliquoties

2119 4683 2146 4720 a
2178 4667 2468 4721 contrariis
2501 4667 2788 4723 virtutibus
2829 4670 3172 4724 concitentur
3213 4668 3382 4741 ('58);
3415 4671 3682 4725 interdum

2113 4763 2274 4815 etiam
2331 4778 2359 4814 a
2412 4761 2542 4826 Deo,
2597 4762 2680 4816 vel
2729 4779 2758 4816 a
2804 4765 3012 4818 sanctis
3061 4765 3680 4833 angelisimmittantur.

2114 4853 2310 4906 Verum
2361 4853 2474 4906 lure
2507 4855 2580 4908 ita
2627 4868 2747 4908 esse
2787 4854 3087 4909 fabulosum
3127 4856 3359 4911 fortasse
3389 4856 3683 4923 videbitur,

2117 4947 2216 5002 nisi
2254 4944 2548 5012 Scriptura:
2582 4946 2778 5000 divinae
2807 4946 3129 5001 testimoniis
3154 4947 3317 5001 fuerit
3365 4947 3686 5017 comproba-

2122 5047 2254 5091 tum.
2296 5036 2445 5104 Quod
2489 5051 2618 5105 ergo
2647 5038 2902 5105 cogitatio
2929 5038 3136 5092 oriatur
3157 5055 3224 5094 ex
3279 5041 3456 5106 nobis,
3517 5037 3683 5093 David

2154 5290 2275 5355 (55)
2307 5290 2397 5344 Sic
2430 5306 2560 5345 mss.
2592 5293 2760 5357 Alias,
2796 5313 2815 5344 ‹
2841 5295 3100 5347 adversus
3132 5294 3383 5348 malitias.
3413 5314 3429 5344 ι

2153 5362 2410 5432 (54)Dei.
2445 5363 2602 5416 Deest
2629 5365 2678 5416 in
2699 5374 2854 5418 antea
2887 5363 3065 5427 editis,
3092 5365 3184 5418 sed
3209 5365 3434 5418 habetur
3459 5363 3508 5417 in
3542 5377 3677 5419 mss.

2151 5431 2284 5503 (55)
2321 5433 2649 5496 Sustinendi,
2670 5434 2757 5487 sed
2783 5436 2996 5488 exitum.
3023 5433 3148 5489 Hzec
3192 5436 3244 5490 iu
3283 5435 3442 5489 editis
3485 5436 3684 5488 omissa

2077 5512 2220 5563 sunt,
2258 5503 2348 5555 sed
2377 5503 2641 5554 habeatur
2669 5505 2719 5557 in
2747 5520 2874 5558 mss.

2145 5570 2256 5643 (56)
2303 5573 2424 5643 Vide
2446 5571 2748 5643 Qrigenian.
2783 5575 2872 5630 lib.
2901 5588 2963 5640 ιι,
2989 5590 3042 5642 q.
3074 5575 3125 5636 7,
3168 5591 3312 5630 nutu.
3344 5575 3432 5630 10.

2154 5641 2250 5714 (57
2271 5641 2623 5715 Ηγρητῡεθςι
2640 5647 2689 5696 in
2710 5652 2862 5698 antea
2884 5641 3060 5707 editis,
3077 5647 3168 5699 sed
3187 5647 3451 5715 reperitur
3468 5645 3518 5699 in
3548 5658 3678 5699 mss.

2152 5715 2261 5781 (58
2281 5713 2297 5782 )
2317 5713 2406 5766 Sic
2438 5713 2579 5768 hunc
2613 5714 2782 5768 locum
2820 5716 3103 5769 restituunt
3123 5713 3260 5770 mss.
3287 5716 3432 5769 Alias
3462 5715 3682 5783 legitur.

2095 5803 2127 5856 t_
2157 5783 2440 5856 aliqtroties
2486 5795 2540 5836 et
2595 5786 2887 5839 contrariis
2925 5786 3220 5840 virtutibus
3266 5787 3398 5856 {fieri
3447 5787 3678 5856 soleant.

2095 5853 2243 5920 Quod
2285 5853 2556 5918 Salomon,
2620 5875 2636 5907 ι
2672 5867 2772 5915 ctr.
2814 5857 3009 5923 Sicque
3032 5858 3193 5910 multa
3212 5853 3405 5913 emissa
3440 5855 3677 5909 fuerant.
