4014 6142
383 287 485 343 309

1689 289 1889 343 LlBlle
1931 287 2254 343 TERTIUS.

3516 283 3621 341 310

382 417 614 464 testatur
660 407 710 461 in
757 406 986 463 Psalmis
1021 409 1248 464 dicens:
1305 428 1322 460 ς
1355 409 1490 476 Quia
1555 411 1814 476 cogitatio
1851 411 1950 462 ho-
1981 409 2291 466 Ahonores
2358 406 2716 477 magniﬁcos,
2769 402 3034 458 universa:
3076 413 3255 456 autem
3307 412 3619 457 sanctorum

378 502 540 558 minis
623 501 970 557 conﬁtebitur
1018 503 1138 563 tibi.
1200 511 1254 556 et
1303 502 1544 572 reliquit}:
1604 503 1947 571 cogitationis

375 594 522 649 diem
554 591 746 648 festum
771 604 929 663 agent
963 596 1057 648 tibi
1084 594 1152 647 9°.
1183 615 1199 647 ι
1240 594 1390 660 Quod
1434 605 1610 649 autem
1661 607 1715 648 ct
1757 613 1784 648 a
1813 613 1947 651 con-

372 689 560 742 trariis
579 689 867 742 virtutibus
898 689 1012 742 ﬁeri
1047 687 1236 751 soleat,
1257 688 1508 742 Salomon
1530 689 1582 740 in
1616 688 1944 744 Ecclesiaste

373 785 610 829 testatur
638 775 738 828 hoc
763 774 948 828 modo:
974 795 990 824 ι
1019 773 1073 828 Si
1105 775 1323 842 spiritus
1347 757 1665 842 potestatem
1699 775 1946 829 habentis

372 865 683 918 ascenderit
718 879 879 934 super
911 875 979 929 te,
1011 865 1185 919 locum
1215 875 1361 918 tuum
1395 881 1461 920 ne
1493 866 1761 930 dimittas;
1811 883 1946 935 quo-

370 957 518 1008 niam
568 956 772 1011 sanitas
826 955 1122 1025 compescit
1186 970 1403 1026 peccata
1465 957 1630 1012 tnulta
1689 958 1753 1012 ⁹¹.
1804 978 1820 1010 ι
1880 959 1946 1012 Et

368 1042 578 1099 Paulus
634 1047 905 1114 apostolus
959 1047 1022 1098 de
1085 1046 1271 1099 iisdem
1344 1047 1708 1102 testimonium
1777 1051 1941 1114 dabit,

371 1133 595 1191 dicens:
629 1153 648 1186 ‹
685 1133 1050 1206 Cogitationes
1103 1137 1464 1203 destruentes,
1501 1148 1554 1192 ct
1584 1155 1796 1193 omnem
1833 1140 1942 1193 ela-

371 1225 576 1285 tionem
601 1241 719 1293 quae
765 1242 823 1280 se
856 1227 1064 1281 extollit
1121 1227 1380 1280 adversus
1417 1229 1697 1282 scientiam
1738 1230 1939 1284 Christi

367 1315 440 1373 ⁹².
478 1335 498 1368 ι
529 1317 602 1372 Ex
639 1318 748 1372 Dco
797 1328 974 1372 autem
1028 1320 1168 1388 quod
1206 1320 1318 1381 ﬁat,
1371 1319 1534 1372 David
1593 1321 1944 1376 nihilominus

368 1416 611 1462 testatur
663 1412 712 1462 in
761 1411 992 1466 Psalmis
1024 1412 1242 1466 dicens:
1279 1432 1298 1463 ι
1332 1412 1531 1467 Beatus
1568 1414 1649 1467 vir
1671 1414 1823 1479 cujus
1862 1424 1946 1468 est

363 1501 648 1568 susceptio
676 1501 812 1570 apud
853 1512 922 1566 te,
965 1501 1202 1563 Domine,
1239 1516 1500 1556 ascensus
1546 1503 1595 1554 in
1625 1505 1786 1557 corde
1827 1505 1944 1574 ejus

365 1590 440 1645 ³⁸.
471 1610 490 1641 ι
551 1591 616 1644 Ει
655 1592 946 1660 Apostolus
971 1592 1395 1660 dicit,quoniam
1452 1609 1470 1640 ι
1510 1593 1650 1647 Deus
1698 1596 1843 1648 dedit
1890 1597 1940 1650 in

361 1683 534 1737 corde
555 1683 657 1736 Titi
675 1681 740 1740 ".
755 1702 773 1734 ι
801 1682 951 1748 Quod
970 1699 1097 1738 vero
1121 1684 1281 1737 etiam
1301 1702 1397 1754 per
1419 1687 1636 1755 angelos
1653 1687 1732 1741 vel
1756 1689 1938 1753 bonos,

363 1773 454 1828 vel
513 1776 682 1827 malos
737 1775 917 1843 aliqua
961 1775 1210 1830 humanis
1263 1777 1513 1833 cordibus
1563 1773 1935 1850 suggerantur.
1973 1764 2015 1821 Β

361 1863 621 1934 designat
670 1862 801 1935 (59)
841 1863 920 1918 vel
972 1863 1194 1919 Tobiam
1233 1869 1454 1936 angelus
1511 1870 1799 1922 comitatus
1855 1869 1936 1921 vel

355 1955 646 2028 propheta:
677 1970 856 2009 sermo
888 1955 1145 2010 dicentis:
1211 1974 1229 2006 ‹
1260 1957 1322 2009 Et
1390 1958 1668 2027 respondit
1719 1959 1938 2028 angelus

356 2048 459 2116 qui
494 2046 812 2117 loquebatur
836 2047 887 2100 in
925 2061 1009 2101 me
1046 2047 1113 2113 ⁹⁸;
1144 2066 1161 2098 ι
1195 2048 1287 2102 sed
1310 2057 1366 2102 et
1391 2047 1632 2103 Pastoris
1659 2050 1794 2105 liber
1826 2051 1938 2104 haec

355 2136 557 2190 eadem
596 2136 837 2190 declarat
879 2135 1066 2191 dicens
1105 2141 1248 2207 quod
1312 2139 1424 2194 bini
1473 2141 1648 2210 angeli
1698 2143 1938 2211 singulos

347 2226 609 2300 'quosque
642 2228 920 2285 hominum
952 2231 1312 2297 comitentur;
1337 2235 1404 2302 ζει
1439 2233 1483 2288 si
1530 2237 1747 2303 quando
1781 2237 1935 2290 bona:

353 2323 725 2392 cogitationes
775 2341 868 2380 cor
902 2332 1145 2379 nostrum
1191 2326 1554 2389 ascenderint,
1587 2342 1614 2379 a
1646 2327 1786 2381 bono
1834 2344 1933 2381 au-

355 2414 488 2492 gelo
518 2417 730 2486 suggcri
767 2418 932 2485 dicit;
979 2419 1020 2473 si
1047 2429 1179 2470 vero
1215 2417 1526 2482 contrariae,
1574 2418 1694 2469 mali
1755 2417 1934 2487 angeli

354 2508 499 2562 dicit
532 2522 652 2562 esse
693 2510 1028 2564 instiucmm.
1072 2509 1272 2573 Eadem
1299 2524 1511 2577 quoque
1562 2509 1840 2564 Barnabas
1881 2511 1933 2563 in

353 2600 609 2669 Epistula
671 2616 765 2654 sua
817 2602 1076 2666 declarat,
1118 2616 1239 2656 cum
1290 2601 1424 2654 duas
1477 2601 1590 2655 vias
1630 2615 1748 2656 esse
1783 2601 1932 2666 dicit,

358 2707 530 2744 uuam
561 2691 715 2756 lucis,
745 2691 967 2746 alteram
995 2695 1359 2758 tenebrarum,
1402 2695 1597 2763 quibus
1624 2703 1678 2747 et
1709 2709 1936 2762 praeesse

356 2793 546 2838 certos
579 2799 820 2852 quosque
876 2786 1096 2855 angelos
1145 2787 1306 2840 dicit:
1365 2787 1465 2840 via:
1507 2785 1724 2856 quidem
1777 2787 1934 2851 lucis,

354 2875 580 2948 angelos
606 2877 730 2942 Dei;
777 2879 1116 2932 tenebrarum
1149 2889 1327 2934 autem
1354 2881 1470 2945 vite,
1509 2879 1730 2949 angelos
1775 2878 1936 2933 Sata-

353 2983 460 3021 nze.
490 2965 632 3021 Nihil
669 2979 845 3024 tamen
882 2968 1019 3040 (40)
1048 2969 1192 3023 aliud
1235 2970 1532 3039 putandum
1569 2982 1651 3024 est
1683 2971 1932 3025 accidere

353 3061 517 3115 nobis
540 3077 607 3116 ex
636 3061 765 3132 ipsis
794 3076 912 3131 qua:
963 3061 1112 3116 cordi
1150 3073 1336 3116 nostro
1374 3073 1736 3132 suggeruntur
1773 3061 1928 3119 bonis

2056 501 2198 568 genti
2246 499 2474 554 salutem
2523 499 2764 568 periculo
2784 497 2895 568 jam
2961 495 3278 552 imminente
3324 493 3615 552 conterret.

2051 590 2156 644 Per
2205 591 2538 645 contrariam
2595 606 2722 644 vero
2777 589 2977 644 diaboli
3033 588 3288 640 virtutem
3345 586 3620 642 tuetuoriw

2052 683 2363 750 pontiﬁcum
2393 691 2446 735 et
2480 683 2782 736 scribarum
2835 681 3131 750 putandum
3184 687 3265 732 est
3297 685 3618 748 suggestum

2050 773 2178 827 illud
2214 775 2358 842 quod
2400 775 2678 829 venientes
2715 776 2778 826 ad
2827 773 3060 828 Pilatum
3101 771 3404 827 dixerunt:
3447 786 3469 821 ι
3506 769 3614 823 Do-

2049 865 2214 926 mine,
2247 865 2514 918 recordati
2543 880 2731 918 sumus
2762 866 3030 932 quomodo
3061 865 3317 918 seductor
3339 859 3430 914 ille
3455 860 3616 922 dixit,

2039 957 2170 1008 dum
2201 957 2376 1010 adhuc
2417 956 2810 1026 viveret,quia,
2851 955 2978 1010 Post
3007 955 3218 1010 tertiam
3257 955 3397 1008 diem
3433 967 3614 1007 resur-

2047 1064 2167 1117 gam
2193 1049 2261 1103 ⁸⁸.
2290 1067 2308 1099 ι
2347 1048 2450 1104 Sed
2483 1059 2538 1103 et
2578 1049 2746 1104 ludas
2776 1049 2918 1115 quod
2953 1051 3018 1102 de
3050 1048 3357 1116 proditione
3402 1043 3612 1100 Domini

2048 1139 2344 1194 Salvatoris
2371 1141 2663 1210 cogitavit,
2707 1155 2810 1193 non
2869 1139 2972 1192 fuit
3018 1154 3048 1192 a
3094 1137 3210 1194 sola
3244 1138 3439 1190 mentis
3493 1137 3611 1203 ejus

2047 1231 2244 1283 malitia
2272 1233 2515 1286 veniens.
2568 1232 2786 1286 Testata
2821 1239 2906 1284 est
2942 1230 3087 1283 enim
3139 1227 3442 1298 Scriptura,
3488 1228 3612 1296 quia

2051 1339 2069 1371 ι
2100 1321 2343 1376 diabolus
2382 1323 2490 1390 jam
2539 1323 2774 1376 misisset
2830 1321 2882 1372 in
2951 1336 3048 1373 cor
3101 1319 3218 1386 ejus
3267 1327 3325 1371 ut
3374 1318 3614 1371 traderet

2044 1425 2165 1465 eum
2188 1411 2255 1464 ⁹⁷.
2285 1432 2301 1463 ι
2343 1411 2568 1481 Propter
2593 1414 2732 1481 quod
2765 1421 2819 1466 et
2848 1411 3106 1465 Salomon
3141 1421 3290 1464 recte
3321 1411 3608 1478 prseCcpit,

2043 1501 2266 1558 dicens:
2322 1522 2340 1552 ‹
2370 1505 2504 1557 Cum
2538 1503 2814 1572 diligentia
2852 1519 3008 1558 serva
3065 1511 3212 1557 tuum
3250 1516 3350 1558 cor
3382 1502 3448 1555 ³⁸.
3485 1519 3502 1553 ι
3549 1499 3614 1554 Et

2044 1592 2241 1647 Paulus
2298 1594 2575 1663 apostolus
2620 1596 2741 1650 ait;
2776 1614 2794 1644 ι
2846 1593 3088 1664 Amplius
3135 1593 3394 1648 debemus
3439 1592 3614 1645 inten-

2046 1683 2175 1738 dere
2205 1685 2288 1739 his
2311 1702 2429 1754 quae
2459 1687 2788 1753 audivimus,
2816 1703 2885 1742 ne
2915 1686 3058 1742 forte
3100 1686 3386 1750 ellluamus
3403 1686 3468 1743 ’⁸.
3501 1703 3520 1738 ι
3553 1683 3614 1739 Ει

2043 1794 2164 1833 cum
2179 1778 2306 1833 dicit
2333 1796 2346 1830 :
2379 1797 2397 1829 ι
2427 1779 2602 1835 Nolite
2618 1779 2792 1834 locum
2825 1783 2958 1834 dare
2986 1779 3256 1845 diabolo‘,
3285 1797 3304 1831 I
3323 1777 3613 1832 ostendens

2044 1884 2139 1938 per
2171 1871 2292 1937 hoc,
2317 1871 2440 1939 quia
2471 1880 2619 1924 certo
2650 1885 2834 1940 opere,
2863 1870 2944 1924 vel
2971 1879 3118 1924 certa
3145 1869 3377 1938 quadam
3406 1867 3612 1922 desidia

2044 1961 2208 2014 animi
2241 1960 2392 2015 locus
2437 1961 2650 2016 diabolo
2696 1963 2878 2023 datur,
2917 1970 2977 2014 ut
3021 1959 3068 2014 si
3123 1958 3290 2014 semel
3336 1961 3614 2026 ingressus

2046 2054 2212 2108 fuerit
2237 2069 2332 2109 cor
2367 2065 2641 2118 nostrum,
2679 2065 2772 2108 aut
2801 2054 3048 2108 obtineat
3081 2068 3199 2116 nos,
3226 2064 3318 2105 aut
3343 2061 3490 2117 certe
3528 2052 3610 2104 vel

2045 2146 2248 2214 polluat
2289 2147 2551 2210 animam,
2582 2145 2627 2201 si
2677 2161 2782 2198 non
2827 2146 3044 2214 penitus
3077 2145 3324 2198 obtinere
3353 2144 3607 2211 potuerit,

2045 2254 2173 2292 cum
2206 2238 2377 2309 ignita
2425 2253 2520 2292 sua
2554 2236 2740 2304 jacula
2779 2235 2956 2304 jactat
3002 2238 3055 2290 in
3089 2251 3220 2301 nos;
3266 2236 3466 2304 quibus
3506 2235 3608 2288 ali-

2042 2331 2256 2401 quando
2283 2332 2498 2401 quidem
2527 2331 2599 2384 in.
2632 2330 2796 2385 altum
2834 2329 3200 2386 descendente
3231 2327 3450 2386 vulnere
3479 2343 3610 2383 sau-

2041 2423 2270 2487 eiamur,
2296 2422 2587 2490 aliquando
2624 2435 2752 2475 vero
2791 2419 3164 2476 tantummodo
3187 2418 3606 2474 inﬁatnmamnr.

2043 2514 2184 2568 Raro
2211 2527 2363 2569 certe
2396 2522 2452 2569 et
2501 2514 2691 2582 paucis
2734 2513 3062 2582 quibusdam
3119 2511 3234 2566 haec
3283 2511 3402 2582 ejus
3443 2510 3610 2578 ignita

2037 2605 2217 2674 jacula
2262 2605 2718 2671 rcstinguuntur,
2775 2605 2848 2656 ita
2893 2614 2952 2657 ut
3009 2603 3185 2668 locum
3235 2600 3474 2658 vulneris
3500 2616 3608 2656 non

2043 2695 2352 2759 inveniant,
2395 2694 2446 2748 id
2491 2702 2602 2760 est,
2650 2709 2771 2748 cum
2802 2694 2929 2762 quis
2982 2692 3348 2748 munitissimo
3381 2705 3436 2746 et
3475 2693 3612 2748 val-i-

2040 2788 2265 2842 dissimo
2316 2797 2471 2842 scuto
2524 2785 2646 2839 ﬁdei
2716 2784 2886 2839 fuerit
2934 2787 3204 2839 obtectus.
3267 2784 3420 2851 Quod
3480 2801 3609 2839 vero

2038 2879 2247 2934 dictum
2291 2888 2375 2933 est
2426 2879 2479 2931 iu
2532 2877 2776 2947 Epistola
2809 2879 2876 2930 ad
2925 2877 3226 2948 Ephesios:
3281 2895 3298 2928 ι
3329 2875 3466 2942 Quia
3501 2892 3606 2931 non

2036 2982 2120 3025 est
2156 2973 2312 3026 nobis
2357 2971 2670 3027 colluctatio
2717 2971 2980 3025 adversus
3021 2983 3240 3024 carnem
3287 2978 3342 3024 et
3386 2969 3607 3039 sangui-

2038 3081 2183 3132 nem,
2215 3067 2312 3120 sed
2367 3065 2634 3118 adversus
2668 3064 3004 3134 principatus
3041 3073 3098 3116 et
3143 3070 3479 3131 potestates,
3513 3063 3606 3115 ad-

354 3155 441 3208 vel
519 3155 714 3218 malis,
773 3155 874 3209 nisi
943 3155 1360 3209 commotionem
1409 3155 1577 3209 solam
1631 3164 1684 3209 et
1738 3129 2003 3211 incita-c
2042 3172 2230 3212 versus
2280 3157 2466 3212 mundi
2519 3155 2680 3224 hujus
2725 3165 2966 3210 rectores
2998 3154 3346 3210 tenebrarum
3389 3153 3605 3221 harum,

360 3254 598 3300 mentum
629 3261 926 3316 provocans
971 3262 1066 3300 nos
1103 3246 1185 3300 vel
1233 3247 1297 3300 ad
1343 3247 1480 3300 bona
1520 3247 1604 3301 vel
1665 3247 1732 3302 ad
1767 3249 1928 3310 mala.

359 3335 624 3393 Possibile
656 3349 835 3393 autem
863 3339 1014 3392 nobis
1072 3349 1156 3404 est
1181 3354 1303 3393 cum
1359 3340 1593 3406 maligna
1623 3340 1796 3397 virtus
1834 3360 1931 3398 nos

354 3432 585 3501 coeperit
652 3433 717 3484 ad
788 3431 987 3485 malum
1058 3432 1313 3498 incitaref,
1389 3433 1620 3502 abjicere
1690 3451 1720 3490 a
1776 3439 1929 3493 nobis

352 3540 550 3591 pravas
625 3527 1029 3596 suggestioues,
1120 3532 1172 3578 et
1250 3525 1505 3580 resistere
1589 3527 1928 3585 suasionibus

351 3618 637 3685 pessimis,
691 3627 745 3670 et
813 3618 946 3672 nihil
1002 3630 1225 3688 prorsus
1290 3616 1633 3686 culpabiliter
1712 3635 1922 3687 gerere.

354 3711 512 3784 141
551 3713 614 3765 Et
667 3727 880 3765 rursum
927 3712 1178 3780 possibile
1209 3721 1292 3767 est
1334 3719 1393 3764 ut
1436 3726 1556 3765 cum
1602 3702 1701 3768 nos
1741 3715 1924 3769 divina

351 3803 530 3855 virtus
572 3803 638 3855 ad
696 3802 916 3856 meliora
975 3802 1388 3869 provocaverit,
1439 3815 1547 3856 non
1596 3820 1922 3874 sequantur,

352 3895 512 3948 liberi
564 3893 773 3948 arbitrii
821 3905 1088 3965 potestate
1126 3895 1178 3948 in
1229 3907 1454 3967 utraque
1493 3899 1648 3951 nobis
1688 3911 1917 3954 servata.

352 3987 678 4042 Dicebamus
713 4002 841 4041 sane
881 3987 934 4039 iu
987 3985 1376 4054 superioribus,
1416 3987 1560 4056 quod
1608 3990 1766 4043 etiam
1806 4006 1919 4045 me-

353 4080 541 4132 iuorize
585 4079 736 4133 nobis
773 4079 1016 4146 qumdam
1069 4081 1152 4134 vel
1202 4076 1465 4133 bonorum
1522 4082 1608 4136 vel
1652 4083 1918 4140 malorum

349 4179 732 4240 snggerantur,
765 4171 882 4224 sive
911 4185 1007 4239 per
1043 4169 1281 4224 divinam
1317 4175 1745 4241 providentiam,
1806 4175 1919 4229 sive

349 4279 445 4330 per
499 4265 724 4317 virtutes
772 4265 1113 4330 contrarias;
1166 4265 1306 4320 sicut
1335 4267 1638 4320 ostenditur
1673 4267 1726 4319 in
1778 4266 1917 4320 libro

350 4352 570 4417 Esther,
607 4369 730 4408 cum
776 4356 1038 4410 beneﬁcia
1065 4356 1350 4430 iustissimi
1389 4357 1713 4412 Mardochaﬁ
1752 4359 1914 4410 Arta-

348 4459 547 4498 xerxes
603 4458 710 4498 non
813 4447 1186 4511 ιιιριιιὶιιὶξεοι,
1273 4463 1327 4503 et
1383 4447 1663 4502 nocturnis
1721 4446 1916 4516 vigiliis

349 4540 639 4610 fatigatus,
669 4555 697 4592 a
739 4539 844 4595 Deo
897 4542 948 4595 in
1018 4545 1331 4598 memoriam
1380 4545 1671 4613 recepisset
1732 4559 1914 4598 rerum

348 4643 622 4696 gestarum
677 4633 1007 4686 monimenta
1056 4635 1263 4690 chartis
1307 4638 1560 4691 mandata
1600 4639 1912 4706 requirere;

349 4721 400 4775 in
435 4723 636 4792 quibus
660 4723 724 4776 de
749 4724 1022 4781 beneﬁciis
1049 4726 1369 4783 Mardochtei
1396 4730 1702 4784 admonitus
1734 4729 1914 4781 inimi-

348 4830 470 4872 cum
497 4817 714 4887 quidem
745 4819 859 4888 ejus
882 4820 1054 4873 Aman
1084 4823 1336 4891 suspendi
1371 4823 1615 4891 juberet;
1656 4822 1751 4889 ipsi
1787 4836 1913 4875 vero

348 4955 394 4988 ’°
424 4956 566 5029 Psal.
605 4972 762 5029 ωηεν,
798 4960 886 5012 Η.
964 4962 1007 4993 ⁹¹
1038 4963 1212 5018 Eccle.
1254 4979 1306 5029 x,
1337 4965 1390 5016 4.

350 5027 518 5098 μμ.
591 5028 658 5097 λθθ
703 5028 893 5088 Matth.
955 5048 1121 5098 xxvii,
1173 5034 1258 5088 65.

1356 5034 1399 5065 ⁹τ
1452 5032 1605 5088 Joan.
1655 5028 1875 5101 x'itt,'2.

347 5095 366 5123 ¹
407 5095 607 5166 Ενιιθεξ
633 5113 710 5164 γι,
754 5099 834 5152 12.

415 5218 546 5292 (59)
606 5219 681 5272 lta
732 5235 862 5292 mss.
907 5219 992 5292 4an
1027 5222 1188 5276 editis
1223 5224 1396 5287 deest,
1433 5240 1452 5272 ι
1493 5222 1781 5292 designat;
1811 5239 1830 5272 ι
1862 5231 1920 5276 et

348 5283 570 5361 legitur;
609 5307 628 5340 σ
661 5291 744 5344 vel
775 5292 866 5361 qui
898 5289 1128 5361 Tobiam
1159 5283 1392 5358 angelus
1407 5283 1782 5347 comitatum...
1824 5295 1918 5346 sed

348 5369 400 5410 et
425 5363 487 5414 dc
512 5359 828 5415 Pastoribu's
856 5360 1008 5423 liber,
1058 5380 1079 5413 ι
1106 5373 1208 5416 etc.
1248 5363 1441 5419 Utrum
1482 5375 1657 5415 autem
1697 5364 1916 5416 unicui-

349 5441 448 5494 que
505 5432 708 5491 homini
757 5431 975 5498 angelos
1033 5433 1186 5496 duos,
1224 5435 1418 5487 bonum
1481 5449 1670 5496 unum,
1716 5433 1914 5485 malum

351 5498 571 5574 alterum
624 5500 784 5574 simul
829 5501 1081 5574 assistere
1119 5502 1378 5574 Origenes
1438 5504 1743 5574 putaverit,
1796 5503 1915 5557 l'use

349 5567 625 5626 disseritur
659 5571 1099 5644 Origenianorum
1142 5567 1234 5627 lib:
1270 5589 1330 5640 ιι,
1382 5567 1577 5644 quiest.
1607 5573 1658 5638 5,
1698 5589 1923 5630 numero

354 5645 644 5711 praesertim
677 5643 972 5695 tricesimo.

414 5711 528 5778 μυ)
574 5711 701 5765 Vide
734 5712 768 5767 Ι.
820 5729 854 5766 ιι
888 5712 1217 5782 0rigcnirm.,
1258 5730 1307 5783 q.
1339 5717 1369 5768 7
1398 5757 1412 5784 ,
1451 5733 1502 5771 n.
1529 5715 1559 5769 5
1609 5724 1660 5769 et
1693 5713 1777 5768 l6.

1469 4963 1514 4994 "
1546 4962 1586 5017 ll
1617 4963 1742 5033 (lor.
1776 4979 1830 5029 Χ,
1859 4961 1917 5025 ι,
1944 4962 1994 5017 5.
2076 4961 2122 4992 ³³
2156 4961 2299 5021 Psal.
2338 4972 2474 5011 Lxxx

1469 5033 1605 5085 loan.
1655 5028 1875 5085 xmfﬂ.
1977 5031 2020 5064 ⁸⁸
2069 5031 2231 5085 Prov.
2284 5045 2356 5085 iv.
2408 5027 2478 5080 ‘25

2039 3249 2302 3304 adversus
2346 3248 2616 3318 spiritalia
2646 3247 2903 3316 nequitia:
2952 3247 3006 3300 in
3052 3247 3440 3302 cmlestihus‘:
3471 3265 3491 3299 ι
3531 3248 3606 3300 ita

2037 3343 2311 3412 Oportebit
2343 3340 2568 3411 intelligi
2591 3340 2736 3410 quod
2771 3340 2908 3394 dixit
2931 3338 3067 3410 (41),
3107 3357 3126 3390 ι
3156 3339 3342 3405 nobis;
3369 3357 3391 3392 ι
3417 3339 3470 3393 id
3496 3351 3604 3404 est,

2036 3437 2167 3490 mihi
2198 3434 2400 3498 Paulo,
2435 3445 2494 3488 et
2539 3433 2695 3489 vobis
2745 3431 3030 3502 Ephesiis,
3085 3441 3143 3486 et
3189 3431 3604 3502 quibuscunque

2035 3543 2140 3582 non
2170 3538 2254 3582 est
2303 3527 2624 3582 colluctatio
2679 3541 2802 3580 cum
2838 3539 3007 3578 carne
3058 3535 3116 3577 et
3167 3526 3456 3593 sanguine.
3506 3521 3604 3580 His

2032 3619 2236 3674 etenim
2268 3628 2544 3673 certamen
2573 3626 2657 3671 est
2703 3617 2964 3672 adversus
2997 3615 3333 3686 principatus
3357 3625 3412 3670 et
3445 3625 3600 3686 pote-

2033 3722 2223 3778 states,
2258 3712 2520 3764 adversus
2555 3711 2740 3764 mundi
2773 3711 2938 3780 hujus
2963 3723 3202 3767 rectores
3231 3711 3596 3776 tenebrarum,

2031 3821 2137 3858 non
2169 3805 2310 3858 sicut
2340 3811 2456 3857 erat
2485 3801 2814 3868 Corinthiis,
2853 3802 3050 3871 quibus
3095 3811 3370 3857 certamen
3420 3802 3598 3857 adhuc

2031 3900 2289 3953 adversus
2314 3909 2535 3951 carnem
2562 3907 2618 3951 et
2659 3897 2976 3964 sanguinem
3008 3904 3155 3961 erat,
3190 3910 3326 3965 quos
3366 3895 3600 3950 tentatio

2029 4009 2137 4047 non
2170 3991 2611 4060 apprehenderat
2635 3989 2739 4044 nisi
2766 3989 3024 4044 humana.

2095 4082 2147 4137 5.
2183 4081 2292 4136 Nec
2324 4091 2504 4136 tamen
2539 4079 2836 4150 putandum
2868 4089 2954 4133 est
2990 4078 3134 4149 quod
3168 4076 3370 4145 singuli
3394 4076 3598 4146 quique

2027 4178 2288 4230 adversus
2304 4176 2484 4230 omnia
2512 4175 2624 4229 haec
2649 4174 2950 4228 decertent.
2965 4170 3304 4241 lmpossibile
3319 4169 3465 4224 enim
3479 4169 3592 4240 (42)

2026 4269 2079 4322 id
2112 4283 2232 4322 esse
2281 4267 2520 4321 arbitror
2569 4265 2660 4318 ulli
2724 4264 3042 4326 hominum,
3095 4261 3343 4329 quamvis
3385 4260 3475 4314 ille
3527 4262 3599 4317 sit

2025 4367 2249 4412 sanctus
2277 4355 2413 4427 (4'5),
2446 4365 2504 4409 ut
2549 4355 2816 4408 adversus
2847 4354 3029 4408 omnia
3083 4353 3199 4406 haec
3237 4350 3393 4407 simul
3423 4351 3600 4421 possit

2025 4447 2224 4502 habere
2264 4457 2564 4502 certamen.
2597 4446 2750 4511 Quod
2797 4445 2840 4499 si
2875 4443 2985 4498 ullo
3029 4443 3190 4498 modo
3239 4443 3293 4498 id
3339 4444 3593 4510 accidat.

2025 4541 2170 4609 quod
2211 4549 2360 4594 certe
2390 4539 2511 4594 Iieri
2558 4553 2666 4591 non
2703 4545 2900 4606 potest,
2948 4535 3284 4606 impossibile
3329 4544 3414 4591 est
3455 4543 3514 4596 ut
3544 4537 3595 4590 id

2025 4647 2249 4701 prorsus
2291 4629 2436 4686 ferre
2481 4629 2648 4700 possit
2686 4630 2924 4683 humana
2957 4637 3150 4683 natura
3195 4629 3314 4683 sine
3359 4629 3594 4682 maxima

2023 4723 2374 4780 subversioue
2421 4722 2539 4784 sui;
2577 4721 2672 4776 sed
2706 4724 2869 4785 sicut,
2901 4721 3052 4776 verbi
3095 4720 3291 4791 gratia,
3324 4720 3594 4790 quinqua-

2021 4821 2165 4889 ginta
2199 4815 2367 4885 aliqui
2424 4815 2624 4868 milites
2678 4815 2721 4867 si
2755 4814 2940 4868 dicant
2991 4814 3094 4868 sibi
3144 4813 3430 4868 imminere
3479 4828 3596 4867 eer-

2076 4960 2122 4992 ”
2156 4959 2299 5021 Psal.
2338 4971 2557 5022 Lxxxw,
2584 4955 2638 5008 5.
2717 4956 2764 4988 9‘
2789 4955 2828 5009 ll
2859 4956 2988 5011 Cor.
3027 4971 3144 5020 vm,
3178 4955 3266 5026 lii.
3347 4957 3394 4987 ⁸³
3422 4955 3590 5012 Zaeh.

2573 5027 2638 5098 f’
2672 5027 2835 5081 Hebr.
2873 5044 2941 5095 ιι,
2977 5027 3028 5080 l.
3103 5027 3119 5056 ¹
3153 5027 3349 5095 Ephes.
3381 5043 3465 5094 tv,
3499 5027 3588 5081 27.

2101 5216 2209 5342 si!)
2247 5219 2303 5272 ln
2331 5217 2462 5273 libb.
2491 5227 2648 5272 antea
2695 5217 2855 5273 editis
2885 5227 3028 5287 post,
3061 5236 3080 5269 ι
3105 5218 3262 5281 dixit,
3291 5238 3310 5270 ι
3345 5216 3544 5282 legitur
3571 5233 3586 5268 :

2101 5291 2208 5342 tihi
2241 5289 2406 5342 Paulo
2451 5299 2505 5342 et
2554 5288 2802 5342 Ephesiis
2845 5291 3039 5342 auibus
3078 5301 3354 5342 certamen
3411 5286 3586 5338 adhuc

2033 5286 2208 5364 (Mihi
2241 5289 2406 5344 Paulo
2451 5299 2505 5343 et
2554 5288 2802 5359 Ephesiis
2842 5286 3039 5364 quibus
3078 5301 3354 5342 certamen
3411 5286 3589 5364 adhuc

2027 5361 2289 5416 adversus
2324 5375 2542 5413 carnem
2572 5370 2626 5414 et
2661 5360 2982 5428 sanguinem
3011 5369 3148 5422 erat,
3183 5371 3319 5428 quos
3359 5360 3588 5428 tetttatio

2026 5446 2130 5484 non
2177 5431 2610 5500 apprehenderat
2653 5424 3062 5483 nisi-humana.
3105 5446 3124 5478 ι
3172 5426 3368 5492 Sicque
3419 5424 3587 5478 multa

2026 5500 2231 5554 omissa
2263 5510 2390 5554 sunt
2416 5516 2534 5570 qua:
2560 5501 2857 5555 restituunt
2881 5500 3036 5552 codd.
3066 5511 3201 5550 mss.

2120 5570 2208 5639 42)
2249 5573 2416 5624 Caute
2451 5574 2586 5640 lege.
2626 5597 2636 5610 -

2115 5633 2206 5708 45)
2247 5633 2591 5698 Suuctusflu
2621 5640 2742 5697 cod.
2781 5637 3096 5693 Corbciensi
3129 5635 3384 5698 habetur,
3416 5651 3434 5683 ι
3471 5633 3589 5712 spi-

2021 5712 2176 5777 ritus,
2209 5729 2227 5761 ι
2268 5712 2424 5767 male.
3511 5717 3514 5720 ”
3601 5725 3604 5728 ‘
