4014 6142
428 258 532 320 3H

1670 251 1996 313 ORIGENIS
2030 253 2187 309 ΠΕΡΙ
2224 255 2449 308 ΑΡΧΩΝ

3560 253 3661 307 512

433 389 622 436 tamen
659 379 921 435 adversus
956 379 1091 434 alios
1132 374 1546 445 quinquaginta,
1582 389 1686 429 non
1733 376 1805 428 ita
1838 374 2001 453 iutel-
2032 380 2078 436 Α
2108 371 2439 439 profectibus
2471 370 2609 437 ejus,
2642 367 2805 423 etiam
2844 381 3035 421 nomen
3066 368 3113 421 ei
3156 365 3319 422 lsrael
3356 369 3522 433 dedit,
3557 372 3659 428 iste

435 473 712 544 ligendum
733 482 839 534 est,
868 473 1009 541 quod
1043 484 1179 523 unus
1220 472 1286 520 ex
1316 467 1423 521 illis
1444 468 1704 522 adversus
1732 470 2000 537 quinqua—

431 569 584 635 ginta
616 565 976 619 dimicaturus
1006 564 1100 624 sit,
1127 560 1221 614 sed
1268 570 1413 614 recte
1458 560 1592 614 dicit
1630 562 1999 629 unusquisque

431 661 676 722 illorum,
707 658 834 726 quia
869 663 1141 710 certamen
1186 652 1341 707 nobis
1380 664 1467 706 est
1510 652 1798 708 adversum
1840 655 2000 722 quin-

431 751 684 819 quaginta
715 787 730 811 ,
791 746 1041 799 omnibus
1098 753 1273 797 tamen
1316 745 1608 797 adversum
1656 760 1875 809 omnes;
1927 747 1995 798 ita

430 841 592 894 etiam
636 838 737 892 hoc
784 835 1111 889 audiendum
1161 844 1246 887 est
1294 835 1435 902 quod
1488 834 1783 902 Apostolus
1841 836 1995 900 dicit,

427 932 572 1001 quod
604 930 876 986 universis
921 930 1141 984 athletis
1166 939 1224 985 et
1277 930 1538 985 militibus
1578 929 1783 985 Christi
1832 929 1997 984 collu-

426 1024 594 1079 ctatio
637 1034 693 1077 et
735 1033 1009 1078 certamen
1053 1032 1139 1077 est
1189 1025 1450 1079 adversus
1499 1025 1681 1078 omnia
1726 1024 1825 1078 ista
1877 1039 1995 1094 qua:

422 1126 741 1172 enumerata
782 1124 939 1183 sunt;
972 1119 1245 1181 erunibus,
1265 1117 1496 1188 singulis
1523 1128 1731 1183 tamen,
1758 1118 1842 1173 vel
1872 1134 1991 1173 cum

422 1210 650 1279 singulis
680 1209 864 1263 futuro
906 1209 1228 1273 certamine,
1258 1210 1341 1263 vel
1397 1223 1549 1263 certe
1589 1220 1747 1278 prout
1790 1212 1990 1277 proha-

422 1308 535 1352 tum
580 1300 749 1354 fuerit
797 1301 865 1354 ab
916 1301 1109 1369 agonis
1151 1302 1318 1370 ipsius
1363 1300 1512 1366 justo
1574 1302 1801 1369 praeside
1861 1301 1988 1355 Deo.

424 1390 673 1444 Arbitror
695 1406 931 1460 namque
961 1394 1084 1460 quia
1127 1404 1277 1455 certa
1321 1408 1574 1446 mensura
1626 1395 1698 1446 sit
1739 1393 1989 1446 humana»

422 1484 673 1539 naturae;
708 1484 808 1539 etsi
840 1484 1039 1538 Paulus
1073 1485 1164 1539 ille
1202 1486 1275 1539 sit
1308 1485 1376 1539 de
1408 1502 1517 1555 quo
1548 1486 1784 1541 dicitur:
1832 1507 1849 1538 ι
1881 1485 1988 1540 Vas

420 1576 708 1631 electionis
759 1587 838 1631 est
884 1577 1013 1631 mihi
1062 1578 1241 1644 iste’;
1282 1601 1301 1631 ι
1340 1588 1434 1632 ant
1484 1577 1678 1634 Petrus
1724 1580 1986 1634 adversus

419 1685 585 1736 quem
622 1676 793 1739 porta:
842 1669 1002 1724 inferi
1029 1685 1135 1724 non
1184 1671 1502 1741 praevalent,
1542 1682 1639 1726 aut
1684 1672 1729 1727 si
1772 1670 1984 1742 Moyses

2103 479 2223 518 cum
2253 462 2370 533 ipso
2406 462 2677 526 luctatur;
2720 460 2769 514 id
2804 469 2918 524 est,
2950 474 3074 514 cum
3106 458 3223 529 ipso
3267 470 3348 515 est
3375 462 3426 516 in
3466 478 3658 533 agone,

2100 553 2480 620 etjuvateum
2526 552 2582 606 in
2632 552 2962 615 certamine;
2999 565 3121 606 cum
3152 551 3268 605 sine
3319 552 3481 606 dubio
3523 555 3659 609 alius

2100 654 2242 699 esset
2276 646 2540 700 adversus
2566 657 2727 712 quem
2758 643 3066 709 dimicaret,
3109 653 3165 699 et
3216 646 3477 700 adversus
3502 661 3655 715 quem

2098 738 2146 790 ei
2186 747 2465 792 certamen
2518 744 2786 805 ageretur.
2844 736 3084 807 Denique
3131 736 3329 791 Paulus
3371 754 3477 791 non
3525 739 3661 794 dixit

2099 827 2253 881 nobis
2289 843 2409 881 esse
2439 828 2708 882 luctamen
2760 844 2878 881 cum
2922 829 3270 898 principibus,
3311 829 3389 882 vel
3418 846 3534 882 cum
3564 847 3659 900 p0—

2098 916 2406 981 testatihus,
2431 918 2524 971 sed
2566 918 2821 971 adversus
2845 918 3176 988 principatus
3200 928 3253 971 et
3276 928 3568 986 potestates
3588 920 3654 975 ¹⁶.

2100 1006 2251 1063 Unde
2281 1008 2384 1062 etsi
2418 1006 2584 1062 Jacob
2626 1008 2862 1063 luctatus
2910 1017 3013 1073 est,
3048 1010 3164 1063 sine
3208 1012 3369 1063 dubio
3393 999 3653 1065 adversus

2094 1098 2325 1165 aliquam
2356 1097 2546 1150 harum
2578 1098 2841 1150 virtutum
2865 1097 3098 1152 luctatus
3126 1108 3226 1160 est,
3259 1113 3392 1166 quas
3416 1099 3654 1153 humano

2094 1189 2316 1259 generi,
2362 1196 2416 1241 et
2452 1189 2655 1243 sanctis
2703 1190 2972 1257 przecipue
3018 1189 3293 1243 adversari
3332 1201 3387 1244 et
3438 1206 3654 1244 movere

2093 1282 2390 1334 certamina
2442 1279 2639 1334 Paulus
2685 1282 2948 1335 enuntiat.
2999 1280 3122 1335 Ideo
3150 1283 3380 1350 denique
3426 1283 3556 1337 dicit
3586 1285 3653 1339 de

2092 1389 2157 1426 eo
2187 1373 2465 1442 Scriptura
2492 1414 2506 1437 ,
2541 1374 2667 1445 quia
2704 1394 2720 1425 ι
2752 1373 2984 1428 luctatus
3031 1386 3114 1430 est
3152 1391 3277 1429 cum
3328 1380 3554 1445 angelo,
3594 1388 3651 1433 et

2091 1466 2311 1520 invaluit
2364 1467 2428 1520 ad
2476 1467 2638 1521 Deum
2668 1468 2745 1533 11;
2776 1486 2795 1520 ι
2834 1478 2888 1521 ut
2932 1469 3001 1521 sit
3050 1469 3240 1537 agonis
3278 1470 3494 1539 quidem
3529 1487 3653 1526 cer-

2090 1569 2263 1614 tamen
2299 1560 2476 1629 angeli
2529 1560 2797 1628 adjutorio
2849 1571 3247 1629 sustentatum,
3299 1563 3648 1630 perfectionis

2087 1664 2215 1704 vero
2252 1652 2425 1719 palma
2461 1653 2766 1707 vincentem
2801 1654 3062 1721 perducat
3100 1653 3165 1707 ad
3193 1652 3378 1709 Deum.

417 1763 511 1817 me
546 1763 616 1815 8η
667 1762 876 1815 amicus
911 1761 1003 1817 Dei
1050 1759 1198 1833 (‘4),
1244 1776 1472 1830 quorum
1528 1761 1707 1817 "unus
1764 1777 1984 1831 prorsus
2016 1743 2059 1798 B
2157 1744 2210 1797 6.
2259 1745 2369 1800 Nec
2415 1759 2546 1799 sane
2600 1744 2975 1799 arbitrandum
3027 1752 3113 1798 est
3163 1747 3285 1814 quia
3341 1748 3642 1818 hujttsmndi

417 1868 635 1908 onmem
686 1853 844 1907 simul
887 1852 1324 1908 adversariarum
1380 1854 1642 1908 virtutum
1705 1863 1982 1908 catervam

417 1956 599 2014 posset
629 1951 748 2000 sine
776 1946 883 2014 (sui
917 1946 1099 2016 aliqua
1136 1947 1382 2015 pernicie
1417 1944 1672 2012 tolerare,
1712 1947 1815 2001 nisi
1848 1946 1985 2002 forte

416 2038 565 2092 illius
596 2038 765 2093 solius
792 2038 965 2092 virtus
998 2046 1253 2106 operetur
1284 2039 1338 2092 in
1368 2052 1433 2092 eo
1458 2038 1546 2107 qui
1589 2037 1759 2092 dixit:
1791 2057 1809 2090 ι
1837 2036 1983 2093 Con-

417 2128 591 2190 ﬁdite,
642 2141 744 2197 ego
778 2126 881 2180 vici
929 2127 1189 2182 mundum
1212 2126 1255 2182 δ.
1282 2146 1302 2179 ›
1340 2126 1571 2198 Propter
1606 2142 1767 2198 quem
1810 2129 1985 2184 conﬁ»

412 2218 611 2272 denter
637 2220 798 2273 etiam
842 2218 1041 2273 Paulus
1071 2219 1326 2274 dicebat:
1375 2238 1395 2271 ι
1430 2219 1627 2275 Omnia
1674 2234 1893 2291 possum
1928 2222 1980 2275 in

410 2326 481 2363 eo
513 2311 603 2379 qui
639 2326 725 2366 me
751 2310 1023 2366 confortat
1051 2310 1305 2366 Christus
1323 2313 1367 2366 ³.
1394 2332 1414 2365 ι
1443 2312 1509 2366 Ει
1540 2313 1734 2368 iterum
1758 2332 1773 2368 :
1807 2333 1828 2367 ί
1850 2316 1977 2369 Am-

408 2403 557 2471 plius
588 2412 769 2457 autem
810 2398 921 2473 (45)
958 2415 1121 2469 quam
1173 2417 1362 2458 omnes
1414 2402 1490 2457 illi
1534 2402 1816 2471 laboravi,
1870 2419 1976 2459 non

411 2504 593 2549 autem
619 2510 743 2564 ego,
773 2497 866 2550 sed
891 2493 1066 2563 gratia
1103 2494 1197 2549 Dei
1225 2510 1432 2550 meeum
1455 2497 1498 2555 ⁸.
1528 2516 1546 2549 ι
1577 2485 1807 2567 Propter
1836 2499 1977 2554 hanc

408 2601 539 2656 ergo
579 2588 832 2641 virtutem
877 2603 998 2657 quae
1051 2590 1236 2658 utique
1286 2590 1517 2643 humana
1564 2606 1670 2644 non
1713 2600 1818 2655 est,
1848 2607 1975 2659 Ope-

408 2686 621 2731 rantem
658 2688 712 2732 et
735 2677 1044 2747 loquentem
1072 2682 1124 2735 in
1157 2696 1243 2741 se,
1275 2679 1478 2735 Paulus
1506 2682 1721 2736 dicebat
1749 2701 1762 2735 :
1801 2701 1819 2733 ε
1843 2682 1975 2738 Cer-

408 2780 496 2823 tus
526 2782 644 2823 sutn
682 2780 862 2825 autem
888 2773 1014 2841 quia
1039 2787 1213 2841 neque
1241 2788 1412 2834 mors,
1438 2788 1613 2843 neque
1639 2778 1769 2841 vita,
1804 2792 1975 2846 neque

406 2863 610 2931 angeli,
646 2877 822 2932 neque
852 2865 1215 2934 principatus,
1242 2880 1413 2932 neque
1441 2875 1760 2933 potestates,
1797 2884 1972 2938 neque

406 2955 733 3021 praesentia,
790 2970 968 3023 neque
1019 2956 1232 3022 futura,
1272 2971 1445 3024 neque
1492 2957 1761 3023 altitudo,
1799 2975 1974 3030 neque

408 3042 761 3125 ptqifundum,
796 3059 971 3112 neque
1007 3047 1196 3111 virtus,
1233 3060 1407 3115 neque
1439 3047 1543 3101 alia
1592 3048 1696 3102 ulla
1724 3059 1969 3105 creatura

406 3136 605 3201 poterit
639 3148 738 3191 nos
787 3150 1042 3203 separare
1086 3153 1113 3191 a
1164 3138 1432 3192 charitate
1466 3140 1593 3206 Dei,
1621 3155 1743 3209 qua}
1783 3151 1866 3196 est
1916 3142 1970 3196 in

405 3228 625 3281 Christo
665 3227 795 3283 Jesu
830 3230 1058 3283 Domino
1102 3231 1352 3285 nostro".
1379 3252 1398 3283 ι
1435 3230 1558 3286 Sola
1592 3233 1737 3287 enim
1778 3248 1877 3303 per
1913 3249 1971 3290 se

407 3320 642 3372 humana
688 3331 878 3374 natura
912 3336 1016 3374 non
1066 3322 1302 3376 arbitror
1342 3324 1468 3392 quia
1498 3326 1668 3392 possit
1709 3326 1971 3382 adversus

408 3411 654 3480 angelos,
676 3422 731 3466 et
762 3413 978 3467 excelsa
1005 3421 1057 3467 et
1085 3413 1370 3482 profunda,
1393 3425 1446 3468 et
1473 3417 1635 3470 aliam
1662 3427 1968 3474 creaturam

405 3504 609 3558 habere
638 3515 952 3573 certamen;
999 3508 1093 3561 sed
1126 3522 1247 3562 cum
1285 3511 1522 3563 senSerit
1562 3523 1879 3579 praesentem
1915 3514 1966 3567 in

404 3609 464 3648 se.
506 3594 790 3650 Dominum
834 3607 890 3649 et
934 3598 1374 3664 inhabitantem,
1427 3601 1755 3655 conﬁdentia
1797 3602 1964 3655 divini

403 3686 658 3754 adjutorii
685 3690 865 3744 dicet:
895 3702 914 3738 ε
950 3690 1207 3744 Dominus
1242 3691 1568 3744 illuminatio
1613 3707 1730 3746 mea
1759 3703 1814 3747 et
1845 3693 1967 3747 Sal-

401 3788 560 3831 vator
587 3795 760 3844 meus,
789 3796 946 3848 quem
976 3782 1217 3836 timebo?
1253 3784 1513 3837 Dominus
1539 3794 1816 3852 protector
1844 3788 1968 3840 vita:

402 3884 555 3929 mete.
582 3885 612 3922 a
651 3886 757 3938 quo
787 3873 1065 3939 trepidabo
1089 3873 1244 3943 (46)?
1281 3874 1412 3926 Dum
1448 3877 1776 3944 appropiant
1805 3891 1968 3944 super

403 3977 490 4015 tne
520 3972 776 4016 nocentes
806 3975 861 4015 ut
907 3964 1072 4017 edant
1120 3981 1312 4019 carnes
1346 3980 1525 4029 meas,
1574 3969 1665 4035 qui
1712 3968 1967 4023 tribulaut

401 4066 489 4105 me
524 4052 725 4105 inimici
760 4054 884 4116 mei,
917 4054 1014 4122 ipsi
1062 4052 1319 4107 inﬁrmati
1363 4064 1491 4108 sunt
1526 4068 1581 4110 et
1620 4058 1959 4111 ceciderunt.

401 4145 458 4198 Si
494 4146 797 4199 consistant
827 4148 1112 4200 adversum
1144 4162 1232 4200 me
1266 4156 1468 4212 castra,
1493 4164 1599 4202 non
1633 4150 1842 4204 timebit
1870 4166 1966 4206 cor

398 4250 612 4301 meum;
651 4237 695 4289 si
727 4246 986 4306 exsurgat
1020 4240 1307 4290 adversum
1340 4251 1425 4290 me
1459 4237 1732 4307 praelium,
1768 4239 1821 4292 in
1863 4241 1961 4294 hoc

397 4343 497 4397 ego
532 4330 763 4398 sperabo
787 4329 828 4381 ‘.
864 4350 881 4381 ι
926 4330 1078 4385 Unde
1109 4344 1209 4399 ego
1240 4329 1476 4384 arbitror
1506 4330 1617 4402 (47)
1652 4332 1794 4402 quod
1826 4347 1963 4386 nun-

2086 1836 2382 1889 certamina
2431 1850 2725 1904 corporum
2777 1838 2973 1889 rohore
3033 1844 3088 1889 et
3145 1836 3456 1905 palaestrica:
3509 1841 3644 1893 artis

2084 1928 2363 1983 exercitiis
2395 1936 2747 1998 peragantur,
2786 1927 2880 1982 sed
2915 1928 3123 1996 spiritui
3175 1929 3434 1985 adversus
3481 1932 3643 2000 spiri—

2085 2030 2196 2075 tum
2226 2021 2339 2093 (48)
2388 2036 2569 2091 pugna
2601 2031 2704 2087 est,
2751 2020 3001 2076 similiter
3053 2030 3112 2074 ut
3154 2019 3351 2078 Paulus
3399 2025 3644 2095 designat

2084 2113 2345 2168 adversus
2372 2107 2747 2182 principatus,
2770 2120 2825 2166 et
2856 2120 3177 2182 potestates,
3198 2128 3252 2169 et
3274 2116 3454 2170 mundi
3483 2115 3643 2186 hujus

2085 2213 2324 2259 rectores
2372 2204 2717 2259 tenebrarum
2773 2204 2932 2259 nobis
2996 2204 3282 2261 imminere
3345 2217 3640 2266 certamen.

2080 2294 2194 2366 Ipsa
2227 2311 2356 2351 vero
2382 2296 2741 2353 certaminum
2790 2298 2998 2366 species
3044 2298 3117 2351 ita
3155 2298 3500 2371 intelligenda
3534 2311 3640 2368 est,

2078 2405 2200 2444 cum
2235 2390 2427 2444 damna
2449 2431 2465 2456 ,
2499 2406 2621 2445 cum
2654 2390 2926 2461 pericula,
2958 2406 3081 2447 cum
3133 2394 3463 2463 opprobria,
3515 2412 3636 2450 cum

2077 2481 2490 2538 criminationes
2539 2484 2849 2537 excitantur
2907 2484 3194 2540 adversum
3252 2504 3380 2553 nos,
3431 2506 3534 2544 non
3583 2492 3634 2546 id

2076 2575 2360 2644 agentibus
2384 2576 2625 2632 adversis
2654 2578 3021 2647 potestatibus
3047 2593 3103 2634 ut
3127 2568 3238 2637 lucc
3269 2588 3639 2641 tantummodo

2086 2667 2389 2734 patiamur,
2438 2670 2533 2723 sed
2582 2679 2640 2724 ut
2683 2686 2777 2739 per
2810 2673 2926 2729 haec
2973 2675 3058 2728 vel
3107 2677 3172 2729 ad
3209 2678 3344 2730 iram
3390 2678 3637 2743 multam,

2073 2761 2157 2814 vel
2198 2764 2262 2816 ad
2313 2763 2591 2817 tristitiam
2642 2764 2896 2830 nimiam,
2949 2767 3030 2820 vel
3085 2768 3151 2821 ad
3203 2769 3633 2837 desperationem

2072 2854 2315 2908 ultimam
2357 2870 2738 2925 provocemur;
2768 2858 2850 2910 vel
2892 2868 3038 2913 certe
3082 2861 3223 2928 quod
3258 2871 3339 2916 est
3368 2864 3592 2932 gravius
3614 2903 3631 2927 ,

2072 2948 2331 3017 conqueri
2389 2949 2647 3003 adversus
2697 2950 2863 3005 Deum
2917 2954 3122 3023 fatigati
3170 2965 3225 3009 et
3279 2956 3409 3010 victi
3462 2956 3636 3011 trediis

2075 3038 2486 3109 compellamur,
2524 3050 2780 3111 tanquam
2812 3044 3102 3098 humanam
3133 3046 3298 3100 vitam
3340 3062 3443 3102 non
3479 3063 3634 3117 aeque

2067 3130 2319 3200 justeque
2374 3131 2784 3201 moderantem;
2820 3144 2882 3189 ut
2929 3150 3024 3205 per
3060 3136 3164 3191 hoc
3216 3137 3549 3192 inﬁrmemnr
3577 3140 3630 3193 in

2072 3220 2200 3285 ﬁde,
2232 3220 2317 3274 vel
2352 3220 2666 3277 decidamus
2701 3221 2769 3275 ab
2795 3238 2911 3291 spe,
2942 3224 3024 3277 vel
3069 3225 3349 3278 transferri
3379 3241 3634 3297 cogamur

2071 3325 2102 3364 a
2136 3311 2367 3366 veritate
2401 3313 2746 3383 dogmatum,
2793 3324 2848 3369 et
2906 3315 3128 3385 impium
3182 3317 3383 3387 aliquid
3415 3320 3479 3373 de
3522 3318 3634 3375 Deo

2072 3407 2276 3462 sentire
2334 3410 2783 3476 persuadeamur.
2842 3408 2996 3462 Talia
3073 3424 3313 3479 namque
3386 3412 3629 3480 quaedam

2069 3499 2271 3566 scripta
2308 3508 2431 3553 sunt
2473 3502 2537 3553 de
2566 3498 2703 3565 Joh,
2731 3517 2851 3555 cum
2897 3500 3145 3555 diabolus
3179 3504 3292 3558 dari
3325 3503 3425 3558 sibi
3466 3503 3631 3558 facul-

2073 3597 2234 3642 tatem
2268 3591 2528 3644 honorum
2563 3592 2677 3662 ejus
2710 3595 3056 3661 poposcisset
3102 3610 3131 3648 a
3182 3594 3309 3650 Deo.
3351 3594 3457 3650 Per
3489 3596 3627 3664 quod

2072 3681 2236 3734 etiam
2271 3681 2400 3734 illud
2437 3684 2752 3749 edocemur,
2784 3687 2924 3753 quod
2951 3703 3055 3740 non
3096 3687 3334 3741 fortuitis
3365 3688 3632 3757 aliquibus

2071 3776 2481 3829 incursionibus
2525 3777 2938 3845 impugnemur,
2989 3782 3032 3834 si
3089 3782 3307 3850 quando
3355 3798 3454 3837 nos
3502 3783 3628 3836 talia

2068 3868 2248 3935 aliqua
2279 3867 2600 3922 facultatum
2631 3871 2826 3925 damna
2864 3875 3250 3941 percusserint,
3282 3890 3458 3945 neque
3486 3876 3626 3943 quod

2068 3958 2300 4013 fortuito
2332 3969 2639 4013 nostrorum
2674 3962 2869 4030 aliquis
2899 3966 3147 4031 captivus
3187 3966 3499 4027 abducitur,
3543 3968 3626 4020 vel

2065 4050 2352 4105 domorum
2376 4050 2488 4121 (49)
2524 4052 2693 4105 ruinte
2728 4056 2779 4105 in
2810 4054 3006 4121 quibus
3038 4056 3189 4109 chari
3220 4058 3423 4127 quique
3447 4058 3628 4127 oppri-

2066 4152 2307 4207 mantur,
2342 4144 2637 4209 eveniunt;
2673 4144 2722 4196 in
2755 4144 2954 4213 quibus
2978 4148 3227 4202 omnibus
3260 4151 3626 4220 unusquisque

2065 4235 2303 4289 ﬁdelium
2338 4236 2520 4291 dicere
2561 4238 2745 4303 debet,
2789 4237 2913 4307 quia
2950 4257 2967 4290 ι
3004 4239 3118 4294 Νοη
3163 4242 3392 4297 haberes
3430 4245 3627 4299 adver-

2064 4342 2187 4383 sum
2226 4343 2333 4383 me
2378 4339 2742 4397 potestatem,
2792 4330 2895 4385 nisi
2951 4342 3096 4385 esset
3144 4335 3266 4387 data
3310 4336 3402 4389 tibi
3461 4336 3625 4391 desuo

397 4437 560 4488 quam
592 4422 752 4477 homo
780 4421 1030 4477 fortassis
1054 4437 1153 4493 per
1185 4425 1421 4495 seipsntn
1451 4428 1703 4481 virtutem
1742 4437 1957 4480 contra.
1991 4430 2036 4484 D
2066 4436 2165 4491 per
2186 4421 2252 4473 ¹².
2285 4440 2303 4472 ι
2339 4422 2473 4475 Vide
2503 4422 2615 4492 (50)
2643 4423 2783 4475 enim
2813 4424 2937 4491 quia
2969 4439 3072 4478 non
3113 4426 3396 4483 cecidisset
3432 4430 3623 4486 domus

396 4513 532 4565 riam
568 4514 785 4568 vincere
827 4524 1021 4582 potest,
1056 4516 1159 4570 nisi
1208 4534 1336 4572 usus
1366 4518 1529 4574 fuerit
1570 4519 1835 4588 adiutorio
1874 4520 1956 4574 di-

395 4603 542 4656 vino.
587 4603 739 4659 Unde
790 4616 844 4659 et
889 4608 1109 4677 angelus
1155 4610 1407 4681 luctatus.
1425 4627 1546 4665 esse
1586 4611 1785 4667 dicitur
1833 4627 1954 4666 cum

394 4691 625 4747 Jacob’.
674 4694 827 4761 Quod
879 4712 975 4751 nos
1008 4697 1224 4763 quidem
1278 4700 1351 4752 ita
1401 4701 1785 4771 intelligimus,
1829 4704 1954 4772 quia

396 4800 501 4839 non
538 4787 679 4841 idem
716 4789 787 4842 sit
836 4791 1095 4843 luctatutu
1140 4806 1257 4848 esse
1290 4810 1408 4846 cum
1455 4792 1621 4848 Jacob
1669 4795 1954 4865 angelum,

392 4879 533 4946 quod
583 4888 664 4933 est
700 4882 981 4935 adventum
1035 4883 1237 4950 Iacob;
1293 4888 1385 4939 sed
1436 4887 1481 4938 is
1520 4888 1733 4954 quidem
1765 4887 1855 4956 qui
1902 4888 1950 4941 ei

396 4970 591 5024 salutis
624 4971 780 5044 142
826 4974 993 5040 ipsius
1022 4990 1184 5030 causa
1234 4976 1456 5041 aderat,
1501 4978 1680 5045 quiet
1727 4978 1955 5047 cognitis

466 5092 486 5123 ³
510 5093 631 5166 Act.
668 5108 747 5166 tit,
786 5093 873 5166 {5.
903 5163 915 5166 _
952 5096 973 5126 δ
998 5093 1152 5166 Joan.
1182 5097 1415 5159 xvi,'55.
1506 5099 1525 5129 ⁸
1560 5096 1734 5166 Philip

391 5179 541 5226 xxvr,
591 5165 639 5228 f,
686 5163 742 5228 2,
796 5165 849 5229 '5,
888 5163 942 5218 4.

952 5096 973 5126 ⁵
998 5093 1152 5148 Joan.
1182 5097 1415 5159 xvi,'55.

1041 5165 1222 5222 ’Geu.
1275 5184 1447 5234 χχχιι,
1494 5167 1586 5224 24.

460 5326 574 5398 (44)
614 5326 749 5382 Vide
786 5327 885 5381 lib.
922 5323 1328 5399 trOrigenianq
1360 5342 1417 5399 q.
1450 5329 1503 5394 7,
1537 5346 1596 5385 η.
1633 5328 1719 5383 l7.

462 5400 578 5468 (45)
617 5399 692 5451 Ita
730 5412 862 5453 mss.
903 5397 1074 5462 Alias,
1111 5416 1128 5448 ι
1157 5397 1491 5454 confortavit
1522 5401 1791 5457 Christus.
1829 5400 1961 5454 Am-

389 5467 533 5537 plius
562 5467 767 5529 autem,
794 5487 814 5522 ›
843 5478 949 5524 etc.

460 5539 575 5609 (46)
616 5538 871 5592 Dominus
891 5548 1153 5606 protector
1176 5538 1293 5592 vim:
1315 5554 1463 5603 metu,
1486 5558 1519 5593 a
1540 5557 1642 5609 quo
1670 5540 1958 5607 trepidabo.

392 5606 517 5664 nam
550 5606 749 5664 omissa
782 5620 909 5663 sunt
939 5610 991 5663 in
1033 5621 1188 5665 antea
1218 5612 1415 5676 editis,
1447 5606 1570 5665 licet
1614 5606 1958 5679 reperiantur

396 5680 447 5729 in
474 5681 727 5732 omnibus
761 5696 887 5734 mss.

471 5748 583 5819 (4'7)
624 5748 752 5801 Vide
788 5747 1089 5818 Origeniun.
1126 5751 1216 5805 lib.
1252 5768 1312 5815 tt,
1359 5768 1411 5823 q.
1449 5752 1497 5817 7,
1529 5768 1583 5805 n.
1618 5752 1699 5807 i7.

1741 5140 1753 5151 .
1792 5114 1875 5162 tv,
1910 5097 1996 5151 15.

1683 5169 1725 5200 ⁸⁸
1763 5169 1961 5238 Ephes.
1992 5184 2073 5232 vt,
2109 5167 2194 5220 42.

2062 4510 2162 4565 Job
2194 4526 2353 4581 supra
2405 4512 2539 4566 ﬁlios
2593 4511 2707 4580 ejus
2746 4514 2847 4567 nisi
2900 4514 3049 4582 prius
3088 4513 3345 4571 adversus
3381 4535 3474 4573 eos
3509 4522 3624 4575 dia-

2066 4603 2224 4657 bolus
2263 4604 2565 4672 accepisset
2593 4615 2949 4677 potestatem;
2987 4624 3163 4679 neque
3210 4614 3423 4679 equites
3453 4616 3623 4668 ternis

2063 4694 2346 4749 ordinibus
2378 4693 2687 4761 irruissent,
2721 4706 2779 4751 ut
2808 4712 3059 4769 raperent
3103 4705 3337 4759 camelos
3368 4707 3505 4775 ejus,
3541 4707 3621 4761 vel

2067 4787 2251 4852 boves,
2304 4796 2611 4857 creteraque
2665 4792 2951 4859 animalia,
3000 4795 3102 4848 nisi
3150 4796 3389 4851 instincti
3439 4800 3505 4853 ab
3553 4813 3619 4851 eo

2065 4880 2257 4950 spiritu
2286 4879 2373 4933 cui
2396 4894 2454 4934 se
2485 4879 2770 4935 ministros
2794 4898 2859 4936 ex
2890 4886 3153 4953 propositi
3185 4889 3266 4941 sui
3312 4890 3617 4943 obedientia

2061 4972 2529 5039 mancipaverant.
2566 4974 2670 5029 Sed
2707 4991 2805 5029 nec
2832 4976 2918 5029 ille
2946 4978 3163 5045 quidem
3208 4982 3302 5049 qui
3337 4981 3617 5035 videbatur

2108 5096 2126 5123 ⁶
2159 5095 2171 5147 l
2206 5094 2329 5146 Cor.
2364 5108 2451 5156 xv,
2488 5092 2572 5145 40.
2682 5094 2701 5123 "
2739 5093 2890 5147 Rom.
2928 5110 3059 5156 vttt,
3095 5097 3184 5156 58,
3222 5098 3308 5154 59.
3419 5099 3441 5130 ⁸
3469 5098 3608 5154 Psal.

2273 5164 2312 5192 “
2344 5161 2475 5216 Gen.
2512 5165 2791 5228 xxxrt,24.

2682 5094 2701 5123 ’⁷
2739 5093 2890 5147 Rom.
2928 5110 3059 5159 vtlt,
3095 5097 3184 5161 58,
3222 5098 3308 5154 59.

2871 5166 2911 5194 ¹²
2934 5162 3089 5219 Juan.
3126 5183 3238 5232 XIX,
3270 5169 3355 5221 Η.

2127 5330 2241 5400 (48)
2282 5330 2373 5386 Sic
2400 5346 2530 5407 mss.
2558 5331 2781 5407 _Alias._c
2801 5342 2853 5388 et
2880 5333 3197 5403 palmstriae
3220 5337 3435 5394 virtutis
3480 5351 3605 5407 pere

2058 5412 2308 5473 agantur,
2327 5402 2419 5457 sed
2439 5402 2667 5473 spiritus
2692 5402 2949 5457 adversus
2978 5406 3245 5473 spiritum,
3278 5426 3296 5459 ι
3323 5418 3428 5463 etc.

2131 5471 2240 5539 (49)
2280 5470 2434 5529 Libb.
2466 5472 2621 5534 editi,
2658 5490 2677 5523 ι
2700 5473 2781 5525 vel
2818 5470 3030 5528 donius.
3052 5493 3071 5526 ι
3103 5476 3229 5530 Mss.
3260 5493 3280 5527 ι
3309 5480 3394 5533 vel
3423 5480 3600 5534 duino-

2057 5554 2175 5617 rum
2236 5545 2424 5617 ruina}.
2458 5561 2478 5595 ι
2507 5542 2707 5617 Ibidem
2758 5560 2914 5605 mss..
2964 5562 2983 5594 ι
3029 5550 3441 5617 opprimantur,
3486 5566 3604 5607 θυοδ

2060 5610 2233 5665 niunt.
2262 5631 2280 5663 ι
2307 5614 2476 5672 Alias,
2508 5631 2527 5662 ε
2552 5616 2946 5680 opprimantur,
2980 5610 3208 5671 ruerint.
3234 5636 3254 5671 ι

2128 5682 2242 5753 (50)
2284 5682 2371 5737 Sic
2402 5700 2530 5739 mss.
2559 5685 2727 5751 Alias,
2764 5703 2781 5736 ι
2815 5687 2939 5739 vidi.
2969 5705 2988 5735 ι
