4014 6142
356 270 479 326 ιδῖὅ

1670 274 1873 330 LIBER
1888 324 1898 334 ,
1910 274 2226 332 TERTIUS.

3480 277 3582 332 3M

368 389 531 455 ignis,
552 388 632 441 vel
660 389 799 457 quod
824 398 1061 457 putatum
1087 399 1169 443 est
1205 390 1426 453 fulmen,
1451 392 1736 448 cecidisset
1766 410 1929 465 super
1958 399 1997 455 A
2030 410 2148 450 esse
2169 397 2457 465 quamdam
2490 395 2804 463 sapientiam
2837 392 3139 462 principum
3167 392 3328 461 hujus
3369 398 3580 462 ntttndi,

365 494 503 532 Oves
548 477 673 541 Job,
714 489 1000 549 antequam
1056 480 1306 535 diabolus
1362 482 1564 535 diceret
1606 486 1669 537 ad
1720 487 1922 540 Deum:

371 587 391 619 ι
425 569 611 625 Nonne
642 581 693 624 ιιι
728 570 1076 625 communisti
1120 572 1301 625 omnia
1349 588 1468 641 quae
1515 575 1651 629 foris
1694 586 1841 641 sunt,
1871 588 1927 631 et

363 664 484 732 ejus
519 665 756 732 reliqua?
781 664 885 719 Sed
917 682 1056 720 nunc
1087 667 1325 720 immitte
1373 682 1591 720 manmn
1649 676 1827 733 tuam,
1871 680 1925 723 et

362 756 624 824 continge
658 757 837 811 omnia
869 772 988 825 quae
1030 760 1212 824 habet,
1264 760 1367 813 nisi
1423 759 1477 813 in
1528 759 1724 815 faciem
1767 763 1927 818 bene-

362 847 570 901 dixerit
600 850 692 903 tibi
721 850 785 901 ¹³.
813 868 830 901 ›

432 940 490 993 7.
554 941 627 993 Ex
679 941 877 1011 quibus
925 941 1177 996 omnibus
1222 942 1348 997 illud
1394 945 1729 1008 ostenditur,
1784 948 1924 1012 quod

359 1032 548 1086 omnia
590 1033 703 1086 hzec
741 1048 859 1101 qua:
909 1032 1041 1086 fiunt
1075 1033 1126 1086 in
1164 1034 1269 1088 hoc
1304 1037 1527 1099 mundo,
1580 1052 1699 1103 qum
1750 1039 1924 1093 media

356 1132 772 1195 existimantur,
819 1130 933 1183 sive
964 1129 1051 1183 illa
1103 1130 1281 1184 tristia
1336 1129 1483 1193 sint,
1512 1131 1627 1185 sive
1679 1147 1924 1200 quoquo-

356 1220 659 1293 inodo(51)
698 1222 830 1284 sint,
854 1240 959 1276 non
998 1224 1210 1292 quidem
1235 1238 1263 1275 a
1300 1222 1408 1277 Deo
1431 1224 1584 1284 liunt,
1624 1240 1722 1279 nec
1747 1236 1922 1279 tamen

357 1316 483 1368 sine
548 1314 695 1378 Deo;
760 1316 884 1367 dum
936 1314 1196 1382 malignas
1226 1323 1281 1368 et
1341 1317 1648 1369 contrarias
1701 1317 1925 1371 virtutes

356 1407 489 1459 talia
520 1405 763 1460 volentes
792 1407 1003 1475 operari
1028 1420 1130 1458 non
1155 1406 1330 1459 solum
1355 1422 1462 1460 non
1491 1408 1739 1475 prohibet
1763 1406 1921 1471 Deus,

356 1497 457 1550 sed
492 1506 548 1549 et
576 1497 843 1564 permittit
894 1495 1071 1550 facere
1102 1496 1237 1558 haec,
1281 1498 1374 1551 sed
1427 1499 1593 1551 certis
1624 1500 1925 1567 quibusque

356 1588 694 1655 temporibus
714 1596 763 1641 et
793 1587 1068 1656 personis;
1106 1587 1246 1642 sicut
1271 1595 1326 1640 et
1356 1586 1407 1639 in
1428 1588 1541 1656 ipso
1564 1586 1664 1642 Job
1693 1589 1915 1654 dicitur,

356 1680 489 1746 quia
548 1680 613 1732 ad
649 1691 855 1733 certum
906 1688 1115 1747 tempus
1174 1688 1391 1749 paratus
1442 1688 1525 1733 est
1569 1680 1762 1733 cadere
1825 1682 1924 1735 sub

356 1768 503 1831 aliis,
535 1768 797 1823 ctdomus
828 1769 996 1839 ipsius
1015 1770 1306 1839 deprzedari
1340 1771 1407 1824 ab
1433 1771 1653 1840 iniquis.
1678 1772 1929 1843 Propter-

355 1876 423 1914 ea
472 1860 632 1914 docet
669 1876 768 1914 nos
798 1860 1079 1930 Scriptura
1103 1861 1285 1915 divina
1315 1862 1493 1916 omnia
1522 1879 1643 1934 quae
1674 1866 1929 1919 accidunt

357 1954 521 2008 nobis
554 1964 809 2023 tanquam
837 1970 867 2008 a
904 1954 1014 2010 Deo
1046 1955 1189 2009 illata
1213 1954 1322 2027 (ὅὲ)
1360 1958 1662 2027 suscipere,
1691 1961 1929 2016 scientes

354 2045 506 2114 quod
539 2044 657 2099 sine
686 2045 796 2100 Deo
827 2046 960 2101 nihil
997 2046 1078 2105 ﬁt.
1122 2049 1276 2115 Quod
1306 2059 1487 2104 autem
1535 2050 1649 2105 bzec
1689 2051 1763 2105 ita
1796 2051 1926 2116 sint,

357 2138 413 2192 id
452 2147 560 2204 est,
594 2139 733 2206 quod
766 2140 885 2194 sine
914 2139 1025 2195 Deo
1043 2140 1178 2195 nihil
1210 2142 1325 2209 fiat,
1345 2144 1615 2213 quomodo
1645 2160 1930 2214 possumus

354 2231 641 2296 dubitare,
675 2232 900 2289 Domino
941 2242 996 2289 et
1028 2233 1311 2289 Salvatore
1353 2236 1740 2304 pronuntiante
1760 2248 1816 2292 et
1843 2239 1927 2293 di-

356 2334 552 2379 cente:
589 2342 607 2375 ‹
634 2322 821 2379 Nonne
845 2324 951 2379 duo
978 2340 1229 2394 passeres
1263 2342 1383 2381 asse
1415 2338 1688 2397 vteneunt,
1712 2340 1766 2384 et
1790 2346 1929 2388 unus

354 2431 421 2468 cx
457 2414 589 2485 ipsis
619 2431 725 2468 non
760 2415 918 2469 cadet
963 2431 1126 2483 super
1156 2426 1354 2471 terram
1399 2418 1517 2473 sine
1556 2419 1719 2473 Patre
1751 2432 1929 2477 vestro

356 2505 455 2571 qui
511 2505 564 2557 in
614 2504 766 2558 ctnlis
815 2505 1043 2559 estw?»
1098 2506 1204 2561 Sed
1258 2509 1553 2562 necessitas
1611 2524 1708 2563 nos
1767 2513 1930 2565 traxit

358 2597 527 2665 paulo
560 2598 794 2664 amplius
832 2599 1045 2667 evagari
1076 2599 1140 2652 de
1174 2598 1555 2655 colluctatione
1577 2602 1928 2658 adversarum

358 2687 653 2751 virtutum,
680 2701 843 2754 quam
891 2687 1151 2742 adversus
1188 2687 1438 2744 homines
1476 2702 1695 2760 gerunt,
1742 2694 1930 2764 dispu-

360 2782 547 2829 tantes
578 2786 633 2830 et
666 2777 733 2830 de
762 2777 846 2832 his
890 2793 1012 2847 qua:
1054 2779 1294 2835 humano
1323 2783 1504 2850 generi
1552 2784 1805 2837 accidunt
1838 2785 1932 2839 tri-

358 2866 641 2929 stioribus,
670 2869 721 2922 id
758 2878 841 2924 est
880 2872 1272 2927 tentatiouibus
1298 2874 1423 2927 vita:
1467 2875 1652 2945 hujus,
1687 2877 1828 2930 sicut
1854 2879 1931 2932 ait

358 2956 499 3013 Job:
527 2977 544 3009 ι
569 2957 758 3016 Nonne
787 2964 1014 3018 tentatio
1037 2976 1118 3020 est
1148 2965 1324 3019 omnis
1347 2968 1455 3020 vita
1496 2968 1735 3023 hominis
1767 2985 1931 3039 super

2027 488 2188 541 aliam
2212 503 2336 541 vero
2358 501 2476 542 esse
2496 485 2604 558 (5-4)
2630 485 2719 540 Dei
2751 486 3100 553 sapientiam.
3128 484 3231 539 Sed
3261 485 3437 539 ethoc
3459 501 3581 539 cum

2032 577 2185 650 143
2215 579 2375 634 dicit:
2403 596 2421 629 ‹
2447 578 2781 647 Sapientiam
2808 578 3113 646 principum
3143 576 3304 645 hujus
3326 577 3529 641 mundi,
3559 596 3578 630 ι

2029 684 2131 722 non
2187 668 2425 723 arbitror
2472 684 2594 722 cum
2643 682 2983 721 couununem
3042 666 3278 735 aliquam
3338 668 3583 722 omnium

2026 760 2327 829 principum
2360 759 2519 827 hujus
2548 761 2727 813 mundi
2762 761 3079 828 sapientiam
3126 761 3328 827 dicere,
3352 761 3445 815 sed
3473 760 3585 815 sin-

2028 852 2274 921 gulorum
2307 852 2607 919 principum
2647 851 2919 920 pmpriam
2950 852 3235 919 quamdam
3272 853 3402 905 mihi
3440 852 3587 907 videe

2030 950 2117 991 tur
2144 939 2381 993 indicare
2407 939 2750 1007 sapientiam.
2778 940 2842 993 Et
2871 929 3082 994 rursum
3108 957 3230 996 cum
3247 942 3411 997 dicit:
3435 962 3454 995 ι
3480 941 3584 998 Sed

2026 1035 2299 1105 loquimur
2326 1035 2418 1088 Dei
2455 1035 2776 1104 sapientiam
2815 1034 2866 1087 in
2903 1035 3163 1104 mysterio
3190 1037 3582 1103 absconditam,

2026 1143 2185 1196 quam
2212 1127 2612 1198 przcdestinavit
2633 1127 2771 1181 Deus
2806 1136 2935 1181 ante
2954 1126 3149 1181 sa:cula
3173 1128 3223 1181 in
3242 1128 3469 1196 gloriam
3493 1145 3587 1184 no-

2027 1231 2133 1272 slra
2144 1236 2192 1272 m
2212 1220 2272 1284 ιτ,
2286 1238 2304 1270 ι
2326 1220 2704 1287 requirendum
2720 1219 2855 1273 estsi
2875 1220 3114 1274 eamdem
3132 1220 3259 1274 dicit
3275 1222 3363 1275 Dei
3380 1223 3589 1290 sapien-

2027 1311 2153 1363 tiam
2170 1309 2308 1366 banc
2326 1326 2443 1379 qua:
2458 1309 2767 1365 abscondita
2784 1320 2866 1363 est
2884 1325 2911 1362 a
2935 1311 3262 1379 temporibus
3286 1311 3404 1365 aliis
3430 1322 3481 1365 et
3496 1326 3588 1380 ge—

2028 1402 2418 1465 nerationibus,
2452 1412 2509 1455 et
2534 1418 2635 1456 non
2662 1402 2893 1454 innotuit
2934 1402 3058 1455 filiis
3086 1403 3388 1465 hominum,
3418 1405 3583 1468 sicut,

2028 1512 2169 1551 nunc
2195 1495 2427 1549 revelata
2456 1504 2537 1549 est
2564 1495 2767 1549 sanctis
2798 1497 3052 1564 apostolis
3074 1495 3189 1562 ejus
3213 1506 3267 1549 et
3290 1497 3584 1564 pr0phctis.

2026 1605 2145 1659 qua:
2164 1598 2280 1642 erat
2310 1599 2363 1643 et
2397 1588 2484 1643 illa
2514 1598 2637 1643 ante
2666 1592 2951 1643 adventum
2991 1588 3289 1643 Salvatoris
3318 1589 3585 1658 sapientia

2032 1678 2142 1740 Dei,
2162 1695 2226 1733 ex
2248 1694 2349 1748 qua
2377 1679 2726 1749 sapienslerat
2756 1676 3152 1747 Salomou,quo
3166 1678 3453 1734 Salomone
3468 1681 3588 1749 plus

2031 1780 2151 1820 esse
2202 1768 2348 1835 quod
2410 1769 2566 1823 docet
2611 1767 2881 1835 Salvator,
2927 1768 3095 1837 ipsius
3126 1768 3427 1824 Salvatoris
3472 1785 3586 1824 ser-

2034 1871 2121 1910 mo
2146 1857 2258 1929 (55)
2286 1858 2620 1927 pronuntiat,
2652 1873 2775 1913 cum
2808 1858 2939 1911 dicit
2972 1875 2985 1911 :
3024 1876 3042 1909 ι
3079 1857 3144 1911 Ει
3175 1873 3301 1913 ecce
3330 1860 3449 1928 plus
3485 1858 3579 1912 Sa-

2030 1948 2245 2005 lomone
2265 1948 2501 2003 hiem".
2518 1969 2536 2002 ι
2555 1948 2609 2003 In
2624 1966 2732 2020 quo
2748 1947 3188 2017 ostenditurquia
3208 1950 3286 2015 hi,
3301 1950 3393 2017 qui
3425 1950 3591 2003 doce-

2029 2041 2233 2097 bantur
2274 2054 2305 2094 a
2350 2039 2654 2100 Salvatore.
2681 2040 2800 2109 plus
2837 2040 3037 2110 aliquid
3066 2039 3397 2093 docebantur
3425 2054 3588 2107 quam

2029 2132 2265 2188 sciverat
2313 2131 2590 2189 Salomon.
2623 2135 2679 2188 Si
2718 2136 2861 2189 enim
2888 2135 3012 2202 quis
3037 2133 3182 2188 dicat
3222 2133 3346 2202 quia
3382 2132 3593 2187 sciebat

2029 2225 2243 2295 quidem
2279 2224 2530 2282 Salvator
2585 2228 2837 2295 amplius.
2868 2243 2973 2283 non
3032 2237 3209 2283 tamen
3250 2227 3413 2281 etiam
3470 2226 3592 2280 alii:

2026 2318 2180 2390 plura
2208 2320 2455 2375 tradebat
2483 2334 2643 2390 quam
2676 2319 3243 2389 Salomon,quomodo
3279 2318 3587 2381 conveniet,

2028 2418 2085 2464 et
2152 2420 2553 2479 consequenter
2626 2411 2825 2465 dictum
2895 2411 3171 2481 potabitur
3235 2410 3397 2463 etiam
3461 2408 3591 2461 illud

2029 2501 2170 2568 quod
2217 2502 2328 2571 (56)
2363 2503 2416 2555 in
2462 2502 2912 2573 subsequentibus
2943 2502 3064 2557 ait:
3101 2522 3120 2555 ι
3162 2502 3363 2572 Regina
3407 2500 3591 2555 Austri

2029 2604 2212 2663 surget
2243 2596 2294 2647 in
2318 2594 2538 2661 judicio,
2566 2606 2621 2649 et
2670 2594 3053 2650 c0ndemnabit
3094 2596 3340 2649 homines
3363 2609 3593 2664 genera—

2032 2686 2195 2740 tionis
2240 2684 2421 2754 hujus,
2452 2695 2735 2754 propterea
2781 2688 2924 2756 quod
2960 2686 3107 2740 venit
3137 2703 3164 2739 a
3196 2688 3391 2741 finibus
3436 2699 3593 2741 terra:

2030 2777 2219 2831 audire
2242 2775 2564 2846 sapientiam
2596 2775 2924 2844 Salomonis,
2949 2789 3004 2833 et
3027 2795 3152 2834 ecce
3175 2779 3294 2848 plus
3307 2778 3595 2853 Salomone

2030 2869 2295 2925 hic?»Est
2344 2870 2507 2940 igitur
2560 2870 2823 2940 sapientia
2891 2872 3075 2925 mumli
3137 2869 3323 2939 hujus,
3393 2877 3477 2927 est
3538 2879 3596 2924 et

2030 2962 2290 3032 sapientia
2346 2978 2443 3032 per
2487 2962 2733 3032 singulos
2788 2962 3025 3017 fortasse
3083 2962 3352 3032 principes
3409 2961 3595 3015 mundi

360 3058 565 3104 terram
585 3050 675 3104 ¹⁸ἳ
707 3071 726 3104 ο
764 3062 820 3107 ut
854 3055 1190 3110 manifestius
1219 3060 1487 3126 quomodo
1512 3060 1624 3115 lucc
1650 3062 1919 3125 accidant,
1955 3067 2000 3128 α
2032 3054 2209 3123 hujus.
2243 3052 2318 3108 De
2350 3055 2461 3122 ipsa
2507 3068 2634 3108 vero
2674 3053 2832 3107 unius
2866 3053 2960 3107 Dei
2998 3054 3261 3123 sapientia
3313 3052 3442 3108 illud
3473 3068 3594 3107 sen-

361 3153 418 3197 et
464 3158 627 3213 quam
682 3145 767 3213 pie
822 3146 889 3200 de
940 3148 1025 3203 his
1058 3151 1249 3207 sentiri
1302 3153 1523 3217 debeat,
1577 3154 1922 3221 panderetur.

365 3230 519 3288 Nunc
544 3235 820 3291 videamus
854 3239 1123 3305 quomodo
1152 3242 1396 3297 homines
1431 3243 1594 3299 etiam
1644 3244 1695 3297 in
1731 3258 1928 3311 pecca-

374 3336 479 3379 tum
516 3326 662 3381 l'alsa:
707 3329 947 3384 scientia:
987 3330 1321 3390 dilabuntur.
1360 3333 1442 3389 vel
1492 3351 1599 3404 quo
1637 3346 1923 3405 proSpectu

368 3419 596 3473 virtutes
623 3420 913 3475 contrariae
957 3424 1123 3478 etiam
1155 3426 1219 3480 de
1267 3427 1354 3481 his
1396 3442 1607 3496 pugnas
1640 3428 1923 3483 adversum

369 3524 467 3566 nos
499 3510 707 3566 soleant
732 3529 1093 3569 commovere.

977 3605 1200 3662 CAPUT
1239 3607 1323 3661 ΙΙΙ.

838 3697 913 3752 De
951 3701 1147 3767 triplici
1180 3703 1458 3769 sapientia.

442 3786 498 3840 1.
551 3785 753 3843 Docere
807 3806 907 3845 nos
952 3791 1136 3847 volens
1202 3804 1425 3848 sanctus
1473 3794 1580 3867 (55)
1642 3795 1934 3865 Apostolus

370 3894 624 3947 magnum
656 3880 859 3950 aliquid
890 3891 942 3935 et
985 3886 1320 3938 reconditmn
1351 3887 1417 3940 de
1461 3888 1687 3942 scientia
1739 3901 1793 3943 et
1838 3904 1930 3942 sa-

371 3972 574 4039 pientia
611 3973 662 4025 in
696 3976 864 4043 prima
911 3976 976 4029 ad
1008 3976 1322 4032 Corinthios
1361 3978 1602 4049 Epistola
1637 3981 1741 4035 ait:
1778 3999 1796 4032 ‹
1827 3982 1930 4037 Sa-

370 4064 627 4134 pientiam
664 4076 844 4119 autem
883 4066 1150 4136 loquimur
1193 4069 1334 4123 inter
1369 4070 1671 4140 perfectos;
1719 4074 1933 4140 sapien-

371 4159 503 4209 tiam
528 4171 657 4211 vero
685 4171 788 4210 non
820 4158 977 4227 hujus
1003 4160 1205 4222 mundi,
1231 4177 1403 4229 neque
1428 4164 1732 4231 principum
1773 4165 1931 4232 hujus

372 4250 559 4301 mundi
578 4250 666 4318 qui
693 4251 1066 4312 destruuntur,
1091 4254 1183 4306 sed
1209 4253 1476 4321 loquimur
1496 4254 1588 4307 Dei
1613 4256 1933 4323 Sapientiam

373 4339 430 4391 in
466 4339 724 4410 mysterio
751 4340 1144 4408 absconditam,
1168 4360 1330 4413 quam
1364 4345 1764 4413 praedestinavit
1796 4348 1935 4403 Deus

2040 3145 2203 3200 timus
2238 3145 2481 3211 indicari,
2508 3144 2649 3214 quod
2680 3144 2856 3198 minus
2874 3144 3091 3212 quidem
3118 3145 3173 3199 in
3202 3143 3598 3215 antiquioribus

2033 3248 2089 3292 et
2112 3238 2381 3293 veteribus
2404 3248 2626 3306 operata
2653 3239 2743 3302 sit,
2764 3239 2995 3308 amplius
3017 3252 3147 3293 vero
3173 3247 3228 3292 et
3259 3237 3599 3292 manifestius

2039 3329 2270 3383 revelata
2304 3345 2399 3399 per
2431 3330 2705 3384 Christum
2730 3338 2834 3385 est.
2873 3329 3066 3386 Verum
3104 3332 3170 3386 de
3203 3330 3472 3399 sapientia
3502 3329 3596 3384 Dei

2039 3422 2091 3475 in
2126 3421 2257 3477 locis
2280 3423 2510 3491 propriis
2542 3424 2896 3492 requiremus.

2107 3514 2161 3567 2.
2205 3513 2357 3570 Nunc
2412 3530 2539 3570 vero
2600 3516 2854 3585 quoniam
2900 3517 3115 3585 quidem
3144 3516 3202 3569 in
3237 3518 3486 3571 manibus
3517 3526 3604 3572 est

2042 3614 2311 3662 tractatus
2331 3608 2397 3661 de
2419 3608 2711 3662 virtutibus
2742 3608 3052 3673 contrariis,
3071 3607 3301 3674 qualiter
3349 3617 3602 3663 moveant

2044 3699 2211 3752 etiam
2249 3715 2310 3752 ca
2339 3701 2634 3754 certamina
2667 3701 2864 3770 quibus
2892 3699 3021 3752 falsa
3054 3698 3281 3752 scientia
3309 3699 3469 3753 etiam
3499 3699 3602 3753 bu-

2038 3789 2213 3845 manis
2238 3792 2508 3846 mentibus
2541 3791 2816 3857 inseritur,
2836 3799 2889 3843 ct
2918 3790 3452 3844 seducunturanima'.
3475 3790 3599 3844 dum

2038 3900 2099 3939 se
2159 3894 2349 3954 putant
2395 3884 2666 3939 invenisse
2700 3883 3045 3953 sapientiam,
3074 3882 3431 3937 necessarium
3472 3896 3602 3953 puto

2044 3974 2226 4027 dicere
2278 3982 2443 4042 atque
2490 3973 2820 4043 distinguere
2850 3988 2969 4041 qum
3008 3973 3080 4026 sit
3112 3972 3373 4042 sapientia
3418 3973 3599 4026 mumli

2040 4065 2196 4135 hujus
2230 4073 2286 4120 et
2312 4082 2433 4135 qua:
2464 4066 2771 4136 principum
2822 4066 3004 4120 mundi
3047 4064 3307 4133 hujus,ut
3357 4080 3452 4134 per
3499 4064 3601 4119 hoc

2037 4161 2128 4228 qui
2179 4158 2288 4212 sint
2326 4157 2489 4212 etiam
2548 4168 2728 4227 patres
2779 4156 2938 4224 hujus
2992 4157 3294 4225 sapientiae,
3329 4155 3439 4208 imo
3472 4170 3603 4207 vero

2039 4249 2429 4318 Sapientiarum
2457 4248 2673 4312 barum,
2693 4246 2965 4314 possimus
2995 4244 3422 4318 advertere(57).
3447 4244 3604 4298 Arhi-

2044 4352 2157 4395 tror
2211 4342 2394 4410 igitur,
2430 4342 2570 4395 sicut
2625 4354 2791 4409 supra
2842 4339 3095 4400 diximus,
3132 4338 3450 4407 sapientiam
3484 4352 3607 4392 esse

373 4439 503 4484 ante
532 4432 723 4485 saacula
754 4431 804 4485 in
829 4432 1051 4501 gloriam
1080 4446 1342 4501 nostram,
1366 4452 1525 4505 quam
1551 4455 1709 4492 neruo
1738 4442 1937 4509 princi-
1967 4420 2011 4475 Ῑ)
2042 4436 2200 4505 hujus
2238 4433 2423 4488 mundi
2475 4432 2635 4487 aliam
2683 4431 2973 4501 quamdam
3003 4441 3198 4500 praeter
3229 4430 3351 4485 illas
3390 4432 3606 4499 sapien-
3648 4418 3653 4423 ’

373 4540 504 4595 pum
531 4523 691 4591 hujus
728 4526 912 4579 mundi
936 4528 1227 4594 cognovit:
1263 4530 1307 4583 si
1347 4530 1490 4585 enim
1535 4533 1936 4600 cognovissent,

376 4632 650 4687 nunquam
682 4618 964 4672 Dominmn
1001 4620 1299 4690 majestatis
1325 4625 1810 4680 crucilixisseut”.
1840 4644 1859 4677 ι
1882 4627 1936 4680 In

378 4726 489 4778 quo
519 4709 805 4764 ostendere
839 4710 1023 4765 volens
1057 4712 1444 4780 sapientiarum
1473 4715 1937 4778 dill‘erentias,de.

381 4802 567 4856 scribit
603 4816 725 4856 esse
757 4803 1045 4870 quamdam
1086 4803 1242 4870 hujus
1293 4808 1477 4860 mundi
1505 4810 1848 4877 sapientiam,
1889 4820 1944 4863 et

1614 4926 1654 4957 ¹⁵
1689 4925 1791 4981 Job
1821 4942 1918 4992 vn,
1955 4928 2007 4982 1.

454 4919 496 4949 ¹³
526 4918 625 4972 Job
685 4918 844 4985 I,10,
880 4920 966 4974 Η.

389 5003 487 5054 ιιι,
522 4990 611 5043 42.

459 5084 572 5155 (5i)
615 5084 1014 5153 Quoquomodo.
1047 5087 1120 5140 Ita
1152 5100 1279 5140 mss.
1309 5085 1482 5144 Alias,
1523 5101 1543 5135 ι
1573 5083 1880 5139 commoda.
1913 5104 1932 5137 υ

461 5155 572 5223 (52)
612 5155 701 5209 Sic
729 5172 859 5209 mss.
880 5156 1050 5219 Alias,
1088 5175 1106 5207 ι
1131 5155 1219 5209 illa
1254 5155 1415 5208 mala.
1445 5173 1464 5205 ι

463 5227 571 5295 (ὃὸ)
612 5225 665 5278 In
708 5226 837 5279 libb.
870 5237 1022 5279 antea
1069 5227 1230 5281 editis
1282 5225 1506 5294 legitur,
1554 5246 1572 5277 ε
1614 5229 1811 5284 docere
1838 5244 1938 5284 nos

1049 4920 1093 4951 “
1136 4921 1324 4982 Matth.
1358 4942 1411 4988 x,
1441 4926 1532 4980 ‘29.

393 5309 572 5348 mouet
602 5306 839 5359 sanctus,
867 5315 885 5347 ι
918 5312 1038 5363 quae
1067 5298 1229 5349 verba
1270 5296 1609 5351 constituunt
1643 5301 1804 5353 ctiam
1839 5301 1939 5352 ibi.

390 5369 510 5417 dem
562 5366 771 5418 initium
829 5367 1022 5433 capitis
1078 5367 1221 5419 tertii
1268 5366 1547 5434 praemisso
1590 5368 1690 5423 hoc
1740 5369 1935 5423 titulo:

399 5452 416 5483 ‹
443 5434 516 5487 De
553 5434 750 5502 triplici
791 5436 1077 5501 sapientia,
1102 5454 1121 5487 ι
1156 5437 1246 5489 sed
1281 5437 1333 5488 in
1377 5438 1631 5492 oumibus
1666 5455 1795 5492 mss.
1822 5439 1939 5491 nul-

393 5504 497 5577 lum
544 5514 627 5558 est
668 5505 862 5577 capitis
903 5504 1212 5577 incipientis
1265 5505 1517 5559 indicimn
1547 5546 1563 5569 ,
1598 5517 1652 5560 et
1697 5520 1817 5577 post
1849 5510 1934 5563 illa

394 5576 571 5635 verba,
600 5592 617 5625 ι
650 5575 935 5628 adversum
985 5590 1080 5627 nos
1110 5573 1318 5627 soleant
1353 5573 1717 5641 commovere,
1748 5598 1766 5629 ι
1806 5594 1937 5633 con-

394 5647 537 5695 tinna
564 5646 705 5697 serie
738 5646 994 5714 scriptum
1020 5655 1122 5709 est,
1152 5662 1169 5693 ε
1202 5645 1396 5699 docere
1434 5661 1535 5702 nos
1578 5648 1763 5703 volens
1807 5664 1933 5705 san-

392 5726 529 5779 etus,
560 5733 576 5766 ›
604 5724 707 5769 etc.

2044 4531 2179 4593 tias,
2202 4542 2323 4596 quae
2374 4534 2502 4581 sunt
2549 4526 2848 4595 principum
2886 4524 3046 4593 hujus
3082 4524 3287 4587 mundi,
3313 4540 3407 4595 per
3443 4540 3603 4595 quam

2042 4621 2365 4689 sapientiam
2394 4618 2613 4688 intelligi
2634 4618 2883 4672 videntur
2905 4634 2968 4673 ea
2991 4628 3045 4673 et
3075 4618 3461 4688 comprehendi
3486 4634 3605 4687 quae

2043 4712 2201 4781 hujus
2227 4710 2408 4763 mundi
2440 4718 2585 4763 sunt.
2615 4708 2745 4775 Qute
2779 4720 2956 4764 tamen
2994 4710 3047 4763 in
3077 4725 3135 4764 se
3176 4709 3309 4763 nihil
3338 4711 3525 4774 habet,
3544 4718 3604 4764 ut

2042 4805 2217 4873 possit
2232 4802 2433 4872 aliquid
2454 4805 2532 4855 vel
2552 4803 2617 4857 de
2636 4802 2950 4867 Divinitate,
2966 4801 3049 4857 vel
3077 4804 3142 4857 de
3162 4802 3347 4857 mundi
3372 4804 3604 4868 ratione,

2119 4928 2199 4982 “l
2230 4926 2358 4983 Cor.
2393 4928 2526 4991 n.6,
2556 4926 2608 4989 7,
2634 4924 2688 4980 8.
2755 4924 2797 4955 ¹⁷
2828 4922 2849 4977 I
2877 4922 3002 4979 Cor.
3038 4940 3098 4987 ιι,
3134 4923 3185 4981 7.
3265 4924 3380 4968 "-"
3411 4923 3604 4979 Matth.

2117 5086 2231 5155 (54)
2275 5086 2422 5143 Esse.
2447 5088 2538 5143 Sic
2563 5104 2693 5144 mss.
2716 5088 2888 5152 Alias,
2922 5108 2942 5142 σ
2961 5090 3147 5145 etiam.
3173 5109 3192 5143 ι
3217 5090 3420 5146 Ibidem
3446 5105 3604 5156 mss.,

2050 5174 2070 5207 ι
2100 5172 2443 5230 communem
2472 5159 2705 5229 aliquam
2751 5163 2990 5215 omnium
3034 5161 3357 5230 principum.
3389 5179 3407 5213 ι
3446 5161 3602 5218 Libb.

2048 5228 2248 5301 editi“
2272 5245 2433 5301 unam
2468 5228 2702 5299 aliquam
2732 5232 2973 5285 omnium
3002 5228 3329 5301 principum.
3353 5251 3373 5282 ι

2116 5297 2355 5371 (55)Ὲιῆο
2407 5316 2535 5354 mss.
2560 5297 2750 5366 _Alias,
2790 5320 2808 5353 ι
2845 5302 2962 5371 plus
2994 5297 3157 5355 etiam
3185 5297 3396 5355 'dicitur
3454 5303 3597 5371 quod

2045 5366 2501 5441 docet'Salvator,
2534 5373 2676 5440 quod
2715 5381 2769 5427 et
2808 5366 2979 5441 ipsius
3007 5371 3308 5425 Salvatoris
3339 5366 3539 5423 seruio.
3578 5391 3598 5424 ι

2115 5438 2227 5509 (56)
2264 5439 2353 5493 Sic
2386 5456 2516 5495 mss.
2546 5438 2713 5502 Alias,
2753 5459 2772 5493 ι
2806 5438 3189 5497 convenienter
3216 5441 3418 5493 dictum
3449 5450 3605 5509 puta-

2042 5507 2379 5563 bitur'etiam
2416 5514 2578 5577 quod,
2616 5531 2634 5563 ι
2666 5523 2771 5566 etc.

2114 5580 2224 5648 (57)
2256 5580 2345 5633 διο
2386 5597 2518 5634 mss.
2570 5582 2739 5643 Alias,
2780 5598 2800 5631 ι
2838 5591 2890 5633 et
2916 5597 3012 5649 per
3041 5582 3141 5635 hoc
3168 5579 3255 5649 qui
3288 5588 3415 5649 sunt
3442 5580 3605 5635 etiam

2043 5646 2224 5718 patres
2254 5651 2412 5718 hujus
2446 5653 2726 5718 sapientia:
2754 5666 2849 5715 per
2875 5646 3011 5718 quos
3037 5646 3217 5704 veram
3246 5646 3605 5705 differentiam

2046 5720 2437 5787 Sapientiamm
2480 5724 2666 5773 barum
2703 5720 2971 5786 possimus
3017 5724 3314 5775 advertere.
3358 5734 3381 5768 ι
