4014 6142
365 250 472 322 513

1593 266 1912 322 ORlGENlS
1949 268 2107 320 ΠΕΡι
2147 235 2372 318 armis

3492 253 3594 308 516

365 379 452 436 vel
506 380 573 436 de
624 383 1032 453 quibuscunque
1077 382 1466 437 excelsioribus
1518 389 1702 454 rebus,
1735 388 1817 441 vel
1867 394 1930 441 de
1959 393 2008 448 Α
2038 387 2260 441 haeresis
2289 385 2562 454 principes
2592 399 2714 436 cum
2749 381 2896 451 prius
2927 379 3024 448 ipsi
3057 391 3299 432 errorem
3324 374 3470 428 falsae
3501 375 3598 428 du—

368 474 527 530 bonae
574 491 637 529 ac
691 477 858 531 beata:
901 476 1023 527 vitae
1074 473 1413 530 institutione
1462 478 1682 543 sentire,
1728 481 1821 532 sed
1853 489 1932 534 est

371 567 667 634 talis,verbi
697 583 881 629 causa,
903 576 958 618 ut
981 577 1061 620 est
1087 567 1263 619 onmis
1287 583 1373 621 ars
1399 569 1627 636 poetica,
1653 570 1733 624 vel
1755 587 1933 638 gram-

369 659 590 720 matica,
629 657 710 710 vel
758 656 1046 724 rhetorica,
1087 657 1172 711 vel
1203 661 1522 728 geometria,
1572 661 1655 716 vel
1702 663 1930 726 musica,

371 765 494 803 cum
527 749 720 819 quibus
756 753 1160 803 annumeranda
1189 763 1268 806 est
1297 751 1543 807 fortassis
1572 755 1733 808 etiam
1766 757 1934 810 medi-

372 839 512 892 cina.
572 839 624 891 ln
689 838 773 891 his
830 839 1082 894 erunibus
1135 843 1458 910 sapientiam
1529 845 1710 898 mundi
1774 844 1932 913 hujus

371 931 548 983 inesse
591 930 932 983 sentiendum
979 941 1082 987 est.
1109 931 1437 1000 Sapientiam
1471 950 1595 988 vero
1630 937 1930 1006 principum

370 1018 531 1087 hujus
579 1021 762 1074 mundi
809 1021 1183 1092 intelligimus,
1223 1032 1279 1076 ut
1317 1033 1401 1076 est
1445 1024 1818 1095 Egyptiorum
1849 1039 1932 1079 se-

368 1120 536 1172 creta,
567 1125 724 1179 quam
761 1112 965 1180 dicunt,
991 1122 1044 1165 et
1075 1115 1280 1168 occulta
1308 1115 1666 1184 philosophia,
1692 1124 1742 1168 et
1767 1113 1931 1169 Chal-

367 1203 607 1257 daeorum
641 1206 926 1275 astrologia
961 1216 1016 1260 et
1052 1206 1303 1262 Indorum
1337 1209 1448 1280 (58)
1484 1211 1548 1263 de
1581 1211 1804 1265 scientia
1835 1227 1932 1266 ex-

368 1295 499 1349 celsi
562 1295 956 1364 pollicentium,
1021 1301 1116 1353 scd
1177 1310 1230 1354 et
1281 1299 1593 1355 Graecorum
1653 1303 1928 1370 multiplex

364 1385 624 1454 variaque
657 1387 722 1440 de
760 1387 1053 1443 Divinitate
1107 1393 1396 1444 sententia.
1456 1392 1621 1459 lgitur
1669 1394 1722 1446 in
1783 1393 1931 1447 Scri-

367 1477 542 1545 pturis
569 1479 774 1533 sanctis
807 1479 1108 1534 invenimus
1131 1481 1401 1551 principes
1425 1499 1544 1537 esse
1575 1500 1669 1552 per
1695 1486 1933 1556 singulas

369 1577 577 1637 gentes,
615 1575 752 1625 sicut
797 1573 848 1626 in
902 1573 1119 1629 Daniele
1152 1574 1442 1643 legimus"
1474 1579 1773 1646 principem
1815 1595 1933 1634 esse

367 1663 652 1730 quemdam
693 1665 840 1734 regni
885 1664 1166 1720 Persarum
1200 1666 1336 1739 (59),
1358 1677 1412 1721 et
1441 1669 1601 1722 alium
1637 1671 1930 1741 principem

2039 479 2228 532 ctrina:
2258 492 2356 546 pro
2389 475 2621 529 veritate
2652 473 3008 541 susceperint,
3040 478 3093 522 et
3131 468 3266 521 hanc
3301 481 3424 520 esse
3456 467 3598 519 veri-

2041 577 2201 622 tatem
2245 567 2383 637 apud
2434 564 2753 632 semetipsos
2805 561 3190 630 judicavcrint,
3227 570 3351 611 tunc
3382 557 3593 610 demum

2034 661 2198 713 etiam
2245 659 2460 713 caeteris
2513 658 2704 712 eadem
2767 655 3092 724 persuadere
3139 659 3423 715 conantur,
3478 663 3597 717 quae

2036 751 2172 818 apud
2229 750 2552 818 semetipsos
2604 762 2732 800 vera
2781 761 2901 799 esse
2929 744 3272 807 censuerint;
3300 743 3371 795 ita
3401 750 3596 809 putan-

2035 845 2160 896 dum
2212 852 2295 896 est
2344 841 2524 894 facere
2569 848 2623 893 et
2658 837 2928 906 principes
2970 837 3129 905 hujus
3161 833 3370 897 mutuli,
3408 833 3459 886 in
3491 846 3600 902 quo

2035 936 2234 989 mundo
2281 943 2446 986 certae
2505 945 2736 1000 quaeque
2801 929 3074 998 spiritales
3142 929 3368 982 virtutes
3419 936 3634 981 certa-.

2036 1040 2152 1078 rum
2203 1023 2315 1093 (62)
2364 1023 2605 1092 gentiqu
2659 1024 2866 1074 sortita.-
2919 1029 3049 1073 sunt
3109 1019 3490 1088 principatum,
3545 1027 3602 1072 et

2035 1127 2258 1188 propter
2289 1118 2387 1169 hoc
2419 1116 2693 1184 principes
2723 1113 2878 1180 hujus
2924 1113 3105 1167 mundi
3135 1111 3416 1182 appellatae
3449 1121 3592 1164 sunt.

2037 1209 2172 1264 Sunt
2225 1219 2483 1279 praeterea
2543 1209 2705 1261 etiam
2764 1206 2882 1259 aliae
2929 1215 3126 1272 praeter
3174 1205 3272 1258 hos
3327 1203 3600 1272 principes
3667 1211 3670 1214 ’

2037 1300 2298 1370 speciales
2356 1297 2515 1369 144.
2571 1297 2810 1366 quaedam
2863 1295 2976 1368 (65)
3016 1295 3199 1349 mundi
3241 1295 3396 1364 hujus
3437 1308 3600 1349 euer-

2035 1391 2132 1462 giae
2169 1380 2305 1460 (till),
2340 1391 2391 1442 id
2431 1401 2536 1452 est,
2572 1387 2804 1440 virtutes
2856 1386 3129 1456 spiritales
3183 1385 3394 1453 aliquae,
3451 1395 3600 1439 certa

2035 1484 2275 1550 quaedam
2323 1489 2612 1549 operantcs
2664 1493 2784 1546 quae
2824 1479 2951 1547 ipsae
2987 1479 3090 1533 sibi
3135 1493 3231 1548 pro
3256 1476 3464 1531 arbitrii
3513 1477 3596 1530 sui

2036 1575 2280 1629 libertate
2325 1583 2380 1625 ut
2410 1581 2630 1641 agerent
2661 1574 2966 1642 elegerunt,
3006 1587 3072 1626 ex
3107 1570 3303 1640 quibus
3335 1579 3463 1624 sunt
3508 1569 3597 1623 isti

2037 1667 2311 1735 principes
2337 1665 2426 1733 qui
2465 1674 2762 1731 operantur
2794 1663 3118 1734 sapientiam
3170 1662 3331 1732 hujus
3370 1661 3550 1715 mundi
3579 1676 3596 1724 ς

369 1752 521 1822 regni
569 1752 884 1807 Graecorum
935 1771 1070 1824 quos
1098 1772 1204 1810 non
1238 1756 1480 1811 homines
1523 1772 1668 1821 esse,
1695 1759 1789 1812 sed
1823 1761 1931 1812 vir-
1964 1748 2005 1801 Β
2039 1759 2186 1814 verbi
2223 1773 2406 1824 causa,
2433 1766 2492 1810 ut
2530 1759 2599 1811 sit
2629 1757 2847 1825 pr0pria
2872 1753 3118 1825 quaedam
3151 1756 3367 1824 energia
3404 1768 3468 1808 ac
3493 1755 3600 1807 vir-

369 1854 512 1898 tutes
559 1846 843 1915 quasdam,
875 1849 1155 1902 evidenter
1198 1864 1264 1902 ex
1320 1851 1704 1918 consequentia
1763 1853 1929 1918 ipsius

369 1935 620 1990 lectionis
667 1936 990 1992 ostenditur.
1026 1939 1130 1993 Sed
1170 1951 1223 1995 et
1258 1942 1310 1994 iu
1339 1941 1623 1996 Ezechiele
1669 1943 1930 2012 propheta

368 2027 623 2097 princeps
671 2026 798 2099 Tyri
843 2030 1014 2085 virtus
1044 2046 1162 2085 esse
1198 2034 1438 2101 quaedam
1469 2035 1728 2103 spiritalis
1756 2034 1928 2090 maui-

369 2119 668 2175 festissime
699 2123 1091 2190 designatur“.
1119 2123 1180 2177 lli
1219 2139 1346 2194 ergo
1375 2133 1428 2181 et
1470 2126 1562 2180 alii
1604 2127 1928 2194 bnjusmodi,

368 2214 629 2268 trahentes
660 2214 854 2284 singuli
883 2217 1180 2284 sapientias
1212 2234 1359 2283 suas,
1392 2228 1442 2273 et
1487 2229 1795 2274 astrucntes
1837 2221 1933 2274 do-

369 2314 548 2372 gmata
599 2320 696 2359 sua
752 2308 1038 2376 variasque
1087 2311 1406 2379 sententias,
1453 2321 1511 2366 ut
1543 2312 1793 2367 viderunt
1822 2313 1931 2367 Do-

366 2396 573 2452 minum
612 2407 666 2453 et
698 2398 1035 2456 Salvatorem
1065 2412 1306 2456 nostrum
1334 2404 1678 2473 pollicentem
1711 2414 1764 2460 et
1789 2422 1929 2476 prae-

367 2486 747 2553 dicantem_se
799 2491 867 2546 ob
913 2493 1014 2548 hoc
1045 2494 1259 2549 venisse
1298 2496 1349 2548 in
1384 2495 1524 2550 hunc
1559 2501 1836 2562 mundum,
1875 2508 1931 2552 ut

367 2582 672 2638 destrueret
701 2584 878 2639 omnia
912 2584 1000 2638 illa
1031 2599 1357 2656 quaecunque
1388 2599 1578 2645 essent
1609 2590 1726 2644 falsi
1759 2593 1930 2646 nomi-

366 2674 454 2728 nis
505 2676 745 2732 scientiae
797 2677 1064 2750 dogmata,
1109 2683 1362 2735 continuo
1421 2684 1543 2751 quis
1588 2684 1932 2755 obtegeretur

365 2767 714 2837 intrinsecus,
744 2772 1073 2842 ignorantes,
1101 2773 1336 2829 insidiati
1368 2787 1493 2830 sunt
1533 2776 1581 2831 ei
1618 2795 1630 2831 :
1666 2793 1685 2827 ι
1731 2777 1931 2831 Astitc—

365 2871 496 2915 runt
543 2863 684 2916 enim
727 2881 879 2935 reges
914 2877 1071 2922 terrae
1099 2867 1232 2938 (60),
1261 2876 1317 2922 et
1354 2869 1627 2939 principes
1657 2884 1929 2924 convene-

368 2961 497 3005 runt
525 2951 579 3004 in
609 2968 773 3006 unum
803 2955 1062 3012 adversus
1086 2957 1373 3011 Dominum
1407 2969 1460 3012 et
1493 2961 1752 3014 adversus
1775 2960 1932 3015 Chri-

369 3050 510 3094 stum
545 3041 742 3110 ejus".
778 3063 798 3096 ι
830 3043 1036 3112 Quibus
1085 3063 1270 3103 eorum
1323 3049 1534 3104 insidiis
1582 3051 1834 3120 cognitis,
1877 3061 1932 3106 et

370 3132 456 3186 his
487 3147 605 3202 quae
632 3133 894 3190 adversus
920 3137 1116 3192 Filium
1137 3139 1230 3193 Dei
1259 3138 1433 3193 moliti
1458 3151 1587 3195 sunt
1620 3141 1932 3207 intellectis,

370 3238 493 3277 cum
548 3224 731 3293 gloriae
769 3227 1052 3283 Dominum
1096 3231 1504 3298 crucifixerunt,
1535 3233 1611 3286 ait
1643 3233 1938 3304 Apostolus

369 3317 516 3386 quia,
545 3337 564 3370 ι
594 3319 926 3388 Sapientiam
953 3322 1221 3392 loquimur
1241 3327 1382 3382 inter
1409 3327 1699 3397 perfectos,
1719 3331 1935 3399 sapien-

373 3411 502 3466 tiam
556 3424 733 3469 autem
781 3430 886 3470 non
946 3415 1104 3484 hujus
1150 3419 1352 3486 saeculi,
1402 3434 1580 3490 neque
1629 3423 1932 3492 principum

370 3505 528 3574 hnjns
566 3505 748 3560 saeculi
790 3508 881 3576 qui
919 3507 1290 3578 destruuntur,
1351 3527 1515 3581 quam
1565 3526 1725 3567 nemo
1786 3516 1936 3584 prin-

365 3599 542 3667 cipum
609 3600 767 3670 hujus
832 3602 1014 3655 mundi
1059 3603 1329 3673 cognovit.
1385 3603 1444 3658 Si
1489 3605 1632 3660 enim
1655 3609 1934 3676 cognovis-

365 3701 503 3753 sent,
534 3708 806 3762 nunquam
842 3695 1123 3748 Dominum
1170 3695 1352 3765 gloriae
1394 3697 1866 3754 crucifixissent".
1907 3719 1926 3751 ι

437 3781 491 3832 5.
538 3782 900 3847 Quaerendum
952 3801 1084 3841 sane
1134 3799 1218 3841 est
1271 3800 1450 3842 utrum
1499 3789 1621 3845 istae
1655 3791 1932 3860 sapientiae

367 3870 668 3940 principum
729 3874 885 3942 hujus
929 3877 1116 3930 mundi
1163 3878 1357 3946 quibus
1392 3879 1637 3934 homines
1682 3881 1930 3936 imbuere

366 3963 637 4032 nituntur,
686 3966 971 4021 insidiandi
1022 3980 1078 4022 et
1113 3969 1337 4025 laedendi
1387 3973 1567 4027 studio
1601 3975 1928 4043 ingerantur

366 4055 676 4110 hominibus
734 4058 802 4111 ab
849 4058 1174 4116 adversariis
1214 4063 1520 4128 virtutibus,
1556 4074 1649 4116 aut
1693 4076 1931 4120 tantum-

364 4147 523 4201 modo
578 4149 779 4204 erroris
832 4164 991 4205 causa
1044 4153 1433 4220 adhibeantur;
1465 4155 1516 4207 id
1557 4164 1662 4221 est,
1695 4172 1803 4211 non
1836 4159 1927 4211 la:-

362 4239 520 4294 dendi
565 4241 800 4296 hominis
850 4257 1158 4314 prospectu,
1203 4247 1300 4302 sed
1337 4247 1460 4316 quia
1495 4249 1609 4305 haec
1637 4265 1763 4306 vera
1809 4267 1930 4307 esse

363 4333 462 4401 ipsi
507 4334 578 4386 illi
629 4337 811 4390 mundi
871 4338 1030 4406 hujus
1076 4342 1350 4412 principes
1397 4345 1757 4412 arbitrantur,
1807 4347 1929 4402 ideo

2040 1861 2148 1919 tus,
2187 1865 2306 1918 quae
2357 1849 2582 1918 inspiret
2611 1850 2899 1918 poeticam,
2933 1849 3036 1901 alia
3078 1863 3196 1917 quae
3227 1848 3594 1918 geometriam,

2039 1952 2093 1997 et
2127 1943 2199 1996 ita
2233 1957 2461 2011 quaeque
2503 1940 2748 2009 singulas
2796 1955 3036 2009 quasque
3088 1937 3450 2006 hujuscemodi
3486 1938 3598 2009 (65)

2038 2047 2185 2092 artes
2231 2035 2654 2104 disciplinasque
2687 2041 3086 2088 commoneant.
3130 2032 3370 2101 Denique
3403 2048 3600 2102 quam-

2038 2131 2254 2198 plnrimi
2315 2131 2632 2184 Graecorum
2693 2127 2901 2196 opinati
2952 2134 3080 2181 sunt
3129 2135 3300 2180 artem
3337 2125 3599 2194 poeticam

2040 2223 2157 2275 sine
2187 2222 2397 2275 insania
2431 2237 2535 2274 non
2565 2235 2724 2286 posse
2768 2229 3019 2273 constare
3053 2235 3066 2272 :
3098 2219 3239 2271 unde
3267 2228 3320 2272 et
3346 2218 3398 2271 in
3433 2218 3601 2270 histo-

2039 2317 2133 2370 riis
2157 2331 2342 2369 eorum
2369 2313 2602 2368 refertur
2633 2312 2916 2379 aliquoties
2947 2327 3042 2367 eos
3072 2328 3208 2381 quos
3238 2322 3388 2366 vates
3415 2311 3600 2380 appel-

2037 2407 2171 2468 lant.
2199 2407 2382 2462 subito
2417 2406 2639 2461 insaniae
2665 2402 2941 2471 cujusdam
2974 2403 3167 2472 spiritu
3195 2418 3314 2458 esse
3343 2403 3594 2471 repletos.

2039 2498 2175 2565 Quid
2209 2508 2386 2553 autem
2411 2498 2699 2552 dicemlmn
2726 2505 2809 2552 est
2836 2496 2903 2550 de
2931 2495 3016 2549 his
3040 2494 3202 2550 etiam
3231 2509 3368 2563 quos
3389 2493 3602 2548 divinos

2039 2591 2322 2661 appellant,
2359 2607 2388 2644 a
2421 2591 2615 2658 quibus
2652 2605 2748 2658 per
2802 2588 3227 2656 inoperationem
3260 2585 3368 2655 (66)
3400 2587 3602 2640 daemo-

2038 2699 2162 2738 num
2213 2698 2398 2737 eorum
2441 2683 2532 2752 qui
2561 2683 2641 2736 eis
2675 2690 2932 2752 praesunt,
2969 2679 3218 2733 versibus
3255 2689 3375 2733 arte
3407 2681 3598 2733 modu-

2037 2776 2164 2830 latis
2214 2789 2465 2840 responsa
2517 2772 2904 2842 proferuntur?
2941 2771 3043 2826 Sed
3075 2780 3125 2826 et
3159 2771 3213 2825 hi
3249 2787 3382 2841 quos
3414 2786 3600 2841 magos

2036 2867 2120 2922 vel
2150 2866 2422 2921 maleficos
2446 2867 2652 2930 dicunt,
2672 2865 3309 2934 aliquoticsdamionibus
3336 2865 3601 2920 invocatis

2037 2974 2199 3028 supra
2226 2973 2422 3027 pueros
2443 2957 2618 3011 adhuc
2655 2972 2830 3026 parvae
2865 2957 3063 3022 aetatis,
3096 2971 3255 3010 versu
3286 2971 3377 3011 eos
3421 2955 3602 3011 dicere

2038 3062 2290 3120 poemata
2322 3049 2636 3104 admiranda
2669 3049 2920 3102 Omnibus
2955 3057 3008 3101 et
3037 3049 3297 3117 stupenda
3332 3047 3597 3104 fecerunt.

2040 3142 2168 3209 Quae
2215 3143 2314 3197 hoc
2366 3143 2523 3196 modo
2566 3140 2678 3209 geri
2726 3138 3034 3192 arbitranda
3066 3150 3212 3204 sunt,
3266 3140 3409 3209 qttod
3459 3139 3601 3194 sicut

2040 3242 2237 3287 sanctae
2279 3239 2333 3286 et
2372 3231 2730 3286 immaculata:
2761 3229 2952 3284 animae
2983 3230 3026 3283 si
3058 3246 3180 3284 cum
3211 3230 3357 3284 onnii
3399 3228 3598 3284 affectu

2038 3325 2290 3396 omnique
2315 3325 2550 3394 puritate
2601 3337 2659 3378 se
2707 3323 2954 3377 voverint
2980 3323 3110 3388 Deo,
3140 3332 3192 3376 et
3223 3323 3423 3377 alienas
3452 3339 3509 3377 se
3533 3323 3600 3378 ab

2038 3418 2188 3471 omni
2249 3418 2552 3470 daemonum
2601 3416 2925 3482 contagione
2974 3413 3344 3478 servaverint,
3401 3422 3456 3468 et
3503 3429 3600 3483 per

2037 3509 2258 3562 inultam
2304 3507 2681 3562 abstinentiam
2720 3504 3127 3574 purificaverint
3161 3521 3243 3571 se,
3276 3514 3329 3560 et
3378 3506 3483 3574 piis
3533 3521 3600 3560 ac

2037 3601 2300 3672 religiosis
2359 3601 2578 3654 imbuta:
2610 3601 2721 3670 (67)
2773 3601 2974 3662 fuerint
3023 3599 3338 3667 disciplinis,
3373 3600 3597 3668 partici-

2033 3696 2181 3762 pium
2227 3707 2323 3762 per
2376 3691 2480 3744 hoc
2530 3691 2840 3745 Divinitatis
2879 3692 3258 3755 assumunt,ct
3303 3692 3602 3761 prejihetiae

2035 3804 2099 3842 ac
2132 3795 2452 3842 caeterorum
2481 3785 2788 3837 divinorum
2831 3785 3090 3838 donorum
3120 3784 3351 3852 gratiam
3383 3799 3597 3838 mercu-

2037 3892 2159 3946 tur;
2191 3882 2262 3934 ita
2300 3877 2598 3948 putandum
2625 3886 2710 3931 est
2735 3876 2898 3931 etiam
2932 3892 3026 3930 eos
3055 3877 3143 3944 qui
3180 3891 3237 3929 se
3261 3888 3600 3946 opportunos,

2035 3975 2327 4030 contrariis
2357 3972 2646 4026 virtutibus
2672 3971 2945 4034 exhibent,
2971 3971 3020 4024 id
3047 3980 3148 4037 est,
3175 3971 3437 4026 industria
3462 3973 3596 4038 vita,

2032 4068 2115 4121 vel
2142 4067 2319 4122 stndio
2349 4066 2523 4120 amico
2544 4063 2646 4118 illis
2668 4072 2721 4117 et
2743 4076 2965 4132 accepto
2983 4061 3117 4134 (68),
3145 4064 3384 4132 recipere
3405 4078 3594 4118 eorum

2036 4161 2465 4228 inspirationem,
2493 4168 2547 4212 et
2577 4156 2854 4226 sapientiae
2879 4171 3065 4210 eorum
3094 4171 3156 4210 ac
3187 4156 3441 4210 doctrinae
3469 4171 3595 4226 par-

2037 4254 2230 4322 ticipes
2262 4251 2418 4306 ellici.
2448 4251 2525 4306 Ex
2559 4265 2664 4320 quo
2695 4247 2759 4302 lit
2801 4259 2860 4302 ut
2909 4263 3094 4302 eorum
3135 4249 3593 4317 inoperationihus

2033 4346 2369 4417 repleantur,
2390 4323 2619 4414 quorum
2646 4357 2702 4396 se
2726 4341 2875 4418 prius
2906 4340 3183 4394 famulatui
3217 4339 3587 4410 subjugarunt.

359 4429 521 4483 etiam
546 4442 770 4488 caeteros
796 4435 993 4491 docere
1017 4437 1239 4506 cupiant
1268 4455 1330 4494 ea
1363 4458 1483 4512 quae
1516 4445 1613 4513 ipsi
1647 4461 1773 4500 vera
1805 4461 1923 4502 esse

2100 4440 2154 4495 4.
2184 4440 2258 4492 De
2291 4437 2376 4491 his
2407 4450 2536 4488 sane
2562 4435 2654 4502 qui
2685 4435 2751 4488 de
2778 4433 2994 4516 (λιιι-ξςιο
3027 4434 3183 4486 aliter
3215 4435 3407 4488 docent
3429 4447 3589 4501 quam

359 4523 648 4591 opinantur
671 4526 814 4595 (61);
866 4531 1005 4599 quod
1021 4533 1265 4601 etmagis
1287 4533 1552 4590 arbitror.
1580 4535 1923 4604 Sicutenim,

361 4615 512 4667 verbi
546 4631 730 4684 causa,
753 4618 1059 4675 Graecorum
1094 4635 1362 4689 auctores,
1385 4627 1467 4681 vel
1501 4629 1924 4699 uniuscujusque

427 4750 473 4780 ὀ
508 4749 648 4804 Dan.
682 4767 736 4805 Σ.
814 4752 1072 4809 “Ezech.
1109 4772 1257 4810 xxvi.
1336 4759 1381 4788 ¹²
1412 4758 1552 4813 Psal.
1593 4777 1653 4824 ιι,
1686 4762 1741 4815 92.

433 4895 547 4963 (58)
579 4896 670 4951 Sic
694 4912 824 4954 mss.
848 4899 1020 4959 Alias,
1052 4919 1070 4950 ι
1109 4898 1440 4955 ,Ιιιιιςιιοι-ιιιιι.
1474 4921 1492 4953 ι

431 4969 542 5042 (59)
583 4967 721 5042 _Vide
771 4970 1056 5042 supralib.
1091 4986 1137 5042 ι,
1161 4985 1210 5023 c.
1236 4971 1292 5036 5,
1329 4988 1476 5028 nuni.
1506 4974 1540 5026 4
1589 4983 1641 5028 et
1683 4975 1735 5042 5,
1789 4976 1917 5031 item

359 5038 397 5094 l.
429 5054 468 5093 tl
499 5038 830 5105 0rigenian.,
855 5055 910 5104 (ι.
938 5039 990 5100 5,
1031 5057 1084 5092 ιι.
1117 5041 1209 5093 26.

430 5109 543 5180 (60)
569 5109 642 5161 lta
671 5123 800 5185 mss.
826 5109 996 5185 Alias,
1029 5130 1048 5162 ι
1085 5110 1205 5165 falsi
1240 5113 1472 5185 nominis
1516 5115 1764 5184 dogmata
1799 5131 1918 5185 quae

358 5179 748 5249 obtegerentur
778 5179 1126 5246 intrinsecus,
1147 5184 1406 5236 continuo
1433 5186 1479 5238 ei
1511 5179 1746 5240 insidiati
1769 5179 1914 5252 sunt,

356 5261 413 5305 et
451 5253 747 5305 astiterunt
777 5265 934 5318 reges
995 5261 1171 5306 terrae.
1215 5272 1235 5306 ι
1278 5252 1416 5306 Infra
1445 5271 1604 5317 mss.,
1639 5274 1658 5306 ‹
1693 5257 1917 5310 laedendi

359 5322 537 5376 studio
565 5323 966 5389 ingerentum...
1010 5330 1192 5377 ant....
1223 5323 1602 5378 adhibeantur.
1642 5346 1659 5376 ι
1707 5325 1761 5378 Ιιι
1798 5327 1917 5379 edi-

361 5395 430 5448 tis
484 5393 697 5461 legitur,
735 5409 755 5461 t
817 5391 1131 5459 ingeruntur
1175 5403 1227 5447 et
1275 5395 1619 5448 adhibentur.
1661 5415 1678 5447 ι
1716 5395 1915 5450 Ibidem

358 5477 516 5526 mss.,
546 5460 565 5514 ι
599 5463 697 5529 ipsi
730 5460 803 5515 illi
837 5463 1017 5515 mundi
1057 5463 1214 5531 hujus
1254 5465 1547 5532 principes.
1587 5487 1604 5518 ι
1660 5467 1716 5520 ln
1762 5467 1921 5521 editis

359 5537 530 5598 deest,
566 5551 584 5584 ι
625 5533 805 5604 ἱρείη
845 5545 898 5587 et
934 5550 952 5584 ι
989 5535 1164 5600 hujus.
1191 5553 1209 5586 ι
1248 5535 1448 5589 lbidem
1481 5553 1634 5604 mss.,
1677 5557 1695 5590 ι
1729 5539 1920 5593 docere

361 5605 614 5676 cupiant:
638 5623 656 5653 ›
694 5603 864 5676 Alias,
904 5621 923 5654 ι
961 5605 1158 5661 docere
1187 5608 1430 5676 cupiunt.
1473 5626 1491 5657 ι

435 5673 546 5736 (61)
580 5674 744 5726 Caute
777 5673 911 5742 lege.

433 5742 541 5812 (6'2)
575 5744 662 5797 Sic
691 5759 817 5798 mss.
850 5745 1015 5813 Alias,
1055 5765 1072 5798 ι
1105 5761 1442 5805 cazlerarum.
1481 5768 1497 5801 ι
1543 5749 1737 5806 ibidem
1767 5767 1919 5818 mss,

2031 4531 2435 4600 Scripturarum
2486 4528 2670 4596 regula
2726 4527 2948 4596 patitur,
2983 4541 3085 4580 non
3131 4526 3364 4580 otiosum
3396 4533 3479 4578 est
3507 4523 3590 4577 in-

2027 4623 2185 4689 tueri,
2222 4632 2400 4674 utrum
2446 4618 2705 4673 insidioso
2741 4619 3015 4688 proposito
3046 4619 3337 4673 adversum
3381 4614 3587 4671 Christi

1817 4764 1905 4817 ’³1
1940 4764 2066 4819 Cor.
2100 4779 2162 4826 ιι,
2199 4762 2250 4826 6,
2280 4760 2335 4823 7,
2367 4756 2422 4813 8.

2030 4923 2048 4956 ι
2079 4906 2352 4974 principes
2411 4901 2570 4970 hujus
2624 4904 2806 4958 mundi
2863 4905 3145 4972 appellatae
3175 4917 3322 4963 sunt.
3360 4927 3380 4960 ι
3425 4906 3582 4974 Libb.

2024 4976 2177 5036 editi,
2215 4993 2252 5045 ι⁸
2273 4975 2544 5043 principes
2587 4975 2743 5037 lmjus
2773 4975 2953 5027 niundi
2986 4977 3233 5045 appellati
3266 4990 3412 5032 sunt.
3457 5000 3479 5033 ι

2095 5045 2205 5116 (65)
2222 5043 2484 5111 Speciales
2502 5047 2760 5112 quaedam.
2784 5046 2874 5098 Sic
2892 5043 3245 5112 mssaAliasg
3274 5049 3582 5118 spirituales

2063 5118 2288 5168 naniam.
2328 5135 2346 5164 ι
3370 5140 3373 5142 -

2023 5133 2288 5186 quaenam.
2328 5135 2346 5164 ι

2094 5185 2205 5257 (64)
2236 5185 2363 5257 Vide
2395 5185 2433 5241 l.
2473 5200 2508 5239 ιι
2542 5183 2871 5257 Οίξῃεηὶαηη
2894 5201 2949 5254 q.
2986 5185 3035 5251 5,
3069 5204 3125 5240 ιι.
3159 5188 3246 5242 29.

2094 5255 2205 5329 (65)
2239 5256 2328 5309 Sic
2363 5272 2510 5329 νιιιεε.
2571 5255 2738 5319 Alias,
2777 5274 2794 5305 ι
2831 5267 2884 5310 et
2937 5258 3011 5310 ita
3064 5275 3304 5327 quasque
3341 5259 3582 5329 singulas

2028 5328 2413 5394 hujuscemodi.
2453 5345 2472 5378 ι

2098 5396 2208 5468 (66)
2241 5395 2680 5465 Inoperationem.
2715 5394 2802 5452 Sic
2833 5407 2980 5453 recte
3012 5414 3140 5455 mss.
3160 5400 3586 5458 Aliasmendesc

2032 5488 2049 5518 ι
2085 5469 2594 5533 incorporaliouem.
2629 5485 2648 5516 ι

2098 5536 2208 5608 (67)
2261 5535 2373 5590 Pii:
2420 5553 2480 5589 ac
2542 5536 2796 5605 religiosis
2845 5539 3074 5594 imbuite.
3103 5540 3194 5595 Sic
3234 5555 3370 5595 mss.
3413 5541 3584 5605 Alias,

2034 5628 2052 5659 ι
2084 5610 2185 5678 piis
2209 5621 2376 5678 sacrae
2401 5607 2677 5678 religionis
2709 5609 2946 5663 imbuta.
2983 5627 3003 5658 ι

2099 5677 2330 5749 (68)‘Sic
2376 5693 2505 5733 mss.
2540 5677 2702 5746 Alias,
2743 5699 2761 5729 ι
2802 5679 2883 5732 vel
2912 5681 3088 5737 studio
3124 5690 3177 5736 et
3211 5680 3446 5735 amicitia
3485 5682 3586 5734 illis

2031 5763 2271 5822 accepta.
2313 5766 2354 5802 ι.
