4014 6142
439 321 547 378 3-17

443 526 604 584 simul
651 534 705 580 et
756 525 920 594 impia
957 523 1067 595 (69)
1103 525 1348 594 dogmata
1406 532 1722 578 commenta:
1764 523 1904 586 sint;
1935 537 2000 574 an

444 634 576 674 vero
604 617 766 670 etiam
801 617 929 685 ipsae
955 615 1137 667 audito
1167 614 1329 668 verbo
1350 611 1549 667 Christi
1577 619 1629 663 et
1660 624 1832 679 neque
1877 625 2003 663 evo-

448 722 597 762 mere
629 707 680 760 id
709 705 946 758 valentes
972 720 1034 758 ex
1064 701 1648 757 arcanisconscientize
1677 716 1808 766 suae,
1831 716 2003 770 neque

446 813 582 868 pure
627 806 916 864 sancteque
968 797 1226 859 retinere,
1264 808 1360 862 per
1390 807 1517 846 vasa
1546 804 1843 862 opportuna
1876 793 1998 858 sibi,

443 901 520 957 et,
548 900 606 943 ut
664 891 738 943 ita
802 888 999 952 dicam,
1049 886 1340 956 prophetas
1397 900 1524 940 suos
1563 885 1702 955 (70),
1761 885 2002 939 diversos

443 998 663 1038 errores
689 992 874 1035 contra
901 978 1138 1048 regulam
1169 977 1490 1033 Christianae
1512 977 1758 1031 veritatis
1786 977 2004 1029 induxe-

444 1052 575 1124 rint.
611 1068 680 1121 Et
710 1068 881 1137 magis
911 1066 1207 1135 putandum
1243 1075 1326 1121 est
1369 1072 1511 1136 quod
1539 1074 1800 1134 apostatae
1829 1075 1882 1119 et
1918 1079 2002 1118 re-

445 1160 584 1230 fuga:
611 1158 862 1221 virtutes,
893 1172 1011 1227 quae
1051 1173 1080 1209 a
1118 1157 1224 1210 Deo
1259 1157 1678 1218 recesserint,ex
1711 1156 1820 1223 ipsa
1851 1169 2001 1207 meu-

444 1252 514 1305 tis
558 1265 668 1304 suae
725 1248 1094 1318 propositique
1145 1248 1382 1317 nequitia
1449 1247 1534 1301 vel
1574 1246 1770 1299 imidia
1818 1259 2000 1298 eorum

443 1345 640 1414 quibus
685 1345 913 1397 veritate
947 1343 1159 1410 cognita
1187 1341 1298 1411 (71)
1328 1342 1393 1395 ad
1428 1341 1576 1394 illum
1615 1340 1834 1408 gradum
1866 1336 2005 1389 unde

449 1436 583 1503 ipsa:
606 1432 838 1502 delapsas
864 1441 1010 1497 sunt,
1039 1441 1415 1501 przeparantur
1441 1444 1720 1495 ascensus,
1745 1429 1810 1480 ad
1839 1428 2006 1495 impe-

451 1525 675 1579 diendos
721 1525 1089 1594 hujuscemodi
1139 1523 1436 1593 profectus,
1471 1536 1686 1576 errores
1717 1520 1815 1573 hos
1861 1517 2005 1572 falsa:

443 1615 698 1670 doctrime
774 1616 1230 1684 deceptionesque
1310 1623 1660 1683 componunt.
1725 1614 2005 1668 Manili-ste

441 1719 571 1772 ergo
609 1713 668 1758 et
701 1721 766 1758 ex
800 1705 986 1758 multis
1025 1703 1238 1756 indiciis
1284 1703 1706 1766 demonstratur,
1737 1703 1876 1771 quod
1907 1701 2004 1753 hu~

1766 311 1964 366 LIBER
1998 305 2312 363 TERTIUS.

447 438 606 494 ﬁdem
645 435 876 490 nitentes
915 433 1198 488 contraria:
1234 433 1462 487 virtutes
1502 430 1740 484 fabulosa
1768 431 1990 498 qumdan

2113 425 2246 478 Boni
2276 436 2401 491 ergo
2433 418 2558 487 spiri

3531 289 3539 294 '
3564 283 3667 334 318

2569 427 2653 470 tus
2684 408 3110 484 suggestionibus
3139 405 3432 458 humanam
3461 413 3664 454 memo-

2113 520 2244 570 riam
2281 517 2345 568 ad
2386 509 2807 565 recordationem
2843 503 3122 556 meliorum
3169 493 3452 565 provocari
3479 505 3667 546 exem-

2108 607 2207 675 plis
2229 605 2336 672 jam
2366 604 2418 656 in
2446 597 2816 669 superioribus
2837 593 3169 652 cdocuimus,
3190 601 3308 641 cum
3340 581 3666 637 Marduchaai

2107 708 2158 751 et
2184 693 2501 749 Artaxerxis
2533 690 2761 744 fecimus
2793 685 3140 740 mentionem.

2187 792 2238 844 5.
2279 785 2413 840 lllud
2441 794 2656 851 quoque
2694 793 2831 831 con-
3102 785 3318 826 menon.
3359 781 3540 820 mea.

2103 888 2392 948 sequenter
2461 870 2839 940 requirendum
3006 864 3107 918 Sed
3157 861 3353 922 etgghoc
3402 856 3668 926 requiren-

2104 979 2253 1040 puto,
2290 983 2358 1021 ex
2415 965 2607 1034 quibus
2652 960 2832 1013 causis
2921 954 3177 1023 dum(75)
3221 968 3379 1022 quare
3436 948 3663 1001 humana

2107 1065 2337 1117 humana
2438 1057 2613 1111 anima
2696 1065 2838 1106 nunc
2922 1049 3095 1101 anima
3126 1061 3262 1098 nunc
3300 1043 3362 1096 ab
3398 1041 3499 1104 his,
3528 1054 3663 1093 nunc

2105 1156 2320 1225 quidem
2375 1166 2404 1204 a
2454 1148 2642 1212 bonis,
2705 1156 2846 1196 nunc

2105 1254 2281 1298 :mtem
2315 1248 2589 1294 moveatur
2609 1252 2636 1288 a
2663 1232 2837 1286 malis.

2108 1337 2272 1403 Cujus
2297 1337 2374 1389 rei
2409 1346 2603 1389 causas
2631 1329 2742 1399 (76)
2786 1324 3033 1393 suspicor
3072 1334 3194 1374 esse
3240 1320 3500 1387 quasdam
3531 1315 3663 1369 antio

2106 1430 2319 1499 quiores
2352 1425 2510 1479 etiam
2559 1423 2660 1475 hac
2693 1419 2970 1472 nativitate
3001 1425 3284 1477 corporea,
3338 1409 3476 1462 sicut
3525 1408 3669 1461 desi-

2105 1498 2233 1588 gnat
2255 1520 2489 1575 Joannes
2521 1519 2571 1571 in
2605 1513 2797 1568 matris
2823 1519 3010 1563 ventre
3053 1502 3354 1573 tripudians
3389 1511 3442 1554 et
3483 1498 3669 1553 exsul-

2103 1625 2242 1676 tans,
2276 1627 2396 1666 cum
2446 1625 2544 1664 vox
2598 1602 2944 1660 salutationis
2977 1596 3158 1651 Mariae
3189 1595 3253 1647 ad
3288 1608 3446 1647 aures
3491 1592 3664 1644 Elisa—

2105 1705 2229 1758 beth
2264 1702 2452 1756 matris
2487 1699 2602 1767 ejus
2641 1697 2799 1750 allata
2834 1703 2952 1756 est;
2980 1702 3034 1744 et
3064 1699 3121 1742 ut
3146 1684 3666 1741 declaratJeremias

2940 1140 3002 1190 ab
3027 1137 3146 1190 aliis
3177 1135 3455 1189 virtutibus
3485 1134 3552 1184 ad
3583 1131 3663 1183 di-

2935 1245 3076 1281 versa
3100 1233 3384 1278 moveatur.

443 1811 601 1850 mana
664 1798 865 1862 anima,
917 1796 1040 1849 dum
1096 1795 1147 1846 in
1203 1795 1305 1849 hoc
1352 1803 1432 1848 est
1460 1808 1710 1864 corpore,
1764 1794 2002 1862 recipere
2032 1798 2074 1852 B
2102 1793 2386 1865 pr0pheta,
2427 1790 2515 1859 qui
2558 1799 2843 1854 antequam
2884 1781 3252 1850 plasmaretur
3283 1779 3333 1830 in
3369 1787 3520 1829 utero
3551 1789 3667 1826 ma-

443 1898 624 1957 potest
659 1889 901 1942 diversas
930 1886 1202 1955 energias,
1243 1886 1290 1938 id
1319 1895 1422 1949 cst,
1449 1885 1844 1953 inoperationes
1886 1884 1997 1954 (72)

441 1981 724 2050 spirituum
772 1980 1109 2033 diversorum
1157 1977 1422 2030 malormn
1477 1991 1540 2028 ac
1575 1976 1896 2040 honorum;
1949 1986 2001 2028 et

440 2070 704 2124 malorum
763 2070 978 2138 quidem
1051 2067 1248 2137 duplici
1309 2068 1512 2137 specie,
1544 2066 1592 2119 id
1639 2076 1740 2131 est,
1770 2065 1850 2119 vel
1877 2076 2001 2120 tunc

440 2177 562 2217 eum
586 2163 795 2230 penitus
823 2177 887 2214 ex
916 2162 1124 2230 integro
1155 2175 1340 2214 eorum
1374 2159 1717 2230 possederint
1743 2169 1997 2219 mentem,

441 2257 517 2308 ita
553 2265 611 2308 ut
638 2254 769 2308 nihil
801 2253 1018 2308 omnino
1046 2267 1142 2306 eos
1172 2267 1306 2320 quos
1334 2250 1668 2316 obsederint,
1702 2249 1999 2317 intelligere

442 2347 530 2401 vel
576 2347 781 2401 sentire
829 2346 1164 2415 permittant,
1193 2344 1333 2398 sicut
1366 2344 1611 2413 exemplo
1640 2354 1765 2397 sunt
1788 2343 1839 2396 hi
1865 2356 1999 2410 quos

435 2436 600 2508 vulgo
625 2450 1016 2505 energumenos
1043 2443 1274 2498 vocant,
1303 2449 1436 2501 quos
1463 2443 1707 2488 amentes
1751 2440 1806 2486 et
1850 2432 1998 2485 insa-

437 2542 537 2583 nos
578 2528 844 2591 videmus,
877 2526 1062 2595 quales
1096 2526 1176 2578 illi
1205 2534 1361 2578 erant
1392 2525 1486 2594 qui
1526 2523 1582 2578 in
1643 2522 1930 2592 Evangelio
1967 2537 1998 2576 a

439 2621 726 2673 Salvatore
760 2618 934 2671 curati
964 2631 1100 2678 esse,
1120 2615 1462 2677 referuntur;
1501 2614 1581 2668 vel
1611 2629 1734 2669 cum
1759 2615 1999 2668 sentien-

439 2720 551 2765 tem
596 2709 812 2779 quidem
854 2718 909 2762 et
955 2707 1343 2776 intelligentem
1381 2706 1618 2759 animum
1657 2703 1999 2774 cogitationi-

443 2802 544 2856 bus
572 2802 738 2856 variis
758 2801 1064 2856 etsinistris
1091 2797 1534 2869 persuasionibus
1565 2797 1778 2851 inimica
1809 2809 2000 2866 sugge-

438 2893 620 2946 stione
663 2893 962 2961 depravant
991 2909 1004 2944 :
1038 2900 1097 2944 ut
1133 2889 1380 2958 exemplo
1403 2899 1487 2943 est
1519 2888 1683 2944 Judas
1719 2889 1784 2942 ad
1816 2887 1995 2958 prodi—

435 2981 604 3036 tionis
642 2979 856 3034 facinus
888 2980 1085 3034 diaboli
1132 2979 1466 3033 immissione
1491 2986 1834 3047 provocatus,
1861 2978 1999 3032 sicut

435 3075 716 3144 Scriptura
751 3072 1014 3138 declarat,
1045 3073 1229 3126 dicens
1261 3087 1276 3124 :
1317 3089 1335 3121 ι
1367 3069 1497 3124 Cum
1527 3078 1704 3122 autem
1729 3067 1842 3136 jam
1879 3069 1997 3122 dia-

2103 1887 2280 1949 tris",
2311 1885 2559 1953 cognitus
2580 1891 2698 1934 erat
2733 1879 2862 1938 Deo,
2897 1884 2950 1928 et
2981 1883 3271 1940 antequam
3303 1886 3334 1924 e
3363 1868 3518 1922 vulva
3549 1883 3666 1936 pro-

2099 1981 2313 2032 cederet
2376 1973 2745 2030 Sanctiﬁcatus
2798 1969 2865 2019 ab
2921 1983 2984 2019 eo
3053 1976 3154 2029 est,
3207 1972 3261 2018 et
3317 1978 3450 2032 puer
3493 1961 3665 2015 adhuc

2099 2069 2391 2138 prophetiae
2425 2066 2654 2136 gratiam
2688 2059 2922 2129 accepit.

2103 2161 2259 2232 145
2276 2160 2340 2213 Et
2364 2172 2576 2212 rursum
2599 2163 2844 2208 econtra-

2099 2255 2182 2307 rio
2213 2251 2496 2306 manifeste
2539 2247 2844 2302 ostenditur

2097 2348 2290 2420 (77)ah
2314 2343 2638 2400 adversariis
2651 2340 2846 2411 spiriti-

2094 2443 2197 2497 bus
2213 2441 2480 2518 quosdam.
2501 2453 2531 2492 a
2548 2436 2718 2507 prima
2741 2442 2846 2488 sta-

2097 2536 2192 2589 tim
2227 2543 2385 2588 aztate
2427 2543 2706 2601 possessas
2731 2569 2749 2594 ,
2791 2528 2843 2582 id

2096 2637 2180 2682 est
2225 2625 2514 2682 nonnullos
2555 2638 2680 2678 cum
2727 2623 2844 2690 ipso

2098 2721 2337 2775 daemone
2365 2734 2484 2774 esse
2511 2727 2666 2771 natos
2705 2716 2840 2786 (78),

2098 2811 2233 2866 alios
2261 2825 2392 2866 vero
2422 2825 2452 2864 a
2495 2825 2663 2878 puero
2700 2808 2840 2862 divi-

2096 2919 2258 2980 nasse
2307 2904 2659 2961 historiarum
2709 2901 2842 2956 ﬁdes

2096 2996 2360 3052 declarat.
2418 2995 2521 3050 Alii
2581 3011 2612 3049 a
2668 2993 2839 3064 prima

2095 3095 2254 3143 astate
2320 3089 2618 3142 daemonem
2682 3100 2838 3155 quem

433 3168 588 3224 holus
635 3165 870 3220 misisset
913 3165 965 3217 in
1016 3178 1114 3218 cor
1167 3161 1323 3218 Iudae
1370 3161 1628 3217 Scariotis
1656 3169 1716 3214 ut
1758 3161 2060 3229 traderetc
2093 3179 2393 3250 Ργιιιοηειη
2445 3179 2757 3245 nominant,
2791 3179 2841 3232 id

436 3255 641 3311 eunt“.
681 3275 700 3307 ι
736 3254 870 3308 Boni
903 3269 1032 3309 vero
1074 3252 1296 3322 spiritus
1325 3251 1515 3320 recipit
1549 3251 1668 3319 quis
1694 3252 1990 3320 energiam,

434 3348 484 3402 id
511 3356 614 3413 est,
643 3347 1090 3416 in0perationem,
1119 3359 1238 3399 eum
1270 3353 1517 3396 movetur
1550 3341 1664 3412 (73)
1699 3351 1755 3396 et
1796 3357 1994 3412 provo-

434 3468 588 3513 catur
631 3458 696 3514 ad
735 3460 900 3520 bona,
932 3466 986 3510 et
1029 3455 1324 3525 inspiratur
1353 3454 1418 3508 ad
1457 3453 1697 3508 coalestia
1740 3453 1822 3508 vel
1852 3453 1990 3508 divi—

436 3566 502 3604 na
533 3550 682 3624 (74);
713 3549 854 3605 sicut
879 3547 1054 3602 sancti
1087 3545 1262 3616 angeli
1288 3553 1343 3598 et
1370 3545 1483 3614 ipse
1508 3545 1645 3599 Deus
1677 3544 1992 3613 inoperatus

431 3648 514 3695 est
542 3641 596 3693 in
641 3639 940 3708 prophetis,
972 3635 1404 3706 suggestionihus
1439 3635 1644 3689 sanctis
1671 3635 1736 3688 ad
1767 3634 1990 3689 meliora

427 3746 732 3802 provocans
763 3740 816 3784 et
855 3730 1182 3793 cohortalis;
1229 3728 1303 3781 ita
1357 3742 1488 3782 sane
1539 3735 1599 3780 ut
1646 3736 1888 3782 maneret
1935 3728 1991 3780 in

428 3823 659 3877 arbitrio
685 3821 926 3876 hominis
955 3835 1018 3876 ac
1041 3820 1268 3889 judicio,
1302 3819 1348 3873 si
1379 3822 1534 3889 sequi
1562 3820 1691 3873 velit
1727 3827 1814 3872 aut
1855 3817 1991 3872 nolit

333 3953 335 3956 ι
427 3916 494 3970 ad
523 3913 768 3969 caelestia
795 3922 850 3968 et
878 3913 1055 3967 divina
1083 3920 1488 3981 provocantem.
1516 3910 1670 3966 Unde
1711 3921 1762 3965 et
1790 3925 1855 3964 ex
1887 3910 1988 3964 hac

426 4005 709 4060 manifesta
749 4004 1080 4060 discretione
1111 4004 1452 4074 dignoscitur
1499 4004 1765 4072 quomodo
1805 4004 1986 4056 anima

423 4097 664 4152 melioris
687 4098 910 4166 spiritus
937 4097 1224 4166 pra:sentia
1249 4105 1557 4157 moveatur,
1588 4095 1636 4148 id
1665 4104 1768 4159 est,
1798 4095 1842 4148 si
1868 4095 1989 4148 nul-

423 4188 529 4242 lam
572 4204 800 4260 prorsus
843 4203 910 4243 ex
946 4188 1248 4242 imminenti
1286 4186 1619 4255 aspiratione
1649 4187 1986 4242 obturbatio—

422 4296 546 4336 item
579 4282 664 4343 vel
690 4282 1075 4336 alienationem
1129 4281 1330 4334 mentis
1361 4281 1623 4346 incurrat,
1653 4296 1750 4335 nec
1797 4281 1988 4346 perdat

421 4369 635 4425 arbitrii
677 4373 758 4427 sui
798 4372 1060 4441 judicium
1108 4370 1372 4436 liberum;
1405 4371 1548 4424 sicut
1585 4371 1831 4439 exemplo
1862 4381 1987 4426 sunt

419 4479 613 4520 omnes
642 4465 726 4520 vel
751 4466 1047 4534 prophetae,
1096 4462 1183 4518 vel
1236 4463 1482 4531 apostoli,
1531 4465 1623 4532 qui
1658 4465 1859 4518 divinis
1903 4480 1986 4519 re-

417 4557 637 4628 sponsis
671 4556 787 4612 siue
815 4555 921 4610 ulla
951 4554 1150 4610 mentis
1172 4553 1552 4610 obturbatione
1576 4555 1970 4612 ministrabant.

453 4671 504 4706 "
530 4672 687 4729 Joan.
727 4673 931 4742 xm,2.
1004 4673 1051 4704 ’⁸
1078 4671 1188 4728 Jer.
1222 4688 1261 4725 ι.

492 4768 602 4829 (69)
630 4767 823 4836 Impia.
856 4768 947 4823 Sic
982 4783 1106 4822 mss.
1146 4766 1316 4829 Alias,
1352 4783 1370 4816 α
1423 4767 1568 4834 ipsa}.
1611 4783 1626 4814 ι

493 4840 602 4908 (70)
637 4838 728 4894 Sic
761 4854 891 4895 mss.
926 4839 1097 4901 Alias,
1135 4856 1152 4889 ‹
1194 4850 1446 4906 perversa
1480 4837 1749 4905 dogmata,
1781 4843 1837 4888 et
1861 4849 1978 4904 per,

419 4921 482 4964 ut
512 4911 585 4963 ita
618 4909 790 4978 dicam
821 4909 1156 4978 ,xprophetas
1187 4922 1333 4962 suos.
1365 4924 1386 4956 ι

417 5051 436 5108 ἱ
491 4981 604 5051 Cll)
644 4975 884 5054 Cognita}
931 4975 1089 5034 Deest
1127 4979 1182 5032 in
1215 4987 1374 5031 antea
1402 4975 1583 5042 editis,
1619 4976 1711 5030 sed
1747 4975 1978 5030 habetur

442 5068 474 5106 n
507 5065 635 5105 mss.

442 5068 474 5106 n
507 5065 635 5105 mss.

492 5120 604 5192 (7a)
632 5118 788 5192 μω).
823 5120 974 5192 editi,
1009 5139 1028 5171 ι
1056 5118 1420 5192 operationes.
1459 5136 1478 5168 ι

493 5187 605 5262 (75)
633 5190 871 5262 δίονηιεε.
895 5191 950 5244 ln
969 5192 1059 5262 ed.
1085 5187 1255 5262 deest,
1281 5207 1299 5240 ‹
1326 5187 1467 5262 quis,
1494 5188 1632 5262 νει-ε
1664 5197 1922 5240 movetur.
1956 5206 1974 5239 ι

491 5257 606 5326 (74)
637 5261 770 5315 Vide
812 5261 850 5313 Ι.
883 5276 921 5314 tt
960 5260 1372 5330 Origeniau.,q.
1399 5257 1454 5321 7,
1489 5274 1543 5309 η.
1582 5259 1634 5330 ὅτ

494 5332 607 5400 (75)
642 5331 745 5386 Sed
795 5340 845 5384 et
887 5332 984 5384 hoc
1028 5326 1412 5400 requirendum,
1463 5338 1569 5381 etc.
1624 5327 1701 5380 Ex
1754 5326 1979 5400 episiola

423 5397 738 5473 Hieronymi
776 5402 842 5454 ad
889 5397 1126 5473 Avitum,
1155 5399 1240 5453 ubi
1286 5400 1434 5453 addit
1468 5415 1485 5473 :_
1515 5417 1533 5449 ι
1573 5407 1625 5450 et
1644 5405 1805 5473 putat
1835 5397 1980 5467 (Ori-

423 5471 610 5542 genes)
632 5469 997 5542 quorumdam
1047 5479 1335 5542 antequam
1360 5469 1613 5542 venirent
1644 5469 1694 5520 in
1732 5483 1978 5542 corpora,

425 5537 614 5597 merita
644 5537 1016 5610 praecessisse;
1050 5550 1106 5593 ut
1133 5550 1215 5592 est
1247 5538 1378 5610 illud
1408 5537 1633 5593 Joannis
1660 5537 1981 5610 exsultantis

425 5612 478 5665 in
511 5607 665 5666 utero
709 5611 895 5665 matris
922 5626 1051 5676 sum,
1083 5609 1296 5678 quando
1321 5609 1382 5660 ad
1423 5624 1610 5664 vocem
1639 5607 1979 5678 salutationis

427 5681 606 5735 Mariae
658 5683 932 5752 indignam
981 5695 1040 5734 se
1083 5677 1976 5752 confabulationeiejus_Elisaheth

423 5749 957 5817 contiteturJfQuod
986 5764 1168 5805 revera
1185 5749 1424 5820 itocloco
1442 5751 1643 5807 dixisse
1667 5749 1973 5820 Origenem,

423 5823 581 5876 tidem
618 5823 746 5877 facit
785 5816 1154 5896 interpretatio
1184 5816 1386 5876 Rufini.

2099 3281 2224 3337 est,
2278 3272 2674 3342 ventriloquum
2729 3270 2839 3342 (79)

2097 3366 2241 3432 passi
2293 3375 2439 3418 sunt.
2487 3367 2592 3419 Pro
2645 3365 2842 3434 quibus

2097 3457 2342 3511 omnibus
2382 3458 2448 3511 ab
2489 3457 2573 3511 his
2622 3457 2711 3526 qui
2748 3456 2838 3510 Dei

3017 2159 3304 2199 IIIERONYMI
3337 2158 3550 2196 INTEBP.

2916 2239 2982 2293 Et
3017 2239 3309 2292 econtrario
3346 2235 3554 2304 parvuli
3595 2235 3665 2289 li-

2915 2345 3010 2399 cet,
3041 2342 3090 2388 et
3114 2349 3239 2401 pene
3265 2331 3517 2384 lactantes
3545 2315 3664 2383 uta-

2914 2432 2980 2484 lis
3003 2428 3268 2496 replentur
3287 2425 3586 2494 spiritibus,
3611 2432 3663 2478 et

2916 2529 2970 2580 in
2999 2525 3202 2578 divinas
3234 2533 3392 2591 atque
3431 2519 3664 2574 hariolos

2914 2620 3266 2688 inspirantur,
3295 2618 3347 2670 in
3376 2623 3579 2668 tantmn
3606 2626 3662 2667 ut

2914 2716 3072 2767 etiam
3101 2714 3302 2766 dwmon
3339 2711 3663 2780 Pythouicus

2913 2806 3166 2876 quosdam
3213 2821 3245 2856 a
3289 2813 3466 2855 tenera
3508 2809 3665 2854 astate

2913 2901 3200 2973 possideat,
3223 2916 3350 2970 quos
3385 2897 3662 2952 derelictas

2913 3009 3023 3048 esse
3077 2991 3215 3058 apud
3283 2987 3662 3058 providentiam

2913 3086 3028 3150 Dei,
3066 3102 3184 3138 cum
3221 3084 3349 3137 nihil
3380 3082 3484 3136 tale
3528 3081 3667 3151 [eco-

2915 3181 3019 3231 rint
3071 3188 3127 3230 ut
3169 3176 3465 3231 istiusmodi
3520 3175 3663 3228 ima.

2901 3265 3052 3324 uiam
3085 3271 3419 3335 sustinerent,
3450 3284 3552 3321 non
3580 3275 3656 3320 est

2914 3363 3025 3431 ejus
3054 3365 3142 3430 qui
3168 3362 3298 3415 nihil
3334 3361 3441 3415 vult
3474 3361 3664 3429 absque

2913 3458 3022 3512 Deo
3049 3459 3186 3526 ﬁeri,
3221 3469 3266 3512 et
3306 3458 3481 3511 ontnia
3518 3458 3662 3509 illius

2097 3548 2432 3616 providentia
2488 3549 2600 3616 regi
2658 3550 2839 3602 omnia
2905 3550 3123 3618 justitia
3154 3549 3455 3618 gubernari.

2096 3654 2216 3708 quze
2248 3640 2300 3693 in
2334 3641 2532 3698 mundo
2555 3649 2698 3702 sunt,
2727 3649 3007 3704 asserunt,
3036 3641 3177 3694 sicut
3215 3648 3398 3694 nostra
3446 3652 3663 3708 quoque

2097 3733 2339 3788 continet
2373 3733 2524 3796 lides,
2557 3742 2617 3786 ut
2655 3733 2785 3786 mihi
2821 3731 3065 3798 videtur,
3114 3748 3218 3786 non
3271 3732 3427 3786 aliter
3466 3732 3664 3801 poterit

2096 3825 2429 3894 responderi,
2464 3825 2537 3879 ita
2571 3835 2630 3878 ut
2655 3825 2862 3894 absque
2883 3827 3028 3879 omni
3057 3826 3336 3894 iniustitiae
3363 3825 3514 3894 culpa
3543 3841 3664 3894 pro-

2096 3918 2328 3972 videnlia
2358 3918 2779 3982 demonstretur,
2821 3917 2922 3970 nisi
2965 3917 3172 3986 priores
3213 3916 3456 3987 quaedam
3495 3915 3662 3971 fuisse

2094 4010 2172 4064 eis
2205 4022 2380 4061 causa:
2421 4005 2705 4068 dicantur,
2747 4007 2941 4075 quibus
2990 4017 3278 4077 antequam
3332 4008 3384 4060 in
3433 4019 3662 4076 corpore

2094 4111 2446 4154 nascerentur
2474 4101 2700 4167 animm,
2733 4099 2934 4168 aliquid
2984 4099 3357 4153 contraxerint
3399 4099 3570 4166 culpa:
3607 4098 3658 4150 in

2092 4195 2333 4250 sensibus
2362 4194 2443 4247 vel
2476 4195 2708 4248 motibus
2739 4193 2851 4247 suis
2875 4232 2889 4256 ,
2947 4207 3041 4260 pro
3085 4193 3280 4260 quibus
3328 4191 3432 4244 hoc
3466 4190 3660 4243 merito

2092 4285 2199 4353 pati
2228 4300 2255 4335 a
2279 4285 2457 4337 divina
2490 4283 2824 4354 providentia
2845 4279 3102 4347 iudicata:
3133 4289 3277 4332 sunt.
3306 4279 3481 4332 Liberi
3507 4293 3660 4331 nam-

2092 4393 2197 4446 que
2221 4376 2428 4428 arbitrii
2468 4389 2680 4443 semper
2712 4384 2794 4428 est
2845 4372 3023 4425 anima
3072 4370 3209 4441 (80),
3243 4370 3404 4423 etiam
3435 4384 3556 4422 cum
3604 4369 3658 4423 in

2091 4481 2318 4536 corpore
2348 4466 2471 4531 hoc,
2500 4467 2660 4520 etiam
2695 4480 2814 4518 cum
2855 4472 3008 4516 extra
3040 4476 3238 4530 corpus
3266 4469 3382 4525 est;
3412 4467 3466 4514 et
3487 4459 3654 4514 liber-

2085 4566 2167 4611 tas
2193 4557 2403 4611 arbitrii
2432 4557 2514 4612 vel
2552 4560 2618 4611 ad
2655 4557 2791 4610 bona
2836 4568 3046 4622 semper
3072 4553 3184 4622 (81)
3213 4594 3228 4617 ,
3273 4551 3355 4607 vel
3400 4552 3467 4607 ad
3513 4551 3655 4607 mala

2165 4763 2278 4837 (76)
2310 4763 2442 4817 Vide
2464 4764 2559 4818 lib.
2582 4779 2618 4817 ll
2638 4763 3045 4837 Qrigenian.,'q.
3068 4766 3120 4828 6,
3139 4783 3190 4820 n.
3213 4767 3246 4820 4
3265 4775 3316 4822 et
3333 4783 3386 4837 q.
3423 4768 3544 4832 7,n.
3567 4769 3652 4824 l5.

2160 4836 2270 4905 (77)
2317 4837 2407 4890 Sic
2440 4850 2573 4905 mss:
2601 4835 2838 4905 Aliastt
2879 4853 2942 4889 ex
2989 4835 3263 4905 responsis
3303 4835 3656 4894 e'contrario

2086 4903 2410 4980 ostenditur.
2443 4923 2480 4980 _»
2536 4903 2743 4980 Yersio
2770 4903 3091 4980 Hieronymi
3134 4924 3165 4962 e
3216 4911 3433 4980 regione
3477 4910 3652 4978 posita

2085 4985 2262 5030 exstat
2291 4977 2341 5030 in
2374 4974 2597 5044 epistola
2625 4975 2692 5027 ad
2717 4975 2956 5030 Avitum.

2155 5045 2269 5116 (78)
2301 5046 2391 5100 Sic
2421 5061 2551 5100 mss.
2583 5045 2750 5108 Alias,
2787 5065 2804 5096 ι
2846 5061 2969 5100 cum
3001 5047 3118 5117 ipso
3155 5049 3398 5105 daemone
3435 5065 3654 5120 posses-

2083 5132 2172 5172 SOS
2209 5131 2332 5170 esse
2361 5126 2533 5170 natos.
2574 5135 2592 5167 1

2156 5187 2268 5256 (79)
2304 5187 2394 5241 Sic
2421 5202 2549 5240 mss.
2583 5186 2860 5253 Merlinus,
2899 5207 2917 5238 ι
2960 5189 3364 5256 ventricolum;
3409 5210 3428 5242 ι
3471 5191 3653 5246 Gene-

2086 5258 2336 5321 brardus,
2365 5276 2382 5309 ‹
2424 5258 2812 5310 ventricosum.
2869 5277 2888 5310 ι
2937 5259 3136 5314 Ibidem
3187 5262 3238 5313 in
3287 5271 3445 5314 antea
3491 5259 3656 5316 editis

2085 5326 2329 5397 legitur:
2370 5349 2387 5377 ‹
2427 5341 2524 5395 pro
2559 5329 2756 5396 quibus
2786 5328 3037 5384 omnibus
3083 5331 3150 5383 ab
3199 5331 3282 5384 his
3331 5329 3424 5382 Dei
3467 5330 3652 5397 provi-

2086 5399 2263 5469 dentia
2307 5399 2418 5467 regi
2458 5399 2638 5452 omnia
2683 5414 2801 5466 qua:
2846 5399 2898 5452 in
2934 5400 3131 5452 mundo
3165 5409 3293 5453 sunt
3333 5399 3415 5469 (ut
3456 5409 3657 5469 sanctae

2089 5467 2382 5538 Scriptura:
2403 5479 2676 5530 asserunt,
2727 5478 2909 5522 nostra
2941 5484 3154 5536 quoque
3195 5467 3440 5523 continet
3473 5467 3652 5538 ﬁdes),

2089 5548 2147 5592 ut
2182 5540 2309 5594 mihi
2342 5539 2578 5603 videtur,
2619 5558 2637 5589 ι
2671 5550 2778 5593 etc.
2812 5538 2916 5592 Sed
2943 5554 3134 5593 omnes
3158 5541 3318 5594 codd.
3344 5551 3473 5592 mss.
3503 5547 3561 5590 ut
3595 5539 3650 5592 in

2087 5620 2274 5662 llOSll'O
2311 5620 2481 5662 textu.

2157 5680 2267 5742 (80)
2299 5678 2431 5734 Vide
2463 5679 2498 5731 l.
2532 5695 2570 5731 ll
2606 5677 2939 5745 0rigeuian.,
2975 5693 3028 5746 q.
3062 5676 3118 5739 7,
3150 5694 3205 5732 η.
3232 5679 3290 5732 2.

2155 5747 2262 5819 (81)
2291 5748 2520 5816 Semper.
2551 5749 2707 5802 Deest
2743 5751 2792 5799 in
2827 5755 2982 5799 antea
3015 5749 3196 5814 editis,
3231 5748 3321 5803 sed
3351 5747 3574 5802 habetur
3599 5749 3650 5812 in

2084 5836 2210 5876 11155.
