4014 6142
357 246 464 304 M9

1593 247 1916 306 ORIGENIS
1954 247 2111 300 ΠΕΡΙ
2145 246 2373 299 ΑΡΧΩΝ

3499 237 3602 294 320

361 376 641 432 movetur;
683 383 782 424 nec
827 383 1061 439 unquam
1100 366 1435 425 rationabilis
1483 383 1712 433 sensus,
1763 370 1814 424 id
1855 377 1935 424 est
1964 373 2008 428 A
2038 381 2100 420 ac
2123 367 2318 436 spiritu
2355 363 2528 425 vitali,
2558 370 2636 416 est
2663 359 2824 414 etiam
2849 359 2992 412 aliud
3019 357 3218 428 aliquid
3236 358 3378 426 quod
3406 357 3600 408 nit-ita-

362 474 519 514 Incus
546 458 632 514 v‘el
683 462 862 515 anima
889 502 904 527 ,
944 463 1062 517 sine
1115 471 1262 516 motu
1301 461 1483 530 aliquo
1537 463 1619 518 vel
1662 463 1802 517 bono
1847 461 1930 517 vel

363 550 506 604 malo
537 564 654 606 esse
685 561 882 622 potest.
919 554 1064 618 Quos
1098 559 1278 607 motus
1306 567 1496 608 causas
1519 562 1779 623 praestare
1818 569 1934 608 me-

363 646 591 698 ritorum
636 642 928 698 verisimile
978 654 1062 698 est
1105 645 1274 698 etiam
1320 644 1471 712 prius
1512 661 1674 714 quam
1727 647 1779 701 in
1831 648 1932 701 hoc

364 734 565 788 mundo
591 733 793 804 aliquid
829 743 1015 801 agant;
1046 744 1105 789 ut
1137 751 1236 806 pro
1264 736 1348 791 his
1385 739 1591 792 meritis
1625 737 1707 792 vel
1751 739 1930 793 causis

363 836 460 891 per
489 822 721 876 divinam
756 824 1148 892 providentiam
1176 828 1360 881 statim
1389 843 1416 879 a
1453 827 1624 897 prima
1653 827 1932 882 nativitate

361 915 470 970 imo
518 923 575 968 et
617 925 745 970 ante
795 917 1154 980 nativitatem,
1203 926 1262 972 ut
1301 918 1371 971 ita
1404 919 1581 973 dicam
1607 959 1623 984 ,
1661 919 1760 976 Evcl
1803 919 1928 974 boni

359 1006 561 1077 aliquid
588 1007 672 1062 vel
705 1007 831 1062 mali
862 1010 1066 1077 perpeti
1100 1011 1504 1080 dispensentur.
1538 1012 1604 1066 Et
1652 1013 1768 1066 haec
1803 1013 1930 1083 qui~

357 1098 476 1152 dem
503 1097 648 1153 dicta
684 1099 797 1155 sint
822 1099 995 1154 dehis
1027 1116 1148 1170 qua:
1174 1101 1426 1156 videntur
1453 1103 1762 1158 hominibus
1782 1142 1798 1166 ,
1849 1103 1932 1158 vel

357 1203 389 1242 a
425 1189 594 1258 prima
632 1189 917 1246 nativitate
962 1193 1168 1256 statim,
1212 1193 1295 1247 vel
1328 1194 1488 1248 etiam
1533 1204 1823 1263 antequam
1875 1196 1928 1248 iu

354 1279 498 1335 hanc
521 1279 696 1334 lucem
730 1295 1108 1351 prorumpam,
1134 1284 1372 1340 evenire.
1407 1285 1482 1339 De
1510 1285 1593 1339 his
1630 1301 1758 1341 vero
1805 1302 1927 1356 quae

354 1389 386 1426 a
420 1373 647 1427 diversis
686 1372 967 1441 spiritibus
989 1376 1204 1441 animae,
1233 1375 1285 1431 id
1315 1385 1400 1431 est
1433 1377 1684 1432 humana:
1716 1378 1928 1447 cegita-

357 1466 488 1520 tioni
526 1475 909 1535 suggeruntur,
934 1483 1052 1537 qua:
1084 1468 1166 1522 vel
1195 1469 1258 1522 ad
1292 1468 1452 1533 bona,
1494 1469 1576 1524 vel
1610 1471 1673 1524 ad
1713 1482 1930 1525 contra-

353 1558 434 1612 ria
459 1568 770 1626 pravocent,
799 1559 1064 1614 interdum
1090 1562 1250 1615 etiam
1293 1561 1344 1616 in
1374 1563 1474 1616 hoc
1503 1565 1765 1618 exsistere
1785 1580 1930 1634 qua-:-

354 1652 479 1706 dam
516 1655 818 1708 anteriores
849 1670 1127 1726 corporea:
1155 1656 1458 1710 nativitatis
1485 1672 1658 1711 causa:
1683 1660 1930 1726 putandae

2035 465 2272 509 mentum
2308 455 2506 508 habent
2539 451 2810 521 prOprium
2842 449 2982 517 (8i),
3009 459 3063 502 et
3091 447 3508 502 commotionem
3533 445 3601 501 ad

2033 546 2234 602 malum
2289 553 2709 616 provocantem;
2761 541 2903 597 sicut
2969 540 3155 594 haberi
3202 555 3230 592 a
3280 539 3598 608 quibusdam

2032 641 2256 708 quaestio
2297 635 2438 693 solet
2460 632 2791 700 huiusmodi,
2827 641 3135 685 utrumnam
3163 630 3307 683 velut
3337 631 3454 684 duae
3482 630 3602 683 ani-

2033 746 2134 785 me
2172 729 2285 801 (85)
2323 724 2824 782 in-nobis.tlicendae
2856 724 2985 784 sint,
3014 737 3118 777 una
3165 723 3414 791 quaedam
3463 722 3601 776 divi-

2034 823 2154 877 nior
2188 831 2242 878 et
2271 820 2528 883 caelestis,
2566 817 2752 874 etalia
2789 816 3013 871 inferior
3054 832 3068 868 :
3111 829 3175 868 an
3223 829 3352 868 vero
3393 829 3458 868 ex
3497 815 3600 869 hoc

2034 915 2148 984 ipso
2178 916 2321 984 quod
2352 911 2672 981 corporibus
2705 909 3030 962 inhaeremus
3075 907 3219 978 (qua:
3245 921 3472 976 corpora
3497 907 3600 977 [se-
3639 976 3644 978 Ἴ

2032 1008 2275 1060 cundum
2309 1005 2582 1074 propriam
2618 1002 2837 1070 quidem
2866 1009 3114 1054 naturam
3147 1009 3363 1052 mortua
3394 1007 3520 1052 sunt
3547 1006 3604 1054 et

2032 1099 2244 1168 penitus
2273 1097 2546 1158 exanima,
2571 1095 2699 1162 quia
2724 1109 2794 1148 ex
2816 1093 2995 1156 nobis,
3029 1091 3082 1147 id
3104 1100 3204 1152 est,
3230 1105 3298 1145 ex
3315 1092 3603 1147 animabus

2030 1205 2228 1260 corpus
2251 1187 2529 1242 materiale
2558 1185 2882 1249 viviﬁcatur,
2901 1182 3044 1253 quod
3065 1184 3249 1253 utique
3271 1184 3601 1237 contrarium

2029 1293 2112 1339 est
2138 1292 2193 1337 et
2224 1281 2500 1336 inimicum
2537 1277 2800 1347 spiritui),
2836 1277 3105 1331 trahimur
3139 1286 3194 1330 et
3236 1290 3604 1343 provocamur

2029 1374 2096 1428 ad
2125 1373 2240 1427 haec
2271 1371 2410 1424 mala
2443 1383 2562 1437 qua:
2589 1365 2800 1435 corpori
2824 1377 2977 1435 grata
3011 1375 3138 1420 sunt
3167 1367 3280 1436 (86)
3307 1383 3322 1430 ;
3375 1381 3442 1420 an
3477 1379 3602 1419 vero

2032 1465 2274 1526 tertium,
2327 1461 2464 1532 quod
2509 1461 2728 1530 quidam
2780 1459 3092 1514 Graecorum
3143 1460 3392 1514 arbitrati
3450 1469 3601 1523 sunt,

2030 1554 2154 1624 quia
2184 1554 2359 1605 anima
2392 1559 2574 1604 nostra
2605 1565 2728 1604 cum
2762 1565 2865 1603 una
2899 1550 2972 1603 sit
3003 1565 3099 1620 per
3127 1550 3510 1612 substantiam,
3533 1565 3602 1605 ex

2031 1643 2277 1714 pluribus
2311 1652 2488 1696 tamen
2517 1649 2749 1705 constet,
2781 1651 2836 1694 et
2865 1656 2968 1694 una
3004 1655 3132 1709 pars
3180 1642 3300 1711 ejus
3349 1643 3587 1696 rationa-

355 1754 503 1798 sunt.
542 1743 817 1801 Interdum
849 1763 978 1802 vero
1008 1748 1236 1819 vigilans
1273 1765 1427 1805 mens
1450 1790 1466 1814 ,
1517 1759 1573 1804 et
1605 1751 1862 1820 abjiciens
1899 1769 1928 1806 a
1965 1726 2003 1779 Β
2035 1736 2175 1800 δίης,
2206 1751 2334 1804 Pars
2384 1748 2512 1788 vero
2562 1732 2666 1785 3"“
2718 1732 3110 1786 i'm‘ionabilis
3152 1733 3407 1798 diem”,
3454 1747 3508 1788 θῑ
3535 1750 3600 1789 ea

355 1851 415 1891 se
447 1853 567 1908 quae
590 1839 728 1894 mala
776 1850 922 1904 sunt,
952 1842 1216 1895 honorum
1255 1844 1321 1896 ad
1363 1857 1422 1896 se
1443 1843 1776 1914 adjutorium
1804 1861 1930 1915 pro-

351 1939 530 1995 vocat;
593 1931 676 1985 vel
727 1933 1034 1987 econtrario
1085 1933 1361 2002 negligens
1408 1946 1464 1989 et
1513 1937 1753 2004 ignava,
1800 1939 1926 1992 dum

352 2021 532 2075 minus
566 2030 725 2076 cauta
757 2032 862 2090 est,
896 2024 1070 2080 locum
1112 2025 1204 2080 dat
1230 2025 1316 2082 bis
1351 2027 1635 2096 spiritibus
1657 2031 1750 2099 qui
1783 2031 1930 2086 velut

353 2111 594 2168 latrones
629 2128 697 2169 ex
747 2115 962 2171 occulto
999 2117 1354 2184 insidiantes,
1408 2123 1620 2177 irruere
1665 2122 1928 2178 humanas

351 2214 583 2271 mentes,
615 2221 739 2261 cum
775 2207 950 2263 locum
987 2209 1089 2264 sibi
1124 2209 1308 2266 datum
1337 2226 1437 2282 per
1468 2215 1747 2283 segnitiem
1774 2216 1926 2271 vide-

351 2293 485 2359 rint,
524 2295 846 2360 moliuntur,
885 2299 1029 2354 sicut
1057 2298 1134 2353 ait
1186 2300 1381 2356 Petrus
1424 2304 1706 2373 apostolus
1731 2347 1747 2370 ,
1799 2307 1925 2375 quia

355 2401 375 2436 ι
405 2386 754 2443 adversarius
781 2397 970 2444 noster
1000 2389 1248 2446 diabolus
1276 2401 1532 2462 tanquam
1585 2395 1666 2449 leo
1711 2399 1926 2466 rugiens

347 2479 560 2543 circuit,
601 2495 848 2550 quterens
883 2497 1045 2551 quem
1081 2483 1306 2540 devoret
1341 2484 1410 2540 “.
1466 2505 1485 2538 ι
1519 2485 1748 2557 Pmpter
1778 2490 1922 2556 quod

349 2571 435 2624 dio
463 2580 730 2643 noctuque
753 2589 850 2628 cor
874 2584 1116 2630 nostrum
1140 2577 1287 2630 omni
1318 2578 1566 2633 custodia
1594 2583 1920 2636 servandum

345 2673 461 2724 est,
499 2675 554 2718 et
598 2664 748 2721 locus
796 2682 898 2720 non
937 2675 1021 2722 est
1063 2669 1274 2724 dandus
1305 2670 1523 2727 diabolo
1552 2711 1568 2735 ,
1615 2674 1709 2726 sed
1741 2673 1922 2728 omnia

344 2751 549 2819 agenda
589 2764 733 2820 sunt,
771 2755 965 2823 quibus
994 2757 1228 2812 ministri
1261 2759 1377 2822 Dei,
1405 2760 1459 2815 bi
1488 2760 1742 2816 videlicet
1762 2764 1924 2831 spiri-

346 2848 432 2894 tus
459 2842 553 2911 qui
584 2843 650 2895 ad
676 2843 1051 2900 haereditatem
1085 2847 1283 2902 salutis
1306 2851 1483 2905 vocati
1513 2859 1640 2906 sunt
1671 2852 1737 2916 ’⁷,
1767 2853 1920 2908 iuve-

347 2931 494 2984 niant
527 2933 578 2985 in
617 2934 772 2988 nobis
802 2935 1003 3000 locum,
1029 2947 1084 2992 et
1108 2939 1446 2995 delectentur
1480 2942 1690 3010 ingredi
1725 2931 1918 3014 hospi-

345 3022 479 3072 tium
505 3022 702 3076 animze
730 3034 948 3090 nostrae,
979 3036 1034 3080 et
1062 3028 1370 3084 habitantes
1392 3034 1532 3100 apud
1566 3048 1664 3088 nos
1684 3037 1922 3094 consiliis
1948 3058 1990 3118 ο

346 3127 443 3164 nos
483 3124 689 3182 regant;
721 3115 765 3168 si
799 3125 977 3170 tamen
1004 3118 1369 3174 habitaculum
1394 3125 1576 3178 cordis
1605 3128 1778 3181 nostri
1814 3131 1920 3182 vir-

346 3201 478 3254 tutis
509 3211 564 3256 et
599 3205 901 3258 sanctitatis
931 3205 1076 3260 cultu
1099 3207 1408 3262 invenerint
1429 3221 1749 3266 exornatum
1783 3215 1914 3287 (8'2).

305 3359 308 3363 Ι
345 3290 548 3349 Verum
596 3293 864 3350 sulliciant
903 3298 1002 3352 ista
1041 3314 1140 3368 pro
1181 3301 1390 3353 viribus
1434 3304 1641 3358 nostris
1688 3305 1916 3362 disserta

343 3401 372 3438 a
407 3387 561 3442 nobis
581 3390 647 3443 de
672 3389 756 3444 his
789 3391 1074 3446 virtutibus
1103 3409 1222 3462 qua:
1256 3393 1488 3450 humano
1512 3399 1696 3468 generi
1726 3401 1920 3456 adver-

341 3488 553 3534 santur.

944 3576 1173 3633 CAPUT
1215 3580 1305 3634 IV.

735 3665 809 3719 De
833 3668 1075 3723 humanis
1113 3672 1508 3728 tentationibus.

420 3759 469 3816 1.
495 3757 649 3814 Nunc
669 3776 734 3814 ne
751 3761 1081 3817 dehumanis
1107 3765 1325 3833 quidem
1342 3768 1732 3824 tentationibus
1750 3772 1918 3827 silen-

341 3850 469 3903 dum
485 3860 634 3919 puto,
653 3867 774 3921 quae
793 3862 1086 3908 nascuntur
1101 3856 1366 3910 interdum
1382 3873 1446 3911 ex
1463 3875 1626 3915 carne
1638 3873 1694 3914 et
1708 3867 1922 3932 sangui-

340 3957 431 4005 ne,
454 3941 538 3994 vel
556 3958 622 3996 ex
646 3945 931 4012 prudentia
953 3947 1135 4000 carnis
1149 3957 1203 4001 et
1222 3951 1504 4018 sanguinis
1521 3968 1640 4021 qua:
1662 3953 1772 4010 Deo
1786 3957 1921 4011 dici-

345 4046 431 4088 tur
448 4050 570 4090 esse
595 4037 836 4091 inimica.
863 4038 929 4091 Et
949 4047 1126 4092 utrum
1147 4053 1331 4094 verum
1355 4042 1424 4096 sit
1444 4046 1584 4112 quod
1606 4047 1820 4114 quidam
1837 4051 1922 4104 di-

336 4138 489 4195 cunt,
506 4129 657 4198 quasi
676 4129 826 4184 binas
843 4131 1050 4185 animas
1062 4146 1182 4188 esse
1194 4134 1538 4203 persingulos
1555 4137 1692 4208 (85),
1711 4149 1922 4210 postea-

335 4234 496 4289 quam
515 4222 580 4276 de
599 4222 680 4275 bis
700 4223 1082 4278 tentationibus
1098 4226 1465 4292 exposuimus,
1484 4243 1605 4297 quae
1620 4231 1739 4299 plus
1755 4247 1915 4302 quam

335 4310 582 4368 humanae
609 4314 884 4376 dicuntur,
918 4316 968 4368 id
994 4327 1232 4385 estquas
1258 4319 1543 4374 adversum
1578 4325 1915 4395 principatus

2031 1825 2246 1893 quidem
2277 1839 2400 1894 pars
2437 1838 2599 1892 quam
2645 1820 3077 1877 irrationabilem
3120 1824 3331 1888 dicunt,
3365 1823 3417 1876 in
3463 1824 3603 1878 duos

2030 1931 2250 1972 rursum
2290 1915 2565 1970 dividatur
2595 1914 2823 1970 aﬂ‘ectus
2854 1915 3169 1984 cupiditatis
3199 1925 3252 1970 et
3283 1916 3599 1970 iracundize.

2031 2006 2141 2061 Has
2172 2020 2302 2076 ergo
2340 2013 2451 2060 tres
2503 2004 2662 2077 “.6
2709 2020 2846 2075 quas
2880 2021 3045 2075 supra
3093 2005 3330 2061 diximus
3371 2005 3481 2078 (87)
3534 2010 3601 2060 de

2030 2100 2212 2154 anima
2247 2098 2534 2167 opiniones
2566 2114 2595 2151 a
2623 2096 2896 2154 nonnullis
2931 2097 3118 2152 haberi
3153 2097 3482 2153 invenimus.
3526 2099 3600 2154 Ex

2027 2191 2225 2261 quibus
2261 2191 2392 2246 illud
2433 2191 2673 2256 interim,
2720 2190 2863 2259 quod
2917 2189 3239 2258 quibusdam
3287 2190 3600 2246 Graecorum

2027 2286 2366 2357 philosophis
2381 2285 2552 2340 visum
2572 2284 2830 2350 diximus,
2858 2286 2980 2354 quia
3005 2284 3280 2354 tripartita
3304 2285 3376 2339 sit
3397 2285 3600 2353 anima,

2029 2394 2135 2433 non
2173 2377 2331 2433 valde
2371 2377 2679 2432 confirmari
2715 2391 2782 2431 ex
2812 2375 3010 2431 divina}
3039 2377 3334 2448 Scripturze
3357 2378 3598 2432 auctori—

2027 2478 2139 2526 tate
2170 2469 2427 2538 pervideo
2463 2486 2477 2534 ;
2516 2471 2581 2522 ad
2619 2468 2721 2522 alia
2755 2483 2882 2524 vero
2915 2471 3019 2520 duo
3063 2467 3174 2539 (88)
3230 2483 3349 2537 quae
3395 2469 3600 2538 reliqua

2025 2572 2172 2628 sunt,
2201 2563 2436 2616 inveniri
2463 2571 2689 2630 possunt
2719 2560 2996 2628 aliquanta
3035 2577 3157 2631 qua:
3185 2576 3253 2616 ex
3274 2560 3475 2617 divinis
3491 2560 3596 2616 Lit-

2028 2655 2161 2709 teris
2195 2653 2368 2722 aptari
2397 2668 2553 2723 posse
2579 2653 2886 2708 videantur.

2092 2751 2148 2802 2.
2207 2747 2287 2800 Ex
2349 2747 2548 2814 quibus
2608 2745 2782 2813 primo
2843 2743 2976 2798 illud
3033 2743 3398 2800 discutiamus
3455 2747 3600 2815 quod

2024 2847 2274 2892 astruere
2300 2837 2477 2891 solent
2499 2836 2745 2904 quidam,
2779 2836 2904 2904 quia
2934 2850 3038 2889 una
3067 2837 3137 2891 sit
3173 2836 3314 2892 bona
3352 2838 3404 2890 in
3439 2840 3598 2894 nobis

2023 2930 2203 2984 anima
2234 2938 2290 2985 et
2323 2929 2584 2990 caelestis,
2619 2929 2726 2982 alia
2755 2942 2884 2982 vero
2926 2926 3151 2984 inferior
3196 2940 3251 2984 et
3284 2932 3594 2998 terrestris,

2023 3030 2080 3076 et
2107 3020 2249 3091 quod
2272 3036 2338 3075 ea
2361 3021 2579 3091 quidem
2612 3037 2732 3090 qua:
2760 3020 2952 3075 melior
2981 3031 3083 3087 est,
3134 3024 3351 3078 ccelitus
3393 3025 3599 3078 insera-

2027 3125 2114 3168 tur
2145 3113 2276 3183 (89),
2315 3111 2490 3181 qualis
2519 3123 2599 3167 est
2630 3113 2720 3167 illa
2746 3129 2866 3183 qua:
2891 3125 2946 3170 et
2972 3115 3143 3170 Jacob
3164 3117 3426 3170 adversus
3452 3117 3596 3172 Esau

2022 3207 2200 3261 adhuc
2228 3206 2280 3259 in
2310 3215 2467 3259 utero
2503 3205 2682 3274 posito
2707 3205 2941 3275 palmam
2975 3207 3222 3260 victoria:
3264 3207 3596 3276 supplantati

2021 3298 2278 3366 praestitit
2311 3297 2504 3352 fratris
2539 3297 2608 3363 ’8;
2640 3306 2697 3350 et
2731 3312 2854 3366 quae
2880 3298 2933 3352 in
2962 3298 3194 3354 Jeremia
3225 3299 3598 3354 sanctilicatur

2021 3403 2090 3442 ex
2124 3388 2283 3440 vulva
2316 3388 2382 3453 ’⁸,
2412 3399 2467 3442 ει
2499 3387 2707 3458 Spiritu
2738 3398 2928 3444 sancto
2957 3389 3200 3459 repletur
3238 3405 3306 3445 ex
3339 3398 3497 3444 utero
3539 3391 3594 3444 in

2019 3479 2246 3534 Joanne.
2300 3479 2448 3534 Illam
2497 3496 2628 3536 vero
2682 3481 3037 3549 inferiorem,
3075 3497 3239 3552 quam
3292 3483 3484 3538 dicunt
3528 3500 3594 3538 ex

2021 3579 2287 3649 corporali
2323 3595 2440 3635 eam
2473 3581 2682 3635 semine
2707 3580 2868 3635 simul
2898 3590 3154 3637 asserunt
3174 3581 3289 3652 {90)
3323 3596 3444 3634 cum
3475 3596 3597 3636 cor-

2019 3685 2152 3740 pore
2181 3671 2459 3736 seminari,
2505 3673 2645 3726 unde
2688 3682 2743 3728 et
2775 3682 2969 3742 praeter
3009 3690 3206 3742 corpus
3239 3677 3422 3731 vivere
3473 3692 3592 3731 eam

2021 3761 2103 3814 vel
2127 3762 2426 3815 subsistere
2467 3771 2668 3832 negant
2698 3778 2878 3832 posse,
2921 3774 3142 3833 pr0pter
3190 3769 3331 3835 quod
3379 3777 3436 3823 et
3470 3783 3593 3822 car-

2023 3869 2142 3906 nem
2171 3868 2290 3906 eaut
2331 3853 2642 3922 frequenter
2684 3854 2943 3924 appellari
2999 3855 3207 3912 dicunt.
3255 3857 3408 3924 Quod
3447 3859 3591 3912 enim

2019 3945 2278 4011 scriptum
2306 3955 2390 3998 est
2443 3962 2457 3998 :
2507 3963 2526 3996 ‹
2569 3945 2709 3999 Caro
2755 3948 3095 4014 concupiscit
3132 3949 3391 4005 adversus
3435 3952 3596 4020 spiri-

2023 4044 2132 4088 tum
2165 4035 2229 4100 3°,
2267 4053 2287 4088 ι
2324 4052 2426 4089 non
2462 4039 2561 4090 hoc
2598 4036 2664 4089 de
2693 4051 2859 4091 carne
2893 4038 3098 4092 dictum
3135 4041 3452 4107 accipiunt,
3494 4045 3589 4098 sed

2022 4129 2087 4181 de
2114 4129 2213 4182 hac
2239 4129 2417 4182 anima
2448 4143 2566 4196 qua:
2599 4129 2814 4197 proprie
2845 4129 3030 4182 carnis
3052 4139 3138 4184 est
3161 4131 3365 4184 anima.
3399 4132 3506 4186 Sed
3535 4141 3594 4186 et

2021 4234 2084 4272 ex
2125 4220 2207 4274 bis
2238 4221 2456 4273 student
2485 4220 2839 4275 nihilominus
2865 4220 3194 4276 conﬁrmare
3225 4223 3339 4278 lucc
3377 4239 3496 4293 qua:
3533 4223 3589 4278 in

2023 4316 2262 4372 Levitico
2296 4316 2368 4369 ita
2403 4317 2607 4384 scripta
2649 4324 2819 4370 sunt:
2864 4333 2883 4365 ι
2923 4318 3118 4370 Anima
3155 4317 3334 4372 omnis
3382 4318 3587 4383 cannis,

334 4411 388 4452 et
407 4414 786 4470 potestates,et
804 4406 1092 4460 adversum
1113 4409 1292 4460 mundi
1321 4407 1482 4474 hujus
1502 4420 1740 4467 rectores
1759 4421 1908 4468 tene-

2029 4412 2248 4482 sanguis
2298 4411 2464 4480 ipsius
2501 4411 2565 4462 δι.
2597 4428 2643 4486 τ»
2693 4408 2768 4463 Ex
2803 4423 2867 4463 eo
2918 4409 3061 4463 enim
3101 4410 3244 4478 quod
3274 4425 3370 4480 per
3423 4421 3587 4466 totam

333 4493 551 4548 brarmn
577 4495 788 4561 barum,
809 4507 863 4551 et
892 4497 1150 4554 adversus
1171 4500 1429 4569 spiritalia
1453 4505 1705 4573 nequitiae
1722 4507 1773 4560 in
1799 4521 1912 4562 coa-

334 4583 558 4640 lestibus
576 4588 834 4654 gerimus,
854 4592 937 4645 vel
954 4606 1074 4659 quae
1095 4593 1250 4647 nobis
1271 4595 1534 4648 adversus
1553 4597 1772 4664 spiritus
1795 4615 1911 4653 ma-

333 4672 508 4744 lignos
539 4688 594 4728 et
627 4676 931 4734 immundos
954 4681 1224 4735 daemones
1252 4696 1605 4753 peraguntur,
1642 4689 1906 4744 dicemus.

335 4761 392 4814 In
421 4779 526 4833 qua
557 4779 613 4818 re
642 4780 1039 4836 consequenter
1068 4773 1304 4826 arbitror
1333 4779 1741 4843 requirendum,
1775 4780 1818 4833 si
1855 4781 1906 4834 in

337 4855 492 4910 nobis
510 4857 815 4914 hominibus
841 4863 931 4930 qui
959 4878 1026 4918 ex
1057 4865 1237 4920 anima
1260 4879 1575 4922 constamus
1596 4880 1652 4925 et
1685 4886 1914 4944 corpore

417 4970 498 5024 ³⁸1
519 4970 633 5027 Ρει.
654 4988 707 5041 v,
724 4973 779 5029 8.
815 4976 858 5007 ’⁷
882 4975 1018 5034 I-leb.
1045 4994 1085 5045 ι,
1111 4981 1197 5036 14.

361 5156 372 5168 .
405 5085 516 5174 (82)
542 5088 598 5174 In
632 5089 950 5174 libbzantea
974 5098 1141 5174 editis
1167 5114 1298 5174 vox,
1323 5119 1355 5174 z_
1381 5113 1727 5167 exornatum,
1762 5126 1782 5160 ι
1817 5108 1899 5161 ul—

336 5165 464 5244 lima
495 5169 598 5244 ‘est
631 5165 826 5244 capitis
864 5167 1047 5244 tertii,
1097 5178 1151 5222 ει
1195 5170 1384 5244 incipit
1434 5184 1596 5242 caput
1645 5165 1895 5244 quartum

335 5243 457 5281 cum
491 5229 596 5302 hoc
628 5229 781 5287 titulo
815 5253 828 5287 :
876 5253 894 5284 ι
934 5236 1272 5294 Dehumauis
1303 5229 1705 5300 tetitatioriibus.
1741 5267 1759 5298 ›
1790 5229 1897 5302 vei

337 5313 454 5380 ru'n
487 5301 551 5384 in.
573 5317 700 5384 mss.
731 5305 871 5384 nulla
903 5307 1204 5384 hujustnodi
1248 5313 1387 5366 tituli
1426 5317 1651 5384 mentio,
1688 5301 1892 5373 nullum

331 5371 890 5443 capiuili‘incipientis
919 5371 1198 5436 indicium.

406 5439 518 5513 (85)
549 5440 643 5497 Sic
668 5439 796 5502 mss.
835 5448 1004 5514 Alias,
1043 5468 1060 5499 ι
1095 5467 1187 5514 per
1209 5453 1591 5510 substantiam.
1634 5478 1652 5510 ι
1694 5459 1897 5513 Ibidem

332 5519 949 5593 mssq‘c'exposuitnus.
989 5539 1007 5570 ι
1039 5520 1206 5593 Alias,
1240 5542 1257 5573 ι
1293 5529 1727 5593 exposueriums.
1764 5551 1783 5582 ι

405 5579 772 5671 ,ιὶιεε.
819 5589 986 5671 Alias,
1017 5609 1035 5641 σ
1075 5579 1291 5663 aliquod
1321 5579 1730 5655 ilicitamentuin
1755 5579 1895 5671 quod

333 5657 534 5726 motum
561 5657 749 5709 habeat
772 5663 1063 5726 proprium.
1101 5682 1120 5714 ι

407 5721 524 5787 (85)
556 5726 643 5778 Sic
679 5721 806 5782 mss.
845 5721 1014 5797 Alias,
1057 5751 1075 5784 ‹
1116 5743 1293 5790 utrum
1331 5737 1448 5792 dua:
1481 5740 1692 5796 animae.
1733 5759 1752 5792 ι

1276 4985 1319 5015 ³⁸
1347 4984 1546 5039 Genes.
1575 5001 1702 5043 xxv.

1780 4990 1824 5021 ²⁹
1853 4989 2054 5047 Jerem.
2096 5005 2137 5044 ι.

2025 4519 2240 4558 carnem
2271 4502 2489 4572 sanguis
2517 4499 2744 4554 (liﬂ'usus
2773 4501 2936 4554 vitam
2959 4511 3178 4570 praestat
3199 4503 3370 4566 carni,
3389 4503 3444 4556 iu
3463 4519 3590 4557 san-

2018 4595 2180 4665 guine
2212 4594 2388 4647 inesse
2422 4592 2576 4644 aiunt
2606 4590 2750 4644 hanc
2773 4590 3010 4645 animam
3041 4607 3159 4661 qua:
3193 4592 3394 4646 dicitur
3425 4593 3588 4647 totius

2017 4689 2200 4744 carnis
2227 4702 2346 4739 esse
2376 4684 2580 4736 anima.
2613 4681 2721 4737 lloc
2772 4693 2952 4739 autem
2989 4685 3160 4754 ipsum
3191 4687 3334 4754 quod
3381 4686 3584 4741 dictum

2019 4791 2102 4837 est
2134 4793 2355 4834 carnem
2398 4788 2702 4846 repugnare
2733 4775 2992 4831 adversus
3024 4779 3296 4848 spiritum,
3336 4779 3583 4847 spiritum

2018 4884 2201 4927 autem
2232 4859 2490 4924 adversus
2507 4884 2745 4936 carnem;
2775 4871 2997 4938 etquod
3026 4870 3229 4925 dictum
3253 4880 3335 4926 est
3362 4889 3375 4925 :
3407 4873 3587 4926 «Ani-

2237 4987 2283 5018 ⁸⁰
2306 4985 2424 5042 Gal.
2457 5001 2513 5052 v,
2553 4987 2643 5040 17.
2752 4988 2794 5019 ³³
2840 4987 3166 5053 Levit.xvn,
3194 4989 3282 5043 M.

2081 5106 2191 5181 (8G)
2243 5106 2409 5162 Grata
2465 5117 2605 5160 sunt.
2659 5106 2751 5162 Sic
2805 5123 2938 5163 mss.
2999 5108 3185 5175 Alias,
3243 5128 3261 5161 ι
3310 5109 3582 5166 contraria

2007 5191 2200 5320 Siligi;
2236 5249 2326 5304 Sic
2365 5264 2496 5304 mss.
2545 5247 2716 5310 Alias,
2751 5266 2770 5299 ι
2811 5262 2946 5318 quos
2993 5249 3349 5318 produximus
3379 5259 3508 5318 tres,
3546 5268 3569 5304 ι

2008 5332 2192 5462 cm(:38)
2228 5389 2366 5446 Duo.
2397 5391 2577 5460 1Deest
2599 5388 2652 5442 in
2689 5396 2848 5445 antea
2889 5388 3084 5454 editis,
3118 5391 3211 5447 sed
3245 5392 3480 5448 habetur
3525 5393 3580 5448 in

2008 5478 2190 5602 Ιῃῖἒθ)
2216 5531 2374 5585 Libb.
2406 5530 2556 5595 editi,
2605 5547 2622 5581 ε
2654 5530 2934 5587 inferatur.
2969 5550 2988 5582 ο

2080 5601 2191 5673 (90)
2215 5603 2311 5673 Sic
2335 5616 2466 5654 mss.
2509 5602 2676 5663 Alias,
2704 5621 2742 5673 ί(
2793 5603 3170 5657 sanctiﬁcalur
3213 5619 3278 5656 ex
3314 5613 3470 5657 utero
3517 5603 3574 5656 in

2009 5670 2239 5728 Joanne;
2277 5670 2424 5743 illam
2469 5687 2597 5726 vero
2639 5672 2946 5727 inferiorem
2993 5687 3155 5738 qutun
3201 5689 3266 5727 ex
3298 5684 3562 5743 corporali

2008 5743 2212 5797 semine
2242 5742 2399 5794 simul
2433 5757 2700 5807 asserunt,
2744 5763 2758 5794 ι
2795 5757 2896 5796 ctc.
