4014 6142
440 249 539 308 521

1761 252 1957 308 LIBER
1998 253 2320 310 TERTIUS.

3562 256 3672 315 529.

443 362 529 399 ma
565 344 739 398 omnis
770 344 948 399 carnis
979 385 993 410 ,
1036 345 1260 416 sanguis
1300 345 1464 415 ipsius
1487 387 1501 411 ,
1559 364 1578 399 ι
1624 346 1730 403 alio
1782 351 2000 403 nomine
2027 356 2073 410 Α
2101 368 2228 405 caro
2258 360 2524 421 repugnat
2554 350 2814 405 adversus
2845 351 3117 421 spiritum,
3144 361 3198 407 et
3223 352 3448 422 spiritus
3479 356 3670 408 advel-

442 432 604 488 iidem
651 432 833 486 vocari
880 432 1065 486 dicunt
1103 432 1423 501 sapientiam
1456 435 1681 502 carnis,
1728 438 1866 505 quod
1913 448 1999 494 est

440 523 666 592 spiritus
697 523 917 590 quidam
958 523 1275 589 materialis,
1303 525 1396 593 qui
1437 525 1540 596 legi
1587 526 1679 581 Dei
1729 528 1998 595 subjectus

442 629 547 668 non
578 624 681 678 est,
716 614 807 668 sed
837 630 937 668 nec
963 624 1139 685 potest
1159 630 1281 671 esse
1308 616 1600 686 subjectus,
1645 620 1773 688 quia
1803 620 1996 674 volun-

442 717 580 761 tates
610 707 777 761 habet
813 718 1058 764 terrenas
1078 723 1132 764 et
1161 710 1424 766 desideria
1453 712 1774 780 corporalia.
1798 713 1872 766 De
1896 714 1999 767 hoc

438 809 637 867 putant
682 800 843 853 etiam
887 800 1200 869 Apostolum
1251 800 1455 858 dixisse
1488 802 1617 858 illud
1668 804 1807 874 quod
1857 805 1931 858 ait
1979 819 1995 858 :

445 910 467 943 ι
508 892 677 946 Video
701 901 879 947 autem
910 893 1072 947 aliam
1102 894 1273 964 legem
1299 894 1351 948 in
1381 896 1640 950 membris
1668 897 1801 951 meis
1834 910 1997 965 repu-

443 990 703 1050 gnantem
738 981 838 1050 legi
872 982 1065 1036 mentis
1094 991 1333 1051 mea:,;et
1359 984 1627 1052 captivum
1662 1000 1747 1039 me
1798 986 1997 1040 ducen-

440 1082 551 1129 tem
579 1074 631 1127 in
653 1072 771 1143 lege
802 1073 1008 1143 peccati
1043 1087 1161 1142 quae
1190 1083 1272 1127 est
1301 1072 1356 1127 in
1399 1076 1654 1130 membris
1692 1076 1827 1130 meis
1856 1076 1921 1131 δ’.
1970 1095 1991 1130 ι

442 1164 497 1218 Si
527 1179 655 1219 vero
684 1164 805 1232 quis
842 1163 1060 1234 obiiciat
1098 1164 1180 1219 eis
1208 1164 1312 1220 hoc
1340 1165 1443 1220 dici
1468 1167 1533 1220 de
1560 1177 1753 1223 natura
1800 1182 1995 1237 corpo-

440 1258 538 1321 ris,
566 1255 707 1323 quod
742 1270 865 1309 vere
896 1256 1189 1311 secundum
1233 1256 1621 1326 proprietatem
1654 1259 1867 1327 quidem
1899 1275 1996 1314 na-

442 1355 574 1401 tura:
602 1361 715 1400 suae
745 1357 1016 1400 mortumn
1046 1357 1149 1413 est,
1190 1349 1388 1403 habere
1426 1358 1602 1402 autem
1647 1349 1846 1403 dicitur
1873 1365 1997 1405 sen-

442 1453 560 1491 sum
591 1437 700 1506 (9|)
725 1437 806 1491 vel
838 1440 1156 1507 sapientiam
1195 1453 1313 1506 quae
1340 1438 1557 1494 inimica
1582 1448 1665 1494 est
1710 1440 1820 1494 Deo
1848 1479 1863 1503 ,
1904 1440 1989 1495 vel

442 1544 564 1596 qua:
593 1540 857 1597 repugnat
886 1529 1145 1584 adversus
1191 1531 1475 1600 spiritum,
1527 1546 1623 1599 pro
1649 1546 1713 1586 eo
1755 1530 1920 1585 veluti
1949 1533 1994 1587 si

441 1622 562 1689 quis
605 1621 750 1674 dicat
794 1622 1193 1690 quodammodo
1221 1622 1401 1676 carnis
1434 1620 1601 1690 ipsius
1644 1637 1762 1677 esse
1807 1638 1992 1678 vocem

2105 458 2197 496 sus
2231 457 2448 497 carnem
2475 440 2543 507 ³⁵,
2579 460 2598 492 ι
2629 445 2706 495 uti
2736 457 2842 495 non
2867 457 2985 510 qum
3004 442 3250 497 volumus
3271 442 3666 507 illafaciamus,

2105 549 2222 601 qua:
2253 544 2377 589 sunt
2399 535 2465 589 de
2501 534 2695 604 quibus
2726 534 2856 588 dicit
2889 544 2946 588 ut
2971 550 3076 588 non
3102 550 3221 604 quae
3248 534 3495 590 volumus
3517 575 3533 601 ,
3578 534 3662 589 fa-

2104 625 2335 681 ciamus?
2359 626 2573 679 Certum
2601 639 2702 690 est,
2730 626 2902 690 aiunt,
2935 626 3000 681 de
3028 627 3215 694 spiritu
3244 625 3355 698 (9'7)
3380 642 3484 682 non
3508 627 3615 681 dici
3646 646 3661 683 :

2103 715 2220 767 Non
2259 716 2401 770 enim
2435 716 2683 770 voluntas
2715 715 2938 783 spiritus
2964 716 3302 785 prohibetur.
3336 715 3442 772 Sed
3482 733 3661 786 neque

2103 804 2169 859 de
2200 819 2387 869 carne,
2410 805 2536 874 quia
2561 804 2605 858 si
2638 820 2740 857 non
2765 805 2927 860 habet
2956 807 3192 860 animam
3219 807 3517 876 propriam,
3544 811 3663 864 sine

2104 895 2267 949 dubio
2306 911 2402 950 nec
2433 896 2763 949 voluntatem
2792 896 3028 951 habebit.
3067 898 3325 966 Superest
3352 912 3481 967 ergo
3508 910 3567 952 ut
3596 900 3664 954 de

2103 985 2260 1054 hujus
2290 985 2484 1040 animm
2533 985 2807 1039 voluntate
2836 984 3070 1051 dicatur,
3099 1002 3217 1055 qua:
3252 988 3450 1043 habere
3490 997 3667 1057 potest

2102 1078 2373 1147 propriam
2406 1076 2736 1131 voluntatem
2771 1076 2904 1146 (98),
2937 1092 3056 1145 quae
3107 1079 3296 1147 utique
3345 1080 3664 1133 adversatur

2101 1168 2367 1225 voluntati
2399 1169 2644 1238 spiritus.
2677 1168 2743 1222 Et
2777 1169 2820 1222 si
2855 1168 2928 1221 ita
2962 1177 3062 1233 est,
3093 1178 3303 1223 constat
3332 1172 3476 1239 quod
3504 1168 3662 1239 hujus

2103 1261 2297 1314 animae
2326 1260 2573 1314 voluntas
2598 1259 2839 1328 quasdam
2870 1260 3041 1315 media
3080 1270 3162 1314 est
3186 1261 3328 1313 inter
3357 1276 3577 1315 carnem
3607 1271 3662 1315 et

2105 1351 2374 1419 spiritum,
2404 1352 2495 1405 uni
2524 1352 2639 1405 sine
2674 1351 2836 1405 dubio
2866 1367 2896 1405 e
2936 1352 3144 1406 duobus
3173 1351 3414 1405 serviens
3466 1359 3522 1405 et
3561 1354 3660 1405 oh-

2104 1454 2435 1510 temperans,
2463 1442 2766 1508 cuicunque
2798 1441 3174 1509 obtemperare
3206 1439 3482 1509 delegerit.
3531 1443 3660 1509 Qua:

2104 1548 2226 1584 cum
2259 1547 2317 1586 sc
2349 1531 2795 1586 delectationibus
2823 1531 3004 1586 carnis
3036 1530 3371 1595 subdiderit,
3415 1532 3663 1587 carnales

2104 1624 2350 1677 homines
2382 1623 2546 1687 facit;
2596 1638 2717 1677 cum
2764 1637 2892 1677 vero
2935 1637 2993 1676 se
3048 1622 3258 1691 spiritui
3302 1621 3561 1690 junxerit,
3607 1623 3661 1677 in

440 1727 559 1779 quae
588 1711 783 1766 clamet
813 1728 915 1767 non
953 1714 1300 1767 esuriendum
1325 1750 1341 1778 ,
1374 1728 1481 1767 non
1515 1713 1804 1769 sitiendum
1828 1755 1843 1779 ,
1892 1728 1998 1767 non
2031 1708 2073 1762 Β
2104 1714 2292 1782 spiritu
2322 1728 2439 1767 esse
2466 1713 2712 1768 homines
2744 1712 2895 1778 facit,
2926 1723 2981 1768 et
3012 1722 3228 1782 propter
3261 1712 3363 1767 hoc
3394 1714 3664 1783 spiritales

441 1804 748 1874 algendum,
785 1820 961 1873 neque
996 1806 1131 1860 velle
1158 1820 1380 1875 prorsus
1414 1806 1466 1858 in
1496 1803 1674 1873 aliquo
1699 1805 1998 1859 molestiam

439 1896 553 1966 pati
582 1896 695 1951 sive
716 1912 780 1951 ex
812 1898 1167 1963 abundantia,
1194 1900 1310 1954 sive
1353 1916 1418 1955 ex
1458 1898 1721 1969 penuria;
1772 1898 1888 1953 haec
1922 1898 1999 1952 illi

442 1987 709 2042 resolvere
738 1997 898 2057 atque
926 1989 1241 2059 impugnare
1265 1990 1627 2055 conabuntur,
1648 1990 1999 2045 ostendentes

441 2076 863 2145 quamplurimas
892 2079 1022 2133 alias
1047 2095 1168 2134 esse
1200 2084 1476 2150 passiones
1501 2080 1612 2153 (92)
1643 2080 1834 2135 anima:
1879 2095 2000 2150 qua:

440 2165 494 2219 in
522 2167 669 2221 nullo
695 2183 963 2237 prorsusa
982 2186 1148 2227 carne
1170 2172 1431 2242 originem
1464 2173 1701 2241 trahant,
1732 2181 1786 2227 et
1818 2182 1995 2227 tamen

439 2258 524 2311 his
551 2258 774 2327 spiritus
805 2260 1137 2328 adversetur,
1163 2263 1303 2318 sicut
1324 2274 1415 2327 est
1449 2262 1695 2329 ambitio,
1739 2262 1994 2325 avaritia,

438 2350 727 2414 aetnulatio,
773 2351 991 2417 invidia,
1022 2355 1274 2422 superbia
1301 2397 1318 2423 ,
1356 2363 1412 2409 et
1442 2354 1528 2409 his
1569 2355 1763 2409 similia
1814 2373 1827 2408 :
1873 2372 1993 2410 cum

436 2440 636 2508 quibus
665 2457 897 2509 pugnam
926 2444 1214 2511 quamdam
1241 2459 1360 2499 esse
1398 2446 1649 2500 humana:
1676 2446 1864 2511 menti,
1914 2447 1995 2500 vel

440 2523 655 2591 spiritui
688 2524 950 2591 videntes,
981 2528 1103 2583 ideo
1131 2544 1347 2583 causam
1379 2532 1620 2585 omnium
1651 2534 1843 2586 horum
1875 2549 1994 2587 ma-

445 2612 618 2666 lorum
647 2629 754 2668 non
787 2628 990 2684 ponunt
1024 2618 1165 2673 aliud
1204 2620 1332 2687 quid
1363 2621 1465 2675 nisi
1496 2623 1639 2675 hanc
1672 2622 1738 2675 de
1770 2639 1874 2689 qua
1907 2638 1995 2677 su-

439 2704 626 2772 perius
654 2706 906 2773 diximus,
931 2708 1077 2762 velut
1103 2710 1434 2778 corporalem
1460 2712 1694 2766 animam
1720 2713 1832 2785 (95)
1856 2725 1907 2769 et
1928 2729 1995 2768 ex

437 2795 663 2852 seminis
698 2800 917 2852 traduce
968 2811 1304 2867 generatam.
1348 2803 1620 2857 Adhibere
1669 2821 1878 2874 quoque
1928 2806 1993 2859 ad

436 2887 790 2941 assertionem
846 2887 954 2958 (94)
995 2878 1186 2943 horum
1234 2893 1396 2945 etiam
1444 2894 1575 2947 illud
1630 2895 1991 2949 testimonium

336 3008 352 3023 .
437 2976 678 3043 Apostoli
717 2979 911 3041 solent,
950 2982 1091 3049 quod
1120 2981 1237 3035 ait:
1274 3002 1292 3033 ι
1331 2983 1613 3039 Manifesta
1645 2995 1821 3038 autem
1864 2995 1991 3039 sunt

2107 1802 2393 1858 nominari.
2423 1802 2573 1868 Quod
2623 1802 2903 1870 designare
2932 1800 3043 1872 (99)
3085 1801 3378 1870 Apostolus
3418 1802 3657 1868 videtur,

2106 1909 2225 1948 cum
2260 1894 2391 1948 dicit
2426 1911 2440 1947 :
2478 1912 2497 1945 ‹
2537 1892 2641 1948 Vos
2666 1904 2843 1949 autem
2871 1894 2924 1947 in
2952 1908 3115 1947 carne
3142 1908 3244 1947 non
3278 1894 3434 1959 estis,
3465 1893 3560 1948 sed
3606 1894 3658 1948 in

2105 1984 2295 2051 spiritu
2328 1984 2395 2039 ³⁸.
2433 2002 2451 2035 ›
2480 1984 2886 2054 Requirendum
2914 1998 3046 2053 ergo
3069 1992 3153 2038 est
3181 1999 3300 2052 qua:
3340 1986 3410 2038 sit
3438 1985 3662 2039 omnino

2102 2073 2219 2127 haec
2245 2073 2356 2140 ipsa
2382 2071 2633 2127 voluntas
2662 2073 2805 2127 inter
2828 2086 3042 2127 carnem
3074 2082 3129 2127 et
3156 2073 3423 2141 spiritum,
3469 2082 3663 2143 praeter

2104 2176 2223 2217 eam
2252 2162 2580 2217 voluntatem
2615 2178 2735 2231 qua:
2758 2163 2941 2218 carnis
2993 2179 3114 2219 esse
3149 2164 3231 2219 vel
3267 2166 3485 2234 spiritus
3528 2166 3662 2219 dici-

2106 2261 2212 2305 tur.
2242 2251 2347 2305 Pro
2373 2263 2523 2307 certo
2566 2268 2797 2321 namque
2830 2254 3059 2308 habetur
3088 2255 3231 2324 quod
3275 2256 3455 2309 omnia
3509 2271 3660 2325 qua:-

2102 2358 2315 2412 cunque
2340 2343 2563 2412 spiritus
2590 2357 2710 2398 esse
2739 2343 3010 2409 dicuntur,
3044 2345 3292 2400 voluntas
3318 2347 3386 2401 sit
3413 2346 3654 2417 spiritus;

2100 2444 2155 2490 et
2181 2449 2513 2503 quazeunque
2538 2449 2700 2503 opera
2732 2436 2913 2490 carnis
2948 2434 3072 2491 esse"
3092 2435 3375 2501 dicuntur,
3406 2437 3658 2492 voluntas

2099 2526 2170 2580 sit
2193 2526 2391 2582 carnis.
2423 2525 2551 2591 Qua:
2575 2540 2703 2594 ergo
2748 2526 2848 2579 ista
2884 2536 2965 2581 est
3013 2536 3210 2595 praeter
3240 2527 3355 2580 haec
3406 2526 3659 2581 voluntas

2102 2617 2295 2670 animae
2322 2632 2440 2684 qua:
2464 2616 2801 2671 extrinsecus
2845 2618 3176 2683 nominatur,
3210 2635 3371 2688 quam
3411 2619 3660 2675 volunta-

2104 2717 2203 2760 tem
2233 2707 2420 2761 nolens
2454 2724 2550 2763 nos
2576 2709 2754 2763 facere
2794 2709 2946 2780 147
2984 2710 3275 2779 Apostolus
3308 2710 3437 2765 dicit
3481 2732 3492 2766 :
3526 2729 3545 2762 ι
3586 2711 3658 2767 L't

2100 2813 2204 2850 non
2231 2812 2562 2867 quaecunque
2593 2800 2752 2853 vultis
2782 2800 2869 2852 illa
2896 2800 3108 2853 faciatis
3140 2801 3204 2853 ³⁷.
3238 2819 3256 2851 ι
3311 2800 3366 2853 ln
3408 2816 3515 2870 quo
3557 2802 3659 2856 hoc

2098 2890 2310 2943 videtur
2342 2890 2629 2959 designari,
2660 2890 2798 2959 quod
2842 2900 3031 2944 neutro
3057 2906 3122 2945 ex
3152 2891 3236 2945 his
3253 2890 3476 2958 duobus,
3497 2890 3548 2945 id
3574 2902 3657 2948 est

2098 2996 2270 3045 neque
2299 2981 2472 3044 carni,
2509 2997 2679 3048 neque
2708 2981 2917 3050 spiritui
2971 2980 3165 3036 debeat
3211 2983 3499 3038 adhazrere.
3546 2981 3652 3037 Sed

437 3084 595 3139 opera
627 3073 829 3138 carnis,
861 3089 982 3142 quae
1007 3085 1131 3129 sunt
1158 3074 1465 3145 fornicatio,
1500 3078 1862 3141 immunditia,
1894 3082 1993 3133 im-
2020 3059 2061 3114 θ
2096 3072 2237 3125 dicet
2266 3074 2386 3140 quis
2409 3073 2532 3141 quia
2569 3074 2707 3127 sicut
2752 3074 2938 3126 melius
2967 3073 3185 3141 quidem
3215 3083 3297 3128 est
3329 3074 3520 3128 animae
3550 3072 3652 3146 (l),

439 3162 731 3230 pudicitiae,
759 3165 1084 3231 idololatria,
1104 3169 1358 3222 veneficia
1376 3169 1508 3240 (95),
1529 3170 1837 3234 inimicitiae,
1865 3188 1992 3226 con-

445 3254 727 3320 tentiones,
771 3257 1140 3312 azmulationes
1168 3299 1183 3324 ,
1222 3259 1339 3325 iraa,
1386 3262 1555 3328 rixae,
1602 3261 1988 3331 dissensiones,

440 3340 701 3408 haereses,
735 3357 918 3411 sectae,
951 3348 1187 3414 invidize,
1219 3350 1989 3416 ebrietates,comessationes,

437 3444 492 3487 et
524 3435 606 3490 his
636 3436 830 3491 similia
863 3438 943 3506 ³³;
972 3459 991 3493 ι
1037 3440 1281 3496 dicentes
1306 3457 1410 3496 non
1444 3443 1556 3497 haec
1579 3444 1757 3497 omnia
1794 3444 1858 3497 de
1892 3459 1991 3498 usu

437 3522 521 3573 vel
549 3521 898 3580 delectatione
932 3528 1115 3582 carnis
1144 3530 1404 3600 originem
1438 3531 1675 3596 trahere,
1707 3531 1779 3584 ita
1804 3540 1861 3584 ut
1890 3548 1991 3600 pu-

440 3620 621 3665 tentur
652 3613 767 3683 ejus
799 3616 1110 3674 substantiae
1138 3637 1257 3689 qua:
1290 3621 1523 3675 animam
1555 3637 1660 3674 non
1695 3621 1880 3686 habet,
1930 3623 1982 3676 id

437 3716 520 3760 est
547 3712 748 3774 carnis,
781 3711 833 3764 hi
870 3728 1059 3769 omnes
1098 3725 1273 3771 motus
1306 3717 1587 3770 exsistere.
1636 3716 1740 3771 Sed
1783 3724 1836 3770 et
1864 3716 1990 3771 illud

435 3800 578 3869 quod
607 3802 678 3855 ait
707 3819 722 3856 :
761 3822 779 3855 ι
821 3805 1029 3873 Videte,
1064 3807 1261 3865 fratres
1284 3850 1298 3873 ,
1351 3810 1686 3864 vocationem
1730 3818 1986 3873 vestram,

436 3892 689 3958 quoniam
722 3909 824 3948 non
869 3898 1022 3951 multi
1068 3900 1208 3953 inter
1250 3916 1345 3955 vos
1375 3901 1648 3968 sapientes
1695 3901 1986 3953 secundum

438 3998 653 4038 carnem
681 3985 753 4053 3‘;
792 4004 810 4037 ι
842 3992 907 4042 ad
933 3989 1036 4045 hoc
1073 3992 1340 4047 videbitur
1364 3992 1755 4059 inclinandum,
1787 4000 1988 4060 utpro—

436 4074 551 4143 pria
582 4078 825 4144 quaedam
849 4080 1096 4134 videatur
1126 4082 1237 4153 (96)
1266 4097 1386 4137 esse
1423 4082 1665 4137 carnalis
1706 4098 1770 4135 ac
1815 4092 1987 4136 mate-

438 4160 587 4216 rialis
612 4164 907 4230 sapientia,
948 4168 1051 4221 alia
1090 4184 1219 4223 vero
1259 4171 1330 4223 sit
1378 4171 1641 4239 sapientia
1690 4174 1985 4225 secundum

437 4254 707 4322 spiritum,
738 4273 855 4327 quae
886 4261 1071 4328 utique
1100 4277 1203 4314 non
1228 4270 1401 4331 potest
1426 4262 1530 4315 dici
1566 4263 1850 4332 sapientia,
1882 4263 1986 4317 nisi

436 4344 507 4397 sit
537 4345 714 4400 anima
751 4350 949 4416 carnis,
978 4366 1095 4419 quae
1134 4353 1310 4421 sapiat
1352 4354 1453 4408 hoc
1487 4356 1630 4424 quod
1664 4353 1844 4408 carnis
1900 4368 1987 4408 sa-

434 4435 635 4505 pientia
666 4441 993 4495 nominatur.
1022 4444 1099 4497 Ad
1131 4445 1243 4498 haac
1276 4443 1428 4499 aiunt
1458 4447 1621 4499 etiam
1647 4444 1777 4499 illud
1814 4461 1828 4497 :
1867 4461 1885 4496 ι
1927 4444 1983 4499 Si

2094 3164 2136 3219 si
2173 3165 2448 3233 propriam
2476 3163 2641 3219 faciat
2665 3164 3022 3229 voluntatem,
3051 3179 3211 3235 quam
3246 3174 3304 3218 ut
3325 3164 3654 3220 voluntatem

2096 3256 2256 3309 faciat
2289 3257 2492 3321 carnis;
2522 3257 2601 3311 sic
2632 3256 2823 3311 iterum
2857 3256 3052 3311 melius
3081 3266 3167 3311 est
3195 3256 3374 3312 facere
3399 3258 3654 3313 volunta-

2096 3358 2198 3401 tem
2258 3347 2479 3415 spiritus
2530 3349 2699 3412 magis
2750 3363 2911 3417 quam
2969 3348 3242 3418 propriam
3294 3348 3649 3405 voluntatem.

2092 3440 2369 3508 Quomodo
2390 3454 2520 3507 ergo
2548 3438 2834 3507 Apostolus
2859 3438 2973 3501 ait,
3006 3457 3023 3489 ι
3058 3448 3116 3491 ut
3151 3454 3254 3492 non
3290 3454 3407 3507 quae
3452 3439 3644 3505 vultis,

2093 3532 2181 3585 illa
2220 3531 2471 3585 faciatis?
2511 3549 2530 3581 ι
2580 3530 2842 3595 Quoniam
2902 3529 2957 3582 in
3010 3544 3074 3582 ea
3117 3544 3292 3599 pugna
3344 3545 3462 3598 quae
3509 3530 3651 3584 inter

2090 3637 2308 3676 carnem
2342 3632 2395 3675 et
2433 3621 2681 3690 spiritum
2726 3619 2953 3689 geritur,
3000 3635 3105 3673 non
3156 3619 3376 3674 omnino
3425 3620 3650 3687 spiritum

2091 3720 2237 3764 certa
2268 3710 2492 3764 victoria
2528 3719 2629 3763 est.
2661 3708 3004 3763 Manifestum
3035 3717 3118 3762 est
3151 3709 3294 3763 enim
3321 3708 3568 3764 obtinere
3594 3710 3647 3763 in

2090 3799 2505 3871 quamplurimis
2530 3813 2746 3852 carnem
2782 3798 2876 3867 (2).

2160 3891 2214 3944 ’5.
2260 3888 2450 3943 Verum
2500 3888 2754 3956 quoniam
2805 3887 2857 3940 in
2889 3885 3303 3955 disputationem
3354 3886 3646 3942 incidimus

2088 3981 2429 4050 profundam,
2470 3979 2522 4033 in
2573 3993 2675 4048 qua
2709 3993 2927 4033 necesse
2952 3988 3035 4033 est
3064 3993 3131 4033 ex
3168 3978 3392 4049 singulis
3423 3979 3644 4048 quibus-

2088 4088 2192 4141 que
2240 4070 2482 4142 partibus
2537 4084 2654 4139 qua:
2689 4079 2912 4138 possunt
2955 4070 3181 4136 moveri,
3228 4070 3494 4125 discutere
3524 4068 3638 4139 (3);

2086 4167 2368 4219 videamus
2399 4178 2465 4217 ne
2512 4161 2653 4215 forte
2684 4162 2736 4213 in
2773 4163 2876 4215 hoc
2910 4161 3029 4215 loco
3062 4160 3164 4214 tale
3193 4160 3392 4230 aliquid
3424 4160 3641 4213 tractari

2086 4262 2284 4325 potest,
2318 4253 2441 4321 quia
2469 4251 2608 4305 sicut
2637 4250 2827 4303 melius
2861 4259 2942 4304 est
2967 4250 3159 4303 anima:
3189 4251 3338 4318 sequi
3370 4248 3637 4317 spiritum,

2090 4356 2214 4399 tunc
2271 4357 2391 4397 cum
2427 4340 2648 4407 spiritus
2693 4354 2909 4393 carnem
2936 4338 3148 4402 vicerit,
3182 4337 3254 4391 ita
3288 4338 3450 4391 etiam
3491 4337 3533 4390 si
3565 4334 3639 4407 (l)

2089 4436 2305 4492 videtur
2330 4431 2380 4485 ei
2414 4444 2532 4484 esse
2557 4428 2793 4484 deterius
2824 4429 2978 4497 sequi
3005 4443 3223 4484 carnem
3252 4435 3639 4499 repugnantem

501 4617 545 4651 ³³
576 4608 730 4673 Rem.
770 4628 867 4681 vn,
889 4615 977 4671 25.
996 4617 1041 4648 ³³
1080 4618 1197 4673 Gal.
1228 4621 1604 4687 v,19,20,2l.
1680 4619 1765 4673 a"I
1792 4619 1915 4675 Cor.
1936 4637 1976 4686 ι,
2006 4619 2095 4673 26.
2171 4616 2216 4647 ³⁵
2244 4613 2417 4670 Galat.
2446 4628 2501 4674 v,
2533 4612 2619 4667 i7.
2694 4610 2904 4667 "Rom.
2925 4627 3040 4677 vm,
3065 4612 3119 4667 9.
3193 4612 3236 4643 ³⁷
3258 4610 3431 4667 Galat.
3463 4627 3511 4676 v,
3546 4614 3633 4671 17.

503 4711 615 4780 (91)
650 4712 742 4766 Sic
774 4727 900 4766 mss.
929 4712 1096 4775 Alias,
1128 4732 1146 4763 ‹
1175 4729 1384 4768 sensus.
1417 4734 1434 4765 ι

504 4776 616 4851 (92)
651 4782 741 4835 Sic
776 4798 904 4835 mss.
948 4782 1113 4842 Alias,
1162 4802 1181 4834 ι
1229 4786 1326 4837 hoc
1360 4785 1464 4837 illis
1498 4784 1765 4837 resolvere
1817 4793 1977 4850 atque

435 4848 749 4929 impugnare
790 4852 1108 4906 conabimur
1137 4854 1483 4908 ostendentes
1526 4856 1662 4907 alias
1695 4866 1811 4907 esse
1854 4848 1979 4921 pas-

431 4932 629 4974 smnes.
664 4941 685 4972 ι

504 4989 613 5061 (95)
645 4991 909 5043 Animam.
944 4990 1102 5046 Deest
1139 4992 1189 5044 in
1217 4993 1348 5047 libb.
1380 5002 1534 5046 antea
1557 4994 1741 5057 editis,
1769 4992 1861 5048 sed
1888 4993 1982 5061 ha-

433 5059 601 5114 betur
615 5061 670 5113 in
702 5075 830 5114 mss.
1886 5060 1893 5067 '

505 5130 616 5195 (94)
648 5130 719 5181 lta
750 5145 878 5183 mss.
917 5131 1084 5194 Alias,
1125 5150 1141 5181 ι
1176 5146 1502 5185 sermonem.
1542 5152 1559 5183 ›

505 5197 618 5267 (95)
660 5197 942 5267 Veneficio.
967 5202 1110 5255 Alias
1136 5205 1338 5266 deerat,
1365 5204 1457 5255 sed
1488 5203 1710 5256 habetur
1741 5202 1795 5255 in
1846 5216 1975 5255 mss.

504 5270 616 5337 (96)
652 5270 744 5323 Sic
766 5284 895 5323 mss.
927 5270 1092 5337 Alias,
1125 5289 1143 5321 ι
1186 5273 1478 5325 videretur.
1517 5291 1536 5323 ι

504 5342 615 5413 (97)
644 5341 795 5395 Libb.
832 5340 993 5403 editi,
1043 5357 1062 5390 ι
1100 5344 1166 5395 de
1210 5340 1413 5409 Spiritu
1456 5353 1664 5396 sancto.
1707 5359 1726 5392 ι
1775 5341 1879 5397 Sed
1926 5342 1979 5395 in

435 5427 564 5465 mss.
595 5413 763 5470 deest,
801 5429 819 5461 ι
857 5420 1060 5465 sancto.
1094 5430 1112 5463 ›

506 5480 615 5547 (98)
642 5479 771 5545 Qua:
799 5481 985 5533 habere
1009 5490 1169 5547 potest
1201 5483 1459 5549 propriam
1492 5481 1825 5536 voluntatem.
1852 5479 1979 5535 Haec

434 5550 486 5622 in
518 5562 670 5603 antea
700 5551 1227 5622 editisomissasunt,
1251 5552 1375 5606 licet
1400 5553 1740 5622 reperiantur,
1764 5552 1817 5604 in
1844 5566 1974 5622 mss.

435 5620 635 5673 Ibidem
667 5635 818 5682 mss.,
861 5639 878 5670 ι
916 5630 970 5673 et
994 5620 1037 5673 si
1070 5621 1140 5675 ita
1171 5630 1271 5686 est,
1308 5620 1538 5677 constat.
1577 5641 1595 5674 ι
1630 5620 1786 5675 Libh.
1818 5620 1971 5686 editi,

439 5706 461 5739 ι
493 5700 544 5742 et
577 5706 619 5743 Si
644 5689 727 5743 illa
760 5701 857 5751 est,
895 5700 1123 5743 constat.
1161 5710 1180 5741 ι

2151 4708 2263 4778 (99)
2310 4707 2402 4761 Sic
2440 4722 2567 4760 mss.
2608 4703 2775 4769 Alias,
2825 4725 2844 4758 ι
2900 4706 3028 4774 quid
3075 4719 3202 4775 ergo
3233 4705 3551 4774 designare,
3605 4723 3627 4758 ι

2080 4789 2184 4834 εις.
2430 4808 2434 4813 λ

2153 4848 2227 4919 (l)
2256 4846 2477 4900 Animae.
2515 4845 2675 4901 Deest
2722 4846 2774 4899 in
2802 4854 2955 4898 antea
2978 4846 3158 4907 editis,
3190 4843 3284 4898 sed
3312 4844 3541 4900 habetur
3569 4846 3624 4899 in
3659 4836 3681 4853 ’

2083 4934 2215 4974 11158.

2157 4987 2235 5058 (2)
2263 4985 2353 5040 Sic
2381 5001 2513 5041 mss.
2535 4986 2704 5058 Alias,
2762 4983 3185 5058 ¢_quom0tlo_ea_
3228 4998 3423 5058 pugna.
3454 5002 3472 5036 ι
3527 4983 3632 5040 lbi-

2081 5052 2225 5112 dem'
2257 5072 2410 5121 mss.,
2467 5057 2746 5109 «obtinere
2781 5052 2836 5108 in
2886 5052 3295 5122 quamplurimis
3340 5068 3577 5108 carnem.
3604 5074 3624 5106 ι

2079 5128 2252 5188 Alias,
2285 5145 2303 5177 ‹
2327 5126 2548 5180 obedire
2573 5128 2626 5177 in
2657 5123 3064 5192 quamplurimis
3089 5138 3326 5177 carnem.
3351 5141 3371 5173 ι

2152 5196 2227 5268 (ὅ)
2260 5196 2334 5249 lta
2389 5195 2718 5268 mss._AAlias_,_
2768 5214 2785 5244 ι
2808 5195 2859 5246 in
2895 5208 3053 5262 quam
3085 5208 3325 5268 _necesse
3367 5205 3450 5246 est
3479 5192 3631 5247 colli-

2082 5263 2218 5337 gere
2238 5282 2304 5320 ex
2334 5264 2579 5337 rsingnlis
2613 5265 2910 5333 quibusque
2957 5263 3202 5332 partibus
3250 5276 3368 5330 quae
3395 5268 3634 5330 [possunt

2082 5336 2259 5391 mores
2294 5336 2583 5390 discutere.
2614 5352 2634 5385 ι

2152 5406 2229 5477 (4)
2258 5404 2337 5459 Si.
2383 5406 2541 5458 Deest
2576 5405 2630 5477 i_n
2670 5403 2851 5477 editis,
2882 5409 2937 5454 at
2964 5402 3239 5477 reperitur
3264 5399 3316 5477 in
3341 5410 3470 5477 mss.
3492 5396 3632 5477 P_au-

2080 5478 2134 5532 ιο
2160 5466 2292 5544 ‘post
2320 5489 2450 5528 mss.
2487 5492 2500 5527 :
2534 5492 2551 5523 ι
2576 5473 2777 5527 Tamen
2808 5472 2949 5526 forte
2980 5466 3164 5544 utilius
3195 5469 3441 5544 videatur
3486 5466 3629 5519 obti-

2080 5538 2195 5601 neri
2226 5546 2477 5615 animam
2503 5560 2537 5615 _a
2577 5558 2760 5605 carne,
2792 5558 2952 5615 quam
3006 5540 3242 5615 residere
3361 5538 3474 5615 suis
3508 5549 3632 5615 pro.

2080 5617 2233 5685 priis,
2259 5634 2277 5666 ι
2310 5624 2412 5666 etc.
2455 5613 2629 5685 Alias,_
2658 5631 2675 5662 ι
2696 5603 2822 5665 ωιιὶ
2848 5611 2994 5685 forte
3020 5609 3205 5685 utilius
3231 5603 3479 5685 videatur
3509 5604 3635 5657 obe-

2083 5678 2195 5741 dire
2219 5678 2452 5737 animam
2481 5682 2632 5734 carni
2666 5694 2825 5748 quam
2859 5678 3091 5732 residere
3125 5678 3177 5730 in
3218 5684 3521 5745 propriis.»
