4014 6142
345 276 452 333 525

1568 261 1888 320 ORIGENIS
1927 261 2085 315 ΠΕΡΙ
2125 259 2353 312 ΑΡΧΩΝ

3484 252 3589 306 52-5

347 394 607 447 adversus
635 388 908 460 spiritum,
957 395 1013 442 et
1063 386 1128 440 ad
1165 399 1222 438 se
1253 397 1512 437 revocare
1547 383 1781 436 animam
1815 397 1906 434 vo-
1941 382 1990 438 Α
2018 376 2141 446 quia
2197 375 2403 427 varium
2451 388 2514 426 ac
2551 373 2650 427 sibi
2691 371 2788 440 ipsi
2834 383 3140 439 repugnans
3190 366 3452 434 judicium
3493 367 3588 420 ba-

349 485 574 548 lentem,
627 491 806 536 tamen
839 479 977 533 forte
1028 475 1210 530 utilius
1252 475 1500 528 videatur
1532 473 1766 527 obtineri
1795 473 1914 526 ani-

349 589 496 628 mam
544 589 574 626 a
611 587 797 636 carne,
849 583 1008 640 quam
1051 568 1291 622 residere
1337 566 1390 619 in
1421 567 1534 621 suis
1561 565 1790 634 propriis
1821 580 1915 615 vo-

353 667 673 722 luntatibus.
735 665 978 732 Namque
1031 662 1287 731 quoniam
1343 676 1442 714 nec
1487 661 1657 715 calida
1713 660 1912 714 dicitur

350 775 491 825 esse,
526 773 626 813 nec
655 756 872 824 frigida,
900 753 993 808 sed
1025 753 1078 807 in
1103 753 1281 807 medio
1309 753 1542 821 quodam
1578 760 1763 818 tepore
1788 765 1914 819 per-

351 855 574 917 durans,
615 849 821 903 tardam
845 857 900 902 et
925 847 1055 901 satis
1085 845 1352 899 dillicilem
1383 845 1787 898 conversionem
1818 859 1914 912 po-

352 950 477 1003 terit
506 945 773 1002 invenire.
839 942 896 998 Si
927 957 1057 999 vero
1089 943 1240 997 carni
1271 941 1544 995 adharreat
1580 939 1681 1011 (5),
1731 953 1794 992 ex
1829 936 1915 990 his

349 1037 477 1104 ipsis
512 1034 780 1088 interdum
821 1033 980 1088 malis
1013 1047 1132 1102 qua:
1161 1047 1228 1086 ex
1260 1031 1442 1086 carnis
1491 1032 1634 1085 vitiis
1685 1030 1911 1100 patitur,

346 1129 534 1182 satiata
567 1125 856 1194 aliquando
886 1133 941 1178 et
969 1123 1196 1194 repleta,
1230 1123 1376 1176 velut
1414 1123 1753 1193 gravissimis
1780 1135 1912 1175 one-

347 1221 495 1275 ribus
524 1218 751 1272 luxurire
779 1233 846 1272 ac
880 1216 1121 1271 libidinis
1153 1215 1403 1284 fatigata,
1445 1213 1661 1268 facilius
1687 1223 1742 1268 et
1770 1213 1916 1266 velo-

345 1313 462 1366 cius
493 1311 736 1366 converti
765 1324 793 1363 a
827 1308 1199 1363 materialibus
1230 1307 1481 1362 sordibus
1511 1307 1575 1360 ad
1609 1306 1908 1361 caelestium

345 1403 673 1459 desiderium
719 1410 775 1456 et
825 1399 1160 1467 spiritualem
1195 1399 1421 1469 gratiam
1455 1407 1649 1467 potest.
1711 1398 1780 1451 Et
1810 1397 1912 1450 hoc

346 1493 718 1550 arbitrandum
747 1501 830 1546 est
849 1489 1052 1546 dixisse
1077 1489 1413 1560 Apostolnm,
1445 1488 1645 1542 idcirco
1672 1503 1913 1558 pugnare

345 1585 592 1654 spiritum
621 1584 880 1638 adversus
913 1594 1153 1645 carnem,
1187 1590 1239 1632 et
1273 1595 1490 1634 carnem
1520 1581 1780 1634 adversus
1812 1579 1915 1646 spi-

347 1679 530 1741 ritum,
583 1685 642 1729 ut
674 1691 780 1729 non
815 1688 1148 1744 quaecunque
1183 1673 1455 1737 volumus,
1499 1673 1585 1727 illa
1629 1673 1909 1736 faciamus,

2017 469 2284 522 beanteta
2308 465 2593 532 semetipso
2613 461 2949 526 discordans,
2976 475 3097 513 cum
3120 460 3284 514 etiam
3323 459 3377 511 in
3406 457 3585 513 omni-

2016 558 2116 612 bus
2145 555 2449 612 hominibus
2480 556 2552 608 ita
2577 553 2905 615 inveniatur,
2949 552 2990 605 si
3013 551 3228 620 quando
3261 549 3586 605 deliberatio

2016 649 2236 702 incertae
2267 648 2344 702 rei
2383 647 2449 702 ad
2489 647 2772 703 consilium
2804 645 3039 708 venerit,
3062 644 3480 713 etprospicitur,
3499 645 3584 697 vel

2017 740 2314 796 consulitur
2353 740 2484 810 quid
2535 738 2735 793 rectius
2785 740 2867 791 vel
2912 737 3104 790 utilius
3131 737 3387 803 eligatur.
3439 735 3584 791 Nihil

2015 847 2144 901 ergo
2171 832 2364 886 mirum
2384 831 2427 885 si
2447 831 2562 886 duae
2585 828 3082 884 verisimilitudines
3107 829 3208 882 sibi
3246 829 3474 883 invicem
3489 844 3585 884 oc-

2015 934 2292 979 currentes
2313 931 2367 976 et
2383 923 2657 977 contraria
2677 931 3046 992 suggerentes,
3063 921 3116 975 in
3139 921 3380 974 diversas
3401 930 3585 990 partes

2015 1015 2252 1070 animum
2274 1017 2507 1086 rapiunt.
2537 1013 2699 1068 Verbi
2721 1029 2908 1077 causa,
2930 1014 2974 1067 si
2999 1014 3254 1083 cogitatio
3271 1015 3458 1068 invitet
3482 1015 3583 1069 ali-

2014 1121 2172 1176 quem
2205 1108 2272 1162 ad
2304 1108 2466 1161 fidem
2495 1115 2548 1161 et
2579 1107 2824 1161 timorem
2859 1105 2976 1169 Dei,
3007 1117 3132 1161 tunc
3161 1122 3266 1160 non
3296 1115 3470 1176 potest
3502 1108 3584 1161 di-

2017 1199 2066 1253 ci
2115 1200 2240 1268 quia
2279 1214 2410 1254 caro
2442 1201 2730 1254 adversum
2763 1197 3009 1264 spiritum
3042 1208 3276 1269 pugnet;
3310 1200 3402 1253 sed
3455 1201 3580 1252 dmn

2015 1291 2276 1345 incertum
2317 1301 2401 1347 est
2448 1293 2593 1362 quod
2641 1307 2828 1347 verum
2877 1301 2933 1344 et
2964 1291 3094 1344 utile
3143 1302 3246 1354 est,
3284 1291 3498 1345 animus
3527 1291 3578 1342 in

2013 1384 2224 1438 diversa
2258 1385 2484 1452 rapitur.
2537 1385 2612 1439 ita
2643 1396 2696 1440 et
2727 1400 2849 1440 cum
2881 1392 3101 1454 putatur
3126 1397 3252 1436 caro
3283 1383 3348 1435 ad
3383 1381 3570 1436 libidi-

2013 1492 2134 1532 nem
2183 1491 2500 1546 provocare,
2539 1477 2822 1532 consilium
2856 1490 2983 1529 vero
3015 1474 3208 1528 melius
3238 1473 3578 1543 hujuscemo-

2015 1571 2066 1623 di
2118 1571 2482 1624 incitamentis
2539 1567 2762 1634 resistit,
2821 1583 2925 1622 non
2975 1569 3264 1637 putandum
3305 1576 3387 1622 est
3415 1569 3577 1622 vitam

2016 1677 2136 1716 esse
2181 1661 2415 1731 aliquam
2466 1661 2628 1714 aliam
2679 1676 2800 1730 qua:
2849 1660 3108 1716 adversus
3160 1660 3322 1714 aliam
3359 1662 3577 1715 resistat

346 1770 468 1824 sine
498 1767 660 1824 dubio
687 1783 750 1822 ea
777 1783 898 1836 quae
927 1776 1078 1821 extra
1113 1765 1444 1820 voluntatem
1483 1766 1705 1835 spiritus
1730 1775 1784 1819 et
1815 1780 1909 1818 ex-

2013 1755 2112 1825 (8),
2149 1755 2240 1809 sed
2277 1763 2521 1808 naturam
2549 1756 2795 1823 corporis
2820 1769 2939 1823 qua:
2970 1754 3174 1824 repleta
3206 1753 3362 1807 sativi
3397 1754 3579 1807 humo-

351 1871 432 1914 tra
483 1861 809 1914 voluntatem
858 1861 1040 1914 carnis
1079 1859 1356 1928 designata
1391 1869 1548 1923 sunt;
1605 1858 1740 1912 utsi
1792 1858 1912 1912 aliis

348 1953 658 2007 nominibus
708 1952 1032 2017 diceremus,
1081 1951 1206 2020 quia
1261 1949 1454 2004 melius
1505 1957 1587 2004 est
1639 1949 1908 2004 hominem

347 2055 440 2100 aut
491 2046 543 2099 in
592 2046 792 2100 virtute
821 2059 963 2108 esse,
986 2053 1078 2097 aut
1113 2045 1163 2098 in
1202 2043 1431 2109 malitia,
1463 2057 1626 2114 quam
1677 2044 1729 2097 in
1763 2044 1911 2098 nullo

347 2140 575 2205 horum;
604 2136 783 2192 anima
819 2149 945 2191 vero
977 2137 1286 2206 priusquam
1319 2136 1392 2209 (6)
1439 2152 1497 2191 se
1529 2145 1808 2190 convertat
1845 2142 1910 2189 ad

346 2230 595 2300 spiritum
631 2236 686 2283 et
736 2243 901 2282 unum
938 2223 1202 2282 efficiatur
1234 2243 1353 2280 cum
1402 2241 1488 2292 eo,
1521 2226 1643 2280 dum
1672 2227 1912 2281 adlueret

345 2319 563 2392 corpori
619 2332 675 2376 et
730 2322 796 2376 de
833 2319 1140 2374 carnalibus
1187 2321 1408 2388 cogitat,
1461 2334 1635 2388 neque
1684 2319 1736 2372 in
1770 2320 1912 2374 bono

343 2419 495 2465 Statu
527 2409 740 2464 videtur
784 2425 926 2473 esse,
963 2423 1140 2477 neque
1189 2409 1471 2462 manifeste
1521 2409 1572 2462 in
1623 2409 1790 2475 malo,
1819 2410 1910 2465 sed

341 2515 465 2556 esse
494 2500 739 2566 animali,
768 2510 824 2555 ut
855 2504 926 2556 ita
964 2501 1214 2566 dixerim,
1255 2502 1464 2559 similis.
1516 2501 1703 2557 Melius
1730 2513 1909 2558 autem

343 2605 429 2649 est
457 2601 517 2649 ut
542 2593 586 2648 si
623 2594 735 2647 fieri
763 2603 943 2665 potest
968 2593 1250 2648 adhaerens
1278 2594 1491 2662 spiritui
1521 2593 1784 2650 efﬁciatur
1809 2597 1912 2666 spi-

344 2687 552 2744 ritalis.
589 2687 647 2742 Si
677 2703 804 2742 vero
832 2687 948 2742 fieri
981 2703 1084 2742 non
1117 2697 1316 2756 potest,
1347 2687 1518 2759 magis
1548 2689 1764 2757 expedit
1791 2706 1908 2744 eam

341 2777 432 2830 vel
487 2775 668 2832 carnis
701 2775 960 2830 malitiam
997 2778 1171 2846 sequi,
1225 2793 1385 2847 quam
1414 2779 1465 2831 in
1519 2780 1632 2834 suis
1680 2781 1908 2848 positam

339 2868 738 2931 voluntatibus,
769 2869 1022 2923 animalis
1055 2869 1442 2924 irrationabilis
1471 2880 1671 2926 statum
1707 2881 1909 2928 tenere.

343 2953 475 3014 nam
509 2968 690 3015 autem
722 2958 1074 3013 tractavimus
1104 2959 1345 3013 volentes
1369 2961 1703 3028 singularum
1732 2977 1910 3016 asser-

2010 1848 2089 1901 ris
2121 1847 2235 1901 loca
2270 1861 2536 1901 evacuare
2567 1849 2733 1916 gestit
2758 1849 2947 1917 {atque
2993 1845 3258 1911 defluere;
3307 1845 3447 1900 sicut
3482 1861 3580 1901 nec

2015 1939 2293 1992 contraria
2348 1939 2525 2008 aliqua
2576 1941 2768 2005 virtus,
2819 1953 2918 1993 nec
2952 1937 3060 1990 vita
3113 1937 3336 1991 alterius
3386 1937 3578 1990 animae

2013 2030 2248 2100 putanda
2276 2039 2360 2084 est
2389 2046 2507 2099 quae
2541 2031 2699 2085 nobis
2730 2031 2933 2084 excitat
2963 2029 3108 2083 sitim
3140 2037 3191 2082 et
3227 2038 3484 2096 provocat
3511 2028 3578 2080 ad

2013 2121 2319 2187 bibendum,
2353 2121 2436 2174 vel
2480 2137 2598 2190 quze
2647 2123 2854 2176 esurire
2903 2120 3050 2187 facit,
3083 2129 3136 2174 et
3187 2121 3367 2173 irritat
3397 2122 3463 2172 ad
3496 2121 3576 2174 ei-

2011 2216 2160 2272 bum.
2211 2215 2314 2270 Sed
2361 2215 2499 2270 sicut
2533 2216 2643 2269 haec
2674 2213 3018 2268 naturalibus
3065 2211 3298 2266 motibus
3332 2213 3578 2281 corporis

2012 2308 2095 2362 vel
2127 2316 2475 2376 appetuntur,
2505 2307 2588 2362 vel
2619 2314 2971 2368 evacuantur,
3010 2305 3082 2359 ita
3115 2313 3170 2359 et
3200 2303 3459 2358 naturalis
3488 2320 3576 2358 se-

2014 2401 2173 2454 minis
2199 2410 2559 2471 congregatus
2587 2413 2681 2468 per
2730 2407 2940 2467 tempus
2972 2398 3025 2452 in
3055 2398 3169 2453 suis
3203 2396 3335 2452 locis
3385 2397 3582 2451 humor

2013 2492 2210 2562 expelli
2259 2493 2444 2564 gestit,
2505 2501 2555 2547 et
2589 2490 2746 2560 abjiei
2799 2513 2809 2546 :
2854 2493 2996 2561 quod
3035 2493 3087 2545 in
3138 2500 3346 2545 tantmn
3379 2505 3578 2560 nequa-

2013 2602 2172 2655 quam
2224 2587 2449 2656 impulsu
2511 2587 2742 2641 alterius
2802 2587 3121 2656 cujusquam
3175 2585 3576 2654 provocationis

2012 2679 2263 2744 eﬂicitur,
2310 2689 2370 2734 ut
2418 2680 2579 2733 etiam
2621 2687 2815 2747 sponte
2863 2679 3134 2733 interdum
3189 2678 3357 2733 soleat
3407 2679 3575 2748 egeri.

2011 2774 2144 2828 Cum
2179 2789 2308 2844 ergo
2335 2773 2556 2837 dicitur,
2595 2772 2720 2840 quia
2759 2789 2776 2821 ι
2803 2786 2930 2825 caro
2953 2780 3150 2842 pugnat
3175 2772 3435 2826 adversus
3466 2771 3577 2839 spi-

2013 2867 2174 2921 ritum
2197 2865 2263 2932 ³⁸,
2291 2884 2310 2917 ›
2351 2867 2422 2920 ita
2453 2865 2758 2935 intelligunt
2793 2865 2904 2929 isti,
2935 2865 3062 2933 quia
3093 2879 3244 2929 usus,
3273 2864 3356 2918 vel
3383 2879 3574 2919 neces-

2012 2958 2162 3022 sitas,
2216 2958 2300 3011 vel
2350 2958 2806 3012 delectamentum
2853 2957 3035 3010 carnis
3068 2957 3575 3026 provocanshomi-

345 3052 550 3105 tionum
582 3050 850 3104 disserere
887 3050 1190 3118 Opiniones,
1241 3051 1485 3119 ampliori
1539 3066 1699 3120 quam
1740 3053 1911 3108 volui-
1937 3077 1979 3134 ε
2015 3066 2135 3104 nem
2168 3049 2430 3104 abstrahit
2471 3057 2526 3103 et
2558 3048 2774 3102 abducit
2824 3063 2851 3101 a
2882 3048 3082 3102 divinis
3125 3057 3178 3104 et
3229 3047 3566 3118 spiritalibus

345 3159 463 3198 mus
496 3142 576 3196 usi
626 3156 878 3202 excursu,
912 3145 989 3195 uti
1026 3158 1090 3196 ne
1139 3141 1306 3195 latere
1355 3158 1452 3196 nos
1497 3153 1819 3210 putarentur
1848 3161 1908 3199 ea

342 3250 463 3306 qum
516 3235 718 3289 moveri
756 3235 930 3288 solent
961 3238 1027 3288 ab
1067 3235 1154 3289 his
1184 3235 1272 3302 qui
1300 3245 1568 3304 qumrunt,
1608 3246 1787 3290 utrum
1843 3239 1913 3292 sit

343 3328 450 3383 alia
484 3326 662 3381 anima
696 3327 748 3380 in
780 3327 934 3380 nobis
961 3335 1159 3396 praeter
1189 3327 1326 3381 hanc
1353 3328 1626 3382 cmlestem
1663 3339 1717 3383 et
1744 3330 1910 3385 ratio-

343 3407 603 3484 nabilem,
639 3433 758 3486 quae
790 3413 918 3471 huic
949 3417 1272 3471 naturaliter
1299 3419 1642 3485 adversetur,
1672 3430 1725 3476 et
1759 3437 1912 3476 voce—

341 3519 430 3566 tur
449 3509 530 3564 vel
551 3526 701 3574 caro,
735 3510 816 3564 vel
848 3509 1111 3578 sapientia
1158 3511 1353 3574 carnis,
1387 3511 1469 3564 vel
1501 3512 1678 3566 anima
1710 3516 1908 3568 carnis.

412 3603 466 3658 4.
501 3602 650 3656 Nunc
678 3603 960 3657 videamus
1010 3604 1140 3671 quid
1171 3605 1332 3657 etiam
1367 3605 1646 3658 adversum
1675 3603 1787 3660 haec
1824 3623 1911 3661 re-

341 3694 594 3761 sponderi
645 3691 816 3747 suleat
848 3693 915 3746 ab
950 3694 1033 3747 his
1074 3694 1162 3763 qui
1191 3694 1490 3749 defendunt
1521 3711 1683 3749 unum
1710 3711 1829 3752 esse
1856 3698 1906 3750 in

341 3786 500 3840 nobis
553 3794 777 3847 motum,
834 3793 888 3838 et
941 3802 1100 3839 unam
1153 3787 1316 3840 vitam
1351 3788 1512 3843 unius
1563 3787 1910 3859 ejusdemque

343 3875 538 3928 animae
565 3874 664 3947 (7),
715 3877 870 3945 cujus
898 3878 1012 3930 sive
1056 3878 1222 3941 salus,
1274 3879 1387 3933 sive
1430 3881 1663 3948 perditio
1714 3896 1909 3934 secuti-

344 3969 470 4022 dum
507 3977 659 4022 actus
685 3983 810 4022 suos
855 3968 955 4037 ipsi
990 3970 1210 4037 proprie
1251 3971 1574 4024 ascribatur.
1636 3973 1704 4026 Et
1735 3974 1910 4042 primo

343 4060 621 4114 videamus
647 4059 950 4128 cujusmodi
979 4062 1090 4114 sint
1123 4062 1401 4130 passiones
1433 4065 1599 4117 animi
1649 4080 1785 4133 quas
1813 4083 1908 4136 pa-

345 4153 511 4205 timur
555 4167 678 4206 cum
730 4153 993 4206 sentimus
1041 4152 1182 4206 intra
1246 4155 1604 4223 nosmetipsos
1657 4156 1804 4211 velut
1858 4160 1908 4212 in

341 4254 524 4314 partes
559 4260 656 4299 nos
686 4244 797 4314 rapi
829 4259 922 4314 per
947 4243 1190 4314 singula;
1219 4261 1337 4299 cum
1366 4261 1542 4316 pugna
1572 4250 1816 4319 quaedam
1853 4252 1911 4306 fit

341 4338 730 4408 cogitationum
765 4338 817 4390 in
851 4338 1106 4392 cordibus
1137 4340 1361 4400 nostris.
1394 4351 1445 4396 et
1475 4344 1718 4412 quaedam
1757 4345 1910 4400 nobis

2015 3143 2199 3197 rebus.
2240 3141 2346 3195 Pro
2395 3140 2720 3196 necessitate
2767 3141 2966 3195 etenim
3018 3141 3262 3210 corporis
3295 3141 3576 3202 abstracti.

2015 3233 2212 3287 divinis
2243 3243 2296 3287 et
2333 3233 2385 3286 in
2415 3242 2675 3287 aeternum
2711 3232 3010 3301 profuturis
3058 3233 3219 3287 rebus
3247 3248 3441 3288 vacare
3470 3250 3575 3287 non

2012 3326 2260 3380 sinimur.
2313 3326 2405 3380 Sic
2450 3341 2639 3380 rursus
2685 3326 2884 3380 divinis
2934 3335 2988 3379 et
3031 3326 3364 3394 spiritalibus
3397 3326 3577 3380 anima

2019 3415 2179 3488 148
2212 3432 2427 3481 vacans,
2467 3425 2520 3472 et
2551 3418 2764 3486 spiritui
2803 3418 3113 3488 conjuncta,
3153 3419 3464 3488 impugnare
3493 3419 3574 3472 di-

2011 3509 2154 3562 citur
2184 3523 2427 3575 carnem,
2461 3511 2586 3563 dum
2615 3510 2811 3564 resolvi
2845 3526 2963 3564 eam
2992 3510 3198 3565 deliciis
3225 3526 3329 3564 non
3373 3510 3498 3565 sinit
3526 3521 3578 3565 et

2012 3601 2376 3670 voluptatibus
2408 3601 2644 3665 fluitare,
2680 3603 2878 3672 quibus
2909 3601 3229 3657 naturaliter
3252 3603 3574 3658 delectatur.

2011 3693 2125 3748 Hoc
2175 3696 2334 3749 modo
2382 3698 2545 3750 etiam
2581 3696 2709 3750 illud
2745 3707 2994 3751 asserunt
3031 3698 3171 3767 quod
3203 3699 3406 3752 dictum
3442 3707 3524 3753 est
3557 3718 3571 3752 :

2018 3785 2335 3856 :Sapientia
2385 3790 2565 3841 carnis
2612 3789 2831 3842 inimica
2881 3797 2963 3842 est
2991 3788 3181 3856 Deo",
3214 3808 3233 3841 ›
3285 3804 3391 3844 non
3430 3791 3574 3859 quod

2012 3894 2140 3932 vere
2191 3881 2430 3933 animam
2491 3882 2686 3934 habeat
2731 3895 2879 3943 caro,
2939 3881 3022 3935 vel
3075 3881 3396 3951 sapientiam
3453 3897 3576 3951 pro—

2011 3971 2208 4038 priam,
2260 3971 2350 4024 sed
2399 3972 2540 4024 sicut
2573 3972 2794 4025 abusive
2822 3972 3002 4026 dicere
3049 3972 3286 4027 solemus
3316 3982 3371 4027 et
3422 3973 3575 4027 sitire

2015 4071 2210 4115 terram
2238 4071 2289 4117 et
2322 4063 2459 4116 Velle
2490 4065 2606 4116 eam
2632 4064 2817 4118 bibere
2843 4079 3064 4133 aquam,
3093 4064 3194 4118 hoc
3223 4066 3406 4133 utique
3429 4067 3573 4134 quod

2014 4152 2248 4206 dicimus
2277 4151 2432 4220 velle,
2459 4169 2564 4207 non
2589 4154 2826 4224 proprie,
2860 4155 2952 4208 sed
2984 4154 3205 4208 abusive
3229 4154 3573 4222 proferimus,

2014 4244 2160 4298 velut
2182 4245 2224 4298 si
2249 4245 2493 4298 dicamus
2521 4244 2712 4299 iterum
2736 4247 2861 4315 quia
2883 4247 3070 4300 domus
3096 4247 3407 4314 recomponi
3438 4247 3573 4314 vult,

2013 4349 2068 4392 et
2095 4338 2197 4391 alia
2223 4338 2389 4390 multa
2417 4337 2498 4393 his
2527 4337 2752 4403 similia;
2790 4339 2864 4392 ita
2889 4347 2940 4393 et
2963 4339 3226 4408 sapientia
3262 4341 3442 4395 carnis
3479 4356 3572 4394 ac-

343 4429 846 4484 verisimilitudines
878 4440 1262 4499 suggeruntur,
1289 4433 1484 4500 quibus
1516 4451 1662 4489 nunc
1696 4437 1747 4489 in
1783 4438 1905 4500 hoc,

2013 4429 2260 4498 cipienda
2310 4437 2414 4492 est,
2465 4431 2547 4483 vel
2573 4431 2717 4500 quod
2765 4431 2966 4485 dictum
3011 4435 3247 4501 estquia
3293 4449 3465 4487 (caro
3495 4435 3572 4503 (9)

345 4533 486 4572 nunc
515 4520 566 4572 in
599 4519 741 4572 aliud
795 4519 1140 4585 inclinantur,
1175 4522 1477 4591 quibusque
1519 4543 1658 4581 nunc
1691 4529 1902 4598 quidem

345 4611 643 4680 arguimur,
698 4630 840 4694 nunc
905 4632 1034 4672 vero
1089 4619 1447 4686 nosmetipsos
1502 4620 1902 4688 amplectimur.

346 4697 491 4754 Nihil
539 4710 718 4757 autem
750 4720 999 4774 magnum
1042 4717 1126 4760 est
1165 4710 1208 4760 si
1246 4709 1381 4781 mala
1414 4711 1625 4779 ingenia
1663 4711 1906 4766 dicamus

417 4905 460 4936 ³⁸
488 4905 664 4960 Galat.
696 4921 749 4971 v,
775 4906 860 4960 Π.
939 4906 982 4937 ³⁹
1017 4907 1172 4962 llom.
1215 4921 1329 4969 vm,
1355 4906 1406 4958 ἲ.

442 5113 494 5180 5)
526 5113 689 5176 Cave,
720 5124 774 5168 et
799 5111 987 5167 confer
1016 5130 1160 5168 num.
1183 5114 1251 5168 '29
1285 5113 1378 5166 lib.
1416 5113 1488 5167 De
1517 5115 1771 5169 oratione.

444 5186 496 5255 ti)
544 5183 633 5238 Sic
683 5201 812 5239 mss.
855 5186 1025 5248 Alias,
1089 5205 1105 5233 ι
1135 5196 1434 5253 postquam.
1466 5203 1484 5235 ι
1552 5182 1692 5237 Infra
1742 5200 1896 5248 mss.,

354 5272 376 5307 ε
400 5255 478 5310 usi
503 5271 753 5314 excursu.
787 5274 803 5304 ι
847 5255 1012 5317 Alias,
1047 5274 1064 5305 ι
1092 5257 1169 5307 usi
1201 5271 1447 5308 excessu.
1476 5275 1492 5304 ι

421 5325 496 5396 (7)
531 5326 620 5379 Sic
654 5341 778 5379 mss.
811 5326 979 5390 Alias,
1037 5343 1055 5375 ι
1081 5340 1196 5392 qua:
1223 5327 1383 5378 etiam
1433 5327 1497 5377 ad
1538 5326 1641 5379 hoc
1675 5339 1898 5394 respon-

351 5399 462 5450 deri
495 5397 722 5451 solcant.
754 5421 770 5448 ι
805 5397 1011 5449 Ibidem
1044 5412 1198 5461 mss.,
1234 5413 1253 5446 ι
1277 5405 1330 5448 et
1359 5410 1516 5448 unam
1547 5397 1708 5449 vitam
1741 5398 1900 5449 unius

352 5469 698 5535 ejusdemque
746 5470 958 5522 animae.
988 5485 1004 5516 ι
1080 5466 1250 5533 Alias,
1311 5474 1404 5518 rel
1451 5481 1612 5519 unam
1665 5467 1898 5520 animam

351 5540 510 5592 unius
535 5539 882 5606 ejusdemque
913 5539 1124 5591 animm.
1158 5555 1175 5588 t

424 5609 499 5680 (8)
531 5609 621 5662 διο
653 5605 1000 5680 ιιιδςζ-Αιὶαε,
1051 5626 1069 5658 ι
1093 5623 1197 5662 non
1247 5605 1477 5675 putanda
1526 5617 1607 5662 est
1647 5607 1753 5660 vita
1783 5621 1903 5680 esse

353 5677 455 5730 alia
488 5680 747 5732 animat.)
800 5678 964 5732 Paulo
1016 5689 1135 5747 post
1185 5695 1335 5738 mss.,
1395 5693 1696 5732 «evacuare
1743 5679 1904 5747 gestit

357 5757 515 5817 atque
543 5749 792 5804 defluere.
819 5769 837 5801 ι
888 5750 1054 5820 Alias,
1098 5764 1397 5808 (evacuate
1433 5752 1591 5818 gestit
1622 5761 1786 5819 atque
1819 5765 1903 5805 rc-

1484 4906 1526 4937 “
1549 4906 1746 4962 Gcncs.
1780 4924 1852 4972 Iv,
1878 4911 1969 4962 Η).

2015 4522 2352 4592 concupiscit
2407 4524 2667 4576 adversus
2726 4523 3038 4590 spiritum.)
3105 4525 3357 4591 Adjicere
3401 4528 3574 4582 solent

2015 4613 2178 4668 etiam
2207 4613 2334 4665 illud
2381 4614 2523 4680 quod
2557 4613 2762 4668 dictum
2792 4624 2875 4669 est
2904 4628 2918 4668 :
2957 4633 2974 4666 ι
3004 4613 3114 4670 Vox
3144 4618 3426 4686 sanguinis
3461 4621 3568 4672 fra-

2014 4706 2116 4760 tris
2145 4706 2218 4758 tui
2256 4705 2448 4759 clamat
2475 4707 2540 4761 ad
2576 4724 2660 4761 me
2690 4706 2754 4761 de
2789 4717 2933 4762 terra
2955 4706 3017 4761 ⁸ο.
3046 4727 3064 4761 ι
3107 4707 3261 4774 Quod
3301 4711 3440 4764 enim
3465 4710 3575 4766 cla-

2007 5115 2171 5183 plere.
2204 5131 2221 5162 ι
2289 5113 2433 5168 Infra
2465 5129 2597 5167 mss.
2629 5132 2644 5164 ι
2674 5113 2948 5167 hominem
3001 5115 3273 5169 abstrahit
3325 5125 3375 5169 et
3405 5116 3572 5169 abdu-

2007 5190 2100 5240 cit.
2134 5205 2152 5236 δ
2211 5183 2365 5238 Libb.
2409 5186 2562 5250 editi,
2623 5183 2948 5238 «hominem
3006 5188 3244 5239 extrahit
3292 5195 3343 5241 et
3396 5187 3568 5240 abdu—

2007 5265 2105 5311 Cll.
2133 5274 2149 5306 ι

2080 5327 2155 5395 (9)
2189 5325 2325 5390 Quia
2349 5343 2490 5380 caro.
2557 5325 2650 5379 Hae
2691 5327 2811 5380 duae
2865 5338 3023 5380 voces
3067 5326 3261 5381 desunt
3313 5327 3366 5381 in
3409 5335 3565 5381 antea

2007 5397 2180 5461 editis,
2211 5397 2305 5450 sed
2332 5398 2598 5452 habentur
2624 5398 2674 5450 in
2715 5412 2844 5450 mss.
2894 5396 3036 5449 Infra
3073 5413 3226 5463 mss.,
3268 5415 3287 5447 ι
3311 5397 3457 5450 velut
3481 5398 3562 5449 lex

2006 5472 2250 5538 quaedam
2306 5468 2770 5538 corporitinest.»
2829 5466 2983 5521 Lihb.
3033 5469 3184 5530 editi,
3240 5469 3430 5521 «velut
3478 5466 3566 5538 lex

2008 5534 2292 5607 corporum
2327 5534 2428 5592 est.
2457 5557 2474 5589 ι
2524 5534 2724 5593 Ibidem
2768 5553 2923 5600 mss.,
2959 5556 2977 5588 ι
3004 5538 3260 5591 intentius
3292 5538 3459 5606 possit
3489 5537 3566 5589 di-

2007 5609 2134 5662 vina
2191 5611 2498 5662 contueri.»
2552 5609 2717 5673 Alias,
2780 5618 3112 5661 «contentus
3155 5612 3325 5676 possit
3380 5609 3564 5660 divina

2009 5680 2275 5747 contueri.
2303 5697 2343 5729 ι-
2384 5677 2544 5732 Paulo
2571 5691 2694 5747 post
2724 5693 2878 5741 mss.,
2933 5696 2951 5728 ι
2981 5679 3259 5744 (Μεθώνη
3285 5687 3414 5730 sunt
3445 5692 3563 5731 esse

2011 5745 2263 5807 ltwreses.
2291 5769 2306 5802 ι
2351 5748 2517 5817 Alias,
2561 5745 2584 5801 CV
2605 5750 2884 5818 descriptae
2916 5757 3099 5804 essent
3130 5749 3379 5805 haereses.
3409 5765 3429 5798 ι
