4014 6142
327 238 442 298 $25

1665 236 1866 292 LIBER
1908 235 2230 293 TERTIUS.

3483 237 3585 292 59.6

331 347 450 388 mat.
484 334 552 389 ad
579 332 881 396 Domimuu,
929 347 1033 385 non
1069 338 1149 385 cst
1184 330 1401 401 prepric
1436 332 1657 399 sanguis
1701 333 1788 384 ille
1816 332 1906 398 qui
1942 339 1984 388 Λ
2015 327 2418 396 promulgatam
2506 327 2761 382 omnibus
2821 329 3335 383 consummationem
3401 333 3580 385 StBCnIi

327 427 545 481 eiTusus
594 436 697 489 e51,
755 426 845 478 sed
894 424 1116 477 abusive
1147 423 1370 494 sanguis
1404 422 1639 476 clamare
1686 423 1908 486 dicitur,

330 523 460 572 dum
496 521 612 588 ejus
637 519 724 586 qui
755 520 1068 589 sanguinem
1099 515 1289 571 effudit
1315 517 1547 571 vindicta
1576 517 1906 585 depascitur.

329 611 442 666 Sed
495 621 551 665 et
604 610 732 665 illud
781 612 921 678 quod
945 610 1238 678 Aposrolus
1283 609 1360 662 ait
1401 627 1414 662 :
1459 609 1671 664 «Video
1723 617 1904 664 autem

327 704 500 760 aliam
533 703 714 774 legem”
755 703 807 756 in
863 703 1120 757 membris
1180 703 1314 755 meis
1359 711 1746 770 repugnantem
1805 701 1904 772 legi

327 797 537 850 mentis
563 810 695 849 meae
715 793 782 858 “,
810 814 827 846 1
866 795 938 848 ita
965 795 1274 864 intelligunt
1299 803 1552 863 tanquam
1583 795 1627 848 si
1653 794 1904 860 dixisset,

326 890 481 958 quod
517 889 562 942 is
585 889 676 958 qui
715 891 881 943 verbo
906 887 1000 942 Dei
1032 904 1231 944 vacare
1261 889 1394 952 vult,
1424 904 1524 958 pro
1565 889 1907 942 necessitati-

325 982 434 1035 bus
459 987 518 1033 et
543 980 730 1034 usibus
761 981 1150 1048 corporalibus,
1183 997 1300 1050 quae
1349 981 1494 1034 velut
1537 980 1622 1034 lex
1657 983 1902 1048 quaedam

324 1072 555 1140 corpori
591 1072 751 1136 inest,
782 1070 1100 1126 distrahitur
1131 1081 1290 1141 atque
1319 1071 1591 1126 divellitnr
1615 1081 1777 1142 atque
1801 1071 1902 1124 im-

324 1163 553 1230 peditur
579 1176 646 1216 ne
672 1164 955 1232 sapientia:
986 1179 1190 1219 vacans
1231 1165 1486 1218 intentius
1523 1165 1690 1233 possit
1718 1165 1900 1219 divina

317 1257 581 1311 contueri
605 1260 887 1328 mysteria.

397 1344 454 1398 5.
476 1342 638 1410 Quod
671 1363 798 1401 vero
837 1349 976 1402 inter
1005 1351 1199 1403 "carnis
1247 1365 1411 1416 opera
1456 1352 1741 1421 descriptae
1775 1362 1899 1406 sunt

324 1450 450 1491 esse
477 1438 643 1491 etiam
680 1438 929 1505 luereses,
983 1449 1037 1494 et
1092 1439 1329 1507 invidize,
1383 1454 1438 1496 et
1493 1444 1896 1510 contentiones,

324 1527 414 1580 vel
444 1536 666 1593 caetera,
697 1531 765 1581 ita
801 1531 1096 1598 accipiunt,
1124 1534 1263 1602 quod
1298 1535 1479 1587 anima
1513 1551 1631 1588 cum
1662 1537 1897 1590 crassio-

325 1630 407 1669 ris
441 1631 640 1672 sensus
689 1619 852 1673 fuerit
882 1621 1097 1685 effecta,
1143 1638 1206 1676 ex
1245 1639 1308 1677 eo
1346 1625 1488 1691 quod
1513 1627 1753 1695 corporis
1776 1643 1896 1684 sese

321 1709 682 1778 passiouibus
713 1713 916 1777 subdit,
948 1729 1202 1782 oppressa
1239 1717 1498 1772 vitiorum
1543 1719 1792 1782 molibus,
1843 1731 1898 1776 et

324 1800 466 1853 nihil
518 1803 714 1857 subtile
759 1820 820 1858 ac
871 1807 1113 1874 spiritale
1139 1811 1396 1870 sentiens.
1441 1827 1568 1866 caro
1595 1813 1790 1866 dicitur
1813 1813 1898 1868 ef-

320 1890 504 1960 fecta,
535 1902 588 1945 et
616 1893 739 1947 inde
770 1909 964 1950 nomen
1017 1898 1198 1962 trahit,
1249 1900 1300 1954 in
1328 1917 1434 1968 quo
1466 1902 1585 1971 plus
1617 1904 1776 1957 studii
1812 1905 1899 1959 vel

323 1986 599 2054 propositi
644 1987 803 2054 gerit.
877 1989 1095 2044 Addunt
1143 1993 1306 2046 etiam
1343 1995 1458 2050 haec
1507 1997 1844 2065 requirentes
1882 2021 1894 2054 :

317 2076 454 2145 quis
479 2068 813 2142 invenietur,
845 2081 926 2136 vel
959 2083 1080 2152 quis
1128 2085 1339 2138 dicetur
1371 2090 1618 2144 conditor
1647 2092 1767 2146 mali
1793 2093 1897 2146 hu-

319 2164 414 2232 jus
467 2183 663 2224 sensus
713 2171 806 2239 qui
850 2172 1044 2252 dicitur
1096 2189 1286 2230 sensus
1339 2178 1450 2247 (10)
1494 2183 1712 2238 carnis?
1761 2180 1895 2251 Quia

328 2258 508 2313 alium
544 2261 745 2315 nullum
797 2273 1098 2318 creatorem
1154 2269 1349 2322 anima:
1399 2281 1454 2324 et
1496 2275 1676 2329 carnis
1733 2291 1893 2345 quam

325 2350 510 2406 Deum
545 2354 875 2408 credendum
907 2370 1023 2410 esse
1073 2358 1385 2415 defendunt.
1459 2363 1524 2417 Et
1563 2367 1604 2419 si
1654 2367 1894 2424 dicamus

323 2441 463 2510 quia
494 2442 666 2497 bonus
695 2445 832 2498 Deus
856 2445 909 2499 in
942 2447 1054 2515 ipsa
1090 2452 1397 2506 conditione
1437 2469 1532 2509 sua
1561 2455 1762 2525 aliquid
1791 2461 1891 2515 sibi

325 2535 550 2588 creavit
592 2533 892 2601 inimicum,
937 2539 1125 2606 utique
1163 2543 1455 2599 absurdum
1497 2548 1782 2604 videbitur.
1835 2551 1894 2606 Si

320 2637 469 2695 ergo
511 2622 772 2691 scriptum
806 2635 908 2688 est,
949 2628 1074 2698 quia
1124 2631 1424 2701 «sapientia
1468 2637 1648 2693 carnis
1677 2639 1895 2699 inimica

323 2725 416 2768 est
454 2714 564 2769 Deo
586 2714 650 2782 δ’,
678 2733 696 2765 1
749 2725 804 2768 et
846 2716 949 2771 hoc
983 2717 1187 2772 factum
1223 2737 1287 2776 ex
1325 2726 1634 2783 conditione
1663 2729 1893 2796 dicetur,

323 2807 614 2861 videbitur
660 2809 772 2876 ipse
804 2809 946 2863 Deus
991 2814 1236 2867 naturam
1265 2816 1367 2870 sibi
1407 2815 1516 2886 (11)
1549 2819 1783 2890 aliquam
1815 2822 1895 2878 fe-

323 2898 476 2953 cisse
509 2898 808 2964 inimicam,
844 2917 960 2968 quae
1009 2904 1058 2957 ei
1103 2920 1208 2958 non
1263 2919 1437 2975 potest
1484 2925 1602 2965 esse
1654 2915 1894 2984 subjecta

325 3003 432 3043 nec
487 2988 588 3058 legi
635 2991 781 3058 ejus;
836 2993 1037 3061 quippe
1084 2995 1128 3047 si
1182 2997 1413 3051 animale
1451 3014 1568 3054 esse
1599 3003 1891 3072 putabitur,

322 3079 392 3133 de
439 3093 548 3148 quo
575 3079 688 3133 haec
731 3081 1006 3135 dicuntur.
1051 3084 1206 3149 Quod
1246 3087 1290 3139 si
1322 3089 1394 3140 ita
1424 3091 1727 3160 recipiatur,
1762 3096 1890 3162 quid

323 3169 440 3238 jam
477 3169 694 3224 differre
736 3173 1010 3228 videbitur
1046 3178 1114 3229 ab
1161 3177 1246 3231 his
1276 3180 1364 3247 qui
1399 3182 1638 3236 diversas
1668 3195 1890 3241 naturas

333 3263 636 3316 animarum
669 3264 854 3317 dicunt
876 3281 996 3320 esse
1027 3278 1258 3336 creatas,
1289 3285 1406 3338 quae
1449 3276 1769 3331 naturaliter
1805 3279 1889 3335 vel

331 3354 586 3422 peritura:
608 3355 736 3420 sint,
762 3357 847 3410 vel
874 3359 1186 3415 salvandaz?
1229 3362 1385 3428 Quod
1411 3366 1591 3435 utique
1617 3369 1745 3425 solis
1771 3373 1888 3427 lm-

327 3447 518 3502 reticis
564 3448 760 3517 placet,
805 3452 897 3520 qui
951 3454 1074 3507 dum
1120 3451 1387 3522 justitiam
1418 3458 1511 3512 Dei
1559 3463 1644 3529 pia
1680 3465 1888 3519 ratione

323 3551 641 3593 asseverare
663 3556 766 3595 non
794 3553 1033 3612 possunt,
1071 3547 1435 3615 hujuscemodi
1464 3552 1752 3622 impietatis
1779 3555 1886 3630 (ίὲ)

327 3631 587 3699 figmenta
637 3648 985 3704 componunt.
1029 3638 1092 3693 Et
1128 3656 1224 3695 nos
1259 3643 1493 3710 quidem,
1526 3657 1685 3713 prout
1713 3652 1889 3718 potui-

325 3736 475 3790 mus,
506 3739 570 3779 ex
601 3726 932 3796 singulorum
978 3735 1226 3800 personis
1273 3751 1390 3804 qum
1417 3737 1519 3791 dici
1551 3752 1771 3807 possunt
1807 3743 1887 3796 di-

323 3818 653 3886 sputationis
699 3823 856 3876 modo
891 3823 957 3877 de
1009 3825 1235 3894 singulis
1282 3829 1620 3899 dogmatibus
1672 3833 1722 3885 in
1768 3849 1882 3887 me—

323 3908 476 3963 dium
527 3912 876 3980 protulimus;
921 3917 1010 3982 qui
1055 3929 1230 3972 autem
1284 3910 1432 3991 legit,
1483 3921 1646 3993 eligat
1692 3938 1757 3978 ex
1797 3925 1883 3980 his

326 4010 452 4071 qua:
482 4004 653 4074 magis
679 4007 1045 4076 amplectenda
1081 4012 1151 4065 sit
1181 4014 1342 4066 ratio.

944 4101 1170 4157 CAPUT
1211 4103 1270 4158 ν.

596 4190 747 4256 Quod
776 4193 998 4246 mundus
1032 4210 1096 4248 ea:
1130 4207 1354 4272 tempore
1387 4201 1612 4268 coeperit.

391 4282 450 4337 l.
479 4281 609 4339 Post
644 4283 886 4351 haecjam
911 4289 1162 4355 quoniam
1200 4290 1415 4357 quidem
1449 4291 1514 4345 de
1553 4290 1881 4348 ecclesiasti-

1930 1697 1970 1748 Β

1921 3053 1964 3109 C

2018 433 2116 489 pro
2152 419 2233 472 sui
2282 421 2632 489 corruptione
2681 419 2967 475 solvendus
3013 420 3104 486 sit,
3158 423 3321 476 etiam
3368 423 3432 476 de
3482 422 3583 478 hoc

2016 527 2187 581 pauca
2216 521 2461 581 repetere
2489 529 2593 566 non
2618 513 2830 566 videtur
2863 513 3177 567 absurdum.
3223 514 3290 567 Et
3319 525 3582 584 quantum

2015 603 2234 674 quidem
2265 606 2331 658 ad
2365 603 2773 675 Scripturarum
2807 604 2969 659 ﬁdem
3002 607 3256 675 pertinet,
3305 607 3584 675 perfacilis

2015 696 2229 749 videtur
2257 696 2324 751 de
2369 695 2470 750 hoc
2501 697 2753 751 assertio.
2805 695 3044 767 Denique
3081 699 3320 753 haeretici
3371 715 3489 754 cum
3526 701 3579 756 in

2016 789 2119 841 alia
2156 789 2323 841 multa
2374 786 2488 858 (15)
2537 789 2781 844 distracti
2814 791 2944 856 sint,
2999 792 3050 842 in
3083 791 3186 845 hoc
3220 799 3400 846 tamen
3430 792 3580 848 Seri-

2012 890 2185 950 ptnrae
2237 880 2548 934 auctoritati
2597 883 2878 947 cedentes,
2933 883 3032 936 visi
3086 893 3213 938 sunt
3261 900 3576 942 consonare.

2015 974 2085 1026 De
2114 973 2424 1028 conditione
2475 990 2603 1044 ergo
2640 976 2823 1029 mundi
2871 992 2990 1044 quae
3042 978 3141 1030 alia
3177 994 3274 1032 nos
3303 979 3581 1048 Scriptura

2012 1064 2185 1133 magis
2210 1065 2410 1132 poterit
2433 1067 2660 1120 edocere
2686 1080 2846 1134 quam
2879 1081 2939 1120 ea
2964 1081 3082 1135 qua:
3117 1085 3141 1119 a
3167 1061 3346 1138 Moyse
3369 1077 3434 1125 de
3469 1070 3582 1124 ori-

2011 1157 2136 1223 gine
2169 1154 2406 1221 ejusdem
2443 1156 2640 1224 scripta
2673 1155 2794 1210 est?
2836 1155 2968 1221 Qum
3014 1157 3140 1211 licet
3195 1159 3399 1224 majora
3437 1162 3579 1216 intra

2015 1262 2073 1299 se
2105 1247 2380 1300 contineat
2414 1263 2575 1315 quam
2607 1248 2849 1302 historize
2874 1249 3114 1301 narratio
3153 1251 3361 1304 videtur
3390 1262 3579 1308 osten-

2017 1341 2166 1407 dere,
2205 1350 2259 1394 et
2302 1342 2597 1410 spiritalem
2653 1342 2703 1394 in
2746 1343 3163 1409 quammaximis
3197 1345 3468 1400 contineat
3496 1347 3580 1400 in-

2010 1432 2307 1497 tellectum,
2340 1445 2504 1502 atque
2536 1434 2588 1486 in
2621 1435 2781 1488 rebus
2814 1435 3056 1503 mysticis
3085 1443 3137 1489 el
3166 1435 3448 1504 profundis
3485 1452 3578 1493 ve-

2006 1526 2205 1580 lamine
2255 1526 2488 1594 quodam
2527 1526 2720 1579 littene
2752 1535 2972 1591 utatur;
3017 1535 3194 1579 tamen
3225 1527 3577 1584 nihilominus

2011 1619 2217 1672 indicat
2248 1620 2350 1672 hoc
2406 1633 2585 1672 sermo
2633 1618 2928 1683 narrantis,
2979 1619 3120 1687 quod
3159 1634 3220 1672 ex
3258 1627 3409 1674 certo
3441 1630 3580 1676 tem-

2005 1724 2135 1780 pore
2169 1720 2350 1764 creata
2383 1719 2511 1763 sunt
2542 1711 2719 1763 omnia
2757 1723 2876 1777 quae
2905 1709 3177 1764 videntur.
3219 1710 3294 1765 De
3317 1726 3572 1766 consum-

2005 1807 2241 1864 matione
2275 1821 2403 1861 vero
2449 1807 2658 1869 mundi,
2715 1805 2888 1875 primo
2921 1803 3090 1860 Jacob
3124 1804 3326 1859 indicat
3353 1821 3473 1860 cum
3506 1807 3574 1860 ad

2009 1904 2151 1958 filios
2184 1919 2307 1958 suos
2361 1911 2593 1956 testatur
2622 1901 2808 1955 dicens
2842 1918 2855 1953 :
2890 1918 2909 1951 1
2932 1900 3227 1954 Convenite
3277 1902 3342 1954 ad
3369 1915 3481 1964 me,
3511 1900 3575 1954 fi-

2006 1997 2061 2051 lii
2091 1995 2283 2059 Jacob,
2318 2007 2376 2049 ut
2419 1994 2738 2048 annuntiem
2764 1994 2917 2048 vobis
2965 1995 3090 2062 quid
3118 1993 3221 2047 erit
3250 1994 3304 2048 in
3339 1991 3572 2047 novissi-

2006 2089 2108 2144 mis
2138 2089 2326 2141 diebus
2350 2085 2416 2149 ⁸³,
2447 2104 2466 2137 1
2505 2084 2612 2149 vel,
2661 2095 2774 2150 post
2809 2085 3112 2137 novissimos
3145 2085 3278 2139 dies.
3355 2084 3412 2139 Si
3442 2098 3572 2153 ergo

2004 2186 2132 2233 sunt
2161 2175 2443 2230 novissimi
2476 2174 2608 2240 dies,
2654 2173 2737 2228 vel
2765 2182 2885 2243 post
2913 2173 3234 2229 novissimos
3265 2175 3401 2240 dies,
3449 2191 3570 2231 ces-

2005 2286 2129 2327 sare
2155 2271 2268 2324 dies
2302 2281 2525 2322 necesse
2559 2277 2642 2322 est
2673 2266 2761 2335 qui
2800 2278 3101 2336 creperum.
3159 2269 3325 2324 David
3353 2285 3568 2340 quoque

2003 2363 2076 2418 ita
2111 2362 2186 2415 ait
2220 2379 2234 2416 :
2271 2380 2288 2412 1
2312 2359 2446 2415 Coeli
2482 2358 2753 2432 peribunt,
2790 2368 2844 2412 tu
2872 2369 3051 2413 autem
3101 2363 3466 2429 permanehis,
3515 2370 3571 2416 et

2001 2465 2189 2506 omnes
2209 2451 2346 2506 sicut
2363 2450 2741 2504 vestimentum
2768 2459 3143 2520 veterascent;
3174 2464 3226 2507 et
3247 2452 3388 2508 sicut
3409 2469 3570 2523 oper;

2001 2544 2198 2598 torium
2250 2543 2488 2599 mutabis
2535 2558 2655 2610 eos,
2712 2555 2770 2598 et
2817 2544 3204 2611 mutabuntur;
3275 2555 3327 2600 tu
3387 2557 3566 2600 autem

2002 2633 2144 2691 idem
2199 2637 2310 2704 ipse
2333 2652 2413 2702 es,
2468 2647 2522 2691 et
2551 2637 2673 2691 anni
2707 2637 2781 2690 tui
2809 2652 2914 2690 non
2947 2635 3287 2691 deficient“.
3311 2655 3330 2688 1
3388 2637 3568 2690 Domi-

2003 2742 2105 2780 nus
2131 2739 2264 2779 vero
2294 2737 2348 2780 et
2379 2728 2628 2780 Salvator
2659 2737 2845 2782 noster
2877 2742 2998 2780 cum
3024 2727 3155 2780 dicit
3187 2743 3200 2780 :
3235 2745 3254 2778 1
3277 2725 3376 2794 Qui
3411 2742 3566 2780 erea-

2001 2819 2078 2872 vit
2108 2819 2172 2874 ab
2225 2819 2381 2872 initio
2430 2818 2729 2874 masculum
2763 2829 2819 2873 et
2861 2816 3115 2873 feminam
3161 2818 3292 2874 fecit
3339 2833 3430 2873 eos
3450 2817 3561 2884 ",3

2001 2910 2208 2966 factum
2236 2914 2398 2966 etiam
2453 2926 2574 2967 esse
2605 2912 2861 2966 mundum
2898 2913 3012 2979 ipse
3049 2917 3310 2978 testatur;
3358 2920 3412 2964 et
3443 2925 3566 2964 rur-

2003 3019 2122 3057 sum
2153 3003 2338 3058 dicens
2364 3005 2518 3071 quia,
2553 3022 2572 3054 1
2597 3003 2802 3059 Caelum
2830 3013 2882 3058 et
2912 3012 3052 3058 terra
3085 3004 3367 3070 transient,
3400 3005 3562 3058 verba

1998 3110 2181 3153 autem
2241 3116 2358 3155 mea
2407 3116 2510 3154 non
2560 3100 2894 3156 transient“
2923 3099 3105 3173 (14),1
3155 3103 3561 3173 corrupti‘bilem

1997 3206 2121 3246 eum
2154 3191 2558 3262 [iuieudumque
2601 3193 2866 3262 designat.
2927 3193 3030 3248 Sed
3081 3200 3135 3247 et
3157 3190 3446 3263 Apostolus
3477 3196 3560 3249 di-

1996 3301 2176 3339 cens:
2222 3286 2502 3340 «Vanitati
2549 3289 2692 3340 enim
2738 3295 2989 3341 creatura
3045 3288 3287 3357 subjecta
3321 3296 3403 3342 est
3449 3303 3556 3342 non

1993 3377 2206 3444 volens,
2241 3380 2331 3433 sed
2363 3389 2582 3449 propter
2618 3397 2739 3436 enni
2774 3381 2864 3450 qui
2905 3378 3135 3446 subjecit
3165 3379 3218 3432 in
3261 3394 3378 3448 spe,
3431 3380 3554 3449 quia

1993 3483 2048 3525 et
2081 3473 2193 3541 ipsa
2226 3482 2477 3527 creatura
2528 3473 2849 3528 liberabitur
2881 3489 2908 3524 a
2950 3475 3211 3526 servitute
3247 3472 3558 3540 corruptio-

1994 3565 2077 3618 nis
2109 3566 2160 3617 in
2192 3565 2490 3619 libertatem
2521 3566 2701 3636 gloria:
2735 3565 2963 3618 filiorum
2993 3563 3086 3618 Dei
3109 3565 3234 3629 ³τ;1
3267 3561 3556 3618 manifeste

1996 3653 2154 3705 tinem
2187 3655 2366 3707 mundi
2398 3654 2670 3716 declarat;
2705 3663 2757 3707 et
2786 3669 2906 3708 cum
2945 3669 3158 3707 rursum
3191 3652 3348 3725 149
3376 3653 3507 3708 dicit
3535 3669 3580 3723 ς,

1997 3759 2015 3791 1
2045 3741 2298 3796 Transiet
2349 3742 2566 3796 habitus
2618 3742 2777 3809 huius
2809 3742 2988 3794 mundi
3015 3741 3079 3795 ⁵⁸.
3105 3757 3124 3792 1
3169 3744 3366 3796 Verum
3397 3743 3451 3796 in
3489 3757 3553 3798 eo

1992 3831 2109 3898 ipso
2136 3831 2279 3898 quod
2309 3831 2441 3884 dixit
2470 3832 2595 3900 quia
2626 3833 2848 3885 vanitati
2880 3842 3130 3886 creatura
3171 3832 3412 3902 subjecta
3445 3841 3547 3900 est,

1989 3924 2154 3977 etiam
2188 3924 2396 3976 initium
2431 3924 2548 3995 ejus
2575 3925 2842 3990 ostendit;
2888 3926 2931 3979 si
2959 3929 3102 3979 enim
3139 3927 3363 3980 vanitati
3398 3941 3552 3981 crea-

1993 4025 2112 4068 tura
2164 4016 2405 4085 subjecta
2437 4027 2520 4070 est
2568 4027 2786 4086 propter
2832 4016 2943 4086 (l5)
2994 4031 3141 4084 spem
3177 4016 3434 4087 aliquam,
3483 4033 3550 4072 ex

1989 4122 2151 4161 causa
2182 4108 2369 4175 utique
2419 4108 2661 4176 subjecta
2691 4120 2810 4174 e31;
2865 4118 2918 4164 et
2966 4111 3106 4178 quod
3155 4126 3220 4164 ex
3249 4126 3408 4165 causa
3440 4123 3544 4172 est,

1989 4213 2206 4251 necesse
2230 4210 2310 4253 est
2345 4209 2400 4252 nt
2429 4205 2655 4268 coeperit
2679 4216 2696 4266 ;
2751 4217 2856 4254 non
2885 4201 3027 4254 enim
3058 4210 3265 4270 poterat
3293 4203 3410 4256 sine
3440 4201 3548 4255 ullo

1987 4289 2143 4342 initio
2181 4291 2406 4343 vanitati
2443 4301 2690 4344 creatura
2742 4307 2862 4345 esse
2910 4293 3172 4359 subjecta,
3226 4302 3280 4346 et
3326 4308 3548 4360 sperare

321 4375 402 4431 eis
451 4375 851 4431 definitionibus
897 4395 1063 4432 unum
1116 4382 1342 4434 habetur
1382 4385 1648 4453 prrecipue
1689 4401 1879 4440 secun‘
1913 4401 1955 4455 ι)
1987 4383 2206 4436 liberari
2257 4398 2285 4436 a
2339 4384 2604 4436 servitute
2653 4383 3012 4452 corruptionis
3047 4400 3165 4452 quae
3206 4386 3409 4438 servire
3438 4401 3541 4440 non

321 4461 453 4516 dum
490 4462 728 4518 historiae
772 4475 968 4520 nostra:
1013 4465 1194 4535 fidem,
1229 4473 1371 4538 quod
1417 4475 1643 4528 mundus
1672 4473 1760 4529 hic
1802 4475 1882 4530 fa-

321 4564 444 4608 ctus
466 4554 556 4614 sit.
588 4565 644 4610 et
674 4571 740 4610 ex
774 4570 926 4612 certo
954 4569 1196 4631 tempore
1229 4565 1475 4632 coeperit,
1509 4575 1563 4619 et
1587 4569 1879 4621 secundum

393 4670 440 4705 δ’
464 4669 734 4732 Rom.vu,
766 4672 856 4727 25.
947 4675 990 4706 ’δ’
1018 4676 1304 4738 Rom.vm,
1339 4679 1388 4732 7.

319 4756 473 4806 xxiv,
497 4740 587 4795 55.
684 4743 906 4798 ἰτ-Βοιη.
947 4761 1064 4811 vm,
1095 4747 1181 4802 20.
1283 4750 1326 4781 ’⁸⁸
1357 4749 1373 4802 Ι
1400 4750 1522 4804 Cor.
1556 4768 1649 4816 vn,
1682 4754 1770 4809 52.

395 4881 507 4952 (10)
540 4880 756 4960 sensus.
814 4885 971 4938 Deest
1018 4886 1081 4960 in_
1099 4899 1251 4941 antea
1301 4891 1479 4952 editis,
1512 4902 1568 4946 at
1600 4893 1867 4960 reperitur

327 4950 378 5005 in
407 4950 541 5006 mss.
578 4951 773 5006 Ibidem
803 4970 954 5019 mss.,
1013 4974 1031 5006 1
1060 4957 1222 5012 Deum
1274 4950 1598 5015 credendum
1625 4950 1745 5018 esse
1774 4965 1868 5018 de-

328 5021 567 5076 fendunt.
601 5041 620 5073 1
654 5022 708 5075 111
741 5024 894 5076 editis
919 5027 1202 5090 omittitur,
1235 5048 1252 5079 1
1280 5032 1622 5087 credendum.
1647 5052 1664 5083 1

393 5092 506 5159 (11)
543 5091 676 5146 Sibi.
737 5091 898 5147 Deest
943 5095 997 5148 in
1030 5107 1187 5151 antea
1217 5100 1392 5159 editis,
1429 5102 1523 5155 sed
1554 5103 1781 5157 habetur
1812 5105 1863 5156 in

328 5177 461 5237 mss.
486 5162 653 5237 Paulo
701 5174 819 5237 post
870 5181 1023 5237 mss.,
1075 5168 1182 5222 «de
1225 5185 1332 5237 quo
1381 5171 1494 5225 haec
1540 5176 1858 5228 dicuntur.»

331 5230 488 5301 Editi,
521 5252 539 5284 1
567 5236 631 5287 de
658 5230 766 5301 quo
795 5235 910 5288 haec
935 5235 1198 5292 dicentur.
1228 5230 1246 5289 1

390 5300 500 5374 (19)
528 5303 610 5383 Ita.
641 5300 768 5356 mss.
801 5303 992 5383 _Alias,
1024 5323 1043 5357 1
1071 5308 1448 5383 impietatibus.
1475 5330 1491 5362 1
1555 5311 1716 5366 Paulo
1747 5325 1866 5383 post

325 5383 477 5436 mss.,
513 5391 532 5425 1
560 5374 938 5448 disputationis
967 5374 1189 5431 modoft
1242 5381 1408 5442 Alias,
1445 5402 1463 5434 1
1489 5374 1865 5448 disputationis

323 5453 505 5498 causa.
529 5463 550 5496 1
588 5443 892 5521 Notandum
923 5447 975 5498 in
1003 5457 1159 5521 antea
1190 5451 1348 5505 editis
1372 5443 1648 5521 sequentia
1678 5459 1861 5521 verba,

327 5525 484 5590 (quia
515 5514 685 5590 magis
717 5513 1084 5590 amplectenda
1106 5519 1178 5571 sit
1200 5523 1352 5589 ratio,
1375 5542 1394 5574 1
1429 5513 1586 5577 linem
1616 5539 1736 5577 esse
1768 5513 1862 5578 ca;

320 5584 443 5663 pilis
486 5585 661 5663 quarti
709 5585 850 5662 quod
902 5586 1087 5663 statim
1124 5584 1347 5663 excipit'
1374 5603 1538 5663 caput
1582 5595 1850 5662 quintum,

320 5645 615 5732 hoc_tiiulo_
663 5645 961 5732 praemisso,
1003 5674 1022 5706 1
1054 5660 1207 5726 Quod
1244 5645 1852 5732 inundiigex‘iémpéié

319 5723 493 5791 cmpit.
516 5743 535 5774 1
588 5724 655 5779 At
696 5725 747 5778 in
781 5728 979 5782 nostris
1014 5723 1143 5783 uiss.
1181 5732 1378 5786 nullum
1416 5748 1496 5790 est
1531 5723 1752 5804 hujusce
1786 5735 1850 5788 ti-

1464 4681 1510 4712 ⁸⁵³
1536 4681 1732 4737 Genes.
1757 4698 1903 4748 κως,
1931 4683 1983 4736 1.

1989 4479 2252 4542 coeperat.
2317 4469 2418 4524 Sed
2450 4483 2502 4525 et
2554 4472 2945 4542 quamplurima
2997 4474 3098 4528 alia
3148 4476 3200 4528 111
3250 4475 3543 4545 Scripturis

1989 4564 2185 4619 divinis
2220 4561 2587 4632 hujuscemodi
2616 4565 2757 4619 dicta
2793 4564 3025 4633 reperiet
3059 4567 3102 4621 si
3147 4568 3268 4638 quis
3304 4570 3543 4638 requirat

2060 4681 2264 4736 “Psal.
2301 4696 2395 4746 cu,
2425 4681 2515 4746 27,
2547 4680 2637 4735 28.
2716 4679 2761 4712 "
2781 4678 2971 4733 Matth.
2995 4696 3108 4745 XIX,
3139 4681 3196 4736 4.
3273 4682 3318 4714 ⁸⁸
3346 4682 3538 4740 Matth.

1977 4892 2069 4946 tuli
2108 4893 2419 4962 vestigium,
2454 4905 2547 4946 aut
2575 4893 2770 4962 capitis
2795 4893 3090 4948 desinentis
3119 4902 3175 4947 et
3207 4894 3430 4950 alterius
3455 4896 3536 4950 in-

1974 4964 2242 5033 cipientis
2263 4964 2542 5016 iudicium.

2045 5034 2156 5101 (15)
2188 5032 2378 5087 Multa.
2445 5035 2602 5087 Deest
2651 5033 2701 5086 in
2751 5043 2909 5088 antea
2941 5033 3118 5098 editis,
3171 5035 3262 5089 sed
3299 5036 3534 5092 habetur

1973 5102 2026 5156 in
2061 5120 2186 5157 mss.
2219 5103 2415 5158 Ibidem
2450 5119 2603 5168 mss.,
2644 5121 2662 5154 1
2690 5104 2788 5158 visi
2815 5114 2939 5160 sunt
2962 5119 3278 5160 consonare.
3306 5125 3323 5157 1
3357 5109 3532 5175 Alias,

1977 5191 1997 5224 1
2023 5176 2124 5228 11181
2158 5184 2283 5227 sunt
2311 5189 2630 5230 consonare.
2663 5193 2682 5226 1

2035 5245 2150 5315 (14)
2187 5243 2274 5297 Sic
2308 5260 2437 5298 mss.
2465 5244 2636 5308 Alias,
2673 5263 2690 5294 1
2717 5245 3088 5300 transibunt.»
3133 5245 3336 5301 Ibidem
3374 5262 3529 5310 mss.,

1969 5332 1988 5364 1
2014 5315 2108 5368 sed
2138 5325 2193 5369 et
2219 5315 2506 5383 Apostolus
2539 5315 2744 5371 dicens.
2774 5335 2792 5368 ι
2845 5318 3012 5383 Alias,
3066 5336 3086 5369 1
3113 5319 3208 5372 sed
3241 5326 3294 5373 et
3327 5317 3530 5371 Paulus

1961 5386 2170 5439 dicens.
2197 5406 2216 5437 1

2034 5455 2145 5524 (15)
2189 5456 2408 5510 Initium
2445 5456 2559 5525 ejus
2587 5456 2846 5520 ostendit;
2878 5459 2922 5509 si
2955 5459 3091 5509 enim
3125 5456 3347 5509 vanitati
3380 5470 3525 5525 erea-

1963 5523 2078 5578 tura
2116 5523 2351 5595 aubjecta
2382 5523 2718 5594 estpropter.
2752 5527 2874 5579 111Βο
2915 5541 3036 5593 quae
3077 5527 3130 5578 111
3167 5536 3323 5578 antea
3362 5523 3528 5595 editis

1960 5597 2160 5650 omissa
2198 5591 2357 5661 sunt,
2411 5591 2703 5650 restituunt
2753 5591 2947 5664 omnes
2993 5596 3150 5647 codd.
3187 5610 3317 5664 mss.
3362 5591 3529 5648 Paulo

1960 5676 2079 5733 post
2109 5682 2259 5729 mss.,
2289 5685 2306 5716 1
2336 5668 2453 5719 sine
2481 5665 2587 5716 ullo
2618 5665 2774 5717 initio
2803 5662 3026 5718 vanitati
3063 5662 3333 5726 creatura,
3364 5680 3383 5709 1
3413 5671 3530 5724 etc.

1959 5736 2014 5790 In
2050 5738 2208 5793 editis
2238 5738 2407 5801 deest,
2444 5754 2460 5787 1
2496 5735 2742 5787 vanitati.
2769 5753 2787 5782 ι
