4014 6142
392 204 493 261 ὅὲἴ

1601 194 1920 252 ORIGENIS
1958 196 2115 248 ΠΕΡΙ
2155 196 2383 249 ΛΡΧΩΝ

394 339 459 377 ex
485 320 613 383 otio,
647 320 844 389 quibus
870 328 924 374 et
954 319 1165 374 initium
1194 318 1395 372 habere
1424 318 1674 384 mundus,
1703 329 1757 372 et
1787 317 1946 372 linem
1978 326 2025 379 Α
2052 317 2191 371 ciam
2222 329 2542 388 permanere
2573 316 2626 370 in
2660 330 2795 371 con—

395 428 617 485 Spcrare
645 412 866 466 dicitur.

465 503 520 557 2.
555 500 613 556 Si
651 501 773 569 quis
814 511 941 567 ergo
983 504 1065 552 est
1096 495 1187 564 qui
1218 496 1535 552 adversetur
1571 499 1624 553 in
1659 500 1759 554 hac
1791 508 1947 568 parte

397 595 480 648 vel
523 591 825 648 auctoritati
871 590 1164 658 Scripturae
1216 587 1338 661 (l6)
1387 600 1615 654 nostrae,
1666 592 1750 644 vel
1801 592 1955 657 fidei,

400 688 733 758 inquiremus
772 682 841 735 ab
878 697 942 736 eo
990 692 1168 735 utrmn
1217 684 1359 737 dicat
1402 683 1567 737 Deum
1601 687 1960 753 comprehen-

402 779 530 831 dere
557 788 718 844 posse
739 771 944 834 omnia,
991 787 1167 827 annon
1199 773 1392 841 posse?
1423 774 1488 827 Et
1517 774 1696 828 dicere
1740 774 1957 844 quidem

404 882 505 921 non
555 879 738 934 posse,
794 861 1075 917 manifeste
1122 864 1345 933 impium
1390 874 1490 919 est.
1538 864 1593 919 Si
1627 882 1776 932 vero,
1816 870 1961 937 quod

400 974 620 1014 necesse
647 967 748 1023 est,
791 955 989 1009 dixerit
1014 956 1141 1024 quia
1172 957 1353 1009 omnia
1401 958 1830 1024 comprehendit,
1874 977 1965 1013 su-

402 1062 581 1125 perest
627 1061 685 1105 ut
728 1066 793 1107 eo
836 1052 951 1120 ipso
1011 1066 1119 1119 quo
1171 1052 1554 1119 comprehendi
1618 1059 1871 1119 possunt,
1911 1062 1963 1106 et

402 1147 612 1199 initimn
654 1145 856 1201 habere
906 1146 1275 1211 intelligantur
1319 1153 1372 1198 et
1414 1144 1596 1197 finem.
1639 1143 1769 1197 Nam
1820 1146 1962 1213 quod

402 1242 613 1310 penitus
645 1240 762 1293 sine
808 1239 965 1291 initio
1005 1230 1112 1291 ullo
1157 1246 1269 1302 est,
1311 1236 1695 1304 comprehendi
1743 1236 1964 1310 omnino

402 1348 507 1388 non
555 1340 749 1402 potest.
783 1329 838 1383 In
874 1338 1350 1399 quantumcunque
1398 1327 1540 1379 enim
1570 1343 1627 1380 se
1666 1308 1964 1382 ititellectus

400 1425 734 1489 extenderit,
764 1423 817 1477 in
844 1432 1050 1477 tantum
1076 1419 1564 1487 comprehendeudi
1599 1418 1828 1474 facultas
1848 1421 1967 1475 sine

404 1523 510 1573 line
555 1516 873 1587 subducitur
916 1527 970 1571 et
1013 1513 1278 1578 differtur,
1323 1513 1412 1568 ubi
1459 1514 1668 1566 initium
1720 1528 1825 1566 non
1867 1514 1964 1567 ha-

406 1613 587 1664 betur.

476 1702 530 1755 5.
564 1700 669 1755 Sed
703 1700 876 1755 solent
906 1699 1062 1754 nobis
1087 1697 1323 1766 objicere
1352 1696 1591 1750 dicentes
1620 1714 1633 1749 :
1668 1713 1686 1745 ι
1717 1694 1772 1749 Si
1802 1695 1966 1764 erepit

408 1792 639 1847 mundus
681 1807 746 1846 ex
788 1802 1030 1860 tempore
1060 1788 1193 1861 (l7),
1239 1787 1367 1855 quid
1417 1795 1540 1838 ante
1574 1784 1801 1839 faciebat
1831 1787 1968 1841 Deus

408 1902 569 1954 quam
599 1885 833 1940 mundus
875 1882 1171 1953 inciperet?
1198 1881 1439 1936 Otiosam
1487 1881 1629 1933 enim
1673 1890 1728 1933 et
1777 1880 1969 1933 immo-

408 1978 567 2032 bilem
606 1977 786 2031 dicere
822 1984 1075 2029 naturam
1122 1973 1249 2037 Dei,
1299 1973 1520 2040 impimn
1567 1978 1653 2025 est
1702 1971 1865 2025 simul
1913 1981 1969 2024 et

409 2069 701 2124 absurdum
743 2066 880 2136 (18),
904 2064 989 2119 vel
1018 2073 1209 2133 putare
1246 2063 1388 2133 quod
1436 2061 1649 2115 bonitas
1678 2062 1969 2130 aliquando

409 2164 545 2216 bene
585 2175 689 2214 non
739 2156 964 2218 fecerit,
1003 2167 1054 2208 et
1095 2155 1483 2223 omnipotentia
1531 2153 1818 2222 aliquando
1862 2167 1970 2206 non

410 2254 580 2324 egerit
624 2260 984 2321 potentatum.
1016 2248 1128 2303 Hoc
1181 2248 1335 2301 nobis
1381 2246 1617 2314 objicere
1666 2246 1840 2299 solent
1888 2247 1968 2300 di-

408 2345 659 2400 centibus
685 2342 940 2396 mundum
972 2341 1113 2394 hunc
1139 2353 1207 2393 ex
1236 2349 1385 2393 certo
1432 2348 1672 2406 tempore
1711 2339 1969 2407 cmpisse,

409 2447 465 2492 et
489 2436 781 2490 secundum
812 2433 1108 2502 Scriptura:
1140 2433 1297 2486 fidem
1349 2446 1516 2484 annos
1549 2445 1765 2501 quoque
1798 2430 1971 2484 aetatis

414 2528 581 2599 ipsius
634 2525 1064 2579 uumerantibus.
1107 2524 1186 2577 Ad
1247 2538 1381 2591 quas
1428 2524 1818 2590 propositiones
1865 2538 1971 2577 non

414 2622 652 2675 arbitror
678 2617 906 2688 aliquem
950 2618 1328 2671 hzereticorum
1364 2617 1663 2668 secundum
1705 2615 1971 2668 rationem

414 2714 680 2781 dogmatis
708 2712 789 2766 sui
822 2727 977 2781 posse
1010 2710 1167 2764 facile
1198 2708 1546 2777 respondere.

416 2802 523 2859 Nos
579 2817 712 2858 vero
767 2808 1158 2870 consequenter
1365 2813 1579 2851 menon.
1612 2813 1831 2855 mreup.

420 2897 860 2965 respondebimus
905 2893 1017 2966 (l9)
1056 2894 1161 2966 οι)-
1231 2889 1398 2943 Nobis
1472 2899 1644 2944 autem
1697 2891 1863 2957 placet
1923 2901 1970 2943 et

419 2996 697 3041 scrvantes
754 2984 994 3055 regulam
1044 2965 1160 3051 pie-

421 3082 579 3146 tatis,
621 3088 675 3136 et
714 3082 989 3145 dicentes,
1031 3093 1165 3147 quo-

422 3178 567 3231 niam
598 3192 705 3230 non
756 3187 882 3229 tunc
932 3174 1163 3244 primum

422 3287 543 3327 cum
634 3270 895 3326 visibilem
1004 3268 1166 3323 istum

423 3364 683 3419 mundum
779 3362 907 3418 fecit
984 3362 1166 3425 Deus,

422 3455 589 3525 erepit
619 3454 864 3525 operari,
898 3451 994 3507 sed
1026 3452 1168 3507 sicut

422 3555 543 3615 post
569 3542 972 3612 corruptionem
1008 3538 1165 3605 hujus

1231 3074 1392 3142 fuisse
1435 3077 1705 3143 mundum,
1754 3083 1802 3128 et
1862 3086 1972 3143 post

1231 3170 1420 3233 istaut,
1482 3170 1648 3222 alium
1716 3170 1973 3238 futurum.

1244 3262 1331 3318 Vis
1388 3264 1587 3318 discere
1645 3266 1782 3334 quod
1862 3273 1976 3333 post

1233 3363 1613 3425 corruptionem
1627 3358 1782 3425 hujus
1796 3357 1979 3410 mundi

1233 3452 1371 3504 alius
1420 3453 1487 3504 sit
1545 3451 1793 3519 futurus?
1838 3452 1979 3504 Audi

1234 3542 1434 3597 Isaiam
1462 3544 1751 3613 laquentem
1776 3557 1794 3594 :
1822 3561 1840 3594 ι
1864 3544 1979 3597 Erit

384 3640 527 3694 -erit
562 3636 699 3691 alius
730 3637 981 3701 mundus,
1009 3634 1084 3687 ita
1114 3642 1166 3687 et
1233 3638 1417 3691 cazlum
1487 3654 1672 3691 novum
1724 3646 1773 3691 et
1842 3648 1981 3690 terra

425 3741 709 3799 antequam
794 3730 884 3783 hic
983 3736 1166 3791 esset,
1237 3748 1533 3801 nova,qua:
1557 3747 1648 3800 ego
1678 3746 1981 3799 permanere

428 3822 597 3876 fuisse
677 3821 811 3875 alios
872 3820 1165 3874 cl'edittlus-
1236 3825 1373 3893 facio
1407 3827 1460 3876 in
1498 3836 1773 3893 conspectu
1800 3840 1930 3876 meo.
1959 3843 1977 3873 ι

428 3916 581 3984 Quod
644 3924 934 3983 utrumque
980 3916 1174 3969 divinae
1251 3914 1335 3968 Vis
1382 3934 1528 3970 nosse
1562 3918 1700 3985 quod
1746 3928 1863 3969 ante
1902 3918 1985 3986 fa-

430 4011 728 4078 Scripturaa
847 4006 1174 4059 auctoritate
1240 4007 1435 4059 bricam
1468 4009 1621 4061 istius
1656 4010 1858 4072 mundi,
1885 4010 1977 4060 alii

429 4100 757 4156 ﬁrmabitur.
821 4099 955 4152 Nam
1035 4097 1175 4167 quod
1240 4103 1420 4155 mundi
1462 4104 1515 4154 in
1564 4088 1825 4172 prwterito
1873 4103 1989 4171 fue-

429 4193 533 4247 erit
557 4201 677 4263 post
702 4192 843 4245 hunc
867 4191 1002 4244 alius
1026 4205 1179 4243 nmn-
1244 4196 1397 4248 rint?
1428 4198 1682 4249 Ausculta
1718 4193 1990 4250 Ecclesia-

431 4284 532 4338 dus
561 4285 726 4339 Isaias
750 4284 930 4347 docet,
955 4282 1172 4336 dicens:
1242 4301 1354 4342 slen
1396 4304 1413 4339 :
1461 4309 1478 4340 ι
1527 4288 1660 4354 Quid
1716 4299 1793 4344 est
1850 4293 1987 4360 quod

2059 420 2244 480 spectu
2283 425 2423 474 meo,
2455 410 2587 464 dicit
2620 408 2802 463 Domi-

2061 503 2273 556 ιιιιδδθ.»
2297 501 2446 568 Quod
2472 510 2647 554 autem
2677 508 2803 553 ante

2061 595 2204 649 hunc
2278 595 2532 648 mundum
2602 591 2804 647 fuerint

2061 689 2220 742 etiam
2267 688 2390 750 alii,
2440 686 2802 742 Ecclesiastes

2061 779 2296 834 ostendit
2347 780 2573 833 dicens:
2613 796 2630 829 ‹
2664 776 2800 843 Quid

2063 871 2313 937 estquod
2356 869 2558 922 factum
2604 868 2719 922 est?
2746 865 2801 922 Id

2065 968 2234 1037 ipsum
2263 968 2401 1036 quod
2438 966 2673 1020 futurum
2701 974 2802 1020 est.

2066 1059 2131 1112 Et
2177 1060 2303 1128 quid
2350 1068 2433 1112 est
2469 1058 2609 1127 quod
2657 1071 2806 1111 crea-

2067 1160 2174 1204 tum
2191 1151 2305 1204 est?
2330 1147 2441 1203 Hoc
2466 1130 2806 1218 ipsum‘quod

2066 1243 2392 1304 creandum,
2444 1250 2498 1294 et
2546 1240 2677 1293 nihil
2721 1248 2805 1293 est

2067 1334 2285 1387 onmiuo
2314 1346 2499 1386 recens
2539 1333 2638 1385 sub
2667 1332 2801 1386 sole.

2068 1429 2172 1483 Sed
2244 1428 2364 1495 quis
2441 1429 2689 1495 loquetur
2752 1435 2805 1481 et

3511 192 3615 247 328

2870 315 2981 367 est?
3014 312 3186 380 Ipsum
3212 312 3350 382 quod
3380 313 3617 382 futurum

2872 417 2967 460 est.
3027 403 3089 457 Et
3163 420 3264 457 non
3319 412 3397 458 est
3465 420 3618 459 omne

2874 513 3059 551 novum
3090 496 3182 550 sub
3224 495 3330 549 sole
3370 496 3509 562 quod
3539 495 3621 550 lo-

2872 601 3063 661 quatur
3090 599 3135 644 et
3163 590 3302 642 dicat
3326 605 3345 642 :
3364 587 3498 642 Ecce
3514 591 3612 643 hoc

2877 699 3058 736 novum
3133 694 3230 735 est.
3286 678 3415 734 Jam
3477 683 3616 735 enim

2876 776 2975 845 fuit
3024 775 3079 827 in
3124 772 3330 828 sarculis
3389 773 3621 841 pristinis

2872 884 2988 937 qua:
3040 867 3252 935 fuerunt
3288 874 3409 919 ante
3448 881 3561 918 nos.
3594 885 3614 918 ι

2878 961 3030 1026 Quod
3099 960 3449 1013 testimonium
3517 975 3621 1014 non
3672 982 3677 983 ν
3744 959 3747 962 ⁴

2877 1055 3044 1110 solum
3078 1055 3264 1123 fuisse,
3292 1054 3380 1107 sed
3414 1053 3621 1121 futuros

2878 1149 3098 1202 mundos
3176 1163 3283 1201 esse
3362 1155 3619 1210 testatur,

2876 1259 2978 1295 non
3028 1241 3165 1312 quod
3222 1238 3381 1293 simul
3423 1248 3472 1292 et
3524 1256 3622 1306 pa-

2876 1335 3001 1388 riter
3062 1350 3238 1387 omnes
3304 1333 3473 1400 ﬁant,
3534 1331 3624 1385 sed

2878 1428 3013 1482 alius
3043 1438 3154 1497 post
3190 1426 3376 1479 alium.

2068 1523 2225 1583 dicet,
2252 1519 2388 1574 Ecce
2414 1520 2515 1573 hoc
2551 1534 2743 1572 novum
2774 1519 2887 1571 est?
2922 1517 3042 1573 Jam
3072 1517 3173 1572 fuit
3211 1517 3261 1571 id
3304 1518 3355 1571 in
3409 1516 3623 1571 smculis

2071 1630 2188 1683 qua?
2248 1615 2464 1668 fuerunt
2528 1622 2654 1666 ante
2717 1626 2814 1664 nos
2849 1611 2967 1664 ⁸ο.»
3022 1612 3227 1677 Quibus
3300 1610 3625 1663 testimoniis

2072 1718 2359 1774 utrumque
2407 1704 2565 1758 simul
2616 1704 2899 1773 probatur,
2943 1704 3085 1770 quod
3133 1710 3187 1755 et
3239 1709 3365 1754 ante
3421 1699 3626 1754 fuerint

2070 1799 2289 1863 saecula,
2316 1806 2371 1851 et
2408 1796 2585 1850 futura
2626 1796 2736 1849 sint
2776 1794 3141 1864 pestmodum.
3175 1792 3288 1846 Non
3320 1802 3497 1846 tamen
3529 1808 3626 1860 pu-

2072 1891 2287 1945 tandum
2336 1898 2423 1944 est
2472 1892 2655 1958 plures
2700 1888 2927 1941 mundos
2974 1886 3129 1941 simul
3174 1900 3330 1951 esse,
3373 1886 3464 1939 sed
3506 1896 3627 1952 post

2070 1984 2210 2037 hunc
2260 1981 2471 2035 initiqu
2556 1962 2782 2031 alierum
2854 1978 3092 2066 luturu.m
3136 1975 3281 2047 (20);
3332 1977 3396 2031 de
3435 1975 3631 2043 quibus

2070 2090 2213 2129 nunc
2259 2089 2361 2128 non
2407 2087 2489 2128 εει
2540 2072 2903 2127 necessarium
2952 2084 3048 2136 per
3092 2070 3301 2140 singula
3357 2080 3624 2138 repetere,

2070 2184 2191 2222 cum
2216 2166 2325 2236 jam
2359 2168 2408 2221 id
2438 2168 2489 2218 in
2520 2164 2885 2234 superioribus
2917 2162 3229 2217 fecerimus.

2139 2262 2194 2317 4.
2239 2260 2371 2313 Illud
2415 2274 2545 2312 sane
2610 2258 2785 2313 otiose
2835 2256 3268 2326 praetereundum
3318 2270 3423 2310 non
3480 2255 3627 2308 arbi-

2073 2365 2185 2409 tror
2235 2351 2386 2426 (2|),
2434 2354 2577 2423 quod
2630 2350 2923 2420 Scriptura;
2990 2359 3189 2405 sanctas
3254 2349 3623 2403 conditionem

2074 2446 2256 2500 mundi
2296 2460 2434 2500 novo
2464 2444 2698 2513 quodam
2727 2452 2783 2496 et
2830 2444 3051 2511 proprio
3085 2441 3303 2496 nomine
3352 2453 3631 2507 nuncupa-

2072 2548 2296 2603 verunt,
2346 2536 2586 2590 dicentes
2624 2532 2930 2604 καταϐολὴν
2984 2533 3200 2599 mundi,
3251 2532 3394 2599 quod
3443 2529 3633 2584 Latine

2077 2626 2368 2697 improprie
2403 2626 2723 2679 translatum
2771 2625 3197 2678 constitutionem
3257 2621 3436 2675 mundi
3477 2621 3635 2675 dixe-

2076 2731 2241 2784 runt;
2275 2716 2544 2788 καταϐολή
2579 2733 2703 2771 vero
2750 2718 2800 2770 in
2845 2715 3033 2771 Graeco
3062 2715 3235 2784 magis
3281 2714 3513 2781 dejicere
3553 2713 3630 2763 si-

2065 2805 2313 2883 gnificat,
2346 2812 2511 2864 idest
2564 2811 2816 2863 deorsum
2862 2808 3067 2876 jacere,
3112 2807 3255 2876 quod
3294 2804 3485 2859 Latine
3531 2804 3638 2856 im-

2078 2903 2314 2974 proprie,
2357 2911 2417 2955 ut
2468 2900 2734 2961 diximus,
2767 2898 3207 2952 constitutionem
3261 2896 3442 2949 mundi
3496 2892 3600 2964 (ἑὲ

1230 2995 1350 3036 ante
1379 2984 1513 3037 hunc
1537 2985 1787 3036 mundum
1810 2985 1973 3036 alium

2084 2995 2416 3063 interpretati
2474 3002 2636 3055 sunt,
2686 2991 2824 3047 sicut
2882 2990 2935 3043 in
2994 2987 3285 3058 Evangelio
3335 2985 3635 3041 secundum

2074 3084 2337 3141 Joannem
2381 3101 2502 3140 cum
2549 3084 2680 3139 dicit
2724 3083 3013 3137 Salvator:
3053 3098 3071 3130 ι
3100 3080 3166 3133 Ει
3196 3079 3302 3133 erit
3358 3075 3638 3131 tribulatio

2080 3180 2134 3231 in
2196 3177 2300 3230 illis
2358 3176 2544 3230 diebus
2603 3174 2777 3244 qualis
2834 3189 2939 3226 non
2992 3170 3092 3223 fuit
3156 3184 3186 3222 a
3250 3167 3643 3223 constitutione

2079 3268 2262 3323 mundi
2283 3267 2350 3333 ⁸⁸,
2373 3286 2394 3320 ι
2428 3268 2515 3322 hic
2537 3266 2849 3321 constitutio
2876 3260 3144 3332 καταϐολή
3174 3260 3317 3316 dicta
3343 3268 3427 3314 est
3452 3278 3465 3314 :
3495 3258 3639 3329 quod

2083 3361 2153 3415 ita
2200 3360 2609 3433 intelligendum
2659 3366 2741 3413 est
2789 3357 2928 3411 sicut
2979 3354 3225 3423 superius
3276 3352 3643 3421 exposuimus.

2082 3452 2186 3507 Sed
2219 3462 2275 3506 et
2307 3450 2597 3519 Apostolus
2647 3452 2700 3503 in
2755 3448 2996 3517 Epistola
3046 3447 3112 3500 ad
3151 3443 3415 3514 Ephesios
3457 3444 3645 3499 eodem

2081 3559 2331 3597 sermone
2375 3558 2505 3595 usus
2539 3553 2621 3596 est
2665 3557 2785 3595 cum
2818 3540 2894 3592 ait
2930 3556 2943 3592 :
2982 3555 2999 3588 ‹
3028 3536 3130 3604 Qui
3182 3535 3344 3605 elegit
3383 3549 3481 3589 nos
3523 3544 3649 3587 ante

2086 3638 2269 3691 mundi
2313 3635 2757 3690 emistitutiouem
2788 3632 2865 3699 ⁸³,
2894 3650 2913 3683 ι
2967 3640 3022 3684 et
3063 3632 3153 3685 hic
3199 3628 3645 3684 constitutionem

2085 3730 2268 3783 mundi
2309 3728 2607 3798 καταϐολὴν
2640 3727 2796 3791 dixit,
2829 3724 3017 3778 eodem
3051 3737 3214 3777 sensu
3243 3737 3350 3791 quo
3401 3720 3647 3788 superius

2088 3821 2427 3889 interpretati
2493 3833 2678 3873 sumus
2732 3815 3152 3885 intelligendam.
3202 3812 3429 3883 Dignum
3486 3812 3651 3882 igitur

2086 3915 2297 3968 videtur
2328 3913 2601 3982 inquirere
2635 3911 2762 3980 quid
2802 3919 2883 3963 est
2920 3910 3061 3976 quod
3101 3908 3203 3961 hoc
3228 3922 3366 3960 novo
3395 3906 3507 3978 (ἐό)
3552 3922 3648 3959 ιιο-

2088 4006 2231 4059 mine
2261 4005 2526 4058 indicetur
2555 4020 2567 4054 :
2600 4013 2655 4056 et

2088 4100 2343 4163 arbitror,
2388 4097 2643 4165 quoniam
2704 4094 2827 4163 qui-
3058 4104 3250 4145 vensno
3280 4106 3326 4144 s.
3351 4104 3496 4144 Illi-Ill.

2088 4192 2208 4245 dem
2241 4190 2360 4246 finis
2392 4198 2447 4243 et
2470 4204 2832 4253 ,conswmna-
2910 4184 3170 4238 Divinitus
3294 4180 3652 4235 habitaculum

2093 4284 2165 4339 tio
2194 4292 2502 4338 sanctorum
2533 4282 2637 4336 erit
2666 4282 2719 4333 in
2752 4280 2835 4334 his
2907 4279 3020 4347 (9.4)
3072 4287 3120 4331 et
3174 4294 3348 4331 veram
3423 4276 3652 4345 requiem

437 4379 600 4433 «Erit
645 4377 840 4432 caelum
894 4393 1088 4433 novum
1124 4387 1178 4431 et
1247 4381 1395 4451 fuit?
1437 4382 1619 4451 Ipsum
1667 4385 1805 4454 quod
1869 4368 2212 4448 erit.unm
2284 4394 2387 4434 non
2451 4378 2704 4430 videntur
2784 4386 2839 4427 et
2910 4373 3050 4440 apud
3123 4387 3335 4441 superos
3416 4371 3654 4422 existimo

428 4477 581 4521 terra
611 4483 772 4532 nova,
798 4483 917 4536 qua:
960 4484 1059 4537 ego
1090 4468 1176 4522 fa-
1248 4473 1316 4526 Et
1354 4475 1477 4544 quid
1513 4488 1584 4529 est
1624 4478 1761 4544 quod
1790 4476 1991 4544 factum

511 4651 556 4683 ⁸³
576 4650 700 4707 Isai.
732 4655 983 4720 th'|,9.2.
1046 4653 1286 4710 "Ecclc.
1316 4668 1353 4716 ι,
1388 4652 1440 4706 9.

512 4768 623 4841 (l6)
661 4768 967 4841 Scripturtc.
994 4770 1150 4824 Deest
1181 4772 1230 4822 in
1260 4781 1414 4824 antea
1440 4770 1617 4841 editis,
1643 4770 1737 4823 sed
1755 4769 1994 4841 habetur

444 4841 497 4892 in
527 4839 660 4894 mss.
688 4840 830 4892 Infra
868 4856 1023 4903 mss.,
1057 4859 1074 4890 ι
1101 4844 1216 4894 sine
1253 4842 1409 4895 initio
1435 4840 1543 4893 ullo
1568 4851 1669 4893 est.
1694 4859 1712 4889 ι
1749 4839 1808 4892 lu
1835 4842 1997 4895 editis

445 4913 617 4973 deest,
655 4930 673 4959 ‹
699 4912 825 4961 ullo.
854 4929 873 4961 ι
1845 4930 1849 4933 ·

516 4980 625 5051 (l'i)
670 4981 799 5033 Vide
834 4981 869 5033 l.
901 4997 934 5033 ιι
965 4980 1296 5050 Origenian.,
1325 4978 1650 5051 q.12,u._4.

516 5047 627 5122 (l8)
671 5051 761 5104 Sic
810 5066 939 5105 mss.
990 5047 1160 5113 Alias,
1201 5047 1366 5119 (quid
1411 5062 1534 5103 ante
1571 5049 1805 5103 faciebat
1836 5047 1997 5122 Deus

448 5119 734 5189 antequam
791 5123 1019 5175 mundus
1078 5124 1274 5176 fieret?
1329 5122 1558 5174 otiosam
1623 5123 1766 5174 enim
1817 5119 2000 5189 dicere

447 5188 691 5246 naturam
746 5191 871 5253 Dei,
918 5193 1148 5245 otiosum
1199 5204 1297 5246 est.
1326 5211 1344 5241 ι
1395 5191 1596 5244 Ibidem
1647 5206 1801 5253 mss.,
1848 5209 1866 5240 ‹
1900 5188 1999 5240 ali-

447 5264 659 5332 quando
688 5263 823 5314 bene
858 5276 963 5315 non
1004 5263 1218 5318 fecerit.
1247 5283 1263 5313 ι
1302 5262 1359 5316 lu
1404 5273 1563 5315 antea
1606 5260 1764 5315 editis
1812 5260 1998 5324 deest,

452 5349 472 5384 ‹
502 5333 657 5386 bene.
686 5352 704 5382 ι

518 5402 627 5543 £19)
670 5403 811 5456 Cave
836 5410 891 5455 et
920 5414 1077 5456 caute
1112 5404 1243 5473 lege.

540 5474 629 5541 '20)
670 5473 887 5525 Initium
931 5474 1157 5526 aliorum
1206 5476 1243 5539 [ι

540 5468 629 5541 '20)
670 5473 887 5525 lnitiunt
931 5468 1465 5539 aliorunt'ftttttrum.
1515 5472 1607 5528 Sic
1652 5485 1784 5525 mss.
1821 5468 2006 5537 Alias,

454 5561 478 5598 ί
500 5544 714 5604 interim
751 5543 883 5596 alios
913 5543 1139 5597 futuros.
1164 5564 1180 5596 ι

524 5615 635 5684 (2i)
673 5612 804 5684 Yitle
839 5613 873 5665 Ι.
912 5628 949 5666 ιι
980 5612 1311 5683 0rigenian.,
1337 5631 1392 5684 q.
1420 5614 1517 5677 19.,
1550 5630 1606 5667 ιι.
1631 5612 1691 5684 ξ’..

524 5617 605 5684 (ξι
673 5617 804 5677 Vide
839 5617 873 5665 Ι.
912 5628 949 5666 ιι
980 5617 1311 5683 0rigenian.,
1337 5631 1392 5684 q.
1420 5617 1517 5677 12,
1550 5630 1606 5667 ιι.
1636 5617 1691 5667 9..

521 5617 635 5752 (22;
674 5683 929 5737 Dixerunt
973 5699 990 5739 :
1034 5686 1306 5759 καταϐολή
1344 5702 1460 5741 vero
1493 5687 1564 5758 in
1614 5682 1797 5739 (ἐγωεο
1841 5681 2008 5753 magis

1515 4653 1559 4683 ‘“
1589 4653 1781 4706 Matth.
1811 4668 1961 4719 xxxv,
1984 4654 2073 4708 “ll.

2099 4487 2299 4530 aeterna
2344 4482 2502 4539 sunt,
2551 4487 2617 4525 ex
2672 4471 2839 4539 ipsius
2912 4464 3151 4534 intelligi,
3177 4464 3231 4517 in
3263 4479 3362 4532 qua
3402 4472 3655 4514 creatura:

2165 4655 2211 4685 ⁸³
2242 4653 2438 4722 Ephes.
2475 4670 2515 4718 ι,
2533 4652 2587 4707 4.

2103 4770 2321 4839 dejicere
2344 4770 2623 4839 signiﬁcat,
2647 4769 2701 4822 id
2727 4778 2800 4821 est
2824 4770 3067 4822 deorsum
3086 4769 3284 4837 jacere,
3311 4768 3449 4839 quod
3474 4766 3659 4839 Latine

2106 4838 2403 4908 improprie,
2440 4851 2493 4892 ut
2541 4842 2788 4901 diximus,
2832 4842 3251 4892 constitutionem
3287 4838 3490 4891 mundi.
3537 4838 3658 4891 Haec

2101 4927 2220 4979 quze
2247 4912 2312 4964 de
2345 4925 2443 4963 suo
2483 4911 2681 4979 adjecit
2715 4910 2959 4971 Rufinus,
3008 4910 3059 4962 in
3091 4911 3348 4963 Omnibus
3392 4910 3660 4962 habentur

2106 4996 2276 5043 mss.;
2310 4984 2403 5033 sed
2434 4981 2631 5034 omissa
2667 4991 2792 5034 sunt
2818 4980 2871 5032 in
2906 4989 3063 5033 antea
3096 4980 3273 5032 editis.

2177 5049 2287 5122 (95)
2331 5051 2499 5104 Novo.
2534 5052 2690 5105 Deest
2722 5053 2774 5103 in
2803 5060 2974 5122 antea
3001 5049 3297 5122 editis,sed
3334 5047 3659 5122 babcturiu

2107 5119 2241 5175 mss.
2270 5119 2437 5175 Paulo
2479 5134 2598 5188 post
2632 5136 2784 5184 mss.,
2816 5139 2835 5170 ι
2866 5135 2931 5174 ex
2964 5120 3130 5187 ipsius
3173 5120 3293 5171 linis
3325 5119 3661 5185 contempla-

2110 5195 2271 5246 tione.
2302 5211 2319 5243 ι
2352 5191 2507 5246 Libb.
2534 5201 2690 5246 antea
2734 5191 2885 5255 editi,
2924 5208 2942 5240 ι
2967 5201 3021 5244 et
3054 5191 3220 5259 ipsius
3260 5189 3386 5241 linis
3417 5198 3661 5242 conteru-

2108 5264 2274 5333 platio
2312 5273 2411 5315 est.
2440 5282 2458 5313 ι

2175 5332 2284 5404 (24)
2328 5330 2995 5404 Divinituslmbitaculum,
3024 5338 3130 5384 etc.
3172 5328 3295 5404 Haec
3336 5341 3453 5396 qua
3484 5325 3659 5380 locqu

2105 5400 2436 5472 superiorem
2462 5404 2528 5455 ab
2559 5401 2884 5471 llicrooymo
2907 5400 3127 5472 allatum
3153 5401 3334 5472 statim
3360 5408 3661 5472 sequuntur

2106 5467 2356 5543 in'epist.
2382 5474 2449 5527 ad
2476 5474 2717 5543 Avitum,
2750 5467 2844 5525 aut
2880 5471 3244 5543 dissimulavit
3283 5467 3529 5543 Rufinus,
3566 5473 3660 5543 aut

2107 5534 2436 5669 indul'tcravit
2488 5546 2565 5598 uti
2596 5534 2766 5613 liquet
2796 5558 2865 5598 ex
2899 5542 3183 5610 utriusque
3214 5540 3523 5594 versionum
3551 5534 3664 5591 col-

2130 5626 2327 5669 atione.

2130 5618 2327 5672 atione.
