4014 6142
313 233 418 291 γῆς)

309 356 438 412 ﬁnis
503 357 661 429 150
717 363 1052 433 contempla-

312 451 477 516 tione,
521 455 664 508 sicut
709 456 762 509 in
815 459 1060 526 superio-

308 543 460 601 ribus
511 546 830 617 frequenter
869 561 1058 608 osten-

306 635 512 705 dimus.
545 639 735 694 Simile
772 641 931 696 etiam
975 659 1062 698 ra-

308 731 605 788 tionabiles
632 743 917 791 creaturas
963 739 1060 793 ha-

307 823 492 880 buisse
518 830 844 883 censendum
869 838 969 886 est.
995 833 1061 887 Et

303 915 350 970 si
385 916 494 970 tale
528 919 738 974 initium
772 921 1060 978 habuerint

303 1006 528 1074 qualem
590 1010 749 1064 tinem
805 1021 1058 1080 sperant,

304 1097 531 1152 fuerunt
578 1102 696 1158 sine
742 1104 907 1160 dubio
947 1105 1056 1173 jam

303 1190 371 1244 ab
401 1192 564 1250 initio
595 1196 646 1250 in
681 1198 762 1252 bis
796 1213 917 1268 quae
951 1217 1056 1256 non

303 1288 563 1345 videnlur
587 1301 640 1346 et
670 1302 873 1349 veterna
908 1307 1082 1353 sunt.‘

300 1380 460 1448 Quod
488 1386 535 1438 si
577 1396 683 1452 est,
720 1388 786 1442 de
815 1392 1061 1459 superio-

301 1475 457 1531 ribus
517 1477 585 1531 ad
641 1479 899 1535 inferiora
963 1485 1057 1539 de-

299 1577 558 1622 scensum
599 1580 683 1624 est
728 1588 832 1626 non
882 1574 1054 1630 solum

299 1661 370 1714 ab
395 1661 484 1718 bis
509 1664 791 1723 animabus
813 1669 922 1742 (23)
939 1685 1058 1740 qua:

300 1749 355 1804 id
391 1762 640 1808 motuum
693 1773 912 1814 suorum
967 1777 1059 1816 va-

299 1841 504 1900 rietate
529 1858 1058 1914 meruerunt,verum

298 1940 356 1986 et
396 1937 469 1989 ab
504 1935 593 1993 his
627 1953 745 2006 qua:
788 1941 853 1994 ad
893 1942 1057 1998 totius

299 2025 495 2080 mundi
562 2028 921 2086 ministerium
990 2049 1056 2087 ex

298 2114 412 2171 illis
448 2120 823 2188 superioribus
862 2132 916 2179 et
966 2125 1057 2178 in-

297 2210 616 2267 visibilibus
649 2216 718 2268 ad
772 2218 886 2271 haec
926 2217 1058 2273 inl'e-

299 2300 451 2356 riora
471 2311 528 2357 et
554 2303 789 2359 visibilis
807 2307 1053 2363 deductae

297 2400 457 2458 sunt,
485 2392 614 2447 licet
643 2409 749 2448 non
781 2396 1054 2465 volentes;

303 2496 324 2531 ι
359 2484 597 2537 vanitati
653 2485 850 2555 quippe
901 2502 1058 2542 crea-

300 2578 430 2625 tura
496 2574 736 2642 subjecta
799 2586 884 2631 est
955 2593 1060 2633 non

299 2660 526 2727 volens,
557 2665 648 2718 sed
689 2675 909 2734 propter
937 2681 1061 2721 eum

298 2749 403 2818 qui
459 2750 692 2820 subjecit
727 2754 783 2808 in
827 2770 922 2824 spe
943 2757 1010 2822 ⁸³,
1037 2777 1056 2810 ι

301 2853 417 2908 qua
448 2840 534 2895 vel
563 2842 664 2910 sol,
694 2844 776 2898 vel
805 2844 947 2910 luna,
978 2847 1062 2902 vel

304 2931 504 3000 stellae,
548 2936 630 2990 vel
663 2938 836 3007 angeli
877 2942 1061 3009 exple-

307 3035 435 3079 rent
475 3025 793 3096 obsequium
837 3031 1058 3100 mundo,

308 3128 364 3174 et
394 3119 485 3174 his
519 3122 800 3177 animabus
839 3139 960 3193 quae
994 3128 1063 3182 ob

309 3213 516 3268 nimios
559 3215 799 3273 delectus
843 3220 1062 3286 mentis,

309 3305 676 3362 crassioribns
720 3308 843 3372 istis.
878 3319 934 3364 et
975 3326 1067 3366 so-

309 3394 600 3452 lidioribus
632 3398 915 3469 indignere
941 3417 1062 3457 cor-

309 3487 560 3554 poribus,
598 3497 655 3542 et
713 3501 931 3562 propter
971 3508 1066 3550 eos

310 3579 514 3647 quibus
556 3581 659 3636 hoc
701 3593 818 3637 erat
870 3601 1064 3642 neces-

313 3673 555 3739 sarium,
636 3675 871 3732 mundus
961 3679 1067 3735 iste

314 3768 482 3820 etiam
512 3768 740 3826 visibilis
784 3773 1068 3830 institutus

314 3868 423 3915 est.
462 3860 540 3915 Ex
587 3864 692 3918 hoc
737 3881 866 3936 ergo
918 3882 1068 3923 com-

317 3956 560 4011 muniter
637 3961 878 4014 omnium
972 3977 1068 4032 per

315 4048 464 4103 hanc
507 4049 960 4120 signiﬁcantiam,
1013 4055 1067 4111 id

314 4150 402 4196 est
449 4155 544 4212 per
568 4142 890 4213 καταϐολὴν,
921 4160 949 4197 a
979 4160 1064 4200 su-

317 4231 621 4298 perioribus
680 4233 748 4286 ad
812 4233 1066 4287 inferiora

319 4325 536 4379 videtur
596 4326 824 4382 indicari
895 4327 1066 4382 dedu-

318 4416 450 4472 ctio.
503 4404 661 4486 Spem
721 4434 854 4472 sane
900 4420 1067 4474 liber-

323 4509 450 4562 tatis
508 4509 762 4564 universa
815 4522 1065 4566 creatura

321 4597 460 4666 gerit
489 4606 547 4653 ut
577 4613 606 4653 a
637 4600 914 4656 servitutis
952 4616 1070 4656 cor-

321 4691 575 4759 ruptione
621 4690 903 4756 liberetur,
947 4707 1068 4746 cum

321 4779 418 4834 lilii
452 4779 544 4835 Dei
574 4781 666 4850 qui
696 4781 780 4836 vel
813 4782 1068 4851 prolapsi,
1095 4797 1114 4809 λ

321 4874 406 4929 vel
474 4875 708 4944 dispersi
800 4885 960 4939 sunt,
1018 4878 1106 4931 in.

321 4984 485 5025 unum
562 4970 765 5026 fuerint
845 4985 1073 5040 congre-

321 5060 454 5128 gati,
483 5060 566 5116 vel
603 5076 725 5116 cum
761 5073 958 5117 caetera
989 5062 1072 5116 of-

387 5177 437 5213 "
469 5181 627 5235 Rom.
670 5195 788 5246 vin,
811 5179 902 5233 ‘20.

1649 247 1844 304 LiBER
1885 251 2210 307 TERTIUS.

1137 368 1476 424 rationabiles
1500 382 1877 426 commorantes
1908 375 1952 430 Α
1980 375 2174 440 sterio,
2211 386 2262 425 ut
2308 375 2578 428 ruentibus
2618 391 2729 426 ma-
2803 369 2924 425 licia
2973 367 3313 438 expleverint
3348 368 3404 422 in
3446 370 3548 423 hoc

1134 471 1410 532 antequam
1479 465 1548 516 ad
1625 466 1873 534 inferiora

1135 552 1249 606 loca
1289 554 1683 622 descenderent,
1725 567 1772 612 et
1817 561 1879 612 de

1135 644 1484 700 inuisibilibus
1534 649 1602 700 ad
1654 651 1878 703 visibilia

1137 738 1570 806 commigrarent,
1645 751 1879 795 ruentes-

1135 846 1233 900 que
1286 834 1354 884 ad
1421 844 1613 887 terram
1691 842 1881 890 crassis

1137 925 1410 991 coporibus
1451 925 1763 996 indigerent,
1793 945 1883 982 an-

1137 1014 1281 1082 tiqua
1351 1017 1661 1073 beatitudine
1732 1023 1880 1089 frue-

1138 1103 1347 1162 bantur.
1417 1108 1566 1163 Unde
1643 1115 1883 1172 conditor

1141 1195 1277 1251 Deus
1339 1199 1459 1266 fecit
1510 1203 1586 1255 eis
1649 1219 1880 1272 congrua

1135 1287 1416 1343 humilibus
1460 1293 1586 1346 locis
1628 1311 1881 1363 corpora,

1135 1387 1187 1430 et
1231 1382 1482 1435 mundum
1526 1386 1682 1438 istum
1712 1389 1884 1442 visibi-

1135 1465 1235 1521 lem
1277 1469 1564 1538 fabricatus
1594 1487 1697 1537 est,
1729 1480 1884 1532 mini-

1136 1570 1371 1632 strosque
1436 1565 1496 1617 ob
1559 1567 1779 1623 salutent
1833 1581 1882 1626 et

1138 1657 1514 1724 c-orreptionem
1567 1675 1748 1717 eorum
1795 1667 1883 1735 qui

1137 1748 1459 1817 ceciderunt,
1483 1753 1626 1807 misit
1654 1756 1708 1808 in
1740 1773 1884 1814 mun-
1915 1727 1958 1782 Β

1137 1840 1294 1908 dum;
1319 1859 1383 1896 ea:
1409 1845 1595 1914 quibus
1622 1847 1717 1902 alii
1745 1862 1884 1906 certa

1137 1933 1426 1990 obtinerent
1457 1937 1592 2003 loca,
1615 1949 1662 1992 et
1701 1942 1885 1995 mundi

1138 2029 1535 2083 necessitatibus
1584 2032 1882 2100 obedirent;

1136 2120 1230 2172 alii
1277 2122 1514 2191 injuncta
1568 2125 1669 2179 sibi
1716 2129 1883 2197 officia

1135 2211 1358 2281 singulis
1407 2215 1696 2286 quibusque
1754 2229 1883 2273 tem-

1134 2304 1349 2370 poribus
1375 2323 1493 2375 quia
1520 2311 1656 2362 novit
1685 2311 1883 2380 artifex

1140 2394 1298 2460 Deus,
1335 2400 1518 2453 sedula
1562 2411 1732 2456 mente
1773 2413 1882 2456 tra-

1137 2494 1358 2540 ctarent.
1391 2487 1456 2541 Et
1496 2505 1560 2543 ex
1595 2495 1676 2545 his
1717 2494 1884 2548 subli-

1138 2580 1307 2633 miora
1339 2583 1522 2636 mundi
1565 2585 1678 2640 loca
1721 2590 1800 2641 sol
1835 2599 1884 2644 et

1139 2669 1267 2723 luna
1313 2680 1361 2724 et
1429 2673 1592 2729 stella:
1653 2693 1769 2748 quae
1819 2681 1883 2734 ab

1138 2765 1389 2834 Apostolo
1474 2780 1718 2826 creatura
1802 2775 1886 2828 di-

1138 2868 1352 2925 cuntur,
1399 2875 1727 2930 acceperunt.
1757 2865 1887 2930 Qua:

1138 2959 1382 3006 creatura
1408 2954 1630 3007 vanitati
1654 2955 1887 3022 subjecta

1136 3050 1214 3095 est
1257 3058 1317 3097 eo
1355 3044 1494 3112 quod
1540 3045 1734 3099 crassis
1780 3047 1887 3100 cir-

1136 3139 1388 3192 cumdata
1459 3141 1769 3209 corporibus
1838 3153 1884 3196 et

1139 3233 1374 3300 aspectui
1408 3242 1614 3301 pateat;
1640 3241 1690 3286 et
1714 3242 1885 3287 tamen

1138 3341 1241 3378 non
1291 3336 1472 3393 sponte
1521 3325 1756 3393 subjecta
1810 3336 1885 3379 est

1138 3416 1388 3482 vanitati,
1426 3416 1518 3470 sed
1561 3424 1770 3484 propter
1801 3431 1888 3470 vo-

1143 3504 1394 3559 luntatem
1452 3505 1566 3575 ejus
1617 3506 1708 3575 qui
1771 3522 1885 3559 eam

1135 3595 1357 3665 subjecit
1407 3596 1460 3649 in
1515 3613 1622 3664 spe.
1664 3595 1732 3650 Et
1781 3596 1885 3650 ile-

1137 3703 1256 3742 rum
1298 3685 1452 3740 :Alii
1499 3703 1618 3742 vero
1672 3689 1727 3742 in
1775 3687 1886 3742 sin-

1133 3777 1271 3846 gulis
1321 3776 1447 3830 locis
1495 3787 1650 3846 atque
1689 3787 1887 3846 tempo-

1137 3869 1302 3932 ribus,
1346 3885 1462 3938 quce
1503 3871 1644 3921 solus
1695 3867 1888 3936 artifex

1138 3961 1276 4014 novit
1297 3998 1312 4023 ,
1366 3959 1551 4013 mundi
1622 3958 1884 4026 guberna—

1137 4051 1269 4104 culis
1304 4050 1566 4115 serviunt,
1610 4064 1738 4118 quos
1789 4064 1884 4101 an-

1139 4141 1280 4210 gelos
1328 4157 1439 4194 esse
1490 4140 1772 4193 credimus.
1823 4139 1887 4192 Et

1139 4243 1263 4302 post
1336 4232 1612 4302 paululum
1659 4251 1670 4284 :
1719 4231 1883 4296 Quem

1139 4342 1316 4380 rerum
1393 4325 1631 4378 ordinem
1723 4323 1883 4376 totius

1989 479 2110 516 num
2153 463 2460 530 porrigant;
2497 463 2605 517 illa:
2643 481 2732 516 co-

1987 564 2181 620 guntur
2217 553 2457 620 ingratae,
2486 562 2539 604 ut
2586 562 2731 606 tanto

1989 649 2212 710 tempore
2252 643 2305 694 in
2359 652 2595 712 suscepto
2629 643 2732 712 offi-

1987 733 2067 786 cio
2124 744 2467 802 perseverent.
2510 734 2577 788 Et
2628 735 2728 790 ite-

1990 840 2105 878 rum
2136 843 2148 878 :
2182 825 2265 878 Ea:
2287 841 2388 894 quo
2414 826 2651 894 sequitur
2678 837 2733 880 ut

1987 917 2049 969 ob
2099 917 2274 970 varios
2351 925 2522 970 motus
2597 919 2732 970 varii

1988 1016 2230 1062 creentur
2251 1016 2296 1061 et
2321 1008 2524 1074 ntnndi,
2547 1019 2592 1062 et
2619 1019 2730 1076 post

1989 1103 2125 1154 hunc
2199 1118 2348 1170 quem
2431 1101 2731 1167 incolimus,

1990 1193 2128 1244 alius
2202 1191 2366 1243 multo
2462 1191 2733 1245 dissimilis

1989 1282 2214 1333 mundus
2240 1336 2246 1341 .
2267 1281 2379 1346 ﬁat.
2434 1278 2734 1352 Nullusque

1989 1371 2127 1424 alius
2171 1371 2386 1425 diversis
2435 1375 2643 1426 casibus
2685 1385 2732 1428 et

1989 1462 2332 1529 profectibus,
2367 1471 2416 1515 et
2453 1467 2528 1516 vel
2572 1465 2735 1520 virtu-

1990 1563 2100 1606 tum
2119 1555 2465 1622 pra'miis,vel
2492 1557 2733 1612 vitiorum

1990 1646 2281 1715 suppliciis,
2310 1658 2354 1700 et
2383 1649 2438 1700 in
2469 1650 2733 1717 praesenti,

1989 1748 2036 1793 et
2090 1741 2143 1793 in
2205 1741 2418 1807 futuro,
2473 1753 2628 1812 atque
2681 1745 2737 1799 in

1989 1833 2226 1886 omnibus
2315 1843 2366 1888 et
2459 1847 2635 1902 retro,
2686 1847 2734 1891 et

1988 1924 2167 1992 priora
2204 1927 2520 1994 temporibus
2568 1941 2732 1998 potest

1989 2017 2178 2070 merita
2214 2019 2534 2086 dispensare,
2574 2033 2621 2074 et
2667 2025 2737 2076 ad

1991 2123 2154 2161 unum
2183 2126 2390 2164 rursum
2427 2112 2585 2179 ﬁnem
2619 2130 2740 2170 cun-

1989 2208 2073 2254 cta
2101 2206 2420 2270 pertrahere,
2453 2207 2553 2260 nisi
2596 2209 2738 2262 solas

1989 2295 2232 2349 conditor
2281 2298 2512 2352 omnium
2559 2299 2735 2365 Deus,

1988 2387 2078 2454 qui
2133 2390 2230 2442 scit
2288 2406 2476 2445 causas
2528 2403 2738 2460 propter

1988 2493 2119 2546 quas
2161 2479 2294 2534 alios
2327 2483 2596 2548 permittat
2638 2501 2736 2539 sua

1990 2573 2194 2641 perfrui
2246 2575 2533 2644 voluntate,
2575 2587 2624 2632 et
2674 2581 2739 2633 de

1994 2663 2284 2731 majoribus
2319 2667 2387 2718 ad
2431 2667 2616 2720 ultima
2651 2670 2740 2724 de-

1993 2748 2125 2815 labi,
2144 2751 2276 2806 alios
2293 2754 2508 2824 incipiat
2527 2758 2739 2813 visitare

1993 2850 2042 2894 et
2084 2843 2345 2912 gradatim
2381 2849 2534 2914 quasi
2577 2864 2738 2902 manu

1993 2933 2122 2986 data
2149 2935 2218 2987 ad
2261 2936 2540 3002 pristinum
2574 2946 2738 2992 retra-

1994 3022 2114 3078 Itere
2143 3032 2368 3089 statum,
2405 3035 2452 3079 et
2486 3028 2540 3078 in
2574 3027 2740 3081 subli-

1987 3113 2154 3167 mibus
2183 3115 2456 3171 collocare.

3443 251 3548 307 350

2802 462 3031 526 mundo,
3083 475 3204 530 qua:
3254 459 3403 514 solus
3449 473 3546 514 co-

2799 555 3011 623 gnoscit
3059 554 3298 609 omnium
3343 552 3542 608 artifex

2799 644 2964 698 Deus.
3017 641 3200 698 Talem
3270 656 3429 706 vero,
3483 656 3548 696 ac

2803 742 3008 787 tantum
3082 733 3385 801 putandum
3463 740 3549 790 est

2801 824 3000 880 factum
3053 840 3175 881 esse
3246 824 3546 889 mundum,

2800 914 2890 982 qui
2942 912 3025 967 vel
3075 927 3264 968 orantes
3295 927 3388 968 eas
3433 913 3552 966 ani-

2803 1024 2918 1064 mas
2965 1025 3087 1079 quae
3133 1011 3185 1064 in
3221 1012 3322 1066 hoc
3353 1012 3551 1064 mundo

2802 1113 3020 1158 statutae
3077 1112 3204 1160 sunt
3269 1105 3510 1159 exerceri
3534 1145 3549 1170 ,

2802 1203 3044 1263 caperet,
3087 1195 3170 1248 vel
3222 1209 3416 1251 omnes
3459 1211 3554 1250 eas

2802 1288 3032 1343 virtutes
3070 1303 3190 1357 qua:
3225 1289 3416 1345 adesse
3449 1290 3549 1352 eis,

2802 1390 2856 1432 et
2886 1379 3200 1449 dispensare
3230 1394 3341 1442 eas.
3377 1395 3442 1436 ac
3466 1382 3554 1450 ju-

2803 1486 2930 1526 vare
2960 1481 3160 1542 paratae
3198 1481 3344 1526 sunt.
3378 1471 3552 1528 Unius

2804 1574 3036 1629 namque
3067 1569 3274 1614 natura:
3301 1574 3422 1615 esse
3443 1574 3555 1614 om-

2804 1669 2900 1709 nes
2933 1653 3282 1710 rationabiles
3327 1661 3549 1708 creatu-

2806 1760 2892 1799 ras
2930 1743 3075 1816 (26),
3124 1759 3190 1799 ex
3232 1743 3415 1799 multis
3466 1757 3558 1799 as-

2793 1835 3138 1890 sertionibus
3227 1833 3554 1904 comproba-

2806 1938 2895 1984 tur
2919 1947 2936 1984 :
2964 1944 3060 2000 per
3085 1930 3226 2000 quod
3252 1929 3425 1984 solum
3457 1929 3555 1985 Dei

2801 2020 3004 2088 iustitia
3106 2021 3357 2076 omnibus
3457 2035 3522 2076 ea
3537 2051 3554 2061 -

2810 2130 2928 2169 rum
2989 2114 3115 2186 (27)
3184 2107 3551 2184 dispensatio-

2812 2205 2969 2259 nibus
3053 2203 3263 2260 defendi
3335 2211 3552 2274 potest,

2810 2295 2936 2348 dum
2983 2308 3316 2363 unaquaeque
3363 2295 3416 2348 in
3468 2309 3556 2349 se-

2810 2383 3038 2452 metipsa
3111 2384 3276 2436 habet
3359 2397 3554 2437 causas

2809 2473 2950 2542 quod
3001 2473 3055 2526 in
3106 2472 3219 2539 illo,
3261 2473 3343 2528 vel
3376 2473 3430 2528 in
3465 2473 3557 2528 illo

2810 2566 2935 2618 vitae
2960 2563 3358 2632 ordine'posita
3389 2564 3482 2619 sit.

2879 2655 2932 2709 5.
2967 2655 3118 2710 Hanc
3158 2669 3288 2724 ergo
3333 2653 3560 2725 disposi-

2811 2748 3010 2803 tionem
3040 2749 3135 2803 Dei
3172 2763 3332 2818 quam
3370 2756 3557 2818 postea

2810 2845 3116 2910 ordinavit,
3155 2843 3267 2912 jam
3325 2853 3452 2900 tunc
3491 2845 3558 2900 ab

2811 2939 3020 3007 origine
3039 2939 3222 2992 mundi
3255 2938 3557 2993 rationibus

2811 3032 3092 3100 causisque
3130 3036 3433 3102 perSpcctis
3461 3045 3558 3086 eo-

2813 3135 2930 3174 rum
2972 3121 3063 3190 qui
3096 3121 3177 3177 vel
3214 3136 3312 3190 pro
3340 3120 3556 3178 delectu

1987 3204 2184 3258 mentis
2217 3206 2402 3262 venire
2449 3206 2501 3260 in
2537 3221 2762 3277 corpora
2799 3212 3171 3277 merebantur,
3215 3212 3301 3267 vel
3347 3227 3538 3268 eorum

1987 3294 2074 3362 qui
2117 3294 2406 3351 visibilium
2443 3297 2735 3367 cupiditate
2775 3303 3146 3369 raptabantur,
3189 3305 3287 3357 sed
3333 3312 3389 3357 et
3435 3302 3558 3358 illo-

1988 3401 2106 3438 rum
2139 3387 2230 3456 qui
2275 3387 2357 3442 vel
2383 3388 2622 3444 volentes
2656 3388 2767 3462 (28)
2796 3391 2879 3444 vel
2909 3391 3062 3446 inviti
3098 3401 3354 3460 praestare
3379 3393 3556 3450 ollicia

1987 3477 2230 3547 quaedam
2261 3479 2343 3534 bis
2369 3480 2460 3548 qui
2505 3480 2559 3533 in
2605 3481 2745 3535 hunc
2791 3489 2989 3536 statum
3031 3483 3369 3549 deciderant,
3400 3500 3551 3538 com-

1988 3568 2325 3637 pellebantur
2357 3571 2422 3624 ab
2451 3583 2516 3625 eo
2541 3571 2631 3640 qui
2665 3571 2717 3624 in
2756 3586 2848 3640 spe
2876 3571 3215 3640 subjiciebat,
3247 3588 3349 3628 non
3391 3575 3559 3630 intel-

1988 3659 2216 3728 ligentes
2251 3660 2493 3729 quidam,
2527 3675 2627 3716 nec
2673 3663 3018 3718 advertentes
3061 3667 3203 3733 quod
3241 3679 3309 3718 ex
3357 3680 3556 3734 praece-

1987 3749 2242 3805 dentibus
2271 3749 2427 3804 liberi
2458 3750 2670 3805 arbitrii
2695 3753 2872 3808 causis
2901 3753 3144 3808 instituta
3177 3755 3363 3810 fuisset
3393 3770 3422 3809 a
3452 3754 3558 3809 Deo

1989 3844 2360 3912 diSpositionis
2385 3844 2485 3899 ista
2520 3844 2772 3910 varietas,
2796 3845 3044 3900 arbitrati
3073 3854 3194 3901 sunt
3213 3847 3296 3901 vel
3320 3847 3558 3902 fortuitis

1989 3934 2227 3987 motibus
2256 3933 2338 3988 vel
2368 3932 2516 3988 l'atali
2549 3934 2874 3989 necessitate
2903 3935 2984 4005 agi
3015 3937 3193 3990 omnia
3222 3950 3342 4006 quae
3371 3937 3424 3990 iu
3455 3937 3557 3992 hoc

1988 4022 2188 4077 mundo
2230 4021 2391 4086 ﬁunt,
2444 4037 2543 4079 nec
2584 4038 2705 4078 esse
2753 4024 2950 4094 aliquid
2992 4025 3044 4079 in
3081 4035 3266 4080 nostro
3305 4027 3554 4082 arbitrio.

1987 4114 2145 4170 Unde
2173 4129 2274 4169 nec
2304 4114 2397 4171 Dei
2439 4115 2836 4186 providentiam
2867 4115 3247 4186 inculpabilem
3277 4118 3559 4186 assignare

1986 4214 2307 4274 potuerunt.

2055 4319 2110 4375 6.
2149 4318 2305 4372 Sicut
2349 4327 2527 4372 autem
2568 4318 2826 4381 diximus,
2870 4318 2997 4385 quia
3037 4315 3243 4381 multis,
3275 4317 3358 4370 vel
3396 4315 3556 4370 mini-

1138 4417 1321 4471 mundi
1366 4417 1492 4486 regit
1521 4413 1883 4480 Providentia,
1918 4403 1963 4457 D
1994 4413 2162 4475 stris,
2201 4408 2287 4464 vel
2337 4407 2658 4475 rectoribus,
2702 4407 2787 4461 vel
2822 4398 3238 4462 auxillatoribus
3285 4419 3558 4476 eguerunt

1139 4511 1264 4563 dum
1295 4509 1417 4562 alite
1456 4508 1672 4562 virtutes
1699 4506 1765 4558 de
1807 4520 1892 4558 su-

1141 4601 1469 4654 blimioribus
1591 4605 1846 4651 corruunt
1871 4635 1887 4661 ,

1141 4693 1261 4748 aliae
1321 4689 1577 4762 paulatim
1641 4688 1894 4742 labuntur

1141 4784 1196 4836 in
1236 4794 1438 4847 terras;
1481 4781 1596 4835 istae
1649 4779 1892 4834 volunta-

1145 4879 1238 4932 ria:
1319 4873 1640 4929 descendunt
1664 4914 1678 4936 ,
1767 4871 1889 4924 alia:

1143 4967 1540 5036 prcccipitantur
1570 4963 1780 5027 invitia;
1807 4961 1891 5014 ha:

1144 5069 1326 5130 sponte
1387 5057 1680 5126 suscipiunt
1735 5053 1894 5108 mini-

390 5315 503 5397 (εξ)
531 5315 626 5397 Sic
658 5331 784 5397 mss.
817 5317 871 5397 l_n
899 5315 1055 5371 editis
1085 5314 1356 5397 omittitur
1389 5307 1888 5397 (solum-,dihet‘pro

328 5404 350 5442 ί
375 5375 659 5442 ἐιιὶιὶιειὶιιιε
686 5406 705 5438 ι
744 5388 940 5458 legitur
971 5404 989 5435 ‹
1018 5382 1376 5458 animalibus;
1416 5396 1433 5428 ι
1465 5384 1518 5430 et
1549 5375 1714 5443 paulo
1742 5379 1887 5442 post,

331 5477 349 5510 ι
373 5459 599 5512 deducta
634 5452 941 5520 suntflicet
970 5470 1074 5508 non
1105 5452 1358 5517 volentia.
1392 5467 1410 5500 ι

392 5525 508 5667 tu

547 5527 682 5581 Vide
707 5526 746 5580 ι.
768 5517 809 5580 it
837 5524 1169 5593 0riqenian.,
1194 5537 1248 5590 (ι.
1273 5520 1329 5584 5,
1354 5533 1411 5573 n.
1446 5517 1534 5572 ll.

550 5579 795 5651 I'tawinss.
828 5579 969 5648 Editi
1004 5579 1259 5655 autem,'t
1290 5579 1499 5642 eorum.
1523 5604 1540 5637 ι
1570 5579 1736 5655 Paulo
1765 5587 1891 5655 post

331 5649 505 5733 ιἠιέείί
539 5649 728 5721 illanc
761 5649 910 5732 ergo
963 5649 1367 5730 dispositionem
1411 5657 1521 5711 Dei.
1549 5674 1566 5706 ι
1623 5652 1679 5705 In
1731 5649 1890 5704 editis

691 5762 963 5822 PATROL.
1005 5757 1121 5822 Gu.
1173 5757 1278 5819 XI.

1991 4503 2182 4556 animae
2208 4513 2394 4554 omnes
2425 4514 2545 4568 qua:
2575 4498 2627 4552 in
2659 4498 2761 4552 hoc
2792 4498 2990 4552 mundo
3031 4505 3258 4551 versatae
3289 4504 3415 4551 sunt
3444 4515 3456 4550 :
3485 4498 3562 4550 ita

1991 4595 2044 4648 in
2104 4592 2416 4647 novissimis
2469 4589 2802 4659 temporibus
2848 4603 2971 4644 cum
3005 4588 3116 4657 jam
3173 4587 3300 4643 linis
3363 4589 3563 4642 mundo

1989 4682 2275 4754 proximus
2320 4679 2664 4746 immineret,
2708 4687 2762 4733 et
2807 4679 2860 4732 in
2906 4677 3149 4732 ultimam
3201 4676 3564 4753 perditionem

1990 4788 2154 4829 omne
2179 4773 2474 4827 humanum
2503 4777 2750 4838 vergeret
2781 4781 2974 4837 genus,
3018 4767 3308 4821 inﬁrmatis
3336 4781 3440 4820 non
3486 4781 3566 4821 so-

1997 4865 2226 4921 lumbis
2266 4863 2356 4932 qui
2390 4862 2736 4932 regebantur,
2783 4873 2971 4914 verum
3015 4859 3179 4913 etiam
3219 4858 3328 4913 illis
3367 4857 3566 4926 quibus

2001 4956 2221 5026 regendi
2269 4953 2448 5007 fuerat
2489 4949 2802 5005 sollicitudo
2843 4949 3154 5014 commissa,
3186 4963 3290 5003 non
3323 4947 3436 5016 jam
3472 4947 3563 5001 tali

1999 5047 2221 5113 auxilio,
2245 5059 2342 5100 nec
2367 5041 2637 5097 similibus
2666 5038 2778 5095 suis
2807 5039 3033 5110 indiguit
3055 5037 3450 5103 defensoribus,
3473 5036 3566 5092 sed

1995 5301 2144 5357 deest
2173 5316 2192 5350 ι
2223 5312 2372 5368 ergo.
2404 5317 2424 5351 ι

2064 5369 2174 5441 (28)
2205 5364 2314 5441 Sic
2331 5383 2458 5422 mss.
2488 5365 2625 5441 Editi
2659 5381 2812 5441 vero,
2843 5383 2862 5416 ι
2892 5367 3190 5441 nolentes.»
3229 5365 3383 5441 Infra
3407 5375 3567 5441 m_ss.,

1999 5458 2018 5492 ι
2047 5431 2168 5508 quoi
2204 5439 2256 5492 in
2292 5440 2396 5492 hoc
2433 5437 2633 5510 annulo
2688 5437 2843 5490 llunt.
2875 5455 2894 5487 ι
2945 5435 3126 5510 Editi,_
3153 5453 3170 5486 ι
3199 5450 3320 5502 quae
3371 5432 3423 5484 in
3463 5431 3568 5510 hoc

1995 5500 2196 5581 mundo
2231 5519 2425 5581 ειῃιμι
2472 5505 2639 5581 Paulo
2677 5514 2798 5574 post
2836 5519 3051 5581 mss.,__¢
3077 5500 3230 5581 sicut
3259 5511 3442 5555 autem
3485 5500 3568 5552 di-

1996 5578 2190 5635 ximus.
2216 5597 2234 5631 ι
2276 5578 2442 5646 Editi,
2475 5594 2494 5627 ‹
2523 5573 2876 5632 sicutautem
2909 5573 3234 5627 audivimus.
3265 5589 3284 5621 ι

3137 5726 3209 5783 11
