4014 6142
461 279 554 334 531

1680 265 1934 323 ORIGEN
1941 263 2002 320 IS
2034 266 2195 320 ΠΕΡΙ
2231 262 2463 319 ΑΡΧΩΝ

3639 257 3710 311 32

464 389 707 447 auctoris
742 385 908 458 ipsius
953 393 1005 437 et
1037 378 1297 435 creatoris
1345 377 1424 432 sui
1477 389 1631 444 opem
1678 373 2022 444 depoposcit,
2057 378 2100 433 Α
2130 369 2368 439 subjecta
2399 373 2599 425 fuerint
2621 371 2723 425 sibi
2748 369 2950 434 omnia,
2980 383 3101 423 cum
3131 383 3224 424 rex
3249 368 3490 423 omnium
3519 369 3712 429 fuerit.

462 486 554 556 qui
596 491 650 536 et
695 480 781 535 his
825 473 1141 537 obediendi,
1187 478 1241 524 et
1292 468 1399 522 illis
1441 466 1658 537 regendi
1716 472 2028 530 corruptam

461 553 854 643 profanamque
895 561 1205 616 restitueret
1249 556 1610 625 disciplinam.
1660 554 1811 610 Unde
1845 553 2030 621 unige-

466 641 614 720 nitus
646 659 815 714 Filius
844 653 937 708 Dei
970 651 1060 718 qui
1098 656 1215 703 erat
1259 646 1491 701 Verbum
1524 654 1577 700 et
1627 645 1888 713 sapientia
1930 641 2030 696 Pa-

464 757 583 820 tris,
610 767 728 807 cum
762 755 904 802 esset
939 746 989 796 iu
1023 757 1084 795 ea
1118 740 1286 810 gloria
1317 738 1457 807 apud
1493 738 1706 792 Patrem
1735 751 1894 804 quam
1935 736 2028 789 ba-

462 844 577 898 buit
602 849 884 906 antequam
934 833 1165 888 mundus
1201 836 1363 894 esset,
1399 827 1695 882 exinanivit
1734 824 1886 894 151
1942 837 2019 877 se-

463 933 778 998 metipsum,
805 937 861 982 et
891 927 1123 980 formam
1157 923 1298 977 servi
1332 921 1604 990 accipiens
1639 918 1869 971 ellieitur
1899 916 2026 969 obe-

461 1026 611 1080 diens
643 1035 816 1090 usque
866 1020 933 1073 ad
986 1027 1244 1082 mortem,
1296 1025 1354 1069 ut
1388 1013 1756 1068 obedientiam
1811 1012 2028 1064 doceret

459 1133 553 1174 eos
583 1119 671 1185 qui
729 1130 832 1169 non
885 1113 1041 1166 aliter
1092 1111 1193 1165 nisi
1252 1123 1347 1178 per
1390 1105 1755 1162 obedientiam
1795 1104 2024 1158 salutem

457 1209 717 1278 consequi
768 1214 1055 1276 poterant;
1108 1201 1329 1270 regendi
1383 1213 1601 1268 quoque
1656 1197 2026 1265 regnandique

457 1310 740 1369 corruptas
769 1297 1005 1353 restituit
1038 1297 1202 1365 leges,
1234 1293 1360 1346 dum
1392 1305 1581 1345 omnes
1615 1288 1862 1353 inimicos
1897 1288 2025 1342 sub-

451 1394 581 1462 jecit
617 1391 844 1461 pedibus
871 1387 1002 1450 suis,
1030 1394 1086 1438 ut
1115 1398 1210 1452 per
1237 1384 1341 1438 hoc.
1371 1381 1514 1450 quod
1545 1392 1766 1432 necesse
1795 1387 1878 1430 est
1901 1392 2022 1430 cum

457 1495 689 1553 regnare
719 1480 892 1534 donec
932 1483 1095 1545 ponat
1127 1473 1374 1528 inimicos
1401 1485 1530 1524 suos
1573 1468 1670 1523 sub
1710 1467 1935 1530 pedibus
1970 1475 2025 1523 et

459 1570 814 1626 novissimum
852 1568 1126 1620 inimicum
1189 1565 1432 1617 destruat
1481 1569 1742 1623 mortem,
1782 1567 2022 1613 rectores

458 1663 606 1732 ipsos
647 1659 866 1730 regendi
901 1659 1090 1712 doceat
1130 1654 1522 1708 moderamina.
1555 1649 1692 1717 Quia
1741 1664 1870 1720 ergo
1913 1664 2017 1702 non

457 1753 632 1811 solum
683 1749 937 1820 regendi,
992 1747 1072 1802 vel
1129 1741 1386 1815 regnandi
1441 1740 1586 1813 (29),
1640 1755 1824 1794 verum
1858 1739 2021 1794 etiam

458 1843 767 1905 obcdieudi,
809 1851 868 1894 ut
901 1837 1138 1892 diximus
1161 1876 1176 1902 ,
1219 1847 1460 1890 venerat-
1498 1846 1756 1902 reparare
1787 1831 2023 1900 discipli-

457 1954 612 2004 nam,
662 1936 714 1989 in
766 1932 1053 1999 semetipso
1093 1928 1245 1997 prius
1293 1925 1570 1994 complens
1605 1925 1748 1994 quod
1790 1925 1860 1980 ab
1899 1924 2023 1980 aliis

457 2027 674 2083 volebat
705 2022 935 2093 impleri,
975 2020 1176 2075 idcirco
1203 2033 1308 2072 non
1355 2017 1529 2072 solum
1569 2029 1740 2084 usque
1772 2016 1838 2069 ad
1879 2031 2022 2069 mor-

462 2129 567 2174 tem
605 2117 782 2172 crucis
809 2113 957 2168 Patri
993 2110 1255 2164 obedieus
1291 2107 1469 2163 factus
1496 2116 1599 2171 est,
1631 2123 1819 2161 verum
1860 2107 2021 2162 etiam

460 2213 512 2265 iu
545 2205 1013 2276 consummatione
1042 2201 1221 2256 szeculi
1256 2202 1308 2254 in
1342 2200 1633 2268 semetipso
1660 2199 2023 2268 complectens

457 2310 646 2352 omnes
684 2307 820 2364 quos
855 2287 1072 2357 subjicit
1105 2286 1275 2353 Patri,
1305 2296 1359 2340 ct
1387 2285 1477 2355 qui
1513 2301 1608 2355 per
1646 2302 1769 2341 eum
1799 2287 2023 2341 veniunt

456 2389 526 2442 ad
561 2387 813 2448 salutem,
848 2395 968 2436 cum
1003 2379 1131 2448 ipsis
1163 2385 1216 2431 et
1255 2377 1306 2429 in
1339 2376 1472 2446 ipsis
1505 2377 1620 2445 ipse
1649 2392 1864 2446 quoque
1895 2377 2021 2432 sub-

453 2481 631 2549 iectus
675 2475 871 2531 dicitur
898 2471 1048 2526 Patri
1078 2487 1089 2522 :
1123 2470 1247 2522 dum
1283 2467 1462 2522 omnia
1500 2468 1553 2522 in
1590 2469 1706 2537 ipso
1749 2475 2018 2531 constant,

455 2582 510 2629 et
545 2572 659 2640 ipse
692 2576 776 2622 est
808 2570 971 2633 caput
1014 2562 1278 2628 omnium,
1321 2571 1374 2614 et
1404 2562 1455 2614 in
1504 2561 1622 2629 ipso
1651 2569 1734 2615 est
1783 2558 1929 2615 salus
1969 2568 2024 2613 et

455 2664 684 2720 salutem
709 2657 1150 2728 consequentium
1181 2653 1454 2723 plenitudo
1476 2654 1611 2722 (30).
1642 2651 1750 2707 iloc
1772 2666 1902 2722 ergo
1939 2660 2023 2705 est

454 2757 598 2829 quod
642 2757 707 2810 de
735 2770 801 2810 eo
835 2753 968 2808 dicit
998 2746 1288 2818 Apostolus
1319 2763 1330 2800 :
1375 2763 1392 2795 ε
1423 2747 1554 2801 Cum
1587 2755 1763 2801 autem
1795 2746 1842 2800 ei
1888 2747 2019 2801 sub-

450 2852 594 2922 jecta
631 2848 833 2904 fuerint
864 2847 1067 2911 omnia,
1120 2857 1249 2898 tunc
1295 2852 1350 2897 ct
1384 2842 1497 2910 ipse
1540 2839 1708 2893 Filius
1748 2839 2021 2906 subjectus

453 2945 558 2998 erit
589 2943 639 2997 ei
669 2942 760 3010 qui
794 2939 897 2994 sibi
942 2937 1181 2993 subdidit
1221 2934 1424 2997 omnia,
1471 2941 1529 2985 ut
1558 2933 1628 2985 sit
1661 2931 1801 2985 Deus
1841 2934 2020 2986 omnia

455 3038 509 3091 in
541 3036 790 3090 omnibus
814 3033 878 3086 ”.
911 3049 932 3083 δ

533 3121 796 3180 7.Verum
813 3121 993 3178 nescio
1011 3136 1115 3191 quo
1139 3117 1543 3190 pactohueretici
1566 3132 1668 3170 non
1690 3116 1800 3185 (:5!)
1824 3115 2019 3169 intelli-

454 3229 644 3292 gentes
673 3215 911 3285 Apostoli
956 3226 1176 3268 sensum
1225 3210 1314 3278 qui
1350 3209 1434 3264 his
1475 3210 1656 3263 verbis
1686 3209 2014 3269 continetur,

456 3308 812 3380 subjectiouis
844 3305 897 3359 in
930 3303 1065 3358 Filio
1102 3316 1294 3356 nomen
1331 3299 1624 3365 infamant;
1659 3298 1809 3366 cujus
1839 3298 2020 3366 appel-

459 3399 676 3457 lationis
701 3399 745 3453 si
778 3395 1080 3464 proprietas
1116 3390 1435 3459 requiritur,
1457 3404 1520 3443 ex
1550 3389 1837 3444 contrariis
1861 3388 2020 3442 facile

455 3490 654 3562 poterit
695 3484 949 3543 inveniri.
1000 3481 1133 3535 Nam
1182 3480 1226 3535 si
1276 3478 1577 3547 subjectum
1618 3493 1738 3533 esse
1789 3494 1894 3532 non
1938 3487 2020 3532 est

453 3585 677 3646 bonum,
709 3585 878 3633 restat
908 3583 966 3628 ut
991 3571 1122 3627 illud
1147 3569 1288 3640 quod
1321 3571 1652 3626 contrarium
1686 3577 1792 3632 est,
1819 3570 2017 3625 bonqu

453 3677 544 3741 sit,
606 3675 658 3728 id
715 3681 799 3726 est
854 3683 961 3722 non
1009 3679 1130 3721 esse
1176 3664 1499 3733 subjectum.
1538 3662 1732 3717 Sermo
1785 3674 2020 3730 namque

452 3766 696 3837 Apostoli
751 3761 1046 3818 secundum
1094 3755 1236 3826 quod
1291 3753 1376 3807 isti
1421 3752 1624 3820 volunt,
1675 3755 1774 3808 hoc
1807 3753 2020 3805 videtur

454 3857 764 3916 ostendere,
806 3854 932 3908 dum
982 3848 1159 3902 dicit:
1201 3864 1216 3898 ι
1257 3848 1391 3901 Cum
1444 3853 1626 3898 autem
1679 3844 1727 3896 ei
1777 3839 2015 3908 subjecta

457 3947 659 4002 fuerint
686 3945 887 4009 omnia,
923 3953 1052 3995 tunc.
1081 3947 1136 3991 et
1169 3940 1284 4006 ipse
1319 3936 1490 3990 Filius
1533 3932 1808 4000 subjectus
1841 3930 1947 3984 erit
1971 3929 2017 3982 ei

453 4037 544 4110 qui
585 4035 686 4091 sibi
736 4031 974 4088 subdidit
1011 4029 1190 4086 omnia
1227 4029 1293 4093 ⁵⁵,
1335 4021 1354 4079 r
1401 4035 1460 4080 ut
1488 4024 1638 4093 quasi
1670 4023 1714 4076 is
1745 4020 1834 4090 qui
1877 4032 2019 4072 nunc

454 4130 600 4186 Patri
640 4126 917 4194 subjectus
947 4137 1052 4176 non
1101 4121 1196 4184 sit,
1245 4119 1520 4189 subjectus
1552 4115 1764 4168 futurus
1793 4113 1863 4165 sit
1893 4119 2020 4165 tunc

453 4237 576 4277 cum
609 4220 763 4289 prius
792 4216 952 4270 Pater
979 4214 1028 4268 ei
1060 4211 1312 4265 universa
1354 4203 1666 4274 subjecerit.
1714 4202 1819 4258 Sed
1854 4201 2020 4255 miror

438 4310 720 4383 .quomodo
749 4309 851 4364 hoc
881 4303 1109 4374 intelligi
1141 4301 1337 4371 possit,
1369 4307 1425 4352 ut
1453 4299 1500 4352 is
1530 4296 1621 4366 qui
1657 4295 1888 4351 nondum
1915 4294 2018 4348 sibi

439 4403 712 4472 subjectis
738 4397 988 4456 omnibus
1019 4410 1123 4450 non
1155 4401 1237 4448 est
1268 4393 1383 4462 ipse
1413 4389 1706 4459 subjectus,
1744 4395 1867 4441 tunc
1895 4397 2016 4438 cum

523 4536 570 4568 "
599 4535 618 4589 ι
649 4535 772 4590 Cor.
813 4547 900 4594 xv,
925 4528 1013 4584 ‘28.
1091 4527 1136 4558 ⁸⁵
1162 4525 1294 4581 lbid.

519 4675 634 4749 («29.)
667 4674 756 4728 Sic
800 4686 930 4725 mss.
967 4666 1111 4749 sunt
1153 4650 1318 4749 fer-‘0,
1341 4678 1368 4741 c.
1401 4651 1903 4749 docentlit‘LPB-ttl‘t‘)
1938 4650 2016 4749 iu-

451 4727 720 4808 fra‘iu’ss.,
757 4759 775 4794 ‹
811 4755 947 4808 quos
976 4735 1192 4800 subiicit
1229 4731 1370 4808 Patri
1396 4737 1457 4808 _et
1495 4727 1585 4808 qui
1634 4737 1729 4808 per
1770 4733 2017 4808 eum‘ve—

452 4789 775 4872 “inlu—
812 4789 993 4863 edi'tis
1023 4789 1121 4871 pr'o
1165 4820 1183 4853 ι
1220 4799 1457 4872 subjicit,
1500 4789 1740 4872 {legitur
1779 4807 1812 4872 «Ι
1838 4789 2018 4872 subici

451 4859 689 4951 ciC-fet
717 4859 1067 4951 Ir-veueuun't,
1100 4892 1117 4923 ι
1149 4885 1244 4940 pro
1281 4859 1642 4951 (veniunt..'r
1688 4859 1850 4951 Paulo
1898 4865 2019 4951 post.

642 4933 686 5002 1'
706 4947 989 5017 omniaiiu
1045 4933 1164 5010 ipso
1191 4945 1436 5017 constant
1475 4942 1528 5017 et
1574 4933 1686 4999 ipse
1733 4937 1814 4982 est
1857 4933 2019 4994 caput

452 5004 729 5086 omnium,
749 5031 802 5072 et
829 5018 882 5069 in
909 5004 1137 5086 ipso__e._~_._t
1157 5009 1318 5086 salus
1349 5004 1651 5085 etsalutem
1683 5010 2016 5086 consequen-

456 5074 586 5147 tium
613 5074 983 5157 ipleuitttdofr
1029 5081 1195 5141 Editi,
1226 5095 1246 5128 ί
1282 5074 1762 5157 omniaIconstant
1807 5075 1860 5120 et
1905 5078 2018 5130 Ipse

452 5142 745 5228 est—caput.
770 5157 939 5228 Etiam
975 5155 1088 5221 ipse
1118 5157 1200 5203 est
1229 5147 1392 5210 szzlus,
1414 5142 1644 5196 salutem
1676 5149 2014 5204 consequen-

455 5232 590 5287 tium
623 5225 913 5296 plenitudo.
952 5243 970 5274 ι

989 5288 1315 5369 Ονὶαεηξαηη
1345 5298 1398 5352 q.
1426 5281 1514 5369 ῃ,
1533 5274 1711 5369 An;

983 5343 1436 5442 pat't'ipculatttzquae
1456 5352 1505 5403 i-n

457 5411 1038 5498 Paullo
1059 5411 1194 5481 infra
1229 5411 1380 5498 mss.,
1407 5440 1424 5472 ς
1451 5417 1740 5498 secundum
1765 5411 2015 5498 quod-isti

457 5483 990 5566 iSiJrir'I'."iifetittts
1026 5513 1122 5568 pro
1148 5514 1166 5548 ι
1199 5483 1380 5568 volunt
1411 5511 1430 5542 ι
1459 5488 1659 5568 legitur
1684 5483 2010 5568 .thdi‘cuut.‘_p

457 5548 988 5646 ἱᾷπῶῚὶὸεὶ--ιιῖεξίε-
1008 5548 1126 5646 rrth
1162 5548 1316 5633 quasi
1337 5563 1387 5646 is
1410 5548 1676 5646 qui‘uutrc
1711 5549 1863 5646 Patri
1891 5548 2015 5646 sub-

460 5626 955 5715 ié'ciifs"i{rin"sir.
995 5626 1287 5715 subjectus
1337 5629 1550 5708 futurus
1589 5626 1670 5704 sit.
1711 5627 1839 5700 tunc
1895 5632 2014 5715 cunni

819 5689 964 5789 citi
995 5689 1157 5775 Editi,
1181 5689 1208 5757 7t
1245 5713 1301 5760 ut
1343 5699 1432 5770 qui
1473 5695 1628 5768 quasi
1658 5694 1704 5748 is
1734 5689 1824 5760 qui
1873 5699 2015 5742 nunc

2134 471 2188 516 et
2218 471 2538 531 potestatem
2577 463 2812 517 tenuerit
2844 462 3244 525 universorum,
3277 468 3404 515 tunc
3427 475 3550 515 eum
3579 463 3709 516 sub-

2126 552 2418 621 jiciendum
2437 561 2648 622 putent,
2667 566 2785 606 cum
2802 550 3078 617 subjectus
3096 559 3220 604 ante
3245 565 3351 605 non
3381 551 3541 606 fuerit
3561 569 3575 617 ;
3597 568 3707 608 non

2131 643 2496 714 iutelligentes
2523 647 2665 712 quod
2682 641 2951 711 subjectio
2973 641 3174 696 Christi
3206 643 3273 695 ad
3296 642 3508 696 Patrem
3535 645 3705 698 beati--

2133 739 2373 795 tudinem
2400 747 2600 791 nostra:
2621 733 2974 804 perfectionis
2992 733 3258 800 ostendit,
3286 742 3339 786 et
3359 737 3596 803 suscepti
3634 736 3705 788 ab

2127 847 2192 888 eo
2225 830 2403 902 oneris
2430 827 2659 896 palmam
2689 823 2949 887 declara',
2978 838 3099 876 cum
3131 838 3238 876 non
3272 823 3446 877 solum
3483 827 3702 895 regendi

2128 937 2191 978 ac
2220 920 2476 990 regnandi
2508 929 2774 971 summam
2805 927 2967 983 quam
3011 913 3066 965 in
3093 913 3403 967 universam
3439 913 3703 968 emenda-

2131 1014 2270 1067 verit
2304 1019 2633 1073 creaturam,
2666 1021 2853 1061 verum
2894 1004 3060 1056 etiam
3104 1004 3425 1059 obedientize
3467 1013 3522 1059 et
3573 1005 3704 1060 sub.

2121 1105 2376 1173 jectionis
2415 1110 2658 1158 correcta
2703 1100 2815 1171 (52)
2851 1105 3207 1169 reparataque
3237 1095 3456 1150 humani
3487 1097 3706 1165 generis

2124 1197 2274 1253 Patri
2326 1194 2519 1250 offerat
2579 1194 2844 1248 instituta.
2898 1192 2955 1247 Si
2999 1205 3133 1259 ergo
3195 1189 3334 1242 bona
3381 1196 3437 1241 et
3499 1188 3705 1242 saluta-

2127 1293 2200 1348 ris
2257 1293 2522 1368 accipitur
2569 1290 2672 1344 ista
2721 1286 2986 1356 subjectio
3015 1301 3119 1356 qua
3170 1282 3442 1351 subjectus
3472 1295 3593 1336 esse
3617 1281 3704 1334 di-

2123 1385 2264 1438 citur
2293 1382 2462 1436 Filius
2483 1381 2628 1435 Patri
2648 1378 2763 1451 ('55)
2779 1419 2795 1443 ,
2825 1378 2978 1432 valde
2995 1381 3398 1443 cunsequenset
3421 1375 3702 1426 cohaerens

2120 1483 2207 1530 est
2231 1485 2288 1529 ut
2319 1484 2372 1529 et
2399 1472 2739 1526 inimicorum
2765 1486 2885 1540 quae
2911 1469 3109 1523 dicitur
3134 1465 3270 1520 Filio
3299 1463 3393 1517 Dei
3424 1477 3544 1518 esse
3568 1462 3700 1516 sub-

2116 1565 2300 1638 jectio,
2340 1563 2597 1619 salutaris
2645 1562 2889 1630 quasdam
2940 1558 3275 1628 intelligatur
3321 1565 3377 1612 et
3419 1554 3599 1619 utilis;
3636 1562 3701 1607 ut

2123 1661 2263 1714 sicut
2291 1670 2411 1710 cum
2451 1653 2648 1709 dicitur
2701 1651 2874 1706 Filius
2920 1649 3067 1705 Patri
3109 1646 3401 1715 subjectus,
3453 1645 3697 1715 perfecta

2053 1726 2096 1782 Β
2126 1747 2394 1800 universa:
2441 1751 2704 1798 creaturas
2753 1739 3028 1795 restitutio
3079 1737 3414 1797 declaratur.
3452 1736 3523 1788 ita
3572 1749 3696 1788 cum

2123 1836 2262 1893 Filio
2292 1835 2383 1890 Dei
2407 1833 2614 1888 inimici
2653 1832 2908 1887 dicuntur
2939 1843 3059 1885 esse
3079 1829 3304 1899 subjecti
3323 1823 3454 1898 (55),
3483 1825 3700 1896 subjec-

2127 1939 2304 1983 torum
2340 1924 2487 1980 salus
2535 1925 2590 1978 in
2642 1936 2709 1978 eo
2756 1920 3087 1991 intelligatur
3125 1927 3179 1974 et
3216 1919 3485 1989 reparatio
3515 1916 3697 1986 perdi-

2127 2026 2321 2072 torum.

2194 2104 2247 2158 8.
2286 2101 2483 2158 Verum
2517 2097 2682 2154 certis
2710 2097 3014 2167 quibusque
3043 2105 3093 2152 et
3132 2097 3328 2158 modis.
3361 2110 3415 2151 et
3443 2097 3690 2168 discipli-

2125 2197 2228 2259 nis,
2259 2203 2315 2249 et
2343 2192 2674 2262 temporibus
2703 2188 2968 2256 subjectio
3010 2189 3111 2244 ista
3151 2189 3543 2258 complebitur;
3577 2205 3688 2244 non

2125 2285 2449 2340 necessitate
2476 2281 2658 2350 aliqua
2692 2281 2756 2332 ad
2789 2279 3180 2350 subjectioncm
3207 2291 3446 2351 cogente,
3491 2297 3556 2336 ne
3593 2295 3693 2350 per

2126 2382 2232 2434 vim
2264 2381 2512 2436 subditus
2556 2379 2649 2432 fiat
2682 2378 2860 2431 omnis
2908 2378 3139 2430 mundus
3188 2375 3316 2439 Deo,
3362 2374 3454 2429 sed
3501 2375 3687 2436 verbo,

2125 2473 2356 2536 ratione,
2388 2471 2656 2535 doctrina,
2699 2469 3088 2541 provocatione
3132 2466 3444 2528 meliorum,
3470 2463 3689 2518 institu-

2125 2564 2359 2620 tionibus
2383 2564 2623 2633 optimis,
2653 2557 3169 2618 comminationibus
3194 2569 3408 2624 quoque
3431 2554 3608 2624 dignis
3635 2562 3692 2607 et

2123 2656 2570 2726 competentibus,
2596 2652 2880 2721 qutejuste
2913 2649 3231 2704 immineant
3262 2645 3346 2699 his
3375 2644 3467 2714 qui
3494 2643 3687 2698 salutis

2123 2759 2176 2805 et
2208 2749 2460 2802 utilitatis
2506 2761 2615 2801 suae
2647 2759 2830 2799 curam
2877 2742 3275 2807 sanitatemque
3308 2742 3682 2790 contemnunt.

2126 2841 2361 2907 Denique
2392 2848 2445 2892 et
2477 2852 2572 2890 nos
2604 2838 2851 2890 homines
2891 2848 3012 2886 cum
3065 2830 3149 2882 vel
3193 2841 3398 2891 servos,
3426 2825 3510 2880 vel
3549 2824 3688 2880 filios

2121 2931 2414 2991 erudimus,
2449 2931 2574 2980 dum
2609 2927 2786 2980 adhuc
2821 2937 2915 2992 per
2955 2929 3170 2976 artatem
3202 2918 3429 2973 rationis
3470 2917 3690 2985 incapa-

2123 3036 2210 3075 ces
2243 3027 2367 3073 sunt
2401 3017 2535 3088 (55),
2566 3008 2729 3069 'minis
2761 3028 2853 3068 eos
2898 3021 2954 3066 et
3003 3019 3146 3064 metu
3187 3021 3533 3072 coercemus;
3563 3021 3685 3059 cum

2120 3126 2249 3167 vero
2284 3111 2429 3176 boni,
2455 3109 2600 3162 utilis
2625 3117 2675 3162 et
2714 3106 2924 3160 honesti
2964 3101 3378 3171 intelligentiam
3416 3098 3686 3168 ceperint,

2121 3212 2232 3257 tum
2256 3202 2366 3271 jam
2401 3208 2646 3254 cessante
2671 3199 2955 3252 verberum
2995 3201 3161 3258 metu,
3193 3193 3360 3246 verbo
3383 3206 3448 3245 ac
3479 3192 3687 3244 ratione

2121 3294 2265 3349 suasi
2299 3293 2364 3346 ad
2394 3292 2570 3345 omnia
2603 3305 2720 3358 quae
2754 3289 2896 3342 bona
2943 3294 3088 3349 sunt,
3125 3284 3502 3353 acquiescuut.
3535 3281 3685 3346 Quo-

2122 3383 2280 3438 modo
2301 3391 2481 3435 autem
2511 3387 2721 3433 servata
2747 3377 2800 3430 in
2823 3376 3076 3429 omnibus
3101 3371 3511 3427 rationabilibus
3539 3382 3686 3423 crea-

2121 3473 2257 3528 turis
2293 3471 2501 3526 arbitrii
2545 3470 2793 3523 libertate
2827 3466 3201 3535 unusquisque
3235 3463 3430 3518 debeat
3465 3462 3687 3530 dispen-

2119 3563 2250 3624 sari,
2278 3564 2328 3617 id
2354 3570 2454 3625 est,
2481 3576 2615 3630 quos
2641 3559 2913 3626 velutjam
2944 3565 3162 3626 paratos
3184 3563 3234 3609 et
3263 3566 3486 3620 capaces
3507 3565 3686 3605 sermo

2121 3654 2217 3708 Dei
2249 3663 2302 3709 et
2328 3652 2568 3705 inveniat
2597 3659 2650 3703 et
2676 3649 2947 3711 instituat,
2971 3660 3106 3714 quos
3129 3653 3306 3697 autem
3339 3641 3553 3694 interim
3583 3636 3689 3692 dif-

2121 3747 2284 3809 ferat,
2310 3759 2339 3796 a
2364 3743 2559 3812 quibus
2578 3755 2704 3794 vero
2732 3739 2943 3807 penitus
2971 3736 3293 3798 occultetur,
3321 3741 3371 3786 et
3406 3731 3563 3799 longe
3596 3743 3688 3782 eo-

2124 3851 2239 3889 rum
2273 3849 2300 3886 a
2342 3848 2400 3886 se
2435 3832 2548 3885 fieri
2583 3830 2860 3897 dispenset
2891 3828 3155 3890 auditum,
3189 3839 3433 3892 quosque
3471 3837 3686 3878 rursum

2122 3933 2528 3979 contemnentes
2561 3922 2855 3976 indicatum
2881 3919 2981 3972 sibi
3006 3926 3058 3971 et
3090 3916 3438 3986 praedicatum
3464 3912 3688 3966 verbum

2123 4017 2214 4070 Dei
2242 4013 2668 4081 correptionibus
2700 4009 3017 4079 quibusdam
3057 4015 3113 4061 et
3136 4004 3583 4073 castigationibus
3619 4003 3686 4056 il-

2122 4107 2243 4161 latis
2269 4111 2555 4174 perurgeat
2581 4104 2646 4156 ad
2678 4101 2928 4162 salutem,
2951 4097 3472 4164 conversionemque
3497 4111 3686 4149 eorum

2121 4199 2518 4267 quodammodo
2548 4194 2727 4261 exigat
2756 4200 2808 4245 et
2836 4199 3184 4257 extorqueat;
3211 4188 3532 4255 quibusnam
3560 4201 3688 4239 vero

2123 4290 2288 4344 etiam
2334 4288 2648 4343 occasiones
2691 4283 2947 4351 quasdam
2994 4288 3210 4346 prmstet
3254 4277 3466 4342 salutis,
3511 4278 3582 4331 ita
3627 4287 3688 4329 ut

2123 4378 2398 4434 interdum
2429 4376 2591 4430 etiam
2637 4387 2702 4428 ex
2748 4367 3101 4439 responsione
3149 4365 3263 4421 sola
3309 4366 3414 4419 fide
3459 4363 3685 4434 probata

2051 4609 2092 4662 θ
2123 4646 2266 4700 Patri
2297 4658 2403 4698 non
2438 4642 2508 4694 sit
2549 4638 2843 4704 subjectus,
2878 4635 3087 4688 futurus
3115 4633 3184 4685 sit
3213 4640 3336 4684 tunc
3377 4627 3686 4704 cum_Pate_r

2226 4733 2240 4764 ι
2275 4713 2419 4766 Infra
2453 4711 2578 4763 libb.
2608 4699 2757 4770 editi,
2793 4699 3007 4773 (quam
3042 4703 3288 4754 universa
3317 4699 3686 4773 emendaverit

2117 4765 2386 4838 creatura.
2428 4799 2445 4831 ι
2481 4779 2572 4831 sed
2611 4765 2754 4830 mss.
2785 4785 2842 4828 ut
2865 4765 2942 4826 'iu
2990 4784 3169 4825 nostro
3202 4777 3370 4822 textu.
3408 4768 3569 4821 Forte
3605 4765 3683 4815 lc-

2120 4854 2374 4924 geudutn,
2407 4862 2508 4915 qua
2551 4847 2854 4924 universam
2887 4841 3254 4924 cureridaverit
3300 4847 3624 4891 creaturam.
3661 4851 3677 4881 ι

2190 4922 2300 4986 (5'2)
2337 4911 2616 4986 Reparala.
2642 4916 2738 4986 _lta
2785 4929 2912 4986 mss.
2959 4911 3323 4986 Edit_i_autem,
3357 4915 3622 4986 superata.
3659 4920 3678 4952 ι

2190 4977 2298 5060 (55)
2329 4977 2456 5060 Vide
2488 4985 2523 5037 l.
2556 5001 2592 5038 ll
2627 4983 2950 5052 0rigeuian.,
2983 4996 3036 5048 q.
3069 4979 3154 5043 ll,
3182 4992 3328 5031 num.
3361 4977 3447 5029 16.

2189 5059 2299 5131 (54)
2332 5059 2492 5131 Caue-

2185 5116 2497 5201 (55jAlias,
2535 5141 2553 5172 ε
2593 5122 2713 5175 dum
2743 5120 2917 5201 adhuc
2947 5116 3190 5201 veritatis
3218 5127 3312 5201 pe'r
3351 5120 3684 5201 artatemra-

2118 5178 2589 5262 tio‘tii's/incapa'ccs
2627 5199 2774 5243 sunt.
2807 5208 2824 5240 ›
2855 5188 2960 5262 Sed
3005 5188 3067 5262 ἰιιΔ
3089 5178 3232 5262 mss.—
3259 5185 3407 5235 deest
3436 5199 3453 5229 ‹
3474 5178 3682 5259 verita-

2466 5277 2645 5315 vocem
2674 5268 2855 5336 utpote
2872 5258 2958 5310 hic
2977 5255 3361 5335 redundantem
3382 5247 3678 5336 qutisimus.

2119 5316 2421 5406 iiiuto'iiis't
2451 5347 2603 5392 mss.,
2636 5347 2653 5377 ε
2679 5316 2845 5406 verbo
2868 5327 3162 5406 acratioue
3186 5319 3326 5402 suasi
3351 5316 3677 5406 adromniaa

2306 5387 2475 5457 rverbo
2501 5415 2564 5453 ac
2591 5387 2798 5450 ratione
2836 5390 2950 5448 sua'
2971 5395 3034 5447 ad
3065 5392 3266 5467 omnia.
3298 5407 3315 5440 ι
3353 5387 3492 5467 infra
3527 5399 3683 5467 mss.,

2125 5457 2496 5531 {occasiones
2545 5470 2801 5534 quasdam
2855 5475 3090 5532 prmstet.
3138 5480 3157 5512 ι
3201 5460 3254 5534 l_u
3294 5459 3462 5534 editis
3509 5457 3681 5514 deest,

2125 5527 2141 5600 t
2180 5527 2461 5616 quasdam.
2499 5558 2523 5616 _r
2560 5527 2886 5616 Paulotiufra
2931 5549 3082 5595 mss.,
3116 5548 3138 5611 μ
3172 5529 3352 5616 glorial
3400 5527 3451 5578 iu
3483 5533 3682 5580 acterna

2119 5597 2336 5672 stulttia.
2376 5632 2394 5664 ι
2429 5610 2596 5671 Alias,
2637 5625 2655 5658 ι
2686 5606 2854 5676 gloria
2883 5613 3080 5658 wterua
3116 5597 3412 5654 iusxcubt.
3449 5613 3468 5646 ι
