  <div class='ocr_page' id='page_1' title='image "/cluster/home/n/w/nwhite01/storage/ocr_20150623/11/mdp.39015013266690/181.png"; bbox 0 0 4014 6142; ppageno 0'>
   <div class='ocr_carea' id='block_1_1' title="bbox 466 282 576 340">
    <p class='ocr_par' dir='ltr' id='par_1_1' title="bbox 466 282 576 340">
     <span class='ocr_line' id='line_1_1' title="bbox 466 282 576 340; baseline -0.027 -1"><span class='ocrx_word' id='word_1_1' title='bbox 466 282 576 340; x_wconf 62' lang='grc' dir='ltr'><strong><em>ὃὅῦ</em></strong></span> 
     </span>
    </p>
   </div>
   <div class='ocr_carea' id='block_1_2' title="bbox 1676 283 2460 341">
    <p class='ocr_par' dir='ltr' id='par_1_2' title="bbox 1676 283 2460 341">
     <span class='ocr_line' id='line_1_2' title="bbox 1676 283 2460 341; baseline -0.003 -1"><span class='ocrx_word' id='word_1_2' title='bbox 1676 283 1835 340; x_wconf 80' lang='lat' dir='ltr'><strong>ORlG</strong></span> <span class='ocrx_word' id='word_1_3' title='bbox 1845 285 1998 340; x_wconf 80' lang='lat' dir='ltr'><strong><em>ENIS</em></strong></span> <span class='ocrx_word' id='word_1_4' title='bbox 2038 287 2195 341; x_wconf 84' lang='grc' dir='ltr'><strong><em>ΠΕΡΙ</em></strong></span> <span class='ocrx_word' id='word_1_5' title='bbox 2232 287 2460 339; x_wconf 84' lang='grc' dir='ltr'><strong><em>ΑΡΧΩΝ</em></strong></span> 
     </span>
    </p>
   </div>
   <div class='ocr_carea' id='block_1_3' title="bbox 3615 283 3718 338">
    <p class='ocr_par' dir='ltr' id='par_1_3' title="bbox 3615 283 3718 338">
     <span class='ocr_line' id='line_1_3' title="bbox 3615 283 3718 338; baseline 0.019 -2"><span class='ocrx_word' id='word_1_6' title='bbox 3615 283 3718 338; x_wconf 76' lang='lat'><strong><em>356</em></strong></span> 
     </span>
    </p>
   </div>
   <div class='ocr_carea' id='block_1_4' title="bbox 468 399 3717 473">
    <p class='ocr_par' dir='ltr' id='par_1_4' title="bbox 468 399 3717 473">
     <span class='ocr_line' id='line_1_4' title="bbox 468 399 3717 473; baseline -0.001 -15"><span class='ocrx_word' id='word_1_7' title='bbox 468 420 554 458; x_wconf 86' lang='lat' dir='ltr'><strong><em>eos</em></strong></span> <span class='ocrx_word' id='word_1_8' title='bbox 584 403 673 473; x_wconf 84' lang='lat' dir='ltr'><strong><em>qui</em></strong></span> <span class='ocrx_word' id='word_1_9' title='bbox 702 402 881 456; x_wconf 90' lang='lat' dir='ltr'><strong><em>saltem</em></strong></span> <span class='ocrx_word' id='word_1_10' title='bbox 928 418 991 456; x_wconf 75' lang='lat' dir='ltr'><strong><em>ex</em></strong></span> <span class='ocrx_word' id='word_1_11' title='bbox 1021 399 1235 453; x_wconf 89' lang='lat' dir='ltr'><strong><em>minima</em></strong></span> <span class='ocrx_word' id='word_1_12' title='bbox 1264 413 1413 468; x_wconf 89' lang='lat' dir='ltr'><strong><em>parte</em></strong></span> <span class='ocrx_word' id='word_1_13' title='bbox 1473 401 1567 456; x_wconf 87' lang='lat' dir='ltr'><strong><em>Dei</em></strong></span> <span class='ocrx_word' id='word_1_14' title='bbox 1607 406 1798 458; x_wconf 87' lang='lat' dir='ltr'><strong><em>sentire</em></strong></span> <span class='ocrx_word' id='word_1_15' title='bbox 1834 405 2046 472; x_wconf 84' lang='lat' dir='ltr'><strong><em>cupiunt</em></strong></span> <span class='ocrx_word' id='word_1_16' title='bbox 2079 411 2120 467; x_wconf 77' lang='grc' dir='ltr'>Α</span> <span class='ocrx_word' id='word_1_17' title='bbox 2155 404 2405 458; x_wconf 88' lang='lat' dir='ltr'><strong><em>omnibus</em></strong></span> <span class='ocrx_word' id='word_1_18' title='bbox 2427 405 2606 459; x_wconf 81' lang='lat' dir='ltr'><strong>omnia</strong></span> <span class='ocrx_word' id='word_1_19' title='bbox 2640 404 2836 459; x_wconf 90' lang='lat' dir='ltr'><strong><em>dicitur</em></strong></span> <span class='ocrx_word' id='word_1_20' title='bbox 2882 418 3002 459; x_wconf 89' lang='lat' dir='ltr'><strong><em>esse</em></strong></span> <span class='ocrx_word' id='word_1_21' title='bbox 3037 402 3197 464; x_wconf 91' lang='lat' dir='ltr'><strong><em>Deus,</em></strong></span> <span class='ocrx_word' id='word_1_22' title='bbox 3237 400 3508 472; x_wconf 81' lang='lat' dir='ltr'><strong><em>significet</em></strong></span> <span class='ocrx_word' id='word_1_23' title='bbox 3549 403 3717 456; x_wconf 88' lang='lat' dir='ltr'><strong><em>etiam</em></strong></span> 
     </span>
    </p>
   </div>
   <div class='ocr_carea' id='block_1_5' title="bbox 468 495 2045 566">
    <p class='ocr_par' dir='ltr' id='par_1_5' title="bbox 468 495 2045 566">
     <span class='ocr_line' id='line_1_5' title="bbox 468 495 2045 566; baseline 0.001 -17"><span class='ocrx_word' id='word_1_24' title='bbox 468 498 820 566; x_wconf 84' lang='lat' dir='ltr'><strong><em>majestatem,</em></strong></span> <span class='ocrx_word' id='word_1_25' title='bbox 851 506 897 549; x_wconf 91' lang='lat' dir='ltr'><strong><em>et</em></strong></span> <span class='ocrx_word' id='word_1_26' title='bbox 945 495 1185 563; x_wconf 76' lang='lat' dir='ltr'><strong><em>ingenita:</em></strong></span> <span class='ocrx_word' id='word_1_27' title='bbox 1215 504 1368 561; x_wconf 86' lang='lat' dir='ltr'><strong><em>atque</em></strong></span> <span class='ocrx_word' id='word_1_28' title='bbox 1411 497 1584 548; x_wconf 88' lang='lat' dir='ltr'><strong><em>omnia</em></strong></span> <span class='ocrx_word' id='word_1_29' title='bbox 1617 497 1912 551; x_wconf 68' lang='lat' dir='ltr'><strong><em>excedentis</em></strong></span> <span class='ocrx_word' id='word_1_30' title='bbox 1952 515 2045 552; x_wconf 86' lang='lat' dir='ltr'><strong><em>na-</em></strong></span> 
     </span>
    </p>
   </div>
   <div class='ocr_carea' id='block_1_6' title="bbox 470 587 2045 658">
    <p class='ocr_par' dir='ltr' id='par_1_6' title="bbox 470 587 2045 658">
     <span class='ocr_line' id='line_1_6' title="bbox 470 587 2045 658; baseline -0.001 -14"><span class='ocrx_word' id='word_1_31' title='bbox 470 598 606 644; x_wconf 77' lang='lat' dir='ltr'><strong><em>tura:</em></strong></span> <span class='ocrx_word' id='word_1_32' title='bbox 633 589 856 658; x_wconf 79' lang='lat' dir='ltr'><strong><em>gloriam</em></strong></span> <span class='ocrx_word' id='word_1_33' title='bbox 898 587 1191 653; x_wconf 74' lang='lat' dir='ltr'><strong><em>suspicari;</em></strong></span> <span class='ocrx_word' id='word_1_34' title='bbox 1229 603 1255 641; x_wconf 88' lang='lat' dir='ltr'><strong><em>e</em></strong></span> <span class='ocrx_word' id='word_1_35' title='bbox 1285 587 1488 641; x_wconf 83' lang='lat' dir='ltr'><strong><em>duobus</em></strong></span> <span class='ocrx_word' id='word_1_36' title='bbox 1527 591 1751 642; x_wconf 89' lang='lat' dir='ltr'><strong><em>alterum</em></strong></span> <span class='ocrx_word' id='word_1_37' title='bbox 1785 590 2045 655; x_wconf 71' lang='lat' dir='ltr'><strong><em>suscipere</em></strong></span> 
     </span>
    </p>
   </div>
   <div class='ocr_carea' id='block_1_7' title="bbox 467 676 2044 747">
    <p class='ocr_par' dir='ltr' id='par_1_7' title="bbox 467 676 2044 747">
     <span class='ocr_line' id='line_1_7' title="bbox 467 676 2044 747; baseline -0.001 -15"><span class='ocrx_word' id='word_1_38' title='bbox 467 680 727 747; x_wconf 78' lang='lat' dir='ltr'><strong><em>cogimur,</em></strong></span> <span class='ocrx_word' id='word_1_39' title='bbox 773 686 830 728; x_wconf 87' lang='lat' dir='ltr'><strong><em>ut</em></strong></span> <span class='ocrx_word' id='word_1_40' title='bbox 883 683 973 728; x_wconf 86' lang='lat' dir='ltr'><strong><em>aut</em></strong></span> <span class='ocrx_word' id='word_1_41' title='bbox 1029 676 1359 742; x_wconf 75' lang='lat' dir='ltr'><strong><em>desperemus</em></strong></span> <span class='ocrx_word' id='word_1_42' title='bbox 1402 676 1800 730; x_wconf 71' lang='lat' dir='ltr'><strong><em>similitudine»:</em></strong></span> <span class='ocrx_word' id='word_1_43' title='bbox 1848 677 1960 739; x_wconf 89' lang='lat' dir='ltr'><strong><em>Dei,</em></strong></span> <span class='ocrx_word' id='word_1_44' title='bbox 1999 678 2044 731; x_wconf 90' lang='lat' dir='ltr'><strong><em>si</em></strong></span> 
     </span>
    </p>
   </div>
   <div class='ocr_carea' id='block_1_8' title="bbox 386 767 2045 834">
    <p class='ocr_par' dir='ltr' id='par_1_8' title="bbox 386 767 2045 834">
     <span class='ocr_line' id='line_1_8' title="bbox 386 767 2045 834; baseline 0.001 -13"><span class='ocrx_word' id='word_1_45' title='bbox 386 775 394 783; x_wconf 90' lang='lat'>&#39;</span> <span class='ocrx_word' id='word_1_46' title='bbox 464 769 646 821; x_wconf 79' lang='lat' dir='ltr'><strong><em>eadem</em></strong></span> <span class='ocrx_word' id='word_1_47' title='bbox 678 781 878 834; x_wconf 79' lang='lat' dir='ltr'><strong><em>semper</em></strong></span> <span class='ocrx_word' id='word_1_48' title='bbox 904 781 1084 818; x_wconf 88' lang='lat' dir='ltr'><strong><em>sumus</em></strong></span> <span class='ocrx_word' id='word_1_49' title='bbox 1113 781 1332 833; x_wconf 86' lang='lat' dir='ltr'><strong><em>corpora</em></strong></span> <span class='ocrx_word' id='word_1_50' title='bbox 1377 767 1632 831; x_wconf 86' lang='lat' dir='ltr'><strong><em>habituri,</em></strong></span> <span class='ocrx_word' id='word_1_51' title='bbox 1671 778 1761 821; x_wconf 89' lang='lat' dir='ltr'><strong><em>aut</em></strong></span> <span class='ocrx_word' id='word_1_52' title='bbox 1793 769 1836 819; x_wconf 89' lang='lat' dir='ltr'><strong><em>si</em></strong></span> <span class='ocrx_word' id='word_1_53' title='bbox 1883 769 2045 822; x_wconf 83' lang='lat' dir='ltr'><strong><em>beati—</em></strong></span> 
     </span>
    </p>
   </div>
   <div class='ocr_carea' id='block_1_9' title="bbox 467 854 2044 924">
    <p class='ocr_par' dir='ltr' id='par_1_9' title="bbox 467 854 2044 924">
     <span class='ocr_line' id='line_1_9' title="bbox 467 854 2044 924; baseline 0.001 -15"><span class='ocrx_word' id='word_1_54' title='bbox 467 856 593 909; x_wconf 83' lang='lat' dir='ltr'><strong><em>tudo</em></strong></span> <span class='ocrx_word' id='word_1_55' title='bbox 641 855 786 908; x_wconf 84' lang='lat' dir='ltr'><strong><em>nobis</em></strong></span> <span class='ocrx_word' id='word_1_56' title='bbox 829 854 1063 922; x_wconf 85' lang='lat' dir='ltr'><strong><em>ejusdem</em></strong></span> <span class='ocrx_word' id='word_1_57' title='bbox 1113 870 1232 906; x_wconf 91' lang='lat' dir='ltr'><strong><em>cum</em></strong></span> <span class='ocrx_word' id='word_1_58' title='bbox 1275 854 1377 908; x_wconf 92' lang='lat' dir='ltr'><strong><em>Deo</em></strong></span> <span class='ocrx_word' id='word_1_59' title='bbox 1422 856 1540 909; x_wconf 68' lang='lat' dir='ltr'><strong><em>vitae</em></strong></span> <span class='ocrx_word' id='word_1_60' title='bbox 1581 857 1921 924; x_wconf 75' lang='lat' dir='ltr'><strong><em>promittitur,</em></strong></span> <span class='ocrx_word' id='word_1_61' title='bbox 1955 875 2044 911; x_wconf 91' lang='lat' dir='ltr'><strong><em>ea-</em></strong></span> 
     </span>
    </p>
   </div>
   <div class='ocr_carea' id='block_1_10' title="bbox 463 944 2038 1011">
    <p class='ocr_par' dir='ltr' id='par_1_10' title="bbox 463 944 2038 1011">
     <span class='ocr_line' id='line_1_10' title="bbox 463 944 2038 1011; baseline 0.004 -15"><span class='ocrx_word' id='word_1_62' title='bbox 463 946 584 998; x_wconf 79' lang='lat' dir='ltr'><strong><em>dem</em></strong></span> <span class='ocrx_word' id='word_1_63' title='bbox 617 960 717 1011; x_wconf 90' lang='lat' dir='ltr'><strong><em>qua</em></strong></span> <span class='ocrx_word' id='word_1_64' title='bbox 763 944 886 997; x_wconf 83' lang='lat' dir='ltr'><strong><em>vivit</em></strong></span> <span class='ocrx_word' id='word_1_65' title='bbox 940 945 1098 1009; x_wconf 86' lang='lat' dir='ltr'><strong><em>Deus,</em></strong></span> <span class='ocrx_word' id='word_1_66' title='bbox 1129 945 1276 997; x_wconf 86' lang='lat' dir='ltr'><strong><em>nobis</em></strong></span> <span class='ocrx_word' id='word_1_67' title='bbox 1306 945 1600 998; x_wconf 86' lang='lat' dir='ltr'><strong><em>conditione</em></strong></span> <span class='ocrx_word' id='word_1_68' title='bbox 1632 945 1904 998; x_wconf 67' lang='lat' dir='ltr'><strong><em>vivendum</em></strong></span> <span class='ocrx_word' id='word_1_69' title='bbox 1941 956 2038 1002; x_wconf 83' lang='lat' dir='ltr'><strong><em>est.</em></strong></span> 
     </span>
    </p>
   </div>
   <div class='ocr_carea' id='block_1_11' title="bbox 566 1033 1217 1104">
    <p class='ocr_par' dir='ltr' id='par_1_11' title="bbox 566 1033 1217 1104">
     <span class='ocr_line' id='line_1_11' title="bbox 566 1033 1217 1104; baseline 0 -18"><span class='ocrx_word' id='word_1_70' title='bbox 566 1033 677 1104; x_wconf 68' lang='lat'><strong><em>(4‘2)</em></strong></span> <span class='ocrx_word' id='word_1_71' title='bbox 732 1033 896 1104; x_wconf 75' lang='grc' dir='ltr'>[Λεγο</span> <span class='ocrx_word' id='word_1_72' title='bbox 903 1034 1064 1104; x_wconf 79' lang='grc' dir='ltr'>μένου</span> <span class='ocrx_word' id='word_1_73' title='bbox 1124 1034 1217 1086; x_wconf 80' lang='grc' dir='ltr'><strong><em>τοῦ</em></strong></span> 
     </span>
    </p>
   </div>
   <div class='ocr_carea' id='block_1_12' title="bbox 464 1124 1218 1192">
    <p class='ocr_par' dir='ltr' id='par_1_12' title="bbox 464 1124 1218 1192">
     <span class='ocr_line' id='line_1_12' title="bbox 464 1124 1218 1192; baseline -0.003 -14"><span class='ocrx_word' id='word_1_74' title='bbox 464 1124 599 1178; x_wconf 82' lang='grc' dir='ltr'>Θεοῦ</span> <span class='ocrx_word' id='word_1_75' title='bbox 644 1125 826 1178; x_wconf 85' lang='grc' dir='ltr'>πάντα</span> <span class='ocrx_word' id='word_1_76' title='bbox 869 1124 1122 1192; x_wconf 80' lang='grc' dir='ltr'>γενέσθαι</span> <span class='ocrx_word' id='word_1_77' title='bbox 1163 1126 1218 1176; x_wconf 83' lang='grc' dir='ltr'><strong><em>ὲν</em></strong></span> 
     </span>
    </p>
   </div>
   <div class='ocr_carea' id='block_1_13' title="bbox 465 1213 1218 1286">
    <p class='ocr_par' dir='ltr' id='par_1_13' title="bbox 465 1213 1218 1286">
     <span class='ocr_line' id='line_1_13' title="bbox 465 1213 1218 1286; baseline -0.004 -17"><span class='ocrx_word' id='word_1_78' title='bbox 465 1217 663 1282; x_wconf 83' lang='grc' dir='ltr'>πᾶσιν,</span> <span class='ocrx_word' id='word_1_79' title='bbox 709 1214 898 1286; x_wconf 76' lang='grc' dir='ltr'>ὥσπερ</span> <span class='ocrx_word' id='word_1_80' title='bbox 949 1215 1008 1267; x_wconf 84' lang='grc' dir='ltr'>οὑ</span> <span class='ocrx_word' id='word_1_81' title='bbox 1057 1213 1218 1268; x_wconf 83' lang='grc' dir='ltr'>δυνά-</span> 
     </span>
    </p>
   </div>
   <div class='ocr_carea' id='block_1_14' title="bbox 464 1309 1216 1380">
    <p class='ocr_par' dir='ltr' id='par_1_14' title="bbox 464 1309 1216 1380">
     <span class='ocr_line' id='line_1_14' title="bbox 464 1309 1216 1380; baseline -0.003 -17"><span class='ocrx_word' id='word_1_82' title='bbox 464 1310 607 1380; x_wconf 79' lang='grc' dir='ltr'>μεθα</span> <span class='ocrx_word' id='word_1_83' title='bbox 636 1309 834 1363; x_wconf 80' lang='grc' dir='ltr'><strong><em>κακίαν</em></strong></span> <span class='ocrx_word' id='word_1_84' title='bbox 879 1309 1216 1372; x_wconf 85' lang='grc' dir='ltr'><strong><em>καταλιπεῖν,</em></strong></span> 
     </span>
    </p>
   </div>
   <div class='ocr_carea' id='block_1_15' title="bbox 462 1403 1217 1471">
    <p class='ocr_par' dir='ltr' id='par_1_15' title="bbox 462 1403 1217 1471">
     <span class='ocr_line' id='line_1_15' title="bbox 462 1403 1217 1471; baseline -0.003 -14"><span class='ocrx_word' id='word_1_85' title='bbox 462 1403 586 1458; x_wconf 75' lang='grc' dir='ltr'>οὕτε</span> <span class='ocrx_word' id='word_1_86' title='bbox 626 1404 759 1467; x_wconf 80' lang='grc' dir='ltr'>Θεὸς</span> <span class='ocrx_word' id='word_1_87' title='bbox 799 1403 974 1456; x_wconf 81' lang='grc' dir='ltr'><strong><em>πάντα</em></strong></span> <span class='ocrx_word' id='word_1_88' title='bbox 1010 1404 1217 1471; x_wconf 85' lang='grc' dir='ltr'>γίνεται</span> 
     </span>
    </p>
   </div>
   <div class='ocr_carea' id='block_1_16' title="bbox 465 1497 1215 1567">
    <p class='ocr_par' dir='ltr' id='par_1_16' title="bbox 465 1497 1215 1567">
     <span class='ocr_line' id='line_1_16' title="bbox 465 1497 1215 1567; baseline -0.005 -13"><span class='ocrx_word' id='word_1_89' title='bbox 465 1503 524 1554; x_wconf 84' lang='grc' dir='ltr'>ὲν</span> <span class='ocrx_word' id='word_1_90' title='bbox 548 1503 736 1563; x_wconf 81' lang='grc' dir='ltr'>πᾶσιν,</span> <span class='ocrx_word' id='word_1_91' title='bbox 754 1500 873 1552; x_wconf 78' lang='grc' dir='ltr'>οὐδὲ</span> <span class='ocrx_word' id='word_1_92' title='bbox 894 1498 1062 1567; x_wconf 77' lang='grc' dir='ltr'>ἄλογα</span> <span class='ocrx_word' id='word_1_93' title='bbox 1081 1497 1215 1563; x_wconf 77' lang='grc' dir='ltr'><strong><em>ζῶα,</em></strong></span> 
     </span>
    </p>
   </div>
   <div class='ocr_carea' id='block_1_17' title="bbox 466 1594 1219 1666">
    <p class='ocr_par' dir='ltr' id='par_1_17' title="bbox 466 1594 1219 1666">
     <span class='ocr_line' id='line_1_17' title="bbox 466 1594 1219 1666; baseline -0.004 -17"><span class='ocrx_word' id='word_1_94' title='bbox 466 1597 554 1649; x_wconf 76' lang='grc' dir='ltr'>ἵνα</span> <span class='ocrx_word' id='word_1_95' title='bbox 613 1596 687 1666; x_wconf 82' lang='grc' dir='ltr'><strong>μὴ</strong></span> <span class='ocrx_word' id='word_1_96' title='bbox 739 1595 833 1649; x_wconf 77' lang='grc' dir='ltr'><strong><em>καὶ</em></strong></span> <span class='ocrx_word' id='word_1_97' title='bbox 876 1595 933 1647; x_wconf 86' lang='grc' dir='ltr'>ὲν</span> <span class='ocrx_word' id='word_1_98' title='bbox 982 1594 1148 1665; x_wconf 56' lang='grc' dir='ltr'>κακίᾳ</span> <span class='ocrx_word' id='word_1_99' title='bbox 1191 1596 1219 1647; x_wconf 86' lang='grc' dir='ltr'><strong>ὁ</strong></span> 
     </span>
    </p>
   </div>
   <div class='ocr_carea' id='block_1_18' title="bbox 466 1689 1223 1761">
    <p class='ocr_par' dir='ltr' id='par_1_18' title="bbox 466 1689 1223 1761">
     <span class='ocr_line' id='line_1_18' title="bbox 466 1689 1223 1761; baseline -0.004 -17"><span class='ocrx_word' id='word_1_100' title='bbox 466 1691 599 1754; x_wconf 77' lang='grc' dir='ltr'><strong><em>Θεὸς</em></strong></span> <span class='ocrx_word' id='word_1_101' title='bbox 625 1691 862 1761; x_wconf 81' lang='grc' dir='ltr'><strong><em>γίνηται,</em></strong></span> <span class='ocrx_word' id='word_1_102' title='bbox 893 1691 985 1743; x_wconf 75' lang='grc' dir='ltr'>καὶ</span> <span class='ocrx_word' id='word_1_103' title='bbox 1020 1693 1076 1743; x_wconf 73' lang='grc' dir='ltr'>ἐν</span> <span class='ocrx_word' id='word_1_104' title='bbox 1109 1689 1223 1742; x_wconf 75' lang='grc' dir='ltr'><strong><em>ἀλόι</em></strong></span> 
     </span>
    </p>
   </div>
   <div class='ocr_carea' id='block_1_19' title="bbox 469 1783 1221 1855">
    <p class='ocr_par' dir='ltr' id='par_1_19' title="bbox 469 1783 1221 1855">
     <span class='ocr_line' id='line_1_19' title="bbox 469 1783 1221 1855; baseline -0.003 -15"><span class='ocrx_word' id='word_1_105' title='bbox 469 1803 586 1855; x_wconf 87' lang='grc' dir='ltr'>γοις</span> <span class='ocrx_word' id='word_1_106' title='bbox 617 1785 803 1850; x_wconf 79' lang='grc' dir='ltr'><strong><em>ζώοις·</em></strong></span> <span class='ocrx_word' id='word_1_107' title='bbox 848 1785 961 1838; x_wconf 81' lang='grc' dir='ltr'>ἀλλ’</span> <span class='ocrx_word' id='word_1_108' title='bbox 1007 1785 1127 1837; x_wconf 74' lang='grc' dir='ltr'>οὐδὲ</span> <span class='ocrx_word' id='word_1_109' title='bbox 1157 1783 1221 1838; x_wconf 83' lang='grc' dir='ltr'><strong><em>ἇ-</em></strong></span> 
     </span>
    </p>
   </div>
   <div class='ocr_carea' id='block_1_20' title="bbox 469 1879 1224 1952">
    <p class='ocr_par' dir='ltr' id='par_1_20' title="bbox 469 1879 1224 1952">
     <span class='ocr_line' id='line_1_20' title="bbox 469 1879 1224 1952; baseline -0.008 -17"><span class='ocrx_word' id='word_1_110' title='bbox 469 1882 635 1952; x_wconf 71' lang='grc' dir='ltr'>ψυχα,</span> <span class='ocrx_word' id='word_1_111' title='bbox 667 1882 753 1935; x_wconf 82' lang='grc' dir='ltr'>ἵνα</span> <span class='ocrx_word' id='word_1_112' title='bbox 790 1879 863 1951; x_wconf 81' lang='grc' dir='ltr'><strong><em>μὴ</em></strong></span> <span class='ocrx_word' id='word_1_113' title='bbox 907 1881 1000 1932; x_wconf 64' lang='grc' dir='ltr'><strong><em>καὶ</em></strong></span> <span class='ocrx_word' id='word_1_114' title='bbox 1031 1879 1089 1931; x_wconf 79' lang='grc' dir='ltr'><strong><em>ὲν</em></strong></span> <span class='ocrx_word' id='word_1_115' title='bbox 1129 1880 1224 1930; x_wconf 84' lang='grc' dir='ltr'><strong><em>αὺ-</em></strong></span> 
     </span>
    </p>
   </div>
   <div class='ocr_carea' id='block_1_21' title="bbox 469 1969 1221 2036">
    <p class='ocr_par' dir='ltr' id='par_1_21' title="bbox 469 1969 1221 2036">
     <span class='ocr_line' id='line_1_21' title="bbox 469 1969 1221 2036; baseline -0.008 -10"><span class='ocrx_word' id='word_1_116' title='bbox 469 1976 581 2036; x_wconf 82' lang='grc' dir='ltr'><strong><em>τοῖς</em></strong></span> <span class='ocrx_word' id='word_1_117' title='bbox 630 1975 658 2025; x_wconf 80' lang='grc' dir='ltr'><em>ὁ</em></span> <span class='ocrx_word' id='word_1_118' title='bbox 717 1971 870 2033; x_wconf 75' lang='grc' dir='ltr'>Θεὸς,</span> <span class='ocrx_word' id='word_1_119' title='bbox 902 1971 989 2022; x_wconf 81' lang='grc' dir='ltr'>ὅτε</span> <span class='ocrx_word' id='word_1_120' title='bbox 1045 1969 1221 2022; x_wconf 83' lang='grc' dir='ltr'>πάντα</span> 
     </span>
    </p>
   </div>
   <div class='ocr_carea' id='block_1_22' title="bbox 474 2057 1218 2130">
    <p class='ocr_par' dir='ltr' id='par_1_22' title="bbox 474 2057 1218 2130">
     <span class='ocr_line' id='line_1_22' title="bbox 474 2057 1218 2130; baseline -0.004 -17"><span class='ocrx_word' id='word_1_121' title='bbox 474 2061 694 2130; x_wconf 68' lang='grc' dir='ltr'>γίνεται.</span> <span class='ocrx_word' id='word_1_122' title='bbox 728 2058 914 2123; x_wconf 74' lang='grc' dir='ltr'><strong><em>Οὕτως</em></strong></span> <span class='ocrx_word' id='word_1_123' title='bbox 954 2059 1074 2112; x_wconf 77' lang='grc' dir='ltr'>οὐδὲ</span> <span class='ocrx_word' id='word_1_124' title='bbox 1112 2057 1218 2110; x_wconf 84' lang='grc' dir='ltr'><strong><em>σώ-</em></strong></span> 
     </span>
    </p>
   </div>
   <div class='ocr_carea' id='block_1_23' title="bbox 473 2150 1220 2225">
    <p class='ocr_par' dir='ltr' id='par_1_23' title="bbox 473 2150 1220 2225">
     <span class='ocr_line' id='line_1_23' title="bbox 473 2150 1220 2225; baseline -0.005 -19"><span class='ocrx_word' id='word_1_125' title='bbox 473 2171 636 2225; x_wconf 80' lang='grc' dir='ltr'><strong>ματα,</strong></span> <span class='ocrx_word' id='word_1_126' title='bbox 673 2153 831 2206; x_wconf 81' lang='grc' dir='ltr'>ἆτινα</span> <span class='ocrx_word' id='word_1_127' title='bbox 870 2155 933 2223; x_wconf 85' lang='grc' dir='ltr'><strong><em>τῇ</em></strong></span> <span class='ocrx_word' id='word_1_128' title='bbox 985 2151 1089 2223; x_wconf 71' lang='grc' dir='ltr'>ἰδίᾳ</span> <span class='ocrx_word' id='word_1_129' title='bbox 1123 2150 1220 2220; x_wconf 82' lang='grc' dir='ltr'><strong><em>φύ-</em></strong></span> 
     </span>
    </p>
   </div>
   <div class='ocr_carea' id='block_1_24' title="bbox 471 2243 966 2314">
    <p class='ocr_par' dir='ltr' id='par_1_24' title="bbox 471 2243 966 2314">
     <span class='ocr_line' id='line_1_24' title="bbox 471 2243 966 2314; baseline -0.004 -17"><span class='ocrx_word' id='word_1_130' title='bbox 471 2263 552 2297; x_wconf 84' lang='grc' dir='ltr'>σει</span> <span class='ocrx_word' id='word_1_131' title='bbox 590 2243 772 2314; x_wconf 71' lang='grc' dir='ltr'>ἄψυχά</span> <span class='ocrx_word' id='word_1_132' title='bbox 803 2243 966 2296; x_wconf 76' lang='grc' dir='ltr'><strong>ἐστιν.</strong></span> 
     </span>
    </p>
   </div>
   <div class='ocr_carea' id='block_1_25' title="bbox 685 2349 1004 2390">
    <p class='ocr_par' dir='ltr' id='par_1_25' title="bbox 685 2349 1004 2390">
     <span class='ocr_line' id='line_1_25' title="bbox 685 2349 1004 2390; baseline -0.009 -2"><span class='ocrx_word' id='word_1_133' title='bbox 685 2349 838 2388; x_wconf 69' lang='lat' dir='ltr'><strong><em>VEBS.</em></strong></span> <span class='ocrx_word' id='word_1_134' title='bbox 881 2349 1004 2390; x_wconf 82' lang='lat' dir='ltr'><strong><em>NOV.</em></strong></span> 
     </span>
    </p>
   </div>
   <div class='ocr_carea' id='block_1_26' title="bbox 517 2424 1221 2491">
    <p class='ocr_par' dir='ltr' id='par_1_26' title="bbox 517 2424 1221 2491">
     <span class='ocr_line' id='line_1_26' title="bbox 517 2424 1221 2491; baseline -0.003 -13"><span class='ocrx_word' id='word_1_135' title='bbox 517 2424 671 2478; x_wconf 72' lang='lat' dir='ltr'><strong><em>&#39;Cum</em></strong></span> <span class='ocrx_word' id='word_1_136' title='bbox 700 2424 839 2478; x_wconf 88' lang='lat' dir='ltr'><strong><em>Deus</em></strong></span> <span class='ocrx_word' id='word_1_137' title='bbox 865 2425 1080 2478; x_wconf 81' lang='lat' dir='ltr'><strong><em>dicatur</em></strong></span> <span class='ocrx_word' id='word_1_138' title='bbox 1104 2424 1221 2491; x_wconf 77' lang='lat' dir='ltr'><strong><em>ﬁeri</em></strong></span> 
     </span>
    </p>
   </div>
   <div class='ocr_carea' id='block_1_27' title="bbox 468 2519 1223 2589">
    <p class='ocr_par' dir='ltr' id='par_1_27' title="bbox 468 2519 1223 2589">
     <span class='ocr_line' id='line_1_27' title="bbox 468 2519 1223 2589; baseline -0.004 -15"><span class='ocrx_word' id='word_1_139' title='bbox 468 2522 641 2576; x_wconf 86' lang='lat' dir='ltr'><strong><em>omnia</em></strong></span> <span class='ocrx_word' id='word_1_140' title='bbox 674 2524 727 2574; x_wconf 90' lang='lat' dir='ltr'><strong><em>in</em></strong></span> <span class='ocrx_word' id='word_1_141' title='bbox 756 2519 1014 2583; x_wconf 88' lang='lat' dir='ltr'><strong><em>omnibus,</em></strong></span> <span class='ocrx_word' id='word_1_142' title='bbox 1049 2536 1223 2589; x_wconf 88' lang='lat' dir='ltr'><strong><em>quem-</em></strong></span> 
     </span>
    </p>
   </div>
   <div class='ocr_carea' id='block_1_28' title="bbox 467 2614 1220 2673">
    <p class='ocr_par' dir='ltr' id='par_1_28' title="bbox 467 2614 1220 2673">
     <span class='ocr_line' id='line_1_28' title="bbox 467 2614 1220 2673; baseline -0.007 -7"><span class='ocrx_word' id='word_1_143' title='bbox 467 2614 750 2666; x_wconf 78' lang='lat' dir='ltr'><strong><em>admodum</em></strong></span> <span class='ocrx_word' id='word_1_144' title='bbox 800 2627 901 2664; x_wconf 90' lang='lat' dir='ltr'><strong><em>non</em></strong></span> <span class='ocrx_word' id='word_1_145' title='bbox 943 2626 1220 2673; x_wconf 85' lang='lat' dir='ltr'><strong><em>possumus</em></strong></span> 
     </span>
    </p>
   </div>
   <div class='ocr_carea' id='block_1_29' title="bbox 465 2701 1220 2771">
    <p class='ocr_par' dir='ltr' id='par_1_29' title="bbox 465 2701 1220 2771">
     <span class='ocr_line' id='line_1_29' title="bbox 465 2701 1220 2771; baseline -0.013 -9"><span class='ocrx_word' id='word_1_146' title='bbox 465 2718 702 2762; x_wconf 83' lang='lat' dir='ltr'><strong><em>asserere</em></strong></span> <span class='ocrx_word' id='word_1_147' title='bbox 763 2701 1090 2771; x_wconf 88' lang='lat' dir='ltr'><strong><em>nequitiam,</em></strong></span> <span class='ocrx_word' id='word_1_148' title='bbox 1146 2701 1220 2753; x_wconf 88' lang='lat' dir='ltr'><strong><em>ita</em></strong></span> 
     </span>
    </p>
   </div>
   <div class='ocr_carea' id='block_1_30' title="bbox 467 2791 1220 2865">
    <p class='ocr_par' dir='ltr' id='par_1_30' title="bbox 467 2791 1220 2865">
     <span class='ocr_line' id='line_1_30' title="bbox 467 2791 1220 2865; baseline -0.007 -16"><span class='ocrx_word' id='word_1_149' title='bbox 467 2812 628 2865; x_wconf 82' lang='lat' dir='ltr'><strong><em>neque</em></strong></span> <span class='ocrx_word' id='word_1_150' title='bbox 671 2793 809 2848; x_wconf 83' lang='lat' dir='ltr'><strong><em>Deus</em></strong></span> <span class='ocrx_word' id='word_1_151' title='bbox 852 2792 911 2860; x_wconf 81' lang='lat' dir='ltr'><strong><em>ﬁt</em></strong></span> <span class='ocrx_word' id='word_1_152' title='bbox 953 2792 1129 2845; x_wconf 87' lang='lat' dir='ltr'><strong><em>omnia</em></strong></span> <span class='ocrx_word' id='word_1_153' title='bbox 1165 2791 1220 2844; x_wconf 88' lang='lat' dir='ltr'><strong><em>in</em></strong></span> 
     </span>
    </p>
   </div>
   <div class='ocr_carea' id='block_1_31' title="bbox 467 2883 1217 2954">
    <p class='ocr_par' dir='ltr' id='par_1_31' title="bbox 467 2883 1217 2954">
     <span class='ocr_line' id='line_1_31' title="bbox 467 2883 1217 2954; baseline -0.008 -13"><span class='ocrx_word' id='word_1_154' title='bbox 467 2887 729 2953; x_wconf 85' lang='lat' dir='ltr'><strong><em>omnibus,</em></strong></span> <span class='ocrx_word' id='word_1_155' title='bbox 778 2902 937 2954; x_wconf 88' lang='lat' dir='ltr'><strong><em>neque</em></strong></span> <span class='ocrx_word' id='word_1_156' title='bbox 980 2887 1034 2936; x_wconf 87' lang='lat' dir='ltr'><strong><em>itl</em></strong></span> <span class='ocrx_word' id='word_1_157' title='bbox 1080 2883 1217 2953; x_wconf 88' lang='lat' dir='ltr'><strong><em>quod</em></strong></span> 
     </span>
    </p>
   </div>
   <div class='ocr_carea' id='block_1_32' title="bbox 467 2975 1216 3041">
    <p class='ocr_par' dir='ltr' id='par_1_32' title="bbox 467 2975 1216 3041">
     <span class='ocr_line' id='line_1_32' title="bbox 467 2975 1216 3041; baseline -0.007 -10"><span class='ocrx_word' id='word_1_158' title='bbox 467 2989 589 3032; x_wconf 86' lang='lat' dir='ltr'><strong><em>sunt</em></strong></span> <span class='ocrx_word' id='word_1_159' title='bbox 643 2979 816 3041; x_wconf 87' lang='lat' dir='ltr'><strong><em>bruta,</em></strong></span> <span class='ocrx_word' id='word_1_160' title='bbox 869 2994 930 3030; x_wconf 86' lang='lat' dir='ltr'><strong><em>ne</em></strong></span> <span class='ocrx_word' id='word_1_161' title='bbox 979 2975 1118 3028; x_wconf 83' lang='lat' dir='ltr'><strong><em>Deus</em></strong></span> <span class='ocrx_word' id='word_1_162' title='bbox 1153 2975 1216 3028; x_wconf 86' lang='lat' dir='ltr'><strong><em>sit</em></strong></span> 
     </span>
    </p>
   </div>
   <div class='ocr_carea' id='block_1_33' title="bbox 468 3067 1221 3139">
    <p class='ocr_par' dir='ltr' id='par_1_33' title="bbox 468 3067 1221 3139">
     <span class='ocr_line' id='line_1_33' title="bbox 468 3067 1221 3139; baseline -0.007 -17"><span class='ocrx_word' id='word_1_163' title='bbox 468 3085 673 3139; x_wconf 85' lang='lat' dir='ltr'><strong><em>quoque</em></strong></span> <span class='ocrx_word' id='word_1_164' title='bbox 723 3069 778 3120; x_wconf 88' lang='lat' dir='ltr'><strong><em>in</em></strong></span> <span class='ocrx_word' id='word_1_165' title='bbox 834 3067 1039 3120; x_wconf 88' lang='lat' dir='ltr'><strong><em>malitia</em></strong></span> <span class='ocrx_word' id='word_1_166' title='bbox 1087 3068 1221 3120; x_wconf 87' lang='lat' dir='ltr'><strong><em>etin</em></strong></span> 
     </span>
    </p>
   </div>
   <div class='ocr_carea' id='block_1_34' title="bbox 470 3157 1221 3221">
    <p class='ocr_par' dir='ltr' id='par_1_34' title="bbox 470 3157 1221 3221">
     <span class='ocr_line' id='line_1_34' title="bbox 470 3157 1221 3221; baseline -0.008 -8"><span class='ocrx_word' id='word_1_167' title='bbox 470 3161 639 3213; x_wconf 83' lang='lat' dir='ltr'><strong><em>brutis</em></strong></span> <span class='ocrx_word' id='word_1_168' title='bbox 708 3157 1065 3221; x_wconf 60' lang='lat' dir='ltr'><strong><em>animalibus;</em></strong></span> <span class='ocrx_word' id='word_1_169' title='bbox 1133 3157 1221 3208; x_wconf 87' lang='lat' dir='ltr'><strong><em>sed</em></strong></span> 
     </span>
    </p>
   </div>
   <div class='ocr_carea' id='block_1_35' title="bbox 473 3249 1224 3321">
    <p class='ocr_par' dir='ltr' id='par_1_35' title="bbox 473 3249 1224 3321">
     <span class='ocr_line' id='line_1_35' title="bbox 473 3249 1224 3321; baseline -0.007 -18"><span class='ocrx_word' id='word_1_170' title='bbox 473 3267 640 3321; x_wconf 85' lang='lat' dir='ltr'><strong><em>neque</em></strong></span> <span class='ocrx_word' id='word_1_171' title='bbox 673 3251 729 3320; x_wconf 81' lang='lat' dir='ltr'><strong><em>ﬁt</em></strong></span> <span class='ocrx_word' id='word_1_172' title='bbox 760 3250 910 3318; x_wconf 84' lang='lat' dir='ltr'><strong><em>‘quod</em></strong></span> <span class='ocrx_word' id='word_1_173' title='bbox 951 3259 1069 3302; x_wconf 88' lang='lat' dir='ltr'><strong><em>sunt</em></strong></span> <span class='ocrx_word' id='word_1_174' title='bbox 1103 3249 1224 3300; x_wconf 87' lang='lat' dir='ltr'><strong><em>ina-</em></strong></span> 
     </span>
    </p>
   </div>
   <div class='ocr_carea' id='block_1_36' title="bbox 471 3344 1222 3412">
    <p class='ocr_par' dir='ltr' id='par_1_36' title="bbox 471 3344 1222 3412">
     <span class='ocr_line' id='line_1_36' title="bbox 471 3344 1222 3412; baseline -0.003 -14"><span class='ocrx_word' id='word_1_175' title='bbox 471 3344 692 3412; x_wconf 76' lang='lat' dir='ltr'><strong><em>nimato,</em></strong></span> <span class='ocrx_word' id='word_1_176' title='bbox 742 3361 804 3398; x_wconf 85' lang='lat' dir='ltr'><strong><em>ne</em></strong></span> <span class='ocrx_word' id='word_1_177' title='bbox 852 3346 919 3398; x_wconf 86' lang='lat' dir='ltr'><strong><em>sit</em></strong></span> <span class='ocrx_word' id='word_1_178' title='bbox 969 3344 1125 3397; x_wconf 85' lang='lat' dir='ltr'><strong><em>etiam</em></strong></span> <span class='ocrx_word' id='word_1_179' title='bbox 1167 3344 1222 3396; x_wconf 93' lang='lat' dir='ltr'><strong><em>in</em></strong></span> 
     </span>
    </p>
   </div>
   <div class='ocr_carea' id='block_1_37' title="bbox 470 3437 1218 3508">
    <p class='ocr_par' dir='ltr' id='par_1_37' title="bbox 470 3437 1218 3508">
     <span class='ocr_line' id='line_1_37' title="bbox 470 3437 1218 3508; baseline -0.001 -17"><span class='ocrx_word' id='word_1_180' title='bbox 470 3437 599 3502; x_wconf 80' lang='lat' dir='ltr'><strong><em>illis,</em></strong></span> <span class='ocrx_word' id='word_1_181' title='bbox 651 3441 862 3508; x_wconf 79' lang='lat' dir='ltr'><strong><em>quando</em></strong></span> <span class='ocrx_word' id='word_1_182' title='bbox 905 3437 969 3506; x_wconf 83' lang='lat' dir='ltr'><strong><em>fit</em></strong></span> <span class='ocrx_word' id='word_1_183' title='bbox 1022 3437 1218 3490; x_wconf 84' lang='lat' dir='ltr'><strong><em>omnia.</em></strong></span> 
     </span>
    </p>
   </div>
   <div class='ocr_carea' id='block_1_38' title="bbox 470 3530 1221 3602">
    <p class='ocr_par' dir='ltr' id='par_1_38' title="bbox 470 3530 1221 3602">
     <span class='ocr_line' id='line_1_38' title="bbox 470 3530 1221 3602; baseline -0.005 -16"><span class='ocrx_word' id='word_1_184' title='bbox 470 3530 557 3586; x_wconf 86' lang='lat' dir='ltr'><strong><em>Ita</em></strong></span> <span class='ocrx_word' id='word_1_185' title='bbox 581 3548 740 3602; x_wconf 86' lang='lat' dir='ltr'><strong><em>neque</em></strong></span> <span class='ocrx_word' id='word_1_186' title='bbox 759 3531 818 3601; x_wconf 81' lang='lat' dir='ltr'><strong><em>ﬁt</em></strong></span> <span class='ocrx_word' id='word_1_187' title='bbox 841 3531 980 3600; x_wconf 87' lang='lat' dir='ltr'><strong><em>quod</em></strong></span> <span class='ocrx_word' id='word_1_188' title='bbox 1001 3546 1221 3599; x_wconf 86' lang='lat' dir='ltr'><strong><em>corpora</em></strong></span> 
     </span>
    </p>
   </div>
   <div class='ocr_carea' id='block_1_39' title="bbox 1359 1033 2038 1103">
    <p class='ocr_par' dir='ltr' id='par_1_39' title="bbox 1359 1033 2038 1103">
     <span class='ocr_line' id='line_1_39' title="bbox 1359 1033 2038 1103; baseline 0.006 -16"><span class='ocrx_word' id='word_1_189' title='bbox 1359 1033 1414 1087; x_wconf 74' lang='lat'><strong><em>2.</em></strong></span> <span class='ocrx_word' id='word_1_190' title='bbox 1463 1034 1596 1088; x_wconf 90' lang='lat' dir='ltr'><strong><em>Cum</em></strong></span> <span class='ocrx_word' id='word_1_191' title='bbox 1644 1049 1775 1103; x_wconf 82' lang='lat' dir='ltr'><strong><em>ergo</em></strong></span> <span class='ocrx_word' id='word_1_192' title='bbox 1828 1035 1880 1087; x_wconf 93' lang='lat' dir='ltr'><strong><em>in</em></strong></span> <span class='ocrx_word' id='word_1_193' title='bbox 1933 1035 2038 1091; x_wconf 83' lang='lat' dir='ltr'><strong><em>line</em></strong></span> 
     </span>
    </p>
   </div>
   <div class='ocr_carea' id='block_1_40' title="bbox 1292 1124 2040 1179">
    <p class='ocr_par' dir='ltr' id='par_1_40' title="bbox 1292 1124 2040 1179">
     <span class='ocr_line' id='line_1_40' title="bbox 1292 1124 2040 1179; baseline 0.001 -1"><span class='ocrx_word' id='word_1_194' title='bbox 1292 1125 1432 1178; x_wconf 80' lang='lat' dir='ltr'><strong><em>Deus</em></strong></span> <span class='ocrx_word' id='word_1_195' title='bbox 1476 1138 1596 1178; x_wconf 90' lang='lat' dir='ltr'><strong><em>esse</em></strong></span> <span class='ocrx_word' id='word_1_196' title='bbox 1647 1124 1831 1178; x_wconf 85' lang='lat' dir='ltr'><strong><em>omnia</em></strong></span> <span class='ocrx_word' id='word_1_197' title='bbox 1889 1134 1943 1178; x_wconf 90' lang='lat' dir='ltr'><strong><em>et</em></strong></span> <span class='ocrx_word' id='word_1_198' title='bbox 1989 1126 2040 1179; x_wconf 91' lang='lat' dir='ltr'><strong><em>in</em></strong></span> 
     </span>
    </p>
   </div>
   <div class='ocr_carea' id='block_1_41' title="bbox 1291 1216 2043 1285">
    <p class='ocr_par' dir='ltr' id='par_1_41' title="bbox 1291 1216 2043 1285">
     <span class='ocr_line' id='line_1_41' title="bbox 1291 1216 2043 1285; baseline 0 -13"><span class='ocrx_word' id='word_1_199' title='bbox 1291 1216 1543 1272; x_wconf 89' lang='lat' dir='ltr'><strong><em>omnibus</em></strong></span> <span class='ocrx_word' id='word_1_200' title='bbox 1557 1216 1928 1285; x_wconf 81' lang='lat' dir='ltr'><strong><em>promittatur,</em></strong></span> <span class='ocrx_word' id='word_1_201' title='bbox 1946 1218 2043 1272; x_wconf 91' lang='lat' dir='ltr'><strong><em>sic-</em></strong></span> 
     </span>
    </p>
   </div>
   <div class='ocr_carea' id='block_1_42' title="bbox 1294 1308 2039 1380">
    <p class='ocr_par' dir='ltr' id='par_1_42' title="bbox 1294 1308 2039 1380">
     <span class='ocr_line' id='line_1_42' title="bbox 1294 1308 2039 1380; baseline 0.001 -19"><span class='ocrx_word' id='word_1_202' title='bbox 1294 1316 1352 1362; x_wconf 77' lang='lat' dir='ltr'><strong><em>ut</em></strong></span> <span class='ocrx_word' id='word_1_203' title='bbox 1395 1320 1737 1376; x_wconf 88' lang='lat' dir='ltr'><strong><em>consequens</em></strong></span> <span class='ocrx_word' id='word_1_204' title='bbox 1774 1316 1856 1363; x_wconf 90' lang='lat' dir='ltr'><strong><em>est</em></strong></span> <span class='ocrx_word' id='word_1_205' title='bbox 1902 1308 2039 1380; x_wconf 74' lang='grc'>(43),</span> 
     </span>
    </p>
   </div>
   <div class='ocr_carea' id='block_1_43' title="bbox 1294 1401 2042 1470">
    <p class='ocr_par' dir='ltr' id='par_1_43' title="bbox 1294 1401 2042 1470">
     <span class='ocr_line' id='line_1_43' title="bbox 1294 1401 2042 1470; baseline 0.004 -17"><span class='ocrx_word' id='word_1_206' title='bbox 1294 1416 1397 1453; x_wconf 87' lang='lat' dir='ltr'><strong><em>non</em></strong></span> <span class='ocrx_word' id='word_1_207' title='bbox 1423 1408 1505 1454; x_wconf 90' lang='lat' dir='ltr'><strong><em>est</em></strong></span> <span class='ocrx_word' id='word_1_208' title='bbox 1534 1401 1825 1470; x_wconf 88' lang='lat' dir='ltr'><strong><em>putandum</em></strong></span> <span class='ocrx_word' id='word_1_209' title='bbox 1859 1403 2042 1457; x_wconf 86' lang='lat' dir='ltr'><strong><em>veni-re</em></strong></span> 
     </span>
    </p>
   </div>
   <div class='ocr_carea' id='block_1_44' title="bbox 1293 1492 2036 1562">
    <p class='ocr_par' dir='ltr' id='par_1_44' title="bbox 1293 1492 2036 1562">
     <span class='ocr_line' id='line_1_44' title="bbox 1293 1492 2036 1562; baseline 0 -16"><span class='ocrx_word' id='word_1_210' title='bbox 1293 1493 1358 1546; x_wconf 86' lang='lat' dir='ltr'><strong><em>ad</em></strong></span> <span class='ocrx_word' id='word_1_211' title='bbox 1391 1492 1536 1546; x_wconf 90' lang='lat' dir='ltr'><strong><em>illum</em></strong></span> <span class='ocrx_word' id='word_1_212' title='bbox 1571 1493 1729 1548; x_wconf 87' lang='lat' dir='ltr'><strong><em>linem</em></strong></span> <span class='ocrx_word' id='word_1_213' title='bbox 1765 1493 2036 1562; x_wconf 75' lang='lat' dir='ltr'><strong><em>animalia,</em></strong></span> 
     </span>
    </p>
   </div>
   <div class='ocr_carea' id='block_1_45' title="bbox 1292 1584 2047 1655">
    <p class='ocr_par' dir='ltr' id='par_1_45' title="bbox 1292 1584 2047 1655">
     <span class='ocr_line' id='line_1_45' title="bbox 1292 1584 2047 1655; baseline 0 -16"><span class='ocrx_word' id='word_1_214' title='bbox 1292 1585 1376 1640; x_wconf 94' lang='lat' dir='ltr'><strong><em>vel</em></strong></span> <span class='ocrx_word' id='word_1_215' title='bbox 1423 1599 1641 1655; x_wconf 84' lang='lat' dir='ltr'><strong><em>pecora,</em></strong></span> <span class='ocrx_word' id='word_1_216' title='bbox 1691 1584 1774 1638; x_wconf 90' lang='lat' dir='ltr'><strong><em>vel</em></strong></span> <span class='ocrx_word' id='word_1_217' title='bbox 1822 1585 2047 1652; x_wconf 75' lang='lat' dir='ltr'><strong><em>bestias,</em></strong></span> 
     </span>
    </p>
   </div>
   <div class='ocr_carea' id='block_1_46' title="bbox 1295 1682 2037 1748">
    <p class='ocr_par' dir='ltr' id='par_1_46' title="bbox 1295 1682 2037 1748">
     <span class='ocr_line' id='line_1_46' title="bbox 1295 1682 2037 1748; baseline 0 -12"><span class='ocrx_word' id='word_1_218' title='bbox 1295 1697 1362 1736; x_wconf 90' lang='lat' dir='ltr'><strong><em>ne</em></strong></span> <span class='ocrx_word' id='word_1_219' title='bbox 1391 1684 1555 1736; x_wconf 88' lang='lat' dir='ltr'><strong><em>etiam</em></strong></span> <span class='ocrx_word' id='word_1_220' title='bbox 1591 1682 1644 1736; x_wconf 87' lang='lat' dir='ltr'><strong><em>in</em></strong></span> <span class='ocrx_word' id='word_1_221' title='bbox 1697 1682 2037 1748; x_wconf 86' lang='lat' dir='ltr'><strong><em>animalibus,</em></strong></span> 
     </span>
    </p>
   </div>
   <div class='ocr_carea' id='block_1_47' title="bbox 1294 1775 2042 1843">
    <p class='ocr_par' dir='ltr' id='par_1_47' title="bbox 1294 1775 2042 1843">
     <span class='ocr_line' id='line_1_47' title="bbox 1294 1775 2042 1843; baseline 0.003 -14"><span class='ocrx_word' id='word_1_222' title='bbox 1294 1785 1387 1829; x_wconf 87' lang='lat' dir='ltr'><strong><em>aut</em></strong></span> <span class='ocrx_word' id='word_1_223' title='bbox 1413 1775 1721 1843; x_wconf 86' lang='lat' dir='ltr'><strong><em>pecoribus,</em></strong></span> <span class='ocrx_word' id='word_1_224' title='bbox 1749 1775 1831 1828; x_wconf 82' lang='lat' dir='ltr'><strong><em>vel</em></strong></span> <span class='ocrx_word' id='word_1_225' title='bbox 1856 1776 2042 1831; x_wconf 85' lang='lat' dir='ltr'><strong><em>bestiis</em></strong></span> 
     </span>
    </p>
   </div>
   <div class='ocr_carea' id='block_1_48' title="bbox 1297 1871 2039 1942">
    <p class='ocr_par' dir='ltr' id='par_1_48' title="bbox 1297 1871 2039 1942">
     <span class='ocr_line' id='line_1_48' title="bbox 1297 1871 2039 1942; baseline 0.001 -19"><span class='ocrx_word' id='word_1_226' title='bbox 1297 1871 1439 1925; x_wconf 86' lang='lat' dir='ltr'><strong><em>Deus</em></strong></span> <span class='ocrx_word' id='word_1_227' title='bbox 1470 1872 1644 1926; x_wconf 88' lang='lat' dir='ltr'><strong><em>inesse</em></strong></span> <span class='ocrx_word' id='word_1_228' title='bbox 1691 1872 2039 1942; x_wconf 80' lang='lat' dir='ltr'><strong><em>designetur;</em></strong></span> 
     </span>
    </p>
   </div>
   <div class='ocr_carea' id='block_1_49' title="bbox 1293 1961 2040 2031">
    <p class='ocr_par' dir='ltr' id='par_1_49' title="bbox 1293 1961 2040 2031">
     <span class='ocr_line' id='line_1_49' title="bbox 1293 1961 2040 2031; baseline 0.001 -15"><span class='ocrx_word' id='word_1_229' title='bbox 1293 1961 1385 2016; x_wconf 89' lang='lat' dir='ltr'><strong><em>sed</em></strong></span> <span class='ocrx_word' id='word_1_230' title='bbox 1411 1975 1508 2014; x_wconf 87' lang='lat' dir='ltr'><strong><em>nec</em></strong></span> <span class='ocrx_word' id='word_1_231' title='bbox 1534 1961 1677 2030; x_wconf 86' lang='lat' dir='ltr'><strong><em>ligna</em></strong></span> <span class='ocrx_word' id='word_1_232' title='bbox 1699 1962 1779 2014; x_wconf 87' lang='lat' dir='ltr'><strong><em>vel</em></strong></span> <span class='ocrx_word' id='word_1_233' title='bbox 1814 1961 2040 2031; x_wconf 76' lang='lat' dir='ltr'><strong><em>lapides,</em></strong></span> 
     </span>
    </p>
   </div>
   <div class='ocr_carea' id='block_1_50' title="bbox 1294 2053 2044 2122">
    <p class='ocr_par' dir='ltr' id='par_1_50' title="bbox 1294 2053 2044 2122">
     <span class='ocr_line' id='line_1_50' title="bbox 1294 2053 2044 2122; baseline 0.001 -14"><span class='ocrx_word' id='word_1_234' title='bbox 1294 2069 1361 2108; x_wconf 89' lang='lat' dir='ltr'><strong><em>ne</em></strong></span> <span class='ocrx_word' id='word_1_235' title='bbox 1416 2055 1466 2106; x_wconf 92' lang='lat' dir='ltr'><strong><em>in</em></strong></span> <span class='ocrx_word' id='word_1_236' title='bbox 1521 2053 1606 2107; x_wconf 86' lang='lat' dir='ltr'><strong><em>bis</em></strong></span> <span class='ocrx_word' id='word_1_237' title='bbox 1659 2068 1876 2122; x_wconf 88' lang='lat' dir='ltr'><strong><em>quoque</em></strong></span> <span class='ocrx_word' id='word_1_238' title='bbox 1923 2068 2044 2109; x_wconf 85' lang='lat' dir='ltr'><strong><em>esse</em></strong></span> 
     </span>
    </p>
   </div>
   <div class='ocr_carea' id='block_1_51' title="bbox 1291 2145 2043 2216">
    <p class='ocr_par' dir='ltr' id='par_1_51' title="bbox 1291 2145 2043 2216">
     <span class='ocr_line' id='line_1_51' title="bbox 1291 2145 2043 2216; baseline 0.001 -15"><span class='ocrx_word' id='word_1_239' title='bbox 1291 2147 1504 2201; x_wconf 81' lang='lat' dir='ltr'><strong><em>dicatur</em></strong></span> <span class='ocrx_word' id='word_1_240' title='bbox 1557 2146 1715 2200; x_wconf 89' lang='lat' dir='ltr'><strong><em>Deus.</em></strong></span> <span class='ocrx_word' id='word_1_241' title='bbox 1767 2145 1922 2216; x_wconf 80' lang='lat'><strong><em>153</em></strong></span> <span class='ocrx_word' id='word_1_242' title='bbox 1964 2146 2043 2202; x_wconf 83' lang='lat' dir='ltr'><strong><em>lla</em></strong></span> 
     </span>
    </p>
   </div>
   <div class='ocr_carea' id='block_1_52' title="bbox 1291 2240 2044 2309">
    <p class='ocr_par' dir='ltr' id='par_1_52' title="bbox 1291 2240 2044 2309">
     <span class='ocr_line' id='line_1_52' title="bbox 1291 2240 2044 2309; baseline 0 -15"><span class='ocrx_word' id='word_1_243' title='bbox 1291 2255 1359 2295; x_wconf 85' lang='lat' dir='ltr'><strong><em>ne</em></strong></span> <span class='ocrx_word' id='word_1_244' title='bbox 1408 2240 1568 2294; x_wconf 88' lang='lat' dir='ltr'><strong><em>ullam</em></strong></span> <span class='ocrx_word' id='word_1_245' title='bbox 1623 2241 1839 2309; x_wconf 85' lang='lat' dir='ltr'><strong><em>quidem</em></strong></span> <span class='ocrx_word' id='word_1_246' title='bbox 1886 2240 2044 2294; x_wconf 88' lang='lat' dir='ltr'><strong><em>mali-</em></strong></span> 
     </span>
    </p>
   </div>
   <div class='ocr_carea' id='block_1_53' title="bbox 1294 2330 2044 2399">
    <p class='ocr_par' dir='ltr' id='par_1_53' title="bbox 1294 2330 2044 2399">
     <span class='ocr_line' id='line_1_53' title="bbox 1294 2330 2044 2399; baseline 0.001 -15"><span class='ocrx_word' id='word_1_247' title='bbox 1294 2335 1420 2386; x_wconf 85' lang='lat' dir='ltr'><strong><em>tiam</em></strong></span> <span class='ocrx_word' id='word_1_248' title='bbox 1465 2333 1531 2385; x_wconf 88' lang='lat' dir='ltr'><strong><em>ad</em></strong></span> <span class='ocrx_word' id='word_1_249' title='bbox 1573 2330 1718 2384; x_wconf 89' lang='lat' dir='ltr'><strong><em>illum</em></strong></span> <span class='ocrx_word' id='word_1_250' title='bbox 1759 2333 1916 2385; x_wconf 87' lang='lat' dir='ltr'><strong><em>linem</em></strong></span> <span class='ocrx_word' id='word_1_251' title='bbox 1949 2347 2044 2399; x_wconf 87' lang='lat' dir='ltr'><strong><em>pu-</em></strong></span> 
     </span>
    </p>
   </div>
   <div class='ocr_carea' id='block_1_54' title="bbox 1295 2423 2040 2492">
    <p class='ocr_par' dir='ltr' id='par_1_54' title="bbox 1295 2423 2040 2492">
     <span class='ocr_line' id='line_1_54' title="bbox 1295 2423 2040 2492; baseline 0.001 -16"><span class='ocrx_word' id='word_1_252' title='bbox 1295 2424 1516 2478; x_wconf 81' lang='lat' dir='ltr'><strong><em>tandum</em></strong></span> <span class='ocrx_word' id='word_1_253' title='bbox 1568 2432 1652 2477; x_wconf 85' lang='lat' dir='ltr'><strong><em>cst</em></strong></span> <span class='ocrx_word' id='word_1_254' title='bbox 1702 2423 1982 2492; x_wconf 85' lang='lat' dir='ltr'><strong><em>pervenire</em></strong></span> <span class='ocrx_word' id='word_1_255' title='bbox 2026 2439 2040 2477; x_wconf 87' lang='lat'><strong>:</strong></span> 
     </span>
    </p>
   </div>
   <div class='ocr_carea' id='block_1_55' title="bbox 1295 2515 2045 2570">
    <p class='ocr_par' dir='ltr' id='par_1_55' title="bbox 1295 2515 2045 2570">
     <span class='ocr_line' id='line_1_55' title="bbox 1295 2515 2045 2570; baseline 0.003 -2"><span class='ocrx_word' id='word_1_256' title='bbox 1295 2529 1362 2568; x_wconf 88' lang='lat' dir='ltr'><strong><em>ne</em></strong></span> <span class='ocrx_word' id='word_1_257' title='bbox 1389 2516 1514 2568; x_wconf 90' lang='lat' dir='ltr'><strong><em>dum</em></strong></span> <span class='ocrx_word' id='word_1_258' title='bbox 1546 2515 1598 2568; x_wconf 89' lang='lat' dir='ltr'><strong><em>in</em></strong></span> <span class='ocrx_word' id='word_1_259' title='bbox 1623 2515 1876 2569; x_wconf 86' lang='lat' dir='ltr'><strong><em>omnibus</em></strong></span> <span class='ocrx_word' id='word_1_260' title='bbox 1905 2515 2045 2570; x_wconf 90' lang='lat' dir='ltr'><strong><em>Deus</em></strong></span> 
     </span>
    </p>
   </div>
   <div class='ocr_carea' id='block_1_56' title="bbox 1293 2605 2045 2670">
    <p class='ocr_par' dir='ltr' id='par_1_56' title="bbox 1293 2605 2045 2670">
     <span class='ocr_line' id='line_1_56' title="bbox 1293 2605 2045 2670; baseline -0.001 -10"><span class='ocrx_word' id='word_1_261' title='bbox 1293 2619 1412 2660; x_wconf 87' lang='lat' dir='ltr'><strong><em>esse</em></strong></span> <span class='ocrx_word' id='word_1_262' title='bbox 1436 2607 1656 2670; x_wconf 85' lang='lat' dir='ltr'><strong><em>dicitur,</em></strong></span> <span class='ocrx_word' id='word_1_263' title='bbox 1679 2605 1840 2658; x_wconf 88' lang='lat' dir='ltr'><strong><em>etiam</em></strong></span> <span class='ocrx_word' id='word_1_264' title='bbox 1870 2607 1921 2659; x_wconf 89' lang='lat' dir='ltr'><strong><em>in</em></strong></span> <span class='ocrx_word' id='word_1_265' title='bbox 1947 2607 2045 2659; x_wconf 81' lang='lat' dir='ltr'><strong><em>ali-</em></strong></span> 
     </span>
    </p>
   </div>
   <div class='ocr_carea' id='block_1_57' title="bbox 1291 2698 2044 2768">
    <p class='ocr_par' dir='ltr' id='par_1_57' title="bbox 1291 2698 2044 2768">
     <span class='ocr_line' id='line_1_57' title="bbox 1291 2698 2044 2768; baseline 0.001 -17"><span class='ocrx_word' id='word_1_266' title='bbox 1291 2712 1398 2768; x_wconf 92' lang='lat' dir='ltr'><strong><em>quo</em></strong></span> <span class='ocrx_word' id='word_1_267' title='bbox 1433 2698 1650 2752; x_wconf 62' lang='lat' dir='ltr'><strong><em>malitiae</em></strong></span> <span class='ocrx_word' id='word_1_268' title='bbox 1697 2698 1918 2754; x_wconf 87' lang='lat' dir='ltr'><strong><em>vasculo</em></strong></span> <span class='ocrx_word' id='word_1_269' title='bbox 1963 2699 2044 2752; x_wconf 88' lang='lat' dir='ltr'><strong><em>in-</em></strong></span> 
     </span>
    </p>
   </div>
   <div class='ocr_carea' id='block_1_58' title="bbox 1291 2791 2042 2858">
    <p class='ocr_par' dir='ltr' id='par_1_58' title="bbox 1291 2791 2042 2858">
     <span class='ocr_line' id='line_1_58' title="bbox 1291 2791 2042 2858; baseline -0.003 -10"><span class='ocrx_word' id='word_1_270' title='bbox 1291 2807 1412 2848; x_wconf 88' lang='lat' dir='ltr'><strong><em>esse</em></strong></span> <span class='ocrx_word' id='word_1_271' title='bbox 1447 2792 1678 2858; x_wconf 73' lang='lat' dir='ltr'><strong><em>dicatur.</em></strong></span> <span class='ocrx_word' id='word_1_272' title='bbox 1727 2791 1858 2846; x_wconf 87' lang='lat' dir='ltr'><strong><em>Nam</em></strong></span> <span class='ocrx_word' id='word_1_273' title='bbox 1901 2801 1954 2847; x_wconf 89' lang='lat' dir='ltr'><strong><em>et</em></strong></span> <span class='ocrx_word' id='word_1_274' title='bbox 1997 2793 2042 2848; x_wconf 90' lang='lat' dir='ltr'><strong><em>si</em></strong></span> 
     </span>
    </p>
   </div>
   <div class='ocr_carea' id='block_1_59' title="bbox 1293 2887 2044 2957">
    <p class='ocr_par' dir='ltr' id='par_1_59' title="bbox 1293 2887 2044 2957">
     <span class='ocr_line' id='line_1_59' title="bbox 1293 2887 2044 2957; baseline -0.001 -18"><span class='ocrx_word' id='word_1_275' title='bbox 1293 2901 1434 2940; x_wconf 91' lang='lat' dir='ltr'><strong><em>nunc</em></strong></span> <span class='ocrx_word' id='word_1_276' title='bbox 1487 2900 1701 2957; x_wconf 91' lang='lat' dir='ltr'><strong><em>quoque</em></strong></span> <span class='ocrx_word' id='word_1_277' title='bbox 1747 2887 1946 2954; x_wconf 89' lang='lat' dir='ltr'><strong><em>ubique</em></strong></span> <span class='ocrx_word' id='word_1_278' title='bbox 1989 2895 2044 2938; x_wconf 89' lang='lat' dir='ltr'><strong><em>et</em></strong></span> 
     </span>
    </p>
   </div>
   <div class='ocr_carea' id='block_1_60' title="bbox 1293 2977 2042 3031">
    <p class='ocr_par' dir='ltr' id='par_1_60' title="bbox 1293 2977 2042 3031">
     <span class='ocr_line' id='line_1_60' title="bbox 1293 2977 2042 3031; baseline 0.001 -1"><span class='ocrx_word' id='word_1_279' title='bbox 1293 2979 1344 3030; x_wconf 92' lang='lat' dir='ltr'><strong><em>in</em></strong></span> <span class='ocrx_word' id='word_1_280' title='bbox 1378 2979 1629 3031; x_wconf 89' lang='lat' dir='ltr'><strong><em>omnibus</em></strong></span> <span class='ocrx_word' id='word_1_281' title='bbox 1661 2977 1888 3030; x_wconf 80' lang='lat' dir='ltr'><strong><em>dicimus</em></strong></span> <span class='ocrx_word' id='word_1_282' title='bbox 1922 2990 2042 3031; x_wconf 87' lang='lat' dir='ltr'><strong><em>esse</em></strong></span> 
     </span>
    </p>
   </div>
   <div class='ocr_carea' id='block_1_61' title="bbox 2149 493 3719 565">
    <p class='ocr_par' dir='ltr' id='par_1_61' title="bbox 2149 493 3719 565">
     <span class='ocr_line' id='line_1_61' title="bbox 2149 493 3719 565; baseline -0.002 -17"><span class='ocrx_word' id='word_1_283' title='bbox 2149 496 2200 548; x_wconf 93' lang='lat' dir='ltr'><strong><em>in</em></strong></span> <span class='ocrx_word' id='word_1_284' title='bbox 2256 494 2481 565; x_wconf 85' lang='lat' dir='ltr'><strong><em>singulis</em></strong></span> <span class='ocrx_word' id='word_1_285' title='bbox 2514 509 2640 549; x_wconf 92' lang='lat' dir='ltr'><strong><em>eum</em></strong></span> <span class='ocrx_word' id='word_1_286' title='bbox 2697 497 2876 550; x_wconf 88' lang='lat' dir='ltr'><strong><em>omnia</em></strong></span> <span class='ocrx_word' id='word_1_287' title='bbox 2925 509 3066 549; x_wconf 90' lang='lat' dir='ltr'><strong><em>esse.</em></strong></span> <span class='ocrx_word' id='word_1_288' title='bbox 3106 494 3212 548; x_wconf 84' lang='lat' dir='ltr'><strong><em>Per</em></strong></span> <span class='ocrx_word' id='word_1_289' title='bbox 3256 493 3497 563; x_wconf 81' lang='lat' dir='ltr'><strong><em>singulos</em></strong></span> <span class='ocrx_word' id='word_1_290' title='bbox 3533 502 3719 546; x_wconf 86' lang='lat' dir='ltr'><strong><em>autem</em></strong></span> 
     </span>
    </p>
   </div>
   <div class='ocr_carea' id='block_1_62' title="bbox 2145 584 3720 656">
    <p class='ocr_par' dir='ltr' id='par_1_62' title="bbox 2145 584 3720 656">
     <span class='ocr_line' id='line_1_62' title="bbox 2145 584 3720 656; baseline -0.002 -15"><span class='ocrx_word' id='word_1_291' title='bbox 2145 587 2326 641; x_wconf 87' lang='lat' dir='ltr'><strong><em>omnia</em></strong></span> <span class='ocrx_word' id='word_1_292' title='bbox 2352 586 2456 642; x_wconf 90' lang='lat' dir='ltr'><strong><em>erit</em></strong></span> <span class='ocrx_word' id='word_1_293' title='bbox 2482 587 2584 641; x_wconf 91' lang='lat' dir='ltr'><strong><em>hoc</em></strong></span> <span class='ocrx_word' id='word_1_294' title='bbox 2608 588 2790 652; x_wconf 93' lang='lat' dir='ltr'><strong><em>modo,</em></strong></span> <span class='ocrx_word' id='word_1_295' title='bbox 2817 595 2875 641; x_wconf 88' lang='lat' dir='ltr'><strong><em>ut</em></strong></span> <span class='ocrx_word' id='word_1_296' title='bbox 2897 586 3160 656; x_wconf 90' lang='lat' dir='ltr'><strong><em>quidquid</em></strong></span> <span class='ocrx_word' id='word_1_297' title='bbox 3191 584 3530 639; x_wconf 83' lang='lat' dir='ltr'><strong><em>rationabilis</em></strong></span> <span class='ocrx_word' id='word_1_298' title='bbox 3563 597 3720 638; x_wconf 83' lang='lat' dir='ltr'><strong><em>mens</em></strong></span> 
     </span>
    </p>
   </div>
   <div class='ocr_carea' id='block_1_63' title="bbox 2144 677 3722 747">
    <p class='ocr_par' dir='ltr' id='par_1_63' title="bbox 2144 677 3722 747">
     <span class='ocr_line' id='line_1_63' title="bbox 2144 677 3722 747; baseline -0.002 -15"><span class='ocrx_word' id='word_1_299' title='bbox 2144 688 2438 747; x_wconf 80' lang='lat' dir='ltr'><strong><em>expurgata</em></strong></span> <span class='ocrx_word' id='word_1_300' title='bbox 2470 679 2708 732; x_wconf 89' lang='lat' dir='ltr'><strong><em>omnium</em></strong></span> <span class='ocrx_word' id='word_1_301' title='bbox 2742 679 2995 732; x_wconf 87' lang='lat' dir='ltr'><strong><em>vitiorum</em></strong></span> <span class='ocrx_word' id='word_1_302' title='bbox 3027 679 3174 741; x_wconf 82' lang='lat' dir='ltr'><strong><em>faece,</em></strong></span> <span class='ocrx_word' id='word_1_303' title='bbox 3206 687 3367 747; x_wconf 90' lang='lat' dir='ltr'><strong><em>atque</em></strong></span> <span class='ocrx_word' id='word_1_304' title='bbox 3393 677 3537 732; x_wconf 90' lang='lat' dir='ltr'><strong><em>omni</em></strong></span> <span class='ocrx_word' id='word_1_305' title='bbox 3568 678 3722 746; x_wconf 85' lang='lat' dir='ltr'><strong><em>peni-</em></strong></span> 
     </span>
    </p>
   </div>
   <div class='ocr_carea' id='block_1_64' title="bbox 2147 767 3725 836">
    <p class='ocr_par' dir='ltr' id='par_1_64' title="bbox 2147 767 3725 836">
     <span class='ocr_line' id='line_1_64' title="bbox 2147 767 3725 836; baseline -0.002 -14"><span class='ocrx_word' id='word_1_306' title='bbox 2147 777 2233 824; x_wconf 89' lang='lat' dir='ltr'><strong><em>tus</em></strong></span> <span class='ocrx_word' id='word_1_307' title='bbox 2264 769 2512 824; x_wconf 83' lang='lat' dir='ltr'><strong><em>abstersa</em></strong></span> <span class='ocrx_word' id='word_1_308' title='bbox 2543 771 2684 823; x_wconf 86' lang='lat' dir='ltr'><strong><em>nube</em></strong></span> <span class='ocrx_word' id='word_1_309' title='bbox 2736 769 2977 836; x_wconf 77' lang='lat' dir='ltr'><strong><em>malitiae,</em></strong></span> <span class='ocrx_word' id='word_1_310' title='bbox 3024 770 3105 824; x_wconf 89' lang='lat' dir='ltr'><strong><em>vel</em></strong></span> <span class='ocrx_word' id='word_1_311' title='bbox 3139 773 3362 831; x_wconf 86' lang='lat' dir='ltr'><strong><em>sentire,</em></strong></span> <span class='ocrx_word' id='word_1_312' title='bbox 3403 768 3485 823; x_wconf 87' lang='lat' dir='ltr'><strong><em>vel</em></strong></span> <span class='ocrx_word' id='word_1_313' title='bbox 3518 767 3725 821; x_wconf 79' lang='lat' dir='ltr'><strong><em>intelli-</em></strong></span> 
     </span>
    </p>
   </div>
   <div class='ocr_carea' id='block_1_65' title="bbox 2144 858 3724 930">
    <p class='ocr_par' dir='ltr' id='par_1_65' title="bbox 2144 858 3724 930">
     <span class='ocr_line' id='line_1_65' title="bbox 2144 858 3724 930; baseline -0.001 -19"><span class='ocrx_word' id='word_1_314' title='bbox 2144 873 2294 930; x_wconf 83' lang='lat' dir='ltr'><strong><em>gere,</em></strong></span> <span class='ocrx_word' id='word_1_315' title='bbox 2321 863 2402 913; x_wconf 90' lang='lat' dir='ltr'><strong><em>vel</em></strong></span> <span class='ocrx_word' id='word_1_316' title='bbox 2433 859 2674 926; x_wconf 82' lang='lat' dir='ltr'><strong><em>cogitare</em></strong></span> <span class='ocrx_word' id='word_1_317' title='bbox 2717 869 2913 930; x_wconf 87' lang='lat' dir='ltr'><strong><em>potest,</em></strong></span> <span class='ocrx_word' id='word_1_318' title='bbox 2944 859 3123 914; x_wconf 87' lang='lat' dir='ltr'><strong><em>omnia</em></strong></span> <span class='ocrx_word' id='word_1_319' title='bbox 3161 860 3298 912; x_wconf 91' lang='lat' dir='ltr'><strong><em>Deus</em></strong></span> <span class='ocrx_word' id='word_1_320' title='bbox 3323 859 3419 921; x_wconf 89' lang='lat' dir='ltr'><strong><em>sit,</em></strong></span> <span class='ocrx_word' id='word_1_321' title='bbox 3451 872 3552 912; x_wconf 86' lang='lat' dir='ltr'><strong><em>nec</em></strong></span> <span class='ocrx_word' id='word_1_322' title='bbox 3579 858 3724 912; x_wconf 88' lang='lat' dir='ltr'><strong><em>ultra</em></strong></span> 
     </span>
    </p>
   </div>
   <div class='ocr_carea' id='block_1_66' title="bbox 2137 952 3722 1024">
    <p class='ocr_par' dir='ltr' id='par_1_66' title="bbox 2137 952 3722 1024">
     <span class='ocr_line' id='line_1_66' title="bbox 2137 952 3722 1024; baseline -0.003 -15"><span class='ocrx_word' id='word_1_323' title='bbox 2137 954 2247 1024; x_wconf 89' lang='lat' dir='ltr'><strong><em>jam</em></strong></span> <span class='ocrx_word' id='word_1_324' title='bbox 2277 955 2422 1009; x_wconf 84' lang='lat' dir='ltr'><strong><em>aliud</em></strong></span> <span class='ocrx_word' id='word_1_325' title='bbox 2466 955 2668 1024; x_wconf 87' lang='lat' dir='ltr'><strong><em>aliquid</em></strong></span> <span class='ocrx_word' id='word_1_326' title='bbox 2715 956 2816 1008; x_wconf 87' lang='lat' dir='ltr'><strong><em>nisi</em></strong></span> <span class='ocrx_word' id='word_1_327' title='bbox 2851 956 3016 1010; x_wconf 90' lang='lat' dir='ltr'><strong><em>Deum</em></strong></span> <span class='ocrx_word' id='word_1_328' title='bbox 3065 955 3265 1019; x_wconf 87' lang='lat' dir='ltr'><strong><em>videat,</em></strong></span> <span class='ocrx_word' id='word_1_329' title='bbox 3300 952 3468 1007; x_wconf 85' lang='lat' dir='ltr'><strong><em>Deum</em></strong></span> <span class='ocrx_word' id='word_1_330' title='bbox 3516 960 3722 1014; x_wconf 90' lang='lat' dir='ltr'><strong><em>teneat,</em></strong></span> 
     </span>
    </p>
   </div>
   <div class='ocr_carea' id='block_1_67' title="bbox 2144 1044 3727 1109">
    <p class='ocr_par' dir='ltr' id='par_1_67' title="bbox 2144 1044 3727 1109">
     <span class='ocr_line' id='line_1_67' title="bbox 2144 1044 3727 1109; baseline -0.005 -6"><span class='ocrx_word' id='word_1_331' title='bbox 2144 1050 2328 1103; x_wconf 89' lang='lat' dir='ltr'><strong><em>omnis</em></strong></span> <span class='ocrx_word' id='word_1_332' title='bbox 2379 1057 2557 1104; x_wconf 91' lang='lat' dir='ltr'><strong><em>motus</em></strong></span> <span class='ocrx_word' id='word_1_333' title='bbox 2602 1049 2682 1103; x_wconf 87' lang='lat' dir='ltr'><strong><em>sui</em></strong></span> <span class='ocrx_word' id='word_1_334' title='bbox 2721 1049 2862 1102; x_wconf 86' lang='lat' dir='ltr'><strong><em>Deus</em></strong></span> <span class='ocrx_word' id='word_1_335' title='bbox 2890 1047 3081 1101; x_wconf 91' lang='lat' dir='ltr'><strong><em>modus</em></strong></span> <span class='ocrx_word' id='word_1_336' title='bbox 3111 1054 3164 1100; x_wconf 91' lang='lat' dir='ltr'><strong><em>et</em></strong></span> <span class='ocrx_word' id='word_1_337' title='bbox 3217 1059 3469 1099; x_wconf 86' lang='lat' dir='ltr'><strong><em>mensura</em></strong></span> <span class='ocrx_word' id='word_1_338' title='bbox 3506 1044 3618 1109; x_wconf 88' lang='lat' dir='ltr'><strong><em>sit;</em></strong></span> <span class='ocrx_word' id='word_1_339' title='bbox 3667 1047 3727 1096; x_wconf 86' lang='grc' dir='ltr'>εἰ</span> 
     </span>
    </p>
   </div>
   <div class='ocr_carea' id='block_1_68' title="bbox 2143 1135 3725 1207">
    <p class='ocr_par' dir='ltr' id='par_1_68' title="bbox 2143 1135 3725 1207">
     <span class='ocr_line' id='line_1_68' title="bbox 2143 1135 3725 1207; baseline -0.005 -11"><span class='ocrx_word' id='word_1_340' title='bbox 2143 1141 2218 1196; x_wconf 91' lang='lat' dir='ltr'><strong><em>ila</em></strong></span> <span class='ocrx_word' id='word_1_341' title='bbox 2265 1143 2370 1196; x_wconf 91' lang='lat' dir='ltr'><strong><em>erit</em></strong></span> <span class='ocrx_word' id='word_1_342' title='bbox 2419 1143 2600 1196; x_wconf 91' lang='lat' dir='ltr'><strong><em>omnia</em></strong></span> <span class='ocrx_word' id='word_1_343' title='bbox 2661 1142 2836 1196; x_wconf 90' lang='lat' dir='ltr'><strong><em>Deus:</em></strong></span> <span class='ocrx_word' id='word_1_344' title='bbox 2885 1155 2988 1196; x_wconf 92' lang='lat' dir='ltr'><strong><em>non</em></strong></span> <span class='ocrx_word' id='word_1_345' title='bbox 3049 1139 3194 1194; x_wconf 88' lang='lat' dir='ltr'><strong><em>enim</em></strong></span> <span class='ocrx_word' id='word_1_346' title='bbox 3235 1138 3347 1207; x_wconf 82' lang='lat' dir='ltr'><strong><em>jam</em></strong></span> <span class='ocrx_word' id='word_1_347' title='bbox 3405 1139 3549 1190; x_wconf 87' lang='lat' dir='ltr'><strong><em>ultra</em></strong></span> <span class='ocrx_word' id='word_1_348' title='bbox 3593 1135 3725 1191; x_wconf 89' lang='lat' dir='ltr'><strong><em>boni</em></strong></span> 
     </span>
    </p>
   </div>
   <div class='ocr_carea' id='block_1_69' title="bbox 2142 1228 3722 1304">
    <p class='ocr_par' dir='ltr' id='par_1_69' title="bbox 2142 1228 3722 1304">
     <span class='ocr_line' id='line_1_69' title="bbox 2142 1228 3722 1304; baseline -0.005 -16"><span class='ocrx_word' id='word_1_349' title='bbox 2142 1235 2380 1304; x_wconf 85' lang='lat' dir='ltr'><strong><em>malique</em></strong></span> <span class='ocrx_word' id='word_1_350' title='bbox 2427 1234 2713 1298; x_wconf 89' lang='lat' dir='ltr'><strong><em>discretio,</em></strong></span> <span class='ocrx_word' id='word_1_351' title='bbox 2764 1233 2887 1302; x_wconf 88' lang='lat' dir='ltr'><strong><em>quia</em></strong></span> <span class='ocrx_word' id='word_1_352' title='bbox 2944 1245 3212 1300; x_wconf 85' lang='lat' dir='ltr'><strong><em>nusquam</em></strong></span> <span class='ocrx_word' id='word_1_353' title='bbox 3261 1228 3492 1292; x_wconf 88' lang='lat' dir='ltr'><strong><em>malum;</em></strong></span> <span class='ocrx_word' id='word_1_354' title='bbox 3539 1228 3722 1282; x_wconf 88' lang='lat' dir='ltr'><strong><em>omnia</em></strong></span> 
     </span>
    </p>
   </div>
   <div class='ocr_carea' id='block_1_70' title="bbox 2141 1318 3725 1393">
    <p class='ocr_par' dir='ltr' id='par_1_70' title="bbox 2141 1318 3725 1393">
     <span class='ocr_line' id='line_1_70' title="bbox 2141 1318 3725 1393; baseline -0.004 -14"><span class='ocrx_word' id='word_1_355' title='bbox 2141 1327 2285 1379; x_wconf 89' lang='lat' dir='ltr'><strong><em>enim</em></strong></span> <span class='ocrx_word' id='word_1_356' title='bbox 2319 1327 2458 1379; x_wconf 90' lang='lat' dir='ltr'><strong><em>Deus</em></strong></span> <span class='ocrx_word' id='word_1_357' title='bbox 2492 1336 2595 1389; x_wconf 90' lang='lat' dir='ltr'><strong><em>est,</em></strong></span> <span class='ocrx_word' id='word_1_358' title='bbox 2637 1324 2873 1393; x_wconf 87' lang='lat' dir='ltr'><strong><em>cui_jam</em></strong></span> <span class='ocrx_word' id='word_1_359' title='bbox 2911 1338 3015 1375; x_wconf 88' lang='lat' dir='ltr'><strong><em>non</em></strong></span> <span class='ocrx_word' id='word_1_360' title='bbox 3061 1321 3273 1388; x_wconf 74' lang='lat' dir='ltr'><strong><em>adiacet</em></strong></span> <span class='ocrx_word' id='word_1_361' title='bbox 3324 1318 3561 1388; x_wconf 85' lang='lat' dir='ltr'><strong><em>malum;</em></strong></span> <span class='ocrx_word' id='word_1_362' title='bbox 3621 1333 3725 1372; x_wconf 89' lang='lat' dir='ltr'><strong><em>nec</em></strong></span> 
     </span>
    </p>
   </div>
   <div class='ocr_carea' id='block_1_71' title="bbox 2142 1409 3724 1471">
    <p class='ocr_par' dir='ltr' id='par_1_71' title="bbox 2142 1409 3724 1471">
     <span class='ocr_line' id='line_1_71' title="bbox 2142 1409 3724 1471; baseline -0.006 -1"><span class='ocrx_word' id='word_1_363' title='bbox 2142 1418 2283 1471; x_wconf 90' lang='lat' dir='ltr'><strong><em>ultra</em></strong></span> <span class='ocrx_word' id='word_1_364' title='bbox 2311 1431 2377 1470; x_wconf 79' lang='lat' dir='ltr'><strong><em>ex</em></strong></span> <span class='ocrx_word' id='word_1_365' title='bbox 2416 1419 2611 1471; x_wconf 88' lang='lat' dir='ltr'><strong><em>arbore</em></strong></span> <span class='ocrx_word' id='word_1_366' title='bbox 2643 1415 2856 1471; x_wconf 83' lang='lat' dir='ltr'><strong><em>sciendi</em></strong></span> <span class='ocrx_word' id='word_1_367' title='bbox 2904 1414 3102 1468; x_wconf 88' lang='lat' dir='ltr'><strong><em>bonum</em></strong></span> <span class='ocrx_word' id='word_1_368' title='bbox 3155 1425 3210 1466; x_wconf 89' lang='lat' dir='ltr'><strong><em>et</em></strong></span> <span class='ocrx_word' id='word_1_369' title='bbox 3257 1411 3457 1464; x_wconf 91' lang='lat' dir='ltr'><strong><em>malum</em></strong></span> <span class='ocrx_word' id='word_1_370' title='bbox 3493 1409 3724 1462; x_wconf 82' lang='lat' dir='ltr'><strong><em>mandu-</em></strong></span> 
     </span>
    </p>
   </div>
   <div class='ocr_carea' id='block_1_72' title="bbox 2141 1499 3724 1574">
    <p class='ocr_par' dir='ltr' id='par_1_72' title="bbox 2141 1499 3724 1574">
     <span class='ocr_line' id='line_1_72' title="bbox 2141 1499 3724 1574; baseline -0.004 -16"><span class='ocrx_word' id='word_1_371' title='bbox 2141 1517 2267 1558; x_wconf 86' lang='lat' dir='ltr'><strong><em>care</em></strong></span> <span class='ocrx_word' id='word_1_372' title='bbox 2312 1505 2679 1574; x_wconf 86' lang='lat' dir='ltr'><strong><em>concupiscet,</em></strong></span> <span class='ocrx_word' id='word_1_373' title='bbox 2727 1504 2820 1572; x_wconf 86' lang='lat' dir='ltr'><strong><em>qui</em></strong></span> <span class='ocrx_word' id='word_1_374' title='bbox 2850 1517 3065 1570; x_wconf 84' lang='lat' dir='ltr'><strong><em>semper</em></strong></span> <span class='ocrx_word' id='word_1_375' title='bbox 3095 1503 3146 1554; x_wconf 90' lang='lat' dir='ltr'><strong><em>in</em></strong></span> <span class='ocrx_word' id='word_1_376' title='bbox 3183 1502 3327 1555; x_wconf 88' lang='lat' dir='ltr'><strong><em>bono</em></strong></span> <span class='ocrx_word' id='word_1_377' title='bbox 3373 1508 3476 1565; x_wconf 87' lang='lat' dir='ltr'><strong><em>est,</em></strong></span> <span class='ocrx_word' id='word_1_378' title='bbox 3535 1509 3588 1552; x_wconf 90' lang='lat' dir='ltr'><strong><em>et</em></strong></span> <span class='ocrx_word' id='word_1_379' title='bbox 3635 1499 3724 1552; x_wconf 89' lang='lat' dir='ltr'><strong><em>cui</em></strong></span> 
     </span>
    </p>
   </div>
   <div class='ocr_carea' id='block_1_73' title="bbox 2141 1594 3722 1670">
    <p class='ocr_par' dir='ltr' id='par_1_73' title="bbox 2141 1594 3722 1670">
     <span class='ocr_line' id='line_1_73' title="bbox 2141 1594 3722 1670; baseline -0.003 -21"><span class='ocrx_word' id='word_1_380' title='bbox 2141 1597 2320 1649; x_wconf 87' lang='lat' dir='ltr'><strong><em>omnia</em></strong></span> <span class='ocrx_word' id='word_1_381' title='bbox 2356 1596 2497 1650; x_wconf 91' lang='lat' dir='ltr'><strong><em>Deus</em></strong></span> <span class='ocrx_word' id='word_1_382' title='bbox 2534 1606 2634 1651; x_wconf 89' lang='lat' dir='ltr'><strong><em>est.</em></strong></span> <span class='ocrx_word' id='word_1_383' title='bbox 2674 1594 2763 1650; x_wconf 89' lang='lat' dir='ltr'><strong><em>Sic</em></strong></span> <span class='ocrx_word' id='word_1_384' title='bbox 2803 1611 2932 1666; x_wconf 89' lang='lat' dir='ltr'><strong><em>ergo</em></strong></span> <span class='ocrx_word' id='word_1_385' title='bbox 2962 1595 3085 1670; x_wconf 85' lang='lat' dir='ltr'><strong><em>linis</em></strong></span> <span class='ocrx_word' id='word_1_386' title='bbox 3113 1596 3179 1646; x_wconf 91' lang='lat' dir='ltr'><strong><em>ad</em></strong></span> <span class='ocrx_word' id='word_1_387' title='bbox 3208 1595 3540 1664; x_wconf 87' lang='lat' dir='ltr'><strong><em>principium</em></strong></span> <span class='ocrx_word' id='word_1_388' title='bbox 3571 1608 3722 1662; x_wconf 82' lang='lat' dir='ltr'><strong><em>repa-</em></strong></span> 
     </span>
    </p>
   </div>
   <div class='ocr_carea' id='block_1_74' title="bbox 2144 1685 3727 1752">
    <p class='ocr_par' dir='ltr' id='par_1_74' title="bbox 2144 1685 3727 1752">
     <span class='ocr_line' id='line_1_74' title="bbox 2144 1685 3727 1752; baseline -0.003 -11"><span class='ocrx_word' id='word_1_389' title='bbox 2144 1698 2314 1752; x_wconf 90' lang='lat' dir='ltr'><strong><em>ratus,</em></strong></span> <span class='ocrx_word' id='word_1_390' title='bbox 2369 1697 2424 1742; x_wconf 91' lang='lat' dir='ltr'><strong><em>et</em></strong></span> <span class='ocrx_word' id='word_1_391' title='bbox 2476 1703 2654 1742; x_wconf 91' lang='lat' dir='ltr'><strong><em>rerum</em></strong></span> <span class='ocrx_word' id='word_1_392' title='bbox 2715 1688 2894 1742; x_wconf 84' lang='lat' dir='ltr'><strong><em>exitus</em></strong></span> <span class='ocrx_word' id='word_1_393' title='bbox 2950 1686 3178 1740; x_wconf 87' lang='lat' dir='ltr'><strong><em>collatus</em></strong></span> <span class='ocrx_word' id='word_1_394' title='bbox 3227 1685 3420 1752; x_wconf 91' lang='lat' dir='ltr'><strong><em>initiis,</em></strong></span> <span class='ocrx_word' id='word_1_395' title='bbox 3475 1685 3727 1738; x_wconf 86' lang='lat' dir='ltr'><strong><em>restituet</em></strong></span> 
     </span>
    </p>
   </div>
   <div class='ocr_carea' id='block_1_75' title="bbox 2146 1776 3722 1849">
    <p class='ocr_par' dir='ltr' id='par_1_75' title="bbox 2146 1776 3722 1849">
     <span class='ocr_line' id='line_1_75' title="bbox 2146 1776 3722 1849; baseline -0.004 -15"><span class='ocrx_word' id='word_1_396' title='bbox 2146 1781 2290 1835; x_wconf 91' lang='lat' dir='ltr'><strong><em>illum</em></strong></span> <span class='ocrx_word' id='word_1_397' title='bbox 2318 1787 2516 1836; x_wconf 92' lang='lat' dir='ltr'><strong><em>statum</em></strong></span> <span class='ocrx_word' id='word_1_398' title='bbox 2561 1795 2722 1849; x_wconf 90' lang='lat' dir='ltr'><strong><em>quem</em></strong></span> <span class='ocrx_word' id='word_1_399' title='bbox 2759 1790 2887 1834; x_wconf 90' lang='lat' dir='ltr'><strong><em>tunc</em></strong></span> <span class='ocrx_word' id='word_1_400' title='bbox 2909 1779 3101 1832; x_wconf 86' lang='lat' dir='ltr'><strong><em>habuit</em></strong></span> <span class='ocrx_word' id='word_1_401' title='bbox 3131 1787 3323 1832; x_wconf 89' lang='lat' dir='ltr'><strong><em>natura</em></strong></span> <span class='ocrx_word' id='word_1_402' title='bbox 3359 1776 3722 1841; x_wconf 85' lang='lat' dir='ltr'><strong><em>rationabilis,</em></strong></span> 
     </span>
    </p>
   </div>
   <div class='ocr_carea' id='block_1_76' title="bbox 2145 1869 3726 1942">
    <p class='ocr_par' dir='ltr' id='par_1_76' title="bbox 2145 1869 3726 1942">
     <span class='ocr_line' id='line_1_76' title="bbox 2145 1869 3726 1942; baseline -0.003 -14"><span class='ocrx_word' id='word_1_403' title='bbox 2145 1888 2266 1928; x_wconf 92' lang='lat' dir='ltr'><strong><em>cum</em></strong></span> <span class='ocrx_word' id='word_1_404' title='bbox 2312 1872 2376 1927; x_wconf 90' lang='lat' dir='ltr'><strong><em>de</em></strong></span> <span class='ocrx_word' id='word_1_405' title='bbox 2422 1873 2567 1942; x_wconf 88' lang='lat' dir='ltr'><strong><em>ligno</em></strong></span> <span class='ocrx_word' id='word_1_406' title='bbox 2606 1873 2808 1926; x_wconf 91' lang='lat' dir='ltr'><strong><em>sciendi</em></strong></span> <span class='ocrx_word' id='word_1_407' title='bbox 2841 1871 3038 1926; x_wconf 90' lang='lat' dir='ltr'><strong><em>bonum</em></strong></span> <span class='ocrx_word' id='word_1_408' title='bbox 3071 1879 3124 1924; x_wconf 88' lang='lat' dir='ltr'><strong><em>et</em></strong></span> <span class='ocrx_word' id='word_1_409' title='bbox 3181 1869 3382 1923; x_wconf 89' lang='lat' dir='ltr'><strong><em>malum</em></strong></span> <span class='ocrx_word' id='word_1_410' title='bbox 3437 1869 3726 1924; x_wconf 86' lang='lat' dir='ltr'><strong><em>comedere</em></strong></span> 
     </span>
    </p>
   </div>
   <div class='ocr_carea' id='block_1_77' title="bbox 2145 1960 3726 2033">
    <p class='ocr_par' dir='ltr' id='par_1_77' title="bbox 2145 1960 3726 2033">
     <span class='ocr_line' id='line_1_77' title="bbox 2145 1960 3726 2033; baseline -0.003 -15"><span class='ocrx_word' id='word_1_411' title='bbox 2145 1981 2251 2019; x_wconf 92' lang='lat' dir='ltr'><strong><em>non</em></strong></span> <span class='ocrx_word' id='word_1_412' title='bbox 2280 1965 2510 2033; x_wconf 80' lang='lat' dir='ltr'><strong><em>egebat;</em></strong></span> <span class='ocrx_word' id='word_1_413' title='bbox 2565 1972 2623 2017; x_wconf 91' lang='lat' dir='ltr'><strong><em>ut</em></strong></span> <span class='ocrx_word' id='word_1_414' title='bbox 2659 1971 2843 2017; x_wconf 90' lang='lat' dir='ltr'><strong><em>amoto</em></strong></span> <span class='ocrx_word' id='word_1_415' title='bbox 2894 1962 3040 2016; x_wconf 91' lang='lat' dir='ltr'><strong><em>omni</em></strong></span> <span class='ocrx_word' id='word_1_416' title='bbox 3077 1962 3296 2015; x_wconf 68' lang='lat' dir='ltr'><strong><em>malitia:</em></strong></span> <span class='ocrx_word' id='word_1_417' title='bbox 3331 1975 3514 2025; x_wconf 87' lang='lat' dir='ltr'><strong><em>sensu,</em></strong></span> <span class='ocrx_word' id='word_1_418' title='bbox 3545 1969 3598 2014; x_wconf 90' lang='lat' dir='ltr'><strong><em>et</em></strong></span> <span class='ocrx_word' id='word_1_419' title='bbox 3655 1960 3726 2014; x_wconf 88' lang='lat' dir='ltr'><strong><em>ad</em></strong></span> 
     </span>
    </p>
   </div>
   <div class='ocr_carea' id='block_1_78' title="bbox 2145 2051 3726 2123">
    <p class='ocr_par' dir='ltr' id='par_1_78' title="bbox 2145 2051 3726 2123">
     <span class='ocr_line' id='line_1_78' title="bbox 2145 2051 3726 2123; baseline -0.004 -11"><span class='ocrx_word' id='word_1_420' title='bbox 2145 2057 2414 2112; x_wconf 88' lang='lat' dir='ltr'><strong><em>sincerum</em></strong></span> <span class='ocrx_word' id='word_1_421' title='bbox 2467 2051 2773 2123; x_wconf 88' lang='lat' dir='ltr'><strong><em>purumque</em></strong></span> <span class='ocrx_word' id='word_1_422' title='bbox 2833 2055 3073 2117; x_wconf 88' lang='lat' dir='ltr'><strong><em>deterso,</em></strong></span> <span class='ocrx_word' id='word_1_423' title='bbox 3125 2055 3271 2108; x_wconf 90' lang='lat' dir='ltr'><strong><em>solus</em></strong></span> <span class='ocrx_word' id='word_1_424' title='bbox 3315 2052 3404 2121; x_wconf 91' lang='lat' dir='ltr'><strong><em>qui</em></strong></span> <span class='ocrx_word' id='word_1_425' title='bbox 3451 2061 3536 2106; x_wconf 90' lang='lat' dir='ltr'><strong><em>est</em></strong></span> <span class='ocrx_word' id='word_1_426' title='bbox 3586 2067 3726 2106; x_wconf 88' lang='lat' dir='ltr'><strong><em>unus</em></strong></span> 
     </span>
    </p>
   </div>
   <div class='ocr_carea' id='block_1_79' title="bbox 2147 2143 3728 2212">
    <p class='ocr_par' dir='ltr' id='par_1_79' title="bbox 2147 2143 3728 2212">
     <span class='ocr_line' id='line_1_79' title="bbox 2147 2143 3728 2212; baseline -0.002 -13"><span class='ocrx_word' id='word_1_427' title='bbox 2147 2145 2322 2199; x_wconf 89' lang='lat' dir='ltr'><strong><em>bonus</em></strong></span> <span class='ocrx_word' id='word_1_428' title='bbox 2364 2144 2503 2198; x_wconf 90' lang='lat' dir='ltr'><strong><em>Dens</em></strong></span> <span class='ocrx_word' id='word_1_429' title='bbox 2534 2144 2622 2197; x_wconf 92' lang='lat' dir='ltr'><strong><em>hic</em></strong></span> <span class='ocrx_word' id='word_1_430' title='bbox 2671 2144 2719 2197; x_wconf 89' lang='lat' dir='ltr'><strong><em>ei</em></strong></span> <span class='ocrx_word' id='word_1_431' title='bbox 2768 2143 2861 2196; x_wconf 86' lang='lat' dir='ltr'><strong><em>liat</em></strong></span> <span class='ocrx_word' id='word_1_432' title='bbox 2912 2143 3117 2208; x_wconf 90' lang='lat' dir='ltr'><strong><em>omnia,</em></strong></span> <span class='ocrx_word' id='word_1_433' title='bbox 3172 2151 3227 2197; x_wconf 92' lang='lat' dir='ltr'><strong><em>et</em></strong></span> <span class='ocrx_word' id='word_1_434' title='bbox 3282 2159 3388 2197; x_wconf 90' lang='lat' dir='ltr'><strong><em>non</em></strong></span> <span class='ocrx_word' id='word_1_435' title='bbox 3429 2143 3482 2195; x_wconf 90' lang='lat' dir='ltr'><strong><em>in</em></strong></span> <span class='ocrx_word' id='word_1_436' title='bbox 3537 2143 3728 2212; x_wconf 89' lang='lat' dir='ltr'><strong><em>paucis</em></strong></span> 
     </span>
    </p>
   </div>
   <div class='ocr_carea' id='block_1_80' title="bbox 2146 2234 3730 2306">
    <p class='ocr_par' dir='ltr' id='par_1_80' title="bbox 2146 2234 3730 2306">
     <span class='ocr_line' id='line_1_80' title="bbox 2146 2234 3730 2306; baseline -0.003 -16"><span class='ocrx_word' id='word_1_437' title='bbox 2146 2237 2419 2306; x_wconf 86' lang='lat' dir='ltr'><strong><em>aliquibus</em></strong></span> <span class='ocrx_word' id='word_1_438' title='bbox 2451 2235 2534 2290; x_wconf 87' lang='lat' dir='ltr'><strong><em>vel</em></strong></span> <span class='ocrx_word' id='word_1_439' title='bbox 2563 2234 2831 2303; x_wconf 85' lang='lat' dir='ltr'><strong><em>pluribus,</em></strong></span> <span class='ocrx_word' id='word_1_440' title='bbox 2865 2235 2955 2289; x_wconf 90' lang='lat' dir='ltr'><strong><em>sed</em></strong></span> <span class='ocrx_word' id='word_1_441' title='bbox 2997 2235 3050 2289; x_wconf 92' lang='lat' dir='ltr'><strong><em>in</em></strong></span> <span class='ocrx_word' id='word_1_442' title='bbox 3084 2234 3336 2289; x_wconf 90' lang='lat' dir='ltr'><strong><em>omnibus</em></strong></span> <span class='ocrx_word' id='word_1_443' title='bbox 3365 2235 3478 2302; x_wconf 89' lang='lat' dir='ltr'><strong><em>ipse</em></strong></span> <span class='ocrx_word' id='word_1_444' title='bbox 3510 2235 3581 2286; x_wconf 89' lang='lat' dir='ltr'><strong><em>sit</em></strong></span> <span class='ocrx_word' id='word_1_445' title='bbox 3607 2249 3730 2288; x_wconf 84' lang='lat' dir='ltr'><strong><em>om-</em></strong></span> 
     </span>
    </p>
   </div>
   <div class='ocr_carea' id='block_1_81' title="bbox 2149 2325 3729 2398">
    <p class='ocr_par' dir='ltr' id='par_1_81' title="bbox 2149 2325 3729 2398">
     <span class='ocr_line' id='line_1_81' title="bbox 2149 2325 3729 2398; baseline -0.004 -16"><span class='ocrx_word' id='word_1_446' title='bbox 2149 2330 2234 2383; x_wconf 89' lang='lat' dir='ltr'><strong><em>nia</em></strong></span> <span class='ocrx_word' id='word_1_447' title='bbox 2263 2328 2395 2398; x_wconf 65' lang='lat'><strong><em>(45).</em></strong></span> <span class='ocrx_word' id='word_1_448' title='bbox 2429 2326 2562 2382; x_wconf 88' lang='lat' dir='ltr'><strong><em>Cum</em></strong></span> <span class='ocrx_word' id='word_1_449' title='bbox 2589 2325 2701 2393; x_wconf 88' lang='lat' dir='ltr'><strong><em>jam</em></strong></span> <span class='ocrx_word' id='word_1_450' title='bbox 2757 2342 3024 2395; x_wconf 86' lang='lat' dir='ltr'><strong><em>nusquam</em></strong></span> <span class='ocrx_word' id='word_1_451' title='bbox 3084 2341 3250 2391; x_wconf 87' lang='lat' dir='ltr'><strong><em>mors,</em></strong></span> <span class='ocrx_word' id='word_1_452' title='bbox 3285 2341 3550 2394; x_wconf 87' lang='lat' dir='ltr'><strong><em>nusquam</em></strong></span> <span class='ocrx_word' id='word_1_453' title='bbox 3595 2341 3729 2378; x_wconf 85' lang='lat' dir='ltr'><strong><em>acn-</em></strong></span> 
     </span>
    </p>
   </div>
   <div class='ocr_carea' id='block_1_82' title="bbox 2147 2416 3729 2484">
    <p class='ocr_par' dir='ltr' id='par_1_82' title="bbox 2147 2416 3729 2484">
     <span class='ocr_line' id='line_1_82' title="bbox 2147 2416 3729 2484; baseline -0.002 -12"><span class='ocrx_word' id='word_1_454' title='bbox 2147 2419 2260 2474; x_wconf 88' lang='lat' dir='ltr'><strong><em>leus</em></strong></span> <span class='ocrx_word' id='word_1_455' title='bbox 2308 2419 2514 2478; x_wconf 84' lang='lat' dir='ltr'><strong><em>mortis,</em></strong></span> <span class='ocrx_word' id='word_1_456' title='bbox 2581 2433 2845 2484; x_wconf 88' lang='lat' dir='ltr'><strong><em>nusquam</em></strong></span> <span class='ocrx_word' id='word_1_457' title='bbox 2900 2417 3123 2472; x_wconf 90' lang='lat' dir='ltr'><strong><em>omnino</em></strong></span> <span class='ocrx_word' id='word_1_458' title='bbox 3154 2416 3378 2480; x_wconf 85' lang='lat' dir='ltr'><strong><em>malum,</em></strong></span> <span class='ocrx_word' id='word_1_459' title='bbox 3412 2426 3540 2470; x_wconf 89' lang='lat' dir='ltr'><strong><em>tunc</em></strong></span> <span class='ocrx_word' id='word_1_460' title='bbox 3595 2430 3729 2470; x_wconf 89' lang='lat' dir='ltr'><strong><em>vere</em></strong></span> 
     </span>
    </p>
   </div>
   <div class='ocr_carea' id='block_1_83' title="bbox 2147 2509 3040 2566">
    <p class='ocr_par' dir='ltr' id='par_1_83' title="bbox 2147 2509 3040 2566">
     <span class='ocr_line' id='line_1_83' title="bbox 2147 2509 3040 2566; baseline -0.006 0"><span class='ocrx_word' id='word_1_461' title='bbox 2147 2512 2286 2566; x_wconf 91' lang='lat' dir='ltr'><strong><em>Deus</em></strong></span> <span class='ocrx_word' id='word_1_462' title='bbox 2325 2510 2506 2563; x_wconf 89' lang='lat' dir='ltr'><strong><em>omnia</em></strong></span> <span class='ocrx_word' id='word_1_463' title='bbox 2549 2509 2602 2562; x_wconf 92' lang='lat' dir='ltr'><strong><em>in</em></strong></span> <span class='ocrx_word' id='word_1_464' title='bbox 2629 2509 2884 2564; x_wconf 87' lang='lat' dir='ltr'><strong><em>omnibus</em></strong></span> <span class='ocrx_word' id='word_1_465' title='bbox 2917 2509 3040 2564; x_wconf 88' lang='lat' dir='ltr'><strong><em>erit.</em></strong></span> 
     </span>
    </p>
   </div>
   <div class='ocr_carea' id='block_1_84' title="bbox 2215 2601 2898 2672">
    <p class='ocr_par' dir='ltr' id='par_1_84' title="bbox 2215 2601 2898 2672">
     <span class='ocr_line' id='line_1_84' title="bbox 2215 2601 2898 2672; baseline -0.001 -17"><span class='ocrx_word' id='word_1_466' title='bbox 2215 2601 2415 2655; x_wconf 69' lang='lat' dir='ltr'><strong><em>Verum</em></strong></span> <span class='ocrx_word' id='word_1_467' title='bbox 2444 2601 2555 2672; x_wconf 84' lang='grc'>(46)</span> <span class='ocrx_word' id='word_1_468' title='bbox 2591 2601 2743 2654; x_wconf 74' lang='lat' dir='ltr'><strong><em>istam</em></strong></span> <span class='ocrx_word' id='word_1_469' title='bbox 2773 2616 2898 2671; x_wconf 90' lang='lat' dir='ltr'><strong><em>per—</em></strong></span> 
     </span>
    </p>
   </div>
   <div class='ocr_carea' id='block_1_85' title="bbox 2148 2693 2897 2764">
    <p class='ocr_par' dir='ltr' id='par_1_85' title="bbox 2148 2693 2897 2764">
     <span class='ocr_line' id='line_1_85' title="bbox 2148 2693 2897 2764; baseline -0.005 -14"><span class='ocrx_word' id='word_1_470' title='bbox 2148 2695 2435 2750; x_wconf 78' lang='lat' dir='ltr'><strong><em>fectionem</em></strong></span> <span class='ocrx_word' id='word_1_471' title='bbox 2474 2693 2585 2764; x_wconf 84' lang='grc'>(47)</span> <span class='ocrx_word' id='word_1_472' title='bbox 2617 2708 2680 2746; x_wconf 85' lang='lat' dir='ltr'><strong><em>ac</em></strong></span> <span class='ocrx_word' id='word_1_473' title='bbox 2724 2694 2897 2748; x_wconf 87' lang='lat' dir='ltr'><strong><em>beati-</em></strong></span> 
     </span>
    </p>
   </div>
   <div class='ocr_carea' id='block_1_86' title="bbox 2149 2784 2892 2840">
    <p class='ocr_par' dir='ltr' id='par_1_86' title="bbox 2149 2784 2892 2840">
     <span class='ocr_line' id='line_1_86' title="bbox 2149 2784 2892 2840; baseline -0.003 0"><span class='ocrx_word' id='word_1_474' title='bbox 2149 2787 2386 2840; x_wconf 89' lang='lat' dir='ltr'><strong><em>tttdiuem</em></strong></span> <span class='ocrx_word' id='word_1_475' title='bbox 2488 2784 2892 2840; x_wconf 87' lang='lat' dir='ltr'><strong><em>rationabilium</em></strong></span> 
     </span>
    </p>
   </div>
   <div class='ocr_carea' id='block_1_87' title="bbox 2146 2875 2890 2942">
    <p class='ocr_par' dir='ltr' id='par_1_87' title="bbox 2146 2875 2890 2942">
     <span class='ocr_line' id='line_1_87' title="bbox 2146 2875 2890 2942; baseline -0.005 -10"><span class='ocrx_word' id='word_1_476' title='bbox 2146 2887 2542 2942; x_wconf 85' lang='lat' dir='ltr'><strong><em>creaturarum,</em></strong></span> <span class='ocrx_word' id='word_1_477' title='bbox 2605 2875 2687 2928; x_wconf 79' lang='lat' dir='ltr'><strong><em>vel</em></strong></span> <span class='ocrx_word' id='word_1_478' title='bbox 2738 2883 2890 2928; x_wconf 85' lang='lat' dir='ltr'><strong><em>natu-</em></strong></span> 
     </span>
    </p>
   </div>
   <div class='ocr_carea' id='block_1_88' title="bbox 2147 2968 2899 3036">
    <p class='ocr_par' dir='ltr' id='par_1_88' title="bbox 2147 2968 2899 3036">
     <span class='ocr_line' id='line_1_88' title="bbox 2147 2968 2899 3036; baseline -0.005 -13"><span class='ocrx_word' id='word_1_479' title='bbox 2147 2984 2352 3032; x_wconf 88' lang='lat' dir='ltr'><strong><em>rarum,</em></strong></span> <span class='ocrx_word' id='word_1_480' title='bbox 2401 2970 2473 3020; x_wconf 91' lang='lat' dir='ltr'><strong><em>ita</em></strong></span> <span class='ocrx_word' id='word_1_481' title='bbox 2520 2969 2735 3020; x_wconf 89' lang='lat' dir='ltr'><strong><em>demum</em></strong></span> <span class='ocrx_word' id='word_1_482' title='bbox 2779 2968 2899 3036; x_wconf 89' lang='lat' dir='ltr'><strong><em>qui-</em></strong></span> 
     </span>
    </p>
   </div>
   <div class='ocr_carea' id='block_1_89' title="bbox 1296 3059 2894 3135">
    <p class='ocr_par' dir='ltr' id='par_1_89' title="bbox 1296 3059 2894 3135">
     <span class='ocr_line' id='line_1_89' title="bbox 1296 3059 2894 3135; baseline -0.005 -15"><span class='ocrx_word' id='word_1_483' title='bbox 1296 3067 1483 3130; x_wconf 89' lang='lat' dir='ltr'><strong><em>Deum,</em></strong></span> <span class='ocrx_word' id='word_1_484' title='bbox 1514 3083 1611 3135; x_wconf 90' lang='lat' dir='ltr'><strong><em>pro</em></strong></span> <span class='ocrx_word' id='word_1_485' title='bbox 1636 3084 1700 3121; x_wconf 86' lang='lat' dir='ltr'><strong><em>eo</em></strong></span> <span class='ocrx_word' id='word_1_486' title='bbox 1735 3068 1877 3135; x_wconf 91' lang='lat' dir='ltr'><strong><em>quod</em></strong></span> <span class='ocrx_word' id='word_1_487' title='bbox 1907 3068 2037 3121; x_wconf 85' lang='lat' dir='ltr'><strong><em>nihil</em></strong></span> <span class='ocrx_word' id='word_1_488' title='bbox 2065 3068 2111 3128; x_wconf 81' lang='lat' dir='ltr'><strong>C</strong></span> <span class='ocrx_word' id='word_1_489' title='bbox 2145 3062 2264 3115; x_wconf 88' lang='lat' dir='ltr'><strong><em>dam</em></strong></span> <span class='ocrx_word' id='word_1_490' title='bbox 2291 3074 2608 3130; x_wconf 87' lang='lat' dir='ltr'><strong><em>permanere</em></strong></span> <span class='ocrx_word' id='word_1_491' title='bbox 2631 3059 2683 3112; x_wconf 90' lang='lat' dir='ltr'><strong><em>in</em></strong></span> <span class='ocrx_word' id='word_1_492' title='bbox 2708 3063 2894 3113; x_wconf 87' lang='lat' dir='ltr'><strong><em>eodem</em></strong></span> 
     </span>
    </p>
   </div>
   <div class='ocr_carea' id='block_1_90' title="bbox 1295 3157 2040 3227">
    <p class='ocr_par' dir='ltr' id='par_1_90' title="bbox 1295 3157 2040 3227">
     <span class='ocr_line' id='line_1_90' title="bbox 1295 3157 2040 3227; baseline 0 -16"><span class='ocrx_word' id='word_1_493' title='bbox 1295 3167 1472 3227; x_wconf 86' lang='lat' dir='ltr'><strong><em>potest</em></strong></span> <span class='ocrx_word' id='word_1_494' title='bbox 1503 3174 1623 3212; x_wconf 89' lang='lat' dir='ltr'><strong><em>esse</em></strong></span> <span class='ocrx_word' id='word_1_495' title='bbox 1653 3174 1877 3211; x_wconf 88' lang='lat' dir='ltr'><strong><em>vacuum</em></strong></span> <span class='ocrx_word' id='word_1_496' title='bbox 1912 3157 2040 3223; x_wconf 82' lang='lat' dir='ltr'><strong><em>Deo,</em></strong></span> 
     </span>
    </p>
   </div>
   <div class='ocr_carea' id='block_1_91' title="bbox 1295 3251 2044 3304">
    <p class='ocr_par' dir='ltr' id='par_1_91' title="bbox 1295 3251 2044 3304">
     <span class='ocr_line' id='line_1_91' title="bbox 1295 3251 2044 3304; baseline 0.001 -2"><span class='ocrx_word' id='word_1_497' title='bbox 1295 3266 1399 3303; x_wconf 91' lang='lat' dir='ltr'><strong><em>non</em></strong></span> <span class='ocrx_word' id='word_1_498' title='bbox 1445 3259 1620 3304; x_wconf 89' lang='lat' dir='ltr'><strong><em>tamen</em></strong></span> <span class='ocrx_word' id='word_1_499' title='bbox 1669 3251 1741 3304; x_wconf 88' lang='lat' dir='ltr'><strong><em>ita</em></strong></span> <span class='ocrx_word' id='word_1_500' title='bbox 1797 3265 1920 3304; x_wconf 84' lang='lat' dir='ltr'><strong><em>esse</em></strong></span> <span class='ocrx_word' id='word_1_501' title='bbox 1963 3251 2044 3303; x_wconf 86' lang='lat' dir='ltr'><strong><em>di-</em></strong></span> 
     </span>
    </p>
   </div>
   <div class='ocr_carea' id='block_1_92' title="bbox 1295 3343 2041 3409">
    <p class='ocr_par' dir='ltr' id='par_1_92' title="bbox 1295 3343 2041 3409">
     <span class='ocr_line' id='line_1_92' title="bbox 1295 3343 2041 3409; baseline 0.005 -14"><span class='ocrx_word' id='word_1_502' title='bbox 1295 3343 1486 3409; x_wconf 82' lang='lat' dir='ltr'><strong><em>cimus,</em></strong></span> <span class='ocrx_word' id='word_1_503' title='bbox 1517 3353 1572 3396; x_wconf 92' lang='lat' dir='ltr'><strong><em>ut</em></strong></span> <span class='ocrx_word' id='word_1_504' title='bbox 1598 3344 1775 3396; x_wconf 81' lang='lat' dir='ltr'><strong><em>omnia</em></strong></span> <span class='ocrx_word' id='word_1_505' title='bbox 1803 3344 1872 3397; x_wconf 88' lang='lat' dir='ltr'><strong><em>sit</em></strong></span> <span class='ocrx_word' id='word_1_506' title='bbox 1900 3359 2041 3399; x_wconf 90' lang='lat' dir='ltr'><strong><em>nunc</em></strong></span> 
     </span>
    </p>
   </div>
   <div class='ocr_carea' id='block_1_93' title="bbox 1297 3434 2043 3504">
    <p class='ocr_par' dir='ltr' id='par_1_93' title="bbox 1297 3434 2043 3504">
     <span class='ocr_line' id='line_1_93' title="bbox 1297 3434 2043 3504; baseline -0.003 -15"><span class='ocrx_word' id='word_1_507' title='bbox 1297 3436 1349 3490; x_wconf 92' lang='lat' dir='ltr'><strong><em>in</em></strong></span> <span class='ocrx_word' id='word_1_508' title='bbox 1388 3435 1580 3504; x_wconf 82' lang='lat' dir='ltr'><strong><em>quibus</em></strong></span> <span class='ocrx_word' id='word_1_509' title='bbox 1603 3445 1705 3490; x_wconf 88' lang='lat' dir='ltr'><strong><em>est.</em></strong></span> <span class='ocrx_word' id='word_1_510' title='bbox 1739 3434 1892 3490; x_wconf 83' lang='lat' dir='ltr'><strong><em>Unde</em></strong></span> <span class='ocrx_word' id='word_1_511' title='bbox 1918 3435 2043 3488; x_wconf 87' lang='lat' dir='ltr'><strong><em>dili-</em></strong></span> 
     </span>
    </p>
   </div>
   <div class='ocr_carea' id='block_1_94' title="bbox 1293 3528 2043 3599">
    <p class='ocr_par' dir='ltr' id='par_1_94' title="bbox 1293 3528 2043 3599">
     <span class='ocr_line' id='line_1_94' title="bbox 1293 3528 2043 3599; baseline 0 -17"><span class='ocrx_word' id='word_1_512' title='bbox 1293 3529 1506 3599; x_wconf 82' lang='lat' dir='ltr'><strong><em>gentius</em></strong></span> <span class='ocrx_word' id='word_1_513' title='bbox 1581 3528 1891 3582; x_wconf 87' lang='lat' dir='ltr'><strong><em>intuendum</em></strong></span> <span class='ocrx_word' id='word_1_514' title='bbox 1962 3536 2043 3582; x_wconf 87' lang='lat' dir='ltr'><strong><em>est</em></strong></span> 
     </span>
    </p>
   </div>
   <div class='ocr_carea' id='block_1_95' title="bbox 467 3619 2041 3692">
    <p class='ocr_par' dir='ltr' id='par_1_95' title="bbox 467 3619 2041 3692">
     <span class='ocr_line' id='line_1_95' title="bbox 467 3619 2041 3692; baseline -0.003 -14"><span class='ocrx_word' id='word_1_515' title='bbox 467 3632 610 3689; x_wconf 76' lang='lat' dir='ltr'><strong><em>sunt,</em></strong></span> <span class='ocrx_word' id='word_1_516' title='bbox 643 3639 760 3688; x_wconf 72' lang='lat' dir='ltr'><strong><em>qua:</em></strong></span> <span class='ocrx_word' id='word_1_517' title='bbox 781 3623 997 3692; x_wconf 88' lang='lat' dir='ltr'><strong><em>propria</em></strong></span> <span class='ocrx_word' id='word_1_518' title='bbox 1027 3630 1221 3676; x_wconf 81' lang='lat' dir='ltr'><strong><em>natura</em></strong></span> <span class='ocrx_word' id='word_1_519' title='bbox 1292 3621 1450 3691; x_wconf 85' lang='lat' dir='ltr'><strong><em>quale</em></strong></span> <span class='ocrx_word' id='word_1_520' title='bbox 1479 3630 1562 3676; x_wconf 89' lang='lat' dir='ltr'><strong><em>est</em></strong></span> <span class='ocrx_word' id='word_1_521' title='bbox 1605 3621 1706 3675; x_wconf 84' lang='lat' dir='ltr'><strong><em>hoc</em></strong></span> <span class='ocrx_word' id='word_1_522' title='bbox 1738 3619 1881 3688; x_wconf 90' lang='lat' dir='ltr'><strong><em>quod</em></strong></span> <span class='ocrx_word' id='word_1_523' title='bbox 1915 3636 2041 3690; x_wconf 88' lang='lat' dir='ltr'><strong><em>per-</em></strong></span> 
     </span>
    </p>
   </div>
   <div class='ocr_carea' id='block_1_96' title="bbox 467 3711 2041 3786">
    <p class='ocr_par' dir='ltr' id='par_1_96' title="bbox 467 3711 2041 3786">
     <span class='ocr_line' id='line_1_96' title="bbox 467 3711 2041 3786; baseline 0.001 -19"><span class='ocrx_word' id='word_1_524' title='bbox 467 3715 704 3768; x_wconf 87' lang='lat' dir='ltr'><strong><em>inanima</em></strong></span> <span class='ocrx_word' id='word_1_525' title='bbox 734 3712 906 3786; x_wconf 80' lang='lat' dir='ltr'><strong><em>sunt]</em></strong></span> <span class='ocrx_word' id='word_1_526' title='bbox 1295 3712 1584 3768; x_wconf 81' lang='lat' dir='ltr'><strong><em>lectionem</em></strong></span> <span class='ocrx_word' id='word_1_527' title='bbox 1693 3711 2041 3768; x_wconf 87' lang='lat' dir='ltr'><strong><em>beatitudinis</em></strong></span> 
     </span>
    </p>
   </div>
   <div class='ocr_carea' id='block_1_97' title="bbox 469 3805 2042 3875">
    <p class='ocr_par' dir='ltr' id='par_1_97' title="bbox 469 3805 2042 3875">
     <span class='ocr_line' id='line_1_97' title="bbox 469 3805 2042 3875; baseline -0.002 -14"><span class='ocrx_word' id='word_1_528' title='bbox 469 3821 762 3874; x_wconf 88' lang='lat' dir='ltr'><strong><em>rerumque</em></strong></span> <span class='ocrx_word' id='word_1_529' title='bbox 793 3805 952 3858; x_wconf 84' lang='lat' dir='ltr'><strong><em>linem</em></strong></span> <span class='ocrx_word' id='word_1_530' title='bbox 981 3805 1253 3875; x_wconf 82' lang='lat' dir='ltr'><strong><em>signiﬁcat</em></strong></span> <span class='ocrx_word' id='word_1_531' title='bbox 1279 3824 1291 3858; x_wconf 93' lang='lat'>:</span> <span class='ocrx_word' id='word_1_532' title='bbox 1327 3807 1469 3873; x_wconf 91' lang='lat' dir='ltr'><strong><em>quod</em></strong></span> <span class='ocrx_word' id='word_1_533' title='bbox 1505 3821 1609 3859; x_wconf 91' lang='lat' dir='ltr'><strong><em>non</em></strong></span> <span class='ocrx_word' id='word_1_534' title='bbox 1639 3805 1810 3859; x_wconf 92' lang='lat' dir='ltr'><strong><em>solum</em></strong></span> <span class='ocrx_word' id='word_1_535' title='bbox 1841 3805 1894 3858; x_wconf 91' lang='lat' dir='ltr'><strong><em>in</em></strong></span> <span class='ocrx_word' id='word_1_536' title='bbox 1924 3820 2042 3858; x_wconf 84' lang='lat' dir='ltr'><strong><em>om-</em></strong></span> 
     </span>
    </p>
   </div>
   <div class='ocr_carea' id='block_1_98' title="bbox 470 3895 2038 3966">
    <p class='ocr_par' dir='ltr' id='par_1_98' title="bbox 470 3895 2038 3966">
     <span class='ocr_line' id='line_1_98' title="bbox 470 3895 2038 3966; baseline -0.003 -14"><span class='ocrx_word' id='word_1_537' title='bbox 470 3898 632 3952; x_wconf 87' lang='lat' dir='ltr'><strong><em>nibus</em></strong></span> <span class='ocrx_word' id='word_1_538' title='bbox 661 3897 775 3966; x_wconf 74' lang='grc'>(44)</span> <span class='ocrx_word' id='word_1_539' title='bbox 803 3910 922 3951; x_wconf 89' lang='lat' dir='ltr'><strong><em>esse</em></strong></span> <span class='ocrx_word' id='word_1_540' title='bbox 956 3895 1154 3950; x_wconf 89' lang='lat' dir='ltr'><strong><em>dicitur</em></strong></span> <span class='ocrx_word' id='word_1_541' title='bbox 1205 3898 1370 3959; x_wconf 83' lang='lat' dir='ltr'><strong><em>Deus,</em></strong></span> <span class='ocrx_word' id='word_1_542' title='bbox 1419 3898 1512 3950; x_wconf 89' lang='lat' dir='ltr'><strong><em>sed</em></strong></span> <span class='ocrx_word' id='word_1_543' title='bbox 1546 3897 1712 3949; x_wconf 88' lang='lat' dir='ltr'><strong><em>etiam</em></strong></span> <span class='ocrx_word' id='word_1_544' title='bbox 1755 3896 1936 3950; x_wconf 75' lang='lat' dir='ltr'><strong><em>ontttia</em></strong></span> <span class='ocrx_word' id='word_1_545' title='bbox 1987 3896 2038 3948; x_wconf 94' lang='lat' dir='ltr'><strong><em>iu</em></strong></span> 
     </span>
    </p>
   </div>
   <div class='ocr_carea' id='block_1_99' title="bbox 470 3985 2042 4058">
    <p class='ocr_par' dir='ltr' id='par_1_99' title="bbox 470 3985 2042 4058">
     <span class='ocr_line' id='line_1_99' title="bbox 470 3985 2042 4058; baseline -0.004 -14"><span class='ocrx_word' id='word_1_546' title='bbox 470 3988 747 4044; x_wconf 91' lang='lat' dir='ltr'><strong><em>omnibus.</em></strong></span> <span class='ocrx_word' id='word_1_547' title='bbox 772 3987 901 4054; x_wconf 73' lang='lat' dir='ltr'><strong><em>Qua:</em></strong></span> <span class='ocrx_word' id='word_1_548' title='bbox 931 3988 1044 4042; x_wconf 91' lang='lat' dir='ltr'><strong><em>sint</em></strong></span> <span class='ocrx_word' id='word_1_549' title='bbox 1080 4003 1208 4058; x_wconf 81' lang='lat' dir='ltr'><strong><em>ergo</em></strong></span> <span class='ocrx_word' id='word_1_550' title='bbox 1254 3989 1357 4042; x_wconf 89' lang='lat' dir='ltr'><strong><em>ista</em></strong></span> <span class='ocrx_word' id='word_1_551' title='bbox 1395 3988 1576 4042; x_wconf 90' lang='lat' dir='ltr'><strong><em>omnia</em></strong></span> <span class='ocrx_word' id='word_1_552' title='bbox 1620 4003 1740 4058; x_wconf 77' lang='lat' dir='ltr'><strong><em>quze</em></strong></span> <span class='ocrx_word' id='word_1_553' title='bbox 1785 3985 1925 4040; x_wconf 90' lang='lat' dir='ltr'><strong><em>Deus</em></strong></span> <span class='ocrx_word' id='word_1_554' title='bbox 1955 3985 2042 4039; x_wconf 82' lang='lat' dir='ltr'><strong><em>fu-</em></strong></span> 
     </span>
    </p>
   </div>
   <div class='ocr_carea' id='block_1_100' title="bbox 472 4075 1512 4146">
    <p class='ocr_par' dir='ltr' id='par_1_100' title="bbox 472 4075 1512 4146">
     <span class='ocr_line' id='line_1_100' title="bbox 472 4075 1512 4146; baseline 0 -14"><span class='ocrx_word' id='word_1_555' title='bbox 472 4086 628 4132; x_wconf 87' lang='lat' dir='ltr'><strong><em>turus</em></strong></span> <span class='ocrx_word' id='word_1_556' title='bbox 660 4077 730 4131; x_wconf 91' lang='lat' dir='ltr'><strong><em>sit</em></strong></span> <span class='ocrx_word' id='word_1_557' title='bbox 757 4075 809 4130; x_wconf 90' lang='lat' dir='ltr'><strong><em>in</em></strong></span> <span class='ocrx_word' id='word_1_558' title='bbox 841 4077 1115 4141; x_wconf 86' lang='lat' dir='ltr'><strong><em>omnibus,</em></strong></span> <span class='ocrx_word' id='word_1_559' title='bbox 1143 4080 1512 4146; x_wconf 86' lang='lat' dir='ltr'><strong><em>requiramus.</em></strong></span> 
     </span>
    </p>
   </div>
   <div class='ocr_carea' id='block_1_101' title="bbox 535 4165 2038 4238">
    <p class='ocr_par' dir='ltr' id='par_1_101' title="bbox 535 4165 2038 4238">
     <span class='ocr_line' id='line_1_101' title="bbox 535 4165 2038 4238; baseline -0.001 -15"><span class='ocrx_word' id='word_1_560' title='bbox 535 4167 595 4223; x_wconf 79' lang='grc'><strong>5.</strong></span> <span class='ocrx_word' id='word_1_561' title='bbox 633 4165 698 4222; x_wconf 89' lang='grc' dir='ltr'>Ει</span> <span class='ocrx_word' id='word_1_562' title='bbox 751 4181 852 4238; x_wconf 81' lang='lat' dir='ltr'><strong><em>ego</em></strong></span> <span class='ocrx_word' id='word_1_563' title='bbox 899 4168 1117 4238; x_wconf 88' lang='lat' dir='ltr'><strong><em>quidem</em></strong></span> <span class='ocrx_word' id='word_1_564' title='bbox 1155 4168 1412 4235; x_wconf 85' lang='lat' dir='ltr'><strong><em>arbitror,</em></strong></span> <span class='ocrx_word' id='word_1_565' title='bbox 1466 4167 1592 4236; x_wconf 85' lang='lat' dir='ltr'><strong><em>quia</em></strong></span> <span class='ocrx_word' id='word_1_566' title='bbox 1639 4168 1742 4222; x_wconf 84' lang='lat' dir='ltr'><strong><em>hoc</em></strong></span> <span class='ocrx_word' id='word_1_567' title='bbox 1787 4169 1928 4237; x_wconf 85' lang='lat' dir='ltr'><strong><em>quod</em></strong></span> <span class='ocrx_word' id='word_1_568' title='bbox 1984 4169 2038 4222; x_wconf 78' lang='lat' dir='ltr'><strong><em>in</em></strong></span> 
     </span>
    </p>
   </div>
   <div class='ocr_carea' id='block_1_102' title="bbox 536 4329 2050 4406">
    <p class='ocr_par' dir='ltr' id='par_1_102' title="bbox 536 4329 2050 4406">
     <span class='ocr_line' id='line_1_102' title="bbox 536 4329 2050 4406; baseline 0 -18"><span class='ocrx_word' id='word_1_569' title='bbox 536 4334 654 4406; x_wconf 64' lang='lat'><strong><em>(12)</em></strong></span> <span class='ocrx_word' id='word_1_570' title='bbox 682 4333 1022 4406; x_wconf 66' lang='lat' dir='ltr'><strong><em>Aeroyéroo</em></strong></span> <span class='ocrx_word' id='word_1_571' title='bbox 1055 4329 1367 4406; x_wconf 56' lang='lat' dir='ltr'><strong><em>redemi}.</em></strong></span> <span class='ocrx_word' id='word_1_572' title='bbox 1409 4331 1581 4388; x_wconf 90' lang='lat' dir='ltr'><strong><em>Locus</em></strong></span> <span class='ocrx_word' id='word_1_573' title='bbox 1627 4331 1715 4406; x_wconf 83' lang='lat' dir='ltr'><strong><em>hic</em></strong></span> <span class='ocrx_word' id='word_1_574' title='bbox 1758 4339 1939 4406; x_wconf 68' lang='lat' dir='ltr'><strong><em>exstat</em></strong></span> <span class='ocrx_word' id='word_1_575' title='bbox 1983 4333 2050 4388; x_wconf 90' lang='lat' dir='ltr'><strong><em>ad</em></strong></span> 
     </span>
    </p>
   </div>
   <div class='ocr_carea' id='block_1_103' title="bbox 470 4402 2047 4474">
    <p class='ocr_par' dir='ltr' id='par_1_103' title="bbox 470 4402 2047 4474">
     <span class='ocr_line' id='line_1_103' title="bbox 470 4402 2047 4474; baseline -0.001 -13"><span class='ocrx_word' id='word_1_576' title='bbox 470 4402 676 4461; x_wconf 84' lang='lat' dir='ltr'><strong><em>calcem</em></strong></span> <span class='ocrx_word' id='word_1_577' title='bbox 709 4402 1286 4474; x_wconf 20' lang='lat' dir='ltr'><strong><em>ep&#39;istolzeilustiniani</em></strong></span> <span class='ocrx_word' id='word_1_578' title='bbox 1327 4403 1672 4471; x_wconf 85' lang='lat' dir='ltr'><strong><em>imperatoris</em></strong></span> <span class='ocrx_word' id='word_1_579' title='bbox 1704 4402 1770 4455; x_wconf 90' lang='lat' dir='ltr'><strong><em>ad</em></strong></span> <span class='ocrx_word' id='word_1_580' title='bbox 1815 4402 2047 4460; x_wconf 84' lang='lat' dir='ltr'><strong><em>Menam.</em></strong></span> 
     </span>
    </p>
   </div>
   <div class='ocr_carea' id='block_1_104' title="bbox 2143 3151 2894 3223">
    <p class='ocr_par' dir='ltr' id='par_1_104' title="bbox 2143 3151 2894 3223">
     <span class='ocr_line' id='line_1_104' title="bbox 2143 3151 2894 3223; baseline -0.003 -16"><span class='ocrx_word' id='word_1_581' title='bbox 2143 3162 2285 3209; x_wconf 89' lang='lat' dir='ltr'><strong><em>statu</em></strong></span> <span class='ocrx_word' id='word_1_582' title='bbox 2317 3167 2425 3223; x_wconf 91' lang='lat' dir='ltr'><strong><em>quo</em></strong></span> <span class='ocrx_word' id='word_1_583' title='bbox 2453 3167 2618 3220; x_wconf 91' lang='lat' dir='ltr'><strong><em>supra</em></strong></span> <span class='ocrx_word' id='word_1_584' title='bbox 2657 3151 2894 3205; x_wconf 80' lang='lat' dir='ltr'><strong><em>diximus</em></strong></span> 
     </span>
    </p>
   </div>
   <div class='ocr_carea' id='block_1_105' title="bbox 2145 3245 2895 3318">
    <p class='ocr_par' dir='ltr' id='par_1_105' title="bbox 2145 3245 2895 3318">
     <span class='ocr_line' id='line_1_105' title="bbox 2145 3245 2895 3318; baseline -0.001 -19"><span class='ocrx_word' id='word_1_585' title='bbox 2145 3257 2354 3318; x_wconf 88' lang='lat' dir='ltr'><strong><em>putant,</em></strong></span> <span class='ocrx_word' id='word_1_586' title='bbox 2403 3246 2455 3300; x_wconf 90' lang='lat' dir='ltr'><strong><em>id</em></strong></span> <span class='ocrx_word' id='word_1_587' title='bbox 2503 3253 2584 3300; x_wconf 87' lang='lat' dir='ltr'><strong><em>est</em></strong></span> <span class='ocrx_word' id='word_1_588' title='bbox 2636 3254 2695 3298; x_wconf 91' lang='lat' dir='ltr'><strong><em>ut</em></strong></span> <span class='ocrx_word' id='word_1_589' title='bbox 2728 3245 2895 3299; x_wconf 89' lang='lat' dir='ltr'><strong><em>Deum</em></strong></span> 
     </span>
    </p>
   </div>
   <div class='ocr_carea' id='block_1_106' title="bbox 2144 3337 2897 3399">
    <p class='ocr_par' dir='ltr' id='par_1_106' title="bbox 2144 3337 2897 3399">
     <span class='ocr_line' id='line_1_106' title="bbox 2144 3337 2897 3399; baseline -0.003 -7"><span class='ocrx_word' id='word_1_590' title='bbox 2144 3337 2324 3392; x_wconf 88' lang='lat' dir='ltr'><strong><em>omnia</em></strong></span> <span class='ocrx_word' id='word_1_591' title='bbox 2359 3338 2618 3399; x_wconf 91' lang='lat' dir='ltr'><strong><em>habeant,</em></strong></span> <span class='ocrx_word' id='word_1_592' title='bbox 2665 3346 2717 3390; x_wconf 91' lang='lat' dir='ltr'><strong><em>et</em></strong></span> <span class='ocrx_word' id='word_1_593' title='bbox 2758 3337 2897 3390; x_wconf 89' lang='lat' dir='ltr'><strong><em>Deus</em></strong></span> 
     </span>
    </p>
   </div>
   <div class='ocr_carea' id='block_1_107' title="bbox 2143 3428 2897 3492">
    <p class='ocr_par' dir='ltr' id='par_1_107' title="bbox 2143 3428 2897 3492">
     <span class='ocr_line' id='line_1_107' title="bbox 2143 3428 2897 3492; baseline -0.005 -8"><span class='ocrx_word' id='word_1_594' title='bbox 2143 3429 2226 3483; x_wconf 86' lang='lat' dir='ltr'><strong><em>eis</em></strong></span> <span class='ocrx_word' id='word_1_595' title='bbox 2262 3429 2333 3484; x_wconf 88' lang='lat' dir='ltr'><strong><em>sit</em></strong></span> <span class='ocrx_word' id='word_1_596' title='bbox 2363 3428 2564 3492; x_wconf 90' lang='lat' dir='ltr'><strong><em>omnia,</em></strong></span> <span class='ocrx_word' id='word_1_597' title='bbox 2595 3431 2638 3481; x_wconf 86' lang='lat' dir='ltr'><strong><em>si</em></strong></span> <span class='ocrx_word' id='word_1_598' title='bbox 2670 3428 2897 3481; x_wconf 89' lang='lat' dir='ltr'><strong><em>nullate-</em></strong></span> 
     </span>
    </p>
   </div>
   <div class='ocr_carea' id='block_1_108' title="bbox 2145 3522 2896 3578">
    <p class='ocr_par' dir='ltr' id='par_1_108' title="bbox 2145 3522 2896 3578">
     <span class='ocr_line' id='line_1_108' title="bbox 2145 3522 2896 3578; baseline -0.007 0"><span class='ocrx_word' id='word_1_599' title='bbox 2145 3539 2247 3578; x_wconf 90' lang='lat' dir='ltr'><strong><em>nus</em></strong></span> <span class='ocrx_word' id='word_1_600' title='bbox 2281 3537 2376 3577; x_wconf 92' lang='lat' dir='ltr'><strong><em>eas</em></strong></span> <span class='ocrx_word' id='word_1_601' title='bbox 2402 3522 2638 3576; x_wconf 88' lang='lat' dir='ltr'><strong><em>societas</em></strong></span> <span class='ocrx_word' id='word_1_602' title='bbox 2684 3530 2896 3575; x_wconf 85' lang='lat' dir='ltr'><strong><em>naturae</em></strong></span> 
     </span>
    </p>
   </div>
   <div class='ocr_carea' id='block_1_109' title="bbox 2146 3615 2889 3685">
    <p class='ocr_par' dir='ltr' id='par_1_109' title="bbox 2146 3615 2889 3685">
     <span class='ocr_line' id='line_1_109' title="bbox 2146 3615 2889 3685; baseline -0.001 -16"><span class='ocrx_word' id='word_1_603' title='bbox 2146 3615 2445 3684; x_wconf 89' lang='lat' dir='ltr'><strong><em>corporalis</em></strong></span> <span class='ocrx_word' id='word_1_604' title='bbox 2473 3625 2727 3669; x_wconf 88' lang='lat' dir='ltr'><strong><em>amoveat</em></strong></span> <span class='ocrx_word' id='word_1_605' title='bbox 2753 3615 2889 3685; x_wconf 87' lang='grc'>(48).</span> 
     </span>
    </p>
   </div>
   <div class='ocr_carea' id='block_1_110' title="bbox 2143 3710 2898 3780">
    <p class='ocr_par' dir='ltr' id='par_1_110' title="bbox 2143 3710 2898 3780">
     <span class='ocr_line' id='line_1_110' title="bbox 2143 3710 2898 3780; baseline 0.003 -16"><span class='ocrx_word' id='word_1_606' title='bbox 2143 3710 2396 3779; x_wconf 86' lang='lat' dir='ltr'><strong><em>Alioquin</em></strong></span> <span class='ocrx_word' id='word_1_607' title='bbox 2437 3711 2750 3764; x_wconf 84' lang='lat' dir='ltr'><strong><em>existimant</em></strong></span> <span class='ocrx_word' id='word_1_608' title='bbox 2783 3711 2898 3780; x_wconf 84' lang='lat' dir='ltr'><strong><em>glo-</em></strong></span> 
     </span>
    </p>
   </div>
   <div class='ocr_carea' id='block_1_111' title="bbox 2146 3803 2897 3859">
    <p class='ocr_par' dir='ltr' id='par_1_111' title="bbox 2146 3803 2897 3859">
     <span class='ocr_line' id='line_1_111' title="bbox 2146 3803 2897 3859; baseline 0.003 -2"><span class='ocrx_word' id='word_1_609' title='bbox 2146 3803 2280 3858; x_wconf 90' lang='lat' dir='ltr'><strong><em>riam</em></strong></span> <span class='ocrx_word' id='word_1_610' title='bbox 2305 3819 2527 3858; x_wconf 76' lang='lat' dir='ltr'><strong><em>summa:</em></strong></span> <span class='ocrx_word' id='word_1_611' title='bbox 2548 3804 2897 3859; x_wconf 87' lang='lat' dir='ltr'><strong><em>beatitudinis</em></strong></span> 
     </span>
    </p>
   </div>
   <div class='ocr_carea' id='block_1_112' title="bbox 2147 3895 2897 3965">
    <p class='ocr_par' dir='ltr' id='par_1_112' title="bbox 2147 3895 2897 3965">
     <span class='ocr_line' id='line_1_112' title="bbox 2147 3895 2897 3965; baseline 0.001 -17"><span class='ocrx_word' id='word_1_612' title='bbox 2147 3895 2417 3965; x_wconf 89' lang='lat' dir='ltr'><strong><em>impediri,</em></strong></span> <span class='ocrx_word' id='word_1_613' title='bbox 2484 3897 2528 3950; x_wconf 91' lang='lat' dir='ltr'><strong><em>si</em></strong></span> <span class='ocrx_word' id='word_1_614' title='bbox 2601 3896 2897 3949; x_wconf 87' lang='lat' dir='ltr'><strong><em>materialis</em></strong></span> 
     </span>
    </p>
   </div>
   <div class='ocr_carea' id='block_1_113' title="bbox 2150 3987 2899 4041">
    <p class='ocr_par' dir='ltr' id='par_1_113' title="bbox 2150 3987 2899 4041">
     <span class='ocr_line' id='line_1_113' title="bbox 2150 3987 2899 4041; baseline -0.003 0"><span class='ocrx_word' id='word_1_615' title='bbox 2150 3987 2465 4041; x_wconf 68' lang='lat' dir='ltr'><strong><em>substantia:</em></strong></span> <span class='ocrx_word' id='word_1_616' title='bbox 2541 3987 2899 4040; x_wconf 89' lang='lat' dir='ltr'><strong><em>interscratur</em></strong></span> 
     </span>
    </p>
   </div>
   <div class='ocr_carea' id='block_1_114' title="bbox 2150 4077 2900 4147">
    <p class='ocr_par' dir='ltr' id='par_1_114' title="bbox 2150 4077 2900 4147">
     <span class='ocr_line' id='line_1_114' title="bbox 2150 4077 2900 4147; baseline 0 -16"><span class='ocrx_word' id='word_1_617' title='bbox 2150 4078 2424 4133; x_wconf 89' lang='lat' dir='ltr'><strong><em>admistio.</em></strong></span> <span class='ocrx_word' id='word_1_618' title='bbox 2467 4077 2538 4132; x_wconf 88' lang='lat' dir='ltr'><strong><em>De</em></strong></span> <span class='ocrx_word' id='word_1_619' title='bbox 2563 4094 2666 4147; x_wconf 91' lang='lat' dir='ltr'><strong><em>qua</em></strong></span> <span class='ocrx_word' id='word_1_620' title='bbox 2702 4094 2757 4132; x_wconf 89' lang='lat' dir='ltr'><strong><em>re</em></strong></span> <span class='ocrx_word' id='word_1_621' title='bbox 2789 4078 2900 4145; x_wconf 85' lang='lat' dir='ltr'><strong><em>ple-</em></strong></span> 
     </span>
    </p>
   </div>
   <div class='ocr_carea' id='block_1_115' title="bbox 3005 2615 3690 2657">
    <p class='ocr_par' dir='ltr' id='par_1_115' title="bbox 3005 2615 3690 2657">
     <span class='ocr_line' id='line_1_115' title="bbox 3005 2615 3690 2657; baseline -0.003 -1"><span class='ocrx_word' id='word_1_622' title='bbox 3005 2617 3326 2657; x_wconf 78' lang='lat' dir='ltr'><strong><em>INTERPRET.</em></strong></span> <span class='ocrx_word' id='word_1_623' title='bbox 3377 2615 3690 2656; x_wconf 68' lang='lat' dir='ltr'><strong><em>IIIERONYII.</em></strong></span> 
     </span>
    </p>
   </div>
   <div class='ocr_carea' id='block_1_116' title="bbox 3016 2694 3728 2765">
    <p class='ocr_par' dir='ltr' id='par_1_116' title="bbox 3016 2694 3728 2765">
     <span class='ocr_line' id='line_1_116' title="bbox 3016 2694 3728 2765; baseline 0 -17"><span class='ocrx_word' id='word_1_624' title='bbox 3016 2694 3126 2750; x_wconf 86' lang='lat' dir='ltr'><strong><em>Nec</em></strong></span> <span class='ocrx_word' id='word_1_625' title='bbox 3143 2696 3358 2749; x_wconf 84' lang='lat' dir='ltr'><strong><em>dubium</em></strong></span> <span class='ocrx_word' id='word_1_626' title='bbox 3374 2705 3446 2748; x_wconf 91' lang='lat' dir='ltr'><strong><em>est</em></strong></span> <span class='ocrx_word' id='word_1_627' title='bbox 3465 2696 3589 2765; x_wconf 87' lang='lat' dir='ltr'><strong><em>quin</em></strong></span> <span class='ocrx_word' id='word_1_628' title='bbox 3607 2706 3728 2764; x_wconf 85' lang='lat' dir='ltr'><strong><em>post</em></strong></span> 
     </span>
    </p>
   </div>
   <div class='ocr_carea' id='block_1_117' title="bbox 2967 2787 3727 2858">
    <p class='ocr_par' dir='ltr' id='par_1_117' title="bbox 2967 2787 3727 2858">
     <span class='ocr_line' id='line_1_117' title="bbox 2967 2787 3727 2858; baseline -0.001 -18"><span class='ocrx_word' id='word_1_629' title='bbox 2967 2790 3209 2858; x_wconf 85' lang='lat' dir='ltr'><strong><em>qutcdam</em></strong></span> <span class='ocrx_word' id='word_1_630' title='bbox 3259 2787 3534 2842; x_wconf 83' lang='lat' dir='ltr'><strong><em>intervalla</em></strong></span> <span class='ocrx_word' id='word_1_631' title='bbox 3589 2797 3727 2840; x_wconf 84' lang='lat' dir='ltr'><strong><em>teut--</em></strong></span> 
     </span>
    </p>
   </div>
   <div class='ocr_carea' id='block_1_118' title="bbox 2969 2881 3728 2949">
    <p class='ocr_par' dir='ltr' id='par_1_118' title="bbox 2969 2881 3728 2949">
     <span class='ocr_line' id='line_1_118' title="bbox 2969 2881 3728 2949; baseline 0.001 -17"><span class='ocrx_word' id='word_1_632' title='bbox 2969 2897 3156 2949; x_wconf 89' lang='lat' dir='ltr'><strong><em>parum</em></strong></span> <span class='ocrx_word' id='word_1_633' title='bbox 3235 2897 3416 2935; x_wconf 87' lang='lat' dir='ltr'><strong><em>rursus</em></strong></span> <span class='ocrx_word' id='word_1_634' title='bbox 3497 2881 3728 2934; x_wconf 87' lang='lat' dir='ltr'><strong><em>materia</em></strong></span> 
     </span>
    </p>
   </div>
   <div class='ocr_carea' id='block_1_119' title="bbox 2968 2974 3724 3042">
    <p class='ocr_par' dir='ltr' id='par_1_119' title="bbox 2968 2974 3724 3042">
     <span class='ocr_line' id='line_1_119' title="bbox 2968 2974 3724 3042; baseline -0.005 -16"><span class='ocrx_word' id='word_1_635' title='bbox 2968 2974 3240 3037; x_wconf 86' lang='lat' dir='ltr'><strong><em>subsistat,</em></strong></span> <span class='ocrx_word' id='word_1_636' title='bbox 3260 2985 3305 3027; x_wconf 90' lang='lat' dir='ltr'><strong><em>et</em></strong></span> <span class='ocrx_word' id='word_1_637' title='bbox 3325 2989 3548 3042; x_wconf 77' lang='lat' dir='ltr'><strong><em>corpora</em></strong></span> <span class='ocrx_word' id='word_1_638' title='bbox 3571 2975 3724 3041; x_wconf 78' lang='lat' dir='ltr'><strong><em>ﬁant,</em></strong></span> 
     </span>
    </p>
   </div>
   <div class='ocr_carea' id='block_1_120' title="bbox 2968 3067 3728 3120">
    <p class='ocr_par' dir='ltr' id='par_1_120' title="bbox 2968 3067 3728 3120">
     <span class='ocr_line' id='line_1_120' title="bbox 2968 3067 3728 3120; baseline -0.001 -1"><span class='ocrx_word' id='word_1_639' title='bbox 2968 3075 3017 3119; x_wconf 84' lang='lat' dir='ltr'><strong><em>et</em></strong></span> <span class='ocrx_word' id='word_1_640' title='bbox 3051 3067 3231 3119; x_wconf 87' lang='lat' dir='ltr'><strong><em>mundi</em></strong></span> <span class='ocrx_word' id='word_1_641' title='bbox 3273 3067 3545 3120; x_wconf 87' lang='lat' dir='ltr'><strong><em>diversitas</em></strong></span> <span class='ocrx_word' id='word_1_642' title='bbox 3593 3082 3728 3118; x_wconf 89' lang='lat' dir='ltr'><strong><em>con-</em></strong></span> 
     </span>
    </p>
   </div>
   <div class='ocr_carea' id='block_1_121' title="bbox 2967 3157 3724 3227">
    <p class='ocr_par' dir='ltr' id='par_1_121' title="bbox 2967 3157 3724 3227">
     <span class='ocr_line' id='line_1_121' title="bbox 2967 3157 3724 3227; baseline 0.001 -16"><span class='ocrx_word' id='word_1_643' title='bbox 2967 3167 3206 3211; x_wconf 87' lang='lat' dir='ltr'><strong><em>struatur</em></strong></span> <span class='ocrx_word' id='word_1_644' title='bbox 3274 3170 3482 3227; x_wconf 84' lang='lat' dir='ltr'><strong><em>propter</em></strong></span> <span class='ocrx_word' id='word_1_645' title='bbox 3548 3157 3724 3212; x_wconf 84' lang='lat' dir='ltr'><strong><em>varias</em></strong></span> 
     </span>
    </p>
   </div>
   <div class='ocr_carea' id='block_1_122' title="bbox 2969 3251 3725 3306">
    <p class='ocr_par' dir='ltr' id='par_1_122' title="bbox 2969 3251 3725 3306">
     <span class='ocr_line' id='line_1_122' title="bbox 2969 3251 3725 3306; baseline 0 -1"><span class='ocrx_word' id='word_1_646' title='bbox 2969 3252 3258 3306; x_wconf 84' lang='lat' dir='ltr'><strong><em>voluntates</em></strong></span> <span class='ocrx_word' id='word_1_647' title='bbox 3326 3251 3725 3305; x_wconf 64' lang='lat' dir='ltr'><strong><em>rationabilium</em></strong></span> 
     </span>
    </p>
   </div>
   <div class='ocr_carea' id='block_1_123' title="bbox 2968 3355 3722 3413">
    <p class='ocr_par' dir='ltr' id='par_1_123' title="bbox 2968 3355 3722 3413">
     <span class='ocr_line' id='line_1_123' title="bbox 2968 3355 3722 3413; baseline 0 -17"><span class='ocrx_word' id='word_1_648' title='bbox 2968 3355 3332 3397; x_wconf 83' lang='lat' dir='ltr'><strong><em>creaturarum</em></strong></span> <span class='ocrx_word' id='word_1_649' title='bbox 3404 3360 3520 3413; x_wconf 73' lang='lat' dir='ltr'><strong><em>qua:</em></strong></span> <span class='ocrx_word' id='word_1_650' title='bbox 3601 3355 3722 3412; x_wconf 77' lang='grc' dir='ltr'>ροει</span> 
     </span>
    </p>
   </div>
   <div class='ocr_carea' id='block_1_124' title="bbox 2967 3435 3723 3504">
    <p class='ocr_par' dir='ltr' id='par_1_124' title="bbox 2967 3435 3723 3504">
     <span class='ocr_line' id='line_1_124' title="bbox 2967 3435 3723 3504; baseline 0 -16"><span class='ocrx_word' id='word_1_651' title='bbox 2967 3435 3248 3504; x_wconf 78' lang='lat' dir='ltr'><strong><em>perfectam</em></strong></span> <span class='ocrx_word' id='word_1_652' title='bbox 3351 3436 3723 3488; x_wconf 85' lang='lat' dir='ltr'><strong><em>beatitudinem</em></strong></span> 
     </span>
    </p>
   </div>
   <div class='ocr_carea' id='block_1_125' title="bbox 2970 3529 3722 3599">
    <p class='ocr_par' dir='ltr' id='par_1_125' title="bbox 2970 3529 3722 3599">
     <span class='ocr_line' id='line_1_125' title="bbox 2970 3529 3722 3599; baseline -0.001 -18"><span class='ocrx_word' id='word_1_653' title='bbox 2970 3544 3130 3599; x_wconf 87' lang='lat' dir='ltr'><strong><em>usque</em></strong></span> <span class='ocrx_word' id='word_1_654' title='bbox 3173 3529 3247 3581; x_wconf 86' lang='lat' dir='ltr'><strong><em>ad</em></strong></span> <span class='ocrx_word' id='word_1_655' title='bbox 3286 3529 3440 3596; x_wconf 80' lang='lat' dir='ltr'><strong><em>ﬁnem</em></strong></span> <span class='ocrx_word' id='word_1_656' title='bbox 3490 3529 3722 3582; x_wconf 89' lang='lat' dir='ltr'><strong><em>omnium</em></strong></span> 
     </span>
    </p>
   </div>
   <div class='ocr_carea' id='block_1_126' title="bbox 2968 3621 3722 3693">
    <p class='ocr_par' dir='ltr' id='par_1_126' title="bbox 2968 3621 3722 3693">
     <span class='ocr_line' id='line_1_126' title="bbox 2968 3621 3722 3693; baseline 0.003 -19"><span class='ocrx_word' id='word_1_657' title='bbox 2968 3638 3141 3674; x_wconf 85' lang='lat' dir='ltr'><strong><em>rerum</em></strong></span> <span class='ocrx_word' id='word_1_658' title='bbox 3179 3621 3433 3690; x_wconf 89' lang='lat' dir='ltr'><strong><em>paulatim</em></strong></span> <span class='ocrx_word' id='word_1_659' title='bbox 3467 3623 3536 3675; x_wconf 84' lang='lat' dir='ltr'><strong><em>ad</em></strong></span> <span class='ocrx_word' id='word_1_660' title='bbox 3582 3623 3722 3693; x_wconf 77' lang='lat' dir='ltr'><strong><em>infe-</em></strong></span> 
     </span>
    </p>
   </div>
   <div class='ocr_carea' id='block_1_127' title="bbox 2969 3713 3724 3780">
    <p class='ocr_par' dir='ltr' id='par_1_127' title="bbox 2969 3713 3724 3780">
     <span class='ocr_line' id='line_1_127' title="bbox 2969 3713 3724 3780; baseline 0.005 -16"><span class='ocrx_word' id='word_1_661' title='bbox 2969 3715 3110 3766; x_wconf 90' lang='lat' dir='ltr'><strong><em>riora</em></strong></span> <span class='ocrx_word' id='word_1_662' title='bbox 3140 3713 3365 3780; x_wconf 73' lang='lat' dir='ltr'><strong><em>delapsa:</em></strong></span> <span class='ocrx_word' id='word_1_663' title='bbox 3384 3724 3584 3768; x_wconf 88' lang='lat' dir='ltr'><strong><em>tantam</em></strong></span> <span class='ocrx_word' id='word_1_664' title='bbox 3608 3732 3724 3768; x_wconf 83' lang='lat' dir='ltr'><strong><em>ma-</em></strong></span> 
     </span>
    </p>
   </div>
   <div class='ocr_carea' id='block_1_128' title="bbox 2967 3803 3721 3874">
    <p class='ocr_par' dir='ltr' id='par_1_128' title="bbox 2967 3803 3721 3874">
     <span class='ocr_line' id='line_1_128' title="bbox 2967 3803 3721 3874; baseline 0.004 -18"><span class='ocrx_word' id='word_1_665' title='bbox 2967 3803 3138 3858; x_wconf 88' lang='lat' dir='ltr'><strong><em>litiam</em></strong></span> <span class='ocrx_word' id='word_1_666' title='bbox 3183 3814 3500 3874; x_wconf 85' lang='lat' dir='ltr'><strong><em>receperunt,</em></strong></span> <span class='ocrx_word' id='word_1_667' title='bbox 3556 3817 3610 3858; x_wconf 84' lang='lat' dir='ltr'><strong><em>ut</em></strong></span> <span class='ocrx_word' id='word_1_668' title='bbox 3666 3809 3721 3860; x_wconf 83' lang='lat' dir='ltr'><strong><em>in</em></strong></span> 
     </span>
    </p>
   </div>
   <div class='ocr_carea' id='block_1_129' title="bbox 2969 3899 3718 3964">
    <p class='ocr_par' dir='ltr' id='par_1_129' title="bbox 2969 3899 3718 3964">
     <span class='ocr_line' id='line_1_129' title="bbox 2969 3899 3718 3964; baseline -0.001 -16"><span class='ocrx_word' id='word_1_669' title='bbox 2969 3899 3290 3949; x_wconf 85' lang='lat' dir='ltr'><strong><em>contrarium</em></strong></span> <span class='ocrx_word' id='word_1_670' title='bbox 3377 3908 3718 3964; x_wconf 84' lang='lat' dir='ltr'><strong><em>verterentur,</em></strong></span> 
     </span>
    </p>
   </div>
   <div class='ocr_carea' id='block_1_130' title="bbox 2971 3988 3723 4058">
    <p class='ocr_par' dir='ltr' id='par_1_130' title="bbox 2971 3988 3723 4058">
     <span class='ocr_line' id='line_1_130' title="bbox 2971 3988 3723 4058; baseline 0.005 -20"><span class='ocrx_word' id='word_1_671' title='bbox 2971 3988 3097 4039; x_wconf 92' lang='lat' dir='ltr'><strong><em>dum</em></strong></span> <span class='ocrx_word' id='word_1_672' title='bbox 3129 3989 3309 4040; x_wconf 87' lang='lat' dir='ltr'><strong><em>nolunt</em></strong></span> <span class='ocrx_word' id='word_1_673' title='bbox 3339 4005 3547 4043; x_wconf 89' lang='lat' dir='ltr'><strong><em>servare</em></strong></span> <span class='ocrx_word' id='word_1_674' title='bbox 3577 3991 3723 4058; x_wconf 89' lang='lat' dir='ltr'><strong><em>prin-</em></strong></span> 
     </span>
    </p>
   </div>
   <div class='ocr_carea' id='block_1_131' title="bbox 2971 4079 3720 4150">
    <p class='ocr_par' dir='ltr' id='par_1_131' title="bbox 2971 4079 3720 4150">
     <span class='ocr_line' id='line_1_131' title="bbox 2971 4079 3720 4150; baseline 0.007 -21"><span class='ocrx_word' id='word_1_675' title='bbox 2971 4079 3198 4146; x_wconf 84' lang='lat' dir='ltr'><strong><em>cipium,</em></strong></span> <span class='ocrx_word' id='word_1_676' title='bbox 3254 4089 3303 4132; x_wconf 91' lang='lat' dir='ltr'><strong><em>et</em></strong></span> <span class='ocrx_word' id='word_1_677' title='bbox 3361 4080 3720 4150; x_wconf 88' lang='lat' dir='ltr'><strong><em>incorruptam</em></strong></span> 
     </span>
    </p>
   </div>
   <div class='ocr_carea' id='block_1_132' title="bbox 2148 4167 3716 4236">
    <p class='ocr_par' dir='ltr' id='par_1_132' title="bbox 2148 4167 3716 4236">
     <span class='ocr_line' id='line_1_132' title="bbox 2148 4167 3716 4236; baseline 0.001 -15"><span class='ocrx_word' id='word_1_678' title='bbox 2148 4168 2270 4223; x_wconf 89' lang='lat' dir='ltr'><strong><em>nius</em></strong></span> <span class='ocrx_word' id='word_1_679' title='bbox 2298 4182 2327 4221; x_wconf 91' lang='lat' dir='ltr'><strong><em>a</em></strong></span> <span class='ocrx_word' id='word_1_680' title='bbox 2370 4168 2525 4223; x_wconf 91' lang='lat' dir='ltr'><strong><em>nobis</em></strong></span> <span class='ocrx_word' id='word_1_681' title='bbox 2554 4181 2674 4236; x_wconf 64' lang='lat' dir='ltr'><strong><em>quae</em></strong></span> <span class='ocrx_word' id='word_1_682' title='bbox 2702 4169 2753 4221; x_wconf 90' lang='lat' dir='ltr'><strong><em>in</em></strong></span> <span class='ocrx_word' id='word_1_683' title='bbox 2802 4181 2896 4220; x_wconf 88' lang='lat' dir='ltr'><strong><em>su-</em></strong></span> <span class='ocrx_word' id='word_1_684' title='bbox 2972 4167 3342 4220; x_wconf 87' lang='lat' dir='ltr'><strong><em>beatitudinem</em></strong></span> <span class='ocrx_word' id='word_1_685' title='bbox 3432 4170 3716 4234; x_wconf 85' lang='lat' dir='ltr'><strong><em>possidere.</em></strong></span> 
     </span>
    </p>
   </div>
   <div class='ocr_carea' id='block_1_133' title="bbox 2158 4333 3720 4403">
    <p class='ocr_par' dir='ltr' id='par_1_133' title="bbox 2158 4333 3720 4403">
     <span class='ocr_line' id='line_1_133' title="bbox 2158 4333 3720 4403; baseline -0.002 -15"><span class='ocrx_word' id='word_1_686' title='bbox 2158 4342 2261 4389; x_wconf 91' lang='lat' dir='ltr'><strong><em>tem</em></strong></span> <span class='ocrx_word' id='word_1_687' title='bbox 2290 4333 2574 4403; x_wconf 65' lang='lat' dir='ltr'><strong><em>O&#39;rigenem</em></strong></span> <span class='ocrx_word' id='word_1_688' title='bbox 2609 4334 2836 4400; x_wconf 91' lang='lat' dir='ltr'><strong><em>inducit,</em></strong></span> <span class='ocrx_word' id='word_1_689' title='bbox 2875 4335 2924 4388; x_wconf 90' lang='lat' dir='ltr'><strong><em>id</em></strong></span> <span class='ocrx_word' id='word_1_690' title='bbox 2956 4335 3324 4403; x_wconf 81' lang='lat' dir='ltr'><strong><em>confutantem</em></strong></span> <span class='ocrx_word' id='word_1_691' title='bbox 3371 4335 3542 4402; x_wconf 90' lang='lat' dir='ltr'><strong><em>ipsum</em></strong></span> <span class='ocrx_word' id='word_1_692' title='bbox 3571 4334 3720 4388; x_wconf 80' lang='lat' dir='ltr'><strong><em>exhi-</em></strong></span> 
     </span>
    </p>
   </div>
   <div class='ocr_carea' id='block_1_134' title="bbox 2158 4402 3719 4472">
    <p class='ocr_par' dir='ltr' id='par_1_134' title="bbox 2158 4402 3719 4472">
     <span class='ocr_line' id='line_1_134' title="bbox 2158 4402 3719 4472; baseline 0 -15"><span class='ocrx_word' id='word_1_693' title='bbox 2158 4405 2248 4458; x_wconf 89' lang='lat' dir='ltr'><strong><em>bet</em></strong></span> <span class='ocrx_word' id='word_1_694' title='bbox 2278 4402 2415 4458; x_wconf 78' lang='lat' dir='ltr'><strong><em>inl&#39;ra</em></strong></span> <span class='ocrx_word' id='word_1_695' title='bbox 2449 4421 2597 4458; x_wconf 83' lang='lat' dir='ltr'><strong><em>num.</em></strong></span> <span class='ocrx_word' id='word_1_696' title='bbox 2627 4404 2681 4467; x_wconf 85' lang='lat'><strong><em>6,</em></strong></span> <span class='ocrx_word' id='word_1_697' title='bbox 2717 4405 2799 4458; x_wconf 90' lang='lat' dir='ltr'><strong><em>his</em></strong></span> <span class='ocrx_word' id='word_1_698' title='bbox 2826 4405 3003 4458; x_wconf 90' lang='lat' dir='ltr'><strong><em>verbis</em></strong></span> <span class='ocrx_word' id='word_1_699' title='bbox 3032 4425 3043 4456; x_wconf 94' lang='lat'>:</span> <span class='ocrx_word' id='word_1_700' title='bbox 3088 4424 3107 4456; x_wconf 85' lang='grc'><strong>‹</strong></span> <span class='ocrx_word' id='word_1_701' title='bbox 3145 4402 3199 4455; x_wconf 94' lang='lat' dir='ltr'><strong><em>ln</em></strong></span> <span class='ocrx_word' id='word_1_702' title='bbox 3231 4418 3338 4472; x_wconf 89' lang='lat' dir='ltr'><strong><em>quo</em></strong></span> <span class='ocrx_word' id='word_1_703' title='bbox 3360 4414 3498 4455; x_wconf 88' lang='lat' dir='ltr'><strong><em>statu</em></strong></span> <span class='ocrx_word' id='word_1_704' title='bbox 3525 4403 3719 4471; x_wconf 83' lang='lat' dir='ltr'><strong><em>(beati-</em></strong></span> 
     </span>
    </p>
   </div>
   <div class='ocr_carea' id='block_1_135' title="bbox 541 4450 3719 4545">
    <p class='ocr_par' dir='ltr' id='par_1_135' title="bbox 541 4450 3719 4545">
     <span class='ocr_line' id='line_1_135' title="bbox 541 4450 3719 4545; baseline -0.001 -19"><span class='ocrx_word' id='word_1_705' title='bbox 541 4450 1309 4545; x_wconf 58' lang='grc' dir='ltr'><strong><em>ζῖὲἵιίῖὶῖιὲἕῗιῑᾶιὶἷὶὶὶὶὶὲὧ,</em></strong></span> <span class='ocrx_word' id='word_1_706' title='bbox 1328 4450 2047 4545; x_wconf 56' lang='lat' dir='ltr'><strong><em>titiam&#39;ass&#39;.g.;‘ie;;g;;t:&#39;;</em></strong></span> <span class='ocrx_word' id='word_1_707' title='bbox 2082 4450 2126 4503; x_wconf 78' lang='grc' dir='ltr'>ο</span> <span class='ocrx_word' id='word_1_708' title='bbox 2155 4450 3719 4545; x_wconf 51' lang='lat' dir='ltr'><strong><em>gaias;fcisti;&#39;pstsists;s&quot;g;s.,;ere‘t&quot;inusitatius.-</em></strong></span> 
     </span>
    </p>
   </div>
   <div class='ocr_carea' id='block_1_136' title="bbox 468 4542 2052 4612">
    <p class='ocr_par' dir='ltr' id='par_1_136' title="bbox 468 4542 2052 4612">
     <span class='ocr_line' id='line_1_136' title="bbox 468 4542 2052 4612; baseline 0.001 -17"><span class='ocrx_word' id='word_1_709' title='bbox 468 4542 644 4597; x_wconf 42' lang='lat' dir='ltr'><strong><em>Paulo&#39;</em></strong></span> <span class='ocrx_word' id='word_1_710' title='bbox 671 4555 790 4612; x_wconf 91' lang='lat' dir='ltr'><strong><em>post</em></strong></span> <span class='ocrx_word' id='word_1_711' title='bbox 831 4560 984 4608; x_wconf 91' lang='lat' dir='ltr'><strong><em>mss.,</em></strong></span> <span class='ocrx_word' id='word_1_712' title='bbox 1019 4561 1037 4593; x_wconf 75' lang='grc' dir='ltr'><strong><em>ι</em></strong></span> <span class='ocrx_word' id='word_1_713' title='bbox 1071 4560 1138 4598; x_wconf 83' lang='grc' dir='ltr'>ηε</span> <span class='ocrx_word' id='word_1_714' title='bbox 1189 4544 1240 4597; x_wconf 92' lang='lat' dir='ltr'><strong><em>in</em></strong></span> <span class='ocrx_word' id='word_1_715' title='bbox 1292 4544 1374 4596; x_wconf 91' lang='lat' dir='ltr'><strong><em>his</em></strong></span> <span class='ocrx_word' id='word_1_716' title='bbox 1416 4558 1630 4612; x_wconf 87' lang='lat' dir='ltr'><strong><em>quoque</em></strong></span> <span class='ocrx_word' id='word_1_717' title='bbox 1673 4557 1793 4597; x_wconf 84' lang='lat' dir='ltr'><strong><em>esse</em></strong></span> <span class='ocrx_word' id='word_1_718' title='bbox 1839 4542 2052 4597; x_wconf 84' lang='lat' dir='ltr'><strong><em>dicatur</em></strong></span> 
     </span>
    </p>
   </div>
   <div class='ocr_carea' id='block_1_137' title="bbox 458 4561 2051 4685">
    <p class='ocr_par' dir='ltr' id='par_1_137' title="bbox 458 4561 2051 4685">
     <span class='ocr_line' id='line_1_137' title="bbox 473 4561 2051 4612; baseline 0.001 -17"><span class='ocrx_word' id='word_1_719' title='bbox 473 4561 640 4597; x_wconf 79' lang='lat' dir='ltr'><strong><em>ramo</em></strong></span> <span class='ocrx_word' id='word_1_720' title='bbox 705 4561 790 4599; x_wconf 78' lang='lat' dir='ltr'><strong><em>osr.</em></strong></span> <span class='ocrx_word' id='word_1_721' title='bbox 831 4561 984 4608; x_wconf 90' lang='lat' dir='ltr'><strong><em>mss.,</em></strong></span> <span class='ocrx_word' id='word_1_722' title='bbox 1019 4561 1037 4593; x_wconf 75' lang='grc' dir='ltr'><strong>ε</strong></span> <span class='ocrx_word' id='word_1_723' title='bbox 1071 4561 1138 4598; x_wconf 83' lang='grc' dir='ltr'>ηε</span> <span class='ocrx_word' id='word_1_724' title='bbox 1189 4561 1240 4597; x_wconf 83' lang='grc' dir='ltr'>ιη</span> <span class='ocrx_word' id='word_1_725' title='bbox 1292 4561 1374 4596; x_wconf 88' lang='lat' dir='ltr'><strong><em>ms</em></strong></span> <span class='ocrx_word' id='word_1_726' title='bbox 1416 4561 1630 4612; x_wconf 89' lang='lat' dir='ltr'><strong><em>quoque</em></strong></span> <span class='ocrx_word' id='word_1_727' title='bbox 1673 4561 1793 4597; x_wconf 85' lang='lat' dir='ltr'><strong><em>esse</em></strong></span> <span class='ocrx_word' id='word_1_728' title='bbox 1839 4561 2051 4597; x_wconf 85' lang='lat' dir='ltr'><strong><em>utcatur</em></strong></span> 
     </span>
     <span class='ocr_line' id='line_1_138' title="bbox 458 4561 2051 4685; baseline 0.001 -21"><span class='ocrx_word' id='word_1_729' title='bbox 458 4611 635 4685; x_wconf 87' lang='lat' dir='ltr'><strong><em>Deus.</em></strong></span> <span class='ocrx_word' id='word_1_730' title='bbox 665 4561 741 4666; x_wconf 67' lang='lat' dir='ltr'><strong><em>lla</em></strong></span> <span class='ocrx_word' id='word_1_731' title='bbox 767 4629 841 4685; x_wconf 70' lang='lat' dir='ltr'><strong><em>ne</em></strong></span> <span class='ocrx_word' id='word_1_732' title='bbox 866 4613 1027 4685; x_wconf 77' lang='lat' dir='ltr'><strong><em>ullam</em></strong></span> <span class='ocrx_word' id='word_1_733' title='bbox 1063 4613 1300 4685; x_wconf 75' lang='lat' dir='ltr'><strong><em>quidem.</em></strong></span> <span class='ocrx_word' id='word_1_734' title='bbox 1345 4631 1362 4663; x_wconf 75' lang='grc' dir='ltr'><strong><em>ι</em></strong></span> <span class='ocrx_word' id='word_1_735' title='bbox 1396 4613 1558 4685; x_wconf 81' lang='lat' dir='ltr'><strong><em>Edili,</em></strong></span> <span class='ocrx_word' id='word_1_736' title='bbox 1589 4630 1608 4663; x_wconf 70' lang='grc' dir='ltr'><strong><em>ι</em></strong></span> <span class='ocrx_word' id='word_1_737' title='bbox 1641 4623 1696 4685; x_wconf 78' lang='lat' dir='ltr'><strong><em>ut</em></strong></span> <span class='ocrx_word' id='word_1_738' title='bbox 1719 4614 1774 4685; x_wconf 78' lang='lat' dir='ltr'><strong><em>in</em></strong></span> <span class='ocrx_word' id='word_1_739' title='bbox 1804 4612 1890 4667; x_wconf 87' lang='lat' dir='ltr'><strong><em>his</em></strong></span> <span class='ocrx_word' id='word_1_740' title='bbox 1917 4625 2051 4685; x_wconf 81' lang='lat' dir='ltr'><strong><em>quo-</em></strong></span> 
     </span>
    </p>
   </div>
   <div class='ocr_carea' id='block_1_138' title="bbox 474 4681 2045 4750">
    <p class='ocr_par' dir='ltr' id='par_1_138' title="bbox 474 4681 2045 4750">
     <span class='ocr_line' id='line_1_139' title="bbox 474 4681 2045 4750; baseline 0.001 -18"><span class='ocrx_word' id='word_1_741' title='bbox 474 4694 580 4748; x_wconf 90' lang='lat' dir='ltr'><strong><em>que</em></strong></span> <span class='ocrx_word' id='word_1_742' title='bbox 604 4695 724 4736; x_wconf 88' lang='lat' dir='ltr'><strong><em>esse</em></strong></span> <span class='ocrx_word' id='word_1_743' title='bbox 748 4682 960 4736; x_wconf 88' lang='lat' dir='ltr'><strong><em>dicatur</em></strong></span> <span class='ocrx_word' id='word_1_744' title='bbox 992 4681 1152 4734; x_wconf 87' lang='lat' dir='ltr'><strong><em>Deus.</em></strong></span> <span class='ocrx_word' id='word_1_745' title='bbox 1183 4681 1258 4734; x_wconf 90' lang='lat' dir='ltr'><strong><em>lta</em></strong></span> <span class='ocrx_word' id='word_1_746' title='bbox 1290 4695 1390 4735; x_wconf 88' lang='lat' dir='ltr'><strong><em>nec</em></strong></span> <span class='ocrx_word' id='word_1_747' title='bbox 1415 4681 1578 4735; x_wconf 89' lang='lat' dir='ltr'><strong><em>ullam</em></strong></span> <span class='ocrx_word' id='word_1_748' title='bbox 1602 4682 1842 4750; x_wconf 89' lang='lat' dir='ltr'><strong><em>quidem.</em></strong></span> <span class='ocrx_word' id='word_1_749' title='bbox 1876 4701 1895 4733; x_wconf 73' lang='grc' dir='ltr'><strong><em>ι</em></strong></span> <span class='ocrx_word' id='word_1_750' title='bbox 1927 4682 2045 4734; x_wconf 84' lang='lat' dir='ltr'><strong><em>Mox</em></strong></span> 
     </span>
    </p>
   </div>
   <div class='ocr_carea' id='block_1_139' title="bbox 475 4751 2050 4818">
    <p class='ocr_par' dir='ltr' id='par_1_139' title="bbox 475 4751 2050 4818">
     <span class='ocr_line' id='line_1_140' title="bbox 475 4751 2050 4818; baseline 0.001 -15"><span class='ocrx_word' id='word_1_751' title='bbox 475 4765 633 4813; x_wconf 86' lang='lat' dir='ltr'><strong><em>mss.,</em></strong></span> <span class='ocrx_word' id='word_1_752' title='bbox 663 4770 680 4803; x_wconf 78' lang='grc' dir='ltr'><strong><em>ι</em></strong></span> <span class='ocrx_word' id='word_1_753' title='bbox 718 4752 771 4806; x_wconf 88' lang='lat' dir='ltr'><strong><em>in</em></strong></span> <span class='ocrx_word' id='word_1_754' title='bbox 801 4751 980 4818; x_wconf 89' lang='lat' dir='ltr'><strong><em>aliquo</em></strong></span> <span class='ocrx_word' id='word_1_755' title='bbox 1025 4751 1242 4804; x_wconf 66' lang='lat' dir='ltr'><strong><em>malitiae</em></strong></span> <span class='ocrx_word' id='word_1_756' title='bbox 1280 4752 1498 4806; x_wconf 90' lang='lat' dir='ltr'><strong><em>vasculo</em></strong></span> <span class='ocrx_word' id='word_1_757' title='bbox 1533 4752 1727 4805; x_wconf 90' lang='lat' dir='ltr'><strong><em>inesse.</em></strong></span> <span class='ocrx_word' id='word_1_758' title='bbox 1759 4770 1777 4802; x_wconf 73' lang='grc' dir='ltr'><strong><em>ι</em></strong></span> <span class='ocrx_word' id='word_1_759' title='bbox 1807 4751 1860 4803; x_wconf 91' lang='lat' dir='ltr'><strong><em>ln</em></strong></span> <span class='ocrx_word' id='word_1_760' title='bbox 1891 4751 2050 4805; x_wconf 76' lang='lat' dir='ltr'><strong><em>editis</em></strong></span> 
     </span>
    </p>
   </div>
   <div class='ocr_carea' id='block_1_140' title="bbox 475 4819 2043 4888">
    <p class='ocr_par' dir='ltr' id='par_1_140' title="bbox 475 4819 2043 4888">
     <span class='ocr_line' id='line_1_141' title="bbox 475 4819 2043 4888; baseline -0.001 -14"><span class='ocrx_word' id='word_1_761' title='bbox 475 4819 648 4878; x_wconf 88' lang='lat' dir='ltr'><strong><em>deest.</em></strong></span> <span class='ocrx_word' id='word_1_762' title='bbox 681 4839 700 4872; x_wconf 86' lang='grc'><strong><em>‹</em></strong></span> <span class='ocrx_word' id='word_1_763' title='bbox 737 4822 982 4883; x_wconf 80' lang='lat' dir='ltr'><strong><em>malitiae,</em></strong></span> <span class='ocrx_word' id='word_1_764' title='bbox 1020 4838 1038 4871; x_wconf 75' lang='grc' dir='ltr'><strong><em>ι</em></strong></span> <span class='ocrx_word' id='word_1_765' title='bbox 1069 4831 1120 4873; x_wconf 87' lang='grc' dir='ltr'><strong><em>ει</em></strong></span> <span class='ocrx_word' id='word_1_766' title='bbox 1151 4835 1246 4888; x_wconf 89' lang='lat' dir='ltr'><strong><em>pro</em></strong></span> <span class='ocrx_word' id='word_1_767' title='bbox 1278 4838 1297 4870; x_wconf 84' lang='grc'><strong>(</strong></span> <span class='ocrx_word' id='word_1_768' title='bbox 1332 4821 1510 4874; x_wconf 86' lang='lat' dir='ltr'><strong><em>inesse</em></strong></span> <span class='ocrx_word' id='word_1_769' title='bbox 1546 4839 1563 4870; x_wconf 74' lang='grc' dir='ltr'><strong><em>ι</em></strong></span> <span class='ocrx_word' id='word_1_770' title='bbox 1597 4820 1788 4888; x_wconf 84' lang='lat' dir='ltr'><strong><em>legitur</em></strong></span> <span class='ocrx_word' id='word_1_771' title='bbox 1815 4837 1832 4868; x_wconf 76' lang='grc' dir='ltr'><strong><em>ι</em></strong></span> <span class='ocrx_word' id='word_1_772' title='bbox 1863 4835 2000 4873; x_wconf 88' lang='lat' dir='ltr'><strong><em>esse.</em></strong></span> <span class='ocrx_word' id='word_1_773' title='bbox 2023 4839 2043 4872; x_wconf 74' lang='grc' dir='ltr'><strong><em>ι</em></strong></span> 
     </span>
    </p>
   </div>
   <div class='ocr_carea' id='block_1_141' title="bbox 547 4889 2043 4960">
    <p class='ocr_par' dir='ltr' id='par_1_141' title="bbox 547 4889 2043 4960">
     <span class='ocr_line' id='line_1_142' title="bbox 547 4889 2043 4960; baseline -0.001 -18"><span class='ocrx_word' id='word_1_774' title='bbox 547 4889 660 4960; x_wconf 81' lang='grc'>(44)</span> <span class='ocrx_word' id='word_1_775' title='bbox 715 4891 868 4955; x_wconf 82' lang='lat' dir='ltr'><strong><em>Quod</em></strong></span> <span class='ocrx_word' id='word_1_776' title='bbox 928 4906 1029 4943; x_wconf 88' lang='lat' dir='ltr'><strong><em>non</em></strong></span> <span class='ocrx_word' id='word_1_777' title='bbox 1077 4893 1246 4942; x_wconf 87' lang='lat' dir='ltr'><strong><em>solum</em></strong></span> <span class='ocrx_word' id='word_1_778' title='bbox 1304 4890 1360 4942; x_wconf 87' lang='lat' dir='ltr'><strong><em>in</em></strong></span> <span class='ocrx_word' id='word_1_779' title='bbox 1407 4889 1644 4943; x_wconf 88' lang='lat' dir='ltr'><strong><em>omnibus</em></strong></span> <span class='ocrx_word' id='word_1_780' title='bbox 1688 4904 1798 4960; x_wconf 82' lang='lat' dir='ltr'><strong><em>e_s_se</em></strong></span> <span class='ocrx_word' id='word_1_781' title='bbox 1845 4891 2043 4960; x_wconf 85' lang='lat' dir='ltr'><strong><em>dicitur</em></strong></span> 
     </span>
    </p>
   </div>
   <div class='ocr_carea' id='block_1_142' title="bbox 475 4956 2048 5023">
    <p class='ocr_par' dir='ltr' id='par_1_142' title="bbox 475 4956 2048 5023">
     <span class='ocr_line' id='line_1_143' title="bbox 475 4956 2048 5023; baseline 0 -11"><span class='ocrx_word' id='word_1_782' title='bbox 475 4956 650 5023; x_wconf 66' lang='lat' dir='ltr'><strong><em>Deus,</em></strong></span> <span class='ocrx_word' id='word_1_783' title='bbox 705 4961 796 5013; x_wconf 87' lang='lat' dir='ltr'><strong><em>sed</em></strong></span> <span class='ocrx_word' id='word_1_784' title='bbox 853 4961 1010 5013; x_wconf 90' lang='lat' dir='ltr'><strong><em>etiam</em></strong></span> <span class='ocrx_word' id='word_1_785' title='bbox 1067 4960 1241 5012; x_wconf 88' lang='lat' dir='ltr'><strong><em>omnia</em></strong></span> <span class='ocrx_word' id='word_1_786' title='bbox 1297 4960 1352 5012; x_wconf 89' lang='lat' dir='ltr'><strong><em>in</em></strong></span> <span class='ocrx_word' id='word_1_787' title='bbox 1394 4960 1652 5012; x_wconf 88' lang='lat' dir='ltr'><strong><em>onmibus.</em></strong></span> <span class='ocrx_word' id='word_1_788' title='bbox 1701 4957 1826 5012; x_wconf 67' lang='lat' dir='ltr'><strong><em>Haec</em></strong></span> <span class='ocrx_word' id='word_1_789' title='bbox 1855 4959 2048 5012; x_wconf 83' lang='lat' dir='ltr'><strong><em>desunt</em></strong></span> 
     </span>
    </p>
   </div>
   <div class='ocr_carea' id='block_1_143' title="bbox 475 5027 2047 5094">
    <p class='ocr_par' dir='ltr' id='par_1_143' title="bbox 475 5027 2047 5094">
     <span class='ocr_line' id='line_1_144' title="bbox 475 5027 2047 5094; baseline -0.001 -10"><span class='ocrx_word' id='word_1_790' title='bbox 475 5031 530 5084; x_wconf 90' lang='lat' dir='ltr'><strong><em>in</em></strong></span> <span class='ocrx_word' id='word_1_791' title='bbox 561 5038 718 5085; x_wconf 81' lang='lat' dir='ltr'><strong><em>antea</em></strong></span> <span class='ocrx_word' id='word_1_792' title='bbox 772 5028 951 5094; x_wconf 90' lang='lat' dir='ltr'><strong><em>editis,</em></strong></span> <span class='ocrx_word' id='word_1_793' title='bbox 1005 5030 1100 5083; x_wconf 85' lang='lat' dir='ltr'><strong><em>sed</em></strong></span> <span class='ocrx_word' id='word_1_794' title='bbox 1148 5029 1200 5083; x_wconf 89' lang='lat' dir='ltr'><strong><em>in</em></strong></span> <span class='ocrx_word' id='word_1_795' title='bbox 1235 5029 1487 5084; x_wconf 86' lang='lat' dir='ltr'><strong><em>omnibus</em></strong></span> <span class='ocrx_word' id='word_1_796' title='bbox 1538 5027 1806 5083; x_wconf 89' lang='lat' dir='ltr'><strong><em>habentur</em></strong></span> <span class='ocrx_word' id='word_1_797' title='bbox 1848 5028 2047 5082; x_wconf 86' lang='lat' dir='ltr'><strong><em>nostris</em></strong></span> 
     </span>
    </p>
   </div>
   <div class='ocr_carea' id='block_1_144' title="bbox 476 5113 608 5153">
    <p class='ocr_par' dir='ltr' id='par_1_144' title="bbox 476 5113 608 5153">
     <span class='ocr_line' id='line_1_145' title="bbox 476 5113 608 5153; baseline -0.03 0"><span class='ocrx_word' id='word_1_798' title='bbox 476 5113 608 5153; x_wconf 83' lang='lat' dir='ltr'><strong><em>IllSS.</em></strong></span> 
     </span>
    </p>
   </div>
   <div class='ocr_carea' id='block_1_145' title="bbox 548 5165 2045 5239">
    <p class='ocr_par' dir='ltr' id='par_1_145' title="bbox 548 5165 2045 5239">
     <span class='ocr_line' id='line_1_146' title="bbox 548 5165 2045 5239; baseline -0.003 -16"><span class='ocrx_word' id='word_1_799' title='bbox 548 5165 661 5239; x_wconf 71' lang='grc'>(45)</span> <span class='ocrx_word' id='word_1_800' title='bbox 697 5166 763 5239; x_wconf 79' lang='lat' dir='ltr'><strong><em>Et</em></strong></span> <span class='ocrx_word' id='word_1_801' title='bbox 790 5182 892 5239; x_wconf 85' lang='lat' dir='ltr'><strong><em>non</em></strong></span> <span class='ocrx_word' id='word_1_802' title='bbox 923 5167 978 5219; x_wconf 90' lang='lat' dir='ltr'><strong><em>in</em></strong></span> <span class='ocrx_word' id='word_1_803' title='bbox 1010 5168 1190 5239; x_wconf 82' lang='lat' dir='ltr'><strong><em>paucis</em></strong></span> <span class='ocrx_word' id='word_1_804' title='bbox 1231 5166 1494 5239; x_wconf 75' lang='lat' dir='ltr'><strong><em>aliquibus</em></strong></span> <span class='ocrx_word' id='word_1_805' title='bbox 1533 5167 1608 5220; x_wconf 86' lang='lat' dir='ltr'><strong><em>vel</em></strong></span> <span class='ocrx_word' id='word_1_806' title='bbox 1644 5166 1920 5239; x_wconf 82' lang='lat' dir='ltr'><strong><em>pluribus,</em></strong></span> <span class='ocrx_word' id='word_1_807' title='bbox 1955 5169 2045 5219; x_wconf 88' lang='lat' dir='ltr'><strong><em>sed</em></strong></span> 
     </span>
    </p>
   </div>
   <div class='ocr_carea' id='block_1_146' title="bbox 473 5236 2044 5305">
    <p class='ocr_par' dir='ltr' id='par_1_146' title="bbox 473 5236 2044 5305">
     <span class='ocr_line' id='line_1_147' title="bbox 473 5236 2044 5305; baseline -0.001 -13"><span class='ocrx_word' id='word_1_808' title='bbox 473 5239 529 5292; x_wconf 90' lang='lat' dir='ltr'><strong><em>in</em></strong></span> <span class='ocrx_word' id='word_1_809' title='bbox 559 5236 814 5291; x_wconf 83' lang='lat' dir='ltr'><strong><em>omnibus</em></strong></span> <span class='ocrx_word' id='word_1_810' title='bbox 847 5237 954 5302; x_wconf 91' lang='lat' dir='ltr'><strong><em>ipse</em></strong></span> <span class='ocrx_word' id='word_1_811' title='bbox 997 5237 1064 5288; x_wconf 86' lang='lat' dir='ltr'><strong><em>sit</em></strong></span> <span class='ocrx_word' id='word_1_812' title='bbox 1111 5236 1326 5290; x_wconf 66' lang='lat' dir='ltr'><strong><em>omnim</em></strong></span> <span class='ocrx_word' id='word_1_813' title='bbox 1356 5236 1481 5290; x_wconf 54' lang='lat' dir='ltr'><strong><em>Haec</em></strong></span> <span class='ocrx_word' id='word_1_814' title='bbox 1513 5250 1729 5305; x_wconf 86' lang='lat' dir='ltr'><strong><em>quoque</em></strong></span> <span class='ocrx_word' id='word_1_815' title='bbox 1779 5236 1829 5288; x_wconf 87' lang='lat' dir='ltr'><strong><em>in</em></strong></span> <span class='ocrx_word' id='word_1_816' title='bbox 1884 5247 2044 5291; x_wconf 88' lang='lat' dir='ltr'><strong><em>antea</em></strong></span> 
     </span>
    </p>
   </div>
   <div class='ocr_carea' id='block_1_147' title="bbox 473 5306 1905 5374">
    <p class='ocr_par' dir='ltr' id='par_1_147' title="bbox 473 5306 1905 5374">
     <span class='ocr_line' id='line_1_148' title="bbox 473 5306 1905 5374; baseline -0.003 -11"><span class='ocrx_word' id='word_1_817' title='bbox 473 5308 635 5363; x_wconf 83' lang='lat' dir='ltr'><strong><em>editis</em></strong></span> <span class='ocrx_word' id='word_1_818' title='bbox 668 5307 1047 5360; x_wconf 87' lang='lat' dir='ltr'><strong><em>desiderantur</em></strong></span> <span class='ocrx_word' id='word_1_819' title='bbox 1073 5319 1192 5374; x_wconf 66' lang='lat' dir='ltr'><strong><em>qua:</em></strong></span> <span class='ocrx_word' id='word_1_820' title='bbox 1223 5306 1392 5361; x_wconf 91' lang='lat' dir='ltr'><strong><em>nostri</em></strong></span> <span class='ocrx_word' id='word_1_821' title='bbox 1431 5320 1561 5360; x_wconf 89' lang='lat' dir='ltr'><strong><em>mss.</em></strong></span> <span class='ocrx_word' id='word_1_822' title='bbox 1591 5307 1905 5360; x_wconf 84' lang='lat' dir='ltr'><strong><em>restituunt.</em></strong></span> 
     </span>
    </p>
   </div>
   <div class='ocr_carea' id='block_1_148' title="bbox 569 5375 1020 5442">
    <p class='ocr_par' dir='ltr' id='par_1_148' title="bbox 569 5375 1020 5442">
     <span class='ocr_line' id='line_1_149' title="bbox 569 5375 1020 5442; baseline -0.004 -12"><span class='ocrx_word' id='word_1_823' title='bbox 569 5375 658 5442; x_wconf 87' lang='grc'>46)</span> <span class='ocrx_word' id='word_1_824' title='bbox 689 5376 857 5430; x_wconf 90' lang='lat' dir='ltr'><strong><em>Caute</em></strong></span> <span class='ocrx_word' id='word_1_825' title='bbox 881 5375 1020 5442; x_wconf 78' lang='lat' dir='ltr'><strong><em>lege.</em></strong></span> 
     </span>
    </p>
   </div>
   <div class='ocr_carea' id='block_1_149' title="bbox 571 5443 2044 5513">
    <p class='ocr_par' dir='ltr' id='par_1_149' title="bbox 571 5443 2044 5513">
     <span class='ocr_line' id='line_1_150' title="bbox 571 5443 2044 5513; baseline 0 -14"><span class='ocrx_word' id='word_1_826' title='bbox 571 5443 659 5513; x_wconf 83' lang='grc'>47)</span> <span class='ocrx_word' id='word_1_827' title='bbox 709 5444 896 5499; x_wconf 84' lang='lat' dir='ltr'><strong><em>Verum</em></strong></span> <span class='ocrx_word' id='word_1_828' title='bbox 933 5445 1091 5498; x_wconf 89' lang='lat' dir='ltr'><strong><em>istam</em></strong></span> <span class='ocrx_word' id='word_1_829' title='bbox 1129 5443 1522 5513; x_wconf 76' lang='lat' dir='ltr'><strong><em>perfectionem,</em></strong></span> <span class='ocrx_word' id='word_1_830' title='bbox 1561 5453 1667 5498; x_wconf 87' lang='lat' dir='ltr'><strong><em>etc.</em></strong></span> <span class='ocrx_word' id='word_1_831' title='bbox 1703 5445 1827 5499; x_wconf 86' lang='lat' dir='ltr'><strong><em>Mihi</em></strong></span> <span class='ocrx_word' id='word_1_832' title='bbox 1887 5445 2044 5499; x_wconf 88' lang='lat' dir='ltr'><strong><em>valde</em></strong></span> 
     </span>
    </p>
   </div>
   <div class='ocr_carea' id='block_1_150' title="bbox 474 5514 2040 5584">
    <p class='ocr_par' dir='ltr' id='par_1_150' title="bbox 474 5514 2040 5584">
     <span class='ocr_line' id='line_1_151' title="bbox 474 5514 2040 5584; baseline -0.001 -14"><span class='ocrx_word' id='word_1_833' title='bbox 474 5514 578 5570; x_wconf 81' lang='lat' dir='ltr'><strong><em>hoc</em></strong></span> <span class='ocrx_word' id='word_1_834' title='bbox 607 5514 724 5569; x_wconf 74' lang='lat' dir='ltr'><strong><em>luco</em></strong></span> <span class='ocrx_word' id='word_1_835' title='bbox 757 5515 932 5569; x_wconf 90' lang='lat' dir='ltr'><strong><em>adhuc</em></strong></span> <span class='ocrx_word' id='word_1_836' title='bbox 961 5527 1212 5583; x_wconf 88' lang='lat' dir='ltr'><strong><em>suspecta</em></strong></span> <span class='ocrx_word' id='word_1_837' title='bbox 1235 5525 1318 5570; x_wconf 88' lang='lat' dir='ltr'><strong><em>est</em></strong></span> <span class='ocrx_word' id='word_1_838' title='bbox 1344 5515 1650 5584; x_wconf 88' lang='lat' dir='ltr'><strong><em>interpretis</em></strong></span> <span class='ocrx_word' id='word_1_839' title='bbox 1679 5514 1857 5569; x_wconf 72' lang='lat' dir='ltr'><strong><em>[inlini</em></strong></span> <span class='ocrx_word' id='word_1_840' title='bbox 1889 5517 2040 5569; x_wconf 88' lang='lat' dir='ltr'><strong><em>lldes.</em></strong></span> 
     </span>
    </p>
   </div>
   <div class='ocr_carea' id='block_1_151' title="bbox 476 5583 2042 5654">
    <p class='ocr_par' dir='ltr' id='par_1_151' title="bbox 476 5583 2042 5654">
     <span class='ocr_line' id='line_1_152' title="bbox 476 5583 2042 5654; baseline -0.002 -15"><span class='ocrx_word' id='word_1_841' title='bbox 476 5585 859 5653; x_wconf 77' lang='lat' dir='ltr'><strong><em>Pervolgatum</em></strong></span> <span class='ocrx_word' id='word_1_842' title='bbox 891 5584 1089 5653; x_wconf 87' lang='lat' dir='ltr'><strong><em>quippe</em></strong></span> <span class='ocrx_word' id='word_1_843' title='bbox 1124 5583 1372 5654; x_wconf 83' lang='lat' dir='ltr'><strong><em>Origenis</em></strong></span> <span class='ocrx_word' id='word_1_844' title='bbox 1414 5587 1602 5652; x_wconf 84' lang='lat' dir='ltr'><strong><em>dogma</em></strong></span> <span class='ocrx_word' id='word_1_845' title='bbox 1653 5584 1730 5654; x_wconf 12' lang='lat' dir='ltr'><strong><em>de,</em></strong></span> <span class='ocrx_word' id='word_1_846' title='bbox 1761 5585 2042 5638; x_wconf 83' lang='lat' dir='ltr'><strong><em>beatarum</em></strong></span> 
     </span>
    </p>
   </div>
   <div class='ocr_carea' id='block_1_152' title="bbox 480 5653 2044 5723">
    <p class='ocr_par' dir='ltr' id='par_1_152' title="bbox 480 5653 2044 5723">
     <span class='ocr_line' id='line_1_153' title="bbox 480 5653 2044 5723; baseline 0 -17"><span class='ocrx_word' id='word_1_847' title='bbox 480 5656 784 5723; x_wconf 53' lang='lat' dir='ltr'><strong><em>ultimarum</em></strong></span> <span class='ocrx_word' id='word_1_848' title='bbox 809 5655 1047 5723; x_wconf 83' lang='lat' dir='ltr'><strong><em>peccatis</em></strong></span> <span class='ocrx_word' id='word_1_849' title='bbox 1078 5663 1133 5709; x_wconf 91' lang='lat' dir='ltr'><strong><em>et</em></strong></span> <span class='ocrx_word' id='word_1_850' title='bbox 1162 5653 1420 5722; x_wconf 86' lang='lat' dir='ltr'><strong><em>lapsibus,</em></strong></span> <span class='ocrx_word' id='word_1_851' title='bbox 1466 5656 1517 5706; x_wconf 90' lang='lat' dir='ltr'><strong><em>in</em></strong></span> <span class='ocrx_word' id='word_1_852' title='bbox 1554 5655 1690 5707; x_wconf 87' lang='lat' dir='ltr'><strong><em>alios</em></strong></span> <span class='ocrx_word' id='word_1_853' title='bbox 1720 5653 2044 5723; x_wconf 83' lang='lat' dir='ltr'><strong><em>interpreta-</em></strong></span> 
     </span>
    </p>
   </div>
   <div class='ocr_carea' id='block_1_153' title="bbox 484 5721 2040 5794">
    <p class='ocr_par' dir='ltr' id='par_1_153' title="bbox 484 5721 2040 5794">
     <span class='ocr_line' id='line_1_154' title="bbox 484 5721 2040 5794; baseline 0.004 -22"><span class='ocrx_word' id='word_1_854' title='bbox 484 5721 630 5777; x_wconf 84' lang='lat' dir='ltr'><strong><em>tione</em></strong></span> <span class='ocrx_word' id='word_1_855' title='bbox 665 5737 762 5778; x_wconf 87' lang='lat' dir='ltr'><strong><em>sua</em></strong></span> <span class='ocrx_word' id='word_1_856' title='bbox 790 5721 1066 5780; x_wconf 82' lang='lat' dir='ltr'><strong><em>transfert.</em></strong></span> <span class='ocrx_word' id='word_1_857' title='bbox 1102 5721 1412 5792; x_wconf 80' lang='lat' dir='ltr'><strong><em>Quinetiam</em></strong></span> <span class='ocrx_word' id='word_1_858' title='bbox 1445 5724 1587 5794; x_wconf 89' lang='lat' dir='ltr'><strong><em>quod</em></strong></span> <span class='ocrx_word' id='word_1_859' title='bbox 1617 5724 1739 5780; x_wconf 86' lang='lat' dir='ltr'><strong><em>aliis</em></strong></span> <span class='ocrx_word' id='word_1_860' title='bbox 1765 5721 2040 5781; x_wconf 77' lang='lat' dir='ltr'><strong><em>ascribed-</em></strong></span> 
     </span>
    </p>
   </div>
   <div class='ocr_carea' id='block_1_154' title="bbox 2153 4543 3718 4609">
    <p class='ocr_par' dir='ltr' id='par_1_154' title="bbox 2153 4543 3718 4609">
     <span class='ocr_line' id='line_1_155' title="bbox 2153 4543 3718 4609; baseline -0.001 -13"><span class='ocrx_word' id='word_1_861' title='bbox 2153 4543 2429 4597; x_wconf 87' lang='lat' dir='ltr'><strong><em>Creatoris</em></strong></span> <span class='ocrx_word' id='word_1_862' title='bbox 2458 4544 2732 4598; x_wconf 88' lang='lat' dir='ltr'><strong><em>voluntate</em></strong></span> <span class='ocrx_word' id='word_1_863' title='bbox 2771 4553 2851 4596; x_wconf 82' lang='lat' dir='ltr'><strong><em>est</em></strong></span> <span class='ocrx_word' id='word_1_864' title='bbox 2881 4545 3232 4604; x_wconf 86' lang='lat' dir='ltr'><strong><em>credendum,</em></strong></span> <span class='ocrx_word' id='word_1_865' title='bbox 3270 4561 3287 4593; x_wconf 73' lang='grc' dir='ltr'><strong><em>ι</em></strong></span> <span class='ocrx_word' id='word_1_866' title='bbox 3323 4552 3429 4595; x_wconf 90' lang='lat' dir='ltr'><strong><em>etc.</em></strong></span> <span class='ocrx_word' id='word_1_867' title='bbox 3460 4543 3718 4609; x_wconf 81' lang='lat' dir='ltr'><strong><em>Suspicor</em></strong></span> 
     </span>
    </p>
   </div>
   <div class='ocr_carea' id='block_1_155' title="bbox 2153 4611 3719 4680">
    <p class='ocr_par' dir='ltr' id='par_1_155' title="bbox 2153 4611 3719 4680">
     <span class='ocr_line' id='line_1_156' title="bbox 2153 4611 3719 4680; baseline 0.002 -17"><span class='ocrx_word' id='word_1_868' title='bbox 2153 4612 2335 4680; x_wconf 90' lang='lat' dir='ltr'><strong><em>itaque</em></strong></span> <span class='ocrx_word' id='word_1_869' title='bbox 2383 4612 2498 4666; x_wconf 64' lang='lat' dir='ltr'><strong><em>hinc</em></strong></span> <span class='ocrx_word' id='word_1_870' title='bbox 2539 4615 2719 4666; x_wconf 87' lang='lat' dir='ltr'><strong><em>omnia</em></strong></span> <span class='ocrx_word' id='word_1_871' title='bbox 2764 4614 2828 4666; x_wconf 90' lang='lat' dir='ltr'><strong><em>de</em></strong></span> <span class='ocrx_word' id='word_1_872' title='bbox 2877 4628 2974 4667; x_wconf 89' lang='lat' dir='ltr'><strong><em>suo</em></strong></span> <span class='ocrx_word' id='word_1_873' title='bbox 3031 4611 3282 4668; x_wconf 81' lang='lat' dir='ltr'><strong><em>Ruﬁnum</em></strong></span> <span class='ocrx_word' id='word_1_874' title='bbox 3324 4612 3620 4665; x_wconf 81' lang='lat' dir='ltr'><strong><em>attexuisse</em></strong></span> <span class='ocrx_word' id='word_1_875' title='bbox 3663 4626 3719 4666; x_wconf 86' lang='lat' dir='ltr'><strong><em>et</em></strong></span> 
     </span>
    </p>
   </div>
   <div class='ocr_carea' id='block_1_156' title="bbox 2151 4681 3712 4751">
    <p class='ocr_par' dir='ltr' id='par_1_156' title="bbox 2151 4681 3712 4751">
     <span class='ocr_line' id='line_1_157' title="bbox 2151 4681 3712 4751; baseline 0.001 -18"><span class='ocrx_word' id='word_1_876' title='bbox 2151 4694 2250 4748; x_wconf 87' lang='lat' dir='ltr'><strong><em>pro</em></strong></span> <span class='ocrx_word' id='word_1_877' title='bbox 2283 4682 2350 4735; x_wconf 90' lang='lat' dir='ltr'><strong><em>iis</em></strong></span> <span class='ocrx_word' id='word_1_878' title='bbox 2377 4682 2684 4736; x_wconf 88' lang='lat' dir='ltr'><strong><em>obtrudisse</em></strong></span> <span class='ocrx_word' id='word_1_879' title='bbox 2716 4697 2834 4749; x_wconf 65' lang='lat' dir='ltr'><strong><em>qua:</em></strong></span> <span class='ocrx_word' id='word_1_880' title='bbox 2882 4684 3037 4737; x_wconf 87' lang='lat' dir='ltr'><strong><em>initio</em></strong></span> <span class='ocrx_word' id='word_1_881' title='bbox 3066 4683 3226 4751; x_wconf 88' lang='lat' dir='ltr'><strong><em>hujus</em></strong></span> <span class='ocrx_word' id='word_1_882' title='bbox 3256 4681 3450 4748; x_wconf 88' lang='lat' dir='ltr'><strong><em>capitis</em></strong></span> <span class='ocrx_word' id='word_1_883' title='bbox 3479 4697 3625 4734; x_wconf 88' lang='lat' dir='ltr'><strong><em>num.</em></strong></span> <span class='ocrx_word' id='word_1_884' title='bbox 3661 4683 3712 4746; x_wconf 79' lang='grc'><strong><em>1,</em></strong></span> 
     </span>
    </p>
   </div>
   <div class='ocr_carea' id='block_1_157' title="bbox 2151 4751 3713 4821">
    <p class='ocr_par' dir='ltr' id='par_1_157' title="bbox 2151 4751 3713 4821">
     <span class='ocr_line' id='line_1_158' title="bbox 2151 4751 3713 4821; baseline 0 -18"><span class='ocrx_word' id='word_1_885' title='bbox 2151 4759 2205 4803; x_wconf 88' lang='grc' dir='ltr'><strong><em>ει</em></strong></span> <span class='ocrx_word' id='word_1_886' title='bbox 2241 4751 2328 4804; x_wconf 90' lang='lat' dir='ltr'><strong><em>hic</em></strong></span> <span class='ocrx_word' id='word_1_887' title='bbox 2360 4767 2424 4807; x_wconf 78' lang='lat' dir='ltr'><strong><em>ex</em></strong></span> <span class='ocrx_word' id='word_1_888' title='bbox 2460 4753 2682 4818; x_wconf 89' lang='lat' dir='ltr'><strong><em>epistola</em></strong></span> <span class='ocrx_word' id='word_1_889' title='bbox 2719 4753 3027 4821; x_wconf 81' lang='lat' dir='ltr'><strong><em>Hieronymi</em></strong></span> <span class='ocrx_word' id='word_1_890' title='bbox 3063 4754 3127 4804; x_wconf 88' lang='lat' dir='ltr'><strong><em>ad</em></strong></span> <span class='ocrx_word' id='word_1_891' title='bbox 3157 4751 3372 4804; x_wconf 83' lang='lat' dir='ltr'><strong><em>Avitum</em></strong></span> <span class='ocrx_word' id='word_1_892' title='bbox 3423 4765 3713 4819; x_wconf 69' lang='lat' dir='ltr'><strong><em>reprresen-</em></strong></span> 
     </span>
    </p>
   </div>
   <div class='ocr_carea' id='block_1_158' title="bbox 2154 4820 3707 4892">
    <p class='ocr_par' dir='ltr' id='par_1_158' title="bbox 2154 4820 3707 4892">
     <span class='ocr_line' id='line_1_159' title="bbox 2154 4820 3707 4892; baseline 0.002 -20"><span class='ocrx_word' id='word_1_893' title='bbox 2154 4821 2620 4892; x_wconf 21' lang='lat' dir='ltr'><strong><em>tanturxVidesis</em></strong></span> <span class='ocrx_word' id='word_1_894' title='bbox 2663 4822 2754 4876; x_wconf 84' lang='lat' dir='ltr'><strong><em>lib.</em></strong></span> <span class='ocrx_word' id='word_1_895' title='bbox 2794 4837 2829 4874; x_wconf 90' lang='lat' dir='ltr'><strong><em>tl</em></strong></span> <span class='ocrx_word' id='word_1_896' title='bbox 2880 4820 3208 4892; x_wconf 64' lang='lat' dir='ltr'><strong><em>0i‘lgGlliulL,</em></strong></span> <span class='ocrx_word' id='word_1_897' title='bbox 3243 4836 3297 4888; x_wconf 91' lang='lat' dir='ltr'><strong><em>q.</em></strong></span> <span class='ocrx_word' id='word_1_898' title='bbox 3333 4822 3419 4887; x_wconf 85' lang='grc' dir='ltr'><strong><em>-Η,</em></strong></span> <span class='ocrx_word' id='word_1_899' title='bbox 3465 4837 3613 4892; x_wconf 77' lang='lat' dir='ltr'><strong><em>nunt.</em></strong></span> <span class='ocrx_word' id='word_1_900' title='bbox 3655 4822 3707 4875; x_wconf 90' lang='lat'><strong><em>9.</em></strong></span> 
     </span>
    </p>
   </div>
   <div class='ocr_carea' id='block_1_159' title="bbox 2222 4889 3708 4961">
    <p class='ocr_par' dir='ltr' id='par_1_159' title="bbox 2222 4889 3708 4961">
     <span class='ocr_line' id='line_1_160' title="bbox 2222 4889 3708 4961; baseline 0.001 -19"><span class='ocrx_word' id='word_1_901' title='bbox 2222 4889 2330 4961; x_wconf 81' lang='grc'>(48)</span> <span class='ocrx_word' id='word_1_902' title='bbox 2358 4891 2450 4961; x_wconf 75' lang='lat' dir='ltr'><strong><em>Sic</em></strong></span> <span class='ocrx_word' id='word_1_903' title='bbox 2496 4907 2629 4945; x_wconf 90' lang='lat' dir='ltr'><strong><em>mss.</em></strong></span> <span class='ocrx_word' id='word_1_904' title='bbox 2661 4893 2803 4946; x_wconf 87' lang='lat' dir='ltr'><strong><em>Editi</em></strong></span> <span class='ocrx_word' id='word_1_905' title='bbox 2848 4889 3126 4957; x_wconf 78' lang='lat' dir='ltr'><strong><em>mendose,</em></strong></span> <span class='ocrx_word' id='word_1_906' title='bbox 3163 4909 3181 4940; x_wconf 70' lang='grc' dir='ltr'><strong><em>ι</em></strong></span> <span class='ocrx_word' id='word_1_907' title='bbox 3232 4891 3496 4960; x_wconf 83' lang='lat' dir='ltr'><strong><em>corporali</em></strong></span> <span class='ocrx_word' id='word_1_908' title='bbox 3523 4891 3708 4944; x_wconf 83' lang='lat' dir='ltr'><strong><em>admo-</em></strong></span> 
     </span>
    </p>
   </div>
   <div class='ocr_carea' id='block_1_160' title="bbox 2150 4960 3715 5030">
    <p class='ocr_par' dir='ltr' id='par_1_160' title="bbox 2150 4960 3715 5030">
     <span class='ocr_line' id='line_1_161' title="bbox 2150 4960 3715 5030; baseline -0.002 -17"><span class='ocrx_word' id='word_1_909' title='bbox 2150 4960 2347 5030; x_wconf 59' lang='lat' dir='ltr'><strong><em>vent.)</em></strong></span> <span class='ocrx_word' id='word_1_910' title='bbox 2393 4960 2560 5016; x_wconf 83' lang='lat' dir='ltr'><strong><em>Paulo</em></strong></span> <span class='ocrx_word' id='word_1_911' title='bbox 2600 4971 2718 5030; x_wconf 89' lang='lat' dir='ltr'><strong><em>post</em></strong></span> <span class='ocrx_word' id='word_1_912' title='bbox 2747 4977 2900 5024; x_wconf 88' lang='lat' dir='ltr'><strong><em>mss.,</em></strong></span> <span class='ocrx_word' id='word_1_913' title='bbox 2944 4980 2960 5011; x_wconf 80' lang='grc' dir='ltr'><strong><em>ι</em></strong></span> <span class='ocrx_word' id='word_1_914' title='bbox 2999 4962 3251 5030; x_wconf 87' lang='lat' dir='ltr'><strong><em>quoniam</em></strong></span> <span class='ocrx_word' id='word_1_915' title='bbox 3297 4961 3436 5028; x_wconf 88' lang='lat' dir='ltr'><strong><em>apud</em></strong></span> <span class='ocrx_word' id='word_1_916' title='bbox 3483 4963 3715 5028; x_wconf 84' lang='lat' dir='ltr'><strong><em>Aposto-</em></strong></span> 
     </span>
    </p>
   </div>
   <div class='ocr_carea' id='block_1_161' title="bbox 2151 5027 3712 5100">
    <p class='ocr_par' dir='ltr' id='par_1_161' title="bbox 2151 5027 3712 5100">
     <span class='ocr_line' id='line_1_162' title="bbox 2151 5027 3712 5100; baseline 0.003 -20"><span class='ocrx_word' id='word_1_917' title='bbox 2151 5027 2260 5100; x_wconf 81' lang='lat' dir='ltr'><strong><em>lum</em></strong></span> <span class='ocrx_word' id='word_1_918' title='bbox 2300 5027 2626 5084; x_wconf 84' lang='lat' dir='ltr'><strong><em>mentionem</em></strong></span> <span class='ocrx_word' id='word_1_919' title='bbox 2667 5031 2924 5098; x_wconf 86' lang='lat' dir='ltr'><strong><em>spiritalis</em></strong></span> <span class='ocrx_word' id='word_1_920' title='bbox 2965 5027 3204 5099; x_wconf 78' lang='lat' dir='ltr'><strong><em>corporis</em></strong></span> <span class='ocrx_word' id='word_1_921' title='bbox 3239 5027 3544 5084; x_wconf 87' lang='lat' dir='ltr'><strong><em>invenimus</em></strong></span> <span class='ocrx_word' id='word_1_922' title='bbox 3577 5045 3712 5100; x_wconf 83' lang='lat' dir='ltr'><strong><em>qua-</em></strong></span> 
     </span>
    </p>
   </div>
   <div class='ocr_carea' id='block_1_162' title="bbox 2149 5096 3712 5167">
    <p class='ocr_par' dir='ltr' id='par_1_162' title="bbox 2149 5096 3712 5167">
     <span class='ocr_line' id='line_1_163' title="bbox 2149 5096 3712 5167; baseline 0.001 -17"><span class='ocrx_word' id='word_1_923' title='bbox 2149 5096 2271 5167; x_wconf 87' lang='lat' dir='ltr'><strong><em>liter</em></strong></span> <span class='ocrx_word' id='word_1_924' title='bbox 2308 5101 2471 5153; x_wconf 88' lang='lat' dir='ltr'><strong><em>etiam</em></strong></span> <span class='ocrx_word' id='word_1_925' title='bbox 2501 5100 2625 5153; x_wconf 89' lang='lat' dir='ltr'><strong><em>inde</em></strong></span> <span class='ocrx_word' id='word_1_926' title='bbox 2650 5096 2862 5157; x_wconf 71' lang='lat' dir='ltr'><strong><em>séntiri.</em></strong></span> <span class='ocrx_word' id='word_1_927' title='bbox 2907 5119 2922 5151; x_wconf 75' lang='grc' dir='ltr'><strong><em>ι</em></strong></span> <span class='ocrx_word' id='word_1_928' title='bbox 2959 5096 3122 5166; x_wconf 75' lang='lat' dir='ltr'><strong><em>Editi,</em></strong></span> <span class='ocrx_word' id='word_1_929' title='bbox 3155 5119 3172 5151; x_wconf 77' lang='grc' dir='ltr'><strong><em>ι</em></strong></span> <span class='ocrx_word' id='word_1_930' title='bbox 3209 5101 3460 5167; x_wconf 77' lang='lat' dir='ltr'><strong><em>quoniam</em></strong></span> <span class='ocrx_word' id='word_1_931' title='bbox 3500 5096 3712 5166; x_wconf 42' lang='lat' dir='ltr'><strong><em>apo-sto-</em></strong></span> 
     </span>
    </p>
   </div>
   <div class='ocr_carea' id='block_1_163' title="bbox 2148 5166 3704 5240">
    <p class='ocr_par' dir='ltr' id='par_1_163' title="bbox 2148 5166 3704 5240">
     <span class='ocr_line' id='line_1_164' title="bbox 2148 5166 3704 5240; baseline 0.003 -21"><span class='ocrx_word' id='word_1_932' title='bbox 2148 5166 2268 5240; x_wconf 79' lang='lat' dir='ltr'><strong><em>lunt</em></strong></span> <span class='ocrx_word' id='word_1_933' title='bbox 2282 5168 2502 5240; x_wconf 80' lang='lat' dir='ltr'><strong><em>Paulum</em></strong></span> <span class='ocrx_word' id='word_1_934' title='bbox 2532 5170 2856 5240; x_wconf 84' lang='lat' dir='ltr'><strong><em>mentionem</em></strong></span> <span class='ocrx_word' id='word_1_935' title='bbox 2879 5171 3136 5240; x_wconf 83' lang='lat' dir='ltr'><strong><em>spiritalis</em></strong></span> <span class='ocrx_word' id='word_1_936' title='bbox 3154 5166 3343 5240; x_wconf 74' lang='lat' dir='ltr'><strong><em>fecisse</em></strong></span> <span class='ocrx_word' id='word_1_937' title='bbox 3369 5171 3704 5240; x_wconf 81' lang='lat' dir='ltr'><strong><em>invenimus;</em></strong></span> 
     </span>
    </p>
   </div>
   <div class='ocr_carea' id='block_1_164' title="bbox 2148 5237 3710 5305">
    <p class='ocr_par' dir='ltr' id='par_1_164' title="bbox 2148 5237 3710 5305">
     <span class='ocr_line' id='line_1_165' title="bbox 2148 5237 3710 5305; baseline 0.003 -16"><span class='ocrx_word' id='word_1_938' title='bbox 2148 5237 2383 5305; x_wconf 90' lang='lat' dir='ltr'><strong><em>qualiter</em></strong></span> <span class='ocrx_word' id='word_1_939' title='bbox 2431 5239 2592 5292; x_wconf 88' lang='lat' dir='ltr'><strong><em>etiam</em></strong></span> <span class='ocrx_word' id='word_1_940' title='bbox 2643 5239 2773 5290; x_wconf 87' lang='lat' dir='ltr'><strong><em>mihi</em></strong></span> <span class='ocrx_word' id='word_1_941' title='bbox 2822 5237 3035 5292; x_wconf 81' lang='lat' dir='ltr'><strong><em>sentiri.</em></strong></span> <span class='ocrx_word' id='word_1_942' title='bbox 3092 5259 3110 5292; x_wconf 74' lang='grc' dir='ltr'><strong><em>ι</em></strong></span> <span class='ocrx_word' id='word_1_943' title='bbox 3165 5239 3332 5294; x_wconf 86' lang='lat' dir='ltr'><strong><em>Paulo</em></strong></span> <span class='ocrx_word' id='word_1_944' title='bbox 3383 5239 3519 5292; x_wconf 81' lang='lat' dir='ltr'><strong><em>infra</em></strong></span> <span class='ocrx_word' id='word_1_945' title='bbox 3555 5255 3710 5303; x_wconf 88' lang='lat' dir='ltr'><strong><em>mss.,</em></strong></span> 
     </span>
    </p>
   </div>
   <div class='ocr_carea' id='block_1_165' title="bbox 2153 5308 3708 5376">
    <p class='ocr_par' dir='ltr' id='par_1_165' title="bbox 2153 5308 3708 5376">
     <span class='ocr_line' id='line_1_166' title="bbox 2153 5308 3708 5376; baseline 0.003 -20"><span class='ocrx_word' id='word_1_946' title='bbox 2153 5323 2172 5356; x_wconf 73' lang='grc' dir='ltr'><strong><em>ι</em></strong></span> <span class='ocrx_word' id='word_1_947' title='bbox 2215 5308 2372 5361; x_wconf 86' lang='lat' dir='ltr'><strong><em>talem</em></strong></span> <span class='ocrx_word' id='word_1_948' title='bbox 2417 5309 2702 5376; x_wconf 87' lang='lat' dir='ltr'><strong><em>quamdam</em></strong></span> <span class='ocrx_word' id='word_1_949' title='bbox 2747 5323 2865 5362; x_wconf 89' lang='lat' dir='ltr'><strong><em>esse</em></strong></span> <span class='ocrx_word' id='word_1_950' title='bbox 2891 5309 3174 5364; x_wconf 84' lang='lat' dir='ltr'><strong><em>sentimus.</em></strong></span> <span class='ocrx_word' id='word_1_951' title='bbox 3218 5327 3237 5361; x_wconf 73' lang='grc' dir='ltr'><strong><em>ι</em></strong></span> <span class='ocrx_word' id='word_1_952' title='bbox 3278 5309 3438 5374; x_wconf 79' lang='lat' dir='ltr'><strong><em>Editi,</em></strong></span> <span class='ocrx_word' id='word_1_953' title='bbox 3481 5326 3502 5359; x_wconf 86' lang='grc'><em>‹</em></span> <span class='ocrx_word' id='word_1_954' title='bbox 3543 5309 3708 5362; x_wconf 90' lang='lat' dir='ltr'><strong><em>talem</em></strong></span> 
     </span>
    </p>
   </div>
   <div class='ocr_carea' id='block_1_166' title="bbox 2145 5376 3707 5444">
    <p class='ocr_par' dir='ltr' id='par_1_166' title="bbox 2145 5376 3707 5444">
     <span class='ocr_line' id='line_1_167' title="bbox 2145 5376 3707 5444; baseline 0.002 -15"><span class='ocrx_word' id='word_1_955' title='bbox 2145 5376 2362 5444; x_wconf 88' lang='lat' dir='ltr'><strong><em>quidem</em></strong></span> <span class='ocrx_word' id='word_1_956' title='bbox 2393 5393 2516 5431; x_wconf 85' lang='lat' dir='ltr'><strong><em>esse</em></strong></span> <span class='ocrx_word' id='word_1_957' title='bbox 2547 5379 2829 5431; x_wconf 90' lang='lat' dir='ltr'><strong><em>sentimus.</em></strong></span> <span class='ocrx_word' id='word_1_958' title='bbox 2871 5397 2888 5429; x_wconf 78' lang='grc' dir='ltr'><strong><em>ι</em></strong></span> <span class='ocrx_word' id='word_1_959' title='bbox 2927 5378 3045 5432; x_wconf 84' lang='lat' dir='ltr'><strong><em>Mox</em></strong></span> <span class='ocrx_word' id='word_1_960' title='bbox 3087 5394 3240 5443; x_wconf 86' lang='lat' dir='ltr'><strong><em>mss.,</em></strong></span> <span class='ocrx_word' id='word_1_961' title='bbox 3274 5397 3294 5430; x_wconf 75' lang='grc' dir='ltr'><strong><em>ι</em></strong></span> <span class='ocrx_word' id='word_1_962' title='bbox 3333 5393 3516 5430; x_wconf 86' lang='lat' dir='ltr'><strong><em>verum</em></strong></span> <span class='ocrx_word' id='word_1_963' title='bbox 3543 5379 3707 5432; x_wconf 88' lang='lat' dir='ltr'><strong><em>etiam</em></strong></span> 
     </span>
    </p>
   </div>
   <div class='ocr_carea' id='block_1_167' title="bbox 2145 5448 3709 5503">
    <p class='ocr_par' dir='ltr' id='par_1_167' title="bbox 2145 5448 3709 5503">
     <span class='ocr_line' id='line_1_168' title="bbox 2145 5448 3709 5503; baseline 0 -4"><span class='ocrx_word' id='word_1_964' title='bbox 2145 5460 2360 5500; x_wconf 89' lang='lat' dir='ltr'><strong><em>omnem</em></strong></span> <span class='ocrx_word' id='word_1_965' title='bbox 2413 5448 2561 5500; x_wconf 90' lang='lat' dir='ltr'><strong><em>illam</em></strong></span> <span class='ocrx_word' id='word_1_966' title='bbox 2609 5455 2936 5501; x_wconf 86' lang='lat' dir='ltr'><strong><em>creaturam.</em></strong></span> <span class='ocrx_word' id='word_1_967' title='bbox 2982 5450 3084 5502; x_wconf 80' lang='grc' dir='ltr'><strong><em>»1η</em></strong></span> <span class='ocrx_word' id='word_1_968' title='bbox 3132 5449 3292 5503; x_wconf 89' lang='lat' dir='ltr'><strong><em>editis</em></strong></span> <span class='ocrx_word' id='word_1_969' title='bbox 3347 5449 3496 5501; x_wconf 89' lang='lat' dir='ltr'><strong><em>deest</em></strong></span> <span class='ocrx_word' id='word_1_970' title='bbox 3534 5465 3554 5499; x_wconf 85' lang='grc'><strong>‹</strong></span> <span class='ocrx_word' id='word_1_971' title='bbox 3591 5463 3709 5501; x_wconf 85' lang='lat' dir='ltr'><strong><em>om-</em></strong></span> 
     </span>
    </p>
   </div>
   <div class='ocr_carea' id='block_1_168' title="bbox 2147 5517 3709 5587">
    <p class='ocr_par' dir='ltr' id='par_1_168' title="bbox 2147 5517 3709 5587">
     <span class='ocr_line' id='line_1_169' title="bbox 2147 5517 3709 5587; baseline 0.002 -20"><span class='ocrx_word' id='word_1_972' title='bbox 2147 5531 2286 5587; x_wconf 84' lang='lat' dir='ltr'><strong><em>nem.</em></strong></span> <span class='ocrx_word' id='word_1_973' title='bbox 2330 5535 2349 5568; x_wconf 73' lang='lat' dir='ltr'><strong><em>s</em></strong></span> <span class='ocrx_word' id='word_1_974' title='bbox 2393 5517 2592 5570; x_wconf 86' lang='lat' dir='ltr'><strong><em>Ibidem</em></strong></span> <span class='ocrx_word' id='word_1_975' title='bbox 2639 5531 2791 5587; x_wconf 88' lang='lat' dir='ltr'><strong><em>mss.,</em></strong></span> <span class='ocrx_word' id='word_1_976' title='bbox 2824 5535 2841 5567; x_wconf 84' lang='grc'><strong>‹</strong></span> <span class='ocrx_word' id='word_1_977' title='bbox 2874 5519 2940 5572; x_wconf 87' lang='lat' dir='ltr'><strong><em>de</em></strong></span> <span class='ocrx_word' id='word_1_978' title='bbox 2969 5534 3192 5587; x_wconf 87' lang='lat' dir='ltr'><strong><em>corpore</em></strong></span> <span class='ocrx_word' id='word_1_979' title='bbox 3224 5519 3383 5573; x_wconf 88' lang='lat' dir='ltr'><strong><em>etiam</em></strong></span> <span class='ocrx_word' id='word_1_980' title='bbox 3414 5517 3544 5570; x_wconf 90' lang='lat' dir='ltr'><strong><em>illud</em></strong></span> <span class='ocrx_word' id='word_1_981' title='bbox 3565 5521 3709 5586; x_wconf 81' lang='lat' dir='ltr'><strong><em>Apo-</em></strong></span> 
     </span>
    </p>
   </div>
   <div class='ocr_carea' id='block_1_169' title="bbox 2147 5585 3711 5659">
    <p class='ocr_par' dir='ltr' id='par_1_169' title="bbox 2147 5585 3711 5659">
     <span class='ocr_line' id='line_1_170' title="bbox 2147 5585 3711 5659; baseline 0.003 -20"><span class='ocrx_word' id='word_1_982' title='bbox 2147 5585 2316 5640; x_wconf 88' lang='lat' dir='ltr'><strong><em>stolus</em></strong></span> <span class='ocrx_word' id='word_1_983' title='bbox 2343 5587 2514 5659; x_wconf 71' lang='lat' dir='ltr'><strong><em>dixit;</em></strong></span> <span class='ocrx_word' id='word_1_984' title='bbox 2545 5604 2574 5659; x_wconf 24' lang='lat' dir='ltr'><strong><em>A)</em></strong></span> <span class='ocrx_word' id='word_1_985' title='bbox 2607 5586 2759 5654; x_wconf 86' lang='lat' dir='ltr'><strong><em>editi,</em></strong></span> <span class='ocrx_word' id='word_1_986' title='bbox 2796 5603 2816 5638; x_wconf 71' lang='grc' dir='ltr'><strong><em>ι</em></strong></span> <span class='ocrx_word' id='word_1_987' title='bbox 2854 5591 2919 5642; x_wconf 87' lang='lat' dir='ltr'><strong><em>de</em></strong></span> <span class='ocrx_word' id='word_1_988' title='bbox 2934 5604 3041 5659; x_wconf 88' lang='lat' dir='ltr'><strong><em>quo</em></strong></span> <span class='ocrx_word' id='word_1_989' title='bbox 3066 5585 3298 5659; x_wconf 78' lang='lat' dir='ltr'><strong><em>corpore</em></strong></span> <span class='ocrx_word' id='word_1_990' title='bbox 3321 5587 3482 5642; x_wconf 87' lang='lat' dir='ltr'><strong><em>etiam</em></strong></span> <span class='ocrx_word' id='word_1_991' title='bbox 3509 5585 3711 5643; x_wconf 84' lang='lat' dir='ltr'><strong><em>Paulus</em></strong></span> 
     </span>
    </p>
   </div>
   <div class='ocr_carea' id='block_1_170' title="bbox 2148 5655 2604 5725">
    <p class='ocr_par' dir='ltr' id='par_1_170' title="bbox 2148 5655 2604 5725">
     <span class='ocr_line' id='line_1_171' title="bbox 2148 5655 2604 5725; baseline 0.011 -19"><span class='ocrx_word' id='word_1_992' title='bbox 2148 5655 2424 5725; x_wconf 87' lang='lat' dir='ltr'><strong><em>apostolus</em></strong></span> <span class='ocrx_word' id='word_1_993' title='bbox 2446 5657 2604 5712; x_wconf 80' lang='lat' dir='ltr'><strong><em>dixit.</em></strong></span> 
     </span>
    </p>
   </div>
  </div>
