4014 6142
255 277 372 332 ππ

1612 286 1815 342 LIBER
1856 286 2178 346 TERTIUS.

3426 301 3530 355 538

262 398 576 469 perioribus
606 414 902 456 occurrere
922 417 1020 472 po-
1098 403 1207 459 Nec
1222 405 1683 476 hocignorandum
1708 412 1844 482 quod
1878 415 1923 471 Α
1951 426 2068 464 rum
2113 417 2284 465 status
2311 409 2586 466 vocaverit
2610 417 2664 464 et
2685 409 2936 464 meritum
2985 413 3328 470 rationabilis
3361 428 3524 469 natu-

264 502 1026 566 tuerunt.pertractataatque
1097 497 1280 551 multm
1313 501 1658 557 rationabiles
1703 520 1850 556 crea-

1097 598 1232 644 tura:
1271 609 1434 662 usque
1471 595 1538 646 ad
1566 597 1849 648 secundum

261 583 473 653 digesta
503 593 648 641 sunt.

263 685 307 729 et
343 676 560 730 tertium
609 686 656 730 et
697 687 946 746 quartum
977 680 1228 734 mundum
1274 693 1472 737 servent
1512 687 1844 753 principium,

263 783 354 822 nec
398 769 686 821 mutationi
730 770 785 823 in
815 785 866 823 se
906 769 1076 823 locum
1120 773 1388 837 tribuant;
1431 775 1552 828 alia:
1587 793 1700 829 vero
1740 787 1846 829 tam

257 873 448 927 parum
479 859 544 912 de
573 861 793 928 pristino
817 871 961 914 statu
991 863 1270 917 amissum:
1309 867 1444 930 sint,
1479 877 1532 919 ut
1563 884 1689 934 pene
1717 869 1846 921 nihil

257 951 555 1016 perdidisse
606 951 901 1014 videantur,
951 963 996 1007 et
1043 955 1308 1008 nonnulla:
1352 957 1542 1025 grandi
1588 960 1744 1011 ruina
1793 961 1846 1012 in

257 1041 506 1095 ultimum
535 1045 931 1111 prwcipitamlw
963 1046 1065 1099 sint
1098 1047 1425 1102 barathrum.
1466 1047 1718 1118 .Vovitque
1739 1049 1846 1104 dis-

248 1145 497 1205 pensator
566 1138 797 1190 omnium
826 1136 960 1191 Deus
985 1139 1038 1190 in
1068 1140 1362 1193 conditione
1387 1142 1696 1196 mundorum
1728 1148 1841 1198 sin-

253 1227 393 1296 gulis
420 1227 573 1279 abuti
598 1228 755 1294 iuxta
781 1229 1022 1281 meritum
1059 1239 1107 1284 et
1141 1235 1558 1299 opportunitates
1583 1245 1630 1286 et
1655 1251 1842 1289 causas

251 1318 444 1387 quibus
473 1320 661 1372 mundi
681 1320 1034 1390 gubernacula
1061 1333 1430 1376 sustentantur
1451 1335 1496 1376 et
1523 1327 1800 1378 initiantur
1823 1341 1840 1378 :

254 1410 440 1480 utqui
494 1427 674 1464 omnes
726 1412 900 1464 vicerit
949 1413 1204 1482 nequitia,
1253 1423 1300 1468 et
1335 1416 1542 1483 penitus
1581 1433 1634 1469 se
1689 1427 1842 1471 terra:

252 1502 629 1569 corvquaverit,
661 1501 716 1553 in
763 1501 869 1554 alio
919 1502 1114 1556 mundo
1154 1504 1245 1572 qui
1283 1519 1462 1575 postea
1497 1505 1839 1573 fabricandas

250 1602 350 1656 est,
381 1593 482 1660 ﬁat
527 1595 791 1660 diabolus,
841 1597 1154 1664 principium
1187 1597 1556 1666 plasmationis
1607 1600 1835 1668 Domini,

249 1695 305 1735 ut
334 1683 603 1737 illndatur
650 1685 698 1738 ei
741 1687 806 1739 ab
847 1687 1047 1756 angelis
1080 1689 1168 1758 qui
1213 1689 1417 1742 exordii
1458 1691 1678 1744 amisere
1735 1694 1838 1746 vir-

249 1785 440 1831 tutent.

319 1869 377 1922 4.
410 1869 571 1922 Nunc
612 1884 741 1922 vero
770 1871 1024 1938 quoniam
1067 1872 1207 1942 apud
1244 1872 1560 1941 Apostolum
1603 1879 1835 1931 mentio-

251 1973 374 2012 nem
418 1959 690 2028 spiritalis
732 1962 982 2028 corporis
1017 1961 1346 2030 invenimus,
1401 1966 1635 2034 qualiter
1673 1970 1836 2023 etiam

248 2049 378 2105 inde
408 2051 604 2106 sentiri
633 2053 826 2106 debeat
857 2052 923 2106 de
951 2053 1078 2120 hoc,
1113 2059 1493 2112 tantummodo
1522 2071 1684 2127 prout
1719 2077 1839 2130 pos-

249 2155 444 2195 sumus
501 2142 863 2209 requiramus.
914 2143 1184 2210 Quantum
1236 2160 1367 2213 ergo
1412 2160 1608 2201 sensus
1654 2157 1839 2202 uoster

248 2246 455 2298 capere
488 2242 684 2300 potest,
719 2234 1041 2302 qualitatem
1091 2235 1351 2302 spiritalis
1393 2239 1640 2306 corporis
1675 2239 1836 2293 talem

247 2325 547 2393 quamdam
577 2339 698 2378 esse
725 2327 1020 2389 sentimus,
1067 2327 1118 2379 in
1163 2341 1271 2395 quo
1305 2327 1613 2382 inhabitare
1651 2328 1838 2384 deceat

247 2430 358 2468 non
412 2415 590 2468 solum
639 2425 857 2471 sanctas
895 2433 1138 2486 quasque
1186 2419 1562 2489 perfectasque
1607 2421 1834 2491 animas,

247 2519 450 2560 verum
476 2509 642 2562 etiam
671 2523 886 2561 omnem
921 2507 1064 2562 illam
1095 2518 1402 2564 creaturam
1428 2526 1548 2580 quae
1585 2512 1838 2566 liberabi-

249 2607 340 2652 tur
371 2612 406 2651 a
440 2598 708 2652 servitute
743 2599 1134 2665 corruptionis.
1166 2599 1238 2652 De
1261 2615 1490 2667 corpore
1521 2601 1686 2655 etiam
1713 2603 1839 2657 illud

244 2685 553 2756 Apostolus
583 2687 716 2740 dixit
745 2705 756 2740 :
789 2704 807 2738 ι
843 2686 1067 2741 deum
1107 2688 1370 2742 habemus
1403 2704 1511 2743 non
1561 2705 1721 2745 manu
1769 2691 1842 2746 ia-

243 2785 425 2840 ctam,
461 2783 720 2828 aeternam
770 2776 821 2829 in
846 2777 1004 2831 caelis
1037 2777 1103 2841 “,
1149 2796 1165 2827 ι
1194 2777 1244 2830 id
1271 2785 1353 2831 est
1381 2779 1431 2830 in
1469 2781 1841 2838 mansionibus

247 2869 567 2922 beatorum.
601 2867 677 2920 Ex
716 2867 818 2922 hoc
869 2882 999 2936 ergo
1058 2869 1433 2936 conjecturam
1484 2870 1595 2942 (49)
1649 2887 1841 2942 capere

249 2974 570 3028 possumus,
629 2970 846 3028 quantae
903 2960 1182 3030 puritatis,
1236 2971 1454 3030 quantae
1499 2964 1838 3032 subtilitatis,

249 3057 583 3117 quantaeque
633 3049 821 3118 gloriae
869 3051 943 3106 sit
992 3051 1228 3119 qualitas
1278 3053 1524 3122 corporis
1565 3053 1744 3120 illius,
1793 3057 1836 3112 si

1959 517 2034 556 ra:
2061 502 2384 572 poposcerit.
2409 502 2798 572 Deniquecum
2832 505 3093 559 varietate
3118 515 3175 559 et
3212 507 3529 562 diversitate

1958 597 2188 651 mundus
2232 596 2484 664 indiguit,
2517 610 2613 664 per
2645 597 2886 652 diversas
2953 612 3135 650 rerum
3189 597 3360 653 facies
3403 614 3528 668 spe-

1957 691 2175 757 ciesque
2204 687 2348 741 omni
2369 686 2625 740 famulatu
2653 690 2884 756 prtebuit
2911 706 2971 744 se
2994 689 3216 743 materia
3233 690 3524 755 conditori,

1957 787 2140 848 utpote
2180 777 2409 833 Domino
2439 789 2492 831 et
2539 782 2772 834 creatori
2805 796 2922 846 suo,
2959 797 3066 850 quo
3095 781 3332 835 diversas
3361 782 3527 838 caele-

1952 869 2117 923 stium
2152 881 2602 936 terrenorumque
2632 883 2696 922 ex
2733 884 2797 923 ea
2844 870 3067 924 duceret
3106 869 3334 926 formas.
3387 871 3524 926 Cum

1953 974 2082 1012 vero
2111 973 2196 1013 res
2225 960 2288 1012 ad
2338 959 2468 1012 illud
2500 961 2766 1029 cmperint
2807 961 3067 1016 festinare
3099 972 3158 1016 ut
3189 963 3298 1018 sint
3339 979 3526 1018 omnes

1953 1065 2139 1114 unum,
2171 1050 2311 1104 sicut
2350 1059 2434 1104 est
2468 1049 2630 1103 Pater
2653 1066 2777 1103 cum
2807 1050 2942 1104 Filio
2973 1067 3157 1117 unum,
3189 1067 3526 1123 consequen-

1954 1149 2033 1194 ter
2059 1139 2282 1210 intelligi
2322 1140 2498 1202 datur,
2526 1139 2670 1208 quod
2702 1139 2790 1194 ubi
2821 1155 3010 1194 omnes
3051 1155 3215 1193 unum
3243 1151 3387 1206 sunt,
3413 1140 3523 1209 jam

1950 1233 2240 1287 diversitas
2265 1248 2370 1286 non
2407 1233 2537 1286 erit.

2022 1325 2072 1378 5.
2104 1323 2394 1392 PrOpterea
2427 1337 2659 1391 namque
2705 1321 2816 1393 (52)
2869 1322 3030 1375 etiam
3073 1321 3394 1376 novissimus
3425 1323 3527 1378 ini-

1951 1417 2124 1471 micus
2155 1414 2289 1486 (55),
2324 1414 2414 1483 qui
2456 1429 2600 1468 mors
2632 1413 2954 1481 appellatur,
2983 1412 3184 1466 destrui
3215 1412 3434 1477 dicitur,
3462 1409 3525 1466 ἰιι

1949 1523 2122 1577 neque
2159 1507 2297 1560 ultra
2332 1506 2486 1560 triste
2517 1507 2588 1560 sit
2631 1505 2830 1574 aliquid
2870 1503 2958 1557 ubi
3003 1518 3149 1558 mors
3181 1518 3284 1557 non
3314 1514 3416 1563 est.
3439 1519 3524 1560 ne-

1947 1614 2051 1668 que
2087 1599 2378 1652 adversum
2433 1595 2523 1660 sit,
2577 1595 2664 1648 ubi
2707 1611 2811 1648 non
2855 1605 2939 1648 est
2981 1593 3252 1648 inimicus.
3307 1592 3522 1648 Destrui

1947 1706 2078 1744 sane
2108 1687 2434 1742 noviSsimus
2477 1686 2732 1739 inimicus
2759 1685 2834 1738 ita
2866 1683 3244 1754 intelligendus
3273 1693 3378 1749 est,
3416 1700 3520 1740 non

1875 1768 1916 1822 Β
1946 1790 1999 1833 ιιι
2048 1779 2348 1834 substantia
2380 1776 2494 1844 ejus
2527 1790 2647 1846 quae
2695 1790 2722 1828 a
2756 1775 2866 1829 Deo
2901 1775 3039 1828 facta
3068 1783 3150 1830 est
3175 1785 3379 1844 pereat,
3426 1775 3523 1830 scd

1946 1872 2007 1920 ut
2038 1865 2373 1936 pr0positum
2409 1873 2463 1917 et
2509 1864 2755 1918 voluntas
2794 1863 3031 1929 inimica,
3054 1879 3172 1932 quae
3207 1881 3312 1918 non
3337 1879 3365 1918 a
3393 1865 3520 1930 Deo,

1946 1961 2038 2015 sed
2069 1960 2139 2014 ab
2176 1961 2292 2028 ipso
2320 1958 2607 2028 processit,
2644 1957 2890 2010 intereat.
2923 1955 3244 2011 Destruetur
3265 1971 3396 2027 ergo
3418 1971 3522 2012 non

1947 2060 2006 2106 ut
2045 2067 2148 2108 non
2182 2051 2272 2114 sit,
2305 2054 2398 2105 sed
2437 2058 2496 2102 ut
2542 2047 2795 2101 inimicus
2837 2061 2941 2100 non
2977 2047 3047 2101 sit
3089 2057 3144 2100 et
3174 2063 3340 2102 mors.
3379 2047 3524 2102 Nihil

1945 2143 2087 2197 enim
2117 2140 2484 2211 Omnipotenti
2538 2137 2873 2208 impossibile
2923 2145 3026 2202 est,
3074 2153 3172 2192 nec
3223 2139 3524 2194 insanabile

1945 2243 2028 2288 εει
2052 2231 2260 2300 aliquid
2293 2230 2489 2286 iactori
2521 2245 2654 2296 suo;
2685 2237 2972 2299 propterea
3004 2229 3148 2283 enim
3177 2228 3306 2284 fecit
3331 2227 3518 2284 omnia

1946 2333 2002 2377 ut
2031 2333 2238 2390 essent,
2263 2332 2317 2377 ct
2343 2340 2462 2392 quae
2487 2322 2628 2377 facta
2655 2331 2782 2376 sunt
2812 2331 2869 2376 ut
2902 2335 3106 2388 essent,
3137 2339 3241 2378 non
3265 2339 3385 2378 esse
3416 2338 3522 2376 non

1945 2425 2193 2485 possunt.
2219 2415 2445 2486 Propter
2473 2415 2616 2485 quod
2647 2414 3074 2470 immutationem
3103 2416 3320 2484 quidem
3342 2413 3523 2468 varic-

1949 2516 2223 2577 tatemque
2256 2508 2542 2576 recipient,
2569 2509 2640 2562 ita
2659 2516 2716 2563 ut
2747 2522 2844 2577 pro
2877 2506 3083 2561 meritis
3117 2506 3199 2560 vel
3225 2506 3276 2559 in
3311 2505 3524 2560 meliori

1948 2597 2029 2650 vel
2057 2598 2111 2651 in
2140 2599 2396 2652 deteriori
2423 2600 2727 2652 habeantur
2749 2608 2925 2665 statu;
2955 2598 3366 2652 substantialem
3395 2613 3524 2652 vero

1950 2687 2228 2742 interitum
2263 2704 2326 2742 ea
2363 2705 2484 2758 qua:
2513 2706 2542 2743 a
2577 2691 2685 2744 Deo
2717 2692 2781 2744 ad
2821 2693 2921 2746 hoc
2945 2691 3083 2744 facta
3112 2700 3238 2744 sunt
3259 2699 3313 2743 ιιι
3342 2699 3524 2744 essent

1949 2788 2002 2834 et
2057 2791 2460 2848 permanerent,
2500 2782 2739 2850 recipere
2786 2797 2889 2835 non
2939 2788 3182 2851 possunt.
3216 2779 3331 2835 Non
3381 2782 3524 2835 enim

1948 2886 2068 2940 quae
2126 2873 2385 2942 opinione
2432 2873 2572 2943 vulgi
2632 2873 2856 2928 interire
2907 2872 3225 2936 creduntur,
3272 2875 3527 2927 continuo

1946 2963 2114 3018 etiam
2146 2962 2230 3016 vel
2271 2962 2392 3018 ﬁdei
2436 2963 2520 3016 vel
2563 2964 2813 3018 veritatis
2850 2963 2989 3019 ratio
3025 2977 3087 3016 ea
3120 2963 3344 3018 interire
3393 2979 3523 3017 con-

1947 3053 2203 3108 senserit.
2257 3053 2500 3123 Denique
2549 3069 2685 3108 caro
2714 3063 2897 3108 nostra
2922 3053 2991 3107 ab
3030 3053 3298 3122 imperitis
3325 3063 3380 3108 et
3408 3054 3526 3107 inli-

253 3140 719 3208 comparationem
753 3139 1016 3199 faciamus
1038 3143 1156 3214 ejus
1185 3143 1252 3197 ad
1285 3159 1346 3198 ea
1381 3159 1500 3214 quae
1527 3163 1694 3212 nunc,
1721 3149 1845 3206 licet
1872 3116 1915 3174 θ
1949 3142 2162 3197 delibus
2194 3141 2266 3196 ita
2312 3153 2434 3212 post
2479 3153 2710 3198 mortem
2761 3141 3010 3212 deperire
3051 3141 3417 3206 existimatur,
3469 3153 3527 3196 ut

252 3231 503 3286 caelestia
539 3234 646 3287 sint
671 3244 726 3288 et
755 3234 1193 3303 splendidissima
1223 3252 1476 3308 corpora,
1503 3255 1666 3294 manu
1702 3240 1840 3298 facta

256 3328 441 3375 tamen
467 3331 595 3376 sunt
625 3331 680 3377 et
713 3324 965 3378 visibilia.
1001 3324 1074 3378 De
1094 3324 1185 3379 illo
1208 3335 1389 3381 autem
1421 3327 1623 3382 dicitur
1651 3331 1842 3387 domus

255 3428 376 3468 esse
423 3429 535 3469 non
573 3431 730 3470 malm
775 3415 943 3481 facta,
978 3417 1073 3470 sed
1125 3426 1326 3471 aeterna
1372 3418 1425 3472 in
1477 3419 1650 3475 cmlis.
1704 3421 1841 3489 Quia

255 3518 384 3575 ergo
429 3524 447 3558 ι
498 3520 618 3573 quae
650 3507 904 3560 videntur
953 3507 1269 3575 temporalia
1315 3517 1463 3575 sunt,
1507 3525 1629 3580 quas
1659 3523 1840 3568 autem

259 3611 364 3650 non
391 3597 667 3662 videntur,
705 3607 905 3651 teterna
947 3597 1106 3670 154
1138 3607 1262 3652 sunt
1298 3599 1367 3663 θ’,
1416 3618 1432 3651 ι
1473 3601 1726 3657 omnibus
1759 3603 1843 3660 his

255 3688 604 3758 corporibus,
639 3704 759 3758 qua:
801 3691 912 3744 sive
953 3691 1004 3744 in
1047 3690 1230 3753 terris,
1260 3689 1375 3746 sive
1407 3692 1458 3745 in
1508 3693 1661 3748 cwlis
1693 3683 1840 3750 vide;

257 3795 396 3845 mus,
425 3790 482 3834 et
513 3795 634 3850 qua:
667 3781 838 3835 videri
894 3791 1138 3852 possunt,
1182 3791 1236 3836 et
1286 3796 1447 3836 manu
1501 3782 1640 3838 facta
1689 3797 1842 3852 sunt,

257 3881 310 3924 et
337 3880 543 3925 aeterna
595 3887 702 3932 non
750 3881 898 3936 sunt,
950 3873 1115 3926 nmlta
1166 3874 1324 3945 longe
1359 3873 1670 3944 praelatione
1702 3892 1838 3945 prte-

257 3961 402 4017 cellit
434 3963 571 4017 illttd
603 3964 746 4031 quod
795 3972 850 4016 et
875 3964 1088 4018 visibile
1114 3981 1219 4019 non
1247 3974 1350 4029 est,
1400 3980 1499 4020 nec
1539 3981 1700 4020 manu
1761 3967 1842 4020 fa-

259 4063 400 4108 ctum
451 4064 559 4121 est,
589 4056 682 4110 sed
727 4064 990 4110 asternum
1022 4066 1125 4111 cst.
1159 4056 1232 4110 Ex
1278 4073 1382 4134 qua
1433 4059 1841 4127 comparatione

257 4146 459 4216 conjici
495 4145 609 4218 (50)
634 4155 814 4216 potest
838 4156 1078 4214 quantus
1096 4151 1279 4216 decor,
1301 4158 1542 4219 quantus
1563 4148 1839 4216 splendor,

261 4246 498 4304 quantus
529 4235 707 4306 fulgor
736 4237 1070 4308 sitcorporis
1096 4239 1391 4308 spiritalis;
1423 4247 1478 4292 et
1505 4253 1692 4292 verum
1721 4253 1842 4294 esse

263 4326 388 4383 illud
422 4329 567 4400 quod
592 4329 795 4383 dictum
829 4342 934 4391 est,
970 4331 1095 4398 quia
1139 4347 1159 4382 ι
1206 4329 1395 4384 oculus
1421 4343 1528 4382 non
1554 4329 1710 4392 vidit,
1740 4343 1840 4384 nec

265 4420 408 4474 auris
441 4419 670 4484 audivit,
722 4435 823 4475 nec
873 4419 927 4474 in
970 4436 1068 4474 cor
1117 4420 1354 4475 hominis
1397 4421 1664 4485 ascendit,
1720 4435 1842 4490 quas

264 4511 589 4579 prazparavit
618 4511 755 4565 Deus
781 4511 1127 4577 diligentibus
1153 4512 1299 4566 illum
1321 4512 1386 4565 ⁸³.
1431 4532 1449 4564 ι
1497 4510 1611 4566 Non
1657 4519 1836 4564 autem

267 4599 622 4658 dubitandum
670 4613 750 4658 est
781 4602 890 4675 (5|)
921 4615 1168 4659 naturam
1205 4605 1452 4674 corporis
1476 4603 1634 4672 lmjus
1664 4604 1838 4658 nostri

267 4695 538 4751 voluntate
575 4693 667 4750 Dei
700 4696 791 4765 qui
841 4696 1005 4749 talem
1037 4695 1164 4751 fecit
1203 4711 1346 4762 eam,
1383 4712 1556 4766 usque
1599 4687 1664 4749 ad
1697 4695 1838 4749 illam

266 4789 576 4854 qualitatem
605 4786 944 4843 subtilissimi
988 4797 1043 4842 et
1083 4790 1361 4857 purissimi
1403 4805 1466 4844 ac
1507 4788 1838 4858 Splendidis-

273 4880 381 4934 ιὶιιιί
411 4879 661 4946 corporis
694 4893 852 4948 posse
880 4895 908 4932 a
955 4880 1210 4934 Creatore
1240 4880 1489 4948 perduci,
1545 4887 1704 4949 prout
1754 4895 1839 4934 re-

335 5037 376 5072 “
405 5035 595 5092 llCor.
615 5049 667 5098 v,
697 5040 743 5094 l.

335 5175 444 5246 (49)
489 5176 884 5248 Conjectttram.
914 5178 1128 5249 Optime
1165 5192 1297 5232 mss.
1330 5174 1472 5237 Male
1523 5173 1677 5238 editi,
1708 5190 1727 5225 ι
1777 5182 1832 5229 et

275 5256 424 5298 censu
434 5262 568 5301 ram.
610 5266 629 5298 ι

338 5313 444 5386 (50)
478 5317 571 5386 Sic
603 5332 731 5372 mss.
762 5317 901 5370 Editi
945 5317 1226 5382 mendose,
1261 5334 1289 5386 ι
1327 5311 1597 5386 convinci.
1629 5330 1650 5363 ι

263 5388 273 5454 Ι
478 5384 611 5440 Vide
640 5386 675 5438 Ι.
707 5403 744 5440 ιι
777 5387 1114 5456 0rigenian.,
1148 5402 1203 5452 q.
1246 5385 1300 5449 9,
1338 5403 1391 5438 ιι.
1425 5385 1476 5436 7.

337 5452 444 5522 (52)
468 5457 560 5509 Sic
595 5471 727 5510 mss.
761 5456 816 5509 ιιι
841 5452 998 5510 editis
1024 5458 1176 5510 deest
1221 5473 1238 5506 ι
1278 5469 1530 5524 namque,
1570 5471 1587 5502 ι
1635 5462 1834 5524 etpost

331 5521 592 5589 inimicus,
630 5544 647 5576 ι
684 5527 940 5580 additur:
991 5544 1008 5574 ι
1055 5527 1106 5576 id
1152 5535 1236 5578 est
1284 5521 1549 5577 diabolus.
1606 5541 1625 5574 ι
1672 5521 1835 5574 Paulo

279 5604 399 5666 post
423 5610 576 5659 ιιιιῑε.³
616 5613 635 5647 ι
665 5605 884 5664 propter
913 5596 1054 5666 quod
1081 5595 1514 5666 immutationem
1529 5594 1778 5666 quidem.
1807 5609 1824 5640 ι

278 5659 426 5727 Εςιιιι,
452 5683 469 5715 ι
502 5659 787 5734 propterea
826 5659 1433 5734 mutationemquidem.
1476 5681 1493 5713 ι
1525 5662 1644 5734 Mox
1672 5675 1828 5734 mss.,

284 5745 300 5774 ι
334 5747 443 5802 qua:
464 5731 644 5791 a’De'o
674 5737 740 5792 ad
783 5737 886 5792 hoc
931 5735 1076 5791 facta
1119 5731 1263 5789 sunt.
1310 5752 1328 5785 ι
1367 5733 1424 5788 lu
1475 5731 1634 5789 editis
1683 5732 1834 5786 deest

1949 3235 2084 3288 nihil
2113 3249 2337 3303 prorsus
2369 3234 2640 3304 reliquum
2673 3234 2990 3288 substantia:
3017 3251 3128 3290 suae
3173 3237 3374 3291 habere
3409 3252 3526 3290 cre-

1949 3326 2127 3380 datur.
2155 3323 2260 3379 Nos
2292 3341 2419 3379 vero
2454 3324 2564 3396 (54)
2601 3325 2689 3395 qui
2726 3326 3178 3380 resurrectionem
3206 3327 3322 3396 ejus
3351 3327 3527 3383 credi-

1950 3431 2089 3481 mus,
2124 3417 2554 3470 immutationem
2598 3416 2716 3485 ejns
2762 3418 3134 3473 tantummodo
3165 3434 3260 3486 per
3296 3427 3524 3474 mortem

1951 3506 2149 3561 factam
2181 3507 2558 3575 intelligimus,
2593 3507 2958 3562 substantiam
3008 3524 3135 3563 vero
3166 3510 3283 3576 ejus
3317 3518 3524 3564 certum

1949 3608 2034 3655 est
2058 3613 2401 3668 permanere,
2449 3609 2504 3653 ct
2537 3598 2818 3653 voluntate
2853 3600 3129 3654 Creatoris
3164 3602 3244 3653 sui
3269 3611 3528 3670 certoque

1952 3700 2195 3759 tempore
2241 3705 2429 3744 rursus
2484 3690 2722 3758 reparari
2777 3689 2843 3743 ad
2891 3689 3078 3756 vitam,
3123 3698 3285 3757 atque
3329 3689 3524 3744 iterum

1949 3781 2409 3851 permutationem
2440 3781 2558 3850 ejus
2611 3781 2751 3844 lieri,
2797 3790 2853 3834 ut
2897 3796 3015 3849 qua:
3046 3781 3221 3850 primo
3248 3780 3350 3836 fuit
3397 3798 3528 3838 caro

1949 3887 2015 3926 ex
2053 3884 2196 3927 terra
2229 3883 2462 3937 terrena,
2497 3881 2606 3926 tum
2643 3873 2840 3926 deinde
2866 3873 3126 3928 dissoluta
3153 3889 3244 3942 per
3272 3883 3524 3944 mortem,

1948 3974 2000 4018 et
2034 3965 2230 4020 iterum
2264 3964 2399 4018 facta
2428 3965 2565 4019 cinis
2594 3979 2660 4018 ac
2697 3976 2859 4030 terra,
2897 3983 2917 4016 ι
2955 3964 3220 4032 Quoniam
3255 3976 3396 4020 terra
3445 3983 3524 4032 es,

1949 4053 2150 4123 inquit,
2181 4055 2310 4107 etin
2347 4062 2548 4107 terram
2596 4051 2698 4106 ibis
2743 4051 2809 4115 εδ,
2855 4070 2874 4103 ι
2910 4067 3122 4106 rursum
3170 4053 3527 4106 resuscitetur

1948 4158 2166 4214 eterra,
2189 4156 2242 4203 et
2265 4157 2387 4217 post
2411 4147 2510 4201 hoc
2531 4146 2670 4217 jam,
2703 4155 2862 4215 prout
2887 4147 3137 4200 meritum
3168 4144 3527 4200 inbabitantis

1948 4240 2144 4294 animae
2171 4239 2496 4309 poposcerit,
2530 4239 2582 4292 in
2613 4236 2842 4308 gloriam
2876 4236 3119 4305 corporis
3137 4234 3390 4304 proﬁciat
3417 4236 3530 4306 spi-

1949 4331 2143 4386 ritalis.

2019 4419 2073 4473 6.
2107 4418 2164 4472 lu
2201 4419 2342 4472 lunic
2389 4432 2520 4485 ergo
2563 4424 2759 4470 statum
2805 4425 3025 4468 omnem
3083 4413 3225 4466 hanc
3287 4421 3527 4467 nostram

1943 4506 2302 4560 subStantiam
2321 4503 2656 4573 corporalem
2684 4502 2981 4573 putandum
3001 4511 3082 4556 est
3105 4503 3522 4572 perducendam,

1946 4607 2073 4650 tunc
2099 4612 2221 4651 cum
2244 4597 2429 4650 omnia
2465 4595 2838 4658 restituentur,
2876 4603 2935 4648 ut
2973 4611 3137 4648 unum
3163 4595 3290 4656 sint,
3326 4601 3380 4648 et
3403 4607 3527 4649 cum

1944 4687 2085 4743 Deus
2117 4687 2277 4742 fuerit
2303 4688 2482 4741 omnia
2507 4685 2560 4740 in
2589 4687 2862 4741 omnibus.
2891 4685 3045 4752 Quod
3075 4696 3249 4740 tamen
3278 4683 3386 4755 (55)
3414 4702 3521 4740 non

1942 4783 2006 4837 ad
2039 4783 2274 4837 subitum
2319 4781 2454 4846 eri,
2484 4782 2575 4836 sed
2604 4780 2861 4850 paulatim
2894 4790 2949 4835 et
2981 4795 3076 4849 per
3103 4788 3286 4850 partes
3319 4780 3522 4834 intelli-

1943 4875 2176 4946 gendum
2213 4886 2318 4939 est,
2352 4875 2575 4929 intiuitis
2603 4885 2656 4928 et
2697 4873 2981 4929 immensis
3017 4873 3322 4929 labentibus
3351 4888 3519 4926 saacuv

821 5038 865 5071 θ’
901 5037 941 5092 ll
963 5038 1085 5092 Cor.
1124 5052 1195 5102 tv,
1228 5036 1315 5090 l8.
1367 5036 1413 5068 ⁸³
1442 5035 1458 5089 Ι
1491 5036 1614 5090 Cor.
1645 5050 1704 5099 lt,
1739 5035 1793 5090 9.
1845 5034 1890 5066 “
1913 5034 2050 5090 Gen.
2088 5049 2171 5098 ut,
2204 5033 2288 5088 l9.

1944 5191 1963 5224 ι
1995 5172 2060 5224 ad
2093 5171 2219 5224 hoc.
2256 5188 2273 5220 ι
2305 5167 2431 5224 Post
2466 5167 2740 5236 paululum
2775 5181 2934 5232 mss.,
2971 5184 2992 5236 ι
3035 5165 3265 5236 interire
3293 5167 3525 5219 credito.

1942 5253 2050 5296 tur.
2086 5258 2104 5290 ι
2127 5240 2289 5306 Editi,
2317 5257 2335 5291 ι
2369 5235 2592 5292 interire
2617 5238 2887 5306 dicuntur.
2913 5255 2932 5287 ι
2963 5235 3104 5289 Infra
3131 5251 3297 5306 mss.,
3327 5252 3345 5284 ι
3367 5247 3525 5304 prout

1943 5305 2317 5366 nieritnm.....
2353 5307 2685 5378 poposcerit,
2722 5307 2784 5378 in
2809 5305 3042 5378 gloriam
3085 5305 3332 5373 corporis
3365 5306 3526 5373 proli-

1941 5381 2051 5434 ciat
2083 5376 2368 5446 spiritalis.
2409 5376 2624 5442 i’Etliti,
2655 5395 2673 5428 ι
2708 5377 2854 5446 velut
2887 5376 3214 5446 meritum...
3269 5389 3526 5442 poposce-

1944 5451 2039 5504 rit.
2068 5443 2313 5516 ingloria
2346 5448 2597 5514 corporis
2631 5444 2874 5513 proliciet
2899 5443 3188 5516 spiritalis:
3219 5461 3241 5494 ι

2015 5519 2126 5588 (53)
2149 5512 2285 5588 Vide
2310 5517 2342 5569 Ι.
2377 5533 2413 5571 ιι
2453 5512 2788 5586 Origeuiau.,
2819 5528 2874 5581 q.
2919 5514 3005 5577 ιι,
3043 5528 3096 5566 ιι.
3132 5512 3217 5574 18.
3242 5521 3296 5565 et
3331 5519 3526 5578 qua-st.

1939 5590 1994 5651 5,
2022 5587 2172 5642 itum.
2208 5587 2288 5640 Ην.

2007 5659 2118 5730 (ira)
2149 5656 2276 5730 \fide
2308 5656 2349 5730 l._
2374 5672 2409 5707 ιι
2445 5653 2782 5730 Οιξθᾳηίαςι..
2810 5656 3001 5716 quaest.
3030 5648 3090 5730 _9,
3118 5662 3272 5730 ptum.
3299 5649 3350 5701 6.

2167 5725 2295 5782 Vide
2338 5726 2372 5778 l.
2428 5741 2467 5779 ιι
2498 5715 2839 5790 Oi‘igeniau.,
2873 5728 3066 5784 quaest.
3119 5715 3208 5781 ιι,
3241 5733 3390 5772 num.
3443 5716 3520 5769 ιι).
