4014 6142
453 322 560 378 33.)

1674 309 1999 368 ORIGENIS
2033 309 2192 361 ΠΕΡΙ
2228 305 2452 358 ΑΡΧΩΝ

3594 290 3701 345 510

455 439 542 505 lis,
578 455 698 494 cum
725 440 921 493 sensim
955 447 1005 491 et
1033 452 1125 504 per
1157 434 1394 506 singulos
1433 435 1737 490 emendatio
1781 433 1941 487 fuerit
1969 442 2020 486 et
2059 437 2093 492 Α
2126 427 2485 496 dijudicetur;
2522 423 2594 476 ita
2619 421 2780 475 etiam
2808 420 2874 472 de
2903 414 3144 485 corporis
3177 420 3318 468 statu
3351 411 3694 506 sentiendum

451 533 720 586 correctio
741 539 1042 601 prosecuta,
1073 528 1525 596 prmcurrentibus
1557 526 1676 580 aliis
1697 535 1748 579 et
1769 523 2018 578 velociori

450 640 623 681 cursu
655 625 720 676 ad
771 636 975 675 summa
1039 620 1401 680 tendentibus,
1454 619 1574 690 aliis
1617 632 1743 671 vero
1773 617 2020 686 proximo

450 730 660 785 quoque
686 714 856 781 spatio
883 711 1311 779 insequentibus,
1349 720 1458 762 tum
1487 709 1677 762 deinde
1705 709 1822 761 aliis
1868 707 2022 776 longe

450 804 737 872 posterius,
779 812 832 855 et
863 801 937 856 sic
965 814 1060 867 per
1111 799 1305 852 mullos
1353 809 1405 852 et
1453 801 1760 852 innumeros
1805 799 2023 852 ordines

448 895 838 961 proficientium
877 910 938 947 ac
967 895 1074 949 Deo
1100 905 1159 946 se
1188 907 1254 945 ex
1291 891 1527 948 inimicis
1558 887 2020 944 reconciliantium

445 984 750 1053 pervenitur
778 998 945 1045 usque
974 985 1037 1035 ad
1071 980 1420 1034 novissimum
1459 979 1734 1031 inimicum
1769 977 1859 1045 qui
1891 977 2023 1029 dici-

446 1085 532 1126 tttr
557 1087 728 1135 mors,
765 1080 824 1125 ut
864 1072 1026 1124 etiam
1059 1071 1174 1140 ipse
1207 1070 1516 1121 destruatur
1546 1081 1612 1121 ne
1642 1065 1774 1119 ultra
1807 1065 1874 1117 sit
1917 1064 2019 1116 ini-

444 1163 633 1218 micus.
670 1162 802 1217 Cum
846 1175 975 1232 ergo
1014 1159 1278 1215 restituta
1311 1159 1514 1212 fuerint
1556 1173 1746 1211 omnes
1785 1156 2022 1207 rationa-

444 1254 577 1309 biles
605 1257 797 1307 animaa
849 1253 902 1306 in
956 1251 1323 1322 hujuscemodi
1384 1259 1604 1310 statmn,
1658 1256 1783 1300 tunc
1829 1255 2019 1298 natura

443 1346 605 1398 etiam
634 1342 788 1410 hujus
820 1345 1066 1410 corporis
1094 1342 1260 1396 nostri
1295 1338 1404 1411 (56)
1440 1339 1493 1392 in
1537 1338 1804 1408 spiritalis
1828 1352 2022 1405 corpoa

443 1437 520 1490 ris
542 1435 769 1503 gloriam
796 1433 1144 1502 perducetur.
1171 1432 1322 1486 Sicut
1353 1432 1494 1484 enim
1521 1430 1585 1483 de
1611 1427 2020 1482 rationabilibns

444 1524 652 1578 naturis
697 1524 961 1590 videmus,
998 1537 1103 1575 non
1151 1521 1284 1575 alias
1314 1536 1432 1575 esse
1470 1535 1589 1588 quae
1639 1535 1736 1588 pro
1782 1517 2020 1587 peccatis

445 1620 496 1672 in
526 1617 843 1686 indignitate
874 1616 1126 1676 vixerint,
1159 1625 1214 1668 et
1261 1615 1394 1666 alias
1427 1628 1545 1682 qnze
1590 1629 1686 1682 pro
1719 1612 1923 1666 meritis
1957 1613 2024 1665 ad"

443 1707 826 1764 beatitudinem
863 1707 1098 1760 invitatze
1123 1708 1249 1767 sint,
1274 1707 1365 1760 sed
1402 1706 1499 1758 has
1518 1706 1730 1758 easdem
1755 1719 1875 1772 quae
1897 1712 2022 1756 ante

2123 526 2224 573 est.
2259 515 2400 583 quod
2443 513 2616 580 ipsum
2646 510 2784 562 idem
2829 521 3022 574 corpus
3050 503 3196 572 quod
3221 517 3360 555 nunc
3389 517 3486 570 pro
3529 500 3695 553 mini.~

2125 606 2291 660 sterio
2331 603 2523 657 animae
2561 607 2922 665 nuncupatum
2955 604 3038 649 est
3076 593 3328 658 animale,
3364 607 3461 660 per
3505 589 3688 660 profe-

2125 707 2271 752 ctum
2299 696 2606 764 quemdam,
2628 710 2751 748 cum
2783 693 2962 746 anima
2993 690 3241 759 adjuncta
3270 687 3378 742 Deo
3407 702 3545 742 unus
3570 701 3693 742 cum

2125 805 2188 844 eo
2231 789 2452 858 spiritus
2509 787 2668 840 fuerit
2704 784 2916 848 ell'ecta,
2948 783 3058 849 jam
3110 792 3234 835 tunc
3285 794 3481 846 corpus
3538 779 3694 848 quas!

2125 881 2336 948 spiritui
2374 879 2686 933 ministrans
2717 878 2771 929 in
2812 883 3012 928 statum
3059 871 3484 941 qualitatemque
3522 870 3685 937 profi-

2125 977 2232 1028 ciat
2267 974 2588 1043 Spiritalem,
2636 970 2867 1023 maxime
2913 981 3058 1028 cum,
3091 968 3232 1019 sicut
3271 977 3411 1033 srepe
3453 961 3698 1017 ostendi-

2127 1081 2268 1130 mus,
2317 1063 2435 1117 talis
2468 1079 2496 1115 a
2524 1062 2817 1116 Conditore
2871 1057 3012 1112 facta
3051 1057 3122 1111 sit
3165 1064 3356 1109 natura
3403 1066 3691 1121 corporea,
3739 1047 3742 1049 ’

2124 1156 2262 1208 utin
2299 1167 2679 1223 quamcunque
2714 1149 2964 1215 voluerit,
2993 1145 3077 1200 vel
3103 1159 3189 1199 res
3227 1143 3533 1213 poposcerit
3560 1157 3697 1210 qua-

2124 1247 2348 1308 litatem,
2381 1243 2534 1296 facile
2563 1243 2943 1305 subsequatur.

2193 1337 2244 1389 7.
2275 1333 2460 1388 Omnis
2495 1333 2659 1402 igitur
2698 1333 2811 1384 lucc
2863 1331 3000 1382 ratio
3048 1329 3152 1381 hoc
3206 1323 3488 1390 continet',
3543 1322 3696 1391 quod

2122 1428 2260 1481 duas
2298 1424 2579 1494 generales
2610 1433 2834 1476 naturas
2876 1419 3180 1473 condiderit
3205 1419 3345 1471 Deus
3376 1433 3388 1467 :
3425 1424 3678 1468 naturam

2122 1518 2418 1581 visibilem,
2454 1515 2504 1567 id
2536 1523 2619 1568 est
2667 1525 3018 1580 corpoream,
3058 1518 3110 1562 et
3141 1519 3389 1560 naturam
3441 1504 3689 1559 invisibi-

2124 1610 2248 1676 lem,
2303 1622 2425 1678 qua:
2453 1616 2538 1661 est
2585 1606 2920 1672 incorporea.
2958 1600 3083 1655 ista:
3120 1614 3249 1653 vero
3301 1599 3422 1652 dure
3471 1605 3685 1650 natura

2123 1698 2369 1751 diversas
2418 1695 2499 1749 sui
2535 1693 2806 1760 recipiunt
2862 1690 3312 1759 permutationes.
3341 1686 3435 1739 Illa
3469 1685 3688 1752 quidem

445 1801 657 1853 fuerant
701 1798 1053 1868 peccatrices,
1093 1810 1294 1850 conver
1327 1811 1386 1848 as
1436 1794 1770 1863 postmodum
1830 1803 1883 1847 et
1915 1795 2021 1848 Deo
2059 1765 2098 1816 Β
2129 1787 2413 1842 invisibilis
2441 1801 2560 1856 qua:
2583 1782 2917 1838 rationabilis
2945 1791 3047 1845 est,
3082 1782 3264 1833 animo
3301 1777 3695 1847 propositoque

443 1889 817 1944 reconciliatos
871 1887 1119 1941 videmus
1171 1887 1236 1938 ad
1291 1885 1676 1937 beatitudinem
1738 1882 2017 1945 revocari;

445 1982 515 2034 ita
570 1981 730 2034 etiam
781 1979 844 2032 de
876 1987 1070 2030 natura
1097 1976 1334 2044 corporis
1369 1975 1706 2028 sentiendum
1761 1982 1840 2026 est
1883 1971 2015 2042 (δῖ),

441 2073 580 2139 quod
613 2085 714 2124 non
740 2069 884 2123 aliud
920 2084 1116 2137 corpus
1145 2075 1227 2121 est
1267 2081 1373 2135 quo
1407 2079 1547 2118 nunc
1579 2065 1630 2117 in
1684 2063 2018 2132 ignobilitate

439 2173 496 2216 et
517 2161 570 2215 in
594 2162 936 2230 corruptione
958 2169 1012 2212 et
1042 2157 1360 2211 infirmitate
1385 2159 1611 2220 utimur,
1645 2165 1698 2207 et
1732 2154 1876 2207 aliud
1913 2156 2017 2206 erit

443 2249 571 2302 ilud
602 2247 786 2315 quoin
827 2246 1258 2314 incorruptione,
1288 2253 1341 2298 et
1379 2245 1430 2300 in
1476 2245 1698 2306 virtute,
1732 2253 1784 2296 et
1823 2243 1873 2295 in
1901 2243 2018 2311 glo-

441 2342 521 2393 ria
554 2348 804 2402 utemur;
835 2339 928 2392 sed
955 2337 1222 2394 hocidcm
1253 2334 1475 2404 abjectis
1497 2335 1581 2388 his
1609 2334 2017 2388 infirmitatibus

441 2431 494 2484 in
527 2431 723 2498 quibus
752 2444 895 2484 nunc
931 2437 1032 2496 est,
1083 2429 1131 2481 in
1165 2427 1391 2494 gloriam
1427 2427 1882 2480 transmutabitur
1905 2430 2018 2494 spi—

441 2521 599 2574 ritale
634 2520 905 2586 effectum,
943 2528 999 2572 ut
1041 2520 1182 2585 quod
1235 2518 1333 2570 fuit
1379 2517 1717 2587 indignitatis
1763 2532 1879 2582 vas,
1914 2520 2015 2572 hoc.

438 2610 612 2680 ipsum
643 2622 998 2680 expurgatum
1042 2609 1133 2662 fiat
1179 2623 1270 2661 vas
1311 2607 1530 2662 honoris
1571 2615 1622 2660 et
1660 2607 2014 2661 beatitudinis

440 2701 828 2756 habitaculum.
882 2700 935 2754 In
993 2715 1099 2769 quo
1147 2709 1286 2754 statu
1337 2698 1500 2751 etiam
1557 2696 1667 2769 (58)
1697 2711 2016 2767 permanere

438 2806 652 2860 semper
695 2802 748 2845 et
802 2790 1206 2844 immutabiliter
1261 2789 1535 2842 Creatoris
1593 2787 1868 2840 voluntate
1932 2794 2016 2840 est

440 2883 791 2949 credendum,
839 2881 996 2935 fidem
1049 2881 1125 2934 rei
1173 2880 1402 2934 faciente
1453 2881 1721 2935 sententia
1773 2878 2012 2946 Apostoli

441 2973 706 3026 dicentis:
753 2991 771 3022 ‹
830 2973 1052 3026 Domum
1102 2972 1367 3025 habemus
1417 2987 1522 3023 non
1577 2987 1734 3024 manu
1787 2968 2012 3033 factam,

440 3071 698 3115 aeternam
761 3063 870 3133 (59)
903 3064 952 3115 in
1008 3063 1161 3116 cmlis
1190 3065 1255 3116 ⁸³.
1304 3085 1321 3117 ι
1358 3061 1470 3117 Νοιι
1511 3065 1654 3118 enim
1714 3063 2008 3116 secundum

441 3149 702 3216 quosdam
736 3148 1051 3202 Graecorum
1083 3150 1432 3221 philosophos
1455 3163 1654 3222 praeter
1688 3153 1789 3205 hoc
1817 3165 2015 3220 corpus

442 3239 583 3306 quod
607 3255 670 3293 ex
699 3240 1224 3308 quatuorelementis
1250 3254 1352 3307 est,
1384 3244 1520 3297 aliud
1547 3243 1793 3312 quintum
1819 3258 2016 3310 corpus

441 3333 581 3400 quod
617 3347 714 3400 per
733 3332 910 3385 omnia
946 3333 1088 3389 aliud
1118 3335 1189 3387 sit
1215 3343 1268 3387 ct
1301 3336 1571 3388 diversum
1595 3334 1662 3387 ab
1695 3335 1796 3387 hoc
1831 3345 2016 3389 nostro

440 3431 690 3484 corpore,
727 3419 859 3472 fides
886 3417 1143 3473 Ecclesiae
1172 3420 1362 3481 recipit
1395 3438 1407 3472 :
1448 3419 1701 3488 quoniam
1733 3435 1906 3490 neque
1949 3436 2013 3474 ex

443 3507 741 3576 Scripturis
769 3509 970 3564 sanctis
993 3510 1072 3564 vel
1115 3511 1477 3578 suspicionem
1507 3512 1737 3581 aliquam
1772 3513 2016 3581 proferre

440 3605 506 3658 de
536 3604 620 3658 his
651 3602 772 3671 quis
803 3613 996 3670 potest,
1046 3619 1218 3672 neque
1251 3604 1364 3674 ipsa
1397 3619 1576 3658 rerum
1623 3606 2013 3672 consequentia

441 3694 557 3747 lucc
594 3694 760 3763 recipi
787 3695 1010 3764 patitur,
1039 3697 1271 3750 maxime
1297 3710 1418 3749 cum
1469 3694 1754 3750 manifeste
1795 3696 2017 3750 definiat

440 3796 661 3839 sanctus
702 3786 1007 3854 Apostolus,
1039 3789 1164 3857 quia
1214 3803 1317 3841 non
1361 3802 1499 3840 nova
1555 3785 1735 3854 aliqua
1780 3802 2013 3855 corpora

439 3877 851 3942 resurgentibus
886 3895 914 3929 ιι
950 3878 1175 3930 mortuis
1219 3878 1438 3941 dentur,
1471 3879 1563 3932 sed
1598 3879 1713 3931 hazc
1752 3879 1863 3947 ipsa
1892 3893 2010 3948 qua:

440 3965 681 4021 viventes
713 3966 1032 4029 habuerant,
1053 3983 1117 4021 ex
1141 3968 1495 4022 deterioribus
1519 3968 1569 4021 in
1602 3969 1793 4023 melius
1825 3979 2004 4022 trans-

441 4055 676 4112 formata
728 4057 1013 4126 recipiant.
1046 4058 1134 4111 Ait
1167 4060 1308 4112 enim
1343 4077 1356 4112 :
1397 4077 1414 4108 ι
1449 4058 1761 4113 Seminatur
1810 4074 2010 4126 corpus

439 4149 698 4214 animale,
741 4160 987 4218 resurget
1019 4165 1216 4219 corpus
1246 4149 1566 4219 Spirituale;
1606 4150 1907 4203 seminatur
1957 4151 2008 4203 in

437 4242 802 4310 corruptione,
837 4241 992 4312 155
1019 4251 1261 4312 resurget
1293 4242 1344 4296 in
1381 4241 1821 4309 incorruptione;
1855 4243 2013 4295 semi-

438 4343 602 4387 natur
641 4335 693 4386 in
724 4334 1055 4412 infirmitate,
1096 4343 1344 4404 resurget
1375 4335 1424 4387 in
1455 4334 1681 4398 virtute;
1713 4335 2011 4387 seminatur

2128 1889 2365 1934 mutatur
2394 1893 2491 1947 pro
2525 1891 2590 1930 co
2627 1875 2771 1944 quod
2812 1874 3024 1928 arbitrii
3080 1872 3159 1926 sui
3196 1870 3448 1926 libertate
3488 1869 3690 1922 donata

2125 1981 2242 2036 est;
2279 1981 2334 2024 et
2366 1984 2461 2038 per
2491 1969 2593 2022 hoc
2640 1965 2932 2036 aliquando
2980 1964 3034 2018 in
3083 1957 3260 2027 bonis,
3305 1961 3596 2029 aliquando
3635 1961 3692 2012 in

2126 2061 2424 2116 contrariis
2473 2059 2768 2113 invenitur.
2820 2057 2944 2110 Haec
2997 2069 3125 2108 vero
3179 2061 3370 2107 natura
3422 2066 3692 2120 corporea

2126 2152 2546 2210 substantialem
2579 2151 2773 2220 recipit
2819 2149 3306 2219 permutationem;
3338 2144 3479 2198 unde
3523 2153 3577 2196 et
3625 2143 3694 2196 ad

2125 2262 2284 2302 omne
2318 2245 2460 2309 quod
2520 2244 2744 2307 moliri,
2796 2242 2881 2295 vel
2928 2241 3218 2301 fabricare,
3260 2237 3345 2291 vel
3394 2246 3695 2290 retractare

2124 2339 2349 2394 voluerit
2385 2335 2579 2390 artifex
2612 2335 2849 2389 omnium
2881 2334 3041 2393 Deus,
3073 2332 3313 2385 materia:
3343 2328 3503 2396 hujus
3532 2327 3694 2380 habet

2127 2430 2177 2482 in
2213 2427 2464 2481 omnibus
2500 2425 2839 2486 famulatum,
2877 2432 2934 2475 ut
2965 2423 3016 2475 in
3039 2432 3390 2489 quascunque
3436 2419 3547 2472 vult.
3581 2417 3694 2470 for-

2124 2535 2240 2575 mas
2267 2520 2346 2572 vel
2374 2517 2603 2586 species,
2635 2524 2793 2586 prout
2819 2531 2997 2569 rerum
3038 2514 3223 2567 merita
3251 2514 3567 2580 deposcunt,
3603 2524 3694 2564 na-

2125 2621 2299 2663 turam
2355 2623 2676 2677 corpoream
2717 2616 3042 2660 transmutet
3086 2614 3138 2657 et
3187 2605 3494 2656 transferat.
3537 2600 3692 2667 Quod

2122 2700 2403 2756 evidenter
2427 2698 2689 2767 propheta
2735 2698 3028 2768 designans
3069 2697 3141 2749 ait
3173 2713 3228 2747 ε(
3253 2695 3392 2748 Deus
3431 2693 3522 2763 qui
3556 2691 3691 2749 facit

2120 2794 2300 2847 omnia
2329 2802 2383 2845 ct
2413 2798 2764 2845 transmutat.
2799 2807 2817 2840 ι
3611 2777 3613 2780 ’

2191 2883 2243 2937 8.
2277 2882 2394 2938 Jam
2443 2898 2575 2936 sane
2607 2881 2734 2936 illud
2768 2879 3118 2950 quaerendum
3157 2887 3262 2942 est,
3309 2877 3352 2932 si
3398 2886 3529 2930 tunc
3561 2890 3696 2930 cum

2120 2973 2226 3028 erit
2264 2972 2406 3027 Dens
2460 2973 2640 3026 omnia
2693 2971 2746 3025 in
2795 2970 3068 3036 omnibus,
3128 2970 3180 3022 in
3229 2969 3691 3023 consummatione

2120 3065 2364 3120 omnium
2397 3063 2653 3117 universa
2685 3061 2929 3131 corporis
2961 3068 3151 3113 natura
3183 3075 3284 3113 una
3325 3061 3505 3128 specie
3553 3073 3690 3113 cou-

2118 3155 2304 3219 stabit,
2341 3164 2395 3208 et
2419 3155 2596 3209 omnis
2631 3154 2864 3222 qualitas
2897 3152 3144 3221 corporis
3177 3151 3264 3204 illa
3297 3151 3409 3204 sola
3442 3151 3544 3205 erit
3567 3165 3687 3218 quas

2120 3246 2172 3300 in
2208 3245 2298 3298 illa
2346 3244 2694 3299 inenarrabili
2726 3243 2898 3313 gloria
2943 3243 3183 3311 fulgebit,
3238 3257 3357 3312 qua:
3407 3240 3669 3310 spiritalis

2118 3339 2360 3404 corporis
2392 3338 2568 3390 futura
2607 3352 2728 3392 esse
2760 3336 3040 3391 sentienda
3087 3347 3191 3390 est.
3234 3334 3290 3388 Si
3332 3335 3475 3388 enim
3531 3342 3680 3388 recte

2119 3431 2438 3497 accipimus,
2472 3429 2520 3482 id
2571 3431 2621 3482 in
2655 3428 2813 3482 initio
2861 3428 2982 3482 libri
3019 3427 3099 3481 sui
3132 3426 3344 3496 Moyses
3379 3425 3572 3480 scribit
3595 3425 3678 3478 di-

2117 3537 2245 3576 cens
2269 3539 2284 3577 :
2308 3541 2324 3572 ι
2348 3521 2686 3591 lnpriucipio
2709 3519 2837 3574 fecit
2869 3521 3009 3573 Deus
3036 3519 3226 3572 coelum
3259 3525 3312 3571 et
3346 3527 3544 3570 terram
3572 3515 3677 3568 θ’.»

2119 3612 2231 3667 lloc
2266 3613 2410 3665 enim
2439 3611 2762 3680 principium
2795 3608 2958 3662 totius
2985 3617 3280 3672 creatum;
3313 3607 3377 3662 ad
3413 3607 3513 3661 hoc
3534 3607 3686 3674 prin-

2115 3705 2318 3772 cipiunt
2353 3703 2510 3757 finem
2545 3701 2786 3757 omnium
2820 3701 3446 3769 consummationcmque
3479 3713 3685 3754 conve-

2117 3793 2193 3845 nit
2245 3806 2538 3846 revocare:
2580 3792 2632 3845 id
2662 3800 2747 3846 est
2792 3799 2850 3845 ut
2883 3791 3013 3845 illud
3046 3792 3266 3854 crelum,
3301 3801 3356 3844 et
3386 3789 3475 3844 illa
3513 3799 3681 3852 terra,

2115 3880 2383 3934 habitatio
2422 3889 2475 3936 et
2503 3881 2718 3949 requies
2743 3881 2816 3936 sit
2843 3881 3051 3950 piorum
3080 3898 3094 3947 ;
3127 3881 3202 3934 ita
3250 3888 3309 3932 ut
3339 3880 3489 3948 prius
3519 3888 3684 3934 terrae

2117 3969 2264 4025 illius
2292 3971 2466 4026 sancti
2509 3973 2712 4040 quique
2743 3981 2796 4027 et
2843 3971 3108 4026 mansueti
3155 3971 3530 4026 haereditatem
3579 3986 3679 4026 ca-

2115 4062 2287 4131 piant,
2315 4063 2749 4132 quandoquidem
2783 4064 2886 4118 hoc
2907 4064 3068 4117 etiam
3099 4063 3201 4123 lex.
3231 4071 3282 4116 et
3307 4063 3602 4133 prophetae,
3627 4072 3683 4117 et

2113 4151 2462 4220 Evangelium
2495 4154 2713 4206 docent.
2769 4152 2824 4206 ln
2858 4167 2965 4220 qua
3009 4163 3149 4208 terra
3186 4163 3316 4222 puto
3367 4167 3489 4206 esse
3517 4167 3682 4207 veras

2114 4243 2234 4297 illas
2251 4253 2306 4297 et
2326 4245 2476 4298 vivas
2507 4245 2710 4299 formas
2729 4245 2873 4298 illius
2898 4244 3261 4297 observantiae
3284 4258 3443 4312 quam
3469 4241 3682 4313 Moyses

2114 4349 2208 4402 per
2233 4334 2370 4404 legis
2399 4338 2643 4389 umbram
2692 4336 2960 4389 tradebat.
3005 4334 3080 4387 De
3107 4333 3303 4402 quibus
3333 4334 3535 4388 dictum
3570 4341 3676 4397 est,

440 4425 492 4476 in
524 4424 880 4492 ignobilitate,
901 4411 1166 4492 [resurget
1212 4424 1264 4477 in
1300 4423 1468 4492 gloria
1512 4425 1575 4476 ⁸⁸.
1619 4443 1637 4474 ι
1691 4423 1842 4478 Sicut
1875 4438 2007 4491 ergo
2040 4439 2082 4494 ι)
2113 4428 2572 4494 ῳιίειιθιιεηιρΙθνί
2601 4437 2654 4480 et
2687 4429 2889 4481 umbrae
2916 4428 3229 4481 deserviunt
3251 4426 3552 4480 caelestium
3573 4424 3675 4491 “5;:

439 4514 712 4580 profectus
744 4524 827 4569 est
850 4515 1054 4570 homini
1089 4517 1307 4583 quidam
1345 4515 1476 4586 (60),
1513 4525 1570 4569 ιιι
1597 4531 1717 4569 cum
1757 4516 1830 4568 sit
1857 4516 2005 4581 prius

441 4601 692 4655 animalis
736 4603 916 4668 homo,
971 4620 1072 4659 nec
1122 4606 1383 4676 intelligat
1433 4622 1553 4675 qua:
1613 4607 2005 4673 suntSpiritns

440 4689 558 4759 Dei,
599 4695 779 4749 veniat
830 4695 880 4747 in
936 4696 1038 4748 hoc
1087 4711 1180 4764 per
1230 4697 1585 4750 eruditionem
1633 4707 1692 4749 ut
1744 4698 2006 4752 efﬁciatur

437 4783 715 4851 spiritalis,
765 4793 818 4838 et
863 4785 1117 4852 dijudicet
1161 4787 1364 4852 omnia,
1401 4787 1513 4856 ipse
1557 4804 1690 4840 vero
1729 4803 1756 4840 a
1791 4790 2007 4842 nemine

508 4939 554 4971 ⁸⁸
578 4938 620 4993 ll
651 4940 779 4994 Cor.
809 4957 861 5007 v,
891 4943 941 4995 1.
1019 4943 1064 4974 ⁸⁵
1103 4941 1119 4994 Ι
1153 4941 1278 4998 Cor.
1304 4959 1396 5009 xv,
1435 4944 1524 5010 42,
1557 4944 1645 5007 15.
1671 4944 1760 4998 εΗ.

439 5141 472 5156 ,Δ
512 5073 620 5146 (56)
662 5074 919 5156 Siemss.
958 5077 1013 5131 ln
1060 5079 1222 5156 editis
1263 5080 1432 5144 deest,
1477 5098 1496 5131 ί
1548 5082 1742 5136 nostri.
1777 5102 1797 5134 ›
1851 5085 2006 5139 Deest

435 5146 563 5198 item
600 5163 618 5196 ί
660 5146 918 5212 spiritalis
949 5152 1212 5215 corporis.
1247 5168 1266 5199 ι

503 5215 615 5286 (57)
655 5215 785 5269 Vide
814 5215 848 5268 Ι.
888 5233 921 5269 ιι
951 5217 1283 5286 Qrigeniun.,
1313 5227 1500 5286 quaest.
1533 5219 1588 5284 9,
1617 5236 1764 5272 num.
1793 5222 1843 5277 7.

529 5285 616 5344 58)
647 5286 781 5339 Vide
811 5286 846 5337 l.
883 5302 916 5338 ιι
950 5285 1284 5352 0rigenian.,
1312 5302 1367 5355 q.
1401 5289 1488 5351 11,
1522 5307 1574 5342 ιι.
1601 5289 1632 5340 9
1665 5301 1718 5342 et
1744 5291 1836 5344 ‘23.

531 5354 619 5425 59)
651 5355 957 5425 Aharnam.
987 5357 1146 5408 Deest
1176 5357 1226 5407 in
1258 5354 1411 5410 antea
1444 5359 1627 5422 editis,
1657 5361 1748 5410 sed
1777 5361 2006 5414 habetur

437 5423 488 5476 in
519 5423 648 5480 mss.
684 5424 800 5477 Mox
828 5440 978 5490 mss.,
1023 5444 1040 5473 ‹
1079 5427 1372 5478 secundum
1409 5429 1666 5494 quosdam
1691 5427 2000 5484 Grtncorurn

435 5494 802 5561 philosophos.
846 5512 864 5542 ›
904 5495 958 5548 1η
989 5494 1147 5546 editis
1180 5494 1353 5556 deest,
1402 5515 1419 5546 ι
1459 5498 1740 5564 quosdam.
1787 5517 1805 5549 ›
1839 5499 2004 5552 Paulo

435 5573 553 5626 post
582 5579 736 5624 mss.,
777 5582 795 5614 ι
841 5565 971 5616 fides
1014 5564 1263 5618 Ecclesia:
1305 5567 1516 5634 recipit.
1551 5583 1569 5617 ι
1613 5566 1780 5632 Editi,
1813 5587 1832 5618 ι
1873 5570 2005 5624 lides

438 5637 746 5685 necessario
784 5635 998 5700 recipit.
1040 5653 1057 5683 ν

515 5701 627 5768 (60)
670 5700 897 5766 Quidum
959 5701 1032 5754 lta
1072 5704 1443 5774 manuscripti.
1485 5706 1627 5760 Editi
1657 5721 1806 5774 vero,
1835 5726 1852 5757 ί
1883 5707 2003 5776 qui—

1842 4947 1884 4976 ⁶⁷
1914 4945 2049 5003 Gen.
2081 4963 2119 5013 ι,
2148 4949 2195 5000 1.

2116 4517 2166 4570 1ιὶ
2204 4511 2436 4580 seilicct,
2466 4517 2556 4583 qui
2590 4517 2902 4571 serviebant
2927 4517 2978 4570 in
3011 4516 3147 4582 lege.
3179 4515 3287 4569 Sed
3317 4523 3372 4569 et
3410 4515 3474 4568 ad
3501 4515 3676 4584 ipsum

2115 4606 2329 4675 Moysen
2367 4608 2567 4658 dictum
2616 4615 2736 4660 est:
2774 4625 2792 4657 ‹
2833 4607 2966 4660 Vide
3015 4616 3074 4660 ut
3128 4609 3299 4663 facias
3341 4607 3524 4662 omnia
3559 4607 3677 4678 (61)

2113 4700 2410 4753 secundum
2426 4696 2652 4749 fortnam
2671 4707 2725 4750 et
2744 4698 3151 4753 similitudinem
3179 4716 3298 4768 qum
3332 4700 3426 4753 tibi
3454 4709 3674 4754 ostensa

2113 4797 2197 4842 est
2224 4787 2275 4840 in
2309 4796 2486 4840 monte
2519 4787 2583 4842 ‘9.
2623 4807 2640 4838 ι
2677 4786 2828 4842 Unde
2856 4790 2988 4842 mihi
3013 4790 3223 4844 videtur
3261 4792 3402 4860 quod
3436 4791 3580 4846 sicut
3620 4789 3674 4842 in

2278 4948 2322 4978 ⁸⁸
2350 4947 2483 5002 lleb.
2526 4964 2644 5013 vm,
2666 4951 2722 5004 5.
2799 4949 2842 4981 ⁶⁹
2870 4949 3045 5003 Exod.
3073 4965 3204 5014 xxx,
3230 4950 3321 5004 40.

2117 5086 2260 5159 dem,
2294 5103 2311 5135 ι
2345 5085 2485 5159 Infra
2516 5089 2892 5157 manuscripti,
2932 5106 2950 5138 ‹
2976 5103 3070 5155 pro
3097 5086 3404 5159 ministerio
3426 5088 3667 5146 animat.)

2115 5154 2258 5207 Editi
2287 5158 2558 5219 mendose,
2594 5175 2614 5226 ς
2649 5174 2744 5226 pro
2777 5154 3032 5225 mysterio
3069 5162 3280 5213 animze.
3312 5175 3330 5207 ι
3363 5156 3484 5209 Mox
3518 5174 3672 5222 mss.,

2121 5240 2140 5294 ς
2179 5239 2299 5278 eum
2325 5226 2500 5279 anima
2531 5225 2780 5293 adjuncta
2825 5227 2933 5278 Deo
2962 5243 3100 5283 unus
3135 5245 3256 5284 cum
3286 5241 3352 5280 eo
3388 5228 3671 5294 spiritusa

2112 5293 2168 5346 Ιιι
2203 5295 2368 5364 editis
2395 5295 2564 5360 deest,
2603 5315 2620 5345 ‹
2659 5297 2938 5364 adjuncta.
2980 5314 2998 5346 ι

2116 5431 2126 5442 ο
2185 5362 2295 5433 (61)
2334 5363 2544 5442 Omnia.
2573 5364 2695 5417 llaec
2727 5362 3006 5442 vox_deest
3031 5367 3080 5420 in
3110 5368 3291 5442 editis,
3324 5368 3416 5442 sed
3444 5367 3676 5423 habetur

2113 5432 2346 5505 iniuss.
2390 5432 2509 5505 Mox
2558 5448 2710 5496 mss.,
2751 5453 2768 5483 ι
2799 5437 2869 5505 ab
2903 5436 3014 5502 ipsa
3051 5439 3269 5505 perduci
3325 5438 3603 5491 deberent.
3649 5456 3671 5491 ι

2106 5502 2278 5564 Editi,
2307 5521 2325 5552 ι
2352 5503 2420 5554 ab
2453 5502 2566 5569 ipso
2589 5503 2809 5570 perduci
2831 5502 3108 5561 deberent.
3135 5527 3152 5557 ι
3179 5507 3345 5560 Paulo
3371 5515 3490 5572 post
3517 5523 3671 5572 mss.,

2121 5587 2137 5620 ι
2177 5584 2396 5624 sanctos
2437 5586 2683 5641 quosque
2727 5574 3049 5641 suscipiens.
3090 5595 3106 5625 ι
3146 5577 3198 5630 In
3253 5577 3414 5631 editis
3473 5577 3622 5630 deest
3655 5616 3672 5639 .

2119 5659 2151 5714 ς*
2176 5655 2440 5714 quosque.
2483 5660 2500 5690 ι
2539 5640 2657 5694 Mox
2689 5657 2844 5704 mss.,
2878 5640 2900 5693 ι
2945 5644 2995 5696 in
3023 5661 3129 5714 quo
3166 5661 3288 5701 vere
3319 5647 3425 5700 erit
3461 5645 3615 5699 illud.
3647 5664 3667 5698 ι

2113 5710 2251 5764 Edtti
2288 5712 2564 5778 omittunt,
2600 5728 2618 5763 ‹
2655 5727 2800 5767 vere.
2832 5730 2850 5761 ι
