4014 6142
354 296 459 353 ειη

1584 295 1905 352 ORIGENIS
1944 298 2100 350 IIEPI
2137 294 2367 349 ΑΡΧΩΝ

3495 280 3597 334 3ζ8

355 417 423 472 de
463 416 644 484 templi
676 417 908 483 decore,
953 418 1032 473 vel
1069 417 1135 472 de
1173 416 1362 472 altaris
1396 415 1728 485 insignibus,
1762 429 1905 486 atqui

2032 414 2227 485 μένων.
2271 407 2592 480 Ἐπληρώθη
2610 404 3011 478 γὰρήλέγουσα
3045 405 3368 476 προφητεία·
3384 423 3401 455 ι
3432 394 3599 465 Ἡμέ-

354 508 610 563 om‘nihus
636 508 743 564 illis
775 508 1202 565 sacerdotalibus
1239 506 1442 574 infulis,
1478 507 1921 576 indumentisque

355 599 694 668 pontificum,
734 598 892 654 simul
956 600 1206 652 universa
1249 600 1523 653 destructa
1562 608 1712 653 sunt.
1759 598 1919 653 Com-

358 690 499 759 pleta
548 702 627 747 est
662 692 803 744 enim
843 690 1122 757 prophetia
1157 704 1276 757 quae
1314 688 1528 745 dixerat
1566 707 1578 743 :
1622 708 1641 742 ι
1670 690 1774 744 Per
1804 690 1918 744 dies

357 781 557 835 multos
583 780 843 835 sedebunt
874 780 963 833 lilii
993 779 1157 832 Israel
1193 780 1309 834 sine
1330 795 1475 851 rege,
1498 782 1615 835 sine
1642 781 1916 850 principe;

357 885 462 922 non
493 870 595 922 erit
627 868 825 931 hostia,
873 883 971 922 nec
1010 869 1203 932 altare,
1255 884 1355 923 nec
1400 871 1782 936 sacerdotium,
1822 885 1921 925 nec

357 972 608 1027 respousa
631 959 695 1010 ⁷⁸.
731 976 749 1008 ι
789 959 882 1012 Ilis
912 973 1041 1028 ergo
1064 960 1387 1014 testimoniis
1419 960 1623 1013 utimur
1652 960 1920 1014 adversus

353 1063 446 1104 eos
476 1048 567 1117 qui
594 1048 842 1103 videntur
876 1064 1124 1103 asserere
1168 1049 1329 1120 159
1358 1050 1426 1104 de
1455 1050 1539 1103 his
1575 1064 1694 1118 qua:
1728 1051 1781 1103 in
1813 1049 1920 1105 Ge-

353 1139 464 1193 nesi
500 1139 566 1193 ab
595 1136 762 1192 Iacob
790 1138 932 1193 dicta
977 1149 1125 1205 sunt,
1155 1143 1296 1210 quod
1329 1141 1392 1196 de
1419 1138 1553 1195 Iuda
1599 1139 1745 1195 dicta
1777 1142 1912 1207 sint;

350 1239 402 1285 et
446 1231 633 1285 dicunt
673 1245 997 1299 permanere
1032 1231 1208 1286 adhuc
1251 1232 1549 1301 principem
1603 1247 1671 1285 ex
1720 1247 1917 1301 genere

347 1322 517 1385 Iudae,
546 1322 970 1377 istumvidelicet
998 1323 1087 1390 qui
1114 1332 1198 1377 est
1224 1323 1401 1391 gemis
1424 1336 1607 1376 eorum
1637 1324 1913 1391 princeps,

348 1428 506 1482 quem
532 1414 815 1467 nominant
831 1413 1199 1481 patriarcham
1224 1411 1361 1481 (ει),
1392 1427 1489 1467 nec
1511 1414 1739 1468 deficere
1759 1428 1918 1482 posse

347 1503 414 1555 de
453 1502 663 1556 semine
683 1501 799 1567 ejus
820 1502 910 1568 qui
946 1510 1298 1568 permaneant
1335 1513 1506 1568 usque
1533 1503 1599 1554 ad
1630 1502 1915 1555 adventum

346 1593 463 1661 ejus
493 1592 692 1645 Christi
723 1606 882 1661 quem
904 1591 1007 1646 sibi
1037 1591 1136 1660 ipsi
1169 1592 1501 1646 describunt.
1524 1590 1628 1646 Sed
1652 1593 1699 1645 si
1727 1607 1915 1645 verum

346 1690 427 1735 est
455 1682 602 1748 quod
624 1681 700 1735 ait
732 1684 1014 1750 propheta,
1054 1682 1181 1750 quia
1213 1700 1230 1732 ι
1272 1682 1388 1736 dies
1417 1682 1622 1737 multos
1653 1683 1917 1737 sedebant

2026 523 2125 577 ρας
2148 503 2346 565 πολλὰς
2377 500 2691 553 καθίσονται
2713 498 2825 569 (82)
2845 498 2893 549 οί
2920 496 3029 548 υἱοὶ
3063 493 3297 565 Ἰσραήλ,
3322 491 3420 544 οὐκ
3447 489 3599 553 ὄντος

2026 595 2310 667 βασιλέως,
2330 592 2451 645 οὐδὲ
2473 591 2626 654 ὄντος
2640 591 2915 661 ἄρχοντος,
2940 587 3038 641 οὐκ
3059 588 3114 639 οἵ
3126 602 3223 656 σης
3242 582 3453 647 θυσίας,
3477 579 3598 634 οὐδὲ

2021 686 2173 747 ὄντος
2217 678 2620 750 θυσιαστηρίου,
2660 676 2781 730 οὐδὲ
2825 673 3119 746 ίερατείας,
3170 669 3292 723 οὐδὲ
3340 668 3531 739 δήλων.
3571 683 3591 717 ι

2021 774 2132 828 Καὶ
2163 773 2371 836 τούτοις
2413 770 2671 844 χρώμεθα
2708 770 2820 831 τοῖς
2855 768 3057 837 ῥητοῖς,
3104 761 3240 835 πρὸς
3271 761 3397 823 τοὺς
3431 762 3487 812 ὲν
3518 757 3597 828 τῷ

2021 864 2297 918 θλίϐεσθαι
2321 865 2427 917 ἀπὸ
2458 862 2566 916 τῶν
2587 864 2645 914 ὲν
2667 862 2731 931 τῇ
2762 857 2975 912 Γενέσει
2996 856 3100 909 ὑπὸ
3117 852 3211 908 τοῦ
3250 850 3442 906 Ἰακὼϐ
3464 850 3597 921 πρὸς

2019 956 2109 1009 τὸν
2149 955 2349 1009 Ἰούδαν
2376 953 2676 1025 εἰρημένων
2706 952 3013 1020 φάσκοντας
3048 945 3138 999 τὸν
3180 944 3448 1016 ἐθνάρχην
3488 940 3597 995 άπὸ

2020 1046 2110 1099 τοῦ
2158 1046 2328 1099 Ἰούδα
2358 1044 2547 1113 γένους
2573 1041 2904 1111 τυγχάνοντα
2947 1039 3137 1109 ἄρχειν
3176 1035 3270 1089 τοῦ
3302 1032 3452 1097 λαοῦ,
3494 1032 3597 1085 οὐκ

2020 1137 2374 1207 ἐκλεαινόντων
2409 1135 2515 1187 τῶν
2537 1133 2643 1187 ἀπὸ
2675 1132 2765 1186 τοῦ
2799 1131 3110 1204 σπέρματος
3141 1127 3252 1198 (85)
3275 1124 3458 1189 αὐτοῦ,
3491 1124 3598 1187 ἕως

2018 1226 2085 1301 ἧς
2119 1224 2471 1297 φαντάζονται
2514 1222 2746 1296 Χριστοῦ
2774 1222 3084 1291 ἐπιδημίας.
3116 1220 3177 1272 El
3204 1218 3312 1289 γὰρ
3335 1235 3353 1268 ι
3384 1215 3597 1286 ἡμέρας

2020 1321 2218 1383 πολλὰς
2242 1319 2551 1373 καθίσονται
2575 1317 2683 1387 (84)
2715 1317 2763 1368 οἱ
2782 1316 2885 1368 υἱοὶ
2900 1310 3246 1382 Ἰσραὴλ,οὐκ
3260 1310 3411 1372 ὄντος
3445 1307 3598 1379 βασι-

2019 1413 2174 1475 λέως,
2212 1412 2345 1483 μηδὲ
2379 1410 2529 1473 ὄντος
2561 1410 2838 1479 ἄρχοντος,
2880 1406 2983 1457 οὐκ
3026 1402 3191 1474 οῦσης
3220 1402 3431 1466 θυσίας,
3475 1397 3595 1454 οὐδὲ

2019 1502 2424 1573 θυσιαστηρίου,
2450 1501 2568 1553 οὐδὲ
2600 1498 2887 1571 ἰερατείας,
2924 1496 3044 1551 οὐδὲ
3068 1496 3239 1567 δήλων
3260 1511 3275 1524 ο
3315 1515 3333 1547 ι
3369 1492 3427 1560 ἐξ
3450 1486 3513 1545 οὗ
3539 1492 3596 1575 δὲ

2019 1593 2338 1662 κατεσκάφη
2370 1595 2398 1645 ὁ
2424 1592 2570 1655 ναὸς,
2601 1591 2701 1644 οὐκ
2731 1589 2810 1643 ἔτι
2839 1588 3018 1650 θυσία,
3048 1585 3168 1639 οὐδὲ
3194 1585 3591 1654 θυσιαστήριον,

2019 1686 2140 1738 οὐδὲ
2185 1685 2442 1755 ἰερατείασ
2486 1682 2645 1752 δῆλον
2684 1682 2765 1733 ὅτι
2806 1679 3046 1746 ἐξέλιπεν
3086 1677 3267 1748 ἄρχων
3300 1674 3356 1742 ἐξ
3403 1672 3590 1736 Ἰούδα,

348 1775 440 1829 filii
474 1774 636 1829 Israel
664 1775 780 1829 sine
809 1788 956 1843 rege,
986 1774 1103 1827 sine
1124 1775 1396 1843 principe,
1433 1789 1532 1828 nec
1559 1776 1664 1829 erit
1710 1775 1905 1835 hostia,

2019 1776 2114 1829 κα).
2136 1774 2435 1845 ἡγούμενος
2466 1774 2531 1825 ἐκ
2550 1771 2655 1824 τῶν
2681 1770 2868 1842 μηρῶν
2897 1768 3082 1823 αὑτοῦ.
3125 1768 3280 1821 Ἐπεὶ
3304 1766 3362 1820 δὲ
3393 1768 3425 1836 ἡ
3462 1781 3594 1836 προ-

347 1879 447 1919 nec
476 1863 674 1929 altare,
723 1858 823 1917 nec
872 1864 1282 1928 sacerdotium;
1326 1882 1343 1914 ι
1382 1872 1437 1917 ει
1470 1864 1656 1933 utique
1690 1880 1756 1918 ex
1805 1880 1913 1932 quo

344 1956 658 2008 subversum
689 1962 772 2007 est
795 1952 1075 2021 templum,
1113 1968 1212 2007 nec
1242 1953 1432 2007 hostiae
1452 1952 1781 2017 efferuntur,
1812 1970 1911 2008 nec

343 2046 516 2098 altare
552 2044 844 2106 invenitur,
878 2058 977 2098 nec
1003 2044 1373 2098 sacerdotium
1403 2052 1639 2108 constat,
1666 2044 1912 2098 certissi-

342 2149 490 2188 mum
515 2142 599 2189 est
616 2132 876 2189 defecisse
897 2134 1172 2202 principes
1197 2150 1262 2187 ex
1284 2130 1443 2199 Juda,
1470 2134 1614 2188 sicut
1643 2135 1906 2205 scriptum

341 2238 443 2291 est,
478 2235 533 2280 et
573 2228 766 2281 ducem
806 2241 869 2280 ex
922 2224 1221 2281 femoribus
1266 2226 1382 2295 ejus
1433 2242 1715 2297 nsqueqao
1766 2230 1911 2281 venit

344 2310 435 2365 ille
482 2314 565 2366 cui
612 2314 906 2382 repositum
951 2324 1034 2369 est
1058 2315 1129 2368 ⁷⁸.
1165 2315 1391 2369 Constat
1437 2331 1566 2387 ergo
1610 2317 1735 2385 quia
1764 2319 1910 2371 venit

2019 1866 2215 1937 φητεία
2256 1864 2440 1936 φησὶν,
2497 1883 2514 1914 ι
2545 1864 2659 1917 Οὐκ
2704 1862 2940 1931 ἐκλείψει
2970 1862 3151 1933 ἄρχων
3185 1858 3243 1923 ἐξ
3286 1857 3454 1911 ’ἰούδα
3499 1857 3593 1911 καὶ

2018 1954 2316 2026 ἡγούμενος
2372 1956 2437 2006 ὲκ
2482 1951 2587 2005 τῶν
2631 1950 2819 2022 μηρῶν
2853 1949 3039 2013 αὐτοῦ,
3091 1948 3195 2011 ἕως
3230 1947 3295 2001 ἂν
3350 1946 3479 2020 ἔλθῃ
3523 1945 3593 2001 τὰ

2017 2045 2352 2116 ἀποκείμενα
2383 2043 2547 2114 αὐτῷ·
2592 2043 2779 2114 »δῆλον
2810 2043 2892 2096 ὃτι
2930 2040 3184 2112 ἐλήλυθεν
3209 2032 3252 2108 ᾧ
3282 2039 3348 2092 τὰ
3373 2036 3593 2093 ἀποκεί-

2018 2155 2176 2208 μενα,
2234 2138 2267 2206 ἡ
2323 2135 2614 2207 προσδοκία
2670 2132 2777 2188 τῶν
2833 2132 3019 2186 ἐθνῶν.
3071 2131 3184 2184 Καὶ
3226 2130 3383 2184 τοῦτο
3424 2128 3593 2199 σαφὲς

2016 2232 2080 2281 ἐκ
2104 2227 2197 2281 τοῦ
2228 2226 2462 2296 πλήθους
2487 2226 2593 2279 τῶν
2619 2224 2786 2278 ἐθνῶν
2805 2223 2912 2278 τῶν
2934 2223 3023 2278 διὰ
3045 2221 3281 2293 Χριστοῦ
3303 2238 3585 2276 πεπιστευ-

2015 2317 2187 2371 κότων
2221 2317 2331 2389 (85)
2363 2317 2442 2379 εἰς
2472 2316 2563 2369 τὸν
2596 2315 2746 2371 Θεόν.

341 2403 431 2460 ille
457 2405 546 2459 cui
579 2406 870 2474 repositum
905 2417 1012 2473 est,
1062 2410 1115 2462 in
1158 2424 1265 2478 quo
1287 2410 1623 2478 exspeCtatio
1655 2409 1897 2479 gentium
1926 2420 2029 2465 est.
2068 2411 2222 2476 Quod
2256 2410 2543 2465 manifeste
2578 2409 2792 2465 videtur
2826 2411 3103 2479 impletum
3148 2411 3214 2463 de
3246 2406 3594 2465 multitudine

339 2513 527 2554 eorum
558 2500 649 2569 qui
687 2516 782 2571 per
808 2502 1082 2556 Christum
1114 2502 1225 2557 Deo
1259 2518 1327 2557 ex
1361 2503 1589 2559 diversis
1618 2503 1873 2571 gentibus
1906 2504 2276 2559 crediderunt.

408 2594 464 2648 ι.
508 2593 614 2649 Sed
645 2607 700 2650 et
737 2596 789 2650 in
820 2597 1225 2653 Deuteronomii
1287 2598 1503 2654 cantico
1554 2614 1653 2668 per
1683 2600 1915 2670 prophe-

337 2684 468 2740 tiam
499 2684 810 2754 designatur
843 2702 940 2755 pro
991 2689 1235 2753 peccatis
1268 2688 1466 2757 prioris
1516 2688 1698 2759 populi
1726 2688 1908 2744 futura

334 2791 455 2831 esse
510 2777 796 2832 insensata:
862 2778 1038 2848 gentis
1086 2778 1324 2844 electio,
1378 2794 1482 2833 non
1555 2780 1658 2834 alia
1724 2781 1910 2849 utique

334 2882 496 2937 quam
524 2868 640 2921 haec
671 2883 792 2939 qua:
839 2883 937 2936 per
962 2867 1247 2925 Christum
1293 2868 1435 2925 facta
1465 2880 1551 2924 est
1582 2887 1597 2935 ;
1649 2871 1726 2924 sic
1762 2870 1903 2925 enim

336 2961 458 3013 ait:
499 2978 518 3009 ι
548 2959 1028 3015 Exacerbaverunt
1066 2977 1151 3015 me
1186 2963 1239 3017 in
1280 2962 1590 3017 simulacris
1641 2963 1793 3026 suis,
1851 2970 1906 3015 et

334 3067 436 3122 ego
472 3053 525 3106 iu
559 3054 675 3107 zelo
709 3054 995 3108 concitabo
1023 3067 1119 3108 eos
1140 3093 1156 3119 ,
1192 3055 1244 3108 in
1271 3064 1432 3122 gente
1462 3053 1753 3122 insipiente
1787 3054 1903 3107 irri-

339 3141 463 3197 tabo
494 3144 666 3198 eos".
699 3162 718 3195 ι
780 3144 877 3198 Est
919 3159 1049 3213 ergo
1100 3145 1233 3198 satis
1264 3145 1545 3198 evidenter
1588 3158 1902 3212 agnoscere,

334 3231 786 3300 quemadmodum
817 3232 1026 3287 Ilebrtei
1076 3234 1166 3301 qui
1226 3233 1396 3287 Deum
1439 3224 1773 3287 exacerbare
1820 3232 1903 3287 di-

333 3336 533 3381 cuntur
562 3327 615 3381 in
648 3327 732 3383 his
752 3328 841 3396 qui
876 3342 980 3381 non
1014 3336 1139 3380 sunt
1163 3326 1258 3391 dii,
1314 3335 1368 3381 et
1405 3326 1648 3380 irritasse
1689 3341 1811 3379 eum
1848 3325 1900 3379 in

2081 2600 2191 2653 Καὶ
2230 2601 2286 2652 ἐν
2316 2602 2380 2671 τῇ
2422 2599 2515 2653 τοῦ
2548 2598 2967 2669 Δευτερονομίου
2999 2598 3057 2652 δὲ
3087 2596 3198 2668 ᾠδῇ
3234 2593 3589 2667 προφητικῶς

2008 2690 2260 2760 δηλοῦται
2292 2693 2324 2760 ἡ
2359 2689 2447 2743 διὰ
2487 2689 2555 2743 τὰ
2588 2690 2960 2760 ἁμαρτήματα
3009 2687 3103 2741 τοῦ
3148 2687 3413 2759 προτέρου
3458 2685 3584 2739 λαοῦ

2007 2780 2238 2849 ἐσομένη
2270 2779 2378 2833 τῶν
2408 2780 2683 2833 ἀσυνέτων
2714 2778 2888 2831 ἐθνῶν
2917 2777 3134 2849 ἐκλογὴ,
3160 2778 3220 2831 οὐ
3243 2776 3310 2830 δι’
3334 2777 3492 2831 ἄλλου
3514 2795 3587 2830 τις

2006 2871 2146 2943 νὸςῆ
2175 2871 2264 2923 τοῦ
2290 2871 2469 2941 Ἰησοῦ
2490 2870 2830 2942 γεγενημένη
2859 2869 2991 2940 (86).
3027 2888 3044 2919 ι
3074 2869 3235 2923 Αὐτοὶ
3264 2869 3393 2940 γὰρ,
3426 2869 3584 2939 φησι,

2009 2962 2401 3033 παρεξήλωσάν
2436 2980 2501 3032 με
2532 2962 2617 3014 ἐπ’
2646 2962 2706 3013 οὑ
2733 2960 2869 3031 Θεῷ,
2909 2959 3262 3030 παρώργισάν
3292 2977 3358 3031 με
3386 2961 3445 3012 ἐν
3470 2962 3586 3022 τοῖς

2006 3054 2240 3117 εἰδώλοις
2275 3053 2474 3119 αὐτῶν,
2514 3052 2667 3122 κάγὼ
2700 3051 3081 3125 παραζηλώσω
3112 3053 3308 3116 αὐτοὺς
3352 3053 3439 3106 ἐπ’
3484 3054 3584 3106 οὐκ

2004 3146 2167 3209 ἔθνει,
2202 3146 2296 3199 καὶ
2324 3146 2415 3199 ἐπὶ
2437 3145 2576 3199 ἔθνει
2597 3146 2844 3215 ἀσυνέτῳ
2880 3146 3159 3215 παροργιῶ
3179 3144 3395 3208 αὐτούς.
3421 3164 3439 3197 ι
3473 3143 3584 3199 Καὶ

2003 3236 2117 3290 ἐστι
2145 3237 2349 3309 σφόδρα
2380 3237 2593 3309 τρανῶς
2619 3236 2945 3292 καταλαϐεῖν
2964 3236 3206 3301 δυνατὸν,
3233 3240 3355 3292 τίνα
3382 3238 3583 3309 τρόπον

2002 3332 2049 3384 οἰ
2069 3331 2350 3402 λεγόμενοι
2371 3330 2821 3401 παρεζηλωκέναι
2845 3331 2933 3383 τὸν
2959 3329 3090 3382 Θεὸν
3127 3329 3365 3401 Ἑϐραῖοι
3390 3329 3482 3383 ἐπὶ
3502 3329 3581 3400 τῷ

332 3418 639 3474 simulacris
671 3419 804 3485 suis,
857 3417 1055 3473 irritati
1106 3418 1217 3472 sint
1270 3428 1325 3473 et
1377 3418 1478 3489 ipsi
1533 3419 1585 3472 in
1631 3420 1901 3490 zclotypia

2013 3424 2061 3476 at)
2085 3422 2222 3494 Θεῷ,
2254 3424 2347 3477 καί
2374 3424 2782 3494 παρωργικέναι
2807 3423 2968 3477 αὐτὸν
2997 3424 3054 3477 ἐν
3080 3425 3191 3486 τοῖς
3218 3421 3455 3486 εἰδώλοις
3483 3421 3580 3476 αὐ-

1563 3537 2122 3596 ιΝΤΕιιΡιιΕΤΑΤιο
2155 3540 2364 3598 NOVA.

330 3631 505 3703 tium?
537 3631 615 3687 Ex
645 3630 870 3688 historia
897 3632 1040 3703 enim
1070 3640 1126 3686 et
1161 3632 1229 3688 iis
1260 3648 1381 3702 quae
1407 3631 1571 3687 hodie
1612 3643 1934 3697 cernuntur,
1967 3634 2322 3695 manifestum
2359 3642 2442 3689 est
2483 3651 2512 3689 a
2544 3634 2746 3690 Christi
2796 3634 3134 3703 temporibus
3174 3633 3351 3688 nullos
3380 3633 3577 3689 deinde

329 3700 644 3774 .Iudteorurn
699 3716 859 3774 reges
890 3702 1189 3774 castitisse,
1252 3700 1439 3757 fractis
1469 3712 1523 3755 et
1558 3703 1841 3774 dissipatis
1875 3704 2040 3759 rebus
2085 3705 2340 3759 omnibus
2387 3703 2629 3760 Iudaicis
2683 3706 2879 3773 quibus
2909 3700 3311 3774 gloriabantur,
3373 3703 3577 3774 templo

329 3772 763 3843 netnpe,_altari,_
785 3771 862 3825 rei
904 3772 1101 3843 divina:
1124 3782 1383 3843 consueto
1413 3773 1542 3843 ritu,
1574 3782 1628 3828 et
1660 3773 1992 3829 indumentis
2016 3773 2304 3841 pontiﬁcis.
2338 3774 2558 3841 lmpleta
2583 3783 2666 3829 est
2701 3771 2900 3843 quippe
2920 3771 3209 3842 prophetia
3240 3786 3364 3841 qua:
3391 3772 3526 3843 dicit
3557 3789 3573 3825 :

333 3839 480 3913 ¢_Per
512 3840 628 3895 dies
660 3841 1157 3913 multos_sedcbunt
1187 3842 1288 3913 _lllii
1322 3841 1486 3895 Israel
1511 3844 1629 3897 sine
1654 3857 1803 3913 rege,
1834 3843 1951 3896 sine
1978 3839 2245 3913 principe,
2272 3843 2390 3896 sine
2412 3839 2852 3910 sacrificio,'sine
2883 3839 3065 3913 altari,
3098 3845 3219 3913 sine
3239 3839 3572 3913 sacerdotio,

327 3910 446 3965 sine
473 3909 771 3982 responsis.
802 3928 820 3961 ι
854 3909 1060 3975 Quibus
1089 3911 1269 3982 verbis
1315 3913 1522 3964 utimur
1548 3909 1808 3982 adversus
1840 3926 1934 3967 eos
1969 3909 2061 3980 qui
2098 3912 2225 3964 dum
2276 3924 2539 3981 urgentur
2566 3914 2634 3968 iis
2660 3909 2778 3982 qua:
2805 3914 2856 3967 in
2879 3911 3067 3968 Generi
3090 3915 3157 3968 ab
3188 3910 3356 3966 Jacob
3383 3911 3450 3966 ad
3480 3909 3574 3982 Jgu-
3606 3972 3611 3977 ,

326 3982 450 4033 dam
476 3980 620 4034 dicta
650 3988 795 4052 sunt,
813 3994 1139 4052 permanere
1155 3981 1452 4052 etiamnum
1474 3996 1538 4034 ex
1562 3996 1760 4051 genere
1776 3980 1926 4052 Iuda:
1943 3989 2190 4052 asserunt
2220 3979 2517 4049 principem
2543 3984 2631 4050 qui
2658 3979 2853 4052 populo
2870 3984 3203 4044 dominetur,
3229 3996 3403 4051 neque
3422 3979 3576 4035 defu-

326 4061 481 4105 turos
508 4066 572 4104 ex
598 4046 947 4120 seminefejus
978 4049 1144 4120 duces
1164 4063 1337 4119 usque
1359 4050 1427 4120 ad
1463 4046 1589 4104 ειιιιῖ
1617 4066 1777 4118 quem
1796 4051 1899 4105 sibi
1918 4046 2326 4118 auiniuling'unt
2343 4046 2543 4107 Christi
2563 4046 2879 4106 adventum.
2912 4054 2968 4107 Si
2989 4053 3131 4105 enim
3151 4071 3170 4104 ι
3196 4067 3291 4120 per
3305 4046 3420 4105 dies
3438 4051 3575 4103 mulo

328 4131 409 4174 tos
442 4120 707 4175 sedebunt
734 4118 827 4172 filii
860 4118 1021 4172 Israel
1045 4119 1163 4172 sine
1186 4134 1331 4188 rege,
1361 4119 1481 4174 sine
1504 4121 1768 4187 principe,
1786 4121 1904 4190 sine
1933 4120 2220 4184 sacrificio,
2241 4121 2361 4176 sine
2390 4121 2565 4186 altari,
2583 4123 2702 4177 sine
2718 4123 3048 4185 sacerdotio,
3069 4118 3523 4190 sine‘responsis;
3546 4139 3567 4173 ι

321 4205 390 4261 ex
415 4205 522 4257 quo
547 4200 725 4261 autem
755 4202 1013 4261 eversum
1029 4198 1117 4243 est
1144 4189 1425 4257 templum,
1454 4199 1667 4261 nion‘est
1695 4189 2045 4261 sacrificium.
2078 4204 2182 4261 non
2216 4189 2408 4256 altare,
2429 4207 2534 4247 non
2565 4194 2955 4256 sacerdotium,
2987 4189 3330 4261 perspicuum
3366 4200 3451 4245 est
3471 4191 3568 4244 de-

322 4256 521 4317 fecisse
553 4259 853 4333 principem
890 4274 957 4333 ex
986 4256 1206 4333 Ju_da_et
1236 4256 1426 4333 ducem
1462 4258 1759 4333 de‘femore
1787 4260 1922 4333 ejus.
1952 4259 2216 4333 Quoniam
2254 4262 2422 4331 igitur
2445 4262 2724 4333 prephetia
2756 4262 2887 4316 dicit
2921 4280 2935 4316 :
2968 4256 3134 4333 {Non
3170 4260 3387 4315 deliciet
3417 4261 3569 4328 prin-

319 4345 451 4401 ceps
479 4347 542 4385 ex
565 4329 865 4401 Judatnec
900 4330 1006 4383 dux
1031 4329 1337 4401 defemore
1363 4329 1480 4397 ejus
1516 4329 1939 4401 doneeveuiant
1968 4331 2199 4398 reposita
2232 4329 2306 4397 ei,
2341 4350 2361 4383 ι
2387 4329 2700 4386 νόιιὶιέειιε
2731 4333 2814 4385 cui
2852 4332 3084 4401 reposita
3103 4342 3251 4393 sunt,
3284 4338 3570 4397 exspecta-

322 4400 396 4455 tio
427 4402 689 4471 gentium.
721 4398 872 4465 Quod
896 4398 1327 4471 el_manifestum
1351 4409 1434 4453 est
1458 4413 1525 4453 ex
1552 4399 1899 4471 multitudine
1927 4401 2167 4471 gentium
2212 4416 2332 4467 qua:
2363 4416 2461 4469 per
2486 4403 2763 4456 Christum
2798 4403 2850 4455 in
2880 4398 3047 4456 Deum
3084 4401 3460 4471 crediderunt.

390 4468 450 4523 ιζ
475 4471 529 4524 In
568 4469 972 4524 Deuteronomii
1001 4483 1217 4537 quoque
1272 4470 1810 4540 cauticodstultarum
1869 4470 2112 4540 gentium
2163 4468 2385 4538 propter
2417 4472 2622 4538 prioris
2665 4475 2844 4540 populi
2879 4482 3103 4537 peccata
3154 4470 3336 4523 futura
3370 4468 3568 4524 electio

320 4540 637 4607 prOphetice
668 4540 1000 4603 declaratur,
1035 4554 1165 4609 quae
1190 4555 1295 4592 nou
1327 4553 1423 4605 per
1455 4537 1620 4593 alium
1656 4553 1818 4607 quam
1866 4554 1965 4606 per
1990 4537 2176 4592 Jesuni
2232 4537 2375 4594 facta
2409 4537 2517 4597 est.
2562 4558 2581 4591 ι
2616 4537 2719 4608 Ipsi
2740 4537 2919 4606 enim,
2956 4541 3152 4609 inquit,
3191 4554 3275 4592 me
3303 4552 3568 4608 provoca-

321 4606 516 4663 veruut
555 4611 606 4661 in
635 4622 701 4662 eo
728 4611 818 4676 qui
844 4624 949 4663 non
991 4616 1110 4660 erat
1144 4606 1284 4661 Deus
1317 4648 1332 4672 ,
1373 4621 1427 4663 et
1474 4606 1829 4663 irritaveruut
1863 4609 1914 4662 iu
1949 4609 2108 4663 idolis
2139 4610 2287 4675 suis;
2342 4620 2399 4664 et
2446 4625 2548 4679 ego
2578 4606 2884 4680 provocabo
2911 4626 3007 4666 eos
3028 4606 3094 4664 ἰιι
3128 4625 3195 4664 eo
3227 4606 3320 4676 qui
3350 4621 3566 4664 nonest

413 4701 456 4732 '"
492 4700 620 4756 Osc.
653 4716 741 4764 ιιι,
763 4701 819 4757 4.
894 4701 940 4732 ’⁷⁸
962 4698 1104 4757 Gen.
1134 4717 1288 4765 xux,
1324 4701 1410 4757 10.
1486 4702 1536 4735 "
1564 4702 1726 4757 Deut.
1750 4719 1926 4769 xxxn,
1949 4705 2043 4759 Ἦ.

387 4798 502 4872 (81)
532 4798 907 4872 Ραιτὶαιτιςαιη
931 4837 948 4862 ,
972 4809 1085 4872 etc.
1128 4800 1550 4872 Chrysostomns
1580 4803 1632 4857 in
1666 4804 1886 4857 homilia

2017 4804 2192 4856 avium
2228 4803 2281 4856 in
2309 4802 2450 4872 notis
2475 4801 2542 4855 ad
2573 4803 2957 4872 Epiphanium,
2986 4814 3041 4858 et
3069 4803 3329 4858 Iacobum
3352 4798 3552 4856 Gothe-

315 4868 504 4927 contra
527 4868 740 4941 Iudaeos
763 4868 1090 4941 etigeutiles,
1136 4868 1288 4935 Quod
1322 4870 1567 4941 Chr.stus
1620 4873 1691 4925 sit
1721 4872 1880 4937 Deus,
1992 4871 2192 4925 I‘ridum
2224 4875 2289 4925 ad
2312 4871 2434 4925 cod.
2462 4868 2734 4927 'I‘heodos.
2767 4885 2898 4928 tom.
2931 4872 3016 4937 Vl,
3052 4888 3170 4941 pag.
3196 4872 3323 4926 ‘2l5.

318 4939 909 5011 meminitpatriarehte
964 4938 1297 4995 Judazorum.
1347 4940 1618 5007 Ejusmodi
1652 4942 1885 5011 patriar-

315 5013 472 5065 cham
497 5009 800 5064 memorant
815 5009 996 5080 itidem
1018 5011 1170 5076 multi
1189 5011 1484 5080 scriptores
1502 5009 1879 5067 ecclesiastici.

317 5083 578 5150 Origenes
609 5080 663 5133 in
691 5078 948 5146 opusculo
972 5081 1113 5150 quod
1148 5082 1198 5134 in
1226 5078 1333 5135 alio
1371 5090 1519 5134 tomo
1545 5084 1789 5147 edemus,
1827 5093 1885 5137 ut

313 5147 603 5222 genuinum
626 5150 984 5222 fragmentum
1002 5147 1526 5222 Commentariorum
1548 5151 1599 5222 in
1619 5151 1880 5217 Psalmos,

311 5218 444 5280 dicit
489 5236 546 5275 se
587 5235 710 5276 cum
764 5219 1071 5286 patriarcha
1112 5218 1608 5285 Judaeurutn,.lullo
1648 5223 1880 5285 nomine,

311 5304 862 5362 congressum_ess_c.
950 5287 1324 5362 Patriarcham
1394 5290 1541 5362 iteur
1577 5290 1883 5345 Iudaeorum

314 5358 620 5417 memorant
667 5359 900 5431 Cyrillus
940 5358 1423 5431 Jerosolymitanus
1455 5400 1470 5424 ,
1504 5358 1881 5431 Hieronymus,

312 5443 369 5486 et
404 5434 645 5491 Inaxime
679 5430 1054 5485 Theodoretus
1087 5431 1263 5497 dialog
1322 5430 1344 5481 I
1374 5469 1389 5494 ,
1445 5446 1512 5484 ex
1544 5430 1882 5500 cujus'dictis

313 5502 588 5571 colligitur
641 5500 984 5571 patriarchas
1034 5500 1344 5571 Judmorutn
1400 5514 1569 5571 seex
1623 5501 1880 5571 progenie

315 5569 531 5625 Davidis
558 5569 679 5626 esse
704 5569 840 5623 falso
860 5569 1162 5638 jactilasse.
1198 5569 1400 5624 Horum
1437 5570 1574 5624 alter
1620 5571 1671 5625 in
1694 5569 1874 5624 Judtea

313 5642 574 5711 degebat,
616 5641 759 5711 alter
788 5638 1081 5710 Babylone.
1148 5641 1221 5695 De
1269 5640 1334 5711 iis
1365 5652 1532 5711 agunt
1564 5642 1652 5711 qui
1683 5642 1749 5695 de
1775 5638 1838 5691 Ju
1858 5670 1872 5679 -

312 5710 548 5766 deorum
578 5710 854 5780 republica
891 5709 1214 5767 traCtaverc.
1282 5709 1420 5769 Vide
1442 5709 1739 5782 praesertim
1771 5710 1868 5766 Ρεο

2063 4942 2173 5026 (8'2)
2216 4942 2592 4996 Kaolaorzat.
2622 4944 2698 4997 Ita
2721 4953 2957 5014 quatuor
2983 4940 3114 4998 mss.
3143 4944 3318 4997 Editio
3348 4940 3560 5005 Tarini,

1991 5024 2343 5151 “igiwi’g;
2385 5081 2501 5135 ἀπὸ
2556 5083 2663 5136 τοῦ
2716 5081 3074 5151 σπέρματος.
3141 5080 3215 5151 lla
3251 5081 3359 5133 duo
3402 5079 3556 5134 codd.

1992 5150 2191 5232 Regii,
2244 5162 2300 5209 et
2348 5151 2737 5208 Coisliuianus.
2784 5150 2843 5206 lu
2870 5150 3121 5207 editione
3164 5150 3348 5205 Tariui
3407 5151 3559 5203 deest

1990 5239 2118 5275 των.

2056 5292 2169 5363 (84)
2207 5291 2320 5363 Duo
2364 5290 2513 5362 Regii
2567 5289 3037 5363 etCoislinianns.
3074 5288 3410 5363 καθίσονται.
3451 5285 3559 5363 Ta-

1984 5355 2159 5431 riuus.
2214 5355 2558 5431 καθήσονῖιαι.
2634 5361 2834 5431 Ibidem
2900 5363 3104 5427 prinms
3156 5360 3356 5429 Regius
3388 5398 3405 5425 ,
3456 5355 3558 5409 οὐκ

1975 5430 2129 5492 ὄντος
2163 5430 2441 5501 βασιλέως,
2468 5431 2588 5483 οὐδὲ
2621 5430 2898 5501 ἄρχοντος.

2050 5499 2170 5571 ι85)
2204 5503 2412 5555 Primus
2439 5504 2605 5571 codex
2647 5499 2865 5571 ltegius.
2900 5499 3325 5571 πιστευσάντων.

2047 5565 2158 5640 (86)
2194 5571 2334 5624 Idem
2371 5611 2385 5633 ,
2431 5568 2596 5641 ij'o‘tit
2641 5565 2749 5641 10':
2770 5569 2949 5639 Ἰησοῦ
3002 5565 3547 5641 γεγενημένηηῐιιΐιτι

1973 5638 2111 5695 idem
2145 5659 2157 5695 :
2190 5641 2276 5693 ἐπ’
2312 5641 2410 5693 οὐκ
2443 5638 2586 5695 ἔθνει
2613 5681 2627 5703 ,
2671 5640 2764 5692 ἐπὶ
2805 5638 2966 5696 ἔθνει.
3010 5638 3343 5709 ιἰιιιιυ”ι›οεί
3376 5638 3539 5693 idem.

1973 5712 2175 5783 σςόδρα
2204 5710 2387 5780 σαφῶς
2421 5710 2762 5769 καταλαϐεῖν.
