4014 6142
427 307 540 363 549

1774 309 1974 363 LlBEli
2012 307 2362 377 QUARTUS.

3580 296 3687 372 σεε

420 425 556 487 τῶν,
582 423 1018 495 παρωξύνθησαν
1044 427 1123 489 εἰς
1147 425 1475 496 ζηλοτυπίαν
1506 427 1596 478 ἐπὶ
1625 427 1702 498 τῷ
1732 429 1831 482 οὐκ
1861 429 1976 482 ἕθνε

2105 445 2200 500 per
2236 439 2446 500 gentem
2486 427 2870 499 insipientem,
2909 443 3067 499 quam
3095 428 3238 485 Deus
3263 428 3427 498 elegit
3462 445 3558 498 per
3584 434 3683 487 ad-

420 518 506 586 τῷ
538 516 778 586 ἀσυνέτῳ
799 535 812 549 ’
861 520 996 591 ὅπερ
1028 521 1056 571 ὁ
1086 518 1214 581 Θεὸς
1259 517 1540 584 ἐξελέξατο
1571 518 1658 571 διὰ
1685 521 1783 591 τῆς
1816 522 2003 592 ἐπιδη-

421 607 560 678 μίας
586 609 822 679 Χριστοῦ
859 610 1055 680 Ἰησοῦ,
1082 612 1178 664 καὶ
1221 611 1328 664 τῶν
1357 610 1611 681 μαθητῶν
1637 611 1824 664 αὑτοῦ.
1877 613 2004 664 Βλέ-

417 716 599 770 πομεν
622 699 753 768 γοῦν
794 719 812 751 t
834 701 931 772 τὴν
961 701 1152 770 κλῆσιν
1196 702 1369 773 ἡμῶν,
1419 704 1500 756 ὅτι
1532 703 1592 756 ού
1627 703 1807 755 πολλοὶ
1849 704 2001 772 σοφοὶ

414 787 564 842 κατὰ
602 790 798 860 σάρκα,
832 791 889 842 ού
926 790 1106 843 πολλοὶ
1148 791 1383 855 δυνατοὶ,
1417 794 1475 845 οὐ
1519 791 1700 845 πολλοὶ
1734 793 1996 861 εὐγενεῖς,

415 878 559 932 ἀλλὰ
584 880 649 932 τὰ
679 881 836 950 μωρὰ
868 882 961 933 τοῦ
987 882 1188 952 κόσμου
1220 883 1497 949 ἐξελέξατο
1517 884 1543 934 ὁ
1571 883 1721 946 Θεὸς,
1753 886 1839 936 ἵνα
1867 902 1997 936 κατ-

412 970 654 1040 αισχύνῃ
675 972 799 1034 τοὺς
825 972 1039 1040 σοφούς.
1067 973 1174 1025 Καὶ
1202 975 1269 1026 τὰ
1297 975 1464 1045 ἀγενῆ
1492 977 1583 1027 καὶ
1605 974 1996 1045 ἐξουθενημένα

413 1061 535 1131 (87)
585 1062 864 1126 ἐξελέξατο
898 1065 925 1116 ὁ
957 1063 1108 1130 Θεὸς,
1156 1066 1249 1118 καὶ
1279 1066 1344 1118 τὰ
1382 1067 1454 1136 μὴ
1502 1066 1648 1130 ὄντα,
1693 1067 1774 1118 ἵνα
1817 1068 1996 1120 ἐκεῖνα

408 1151 485 1204 τὰ
525 1153 789 1222 πρότερον
816 1153 947 1206 ὄντα
981 1156 1324 1226 καταργήσῃο
1368 1175 1385 1206 ι
1424 1156 1517 1208 καὶ
1557 1155 1628 1226 μὴ
1657 1156 1995 1226 καυχήσηται
2033 1188 2036 1192 ι

403 1246 436 1298 ὁ
462 1245 608 1299 κατὰ
640 1247 815 1317 σάρκα
857 1246 1087 1318 Ἰσραὴλ,
1111 1245 1441 1317 καλούμενος
1472 1247 1576 1299 ὑπὸ
1604 1245 1696 1298 τοῦ
1736 1247 1996 1299 Ἀποστά-

402 1339 506 1393 λου
545 1339 699 1412 σάρξ,
727 1338 956 1392 ἐνώπιον
990 1338 1146 1392 Θεοῦ.

479 1431 550 1484 Τί
583 1432 640 1485 δέ
672 1431 750 1484 δεῖ
776 1431 953 1498 λέγειν
986 1428 1115 1500 περὶ
1147 1428 1252 1483 τῶν
1285 1432 1342 1482 ἐν
1366 1431 1617 1502 Ψαλμοῖς
1646 1430 1993 1502 προφητειῶν

400 1525 542 1596 περὶ
576 1522 833 1594 Χριστοῦ,
868 1521 1010 1592 ᾠδῆς
1037 1539 1179 1584 τινος
1209 1523 1696 1594 ἐπιγεγραμμένης
1715 1521 1865 1589 ὑπὲρ
1883 1521 1988 1574 τοῦ

397 1614 739 1685 ἀγαπητοῦ,
757 1607 818 1667 οὗ
842 1633 859 1665 ι
881 1616 913 1683 ἡ
937 1612 1154 1682 γλῶσσα
1175 1611 1389 1679 λέγεται
1407 1610 1545 1667 εἶναι
1563 1614 1806 1685 κάλαμος
1822 1631 1926 1685 γρα
1934 1631 1993 1684 μ-

401 1705 627 1774 ματέως
660 1703 995 1773 ὀξυγράφου·
1039 1701 1238 1770 ὡραῖος
1281 1702 1464 1755 κάλλει
1501 1704 1651 1774 παρᾶ
1686 1705 1808 1766 τοὺς
1841 1705 1990 1767 υἱοὺς

2107 529 2325 572 νειιιιιιιι
2357 517 2482 573 Jesu
2514 520 2740 585 Christi,
2775 527 2830 573 et
2880 520 3172 589 discipulos
3207 521 3341 590 ejus.
3412 519 3504 576 Sic
3535 522 3681 577 enim

2107 608 2576 677 dicitApostolus:
2618 625 2634 658 ι
2657 607 2850 662 Videte
2872 609 3014 662 enim
3050 609 3389 662 vocationem
3421 617 3680 676 vestram,

2105 701 2346 764 fratres,
2417 701 2670 768 quoniam
2725 715 2825 753 non
2879 700 3031 754 multi
3081 701 3354 769 sapientes
3390 701 3530 755 inter
3583 715 3683 756 vos

2103 791 2400 844 secundum
2439 805 2660 844 carnem
2695 790 2884 859 160,
2917 806 3023 844 non
3060 793 3213 846 multi
3248 802 3530 862 potentes,
3572 807 3679 848 non

2101 880 2251 932 multi
2295 878 2541 942 nobiles,
2602 880 2695 931 sed
2729 893 2849 945 quae
2893 880 3056 933 stulta
3113 882 3300 935 mundi
3350 889 3474 936 sunt
3515 881 3680 951 elegit

2101 970 2258 1034 Deus,
2302 979 2355 1023 et
2385 984 2446 1022 ea
2483 983 2603 1038 qua:
2638 984 2742 1021 non
2775 979 2903 1022 sunt
2932 1011 2947 1035 ,
2984 983 3042 1023 ut
3085 986 3145 1024 ea
3175 988 3293 1040 quae
3323 981 3478 1028 erant
3506 975 3676 1042 prius,

2099 1061 2486 1114 destrueret".
2517 1079 2534 1109 ι
2579 1057 2694 1112 Νοιι
2727 1072 2856 1126 ergo
2907 1060 3168 1129 glorietur
3205 1063 3442 1117 carnalis
3472 1062 3632 1118 Israel
3659 1079 3674 1116 :

2099 1156 2170 1207 ita
2211 1170 2443 1225 namque
2483 1155 2550 1208 ab
2583 1152 2838 1221 Apostolo
2874 1161 3143 1218 vocatur;
3184 1171 3202 1202 ι
3230 1167 3334 1208 non
3360 1192 3374 1220 ,
3433 1154 3673 1224 inquam,

2097 1247 2357 1316 glorietur
2397 1261 2528 1301 caro
2565 1246 2617 1301 in
2649 1255 2940 1314 conspectu
2974 1244 3066 1300 Dei
3087 1245 3156 1300 ⁷⁸.
3191 1263 3210 1295 ι

2167 1423 2220 1478 5.
2252 1424 2355 1479 Sed
2381 1433 2436 1478 et
2462 1424 2528 1478 de
2559 1425 2645 1480 his
2675 1439 2794 1493 quae
2821 1425 2873 1477 in
2921 1422 3150 1479 Psalmis
3184 1426 3584 1495 prephetantur
3607 1428 3676 1482 de

2095 1513 2310 1569 Christo
2335 1512 2468 1585 (90),
2505 1516 2634 1584 quid
2663 1515 2947 1569 dicendum
2979 1523 3080 1578 est,
3120 1518 3170 1569 in
3200 1531 3265 1570 eo
3297 1517 3532 1572 maxime
3580 1519 3672 1586 qui

2093 1607 2521 1674 superscribitur
2560 1605 2836 1660 Canticum
2898 1623 2992 1675 pro
3031 1607 3258 1674 dilecto,
3310 1609 3400 1662 ubi
3438 1608 3674 1664 refertur

2091 1697 2212 1764 quia
2256 1712 2274 1746 ι
2301 1694 2482 1765 lingua
2517 1695 2634 1765 ejus
2685 1695 2928 1749 calamus
2985 1697 3177 1752 scribae
3218 1697 3479 1752 velociter
3526 1700 3671 1752 scri-

392 1797 516 1850 τῶν
560 1793 877 1866 ἀνθρώπων,
914 1796 1034 1846 ἐπεὶ
1061 1794 1288 1864 ἐξεχύθη
1329 1794 1490 1864 χάρις
1529 1797 1585 1846 ἐν
1631 1795 1864 1864 χείλεσιν
1888 1795 1980 1848 αὐ-

2093 1786 2308 1849 bentis;
2353 1786 2583 1840 decorus
2609 1787 2786 1853 specie
2822 1801 2987 1854 super
3034 1786 3173 1842 lilios
3203 1789 3498 1851 hominum,
3535 1804 3672 1858 quo-

394 1885 523 1938 τοῦ.
559 1906 576 1936 ι
614 1886 922 1956 Τεκμήριον
955 1884 1062 1958 γὰρ
1107 1886 1204 1954 τῆς
1249 1885 1570 1955 ἐκχυθείσης
1606 1886 1716 1956 (88)
1766 1887 1988 1956 χάριτος

393 1980 458 2030 ἐν
509 1976 741 2046 χείλεσιν
795 1975 982 2038 αὐτοῦ,
1027 1976 1108 2041 τὸ,
1164 1975 1342 2044 ὀλίγου
1391 1976 1841 2047 διαγεγενημένου
1891 1977 1984 2030 τοῦ

393 2069 597 2138 χρόνου
629 2068 724 2136 τῆς
758 2067 1102 2130 διδασκαλίας
1135 2067 1320 2132 αὑτοῦ,
1355 2069 1597 2122 ἐνιαυτὸν
1626 2071 1732 2139 γάρ
1759 2087 1858 2121 που
1891 2070 1985 2121 καὶ

395 2158 584 2226 μῆνας
609 2155 820 2225 ὀλίγους
842 2155 1080 2222 ἐδίδαξεν
1109 2157 1242 2228 (89),
1273 2158 1660 2228 πεπληρῶσθαι
1684 2160 1781 2230 τὴν
1810 2163 1986 2212 οἰκου-

394 2247 575 2316 μένην
598 2247 696 2317 τῆς
726 2244 1073 2311 διδασκαλίας
1096 2249 1260 2301 αὑτοῦ
1289 2250 1382 2302 καὶ
1407 2253 1503 2320 τῆς
1518 2251 1582 2303 δι’
1611 2251 1772 2304 αὐτοῦ
1805 2251 1984 2304 θεοσε-

389 2335 553 2400 ϐείας
569 2354 581 2366 ·
601 2339 927 2392 ἀνατέταλκε
951 2338 1058 2412 γὰρ
1092 2359 1108 2389 ι
1133 2341 1190 2392 ἐν
1206 2343 1325 2405 ταῖς
1344 2343 1579 2413 ἡμέραις
1598 2342 1759 2394 αὐτοῦ
1783 2344 1984 2396 δικαιο-

389 2428 537 2496 σύνη
553 2431 646 2482 καὶ
665 2430 864 2501 πλῆθος
890 2431 1114 2500 εἰρήνης
1153 2451 1171 2482 ι
1206 2433 1515 2503 παραμένον
1536 2433 1638 2496 ἕως
1657 2434 1978 2498 συντελείας,

387 2519 419 2572 ὃ
450 2520 832 2591 ἀνταναίρεσις
861 2521 1432 2593 ὡνόμασταισελήνης,
1464 2543 1481 2574 ι
1511 2527 1602 2577 καὶ
1627 2527 1775 2594 μένει
1812 2543 1980 2578 κατα-

387 2609 658 2680 κυριεῦον
689 2609 797 2662 ἀπὸ
826 2609 1100 2680 θαλάσσης
1147 2610 1253 2674 ἓως
1293 2611 1586 2681 θαλάσσης,
1627 2615 1716 2666 καὶ
1748 2616 1855 2666 ἀπὸ
1889 2634 1984 2667 πο-

389 2699 591 2770 ταμῶν
633 2700 737 2764 ἓως
779 2700 1029 2771 περάτων
1062 2701 1158 2770 τῆς
1193 2701 1542 2771 οἰκουμένης.
1585 2723 1602 2753 ι
1638 2705 1745 2756 Καὶ
1778 2705 1980 2758 δέδοται

392 2793 630 2859 σημεῖον
659 2789 736 2858 τῷ
769 2789 902 2859 οἴκῳ
933 2791 1114 2843 Δαυίδ·
1148 2793 1180 2860 ἡ
1219 2790 1486 2860 παρθένος
1531 2791 1639 2862 γὰρ
1685 2791 1855 2854 ἔτεκε,
1889 2795 1981 2846 καὶ

387 2882 452 2932 ἐν
489 2881 686 2950 γαστρὶ
715 2880 866 2950 ἔσχε,
900 2882 992 2934 καὶ
1025 2882 1210 2936 ἔτεκεν
1237 2884 1369 2943 υἱὸν,
1399 2883 1493 2935 καὶ
1523 2881 1582 2933 τὸ
1617 2884 1784 2953 ὄνομα
1815 2886 1978 2939 αὑτοῦ

399 2971 773 3042 Ἐμμανουὴλ,
803 2973 936 3043 ὅπερ
961 2973 1076 3025 ἐστὶ
1101 2973 1236 3025 Μεθ’
1265 2972 1419 3043 ἡμῶν
1447 2974 1474 3024 ὁ
1504 2973 1651 3036 Θεός.
1678 2973 1977 3045 Πεπλήρω-

387 3081 504 3128 ται,
524 3065 598 3127 ὡς
618 3065 645 3116 ὁ
676 3065 834 3127 αὐτὸς
869 3065 1151 3135 προφήτης
1186 3063 1338 3134 φησί’
1365 3084 1381 3113 ι
1405 3065 1542 3117 Μεθ’
1560 3063 1727 3130 ἡμῶν
1753 3068 1784 3117 0'
1804 3066 1970 3131 Θεός*

386 3156 588 3222 γνῶτε,
613 3153 760 3226 ἔθνη,
799 3155 890 3208 καὶ
907 3155 1160 3224 ἡττᾶσθε,
1205 3154 1480 3223 ίσχυκότες
1510 3154 1765 3224 ἡττᾶσθε.
1800 3174 1818 3205 ‹
1855 3156 1972 3208 Ἠτ-

386 3245 608 3316 τήμεθοι
641 3245 749 3316 γὰρ
783 3246 874 3298 καὶ
907 3243 1239 3316 νενικήμεθα
1260 3245 1308 3296 οί
1346 3244 1452 3297 ἀπὸ
1479 3243 1585 3296 τῶν
1607 3244 1776 3296 ἐθνῶν
1801 3246 1969 3298 ἑαλω-

387 3338 552 3400 κότες
583 3337 686 3390 ὑπὸ
717 3336 817 3405 τῆς
857 3337 1074 3406 χάριτος
1111 3335 1202 3388 τοῦ
1244 3335 1401 3402 λόγου
1442 3336 1625 3388 αὑτοῦ.
1675 3336 1835 3389 Ἀλλὰ
1875 3337 1967 3390 καὶ

388 3424 714 3496 προείρηται
737 3424 899 3486 τόπος
919 3423 1182 3492 γενέσεως
1202 3421 1361 3474 αὐτοῦ
1381 3424 1439 3475 ἐν
1460 3423 1535 3492 τῷ
1552 3425 1781 3494 Μιχαία.
1807 3443 1824 3475 ‹
1856 3426 1965 3478 Καὶ

386 3517 455 3570 σὺ
488 3516 620 3588 γὰρ,
656 3515 810 3586 φησὶ,
836 3514 1082 3586 Βηθλεὲμ
1108 3516 1182 3584 γῆ
1217 3513 1407 3577 Ἰούδα,
1433 3513 1686 3584 οὐδαμῶς
1712 3514 1966 3586 ἐλαχίστη

384 3603 440 3662 εἴ
471 3610 531 3660 ἐν
573 3609 683 3668 τοῖς
717 3606 976 3676 ἡγεμόσιν
1025 3605 1212 3658 Ἰούδα·
1250 3607 1313 3658 ἐκ
1348 3603 1442 3658 σοῦ
1475 3607 1584 3674 γὰρ
1628 3606 1966 3671 ἐξελεύσεται
2019 3678 2027 3685 _

383 3698 692 3770 ἡγούμενος
725 3698 870 3760 ὅστις
899 3698 1155 3766 ποιμανεῖ
1175 3695 1264 3746 τὸν
1291 3695 1415 3746 λαόν
1437 3712 1534 3765 μου
1550 3696 1641 3748 τὸν
1674 3698 1905 3768 Ἰσραήλ.
1941 3717 1960 3749 ι

383 3789 501 3846 Καὶ
540 3789 907 3860 ἐϐδομήκοντα
950 3786 1242 3858 ἐϐδομάδες
1279 3785 1674 3856 ἐπληρώθησαν
1703 3786 1806 3850 ἕως
1832 3790 1967 3862 Χρι-

2092 1878 2232 1930 niam
2273 1877 2441 1931 elinsa
2467 1885 2549 1930 cst
2584 1878 2756 1947 gratia
2802 1879 2852 1930 in
2883 1877 3040 1931 labiis
3071 1880 3190 1945 ejus
3218 1881 3311 1932 7’?
3343 1900 3360 1932 ι
3407 1881 3667 1935 Indicium

2089 1977 2268 2022 autem
2300 1969 2487 2024 cll'usa:
2532 1971 2720 2040 gratiae
2767 1969 2820 2023 in
2867 1968 3022 2023 labiis
3068 1971 3183 2040 ejus
3225 1972 3326 2026 hoc
3360 1980 3443 2025 est
3469 2012 3482 2036 ,
3524 1974 3666 2041 quod

2089 2066 2237 2118 brevi
2299 2076 2542 2134 tempore
2600 2075 2874 2119 transacto
2935 2065 3098 2134 (anno
3151 2067 3292 2119 enim
3352 2079 3404 2121 et
3463 2067 3669 2136 aliquot

2089 2162 2364 2214 mensibus
2400 2158 2643 2227 docuit),
2689 2158 2975 2211 universus
3021 2170 3196 2210 tamen
3237 2157 3386 2212 orbis
3420 2159 3664 2212 doctrina

2085 2259 2139 2302 et
2167 2249 2268 2300 title
2299 2248 2519 2317 pietatis
2553 2248 2669 2316 ejus
2699 2248 2953 2315 impletus
2987 2255 3090 2300 est.
3133 2246 3260 2302 Orta
3283 2257 3366 2301 est
3395 2263 3528 2318 ergo
3567 2266 3585 2298 ι
3613 2249 3664 2303 in

2086 2341 2274 2396 diebus
2307 2340 2422 2404 ejus
2453 2341 2698 2408 justitia,
2742 2349 2796 2393 et
2854 2341 3141 2393 multitudo
3195 2341 3392 2407 pacis:
3449 2356 3662 2408 perma-

2085 2447 2218 2486 nens
2251 2447 2416 2502 usque
2445 2432 2512 2486 ad
2552 2432 2712 2487 linem
2739 2473 2753 2497 ,
2787 2432 2878 2501 qui
2914 2430 3039 2486 linis
3078 2431 3280 2486 ablatio
3315 2434 3453 2485 luna:
3483 2433 3666 2500 appel-

2086 2522 2224 2576 latus
2257 2533 2379 2589 est;
2418 2542 2436 2574 ‹
2470 2532 2524 2577 ει
2559 2524 2930 2578 dominabitur
2959 2537 2987 2575 a
3018 2523 3150 2576 mari
3185 2538 3354 2590 usque
3384 2522 3449 2575 ad
3491 2538 3662 2586 mare,

2083 2621 2135 2664 et
2167 2627 2193 2664 a
2223 2609 2443 2665 ﬂumine
2471 2626 2644 2681 usque
2679 2613 2742 2664 ad
2781 2613 2914 2666 [in'es
2962 2620 3122 2665 terrae
3179 2610 3244 2665 ⁸ο.
3281 2631 3300 2661 ι
3345 2612 3539 2665 Datum
3579 2624 3664 2666 est

2084 2710 2259 2753 autem
2291 2711 2344 2753 ct
2375 2701 2588 2767 signum
2643 2703 2825 2754 domui
2877 2702 3046 2755 David
3069 2703 3136 2758 “.
3212 2702 3373 2772 Virgo
3409 2703 3552 2755 enim
3609 2704 3660 2756 in

2082 2799 2235 2840 utcro
2267 2788 2535 2855 concepit,
2555 2797 2606 2840 et
2630 2789 2835 2856 peperit
2854 2788 3189 2854 Emmanuel,
3214 2791 3356 2858 quod
3387 2802 3467 2843 est
3493 2791 3662 2842 inter-

2081 2885 2351 2944 pretatum
2379 2875 2670 2930 Nobiscum
2696 2877 2852 2932 Deus.
2893 2897 2912 2929 ι
2953 2875 3182 2944 Scitote,
3216 2889 3426 2949 gentes,
3454 2891 3507 2934 et
3538 2882 3656 2934 vin-

2080 2969 2348 3022 cimini".
2381 2987 2399 3019 ι
2465 2967 2606 3022 Victi
2637 2971 2779 3024 enim
2809 2986 2999 3024 sumus
3033 3011 3047 3035 ,
3094 2980 3146 3026 et
3170 2973 3408 3042 superati
3443 2974 3535 3040 qui
3591 2989 3655 3028 ex

2077 3060 2327 3126 gentibus
2369 3073 2589 3123 sumus,
2614 3068 2668 3111 et
2703 3059 2853 3114 velut
2877 3061 3085 3114 exuviae
3138 3061 3381 3129 quaedam
3413 3063 3657 3117 VlClOrlzl?

2077 3151 2194 3217 ejus
2222 3151 2536 3205 exsistimus
2567 3190 2583 3218 ,
2615 3151 2705 3219 qui
2747 3151 2864 3219 ejus
2895 3153 3088 3219 gratiae
3134 3152 3269 3207 colla
3307 3163 3488 3208 nostra
3523 3156 3655 3208 sub-

2068 3240 2321 3308 iecimus.
2396 3241 2503 3295 Sed
2561 3250 2616 3295 et
2651 3242 2802 3296 locus
2861 3243 3164 3298 nativitatis
3221 3244 3339 3313 ejus
3369 3245 3654 3314 praedictus

2074 3341 2156 3386 est
2187 3332 2241 3384 in
2279 3332 2500 3387 Micbtea
2533 3335 2797 3402 propheta
2824 3333 3037 3388 dicente
3066 3353 3080 3388 :
3114 3355 3130 3385 ι
3156 3335 3223 3388 Ει
3245 3344 3322 3401 ιιι,
3354 3335 3651 3401 Bethleem,

2075 3431 2218 3476 terra
2245 3424 2356 3494 (9i)
2383 3423 2519 3480 Juda
2552 3463 2568 3488 ,
2610 3438 2951 3494 nequaquam
2991 3424 3185 3493 exigua
3221 3439 3281 3479 es
3336 3427 3387 3478 in
3423 3425 3653 3480 ducibus

2064 3509 2243 3579 Juda;
2311 3527 2376 3566 ex
2425 3525 2477 3567 te
2520 3517 2663 3568 enim
2708 3514 2857 3568 exict
2903 3515 3010 3568 dux
3060 3515 3151 3583 qui
3197 3522 3352 3584 regat
3395 3515 3650 3584 p0pulum

2066 3618 2243 3657 meum
2275 3602 2517 3658 Israel”.
2545 3624 2563 3655 ι
2589 3605 2694 3658 Sed
2723 3613 2775 3658 et
2808 3604 3126 3671 septimanae
3169 3619 3437 3658 annorum
3455 3603 3508 3635 “
3547 3603 3674 3672 im-l

2066 3697 2219 3765 pietas
2249 3704 2374 3750 sunt
2422 3711 2594 3764 usque
2644 3696 2710 3748 ad
2763 3695 2956 3750 ducem
2983 3695 3266 3751 Christum
3319 3710 3456 3764 quas
3503 3712 3644 3766 prte-

2064 3787 2477 3844 dixeratDanicl
2503 3789 2790 3859 prOpbeta.
2827 3789 2982 3860 161
3015 3789 3182 3845 Adest
3205 3788 3561 3845 nihilominus
3590 3792 3646 3844 et

1625 3903 2192 3962 INTERPRETATIO
2228 3905 2440 3964 NOVA.

388 4001 652 4074 papulus,
678 4009 730 4054 et
756 3999 809 4053 in
853 4003 1012 4074 gente
1035 3997 1200 4074 stulta
1229 3996 1638 4074 irritabo_illos.
1675 4018 1695 4052 ι
1732 4001 1912 4074 Atque
1950 4011 2155 4074 aperte
2186 4005 2410 4058 omnino
2435 4003 2741 4074 perspicere
2794 4003 2923 4060 licet
2953 4018 3063 4074 quo
3093 4013 3252 4070 pacto
3287 4004 3496 4061 Hebrazi
3548 4007 3645 4074 qui

389 4067 564 4145 Dentri
593 4071 860 4145 dicuntur
894 4068 945 4121 in
973 4081 1037 4145 eo
1065 4069 1156 4145 qui
1189 4083 1294 4121 non
1314 4077 1441 4145 erat
1465 4067 1608 4123 Deus
1635 4108 1650 4132 ,
1687 4069 1752 4123 ad
1801 4067 2201 4145 amiulaiionem
2239 4067 2612 4141 provoc'asse',
2646 4086 2701 4128 et
2725 4075 2898 4145 ipsum
2927 4067 3178 4130 invitasse
3209 4077 3276 4145 in,
3312 4074 3476 4129 idolis
3506 4067 3644 4140 suis,

387 4138 606 4215 incitati
639 4140 750 4215 sint
777 4137 841 4215 ad
873 4137 1278 4215 aemula-tionem
1303 4138 1370 4215 in
1399 4154 1502 4190 non
1537 4148 1698 4205 gente
1729 4149 1781 4215 et
1813 4141 1864 4192 in
1898 4154 2056 4210 gente
2080 4137 2253 4215 stulta
2275 4159 2436 4215 quam
2463 4137 2789 4215 elegitDetis
2817 4160 2911 4212 per
2945 4147 3235 4198 adventum
3258 4144 3386 4198 Jesu
3416 4137 3643 4206 Christi,

385 4218 440 4262 et
466 4208 766 4281 discipulos
789 4205 925 4272 ejus.
984 4206 1268 4281 Videmus
1302 4207 1533 4281 igitur_(
1572 4205 1923 4281 vocationem
1958 4213 2196 4265 nostr’ant
2246 4205 2371 4280 quia
2406 4229 2510 4267 non
2547 4205 2700 4268 i'nulti
2735 4205 3012 4281 sapientes
3059 4216 3356 4266 secundum
3395 4205 3642 4277 carnem,

388 4293 495 4330 non
532 4277 685 4330 ntuiti
717 4285 985 4350 potentes,
1017 4275 1314 4350 non‘multi
1348 4275 1580 4340 nobiles,
1617 4281 1709 4330 sed
1739 4278 1902 4331 stulta
1930 4281 2114 4334 mundi
2177 4275 2341 4349 elcgit
2374 4282 2514 4336 Deus
2541 4292 2599 4336 ut
2628 4275 2927 4334 confundat
2955 4283 3262 4350 sapientes;
3294 4291 3349 4335 et
3386 4275 3640 4349 ignobilia

387 4356 442 4400 et
466 4345 897 4420 contemptibilia
931 4345 1092 4420 elegit
1117 4345 1261 4400 Deus
1296 4353 1352 4399 et
1377 4360 1438 4398 ea
1467 4361 1587 4420 qua:
1616 4363 1719 4420 non
1746 4358 1892 4420 sunt,
1945 4358 2004 4402 ut
2051 4365 2113 4420 ea
2147 4345 2290 4419 quze
2314 4362 2474 4405 erant
2507 4352 2655 4419 prius
2688 4389 2704 4417 ,
2745 4345 3088 4416 destrueret;
3120 4367 3139 4400 ι
3191 4345 3347 4405 etne
3380 4345 3644 4420 glorietur

387 4416 720 4490 curanrDep
751 4415 845 4484 qui
868 4416 1165 4468 secundum
1197 4431 1416 4490 carnem
1443 4425 1519 4490 est
1552 4415 1739 4481 Israel,
1775 4416 1842 4490 ab
1864 4418 2125 4490 Apostolo
2166 4415 2306 4472 ἐει-ο
2335 4415 2653 4490 appellatus.

457 4486 516 4540 5.
559 4485 698 4557 Quid
735 4494 913 4539 autem
947 4493 1194 4557 opusest
1249 4486 1314 4539 de
1349 4485 1414 4539 iis
1442 4486 1624 4557 dicere
1658 4501 1786 4557 quia
1809 4489 1874 4540 tle
1907 4485 2124 4542 Christo
2162 4485 2534 4557 prtecinirintur
2563 4490 2616 4543 in
2643 4489 2874 4544 Psalmis
2908 4489 2997 4544 ubi
3027 4489 3302 4543 canticum
3329 4487 3644 4544 inscribitur

394 4571 543 4628 {pro
566 4555 796 4628 dilecto,
840 4573 857 4606 ι
888 4554 1408 4628 cnjus_lingt_ta_csse
1440 4556 1678 4628 diciturt
1710 4554 2176 4628 calamusscribm—
2213 4558 2473 4612 velociter
2524 4559 2850 4624 scribentis;
2887 4560 2998 4628 ipse
3029 4559 3306 4626 speciosus
3337 4558 3504 4612 forma
3533 4573 3642 4628 prta

392 4625 519 4695 liliis
565 4625 865 4695 hominum,
895 4624 1380 4691 quoniam’diﬂ'usa
1420 4637 1505 4679 est
1536 4626 1712 4695 gratia
1749 4626 1802 4678 in
1849 4626 2004 4680 labiis
2034 4645 2053 4678 ι
2091 4629 2228 4695 ejus.

2305 4628 2566 4682 Indicium
2592 4631 2737 4682 enim
2772 4627 2978 4682 diffusa:
3003 4630 3190 4698 gratia:
3222 4630 3273 4681 in
3309 4627 3637 4696 labiisejus,

390 4694 494 4750 hoc
522 4703 604 4750 est
632 4696 796 4762 quod,
825 4694 953 4748 licet
992 4709 1166 4762 pauco
1197 4703 1439 4763 tempore
1467 4694 1716 4750 docuerit
1751 4695 1973 4766 (annum
2020 4694 2166 4750 enim
2217 4706 2272 4753 et
2309 4714 2521 4754 menses
2567 4699 2772 4768 aliquot
2809 4694 3056 4770 docuit)',
3121 4700 3406 4754 universus
3457 4694 3639 4752 tamen

457 4817 504 4850 ’¹“¹
541 4815 562 4868 l
591 4817 718 4871 Cor.
751 4831 786 4878 ι,
814 4814 906 4868 26.
1002 4815 1045 4846 ⁷⁸
1069 4815 1201 4868 Ibid.
1225 4813 1314 4869 29.

391 4883 624 4942 "Mich.
660 4900 717 4950 ν,
742 4885 795 4937 2.
869 4884 918 4916 ⁸’δ
944 4883 1079 4940 Dan.
1108 4901 1183 4938 ιι.

447 5000 571 5076 ’(ξῖ)
607 4998 771 5076 Ideni,
816 5000 1000 5052 καὶτὰ
1024 5000 1225 5071 ἀσθενῆ
1263 5001 1793 5076 και-ἐξουδενημένα.

391 5071 572 5192 θεὲἓὲἐ
636 5070 711 5122 Ita
779 5082 1008 5140 quatuor
1067 5086 1197 5124 mss.
1282 5070 1747 5142 Editiu-Tarl'ui,
1799 5080 1964 5150 gmw

424 5158 592 5204 εισης.

609 5207 926 5284 ξΕνιαυτρις
952 5209 1061 5278 γάρ
1090 5211 1337 5284 πουμκαὶ
1352 5210 1550 5281 μῆνας
1579 5215 1821 5284 ὀλίγους
1847 5218 1961 5272 d61-

391 5276 844 5349 δαξενλιειιωιιε
874 5276 966 5330 lib.
1001 5276 1038 5338 ιζ
1071 5297 1188 5349 cap.
1213 5281 1270 5343 ὅ,
1301 5276 1450 5336 nutu.
1483 5276 1539 5348 5,
1583 5276 1743 5340 tradit
1775 5276 1966 5342 Valen-

393 5348 626 5403 tinianus
664 5348 717 5401 in
755 5349 857 5402 hoc
901 5362 1085 5402 errore
1135 5348 1374 5404 versatos
1410 5352 1577 5407 fuisse
1615 5393 1630 5413 .
1694 5367 1749 5408 ut
1779 5359 1960 5412 .Iesnm

393 5433 496 5473 uno
527 5428 734 5472 tantum
766 5433 910 5469 anno
953 5429 1074 5484 post
1103 5419 1363 5486 baptisma
1403 5427 1730 5487 pra:dicas.e
1773 5431 1965 5480 crede-

395 5499 528 5542 rcnt.
564 5488 623 5560 In
659 5487 932 5560 eumdem,
965 5489 1504 5560 prtutcr‘Origenem,
1536 5495 1807 5560 impegere
1837 5499 1959 5550 Cle-

394 5570 539 5632 mens
565 5557 970 5632 Alesandrinus
1006 5557 1134 5632 lib.)
1164 5556 1442 5632 Stratuan
1479 5556 1780 5632 pagXSlO;
1827 5567 1957 5620 Ter-

393 5626 642 5702 {ulli-anus
668 5627 757 5679 lib.
791 5633 1070 5702 ‘adversus
1094 5624 1352 5702 Iudices,
1385 5624 1652 5702 ett-p.18.
1719 5624 1830 5688 Una
1876 5647 1958 5690 est

391 5696 613 5749 istorum
658 5696 899 5750 omnium
940 5696 1232 5759 sententia,
1265 5696 1542 5755 Christum
1572 5717 1713 5756 anno
1746 5706 1812 5759 l5
1857 5709 1958 5759 im-

389 5767 518 5830 perii
546 5767 766 5834 Tiberii,
796 5781 904 5838 quo
943 5767 1278 5836 baptizatum
1317 5765 1482 5826 fuisse
1520 5773 1712 5828 scribit
1754 5773 1954 5842 Lucas,

1423 4818 1465 4848 ⁷⁹
1490 4816 1688 4874 Psalm.
1714 4833 1854 4882 κων,
1883 4818 1936 4872 5.

2012 4819 2058 4850 ⁸⁰
2101 4819 2243 4876 Psal.
2280 4837 2428 4888 vat,
2464 4823 2520 4888 7,
2555 4823 2609 4878 8.

2684 4822 2726 4853 ⁸¹
2764 4821 2888 4876 lsai.
2925 4836 3016 4888 vn,
3042 4821 3128 4875 M.
3206 4819 3252 4851 ⁸³
3281 4819 3405 4875 lsai.
3433 4834 3549 4886 vni,
3582 4819 3635 4874 9.

2071 5023 2285 5076 passum
2317 5025 2438 5065 esse
2466 5052 2482 5077 ,
2537 5025 2681 5066 anno
2721 5010 2925 5065 scilicet
2958 5007 3135 5063 aetatis
3158 5008 3228 5062 30
3259 5050 3274 5075 ,
3316 5022 3380 5061 ac
3411 5008 3640 5078 proinde

2073 5096 2215 5131 anno
2252 5096 2357 5133 uno
2389 5082 2647 5134 duntaxat
2676 5090 2794 5149 post
2834 5081 3159 5148 baptismum
3182 5093 3235 5133 et
3260 5088 3385 5149 ante
3411 5087 3636 5133 mortem

2072 5163 2224 5201 suam
2260 5151 2501 5218 publicas
2526 5151 2662 5219 apud
2679 5148 2901 5204 Judzeos
2925 5150 3179 5203 habuisse
3201 5148 3512 5203 conciones.

2141 5217 2272 5292 (90)
2298 5219 2372 5292 De
2411 5217 2638 5292 Christo.
2666 5221 2808 5292 haec
2849 5221 3044 5274 desunt
3095 5221 3156 5292 iu_
3180 5219 3340 5274 editis
3363 5257 3380 5282 ,
3417 5217 3639 5292 sedba-

2072 5287 2268 5342 bentur
2295 5291 2344 5342 in
2390 5305 2518 5343 mss.
2550 5289 2715 5343 Paulo
2738 5298 2858 5358 post
2887 5305 3042 5358 mss.,
3086 5307 3105 5339 ι
3129 5289 3358 5342 decorus
3382 5287 3578 5355 specie.
3598 5305 3632 5358 »ι

2071 5358 2124 5410 lu
2154 5361 2312 5412 editis
2368 5361 2516 5413 deest
2543 5402 2557 5423 ,
2615 5377 2634 5410 ι
2661 5356 2858 5428 specie.
2889 5377 2907 5409 ι
2962 5357 3102 5412 Infra
3157 5372 3340 5428 mss.,_
3363 5375 3381 5406 ι
3415 5363 3470 5408 ει
3496 5356 3636 5410 mul-

2072 5430 2242 5480 titudo
2267 5431 2434 5497 pacis.
2472 5448 2491 5480 ι
2537 5426 2700 5492 Ειιιιὶ,
2731 5447 2748 5479 ι
2779 5439 2832 5481 ει
2860 5428 3192 5481 abundantia
3226 5426 3394 5494 pacis.
3425 5443 3444 5476 ι

2135 5498 2246 5565 (91)
2289 5499 2380 5553 Sic
2427 5513 2559 5553 mss.
2591 5500 2644 5551 ln
2679 5499 2840 5552 editis
2890 5499 3060 5560 deest,
3128 5513 3146 5544 ι
3171 5507 3335 5558 terra,
3369 5513 3410 5565 »ν
3447 5502 3504 5546 ει
3532 5508 3632 5563 pro

2067 5586 2084 5617 ι
2119 5571 2307 5636 exigua
2333 5590 2349 5620 ι
2386 5569 2600 5636 legitur,
2637 5587 2654 5616 ι
2685 5568 2928 5620 minima.
2958 5585 2974 5616 ι
3003 5565 3144 5618 Infra
3175 5579 3328 5626 11153.,
3361 5564 3636 5636 ginveniet

2061 5634 2458 5706 quod—etqum—
2489 5638 2605 5689 attsi
2656 5647 2780 5689 sunt
2834 5636 3051 5701 aggredi
3085 5673 3100 5694 ,
3154 5649 3314 5700 supra
3362 5634 3632 5706 hominem

2059 5703 2204 5760 sunt.
2234 5725 2250 5755 ι
2296 5703 2463 5761 Paulo
2497 5715 2615 5774 post
2644 5719 2794 5774 mss,
2835 5724 2852 5754 ι
2889 5705 3064 5774 divina
3097 5707 3329 5774 quadam
3384 5717 3503 5770 qua:
3549 5703 3632 5756 eis

2058 5777 2263 5831 aderat.
2302 5792 2322 5830 ι
2363 5772 2529 5840 Editi,
2564 5793 2582 5824 ι
2617 5772 2798 5827 divina
2827 5772 3039 5841 quidem
3069 5788 3190 5844 qua:
3234 5772 3314 5828 eis
3359 5774 3567 5827 aderat.
3604 5787 3627 5823 ι
