4014 6142
255 250 436 332 ἐει

1573 276 1898 332 ORJGENIS
1933 278 2093 331 ΠΕΡΙ
2133 277 2366 330 ΔΡΧΩΝ

3491 274 3596 331 ὃῦὶ

340 397 390 452 is
411 395 502 466 qui
523 395 575 450 in
594 394 695 452 Job
714 395 890 453 ilictus
912 406 994 454 est
1012 396 1244 454 belluam
1271 397 1539 468 ingentem
1559 407 1917 467 censnmptu-

2026 396 2141 450 στοῦ
2179 395 2478 467 ἡγουμένου
2510 393 2651 447 κατὰ
2681 393 2770 447 τὸν
2803 393 2998 465 Δανιὴλ
3033 393 3166 466 (95).
3201 389 3332 464 ἦλθέ
3366 411 3422 445 τε
3454 393 3596 449 κατὰ

339 501 458 554 rus,
491 487 581 556 qui
613 498 669 543 et
696 487 844 544 dedit
891 496 1211 560 potestatem
1262 489 1617 543 familiaribus
1643 489 1919 557 discipulis

341 580 459 638 suis
477 581 695 636 calcare
715 597 878 652 super
905 591 1182 651 serpentes
1231 591 1284 636 et
1317 583 1650 652 scorpiones,
1681 591 1730 637 et
1756 598 1914 650 supra

343 687 561 728 omnem
588 674 1239 742 virtutem'inimici,nihil
1257 675 1324 730 ab
1342 690 1405 730 eo
1433 675 1689 731 uocendis
1708 674 1774 727 ⁸⁵.
1811 671 1917 727 Sed

343 773 398 818 et
427 765 472 818 si
522 764 645 832 quis
673 764 981 818 consideret
1009 765 1376 834 apostolorum
1418 767 1620 822 Christi
1661 781 1757 837 per
1810 767 1918 819 sin-

343 855 463 924 gula
499 855 616 909 loca
650 855 926 909 discursus
955 895 970 919 ,
1019 856 1071 909 in
1112 858 1312 926 quibus
1343 859 1411 912 ab
1464 874 1528 913 eo
1560 859 1711 912 missi
1749 858 1920 910 Evan-

344 944 542 1013 gelium
589 944 1002 1013 praedicarunt,
1067 943 1306 1000 inveniet
1359 947 1502 1016 quod
1554 959 1756 1015 etqua:
1804 948 1918 1000 ausi

343 1043 470 1088 sunt
495 1035 739 1104 aggredi,
771 1050 936 1105 supra
974 1037 1249 1091 hominem
1280 1049 1428 1100 sunt,
1461 1047 1513 1092 et
1536 1039 1678 1106 quod
1704 1038 1922 1106 explere

343 1135 679 1195 potuerunt,
715 1141 780 1181 ex
813 1127 921 1182 Deo
952 1137 1056 1182 est.
1110 1128 1172 1183 Si
1209 1130 1620 1186 considerenms
1651 1131 1922 1198 quomodo

342 1217 590 1271 homines
627 1232 818 1272 novam
854 1217 1157 1271 doctrinam
1195 1219 1260 1272 ab
1286 1218 1364 1273 eis
1395 1219 1678 1273 audientes
1712 1219 1920 1284 inferri,

343 1310 621 1378 suscipere
649 1324 743 1365 cos
777 1318 1069 1378 potuerunt
1094 1351 1108 1374 ,
1141 1309 1225 1363 vel
1275 1312 1451 1379 potius
1497 1312 1640 1379 quod
1676 1325 1818 1379 smpe
1843 1313 1923 1367 eis

342 1400 589 1454 volentes
615 1399 817 1456 inferre
866 1401 1158 1470 perniciem
1193 1400 1373 1453 dii-ina
1401 1401 1639 1470 quadam
1695 1417 1817 1469 quae
1845 1402 1923 1456 eis

342 1491 531 1545 aderat
569 1491 771 1545 virtute
807 1493 1040 1561 repressi
1074 1501 1220 1554 sunt,
1288 1491 1627 1547 inveniemus
1684 1492 1822 1546 nihil
1865 1492 1923 1547 in

342 1583 447 1637 hac
469 1597 633 1636 causa
667 1583 922 1636 humanis
949 1583 1173 1646 viribus,
1203 1584 1298 1638 sed
1321 1593 1489 1638 totum
1513 1583 1694 1638 divina
1722 1585 1924 1638 virtute

343 1687 408 1727 ac
469 1672 811 1740 providentia
878 1682 1275 1742 procuratum,
1333 1673 1677 1727 evidentibus
1734 1672 1923 1743 procul

2018 489 2106 540 τὸν
2150 486 2268 540 Ἰὼϐ
2291 488 2318 538 ὁ
2339 487 2398 538 τὸ
2429 485 2570 557 μέγα
2595 486 2760 556 κῆτος
2785 487 3189 556 χειρωσάμενος
3218 487 3313 538 καὶ
3347 483 3596 550 δεδωκὼς

2019 578 2264 643 ἐξουσίαν
2290 582 2399 638 τοῖς
2430 578 2671 648 γνησίοις
2697 577 2859 629 αὑτοῦ
2899 576 3163 648 μαθηταῖς
3194 579 3382 629 πατεῖν
3413 577 3597 629 ἐπάνω

2018 671 2192 739 ὄφεων
2219 671 2311 722 καὶ
2339 668 2634 740 σκορπίων,
2661 668 2756 722 καὶ
2784 670 2876 720 ἐπὶ
2904 669 3082 722 πᾶσαν
3115 667 3212 739 τὴν
3247 666 3474 736 δύναμιν
3504 665 3594 718 τοῦ

2021 761 2236 832 ἐχθροῦ,
2269 761 2422 813 οὐδὲν
2449 761 2539 812 ὑπ’
2570 759 2746 814 αὐτῶν
2775 759 3167 828 ἀδικουμένοις.
3219 755 3599 826 Ἐπιστησάτω

2021 853 2077 904 δέ
2100 870 2182 915 τις
2207 853 2298 905 καὶ
2321 856 2386 922 τῇ
2411 851 2518 904 τῶν
2544 851 2856 905 ἀποστόλων
2881 850 3180 918 πανταχόσε
3211 848 3472 918 ἐπιδημία
3491 846 3602 900 τῶν

2023 943 2128 996 ὑπὸ
2163 943 2256 995 τοῦ
2327 941 2502 1014 Ἰησοῦ
2536 943 2626 994 ἐπὶ
2668 942 2730 994 τὸ
2771 940 3128 1008 καταγγείλαι
3163 940 3223 992 τὸ
3272 937 3600 1006 Εὐαγγέλιον

2023 1032 2400 1102 πεμφθέντων,
2439 1033 2530 1085 καὶ
2562 1032 2749 1100 ὄψεται
2774 1031 2949 1084 καὶτὸ
2972 1031 3224 1099 τόλμημα
3257 1028 3317 1080 οὐ
3364 1029 3480 1080 κατ’
3509 1027 3595 1080 ἄν-

2023 1123 2240 1194 θρωπον
2281 1125 2373 1176 καὶ
2400 1125 2458 1176 τὸ
2488 1125 2768 1192 ἐπίταγμα
2801 1123 2943 1176 θεῖον
2978 1121 3114 1193 (94).
3155 1122 3264 1173 Καὶ
3293 1120 3386 1172 ἐὰν
3415 1121 3603 1186 ἐξετά-

2025 1231 2205 1283 σωμεν
2240 1213 2352 1277 πῶς
2390 1212 2664 1284 ἄνθρωποι
2699 1212 2900 1264 καινῶν
2939 1212 3280 1281 μαθημάτων
3313 1209 3604 1274 ἀκούοντες

2025 1307 2117 1358 καὶ
2151 1306 2316 1370 ξένων
2350 1305 2524 1372 λόγων
2563 1306 2906 1375 προσήκαντο
2941 1306 3066 1366 τοὺς
3093 1303 3321 1374 ἄνδραςο
3359 1303 3607 1373 νικηθέν-

2023 1415 2112 1461 τες
2137 1398 2241 1472 (95)
2290 1399 2347 1450 ἐν
2381 1396 2456 1468 τῷ
2499 1396 2670 1449 θέλειν
2705 1398 2887 1460 αὐτοῖς
2918 1396 3289 1449 ἐπιϐουλεύειν
3323 1397 3426 1448 ὑπό
3465 1414 3606 1460 τινος

2025 1489 2174 1554 θείας
2203 1490 2482 1560 δυνάμεως
2512 1490 2915 1560 ἐπισκοπούσης
2941 1490 3157 1553 αὐτοὺς,
3183 1489 3282 1541 οὐκ
3305 1491 3607 1560 ἀπιστήσο-

2029 1600 2126 1652 μεν
2155 1584 2199 1635 εί
2223 1583 2315 1635 καὶ
2343 1583 2604 1652 τεράστια
2631 1583 2742 1653 (96)
2769 1583 3152 1652 πεποιήκασιν,
3180 1581 3610 1654 ἐπιμαρτυροῦν-

2023 1692 2114 1737 τος
2160 1675 2252 1728 τοῦ
2288 1673 2422 1727 Θεοῦ
2458 1677 2568 1737 τοῖς
2614 1674 2791 1742 λόγοις
2834 1673 3034 1737 αὐτῶν,
3077 1675 3168 1728 καὶ
3219 1675 3306 1728 διὰ
3343 1676 3606 1745 σημείων,

344 1761 508 1817 dubio
546 1762 714 1828 signis
744 1771 798 1816 et
829 1764 1117 1818 virtutibus
1157 1764 1534 1819 testimonium
1567 1765 1921 1821 reddentibus

2026 1767 2118 1819 καὶ
2154 1767 2418 1838 τεράτων,
2463 1767 2556 1819 καὶ
2591 1765 2847 1819 ποικίλων
2885 1765 3185 1836 δυνάμεων.

345 1856 510 1910 verbo
533 1865 586 1909 et
610 1856 869 1910 doctrina)
895 1871 1104 1910 eorum.

414 1947 465 2002 6.
501 1946 593 2001 His
618 1956 795 2001 autem
821 1947 1056 2000 breviter
1081 1947 1488 2011 demonstratis,
1520 1947 1572 2002 id
1599 1957 1681 2003 est
1704 1949 1768 2004 de
1805 1949 1918 2004 dei-

345 2045 454 2094 tate
486 2037 611 2093 .Iesu
655 2035 858 2091 Christi
904 2046 957 2092 et
1003 2039 1069 2092 de
1129 2039 1380 2093 omnibus
1423 2040 1509 2094 his
1546 2055 1664 2108 quae
1691 2042 1758 2095 de
1791 2042 1907 2111 ipso

341 2130 658 2199 prophetata
691 2128 926 2194 fuerant,
967 2129 1216 2197 expletis,
1245 2130 1407 2185 simul
1451 2131 1580 2186 illud
1630 2131 1794 2186 etiam
1828 2149 1918 2187 ar-

344 2223 513 2277 bitror
541 2221 922 2290 approbatum,
962 2224 1102 2285 quod
1135 2233 1188 2275 et
1219 2220 1519 2291 Scriptura:
1553 2224 1682 2292 ipsae
1708 2240 1828 2293 quae
1857 2227 1922 2280 de

342 2328 408 2369 eo
453 2316 934 2382 prophetaverant,
988 2314 1250 2369 divinitus
1299 2308 1579 2382 in'spiratae
1629 2317 1756 2384 sint,
1803 2334 1923 2388 qua:

341 2403 426 2458 vol
461 2405 528 2458 de
554 2406 791 2458 adventu
839 2403 978 2473 ejus,
1011 2405 1093 2458 vel
1122 2406 1189 2460 de
1224 2415 1493 2477 potestate
1520 2409 1801 2474 doctrinm,
1841 2409 1923 2464 vel

342 2497 412 2552 de
442 2495 681 2550 omnium
719 2496 832 2567 (9'2)
861 2497 1102 2566 gentium
1135 2501 1506 2569 assumptione
1533 2499 1920 2567 prtedixeraut.

342 2591 549 2660 Quibus
571 2592 737 2645 etiam
766 2592 896 2644 illud
938 2592 1267 2656 addendum,
1307 2592 1449 2661 quod
1481 2595 1596 2647 sive
1634 2596 1926 2663 propheta-

344 2696 464 2734 rum
496 2679 833 2746 vaticinatio,
865 2681 979 2735 sive
1016 2679 1214 2751 Moysis
1247 2683 1359 2749 lex,
1392 2683 1572 2736 divina
1603 2698 1724 2738 esse
1763 2693 1817 2738 et
1841 2685 1924 2738 di-

343 2772 544 2828 vinitus
580 2772 841 2841 inspirata
871 2786 941 2826 ex
984 2788 1050 2828 eo
1103 2776 1340 2830 maxime
1391 2776 1692 2830 illuminata
1739 2786 1824 2832 est
1873 2785 1927 2830 et

341 2867 593 2936 probata,
614 2881 680 2922 ex
711 2881 820 2936 quo
851 2868 902 2921 in
937 2868 1078 2922 [tunc
1102 2870 1366 2924 mundum
1397 2868 1649 2924 Christus
1683 2869 1922 2923 advenit.

343 2959 487 3011 Ante
513 2959 657 3011 enim
693 2974 855 3026 quam
889 2960 1298 3028 complerentur
1322 2977 1385 3015 ea
1416 2976 1537 3030 quae
1570 2961 1638 3014 ab
1673 2961 1777 3014 illis
1809 2961 1925 3013 fue-

345 3058 472 3102 rant
499 3049 778 3118 praedicta,
808 3051 1060 3118 quamvis
1087 3066 1213 3107 vera
1263 3062 1472 3118 essent,
1514 3060 1569 3106 et
1616 3067 1644 3103 a
1696 3051 1803 3106 Deo
1840 3053 1928 3104 in-

2111 1945 2544 2008 Ἀποδεικνύντες
2571 1943 2627 1996 δέ
2659 1945 2733 2007 ὡς
2768 1945 2823 1996 ἐν
2855 1945 3086 2014 ἐπιτομῇ
3122 1944 3246 2014 περὶ
3281 1944 3376 2013 τῆς
3403 1943 3612 2015 θειότη-

2025 2053 2116 2099 τος
2153 2036 2348 2107 Ἰησοῦ,
2383 2036 2475 2088 καὶ
2502 2034 2772 2107 χρώμενοι
2799 2037 2909 2098 τοῖς
2939 2037 3064 2104 περὶ
3087 2035 3249 2087 αὐτοῦ
3277 2034 3455 2102 λόγοις
3481 2052 3614 2106 προ-

2029 2133 2296 2202 φητικῡῖς,
2351 2128 2843 2198 συναποδείκνυμεν
2897 2125 3282 2189 θεοπνεύστους
3333 2121 3470 2179 εἶναι
3517 2127 3616 2189 τὰς

2030 2222 2475 2296 προφητευούσας
2501 2222 2629 2292 περὶ
2651 2218 2816 2274 αὐτοῦ
2841 2218 3082 2290 Γραφὰς,
3111 2218 3204 2271 καὶ
3227 2218 3296 2271 τὰ
3320 2217 3618 2286 καταγγέλ-

2030 2316 2190 2367 λοντα
2223 2314 2319 2384 τὴν
2351 2313 2651 2382 ἐπιδημίαν
2686 2311 2850 2364 αὐτοῦ
2894 2311 3198 2382 γράμματα
3233 2313 3326 2364 καὶ
3364 2311 3619 2366 διδασκα-

2031 2407 2169 2469 λίαν,
2211 2406 2347 2478 μετὰ
2382 2407 2561 2476 πάσης
2593 2404 2873 2473 δυνάμεως
2911 2403 3006 2456 καὶ
3044 2403 3290 2467 ἐξουσίας
3330 2404 3613 2475 εἰρημένα,

2031 2499 2125 2551 καὶ
2163 2499 2250 2552 διὰ
2281 2497 2436 2551 τοῦτο
2469 2498 2565 2566 τῆς
2598 2497 2704 2550 ἀπὸ
2737 2495 2844 2547 τῶν
2876 2495 3042 2548 ἐθνῶν
3076 2496 3308 2566 ἐκλογῆς
3341 2513 3616 2567 κεκρατη-

2033 2592 2183 2645 κότα.
2204 2590 2432 2643 Λεκτέον
2451 2590 2506 2642 δὲ
2530 2590 2610 2642 ὅτι
2635 2589 2696 2640 τὸ
2716 2587 2823 2640 τῶν
2845 2587 3195 2660 προφητικῶν
3218 2589 3390 2657 λόγων
3413 2589 3614 2655 ἔνθεον,

2033 2686 2128 2738 καὶ
2159 2685 2221 2736 τὸ
2252 2681 2618 2752 πνευματικὸν
2645 2680 2737 2733 τοῦ
2768 2681 3011 2744 Μωσέως
3039 2682 3201 2751 νὸμου
3231 2681 3468 2752 ἔλαμψεν
3495 2685 3617 2735 ἐπι-

2033 2776 2373 2846 δημήσαντος
2411 2775 2604 2845 Ἰησοῦ.
2649 2774 2882 2844 Ἐναργῆ
2919 2773 3024 2843 γὰρ
3051 2773 3468 2844 παραδείγματα
3491 2777 3618 2848 περὶ

2036 2868 2128 2921 τοῦ
2157 2866 2546 2928 θεοπνεύστους
2579 2861 2715 2918 εἶναι
2742 2865 2840 2927 τὰς
2876 2865 3109 2928 παλαιάς
3141 2865 3364 2936 Γραφὰς
3392 2868 3495 2938 πρὸ
3520 2869 3619 2938 τῆς

2037 2958 2327 3028 ἐπιδημίας
2359 2957 2451 3009 τοῦ
2484 2956 2717 3027 Χριστοῦ
2748 2957 3092 3027 παραστῆσαι
3127 2959 3185 3010 οὐ
3226 2959 3366 3012 πάνυ
3397 2958 3618 3013 δυνατὸν

2035 3047 2122 3122 ἦν·
2149 3051 2316 3121 ἀλλ’ἢ
2351 3050 2522 3120 Ἰησοῦ
2545 3049 2804 3120 ἐπιδημία
2827 3049 2936 3120 (97)
2959 3050 3286 3121 δυναμένους
3315 3051 3618 3104 ὑποπτεύε-

1580 3146 2144 3202 ιΝΤΕιιΡιιΕΤΑΤιΟ
2183 3145 2389 3201 NOVA.

345 3237 494 3294 orbis
518 3235 768 3309 doctrina
797 3234 914 3309 ejus
942 3245 998 3291 et
1027 3252 1155 3293 vero
1187 3253 1283 3306 per
1337 3239 1509 3306 ipsum
1563 3240 1653 3292 Dei
1699 3241 1845 3294 cultu
1879 3241 2132 3309 impletus
2159 3250 2259 3293 est.
2293 3241 2422 3309 Orta
2451 3249 2534 3292 est
2562 3237 2736 3309 enim
2807 3255 2824 3287 ι
2865 3237 2917 3290 ἰιι
2945 3236 3132 3292 diebus
3161 3236 3278 3303 ejus
3323 3237 3531 3303 jus‘lilia
3565 3247 3620 3297 et

348 3308 680 3378 abundantia
710 3308 859 3378 pacis
886 3320 1212 3376 permanens
1236 3323 1404 3376 usque
1450 3310 1514 3361 ad
1543 3307 2092 3372 consummationem,
2131 3328 2150 3360 ›
2187 3325 2307 3378 quae
2330 3307 2531 3362 ablatio
2561 3307 2701 3360 luna:
2737 3317 2925 3360 vocata
2959 3316 3060 3369 est,
3111 3325 3127 3356 ι
3166 3319 3220 3361 et
3249 3309 3562 3362 dominatur
3587 3329 3616 3365 a

347 3377 487 3434 mari
540 3377 803 3448 usquead
833 3393 985 3448 mare
1037 3387 1090 3431 et
1146 3393 1173 3430 a
1213 3378 1525 3431 fluininihus
1557 3397 1730 3448 usque
1764 3381 1829 3432 ad
1881 3381 2147 3435 terminos
2174 3377 2322 3433 orbis
2371 3389 2666 3432 terrarum.
2723 3378 2916 3448 Datum
2971 3388 3057 3430 est
3110 3389 3370 3448 praeterea
3402 3379 3617 3447 signum

349 3449 534 3502 domui
569 3447 756 3517 David.
783 3447 967 3517 "Virgo
995 3450 1140 3502 enim
1176 3450 1383 3517 peperit
1418 3459 1468 3498 et
1503 3447 1786 3515 concepit,
1821 3459 1875 3502 et
1901 3451 2110 3517 peperit
2141 3450 2308 3501 filium
2335 3489 2346 3506 .
2384 3459 2437 3503 et
2465 3463 2657 3500 nomen
2690 3447 2805 3511 ejus
2836 3447 3174 3511 Emmanuel,
3211 3449 3353 3515 quod
3385 3460 3466 3503 est
3498 3449 3615 3504 No-

349 3518 550 3588 (iiscum
585 3516 746 3572 Deus.
781 3516 838 3571 ld
865 3518 1151 3587 impletum
1179 3516 1283 3572 est
1315 3519 1458 3586 quod
1494 3519 1572 3572 ait
1605 3519 1744 3573 idem
1797 3516 2058 3588 propheta
2091 3536 2106 3572 :
2170 3539 2189 3571 ι
2223 3519 2510 3574 Nobiscum
2551 3519 2728 3581 Deus;
2765 3517 3077 3583 cognoscite
3103 3557 3118 3580 ,
3147 3528 3334 3586 gentes
3366 3558 3380 3580 ,
3410 3528 3466 3572 et
3495 3521 3616 3573 vin-

348 3587 536 3658 eimini
566 3605 586 3658 ;
618 3595 912 3658 potentes,
946 3589 1141 3645 cedite.
1182 3607 1200 3640 ι
1269 3589 1524 3656 Superati
1557 3589 1703 3643 enim
1744 3600 1799 3641 et
1831 3587 1958 3641 victi
2013 3605 2197 3643 smnus
2221 3605 2358 3658 (pios
2388 3605 2452 3641 ex
2499 3588 2751 3658 gentibus
2805 3587 2976 3658 gratia
3010 3589 3276 3641 doctrinm
3307 3588 3424 3658 ejus
3450 3591 3617 3656 cepit.

350 3656 533 3712 Sedet
565 3655 714 3710 locus
743 3655 1002 3710 natalium
1032 3659 1148 3725 ejus
1197 3655 1492 3727 praedictus
1546 3669 1630 3712 est
1663 3660 1802 3727 apud
1833 3659 2144 3713 Mieha'ain:
2203 3655 2336 3710 ("l‘u
2373 3655 2542 3721 enini,
2582 3657 2776 3724 inquit,
2821 3655 3117 3723 Bethleem,
3156 3667 3300 3710 terra
3323 3655 3482 3723 Juda,
3520 3655 3621 3712 ne-

351 3742 625 3796 quaquam
666 3727 890 3780 minima
919 3742 978 3780 es
1011 3729 1061 3780 in
1113 3728 1450 3796 principibus
1504 3727 1662 3782 .luda.
1738 3730 1812 3781 lix
1860 3741 1908 3781 te
1938 3731 2080 3780 enim
2114 3729 2281 3782 exibit
2310 3729 2415 3781 dux
2451 3731 2541 3796 qui
2580 3737 2729 3795 regat
2769 3727 3024 3793 populum
3060 3741 3236 3780 meum
3268 3728 3452 3781 Israel.
3491 3747 3509 3778 ι
3554 3729 3620 3784 Et

350 3797 709 3867 septuaginta
753 3797 1115 3867 hebdoniades
1163 3800 1394 3866 impleta:
1437 3810 1563 3850 sunt
1617 3814 1786 3866 usque
1817 3802 1883 3852 ad
1919 3799 2194 3852 Christum
2237 3799 2430 3852 ducem
2455 3801 2608 3859 juxta
2647 3797 2918 3850 Dauielem
2956 3812 2970 3860 ;
3039 3798 3296 3866 venitque
3331 3799 3376 3853 is
3433 3799 3524 3867 qui
3562 3801 3616 3854 in

352 3866 494 3937 libro
521 3864 625 3918 Joh
661 3865 860 3918 dicitur
886 3867 1160 3932 ingentem
1195 3864 1375 3920 cetum
1426 3864 1711 3936 subegisse
1753 3880 1808 3922 et
1869 3873 1958 3937 qui
2009 3869 2151 3922 veris
2192 3870 2306 3922 suis
2339 3867 2620 3934 discipulis
2652 3867 3001 3934 proculcandi
3043 3864 3323 3935 serpentes
3375 3864 3615 3924 et'seor-

353 3935 473 4004 pios
503 3944 824 4007 potestatein
852 3937 1020 4007 dedit,
1045 3948 1099 3990 et
1123 3953 1342 3990 omnem
1394 3935 1597 3992 inimici
1632 3940 1737 3992 vim
1772 3939 1842 3991 ita
1885 3935 2209 4007 proterendi
2242 3947 2298 3990 tit
2330 3939 2462 3990 nihil
2491 3937 2558 3990 ab
2591 3937 2695 3988 illis
2726 3937 3008 3989 Iaulantur.
3034 3937 3417 4006 Apostolorum
3453 3940 3616 3994 etiam

353 4020 494 4077 quos
520 4005 585 4077 ad
616 4004 1064 4077 promulgaudum
1093 4007 1450 4077 Evangelium
1481 4009 1625 4062 misit
1656 4008 1838 4072 Jesus,
1885 4004 2378 4076 peregrinationem
2411 4023 2506 4075 per
2541 4007 2851 4059 universum
2886 4004 3496 4074 orbem—consideranti,
3533 4025 3620 4064 res

353 4075 608 4146 humanis
636 4073 842 4128 viribus
885 4078 1074 4142 major,
1108 4073 1363 4146 suscepta
1398 4077 1490 4130 Dei
1521 4079 1700 4145 jussu,
1738 4073 2039 4131 videbitur.
2099 4079 2162 4131 Et
2217 4079 2259 4131 si
2313 4073 2710 4146 perpendamus
2748 4093 2853 4146 quo
2903 4085 3064 4144 pacto
3122 4079 3369 4132 homines
3424 4073 3617 4134 novam

353 4145 659 4217 doctrinam
692 4146 1118 4214 peregrinosque
1143 4145 1425 4202 sermones
1457 4150 1742 4202 audientes
1773 4149 1838 4200 ad
1869 4149 2141 4217 apostolos
2171 4164 2291 4204 sese
2315 4145 2680 4216 applicuerint
2713 4187 2727 4210 ,
2766 4145 2818 4217 et
2849 4147 3123 4217 quomodo
3154 4148 3485 4203 voluntatem
3514 4149 3622 4205 illis

352 4215 644 4288 insidiandi
679 4217 978 4284 posuerint,
1007 4219 1188 4271 divina
1221 4221 1453 4286 quadam
1488 4220 1616 4272 victi
1645 4215 1916 4288 potestate
1947 4233 2065 4285 quae
2094 4221 2319 4274 istorum
2351 4215 2511 4271 saluti
2533 4215 2868 4288 consulebat
2901 4255 2915 4278 ,
2965 4216 3095 4268 nulli
3129 4217 3499 4273 dubitabimus
3525 4235 3622 4274 eos

354 4285 617 4366 miracula
649 4300 862 4356 quoque
892 4288 1154 4356 edidisse,
1184 4285 1532 4345 sermonibus
1567 4285 1811 4360 ipsorum
1843 4290 2212 4344 testimonium
2247 4290 2507 4344 reddente
2530 4287 2638 4341 Deo
2686 4302 2780 4356 per
2805 4289 2959 4355 signa
2996 4295 3050 4339 et
3083 4290 3328 4358 prodigia
3359 4299 3413 4344 et
3438 4291 3620 4346 varias

351 4365 599 4410 Virtutes.

425 4427 478 4479 6.
515 4426 613 4482 llis
641 4436 821 4482 autem
853 4429 1093 4485 breviter
1127 4429 1193 4485 de
1221 4428 1346 4485 Jesu
1393 4431 1676 4486 divinitate
1707 4429 2114 4494 demonstratis,
2146 4439 2198 4483 et
2245 4427 2627 4497 pr0phetarum
2672 4427 2740 4482 de
2778 4444 2842 4484 eo
2886 4427 3110 4497 prolatis
3155 4429 3451 4492 vaticiniis,
3507 4445 3614 4483 una

353 4510 568 4570 quoque
599 4497 858 4552 divinitus
885 4500 1179 4569 inspiratus
1209 4516 1330 4555 esse
1359 4516 1480 4570 quae
1512 4505 1579 4557 de
1611 4517 1675 4556 eo
1705 4503 2072 4569 praenuntiant
2108 4501 2422 4568 Seripturas
2458 4499 2932 4570 demonstremus,
2965 4507 3020 4552 et
3045 4514 3164 4568 qua:
3193 4500 3308 4568 ejus
3327 4503 3618 4552 adventum

355 4567 767 4641 doctrinamque
815 4567 1168 4641 annuntiant,
1221 4567 1428 4624 litteras
1475 4573 1622 4625 omni
1670 4567 1723 4625 et
1758 4582 2116 4641 potestateet
2153 4567 2474 4641 auctoritate
2511 4568 2585 4621 ita
2638 4581 2912 4641 constare,
2949 4579 3006 4641 ut
3051 4567 3333 4638 propterea
3376 4573 3618 4641 gentium

355 4635 551 4710 electio
578 4637 864 4710 subsecuta
905 4639 996 4692 sit.
1033 4639 1146 4691 lluc
1175 4641 1313 4694 adde
1354 4635 1795 4710 prepheticorum
1826 4657 2140 4697 sermonum
2178 4638 2517 4692 divinitatem
2567 4650 2617 4692 et
2653 4639 2783 4707 legis
2823 4635 3071 4693 Mosaicae
3107 4635 3350 4708 spiritum
3382 4635 3618 4692 adventu

357 4703 486 4758 Jesu
517 4705 954 4778 resplenduisse:
988 4725 1086 4761 nec
1115 4715 1258 4761 enim
1291 4703 1418 4764 ante
1443 4703 1642 4765 Christi
1671 4712 1959 4766 adventum
1999 4711 2306 4765 manifestis
2346 4712 2688 4776 argumentis
2706 4703 2939 4764 'osteudi
2985 4703 3197 4778 poterat
3226 4718 3438 4761 veteres
3473 4710 3620 4763 Seri-

359 4783 547 4842 pturas
567 4773 826 4849 divinitus
855 4775 1023 4830 fuisse
1063 4779 1382 4849 inspiratas;
1429 4781 1630 4834 Christi
1675 4792 1853 4835 autem
1882 4784 2150 4837 adventus
2195 4781 2259 4834 iis
2298 4779 2385 4846 qui
2418 4773 2697 4847 suspicari
2744 4773 3002 4849 poterant
3039 4779 3207 4847 Iegem
3245 4791 3298 4832 et
3329 4780 3622 4847 prophetas

360 4856 610 4919 nunesse
633 4843 864 4919 divinos,
905 4843 1188 4916 perspicue
1227 4848 1522 4919 declaravit
1549 4852 1756 4904 ctelesti
1784 4853 1956 4919 gratia
2001 4867 2122 4906 esse
2159 4843 2665 4915 conseriptosfb‘ed
2699 4843 2756 4903 et
2794 4850 2884 4918 qui
2919 4843 3202 4917 diligenter
3233 4843 3543 4917 attendoque
3569 4851 3620 4902 in

362 4913 591 4990 lectione
621 4913 1004 4981 prophetarum
1041 4925 1285 4971 versatus
1306 4918 1430 4982 erit,
1453 4920 1626 4990 divini
1673 4913 1885 4990 ramu'ttts
1925 4925 2208 4990 vestigium
2257 4913 2478 4990 sentiet,
2517 4930 2572 4974 et
2605 4921 2727 4974 inde
2764 4913 3234 4990 persuasissimum
3266 4913 3485 4972 habebit
3515 4935 3618 4974 non

362 4982 638 5060 hominum
667 4998 787 5037 esse
817 4998 1096 5060 sermones
1130 5002 1272 5060 _quos
1307 5003 1401 5060 pro
1432 4989 1637 5060 divinis
1669 4989 1952 5044 habemus.
2000 4982 2206 5046 Lu'inen
2257 4990 2442 5060 igiturA
2467 4989 2666 5060 Moysis
2717 4982 2817 5057 legi
2867 4989 3136 5042 inhaerens
3169 4989 3311 5060 quod
3349 4989 3621 5060 velamine

361 5051 738 5133 obtegebatur,
769 5056 1099 5133 adveniente
1123 5051 1274 5133 te...
1295 5051 1516 5114 Christo
1559 5059 1787 5128 refulsit,
1816 5062 1997 5116 ablato
2027 5051 2313 5126 velamine',
2344 5068 2396 5114 et
2433 5051 2592 5115 bonis
2623 5051 2852 5129 quorum
2910 5060 3158 5113 umbram
3189 5051 3388 5114 'habuit
3416 5058 3621 5126 littera,

362 5126 416 5177 in
447 5126 699 5178 notitiam
731 5126 934 5180 sensim
968 5128 1386 5193 prodeuntibus.

433 5218 480 5250 ⁸⁵
511 5214 645 5271 Luc.
677 5232 732 5271 ι.

434 5313 546 5385 (92)
577 5315 651 5368 lta
683 5312 1010 5390 mss_._Edi_ti,
1050 5331 1069 5364 ι
1093 5315 1262 5390 omni.
1301 5335 1319 5368 ι
1345 5316 1545 5390 ibidem
1583 5332 1736 5390 mss.,
1768 5337 1786 5370 ι
1818 5335 1942 5388 pro—
1970 5332 2012 5390 α

363 5385 650 5454 phetarum
685 5385 1016 5448 vaticinatio,
1051 5389 1164 5441 sive
1197 5388 1395 5454 Moysis
1417 5387 1524 5452 lex,
1548 5389 1728 5440 divina
1749 5385 1888 5447 esse.
1916 5409 1934 5441 ι

364 5455 532 5528 Editi,
565 5474 584 5506 ι
622 5456 1005 5523 prophetarum
1038 5457 1310 5524 vaticinia,
1345 5458 1456 5511 sive
1490 5458 1658 5528 Moysi
1691 5459 1774 5513 lex
1806 5461 1942 5513 divi-

2118 5320 2228 5403 (Qa)
2268 5322 2455 5377 Θεῖον.
2509 5323 2585 5378 Ita
2623 5330 2733 5376 tres
2773 5331 2902 5373 mss.
2952 5317 3128 5388 Regii.
3172 5316 3348 5371 Editio
3411 5315 3617 5379 Tarini,

2047 5392 2232 5532 Θςῗζξί)
2260 5464 2472 5518 Primus
2492 5463 2657 5517 codex
2692 5458 2913 5526 Regius,
2939 5457 3266 5528 κινηθέντες.

363 5527 707 5602 negtium.)
820 5595 853 5602 _
936 5595 948 5602 ι
1584 5527 1590 5528 “

2119 5527 2231 5602 (liti)
2262 5534 2426 5597 Idem,
2459 5534 2552 5586 καὶ
2575 5533 2621 5583 εἰ
2650 5532 2927 5602 τεράστια.

462 5542 649 5579 etiam.
689 5543 707 5575 ι

441 5593 564 5716 (95)
582 5593 794 5648 Primus
820 5595 1040 5664 Regius,
1081 5597 1185 5661 ἕως
1219 5598 1311 5651 τοῦ
1348 5597 1649 5716 ιὲγουμένου
1680 5597 1819 5650 κατὰ
1851 5598 1925 5654 τοι

441 5665 529 5716 γνιή
570 5704 582 5715 .
621 5663 762 5716 Infra
796 5667 935 5716 idem
974 5668 1163 5716 eodex_
1198 5670 1290 5716 ἐπὶ
1327 5685 1356 5716 τ
1428 5669 1800 5716 κατανγείλαι-
1837 5673 1915 5716 Ali

2119 5542 2209 5600 (96
2262 5542 2426 5597 Idem,
2459 5542 2552 5586 καὶ
2575 5542 2621 5583 ει
2650 5542 2927 5602 τεράστια.

2055 5542 2231 5716 “£97;
2282 5604 2493 5659 l‘ritnus
2559 5603 2678 5658 cod.
2750 5602 2982 5670 Regius,
3040 5602 3072 5670 ὴ
3145 5596 3381 5669 Χριστυῦ
3441 5596 3616 5666 ἐπιὸη·

368 5663 582 5745 Δανιηλ.
621 5663 1164 5745 lul'ra_id_etn_codex,
1198 5670 1290 5745 ἐπὶ
1327 5663 1403 5719 τδ
1428 5663 1800 5737 καταγγείλαι.
1835 5673 1916 5725 Ali

2053 5663 2171 5745 μία.
2212 5663 2222 5674 ’
2250 5736 2256 5742 ,

369 5748 490 5787 cum
516 5732 737 5803 Taritto,
771 5735 860 5789 ἐπὶ
893 5735 969 5808 τῷ
1003 5740 1375 5808 καταγγεῖλαι.
