4014 6142
418 299 524 357 553

1740 307 1940 362 LIBER
1983 309 2318 376 QUARTUS

3567 325 3670 380 334

419 423 539 475 σθαι
563 409 660 477 ’τὸν
695 423 854 493 νόμον
901 424 993 477 καὶ
1032 427 1156 490 τοὺς
1200 427 1480 496 προφήτας
1517 428 1587 491 ὡς
1634 430 1694 481 οὑ
1731 429 1870 493 θεῖα,
1907 432 1970 492 είς

2089 432 2312 501 spirata,
2347 440 2525 488 tamen
2558 436 2773 491 ostendi
2805 452 2936 492 vera
2985 452 3105 493 esse
3135 453 3242 492 non
3275 446 3532 508 poterant
3572 456 3670 508 pro

415 514 720 584 τούμφανὲς
768 515 990 585 ἤγαγεν,
1034 515 1109 579 ὡς
1147 517 1382 588 οὐρανίῳ
1414 517 1599 590 χάριτι
1642 521 1752 591 (98)
1798 523 1991 590 ἀναγε-

410 606 722 676 γραμμένα.
794 607 852 660 'U
907 607 962 660 δὲ
1016 610 1144 678 μετ’
1193 609 1509 679 ἐπιμελείας
1566 613 1659 664 καὶ
1719 614 1992 684 προσοχῆς

412 697 752 766 ἐντυγχάνων
775 700 887 762 τοῖς
921 702 1275 770 προφητικοῖς
1302 699 1496 768 λόγοις,
1524 701 1707 754 παθὼν
1739 704 1797 767 ἐξ
1824 704 1988 756 αὑτοῦ

408 785 504 841 τοῦ
537 788 927 856 ἀναγινώσκειν
962 789 1105 861 ἴχνος
1129 789 1538 862 ἐνθουσιασμοῦ,
1566 793 1629 845 δι’
1666 787 1740 848 ὧν
1767 794 1986 864 πάσχει,

411 879 783 950 πεισθήσεται,
807 881 902 932 οὐκ
930 881 1230 952 ἀνθρώπων
1265 878 1399 936 εἶναι
1433 883 1835 954 συγγράμματα
1861 887 1986 948 τοὺς

409 972 870 1039 πεπιστευμένους
904 973 1009 1042 (99)
1043 973 1179 1025 Θεοῦ
1213 974 1420 1041 λόγους.
1458 975 1568 1029 Καὶ
1592 973 1652 1026 τὸ
1680 976 1981 1046 ἐνυπάρχον

405 1061 463 1114 δέ
498 1062 611 1130 φῶς
642 1061 720 1132 τῷ
755 1063 997 1127 Μωσέως
1029 1063 1175 1134 νόμῳ
1211 1063 1526 1134 καλύμματι
1566 1067 1980 1136 ἐναποκεκρυμ-

409 1153 571 1222 μένον
599 1155 902 1226 συνέλαμψε
933 1158 996 1226 τῇ
1035 1155 1203 1227 Ἰησοῦ
1235 1156 1516 1227 ἐπιδημίᾳ,
1548 1158 1981 1229 περιαιρεθέντος

402 1245 501 1297 τοῦ
541 1246 912 1318 καλύμματος,
954 1248 1046 1300 καὶ
1089 1246 1195 1300 τῶν
1242 1247 1460 1314 ἀγαθῶν
1507 1249 1646 1301 κατὰ
1690 1248 1860 1319 βραχὺ
1902 1251 1980 1311 είς

401 1335 607 1402 γνῶσιν
634 1339 961 1409 ἐρχομένων,
991 1333 1064 1393 ὧν
1099 1340 1254 1393 σκιὰν
1284 1334 1396 1409 εἶχε
1423 1339 1483 1391 τὸ
1517 1341 1766 1410 γράμμα.

2089 537 2154 578 eo
2184 525 2329 593 quod
2377 526 2615 579 nondum
2665 527 3030 594 probarentur
3073 527 3325 598 impleta.
3388 529 3671 583 Adventus

2089 631 2217 670 vero
2251 617 2455 672 Christi
2498 632 2624 672 vera
2668 633 2791 674 esse
2840 627 2895 672 ct
2942 617 3204 676 divinitus
3249 620 3508 689 inspirata
3551 635 3671 688 qua:

2094 707 2250 777 162
2279 709 2552 775 dixeram,
2575 709 2890 775 declaravit,
2918 725 3038 763 cum
3060 711 3246 780 utique
3269 711 3418 779 prius
3447 710 3670 763 habere-

2090 808 2175 851 tur
2198 801 2462 853 incertum
2498 801 2542 853 si
2575 817 2763 856 eorum
2791 817 2910 870 quae
2939 804 3195 872 praedicta
3224 803 3461 866 fuerant,
3485 802 3667 856 exitus

2088 899 2230 943 esset
2253 889 2576 959 implendus.
2612 891 2717 945 Sed
2752 900 2807 945 et
2841 892 2886 945 si
2914 894 3035 961 quis
3061 909 3182 947 cum
3219 894 3362 947 omni
3407 893 3586 948 Studio
3612 901 3667 945 et

2089 980 2391 1032 reverentia
2430 994 2534 1048 qua
2568 980 2786 1050 dignum
2820 991 2901 1036 cst
2935 985 3253 1052 prophetica
3291 985 3437 1037 dicta
3483 983 3666 1038 consi-

2085 1070 2256 1132 deret,
2294 1070 2345 1123 in
2375 1084 2441 1124 eo
2478 1071 2594 1140 ipso
2621 1073 2747 1126 dum
2787 1072 2915 1142 legit
2953 1081 3007 1128 et
3041 1075 3355 1143 diligentius
3398 1065 3661 1138 intuetui,

2085 1169 2294 1212 certum
2325 1163 2575 1229 estquod
2594 1161 2776 1230 aliquo
2801 1163 3070 1217 diviniore
3100 1166 3397 1232 spiramine
3425 1175 3662 1218 mentem

2085 1263 2411 1319 sensumque
2449 1251 2693 1320 pulsatus
2738 1263 2995 1322 agnoscet
3034 1271 3140 1310 non
3168 1256 3486 1310 humanitus
3540 1270 3662 1310 esse

2087 1341 2325 1410 prolatos
2357 1357 2453 1396 eos
2488 1358 2627 1412 quos
2651 1345 2804 1414 legit,
2837 1347 2929 1400 sed
2970 1347 3063 1400 Dei
3095 1361 3215 1401 esse
3257 1361 3576 1409 sermones;
3608 1355 3663 1398 et

407 1447 480 1486 ex
516 1433 807 1500 semetipso
849 1434 1045 1487 sentiet
1085 1449 1186 1487 non
1226 1435 1457 1487 humana
1491 1444 1629 1498 arte,
1661 1449 1759 1489 nec
1787 1433 1996 1488 mortali
2050 1435 2284 1504 eloquio,
2324 1438 2418 1491 sed
2453 1436 2656 1501 divino,
2688 1447 2745 1490 ut
2781 1439 2852 1493 ita
2889 1440 3142 1506 dixerim,
3172 1441 3464 1506 cothurno,
3493 1440 3659 1492 libros

405 1535 531 1574 esse
572 1523 927 1590 conscriptos.
967 1521 1166 1592 Legem
1217 1539 1345 1593 ergo
1383 1523 1578 1594 Moysis
1619 1524 1873 1592 splendor
1916 1525 2178 1580 adventus
2227 1527 2433 1581 Christi
2483 1542 2578 1598 per
2625 1528 2884 1598 fulgorem
2923 1533 3170 1586 veritatis
3207 1531 3281 1602 (Ξ)
3329 1534 3656 1600 illuminans,

403 1610 457 1666 id
501 1611 643 1680 quod
686 1611 1079 1681 superpositum
1141 1622 1259 1667 erat
1303 1613 1498 1667 litterae
1550 1612 1665 1682 ejus
1714 1615 1978 1682 velamen,
2021 1619 2304 1686 abstraxit,
2332 1627 2387 1674 et
2417 1622 2598 1676 omnia
2630 1636 2749 1691 quae
2774 1633 3093 1693 coopertura
3124 1625 3270 1680 verbi
3319 1625 3458 1681 bona
3516 1637 3660 1700 tegc-
3720 1644 3722 1647 '

400 1703 632 1769 bantur,
662 1704 932 1757 universis
979 1704 1031 1756 in
1078 1719 1136 1758 se
1176 1705 1518 1759 credentibus
1563 1707 1846 1761 rescravit.

471 1792 612 1844 Πολὺ
636 1792 679 1843 δ’
709 1792 774 1845 ἂν
815 1791 898 1862 εἴη
937 1791 1032 1846 νῦν
1071 1792 1425 1860 ἀναλέγεσθαι
1457 1794 1554 1857 τὰς
1591 1795 1717 1867 περὶ
1749 1796 1970 1850 ἐκάστου

2150 1796 2200 1848 7.
2239 1797 2432 1851 Verum
2458 1800 2590 1853 satis
2623 1814 2851 1869 operosa
2875 1816 2960 1855 res
3001 1813 3082 1856 cst
3112 1817 3440 1861 enumerare
3473 1810 3658 1882 singu-

395 1882 509 1938 τῶν
571 1882 868 1954 μελλόντων
920 1884 1282 1953 ἀρχαιοτάτας
1343 1891 1710 1956 προφητείας,
1763 1887 1850 1942 ἵνα.
1903 1888 1968 1942 δι’

395 1975 579 2029 αὐτῶν
610 1976 638 2027 ὁ
671 1962 1022 2045 άμφιϐάλλων
1062 1977 1322 2047 πληχθεὶς
1360 1977 1435 2041 ὡς
1474 1977 1690 2043 ἐνθέων,
1722 1979 1971 2050 διψυχίαν

396 2067 579 2119 πᾶσαν
629 2067 723 2119 καὶ
779 2067 1158 2138 περισπασμὸν
1215 2066 1567 2138 ἀποθέμενος,
1633 2068 1730 2142 ὅλῃ
1782 2071 1970 2124 ἑαυτὸν

395 2157 568 2227 ἐπιδῷ
595 2160 658 2228 τῇ
687 2157 832 2229 ψυχῇ
871 2161 982 2222 τοῖς
1022 2159 1198 2225 λόγοις
1228 2160 1322 2213 τοῦ
1364 2159 1518 2213 Θεοῦ.
1555 2162 1616 2213 Εἰ
1649 2161 1704 2214 δὲ
1741 2161 1814 2233 μὴ
1846 2163 1967 2216 καθ’

393 2248 625 2303 ἕκαστον
649 2251 756 2304 τῶν
787 2253 1127 2322 γραμμάτων
1160 2254 1272 2316 τοῖς
1303 2253 1697 2324 ἀνεπιστήμοσι
1740 2255 1968 2325 προσπί-

394 2358 550 2394 πτειν
584 2342 728 2395 δοκεί
765 2341 825 2394 τὸ
868 2343 1008 2413 ὑπὲρ
1043 2342 1325 2412 ἄνθρωπον
1355 2343 1461 2396 τῶν
1494 2345 1799 2416 νοημάτων,
1836 2346 1966 2400 θαυ-

397 2435 603 2503 μαστὸν
647 2435 826 2488 οὐδέν·
864 2436 958 2488 καὶ
990 2437 1098 2506 γὰρ
1137 2435 1360 2489 ἐπὶτῶν
1389 2437 1486 2506 τῆς
1519 2437 1829 2507 ἁπτομένης
1871 2437 1965 2490 τοῦ

393 2527 596 2589 παντὸς
615 2528 817 2596 κόσμου
842 2514 1091 2597 προνοίας
1112 2526 1306 2596 ἔργων,
1331 2527 1453 2579 τινὰ
1477 2528 1573 2596 μὲν
1597 2529 1967 2598 ἐναργέστατα

394 2619 665 2687 φαίνεται,
747 2617 996 2687 προνοίας
1022 2618 1165 2670 ἐστὶν
1191 2616 1346 2687 ἔργα,
1374 2617 1536 2687 ἔτερα
1555 2617 1609 2669 δέ
1637 2616 1808 2681 οὕτως
1831 2620 1965 2671 ἁπο-

394 2709 721 2779 κέκρυπται,
759 2708 833 2772 ὡς
874 2707 1126 2770 ἀπιστίας
1155 2705 1336 2778 χώραν
1379 2707 1632 2778 παρέχειν
1669 2708 1842 2762 δοκεῖν
1869 2709 1967 2778 τῆς

394 2800 527 2870 περὶ
568 2798 661 2851 τοῦ
699 2798 863 2871 τέχνῃ
901 2798 1092 2867 άιράτῳ
1134 2799 1227 2850 καὶ
1263 2796 1490 2867 δυνάμει
1533 2797 1856 2860 διοικοῦντος
1899 2799 1966 2851 τὰ

389 2889 494 2942 ὅλα
517 2889 670 2942 Θεοῦ.
703 2891 811 2959 Οὐχ
836 2888 976 2941 οὕτω
1010 2887 1115 2960 γὰρ
1143 2889 1318 2959 σαφὴς
1339 2890 1366 2941 ὁ
1395 2889 1520 2959 περὶ
1552 2888 1644 2940 τοῦ
1673 2888 1964 2959 προνοοῦν-

389 2997 483 3043 τος
512 2980 754 3049 τεχνικὸς
792 2979 948 3047 λόγος
973 2982 1030 3031 ἐν
1065 2983 1176 3042 τοῖς
1213 2980 1304 3033 ἐπὶ
1336 2980 1458 3049 γῆς,
1494 2980 1569 3042 ὡς
1598 2980 1655 3032 ἐν
1695 2979 1831 3050 ἡλίῳ
1873 2980 1964 3032 καὶ

391 3071 591 3145 σελήνῃ
621 3072 710 3124 καὶ
739 3070 956 3143 ἄστροις
974 3087 986 3100 ·
1015 3072 1108 3123 καὶ
1133 3071 1229 3140 οὐχ
1251 3069 1390 3124 οὕτω
1415 3070 1578 3141 δῆλος
1603 3073 1658 3123 ἐν
1685 3075 1798 3134 τοῖς
1824 3072 1961 3125 κατὰ

2079 1888 2127 1943 la
2162 1904 2283 1957 quae
2308 1905 2336 1943 a
2372 1891 2646 1958 prophetis
2678 1891 2807 1945 olim
2840 1894 3098 1962 praedicta
3135 1908 3280 1964 sunt,
3312 1901 3548 1968 qualiter
3601 1913 3656 1958 et

2075 1984 2293 2054 quando
2319 1985 2588 2054 completa
2623 1985 2756 2050 sint,
2786 1995 2846 2039 ut
2874 2001 2939 2040 ex
2976 1986 3063 2041 his
3102 1989 3384 2044 videamur
3428 2009 3521 2048 eos
3559 1997 3649 2064 qui

2075 2075 2322 2127 dubitant
2365 2074 2729 2140 confirmare;
2781 2091 2904 2129 cum
2947 2076 3205 2144 possibile
3250 2080 3320 2133 sit
3360 2083 3654 2154 unicuique

2073 2164 2272 2220 volenti
2293 2163 2360 2218 de
2395 2165 2478 2218 his
2510 2164 2818 2234 diligentius
2845 2181 3092 2230 noscere,
3137 2184 3203 2223 ex
3232 2170 3362 2240 ipsis
3391 2171 3542 2228 libris
3569 2192 3654 2231 ve-

2075 2255 2250 2310 ritatis
2284 2259 2634 2325 pro’bamenta
2669 2255 3032 2313 abundantius
3061 2275 3412 2331 congregare.
3443 2263 3500 2317 Si
3523 2280 3650 2320 vero

2074 2345 2157 2400 his
2185 2348 2275 2416 qui
2309 2347 2485 2400 minus
2534 2347 2584 2400 in
2639 2347 2838 2402 divinis
2888 2351 3084 2404 eruditi
3139 2360 3267 2406 sunt
3313 2353 3644 2422 disciplinis,

2074 2451 2178 2489 non
2207 2438 2388 2489 statim
2414 2439 2464 2491 in
2497 2439 2668 2507 prima
2701 2436 2878 2493 fronte
2917 2439 3108 2494 litterae
3134 2456 3327 2495 sensus
3361 2444 3453 2512 qui
3483 2460 3646 2515 supra

2072 2525 2343 2582 hominem
2397 2539 2482 2583 est
2530 2529 2743 2582 videtur
2774 2545 3089 2595 occurrere,
3133 2532 3268 2586 nihil
3319 2533 3514 2588 mirum
3568 2541 3650 2590 es‘t

2073 2618 2211 2683 quod
2244 2632 2363 2685 quae
2393 2618 2570 2671 divina
2602 2627 2730 2672 sunt
2765 2620 2830 2673 ad
2871 2620 3120 2676 homines
3144 2622 3302 2690 paulo
3334 2621 3535 2680 lentius
3567 2626 3646 2698 (5)

2074 2703 2407 2770 deleruntur,
2444 2717 2583 2760 eteo
2613 2709 2785 2776 magis
2824 2709 3011 2774 latent,
3045 2727 3151 2781 quo
3193 2713 3314 2781 quis
3344 2715 3430 2767 vel
3472 2716 3648 2768 incre-

2074 2791 2232 2844 dulus
2287 2793 2472 2856 fuerit,
2526 2795 2606 2847 vel
2641 2795 2917 2864 indignus.
2965 2796 3098 2851 Nam
3144 2813 3264 2853 cum
3317 2812 3531 2856 certum
3576 2803 3647 2858 sit

2077 2884 2254 2936 omnia
2289 2901 2407 2954 qua:
2441 2887 2541 2940 hoc
2588 2887 2639 2939 in
2665 2889 2863 2942 mundo
2899 2897 3045 2953 sunt,
3088 2891 3171 2944 vel
3205 2903 3490 2961 geruntur,
3549 2895 3643 2948 Dei

2080 2975 2421 3043 providentia
2467 2977 2802 3047 dispensari,
2844 2982 3088 3048 quaedam
3116 2981 3333 3048 quidem
3365 2983 3498 3038 satis
3532 2985 3646 3038 evi-

2071 3067 2260 3119 denter
2313 3076 2612 3135 apparent,
2663 3069 2802 3137 quod
2853 3069 3211 3138 providentiae
3248 3073 3645 3142 gubernatione

387 3161 461 3214 τὰ
499 3159 810 3233 ἀνθρώπινα
853 3159 1262 3231 συμπτώματα,
1299 3161 1372 3224 ὡς
1403 3162 1460 3214 ἐν
1493 3164 1611 3224 ταῖς
1642 3161 1836 3231 ψυχαῖς
1874 3162 1967 3215 καὶ

2073 3158 2274 3228 digesta
2309 3159 2454 3223 sint;
2488 3160 2591 3214 alia
2629 3176 2758 3216 vero
2786 3171 2890 3216 tam
2936 3163 3147 3218 occulte
3184 3173 3402 3233 tamque
3442 3166 3644 3221 incom-

378 3253 504 3313 ’τοῖς
526 3248 738 3319 σώμασι
761 3249 868 3304 τῶν
894 3248 1044 3313 ζώων
1064 3267 1077 3278 ·
1105 3250 1308 3320 σφόδρα
1330 3248 1422 3302 τοῦ
1453 3251 1588 3320 πρὸς
1614 3250 1665 3302 τί
1686 3251 1780 3302 καὶ
1806 3250 1967 3304 ἕνεκα

388 3338 536 3400 τίνος
573 3336 958 3408 εὑρισκομένου
992 3340 1100 3401 τοῖς
1135 3337 1334 3392 τούτων
1368 3338 1795 3409 ἐπιμελομένοις,
1841 3341 1968 3412 περὶ

387 3431 489 3493 τὰς
511 3431 704 3501 ὁρμὰς,
733 3431 826 3483 καὶ
850 3430 950 3493 τὰς
974 3429 1292 3499 φαντασίας,
1319 3431 1410 3482 καὶ
1438 3431 1629 3499 φύσεις
1654 3430 1761 3483 τῶν
1792 3431 1964 3497 ζώων,

387 3522 487 3575 καὶ
526 3522 623 3585 τὰς
651 3521 989 3584 κατασκευὰς
1032 3521 1139 3576 τῶν
1170 3521 1458 3592 σωμάτων.
1501 3521 1640 3574 Ἀλλ’
1675 3520 1861 3591 ὥσπερ
1904 3523 1965 3574 οὐ

386 3620 766 3687 χρεοκοπεῖται
848 3616 881 3686 ἡ
933 3615 1158 3684 πρόνοια
1204 3613 1289 3667 διὰ
1339 3613 1405 3666 τὰ
1458 3598 1544 3684 μὴ’
1586 3613 1962 3683 γινωσκόμενα

386 3706 542 3776 παρὰ
563 3705 636 3776 (ι)
661 3708 772 3769 τοῖς
797 3722 860 3773 γε
888 3705 1030 3770 ἅπαξ
1059 3703 1526 3775 παραδεξαμένοις
1552 3703 1721 3775 αὐτὴν
1747 3703 1927 3768 καλῶς
1945 3721 1960 3735 θ

383 3797 563 3862 οὕτως
587 3798 704 3852 οὐδὲ
729 3802 762 3870 ἡ
792 3801 890 3870 τῆς
915 3799 1138 3870 Γραφῆς
1167 3797 1377 3868 θειότης
1403 3797 1736 3850 διατείνουσα
1753 3797 1832 3858 είς
1860 3797 1966 3848 πᾶ-

2067 3249 2502 3318 prchensibilitcr
2531 3251 2892 3319 explicantur,
2930 3261 2988 3306 ut
3019 3254 3233 3323 penitus
3266 3254 3319 3307 in
3352 3255 3437 3309 his
3473 3256 3643 3312 lateat

2065 3339 2258 3394 divinae
2289 3343 2426 3396 ratio
2465 3343 2858 3412 providentiae;
2902 3346 2975 3399 ita
3009 3356 3068 3399 ut
3120 3347 3390 3401 interdum
3422 3365 3452 3402 a
3498 3365 3640 3404 non-

2065 3429 2228 3486 nullis
2261 3446 2360 3486 nec
2385 3434 2678 3486 credantur
2713 3435 2958 3502 quaedam
2985 3435 3052 3488 ad
3090 3437 3482 3504 providentiam
3514 3454 3632 3508 per-

2067 3519 2255 3586 tinere,
2288 3522 2539 3589 quoniam
2580 3525 2717 3577 ratio
2748 3523 2815 3576 ab
2856 3525 2936 3578 eis
2975 3525 3104 3579 latet
3134 3541 3230 3594 per
3261 3541 3420 3596 quam
3453 3528 3644 3584 ineﬁ‘a-

2064 3609 2159 3663 bili
2188 3613 2419 3680 quadam
2455 3624 2571 3668 arte
2599 3629 2761 3681 opera
2806 3615 2998 3667 divinae
3031 3616 3388 3684 providentia
3415 3617 3634 3686 dispen-

2071 3710 2292 3770 santur;
2341 3719 2462 3773 qua:
2507 3713 2685 3760 tamen
2717 3707 2855 3759 ratio
2896 3721 3001 3760 non
3054 3705 3335 3773 aequaliter
3384 3709 3639 3764 omnibus

2069 3796 2343 3849 occuitata
2383 3804 2486 3850 est.
2539 3794 2669 3848 Nam
2698 3806 2749 3849 et
2781 3798 2918 3850 inter
2945 3797 3090 3866 ipsos
3123 3797 3372 3854 homines
3422 3799 3491 3852 ab
3528 3799 3637 3855 alio

1617 3909 2178 3967 INTERPRETATIO
2208 3910 2420 3968 NOVA.

465 4028 519 4085 7.
552 4029 848 4103 Oper-usum
882 4045 1021 4085 nunc
1063 4029 1224 4103 fuerit
1259 4029 1665 4103 antiquissimas
1716 4029 1782 4103 de
1817 4027 2061 4103 singulis
2108 4043 2230 4096 quae
2272 4027 2648 4103 futuraerant
2697 4025 3074 4103 praedictiones
3119 4045 3425 4103 recensere,
3461 4034 3635 4103 utqui

385 4099 625 4164 dubitat,
658 4102 724 4154 iis
758 4111 1012 4168 tanquam
1045 4101 1244 4153 divinis
1275 4099 1573 4169 pereulsus,
1613 4100 1757 4169 omni
1799 4099 2137 4153 dubitatione
2169 4108 2222 4153 et
2261 4099 2512 4168 ancipitis
2548 4101 2710 4153 animi
2746 4101 3080 4154 haesitatione
3107 4101 3371 4167 deposita,
3407 4103 3496 4155 Dei
3521 4099 3636 4156 ser-

385 4171 637 4225 monibus
667 4179 774 4225 tota
808 4185 865 4222 se
895 4179 1072 4240 mente
1112 4168 1291 4223 dedat.
1323 4169 1476 4234 Quod
1521 4169 1573 4240 s_i_
1611 4168 1844 4240 indoctis
1872 4184 1991 4240 non
2037 4169 2284 4223 videntur
2329 4169 2571 4240 majores
2611 4171 2850 4224 humano
2891 4181 3046 4240 captu
3080 4172 3362 4223 sententia:
3409 4173 3636 4240 singulis

387 4240 528 4295 locis
557 4254 869 4304 occurrere,
899 4239 1033 4291 nihil
1059 4240 1286 4304 mirum;
1326 4240 1376 4290 in
1405 4237 1666 4307 operibus
1693 4237 1836 4288 enim
1872 4237 2010 4291 illius
2041 4253 2160 4305 qua:
2193 4241 2448 4291 mundum
2489 4239 2799 4292 universum
2829 4239 3224 4307 complectitur,
3262 4237 3633 4306 providentia»,

385 4310 494 4363 alia
526 4311 695 4378 liquet
725 4310 866 4362 illius
893 4322 1015 4361 esse
1044 4324 1243 4376 opera;
1275 4308 1380 4378 alia
1420 4308 1497 4360 sic
1527 4306 1772 4378 abstrusa
1811 4313 1866 4378 et
1900 4307 2105 4378 occulta
2153 4319 2298 4367 sunt,
2337 4318 2396 4361 ut
2420 4307 2704 4378 dubitandi
2741 4323 2924 4360 ansam
2969 4309 3206 4376 prtebere
3247 4309 3530 4362 videantur
3563 4326 3632 4364 an

388 4381 532 4433 Deus
559 4376 675 4433 arte
697 4391 749 4432 et
778 4380 1010 4448 potentia
1038 4376 1384 4448 inenarrabili
1405 4385 1606 4448 cuncta
1624 4376 1988 4448 administret.
2024 4377 2204 4448 Neque
2235 4378 2380 4430 enim
2399 4377 2474 4448 Ain
2501 4377 2565 4427 iis
2589 4392 2706 4442 quae
2727 4391 2884 4443 supra
2921 4387 3118 4448 terram
3151 4386 3417 4448 suntitam
3449 4390 3632 4445 aperta

385 4459 473 4504 est
498 4444 829 4517 providentis
859 4448 949 4501 Dei
985 4447 1282 4517 artiﬁciosa
1317 4446 1475 4508 ratio,
1521 4460 1682 4511 quam
1720 4444 1771 4496 iu
1809 4445 1920 4517 sole
1957 4455 2011 4498 et
2045 4447 2166 4500 luna
2197 4456 2248 4498 et
2279 4446 2474 4517 astris;
2504 4459 2682 4512 neque
2704 4455 2808 4497 tam
2848 4445 3134 4517 manifesta
3183 4456 3268 4500 est
3291 4447 3344 4499 in
3381 4444 3632 4503 humanis

384 4515 602 4574 eventis
631 4529 684 4571 et
711 4517 946 4574 casibus,
977 4531 1140 4584 quam
1173 4516 1226 4569 in
1254 4517 1431 4568 anima
1457 4523 1511 4568 et
1546 4528 1778 4580 corpore
1808 4515 2203 4579 animantium;
2242 4530 2362 4567 cum
2395 4515 2551 4581 plane
2575 4517 2942 4582 compererint
2982 4516 3071 4584 qui
3105 4516 3188 4570 his
3226 4517 3631 4584 perscrutandis

386 4587 1033 4657 diligentiamadhibent,
1068 4601 1189 4648 cur,
1217 4598 1494 4657 quamque
1516 4586 1586 4637 ob
1611 4599 1832 4657 causam
1865 4585 1915 4636 hi
1951 4586 2073 4657 sint
2094 4587 2343 4657 iui-peius.
2374 4585 2453 4657 hae
2486 4585 2697 4657 species
2727 4585 2777 4636 iu
2803 4586 3001 4657 animo.
3037 4587 3117 4638 ha:
3151 4597 3356 4639 natura:
3391 4587 3633 4640 animan-

385 4653 544 4723 tium,
577 4658 692 4711 haec
718 4656 918 4710 fabrica
949 4653 1258 4723 corpormn.
1287 4655 1392 4709 Sed
1424 4653 1882 4721 quemadmodum
1922 4655 2260 4722 providentia
2301 4656 2439 4722 apud
2469 4670 2560 4707 eos
2586 4655 2676 4723 qui
2711 4669 2830 4707 eam
2866 4655 3030 4724 probe
3061 4665 3438 4722 perceperunt,
3496 4658 3630 4710 nihil

385 4728 679 4795 quidquam
711 4726 1020 4779 detrimenti
1059 4727 1203 4792 capit
1224 4727 1293 4778 ob
1319 4740 1378 4776 ea
1407 4740 1528 4793 quin
1559 4739 1671 4795 non
1694 4724 2257 4790 comprehendtmtur;
2291 4725 2364 4795 ita
2391 4739 2562 4791 neque
2585 4724 2879 4793 Scriptura;
2909 4725 3179 4778 divinitati
3211 4740 3305 4792 per
3327 4741 3444 4777 eam
3464 4735 3627 4780 totam

386 4793 600 4852 diﬁuste
626 4796 923 4865 quidquam
953 4796 1257 4847 detrahitur
1279 4809 1344 4847 cx
1380 4809 1446 4847 eo
1469 4795 1612 4865 quod
1662 4793 1858 4865 ingenii
1894 4795 2077 4865 nostri
2107 4794 2451 4865 imbecillitas
2487 4796 2540 4846 in
2586 4808 2916 4865 unaquaque,
2937 4795 3175 4850 dictione
3207 4795 3426 4848 minime
3458 4797 3630 4864 possit

387 4862 676 4936 pervenire
703 4862 1052 4936 atl‘arcanum
1086 4865 1479 4936 sententiarum
1507 4862 1848 4936 splendorem
1893 4863 1948 4936 in_
1979 4863 2170 4936 humili
2197 4876 2250 4936 et
2279 4864 2488 4936 abjceta
2515 4864 2788 4917 locutione
2817 4864 3222 4918 delitescentem
3253 4881 3266 4917 :
3300 4881 3318 4914 ι
3357 4862 3627 4936 Habemus

385 4932 530 4990 enim
575 4937 882 4991 thesaurqu
919 4935 973 4987 in
1013 4935 1158 4987 vasis
1185 4932 1460 4995 ﬁctilibus,
1487 4933 1870 4986 utsublitnitas
1905 4934 2120 4987 virtutis
2146 4933 2237 4988 Dei
2270 4934 2491 5001 fulgeat,
2535 4943 2586 4986 et
2621 4949 2723 4986 non
2762 4944 2979 5000 putetur
3007 4949 3126 4988 esse
3154 4949 3219 4988 ex
3252 4936 3408 4989 nobis
3454 4935 3627 4988 homi-

387 5007 564 5062 nibus.
589 5022 608 5056 ι
638 5005 770 5058 Nam
805 5007 848 5058 si
887 5006 1025 5058 trita:
1053 5005 1190 5057 inter
1220 5005 1466 5055 homines
1510 5003 2028 5056 demoustrationum
2071 5005 2169 5056 viae
2213 5007 2413 5057 nostris
2459 5003 2614 5057 libris
2655 5004 2870 5057 inserta:
2902 5005 3300 5058 convertissent
3328 5006 3624 5057 humanum

388 5091 594 5145 genus,
629 5075 824 5128 merito
866 5073 1293 5145 quissuspicari
1323 5072 1589 5145 potuisset
1618 5073 1773 5145 Iidem
1809 5083 2048 5145 nostram
2084 5073 2137 5126 iu
2187 5074 2421 5145 humana
2460 5073 2746 5145 sapientia,
2777 5081 2830 5145 et
2869 5089 2972 5145 non
3002 5074 3054 5126 in
3095 5077 3299 5145 virtute
3321 5075 3412 5128 Dei
3438 5078 3621 5145 rsitam

386 5141 524 5202 esse.
550 5143 709 5199 Nunc
747 5141 1130 5198 verdcuilibet
1155 5142 1341 5196 oculos
1378 5141 1639 5194 attolleuti
1673 5143 2018 5210 perspicuum
2055 5152 2139 5197 est
2170 5144 2439 5197 sermonis
2467 5155 2520 5196 et
2549 5143 2952 5211 praedicationis
2977 5145 3082 5196 vim
3112 5144 3166 5216 in
3196 5144 3621 5208 multitudinem,

593 5265 843 5341 Tarintts,
876 5264 952 5326 ὡς
982 5260 1270 5341 ἐνουρανίῳ
1299 5260 1499 5341 χάριτι.
1641 5328 1653 5340 _
1781 5329 1816 5341 η
1898 5331 1906 5341 ⁸

453 5329 564 5408 (99)
593 5336 750 5408 Post"
765 5329 1226 5408 πεπιστευμένους
1244 5329 1331 5384 ἰιι⁷
1352 5329 1540 5385 codice
1573 5329 1748 5397 primo
1778 5329 1946 5400 Regio

385 5399 618 5476 additur,
649 5407 782 5476 ἡμῖν
812 5399 970 5476 εἶναι.

455 5474 532 5542 (1)
560 5466 616 5529 In
642 5466 820 5544 primo
846 5473 1013 5542 Regio
1034 5470 1186 5525 deest
1210 5467 1380 5540 παρά,
1408 5466 1552 5538 quod
1573 5472 1736 5524 etiam
1761 5469 1952 5525 abesse

387 5554 829 5684 ?oz;§QVerilalis.
859 5610 1019 5666 Deest
1045 5612 1096 5663 In
1141 5607 1318 5674 editis,
1355 5608 1448 5662 sed
1479 5607 1710 5684 habetur
1731 5607 1782 5662 in
1816 5622 1946 5663 mss.

387 5677 744 5804 rox’aliquot
769 5696 922 5748 mss.,
959 5697 979 5732 ‹
1005 5695 1128 5751 quae
1146 5687 1402 5748 cooperta
1432 5677 1583 5734 verbi
1617 5679 1754 5732 bona
1800 5687 1949 5749 tege-

423 5764 600 5804 :Illllll'.
636 5772 655 5804 ι

423 5764 600 5808 antur.
636 5772 655 5804 ι

2127 5260 2297 5332 (5)_lu
2337 5260 2708 5332 mss._legitur
2765 5279 2782 5312 ι
2825 5260 3042 5316 lentius.
3095 5282 3115 5314 ι
3153 5260 3209 5332 In
3262 5260 3392 5314 libb.
3439 5259 3622 5322 editis,

2060 5350 2079 5383 ‹
2114 5329 2391 5384 Ιέιῐθιιιὶιιε.
2427 5349 2444 5380 ›
2475 5329 2641 5384 Paulo
2664 5341 2784 5400 post
2823 5346 2981 5395 mss.,
3017 5350 3036 5382 ‹
3070 5331 3406 5400 explicantur
3443 5339 3624 5400 ut_pe-

2053 5402 2199 5455 nitus
2232 5401 2284 5454 in
2328 5401 2411 5454 his
2445 5401 2629 5454 lateat.
2664 5395 2692 5450 3
2729 5401 2865 5453 Editi
2896 5415 2992 5467 pro
3024 5418 3042 5450 ι
3070 5395 3429 5466 explicantur,
3463 5413 3484 5447 ι
3519 5395 3622 5449 ha-

2049 5470 2197 5534 bent,
2246 5489 2264 5522 (
2315 5471 2678 5524 occultantur.
2731 5488 2748 5520 ι
2795 5468 2918 5522 Mox
2951 5484 3108 5533 mss.,
3146 5484 3164 5518 ι
3223 5482 3289 5517 ne
3326 5467 3624 5534 credantur

2048 5532 2352 5614 quidem.)
2389 5539 2554 5602 Editi,
2591 5553 2712 5614 rue
2761 5540 3114 5614 crederentur
3141 5535 3381 5614 quidem.
3425 5548 3444 5614 ξ
3479 5532 3623 5590 Infra

2050 5599 2205 5675 mss.,
2245 5626 2265 5660 ι
2308 5599 2558 5661 humanm
2577 5609 2899 5674 eloquentia:
2929 5607 3103 5662 fucus.
3147 5599 3173 5656 ί
3199 5599 3362 5663 Editi,
3385 5615 3405 5649 ‹
3429 5599 3623 5658 huma-

2048 5693 2129 5734 nae
2159 5677 2524 5748 intelligentiae
2550 5676 2723 5732 fucus.

3586 5832 3656 5842 μοι
