4014 6142
398 290 502 344 557

1711 289 1909 345 LIBER
1950 285 2281 356 QUARTUS

3546 289 3650 344 358

398 411 496 480 τὴν
516 406 632 462 ὁδὸν
658 407 749 461 τοῦ
783 409 898 472 πῶς
921 409 1002 461 δεῖ
1024 406 1296 478 ὲφοδεύειν
1323 407 1388 460 τὰ
1417 407 1547 476 ἅγια
1572 407 1969 477 ἁναγνὼσματα

2081 403 2447 460 necessarium
2509 400 2720 456 vldetur
2771 399 2935 453 etiam
2997 399 3126 454 illud
3187 400 3482 469 explicare,
3542 384 3650 472 qm;

399 499 507 560 τοῖς
539 497 749 560 πολλοῖς
793 498 866 569 μὴ
914 499 1206 570 εὐρῆσθαι’
1243 499 1386 550 οἵτε
1420 497 1525 568 γὰρ
1562 497 1970 569 σκληροκάρδιοι

399 587 488 639 καὶ
512 587 560 638 οἱ
589 585 791 639 ἰδιῶται
814 586 920 640 τῶν
948 589 1011 640 ὲκ
1039 588 1134 657 τῆς
1165 590 1483 658 περιτομῆς,
1516 589 1596 650 είς
1630 588 1718 641 τὸν
1749 588 1972 657 Σωτῆρα

396 674 552 744 ήμῶν
597 675 659 726 οὐ
708 675 1122 741 πεπιστεύκασι,
1175 681 1240 748 τῇ
1286 676 1428 742 λέξει
1473 676 1579 730 τῶν
1631 677 1759 747 περὶ
1806 676 1970 729 αὐτοῦ
2012 715 2022 724 .

395 766 738 836 προπτειῶν
773 768 1186 823 κατακολουθεῖν
1218 770 1544 840 νομίζοντες,
1577 769 1670 822 καὶ
1703 768 1972 840 αἰσθητῶς

398 854 473 926 μὴ
492 856 728 926 ὁρῶντες
754 858 912 912 αὐτὸν
936 859 1246 930 κηρύξαντα
1270 859 1633 930 αἰχμαλώτοις
1659 861 1852 928 ἄφεσιν
1871 859 1978 929 (9),

397 947 533 1017 μηδὲ
558 948 985 1019 οἰκοδομήσαντα
1002 951 1068 1020 ἢν
1092 951 1400 1020 νομίζουσιν
1424 949 1636 1020 ἀληθῶς
1661 950 1812 1002 πόλιν
1833 944 1969 1002 εἶναι

393 1035 487 1090 τοῦ
521 1037 674 1101 Θεοῦ,
713 1039 846 1110 μηδὲ
879 1039 1330 1111 ὲξολοθρεύσαντα
1364 1042 1586 1112 ἅρματα
1632 1040 1688 1108 ἐξ
1734 1039 1971 1111 Ἑφραῒμ

391 1128 488 1182 καὶ
520 1129 683 1182 ἵππον
717 1129 774 1192 ἐξ
818 1131 1190 1202 Ἰερουσαλὴμ,
1228 1133 1361 1202 μηδὲ
1395 1132 1649 1203 βούτυρον
1691 1133 1783 1184 καὶ
1846 1133 1968 1201 μέλι

391 1219 658 1288 φαγόντα,
693 1223 784 1273 καὶ
825 1221 954 1291 πρὶν
995 1221 1196 1289 γνῶναι
1230 1224 1390 1276 αὑτὸν
1437 1225 1468 1293 ἢ
1507 1222 1827 1293 προελέσθαι
1871 1240 1968 1274 πο-

388 1311 550 1382 νηρὰ,
593 1311 944 1382 ἐκλεξάμενον
979 1312 1088 1384 (10)
1134 1314 1193 1366 τὸ
1235 1315 1468 1382 ἀγαθόν·
1503 1315 1582 1367 ἔτι
1623 1315 1678 1368 δὲ
1710 1315 1868 1368 λύκον
1909 1315 1970 1367 τὸ

387 1400 527 1465 ζῶον
560 1401 619 1454 τὸ
664 1404 984 1473 τετράποδον
1010 1405 1244 1475 οἰόμενοι
1281 1405 1716 1476 προφητεύεσθαι
1754 1406 1968 1476 μέλλειν

389 1491 679 1560 βόσκεσθαι
727 1495 844 1564 μετ’
878 1495 1058 1564 ἀρνὸς,
1094 1497 1187 1549 καὶ
1234 1496 1498 1568 πάρδαλιν
1533 1497 1702 1568 ἐρίφῳ
1737 1516 1967 1552 συνανα-

386 1583 676 1650 παύεσθαι,
713 1585 1005 1658 μοσχάριόν
1046 1603 1105 1639 τε
1151 1587 1242 1641 καὶ
1273 1588 1470 1658 ταῦρον
1507 1591 1600 1644 καὶ
1624 1589 1808 1644 λέοντα
1852 1593 1968 1662 ἅμα

385 1676 821 1749 βοτκηθήσεσθαι
847 1679 949 1731 ὑπὸ
975 1679 1170 1751 μικροῦ
1200 1681 1409 1734 παιδίου
1435 1683 1697 1753 ἀγόμενα,
1725 1685 1814 1736 καὶ
1841 1685 1964 1754 βοῦν

383 1769 482 1822 καὶ
507 1770 704 1840 ἄρκτον
737 1769 853 1840 ἅμα
880 1770 1300 1840 νεμηθήσεσθαι,
1332 1775 1844 1844 συνεκτρεφομένων
1870 1777 1966 1829 αύ-

382 1857 495 1910 τῶν
529 1857 778 1928 ἀλλήλοις
809 1857 916 1911 τῶν
949 1859 1175 1913 παιδίων
1201 1875 1214 1889 ·
1247 1861 1339 1912 καὶ
1373 1860 1562 1915 λέοντα
1593 1864 1668 1926 ὡς
1702 1863 1828 1934 βοῦν
1863 1865 1965 1935 φά-

382 1947 579 2016 γεσθαι
595 1948 771 2019 ἄχυρα
789 1965 800 1977 ’
829 1949 994 2019 μηδὲν
1020 1948 1224 2003 τούτων
1246 1949 1519 2021 αἰσθητῶς
1545 1953 1850 2022 ἑωρακότες
1873 1971 1965 2021 γε-

381 2038 681 2109 γενημένον
723 2041 779 2093 ὲν
827 2043 892 2112 τῇ
939 2039 1032 2093 τοῦ
1081 2042 1510 2113 πεπιστευμένου
1555 2047 1686 2116 ἡμῖν
1729 2047 1962 2118 Χριστοῦ

383 2129 665 2200 ἐπιδημίᾳ,
723 2131 782 2182 ού
832 2131 1179 2202 προσήκαντο
1231 2134 1320 2187 τὸν
1376 2133 1579 2205 Κύριον
1640 2135 1795 2205 ήμῶν
1864 2136 1965 2207 ’1η-

385 2221 514 2274 σοῦν
539 2221 684 2290 (11)·
714 2222 827 2275 ἀλλ’
856 2223 931 2286 ὡς
954 2224 1102 2294 παρὰ
1127 2225 1186 2276 τὸ
1211 2224 1325 2279 δέον
1354 2226 1586 2296 Χριστὸν
1617 2227 1803 2280 ἑαυτὸν
1835 2228 1964 2281 ἀνα-

382 2311 723 2382 γορεύσαντα
767 2311 1136 2384 ἐσταύρωσαν.
1188 2316 1256 2367 (li'
1296 2333 1355 2367 τε
1401 2316 1506 2368 ἀπὸ
1550 2315 1658 2368 τῶν
1700 2315 1963 2386 αἱρέσεων

384 2400 841 2470 ἀναγινώσκοντες
869 2403 960 2454 τόδ
1005 2420 1022 2452 ι
1057 2403 1175 2474 Πῦρ
1207 2403 1532 2458 ἐκκέκαυται
1568 2407 1630 2458 ὲκ
1663 2405 1754 2458 τοῦ
1790 2405 1961 2476 θυμοῦ

387 2513 510 2566 μου,
553 2514 571 2546 ι
610 2495 732 2547 καί·
767 2512 784 2544 ι
838 2494 978 2561 Ἐγὼ
1007 2495 1136 2558 Θεὸς
1169 2496 1432 2566 ζηλωτὴς,
1473 2495 1753 2560 ἀποδιδοὺς
1786 2499 1964 2569 ἀμαρέ

382 2585 507 2647 τίας
539 2583 790 2654 πατέρων
818 2584 909 2636 ἐπὶ
933 2584 1096 2637 τέκνα
1123 2585 1214 2635 ἐπὶ
1248 2585 1438 2654 τρίτην
1463 2585 1556 2636 καὶ
1582 2586 1846 2656 τετάρτην
1874 2604 1965 2654 γε-

384 2673 535 2738 νεάν,
578 2693 595 2724 ι
629 2676 752 2727 καῖ’
786 2691 804 2722 ι
845 2672 1312 2742 Μεταμεμέλημαι
1351 2673 1542 2743 χρίσας
1567 2672 1656 2726 τὸν
1689 2674 1859 2727 Σαοὺλ
1886 2675 1965 2736 εἰς

385 2762 477 2817 τὸν
521 2760 762 2832 βασιλέα,
804 2781 821 2812 ι
855 2766 978 2815 καί·
1014 2781 1031 2811 ι
1087 2761 1224 2829 Ἐγὼ
1253 2761 1384 2826 Θεὸς
1419 2763 1582 2816 ποιῶν
1615 2765 1834 2833 εἰρήνην
1872 2763 1964 2816 καὶ

383 2852 583 2917 κτίζων
607 2850 768 2917 κακὰ,
803 2870 820 2902 ι
856 2851 948 2903 καὶ
967 2853 1023 2903 ἐν
1044 2850 1222 2914 ἄλλοις
1246 2851 1306 2903 τό
1325 2869 1336 2881 ·
1377 2869 1394 2901 ι
1425 2851 1536 2904 Ούκ
1565 2850 1676 2904 ἔστι
1710 2852 1876 2906 κακία
1905 2855 1963 2908 ὲν

383 2943 534 2996 πόλει
559 2945 626 3014 ἣν
660 2944 860 3016 Κύριος
887 2945 986 2998 οὐκ
1007 2947 1283 3016 ἐποίησεν,
1319 2966 1337 2997 ι
1367 2946 1444 2998 ἔτι
1469 2947 1524 2998 δὲ
1543 2948 1635 3000 καὶ
1660 2951 1750 3005 τό·
1775 2966 1792 2998 ι
1818 2950 1964 3001 Κατ-

378 3034 480 3108 έϐη
514 3037 657 3090 κακὰ
682 3037 831 3107 παρὰ
855 3038 1061 3108 Κυρίου
1093 3039 1184 3090 ἐπὶ
1215 3037 1388 3101 πύλας
1425 3037 1802 3108 Ἰερουσαλὴμ,
1829 3038 1957 3092 καί·

2074 505 2231 567 pacto
2260 510 2366 548 non
2401 502 2544 548 recte
2572 493 2790 561 quidam
2821 492 3059 560 legentes
3080 493 3363 546 erroribus
3381 507 3438 545 se
3458 508 3649 560 qnam-

2091 589 2338 658 plnrimis
2393 587 2750 651 tradiderunt,
2784 599 2879 653 pro
2927 600 2990 637 co
3029 584 3168 654 quod
3202 600 3305 652 qua
3340 583 3420 637 via
3458 585 3524 636 ad
3571 584 3651 636 in-

2084 679 2430 744 telligentiam
2481 678 2783 728 divinarum
2817 675 3120 728 litterarum
3158 675 3320 728 debet
3387 675 3585 738 incedi,
3620 691 3647 727 a

2073 768 2484 837 quamplurimis
2539 768 2838 835 ignoretur.
2876 765 3112 835 Denique
3165 765 3330 819 Judaei
3369 782 3460 834 per
3495 767 3646 820 duri-

2074 863 2199 913 tiam
2237 859 2419 912 cordis
2471 857 2576 920 sui,
2613 865 2666 910 et
2709 859 2834 909 dum
2884 857 3236 925 sibimetipsis
3264 857 3448 910 volunt
3473 857 3644 910 videri

2071 951 2372 1019 sapientes,
2397 948 2623 1002 Domino
2657 957 2711 1000 et
2745 947 3011 1001 Salvatori
3051 958 3234 1002 nostro
3268 963 3372 1002 non
3401 949 3646 1002 credide—

2071 1051 2219 1105 runt,
2254 1056 2317 1094 ea
2367 1055 2486 1110 qua:
2535 1038 2602 1092 de
2638 1041 2750 1108 ipso
2784 1041 2995 1107 prolata
3021 1049 3143 1094 sunt
3170 1041 3467 1094 secundum
3503 1041 3646 1096 litte-

2073 1135 2188 1183 rani
2228 1131 2429 1184 debere
2465 1128 2690 1196 intelligi
2726 1128 3124 1193 existimantes,
3157 1129 3207 1182 id
3243 1139 3328 1184 est
3356 1131 3496 1198 quod
3523 1146 3641 1185 sen-

2071 1219 2302 1273 sibiliter
2340 1232 2402 1272 ac
2445 1215 2732 1270 visibiliter
2779 1214 3030 1267 debuerit
3083 1214 3386 1282 praedicare
3419 1217 3649 1283 captivis

2073 1307 2485 1372 remissionem,
2545 1315 2602 1359 et
2657 1303 2799 1373 quod
2855 1304 3111 1356 debuerit
3167 1305 3318 1371 prius
3375 1306 3645 1359 aediﬁcare

2071 1397 2346 1452 civitatem
2381 1412 2546 1464 quam
2573 1411 2697 1450 vere
2723 1403 2915 1465 putant
2935 1411 3054 1450 esse
3075 1396 3346 1450 civitatem
3377 1395 3468 1451 Dei
3495 1397 3646 1468 (l3);

2069 1489 2230 1544 simul
2272 1499 2324 1543 et
2354 1488 2721 1542 exterminare
2763 1502 2960 1542 currus
2989 1488 3218 1556 Ephrem
3263 1497 3315 1542 et
3355 1503 3550 1558 equum
3581 1492 3648 1545 de

2068 1579 2368 1635 Jerusalem
2384 1580 2464 1646 88;
2494 1579 2586 1634 sed
2613 1587 2666 1634 et
2686 1581 2938 1650 butyrum
2972 1589 3026 1632 et
3055 1580 3158 1634 mel
3185 1584 3536 1644 manducare,
3563 1593 3641 1650 ut,

2071 1672 2386 1742 priusquam
2440 1681 2795 1743 cognosceret
2844 1671 3095 1740 proferre
3153 1673 3372 1740 malum,
3419 1675 3645 1744 eligeret

1996 1765 2040 1820 Β
2069 1765 2265 1817 bonum
2285 1764 2353 1817 δ’.
2401 1762 2506 1819 Sed
2566 1774 2622 1819 et
2673 1763 2854 1829 lupum
2900 1763 3100 1818 animal
3146 1765 3287 1819 istud
3330 1767 3645 1837 quadrupes

2067 1853 2459 1909 existimarunt
2490 1869 2610 1910 esse
2647 1854 3048 1924 prophetatum,
3072 1856 3194 1926 quia
3229 1859 3449 1912 deberet
3475 1858 3528 1912 in
3547 1861 3646 1914 ad-

2067 1954 2230 1999 ventu
2287 1945 2490 1999 Christi
2527 1947 2671 2015 pasci
2709 1962 2831 2003 cum
2867 1949 3050 2018 agnis,
3078 1956 3133 2001 et
3175 1949 3370 2016 pardus
3403 1951 3644 2018 requies-

2069 2051 2203 2092 cere
2237 2051 2362 2091 cum
2395 2037 2594 2102 haedis,
2623 2038 2822 2095 vitulus
2857 2050 3033 2096 autem
3058 2051 3316 2096 et'taurus
3345 2043 3500 2098 simul
3520 2059 3639 2100 cum

2062 2128 2306 2182 leonibus
2330 2129 2573 2198 pasci,et
2605 2145 2632 2182 a
2666 2131 2898 2200 parvulo
2952 2147 3120 2202 puero
3151 2134 3272 2189 duci
3309 2137 3374 2188 ad
3403 2149 3637 2204 pascua;

2070 2219 2263 2273 bovem
2317 2233 2442 2273 vero
2489 2228 2544 2274 et
2583 2236 2768 2276 ursum
2798 2222 2957 2276 simul
2992 2224 3044 2278 in
3079 2226 3322 2293 pastibus
3359 2225 3639 2288 recubare,

2062 2324 2362 2378 eorumque
2413 2311 2555 2366 fetus
2617 2312 2827 2383 pariter
2881 2316 3143 2380 enutriri;
3201 2315 3383 2370 leones
3427 2331 3642 2385 quoque

2065 2417 2171 2456 una
2207 2417 2331 2456 cum
2365 2403 2540 2458 bobus
2573 2415 2755 2460 astare
2785 2407 3118 2475 praesepibus
3145 2415 3197 2460 et
3216 2407 3360 2459 vesci
3385 2407 3638 2474 paleis“.

2063 2488 2265 2545 Horum
2321 2491 2492 2561 igitur
2541 2494 2784 2548 omnium
2816 2510 2935 2563 quze
2983 2496 3048 2548 de
3077 2509 3140 2548 eo
3172 2495 3488 2563 prophetam
3517 2505 3642 2549 sunt

2071 2581 2210 2635 nihil
2236 2591 2444 2650 gestum
2477 2599 2597 2637 esse
2631 2588 2928 2639 secundum
2957 2584 3240 2640 historiam
3273 2584 3636 2655 pervidentes,

2065 2672 2118 2725 in
2171 2673 2366 2739 quibus
2412 2674 2568 2743 165
2612 2677 2887 2746 praecipue
2947 2677 3105 2746 signa
3148 2678 3412 2731 adventus
3439 2677 3639 2731 Christi

2063 2765 2396 2818 observanda
2448 2781 2568 2820 esse
2623 2770 2938 2832 credebant,
2988 2769 3264 2837 suscipere
3299 2771 3640 2836 prmsentiant

2066 2854 2277 2909 Domini
2341 2857 2509 2911 nostri
2559 2857 2688 2918 .Jesu
2737 2858 2938 2912 Christi
2984 2859 3280 2925 nolebant;
3313 2859 3556 2928 quinimo
3586 2869 3642 2915 et

2063 2945 2212 2999 velut
2256 2957 2444 3002 contra
2487 2946 2576 3016 jus
2624 2948 2814 3018 fasque
2843 2950 2982 3019 (14),
3027 2950 3077 3003 id
3124 2960 3208 3005 est
3261 2959 3446 3003 contra
3512 2967 3638 3020 pro-

2065 3038 2261 3105 phetiae
2291 3040 2450 3094 tidem
2489 3050 2854 3094 assumentem
2885 3055 3005 3094 eum
3037 3039 3138 3094 sibi
3185 3039 3382 3094 Christi
3419 3056 3636 3105 nomen.

387 3143 408 3178 ι
438 3126 662 3198 Πνεῦμα
679 3128 908 3199 πονηρὸν
926 3107 1072 3198 παρὰ
1097 3126 1229 3180 Θεοῦ
1261 3128 1448 3196 έπνιγε
1475 3107 1563 3182 τὸν
1591 3107 1787 3182 Σαούλο
1822 3149 1839 3178 ι
1873 3128 1967 3182 καὶ

2069 3128 2218 3180 cruci
2273 3127 2421 3182 illum
2468 3128 2773 3182 aﬂixerunt.
2809 3129 2947 3184 Tum
2978 3145 3106 3184 vero
3135 3129 3371 3184 haeretici
3399 3130 3638 3200 legentes

385 3217 556 3289 μυρία
595 3219 695 3271 ὅσα
737 3218 948 3280 τούτοις
991 3219 1364 3290 παραπλήσια,
1399 3220 1694 3290 ἀπιστῆσαι
1743 3221 1842 3292 μὲν
1888 3222 1964 3286 ὡς

381 3306 517 3362 Θεοῦ
558 3312 677 3374 ταῖς
715 3311 752 3360 Γ
757 3311 953 3379 ραφαῖς
998 3310 1057 3362 οὐ
1101 3310 1482 3382 τετολμήκασι,
1527 3312 1870 3376 πιστεύοντες
1905 3313 1960 3367 δὲ

380 3399 551 3462 αὐτὰς
578 3395 717 3453 εἶναι
751 3398 841 3452 τοῦ
873 3400 1204 3471 δημιουργοῦ
1233 3400 1279 3464 ᾧ
1318 3401 1554 3454 Ἰουδαῖοι
1583 3401 1954 3473 λατρεύουσιν,

378 3489 658 3560 ᾠήθησαν,
699 3490 774 3553 ὠς
806 3489 1028 3553 ἀτελοῦς
1073 3492 1166 3543 καὶ
1211 3491 1307 3543 οὐκ
1354 3491 1560 3558 ἀγαθοῦ
1602 3493 1955 3561 τυγχάνοντος

378 3581 473 3633 τοῦ
504 3580 858 3652 δημιουργοῦ,
894 3581 985 3634 τὸν
1018 3581 1246 3652 Σωτῆρα
1278 3581 1733 3651 ἐπιδεδημηκέναι
1764 3581 1962 3635 τελειό-

378 3689 536 3743 τερον
567 3671 999 3740 καταγγέλλοντα
1023 3671 1171 3725 Θεὸν·
1211 3672 1268 3726 ὄν
1301 3687 1432 3740 φασι
1476 3672 1549 3743 μὴ
1582 3671 1672 3724 τὸν
1709 3672 1961 3744 δημιουρ-

378 3762 476 3830 γὸν
505 3761 810 3830 τυγχάνειν,
836 3761 1106 3830 διαφόρως
1134 3761 1260 3831 περὶ
1286 3760 1473 3812 τούτου
1502 3760 1828 3829 κινούμενοι,
1863 3761 1956 3813 καὶ

377 3850 530 3915 ἅπαξ
560 3851 893 3911 ἀποστάντες
926 3849 1018 3901 τοῦ
1053 3849 1405 3920 δημιουργοῦ,
1443 3849 1502 3912 ὃς
1537 3851 1682 3903 ἐστιν
1729 3849 1956 3919 ἀγέννη-

377 3959 470 4006 τος
509 3941 620 4013 (12)
651 3942 808 4012 μόνος
852 3939 1002 4003 Θεὸς,
1038 3941 1411 4011 ἀναπλασμοῖς
1442 3941 1667 4004 ἑαυτοὺς
1700 3939 1952 3994 ἐπιδεδώ-

2061 3218 2207 3288 quod
2237 3219 2288 3272 in
2319 3220 2434 3290 lege
2478 3221 2741 3289 scriptum
2778 3229 2858 3274 est
2891 3239 2903 3274 :
2944 3239 2962 3272 ι
3011 3219 3150 3290 Ignis
3178 3236 3436 3276 accensus
3466 3233 3548 3276 cst
3570 3238 3636 3278 ex

2057 3311 2240 3366 furore
2271 3312 2487 3376 meo“;
2534 3330 2553 3363 ›
2589 3320 2686 3366 et:
2736 3328 2755 3362 ι
2793 3310 2902 3379 Ego
2933 3312 3192 3365 Dominus
3227 3312 3409 3367 zelans
3435 3322 3488 3367 et
3512 3314 3636 3368 red--

2055 3402 2185 3456 dens
2213 3411 2434 3472 peccata
2495 3412 2709 3472 patrum
2741 3403 2794 3455 in
2832 3403 2970 3456 ﬁlios
2997 3403 3046 3455 in
3072 3404 3283 3456 tertiam
3310 3413 3364 3458 et
3390 3414 3634 3472 quartam

2051 3494 2461 3562 progeniem”;
2503 3512 2521 3545 ι
2577 3503 2675 3546 et:
2714 3510 2733 3543 ε
2783 3492 3013 3546 Paenitet
3039 3492 3181 3559 quod
3237 3494 3371 3546 unxi
3411 3493 3540 3546 Saul
3583 3495 3644 3547 inv

2064 3583 2336 3651 regem”;
2379 3601 2397 3634 ι
2427 3594 2479 3636 et
2510 3601 2523 3638 :
2561 3602 2578 3634 ι
2617 3583 2729 3652 Ego
2767 3583 3025 3637 Dominus
3051 3583 3140 3650 qui
3177 3581 3318 3636 facio
3341 3597 3550 3650 pacem,
3575 3594 3631 3637 et

2058 3689 2184 3727 creo
2237 3673 2485 3739 mala“;
2554 3693 2573 3726 ›
2621 3683 2676 3726 et
2727 3675 2919 3725 iterum
2968 3691 2980 3725 :
3031 3671 3188 3734 «Non
3222 3683 3303 3727 est
3328 3674 3530 3726 malitia
3575 3675 3631 3728 in

2058 3763 2280 3817 civitate
2313 3777 2472 3832 quam
2509 3763 2768 3817 Dominus
2818 3778 2922 3815 non
2976 3762 3261 3829 fecerit";
3293 3772 3389 3817 et:
3430 3783 3448 3814 ι
3501 3763 3632 3818 Des-

2055 3851 2349 3905 cenderunt
2365 3850 2497 3905 mala
2512 3866 2539 3904 a
2559 3850 2780 3904 Domino
2795 3865 2953 3917 super
2972 3862 3153 3920 portas
3174 3851 3478 3908 Jerusalem
3495 3855 3572 3920 “;
3604 3870 3628 3908 ι

2061 3951 2115 3996 et
2191 3943 2334 4012 quod
2393 3961 2411 3994 ι
2471 3942 2701 4013 spiritus
2768 3941 3034 4012 malignus
3083 3959 3110 3996 a
3158 3945 3264 3999 Deo
3330 3943 3629 4000 suﬂ'ombat

1579 4055 2142 4112 INTERPRETATIO
2182 4057 2397 4112 NOVA.

374 4180 524 4251 quod
553 4181 697 4234 viam
735 4179 892 4235 multi
934 4194 1039 4235 non
1073 4179 1381 4251 invenerint
1410 4193 1514 4247 qua
1545 4188 1690 4251 esset
1722 4179 1782 4251 in,
1809 4180 2253 4251 sanctalectione
2287 4181 2662 4236 insistendum.
2693 4181 2823 4235 Duri
2856 4182 2998 4236 enim
3028 4181 3192 4236 corde
3217 4189 3271 4236 et
3299 4180 3480 4235 idiotae
3526 4183 3622 4250 qui

376 4249 407 4305 ὁ
439 4251 860 4304 circumcisione
894 4259 1039 4317 sunt,
1073 4249 1482 4318 prophetiarum
1508 4264 1630 4315 qua:
1658 4249 1724 4302 de
1756 4250 1976 4304 Christo
2000 4250 2300 4316 loquuntur
2325 4251 2615 4304 dictionem
2645 4254 2796 4318 sequi
2832 4266 2889 4304 se
2911 4251 3313 4314 existimantes,
3347 4251 3400 4304 in
3433 4249 3622 4304 Salva-

381 4333 556 4374 torem
588 4329 835 4374 nostrum
884 4335 988 4373 non
1029 4320 1417 4382 crediderunt;
1446 4325 1500 4372 et
1538 4332 1658 4371 cum
1690 4320 2021 4373 sensibiliter
2056 4334 2161 4372 non
2194 4330 2480 4388 cernerent
2509 4320 2680 4388 ipsum
2721 4319 3042 4387 praedicasse
3069 4320 3299 4386 captivis
3345 4320 3624 4374 remissio-

376 4405 522 4450 nem,
576 4403 751 4456 neque
795 4389 1094 4443 aadilicasse
1143 4403 1305 4456 quam
1337 4402 1464 4441 vere
1507 4388 1737 4443 credunt
1768 4403 1886 4442 esse
1917 4389 2188 4442 civitatem
2225 4387 2342 4452 Dei,
2377 4387 2554 4455 neque
2605 4391 2997 4442 exterminasse
3039 4404 3235 4443 currus
3283 4389 3534 4456 Ephraim
3567 4397 3623 4442 et

374 4473 575 4526 equum
602 4460 667 4512 de
695 4457 1022 4523 Jerusalem,
1055 4472 1232 4527 neque
1268 4457 1522 4527 butyrum
1559 4467 1613 4510 et
1646 4457 2116 4527 mcl_comedisse,
2153 4471 2326 4523 neque
2358 4458 2676 4524 priusquam
2715 4466 2899 4511 nosset
2928 4465 3019 4510 aut
3061 4459 3293 4526 eligeret
3317 4457 3477 4517 mala,
3512 4458 3624 4511 clr-

375 4525 521 4598 gisse
549 4530 744 4582 bonum
769 4545 783 4594 ;
809 4530 908 4598 rati
943 4525 1160 4595 insuper
1191 4541 1312 4598 esse
1344 4525 1726 4598 prophetatum
1760 4525 1878 4598 fore
1917 4535 1973 4598 ut
2002 4527 2164 4592 lupus
2188 4527 2388 4578 animal
2420 4531 2730 4594 quadrupes
2755 4541 2876 4598 cum
2906 4542 3042 4596 agno
3067 4525 3399 4595 pascerelur,
3425 4532 3628 4596 pardus

375 4595 498 4652 cum
533 4599 692 4652 hme
715 4597 1116 4660 stabularetur;
1155 4597 1374 4656 vitulus,
1409 4606 1598 4649 taurus
1624 4605 1679 4649 et
1703 4596 1784 4648 leo
1811 4595 1965 4650 simul
1999 4605 2372 4662 pascerentur,
2428 4605 2480 4648 et
2517 4610 2547 4648 a
2594 4597 2814 4664 puerulo
2849 4595 3208 4662 ducerentur;
3242 4600 3338 4651 bos
3368 4595 3437 4651 et’
3467 4611 3625 4653 ursus

377 4682 483 4721 una
505 4667 759 4736 pabulum
794 4676 1098 4730 sumerent,
1129 4682 1314 4720 eorum
1347 4665 1582 4735 parvulis
1608 4667 1768 4719 simul
1802 4666 2044 4736 educatis
2073 4681 2087 4730 ;
2122 4665 2208 4717 leo
2236 4679 2446 4731 quoque
2476 4674 2532 4718 ut
2559 4667 2656 4720 bos
2696 4666 2845 4734 palea
2881 4667 3386 4736 vescereturinihil
3425 4667 3619 4720 horum

378 4737 429 4790 in
455 4734 569 4807 ejus
593 4753 752 4806 quem
773 4737 1048 4792 Christum
1078 4734 1375 4798 credimus,
1404 4737 1638 4789 adventu
1676 4734 2004 4807 sensibiliter
2037 4737 2578 4807 cernentesﬂfactum,
2623 4736 2906 4807 Dominum
2938 4747 3180 4807 nostrum
3211 4735 3389 4807 Jesum
3420 4739 3617 4789 nedum

375 4803 735 4874 susceperint,
789 4821 912 4860 eum
986 4815 1244 4872 tanquam
1293 4820 1412 4858 sese
1456 4817 1646 4858 contra
1699 4804 1788 4874 jus
1845 4803 2124 4858 Christum
2187 4804 2526 4874 prwdicaret,
2561 4805 2707 4858 cruci
2759 4804 3061 4859 aﬂixerunt.
3133 4805 3378 4859 [heretici
3439 4815 3616 4859 autem

378 4873 616 4943 legentes
649 4892 664 4929 :
706 4895 724 4926 ε
763 4877 908 4946 Ignis
936 4878 1144 4928 exarsit
1185 4891 1250 4928 ex
1281 4874 1362 4928 ira
1399 4889 1546 4940 mea;
1575 4884 1669 4946 {et
1699 4873 1726 4946 ἐν
1753 4894 1770 4925 ‹
1803 4875 1914 4942 Ego
1943 4874 2092 4946 Deus,
2115 4873 2650 4946 annulatorreddens
2683 4884 2898 4942 peccata
2920 4882 3138 4946 patrum»
3166 4875 3219 4927 in
3248 4875 3384 4928 ﬁlios
3411 4875 3462 4946 in
3495 4883 3609 4946 ter-

378 4941 504 5000 tiam
530 4956 586 5002 et
613 4941 1312 5016 quartamgenerationem;
1347 4963 1364 4994 ι
1400 4951 1493 4998 et:
1531 4963 1550 4996 ι
1583 4945 1814 4999 Pcenitet
1857 4941 1941 4996 ine
1969 4945 2186 4998 unxisse
2235 4941 2364 4996 Saul
2405 4943 2457 4995 in
2488 4941 2700 5012 regem:
2741 4963 2760 4995 ι
2787 4952 2841 4996 et
2870 4961 2884 4996 :
2921 4941 2939 4994 ι
2971 4945 3082 5012 Ego
3111 4943 3370 4998 Dominus
3409 4943 3618 4998 faciens

1025 5062 1069 5093 ⁸⁵³
1101 5065 1202 5116 lsa.
1238 5077 1334 5123 vn,
1372 5059 1460 5113 15.
1540 5061 1584 5091 ⁹⁰
1621 5060 1725 5114 lsa.
1759 5075 1837 5121 ιιι,
1873 5058 1904 5110 6
1939 5075 1969 5113 ει

2064 5075 2093 5124 ,r.
2197 5055 2240 5086 ⁹¹
2270 5052 2472 5114 Jerem.
2507 5072 2596 5124 av,
2632 5056 2721 5112 M.
2827 5058 2872 5089 θ’
2901 5057 3071 5111 Exod.
3106 5072 3200 5123 xx,
3237 5056 3292 5112 5.
3368 5055 3613 5126 “lReg.

449 5062 493 5094 ⁸⁸
527 5062 693 5116 Zach.
728 5078 804 5129 ιιι,
836 5061 922 5116 10.
1025 5062 1069 5093 ⁸⁵³
1101 5065 1202 5116 lsa.
1238 5077 1334 5123 vn,
1372 5059 1460 5113 15.
1540 5061 1584 5091 ⁹⁰
1621 5060 1725 5114 lsa.
1759 5075 1837 5121 ιιι,
1873 5058 1904 5110 6
1939 5075 2093 5126 seqq.

1173 5132 1218 5162 9"
1252 5135 1437 5184 Amos.
1473 5145 1556 5193 Ill},
1592 5129 1644 5182 6.

380 5147 467 5197 xv,
493 5134 580 5187 11.
655 5132 702 5164 ³³
729 5132 854 5188 lsai.
889 5147 1011 5199 va,
1045 5131 1097 5183 7.
1173 5132 1218 5162 9"
1252 5135 1437 5184 Amos.
1473 5145 1556 5193 Ill},
1592 5129 1644 5182 6.
1722 5131 1767 5161 ⁹⁶
1807 5129 1968 5183 Μίοιι.
1995 5145 2032 5192 l,
2065 5131 2152 5182 l2.

446 5250 522 5321 (9)
568 5250 697 5306 Post
733 5253 952 5321 ἄφεσιν,
1003 5250 1143 5305 idem
1188 5249 1356 5306 codex
1408 5249 1608 5318 Regius
1649 5249 1815 5312 addit,
1846 5249 1940 5301 καὶ
1973 5266 2015 5319 ι)
2048 5263 2174 5303 care
2206 5247 2620 5321 civitatemDei.
2654 5264 2672 5297 ι
2707 5245 2871 5321 Paulo
2907 5253 3027 5321 post
3069 5260 3177 5299 mss
3209 5285 3223 5307 ,
3252 5263 3289 5321 _¢_
3315 5244 3618 5321 _eitistinta-

377 5315 586 5390 τυφλοῖς
609 5315 945 5391 ἀνάϐλεψιν(
1041 5389 1066 5391 ι
1363 5389 1372 5391 _
1409 5388 1439 5391 __
1495 5315 1550 5391 ί
1762 5387 1772 5391 -

2064 5328 2176 5391 'unt
2205 5333 2325 5373 esse
2350 5320 2729 5391 prophetatum
2767 5318 2891 5391 quia
2919 5317 3157 5391 deberet.
3194 5335 3212 5366 ι
3251 5315 3414 5378 Editi,
3445 5332 3463 5364 ‹
3497 5316 3615 5368 exi-

453 5387 563 5459 (10)
587 5391 802 5444 Primus
825 5387 1002 5460 codex.
1041 5389 1262 5454 Regius,
1297 5387 1641 5460 ἐκλέξασθαι,
1670 5387 1831 5460 male.
2041 5389 2674 5460 stiniant_pr0phetatum
2705 5389 2830 5460 quia
2861 5387 3040 5460 debet.
3081 5402 3098 5434 ι
3258 5459 3263 5460 7
3369 5449 3379 5460 ο

439 5451 1004 5530 Kllildetnt’lrpoﬁv
1026 5451 1276 5528 Χριστόν.
1305 5451 1450 5514 lnlra
1478 5461 1642 5523 idem,
1675 5457 1942 5509 ἐκκέκαυ-

2117 5458 2228 5530 (14)
2267 5451 2358 5530 [ίαν
2381 5451 2527 5530 recte
2555 5471 2686 5510 mss.
2718 5451 2854 5508 Male
2895 5455 3045 5514 editi,
3081 5470 3098 5502 ι
3146 5451 3475 5530 contrarium
3511 5451 3612 5530 [ait

374 5517 790 5599 ταῐάξπδουμσῡ
820 5517 992 5599 μὸυη
1078 5517 1110 5599 '_,
1186 5597 1193 5599 Α
1263 5598 1269 5599 ί
1524 5597 1562 5599 _
1629 5517 1644 5599 ί
1823 5596 1833 5599 _
1898 5595 1908 5599 _

2068 5517 2261 5597 oqne.»
2288 5528 2486 5599 ibidem
2513 5540 2671 5599 _mss_.,
2695 5542 2713 5574 ι
2745 5531 3256 5599 assumentemeum
3284 5517 3386 5599 sibi
3408 5517 3609 5575 Christi

447 5597 557 5671 (1‘2)
599 5586 714 5654 Duo
757 5586 912 5653 co'dd.
965 5597 1137 5667 Regii,
1174 5597 1488 5668 ἀγέννητος.
1521 5596 1776 5658 Tarinus,
1813 5595 1940 5663 ἀγέ-

2064 5586 2254 5650 toinen.
2282 5595 2556 5671 ⁸Ιιι-οιιὶιίε
2603 5593 2756 5671 deest
2816 5610 2834 5642 ι
2882 5605 3022 5671 eum.
3056 5590 3186 5671 sibi.
3221 5607 3241 5668 ρ
3283 5586 3610 5671 lucanus},

379 5657 552 5739 νητοςξ
589 5738 601 5739 7
875 5736 910 5739 __
941 5737 966 5739 Α
1000 5737 1008 5739 _
1045 5657 1073 5667 ν
1122 5657 1133 5662 ’
1223 5657 1234 5665 ’
1361 5657 1377 5739 ’ᾗ
1420 5657 1461 5739 γ’
1493 5736 1501 5739 _
1631 5735 1640 5739 _
1766 5657 1769 5658 ⁷
1833 5657 1895 5739 __'_
2039 5684 2064 5739 _c
2103 5667 2242 5733 quod
2282 5665 2333 5717 in
2369 5664 2482 5733 lege
2513 5664 2772 5730 scriptum
2799 5668 2918 5730 οδε.
2952 5676 2971 5708 ι
3006 5658 3060 5713 In
3105 5659 3264 5712 editis
3291 5657 3444 5707 deest
3502 5671 3525 5707 ι
3560 5660 3612 5711 in

448 5737 560 5811 (15)
585 5738 662 5793 lta
697 5752 826 5793 mss.
874 5736 1012 5832 Editi
1041 5747 1242 5804 autem,
1277 5756 1295 5787 ‹
1330 5736 1531 5809 _debuit
1565 5735 1713 5806 prius
1765 5734 1930 5790 mdiﬁ-
2039 5735 2176 5801 lege.
2210 5752 2228 5784 ι
