4014 6142
388 263 488 318 659

1613 261 1934 320 ΟῐῖιῦΕΝἰδ
1969 264 2127 318 ΠΕΡΙ
2163 267 2248 318 ΑΡ
2256 267 2392 319 ΧΩΝ

3549 271 3652 327 560

356 381 605 449 .Saul";
639 403 658 436 ι
697 392 751 439 et
783 384 952 438 multa
982 383 1083 437 alia
1109 383 1193 438 his
1221 381 1416 436 similia
1448 395 1568 451 qua:
1597 385 1796 454 scripta
1841 401 1938 438 sun

2069 403 2215 451 κασι,
2256 381 2671 454 μυθοποιοῦντες
2704 385 2916 447 ἑαυτοῖς
2943 383 3250 446 ὑποθέσεις,
3278 381 3398 436 καθ’
3424 380 3489 446 ἃς
3515 383 3654 437 οἷον-

389 475 650 544 legentes,
668 477 848 531 dicere
872 477 1087 545 quidem
1121 490 1214 531 eas
1241 491 1344 531 non
1373 489 1494 531 esse
1518 474 1612 530 Dei
1650 477 1958 544 Scripturas

388 583 496 620 non
551 568 668 621 ausi
721 578 868 630 sunt,
917 568 1007 622 sed
1043 582 1134 622 eas
1159 567 1457 621 conditoris
1501 565 1596 619 Dei
1634 567 1776 621 illius
1797 581 1956 634 quem

383 658 554 714 Judaei
602 661 867 725 colebant,
928 668 1222 728 putarunt;
1264 675 1424 729 quem
1469 663 1673 730 justum
1720 668 1960 713 tantum-

385 752 569 814 modo,
619 765 721 803 non
749 750 913 803 etiam
947 751 1147 804 bonum
1177 752 1327 805 credi
1361 751 1559 805 debere
1605 751 1957 805 existimave-

385 852 540 909 runt;
579 841 914 896 Salvatorem
966 857 1094 897 vero
1140 844 1446 907 advenisse,
1482 851 1538 896 ut
1578 844 1956 913 perl‘ectiorem

383 935 539 989 nobis
573 934 922 988 annuntiat-ret
963 935 1153 1002 Deum,
1184 951 1343 1004 quem
1397 946 1596 1006 negant
1627 949 1747 990 esse
1773 936 1960 989 condi-

2065 492 2151 528 ται
2189 472 2469 541 γεγονέναι
2499 472 2565 523 τὰ
2601 472 2928 542 βλεπόμενα,
2957 473 3050 526 καὶ
3084 471 3248 542 ἕτερά
3273 487 3394 525 τινα
3429 471 3502 542 μὴ
3535 471 3652 540 βλε-

2070 566 2133 618 πό
2145 582 2277 634 μενα
2299 605 2312 629 ,
2351 564 2492 634 ἅπερ
2516 567 2547 633 ἡ
2571 562 2714 634 ψυχὴ
2743 563 2920 618 αὐτῶν
2949 563 3451 634 ἀνειδωλοποίησεν.
3494 562 3651 616 Ἀλλὰ

2071 655 2175 726 μὴν
2221 654 2313 708 καὶ
2361 656 2408 706 οἱ
2449 655 2820 724 ἁκεραιότεροι
2866 655 2974 709 τῶν
3018 655 3126 708 ἀπὸ
3171 655 3270 726 τῆς
3329 654 3650 723 Ἐκκλησίας

2068 746 2374 815 αὐχούντων
2415 747 2720 815 τυγχάνειν,
2767 746 2858 799 τοῦ
2909 748 3016 818 μὲν·
3047 746 3381 818 δημιουργοῦ
3430 747 3652 817 μείζονα.

2065 833 2255 887 οὐδένα
2284 833 2664 904 ὑπειλήφασιν,
2701 833 2871 901 ὑγιῶς
2899 835 3056 888 τοῦτο
3087 836 3364 900 ποιοῦντες
3385 853 3397 865 ο
3427 835 3648 889 τοιαῦτα

2064 934 2120 987 δὲ
2159 933 2600 1004 ὑπολαμϐάνουσι
2647 935 2775 1005 περὶ
2823 935 2987 988 αὐτοῦ
3030 937 3190 990 ὁποῖα
3221 936 3340 990 οὐδὲ
3382 937 3509 1010 περὶ
3553 936 3645 990 τοῦ

377 1035 554 1078 torem
611 1025 820 1089 mutuli,
856 1025 1091 1080 diversis
1149 1027 1313 1079 etiam
1358 1029 1424 1080 de
1475 1029 1576 1081 hoc
1611 1027 1726 1094 ipso
1751 1027 1947 1095 opinio-

2065 1026 2348 1096 ὡμοτάτου
2382 1027 2475 1080 καὶ
2507 1027 2840 1080 ἀδικώτατον
2878 1026 3187 1098 ἀνθρώπου.

379 1118 544 1172 nibus
595 1118 960 1183 dissidentes;
1017 1121 1270 1189 quoniam
1311 1122 1530 1190 quidem
1587 1121 1754 1176 semel
1805 1122 2119 1176 recedentes
2180 1139 2209 1175 a
2270 1122 2372 1175 [ide
2431 1122 2695 1177 creatoris
2753 1123 2842 1176 Dei
2907 1123 2998 1190 qui
3045 1132 3125 1176 est
3167 1124 3406 1178 omnium
3464 1123 3643 1190 Deus,

379 1207 654 1276 ﬁgmentis
698 1225 758 1264 se
799 1213 968 1266 variis
1009 1212 1120 1282 (-15)
1166 1228 1228 1266 ac
1259 1214 1456 1268 fabulis
1501 1215 1835 1268 tradiderunt
1893 1222 2321 1270 commentantes
2376 1215 2641 1283 qutedam,
2687 1223 2743 1270 et
2786 1215 3029 1269 dicentes
3081 1215 3183 1270 alia
3235 1229 3353 1271 esse
3415 1217 3646 1273 visibilia

377 1306 432 1354 et
463 1300 530 1354 ab
559 1302 664 1356 alio
695 1302 857 1370 facta,
899 1304 1002 1357 alia
1041 1320 1166 1358 vero
1199 1307 1445 1373 quaedam
1483 1307 1768 1361 invisibilia
1797 1318 1852 1362 et
1885 1310 1951 1362 ab
1987 1308 2091 1362 alio
2121 1307 2358 1371 condita,
2407 1315 2571 1375 prout
2623 1307 2706 1362 eis
2770 1309 2964 1360 anima:
3006 1322 3116 1361 sua:
3162 1309 3446 1377 phantasia
3494 1311 3647 1364 vani-

379 1402 572 1464 tasque
614 1398 966 1466 suggesserit.
1002 1397 1108 1452 Sed
1135 1407 1187 1452 et
1221 1400 1461 1452 nonnulli
1508 1415 1574 1453 ex
1629 1402 2048 1470 simplicioribus
2079 1401 2283 1455 scilicet
2340 1415 2530 1453 eorum
2589 1400 2684 1469 qui
2749 1399 2890 1453 intra
2952 1399 3209 1454 Ecclesiae
3267 1401 3426 1454 ﬁdem
3471 1402 3646 1455 conti-

380 1489 500 1542 neri
545 1489 1111 1559 videntur,.majorem
1147 1491 1361 1558 quidem
1400 1502 1647 1547 creatore
1714 1494 1823 1549 Deo
1879 1495 2081 1548 nullum
2129 1508 2250 1547 esse
2279 1493 2591 1560 opinantur,
2646 1501 2850 1545 rectam
2891 1491 2943 1545 in
2976 1492 3078 1546 hoc
3136 1500 3377 1546 tenentes
3430 1507 3642 1548 sanam-

378 1599 485 1654 que
531 1583 880 1646 sententiam,
917 1596 1102 1636 verum
1153 1583 1279 1637 talia
1323 1583 1388 1639 de
1431 1599 1495 1638 eo
1548 1585 1811 1653 sentiunt,
1840 1600 1959 1655 quae
2016 1601 2114 1640 nec
2168 1586 2232 1640 de
2280 1583 2463 1652 aliquo
2512 1581 2868 1651 injustissimo
2921 1593 2976 1636 et
3017 1581 3380 1637 immitissimo
3425 1583 3644 1638 homine

381 1676 661 1732 sentienda
693 1686 841 1729 sunt.

460 1775 511 1828 9.
543 1771 746 1826 Horum
769 1781 946 1825 autem
971 1771 1210 1824 omnium
1235 1770 1380 1826 falsae
1406 1772 1772 1843 intelligentia:
1799 1790 1947 1830 caus:

2136 1771 2292 1825 Αἰτία
2325 1771 2381 1824 δὲ
2415 1772 2548 1823 πᾶσι
2578 1773 2690 1832 τοῖς
2725 1767 3143 1841 προειρημένοις
3168 1767 3516 1838 ψευδοδοξιῶν
3550 1769 3641 1821 καὶ

387 1862 476 1916 his
511 1863 576 1916 de
607 1861 800 1930 quibus
826 1875 988 1929 supra
1026 1861 1282 1926 diximus,
1313 1878 1415 1916 non
1447 1864 1553 1918 alia
1588 1867 1819 1930 exstitit,
1851 1867 1956 1921 nisi

383 1954 525 2022 quod
560 1963 745 2007 sancta
789 1953 1067 2021 Scriptura
1105 1955 1172 2007 ab
1202 1952 1292 2007 his
1323 1969 1428 2008 non
1465 1957 1765 2010 secundum
1791 1957 1953 2026 spiri-

380 2045 540 2100 talem
587 2059 834 2108 sensum,
879 2044 972 2098 sed
1005 2044 1302 2098 secundum
1352 2044 1554 2099 litterae
1582 2061 1772 2100 sonum
1799 2047 1956 2100 intel-

378 2134 592 2204 ligitur.
625 2133 849 2203 Propter
880 2136 1024 2204 quod
1058 2135 1396 2200 conabimur,
1435 2137 1596 2207 1'66
1625 2153 1721 2207 pro
1751 2139 1956 2192 medio-

379 2228 575 2280 critate
626 2242 820 2280 sensus
873 2227 1181 2292 nostri,his
1224 2228 1315 2296 qui
1373 2229 1595 2282 credunt
1648 2229 1956 2300 Scripturas

375 2329 592 2372 Sanetas
639 2317 750 2387 (16)
787 2334 889 2372 non
926 2320 1158 2372 humana
1193 2321 1354 2374 verba
1387 2321 1563 2389 aliqua
1591 2336 1709 2376 esse
1740 2338 1959 2393 compo-

375 2410 502 2473 sita,
540 2409 632 2461 sed
667 2409 842 2463 sancti
875 2407 1112 2477 Spiritus
1157 2411 1510 2478 inspiratione
1533 2414 1865 2484 conscripta,
1897 2421 1954 2468 et

372 2501 655 2554 voluntate
689 2500 785 2553 Dei
827 2500 1002 2556 Patris
1040 2517 1135 2571 per
1177 2503 1516 2572 unigenitum
1552 2503 1749 2558 Filium
1789 2521 1947 2560 suum

373 2589 558 2646 Jesum
590 2592 862 2648 Christum
899 2594 1054 2649 nobis
1081 2610 1300 2664 quoque
1340 2611 1458 2650 esse
1489 2598 1683 2651 tradita
1709 2606 1762 2650 et
1795 2612 1946 2650 com-

375 2685 563 2749 missa,
599 2701 720 2754 qua:
764 2686 920 2740 nobis
969 2687 1220 2740 videntur
1269 2696 1413 2742 recta
1447 2687 1532 2740 via
1578 2689 1951 2757 intelligentim

372 2775 811 2843 observantibus,
840 2776 1224 2831 demonstrare
1256 2777 1402 2831 illam
1445 2778 1683 2846 regulam
1711 2786 1763 2832 et
1786 2779 1952 2833 disci-

371 2869 572 2937 plinam
614 2885 778 2939 quam
829 2869 897 2922 ab
944 2867 1073 2923 Jesu
1109 2869 1324 2923 Christo
1363 2870 1617 2923 traditam
1657 2869 1760 2923 sibi
1811 2884 1948 2938 apo-

370 2960 516 3026 stoli,
548 2975 644 3027 per
683 2961 1089 3014 successionem
1121 2962 1358 3029 posteris
1398 2975 1617 3030 quoque
1669 2963 1781 3015 suis
1825 2977 1949 3015 san-

370 3063 514 3108 ctam
541 3054 836 3108 Ecclesiam
864 3052 1209 3115 docentibus,
1253 3053 1610 3108 tradiderunt.
1636 3051 1701 3106 Et
1729 3053 1947 3122 quidem

371 3146 516 3214 quod
553 3143 987 3214 dispensatioues
1040 3145 1290 3214 qumdam
1347 3146 1588 3214 mysticae
1637 3147 1947 3200 iudicentur

372 3252 470 3306 per
497 3237 811 3306 Scripturas
853 3245 1072 3290 sanctas
1092 3276 1106 3300 ,
1139 3251 1362 3300 omnes,
1391 3244 1449 3289 ut
1475 3237 1734 3302 arbitror,
1775 3236 1944 3291 etiam

373 3327 735 3398 simpliciores
787 3327 986 3396 quique
1036 3325 1373 3381 credentium
1409 3328 1759 3383 conlitentur.
1814 3327 1945 3394 Qutn

373 3432 551 3477 tamen
577 3421 715 3485 istae,
745 3419 826 3473 vel
852 3419 1149 3487 eujusmodi
1181 3419 1312 3483 sint,
1343 3421 1386 3473 si
1416 3420 1536 3488 quis
1561 3429 1721 3474 rectae
1745 3421 1944 3475 mentis

2060 1864 2322 1917 ἀσεϐειῶν
2363 1863 2473 1934 (Π)
2519 1863 2552 1933 ἢ
2597 1859 2880 1915 ἰδιωτικῶν
2917 1861 3047 1930 περὶ
3091 1858 3226 1912 Θεοῦ
3269 1850 3478 1928 λόγων,
3540 1861 3640 1912 οὐκ

2058 1956 2191 2027 ἄλλη
2237 1973 2320 2018 τις
2354 1951 2493 2007 εἶναι
2535 1953 2682 2006 δοκεῖ
2713 1950 2746 2021 ἢ
2798 1951 2988 2023 Γραφὴ
3021 1951 3162 2005 κατά
3193 1951 3260 2004 τὰ
3301 1951 3644 2022 πνευματικά

2062 2048 2135 2119 μὴ
2165 2047 2465 2118 νενοημένη
2487 2086 2501 2108 ,
2542 2043 2657 2098 ἀλλ’
2691 2043 2766 2105 ὡς
2798 2042 2936 2114 πρὸς
2968 2042 3028 2094 τὸ
3060 2043 3213 2112 ψιλὸν
3239 2043 3473 2114 γράμμα
3505 2041 3643 2108 ἐξει-

2057 2138 2122 2208 λη
2133 2137 2330 2208 μμένη.
2357 2136 2559 2205 Διόπερ
2587 2137 2698 2197 τοῖς
2719 2133 3062 2203 πειθομένοις
3089 2133 3161 2205 μὴ
3182 2133 3277 2186 ἀνθ
3288 2132 3483 2204 ρώπων
3503 2130 3642 2186 εἶναι

2060 2228 2466 2299 συγγράμματα
2499 2227 2596 2290 τὰς
2639 2225 2789 2296 ἱερὰς
2825 2225 3070 2296 βίϐλους,
3115 2226 3226 2278 ἀλλ’
3271 2225 3329 2290 ἐξ
3361 2225 3642 2289 ἐπιπνοίας

2057 2318 2150 2370 τοῦ
2179 2320 2330 2387 ἁγίου
2362 2317 2675 2387 Πνεῦματος
2694 2318 2994 2388 βουλήματι
3022 2317 3115 2369 τοῦ
3145 2317 3355 2388 Πατρὸς
3377 2317 3485 2370 τῶν
3502 2317 3640 2370 ὅλων

2056 2410 2144 2463 διὰ
2203 2409 2377 2480 Ἰησοῦ
2424 2408 2659 2480 Χριστοῦ
2704 2408 2907 2471 ταύτας
2956 2408 3366 2480 ἀναγεγράφθαι
3423 2411 3517 2462 καὶ
3561 2412 3640 2472 είς

2057 2502 2204 2572 ἡμᾶς
2233 2501 2569 2570 ἐληλυθέναι,
2605 2500 2702 2562 τάς
2738 2498 3064 2570 φαινομένας
3091 2500 3241 2563 ὁδοὺς
3273 2500 3635 2553 ὑποδεικτέον

2057 2590 2338 2662 ἐχομένοις
2368 2591 2462 2643 τοῦ
2497 2590 2718 2653 κανόνος
2746 2589 2846 2658 τῆς
2889 2590 3063 2660 Ἰησοῦ
3095 2590 3329 2660 Χριστοῦ
3355 2591 3500 2644 κατά
3522 2592 3639 2643 δια-

2054 2681 2217 2752 δοχὴν
2251 2680 2360 2735 τῶν
2393 2682 2708 2735 ἀποστόλων
2743 2682 2996 2752 οὐρανίου
3039 2682 3382 2752 Ἐκκλησίας.
3412 2683 3520 2735 Καὶ
3556 2685 3637 2737 ὅτι

2057 2779 2155 2848 μὲν
2197 2779 2503 2850 οἰκονομίαι
2543 2779 2649 2832 εἰσί
2683 2797 2827 2842 τινες
2873 2779 3135 2851 μυστικαὶ
3173 2778 3496 2849 δηλούμεναι
3549 2778 3637 2831 διὰ

2051 2869 2160 2923 τῶν
2193 2870 2351 2922 θείων
2385 2871 2640 2941 Γραφῶν,
2680 2871 2879 2934 πάντες
2914 2871 3007 2924 καὶ
3035 2873 3081 2923 οἱ
3117 2871 3495 2941 ἀκεραιότατοι
3526 2870 3637 2923 τῶν

2050 2961 2129 3032 τῷ
2158 2961 2300 3032 λόγῳ
2341 2962 2678 3032 προσιόντων
2722 2962 3156 3015 πεπιστεύκασι·
3193 2961 3334 3024 τίνες
3363 2960 3419 3012 δὲ
3454 2956 3634 3023 αὗται,

2051 3053 2100 3103 ot
2150 3051 2493 3122 εὐγνώμονες
2543 3052 2639 3104 καὶ
2682 3051 2874 3121 ἄτυφοι
2919 3048 3238 3121 ὁμολογοῦσι
3291 3048 3366 3119 μὴ
3417 3049 3633 3101 εἰδέναι.

2051 3143 2114 3195 Ei
2142 3142 2271 3210 γοῦν
2304 3145 2652 3215 ὲπαπορήσαι
2679 3143 2790 3214 (-18)
2816 3161 2904 3206 τις
2933 3142 3062 3213 περὶ
3085 3141 3184 3210 τῆς
3207 3139 3302 3192 τοῦ
3327 3139 3448 3192 Λὼτ
3470 3139 3637 3208 θυγα-

2051 3233 2353 3305 τρομιξίας,
2385 3238 2477 3289 καὶ
2495 3236 2604 3289 τῶν
2627 3237 2719 3290 δύο
2746 3235 3018 3306 γυναικῶν
3043 3235 3135 3288 τοῦ
3172 3235 3262 3286 Ἀϐ
3273 3233 3438 3305 ραάμ,
3465 3234 3556 3286 δύο
3574 3246 3634 3286 τε

2051 3320 2294 3391 ἀδελφῶν
2323 3340 2536 3396 γεγαμη
2549 3326 2722 3394 μένων
2744 3325 2822 3395 τῷ
2866 3324 3078 3388 Ἰακὼϐ,
3103 3326 3196 3378 xui.
3224 3325 3316 3377 δύο
3336 3324 3634 3377 παιδισκῶν

2050 3413 2457 3465 τετεκνωκυιῶν
2477 3414 2534 3479 ἐξ
2551 3414 2734 3476 αὐτοῦ,
2760 3414 2912 3466 οὐδὲν
2928 3413 3054 3466 ἄλλο
3076 3415 3339 3484 φήσουσιν
3363 3413 3394 3484 ἢ
3429 3415 3635 3483 μυστή-

367 3524 473 3578 est,
526 3511 923 3582 necjactantire
955 3512 1084 3565 vitio
1114 3510 1391 3579 fatigatur,
1424 3511 1726 3581 religiosius
1758 3528 1816 3566 se
1857 3513 1940 3566 fa-

2056 3519 2138 3573 ρια
2157 3505 2330 3558 ταῦτα
2344 3507 2651 3576 τυγχάνειν,
2671 3507 2758 3574 ὑφ’
2775 3508 2808 3576 ἡ
2817 3505 2931 3576 μῶν
2956 3505 3028 3576 μὴ
3047 3481 3328 3576 νοοῦμενα.
3349 3481 3507 3558 Ἀλλὰ
3541 3481 3633 3559 καὶ

371 3606 572 3660 tebitur
598 3607 869 3675 ignorare.
889 3603 1024 3657 Nam
1049 3604 1092 3658 si
1119 3605 1258 3673 quis,
1281 3604 1428 3660 verbi
1451 3605 1651 3672 gratia,
1671 3613 1940 3674 proponat

2056 3600 2227 3667 ὲπάνή
2249 3598 2557 3669 κατασκευὴ
2575 3599 2673 3667 τῆς
2690 3598 2895 3668 σκηνῆς
2910 3597 3370 3669 ἀναγινώσκηται,
3386 3597 3632 3668 πειθόμε-

369 3698 531 3754 nobis
559 3698 628 3753 de
651 3696 867 3752 ﬁliabus
901 3695 1021 3760 Lot,
1051 3696 1192 3764 quod
1227 3697 1365 3766 patri
1401 3706 1591 3751 contra
1627 3697 1708 3751 fas
1743 3697 1933 3751 viden.

2056 3712 2122 3747 vo:
2138 3693 2339 3751 τύπους
2353 3687 2490 3744 εἶναι
2505 3690 2573 3742 τὰ
2588 3707 2762 3760 γεγρα
2769 3691 2968 3761 μμένα,
2989 3689 3240 3761 ζητοῦσιν
3256 3690 3290 3744 ἀ
3315 3691 3629 3762 δυνήσονται

1558 3815 1625 3869 ΙΝ
1635 3815 1960 3869 TERPRET
1970 3812 2137 3870 ATlO
2176 3811 2385 3867 NOVA.

365 3925 554 3983 pacem
585 3920 640 3964 et
667 3923 861 3983 creans
893 3909 1068 3983 mala;
1120 3929 1138 3961 ι
1169 3917 1229 3983 et_
1253 3909 1365 3983 alio
1389 3909 1508 3983 loco
1547 3929 1560 3964 :
1599 3930 1615 3983 ι
1648 3911 1762 3964 Non
1798 3911 2103 3983 est_malum
2135 3911 2185 3962 in
2213 3908 2438 3962 civitate
2466 3906 2611 3983 quod
2645 3920 2750 3959 non
2782 3906 3322 3983 le_cerit_Domitlus;_
3345 3929 3365 3961 ι
3404 3917 3456 3983 e_t
3496 3909 3625 3983 illud

367 3977 623 4049 insuper:
650 3999 668 4031 ι
700 3977 1106 4032 Descenderunt
1125 3979 1266 4049 inala
1301 3996 1327 4030 a
1352 3979 1578 4033 Domino
1603 3982 1653 4034 in
1686 3991 1867 4048 portas
1883 3979 2218 4043 Jerusalem;
2247 3997 2266 4030 ι
2295 3987 2348 4031 et
2377 3997 2390 4031 :
2417 3995 2436 4028 ι
2463 3977 2704 4049 Spiritus
2731 3977 2948 4031 malusa
2973 3977 3081 4030 Deo
3104 3977 3401 4049 sull‘ocabat
3423 3978 3549 4032 Sanl
3569 3998 3616 4043 ;ι

365 4062 422 4106 et
456 4045 666 4104 inlinita
699 4050 1086 4119 prapemodtuu
1122 4047 1206 4100 bis
1236 4049 1564 4112 consimilia,
1596 4045 1797 4119 negare
1823 4052 2037 4118 quidem
2081 4063 2175 4119 e_as
2212 4062 2347 4102 essc-
2383 4048 2475 4101 Dei
2530 4045 2844 4119 Scripturas
2874 4062 2978 4100 non
3010 4048 3128 4119 ausi
3160 4058 3306 4119 sunt,
3348 4053 3438 4103 sed
3482 4050 3622 4104 illius

364 4136 524 4191 quem
549 4116 718 4191 .Iudmj
749 4119 938 4191 colunt
965 4117 1248 4191 Creatoris
1270 4132 1391 4191 eas
1411 4133 1532 4172 esse
1566 4116 1690 4179 rati]
1724 4116 1876 4186 quasi
1913 4117 2266 4191 imperfectus
2295 4133 2394 4191 nec
2419 4119 2594 4170 bonus
2625 4127 2768 4170 esset
2794 4116 2882 4170 ille
2905 4117 3177 4191 conditor,
3204 4118 3454 4191 arbitrati
3489 4131 3618 4174 sunt

363 4186 651 4244 advenisse
677 4189 1015 4242 Salvatorem
1045 4187 1133 4254 qui
1168 4186 1551 4254 perfectiorem
1582 4190 1929 4242 annuntiaret
1955 4189 2120 4242 Deum
2156 4203 2314 4255 quem
2341 4188 2654 4241 dicuntnon
2691 4200 2812 4255 esse
2847 4187 3029 4238 mundi
3055 4187 3328 4254 opilicem,
3351 4188 3402 4241 in
3437 4192 3619 4243 varias

361 4275 426 4314 ea
457 4262 522 4315 de
553 4275 612 4314 re
640 4259 846 4326 abrepti
902 4256 1220 4327 sententias,
1251 4267 1304 4312 et
1353 4267 1634 4326 postquam
1667 4276 1696 4312 a
1739 4258 1999 4313 Creatore
2024 4260 2112 4325 qui
2150 4254 2231 4311 est
2279 4257 2547 4326 ingenitus
2586 4256 2736 4309 solus
2770 4254 2935 4327 Deus,
2965 4255 3298 4327 tlel'ecerunt,
3337 4260 3612 4327 ligmentis

361 4325 1076 4394 adhaeserunt,e’xcogitatis
1110 4326 1313 4382 lictitiis
1341 4325 1728 4397 bypothesibus
1772 4331 2068 4384 secundum
2100 4344 2232 4396 quas
2266 4325 2402 4381 facta
2437 4341 2557 4380 esse
2612 4334 2804 4394 putant
2835 4325 3090 4397 visibilia,
3120 4334 3172 4378 et
3217 4326 3318 4380 alia
3367 4325 3616 4396 quaedam

361 4400 660 4454 invisibilia
685 4414 806 4466 quae
827 4400 1007 4451 animo
1053 4397 1155 4450 sibi
1191 4395 1485 4451 ﬁnxerunt.
1515 4397 1822 4464 Quinetiam
1877 4395 2236 4467 simpliciores
2261 4397 2503 4451 nonimlli
2537 4397 2635 4467 qui
2662 4409 2726 4467 se
2748 4397 2814 4448 de
2846 4395 3087 4467 Ecclesia
3121 4410 3242 4449 esse
3287 4395 3613 4467 gloriantur,

362 4469 627 4522 Creatore
669 4465 886 4537 quidem
947 4468 1148 4519 nullum
1226 4467 1481 4534 inajOrem
1547 4471 1883 4533 existimant,
1916 4465 2101 4522 sanam
2149 4470 2252 4521 hac
2296 4470 2348 4520 in
2403 4483 2458 4537 re
2495 4465 2730 4537 amplexi
2801 4466 3152 4537 sententiam,
3186 4465 3375 4537 verum
3423 4483 3489 4520 ea
3547 4471 3615 4522 de

364 4538 484 4608 ipso
517 4534 865 4606 suspicantur
907 4553 1024 4605 ῳιω
1057 4551 1123 4589 ne
1154 4538 1219 4591 de
1243 4539 1359 4605 ipso
1401 4539 1614 4592 homine
1645 4541 1859 4606 quidem
1896 4540 2271 4608 crutleli'ssimo
2300 4535 2748 4608 etrinjustissimo
2782 4535 3022 4608 cogitare
3053 4534 3132 4588 las
3167 4536 3258 4591 sit.

435 4609 491 4662 9.
527 4604 804 4661 lis—autem
834 4604 1904 4677 oninibushnullafalsarumopinionum,
1938 4610 2080 4662 nulla
2114 4607 2407 4674 impietatis
2437 4615 2492 4658 et
2524 4604 2844 4677 stolidarum
2868 4606 2934 4677 de
2962 4604 3068 4658 Deo
3104 4620 3416 4677 sermonum
3447 4621 3609 4661 causa

363 4691 484 4732 esse
515 4678 619 4729 alia
651 4678 867 4747 videtur
892 4691 1054 4747 quam
1084 4674 1365 4743 Scriptura
1403 4692 1505 4729 non
1549 4674 1850 4731 secundum
1884 4679 2188 4747 spiritalem
2241 4690 2459 4747 sensum
2494 4674 2792 4740 intellecta,
2827 4675 2924 4727 sed
2956 4677 3258 4747 secundum
3305 4676 3602 4731 litteralem

365 4757 612 4814 accepta.
651 4746 991 4813 Quapropter
1019 4743 1083 4796 iis
1112 4748 1200 4811 qui
1245 4760 1565 4813 persuasum
1598 4749 1801 4801 habent
1827 4743 2011 4801 sae—ros
2037 4749 2205 4802 libros
2236 4761 2339 4798 non
2369 4745 2648 4797 hominum
2681 4758 2802 4797 esse
2843 4745 3284 4807 commentarios,
3314 4747 3408 4800 sed
3436 4748 3608 4801 sancti

365 4816 610 4884 Spiritus
640 4816 844 4878 atllatu,
887 4815 1162 4886 voluntate
1192 4816 1287 4886 Dei
1319 4817 1558 4886 parentis
1587 4819 1966 4870 universorum
2009 4833 2104 4885 per
2142 4815 2324 4870 Jesum
2357 4814 2635 4886 Christum
2667 4814 3056 4886 scriptosiesse
3087 4826 3144 4868 et
3180 4819 3248 4869 ad
3275 4831 3374 4869 nos
3415 4831 3606 4886 perve-

363 4883 534 4950 nisse,
575 4900 683 4952 qua
717 4891 797 4936 via
822 4887 873 4937 in
900 4897 1085 4938 eorum
1115 4883 1398 4938 lectionem
1424 4885 1785 4940 insistendum
1824 4902 1942 4939 esse
1968 4883 2122 4940 nobis
2154 4888 2430 4948 videatur,
2456 4885 2702 4938 indicare
2728 4885 3071 4949 conabimur,
3115 4898 3330 4939 servata
3364 4883 3607 4942 caelestis

363 4958 659 5026 secundum
693 4956 1092 5026 successionem
1141 4955 1505 5026 apostolorum
1557 4956 1808 5010 Ecclesia:
1850 4956 1976 5010 Jesu
2023 4957 2222 5010 Christi
2258 4955 2466 5022 regula.
2517 4955 2747 5026 Etdesse
2797 4954 3020 5022 quidem
3051 4957 3313 5025 mysticas
3341 4959 3603 5026 quasdam

361 5025 792 5094 dispensationes
813 5040 949 5092 quas
985 5024 1182 5076 divinae
1212 5025 1504 5094 Scriptura:
1536 5027 1793 5090 indicant,
1842 5029 2005 5080 etiam
2059 5026 2424 5094 simpliciores
2475 5023 2714 5079 ﬁdelium
2762 5027 3024 5094 credunt;
3069 5023 3322 5094 quaenam
3358 5023 3490 5080 vero
3519 5029 3603 5080 ha:

360 5093 492 5162 sint,
534 5095 741 5150 cordati
769 5105 824 5149 et
855 5093 1088 5147 modesti
1111 5095 1324 5149 nescire
1339 5093 1405 5149 ise
1441 5093 1701 5152 fatentur.
1732 5097 1914 5163 Quare
1945 5097 1989 5151 si
2029 5097 2150 5165 quis
2173 5093 2484 5150 Sciscitetur
2515 5096 2581 5150 de
2625 5108 2924 5164 congressu
2964 5093 3064 5147 Lot
3089 5093 3235 5149 cum
3267 5096 3501 5162 ﬁliabus,
3536 5096 3604 5150 de

429 5234 474 5267 "
514 5233 532 5288 Ι
563 5233 692 5303 Reg.
729 5247 885 5299 xvm,
917 5230 1000 5284 lO.

427 5372 539 5446 (15)
581 5370 672 5426 Sic
703 5383 835 5446 mss.
859 5365 1312 5446 __E_tlit_i_autem,_t
1345 5363 1516 5446 vanis.
1548 5379 1566 5412 ι
1608 5359 1923 5446 Paulo‘post

358 5431 569 5510 πῆξε-ιη’(
605 5457 669 5494 ex
714 5437 1137 5510 simplicioribus
1185 5434 1417 5510 scilicet
1441 5447 1651 5484 eorum.
1690 5449 1708 5480 ι
1749 5431 1917 5495 Editi,

364 5533 380 5565 ι
411 5531 476 5569 ex
501 5501 928 5581 simplicioribus
971 5508 1294 5581 quibusque.
1313 5521 1344 5581 _r
1371 5501 1490 5581 illos
1520 5516 1736 5581 _inss.,_‘t
1767 5515 1920 5581 creas

356 5592 474 5638 tore
505 5573 848 5636 Deo'nullum
893 5573 1031 5634 esse.
1057 5596 1076 5628 ι
1104 5576 1158 5629 1η
1187 5573 1356 5630 editis
1383 5574 1568 5635 deest,
1607 5588 1626 5621 ι
1668 5573 1777 5625 Deo
1802 5589 1820 5621 ι
1861 5580 1915 5624 et

353 5671 380 5794 λ.
411 5667 550 5789 iisiis.
581 5670 826 5775 Sanctus.
853 5717 1010 5776 Deest
1050 5718 1104 5772 in
1137 5717 1316 5775 editis.
1348 5713 1487 5769 lnl'ra
1529 5725 1685 5779 mss.,
1717 5729 1734 5762 ι
1771 5709 1910 5765 indi-

2031 5367 2228 5413 centur
2280 5372 2376 5426 per
2423 5357 2736 5427 Scripturas
2779 5369 3022 5415 sanctas.
3065 5380 3084 5414 ι
3138 5361 3194 5416 ln
3235 5361 3397 5418 editis
3449 5362 3599 5416 deest

2032 5447 2050 5479 ι
2087 5439 2324 5503 satietas.
2382 5449 2400 5480 ι
2460 5429 2676 5503 ibidem
2716 5445 2871 5503 m_ss.,
2916 5449 2934 5481 ι
2976 5432 3341 5500 simpliciores
3394 5433 3597 5503 quique

2023 5501 2378 5553 credentium.
2419 5517 2436 5548 ι
2465 5498 2520 5550 ln
2551 5500 2708 5552 editis
2742 5501 2908 5564 deest,
2941 5518 2960 5550 ι
2999 5498 3357 5555 credentium.
3391 5521 3409 5553 ι

2062 5567 2204 5648 ~(-l'l)
2243 5568 2455 5621 Primus
2487 5571 2657 5622 codex
2699 5569 2919 5638 Regius,
2955 5570 3292 5639 ψευδολόγων
3321 5573 3415 5625 καὶ
3459 5572 3589 5626 ἀσε-

2019 5639 2200 5780 ϐωἆὸ)
2229 5707 2458 5763 Primus
2482 5708 2613 5779 Reg.
2649 5709 2839 5777 codex,
2866 5709 3227 5779 ὲπαπορήσει.
