4014 6142
473 275 581 330 365

1723 267 2042 324 ORIGENIS
2080 270 2237 323 ΠΕΡΙ
2276 267 2510 321 ΑΡΧΩΝ

3623 263 3722 320 561

473 394 729 467 Epistolas
747 391 1270 464 apostolorum,'quze
1287 389 1498 460 quidem
1518 390 1767 445 videntur
1785 391 2043 459 aliquibus

2155 407 2261 452 τως
2305 389 2556 459 ἐχόντων,
2588 386 2680 439 καὶ
2729 384 2935 457 μυρίων
2983 385 3124 438 ὅσων
3171 383 3573 456 σφαλλομὲνων,
3629 386 3729 441 οὐκ

472 507 592 548 esse
610 489 902 561 planiores,
925 503 1100 542 nonne
1117 495 1223 539 tam
1248 483 1529 556 profundis
1547 483 1768 554 repleuc
1786 495 1910 538 sunt
1925 501 2043 537 scn-

474 581 647 645 sibus,
688 589 744 634 ut
774 594 870 648 per
897 592 991 632 eas
1019 576 1104 631 his
1135 576 1227 643 qui
1261 583 1490 644 possunt
1520 573 1820 643 intelligere
1851 573 2045 626 divina:

477 671 762 742 sapientia:
788 684 1030 733 sensum,
1062 667 1219 737 quasi
1247 681 1345 736 per
1370 666 1530 720 breve
1579 667 1846 734 quoddam
1894 679 2046 718 rece-

477 761 750 833 ptaculum
783 761 1058 814 immensa:
1092 758 1226 812 lucis
1258 756 1482 811 claritas
1508 754 1756 810 videatur
1793 753 2046 830 infundi?

479 852 634 909 Unde
657 850 908 920 quoniam
945 848 1058 904 haec
1088 848 1158 902 ita
1189 862 1248 902 se
1277 847 1503 912 habent,
1529 853 1583 899 et
1615 844 1768 899 multi
1786 852 1923 898 'sunt
1947 844 2043 912 qui

478 945 532 1000 iu
564 946 664 999 hac
689 944 795 997 vita
832 950 1044 1005 errant,
1079 957 1188 995 non
1222 940 1459 994 arbitror
1483 953 1604 993 esse
1635 939 1753 993 sine
1791 935 2032 1007 periculo

477 1036 634 1092 facile
662 1035 1016 1106 pronuntiare
1062 1046 1388 1103 quemquam
1430 1045 1594 1086 nosse
1622 1029 1706 1085 vel
1743 1029 2048 1100 intelligere

474 1144 560 1193 ea,
597 1143 716 1198 quze
743 1139 801 1181 ut
825 1125 1022 1197 aperiri
1050 1125 1277 1196 possint,
1313 1123 1557 1178 scientia:
1578 1123 1730 1178 clave
1763 1138 1900 1192 opus
1934 1131 2045 1188 est,

475 1238 639 1292 quain
661 1222 866 1276 clavem
907 1219 1124 1274 dicebat
1159 1218 1408 1272 Salvator
1437 1231 1558 1272 esse
1591 1217 1732 1285 apud
1759 1215 2043 1286 legisperi-

477 1326 578 1371 tos.
611 1313 668 1368 In
703 1313 804 1367 hoc
831 1312 970 1374 loco,
1005 1311 1130 1364 licet
1159 1325 1254 1379 per
1283 1324 1566 1366 excessum
1609 1309 1920 1380 quemdam,
1954 1309 2041 1363 in-

474 1405 797 1476 quirendum
834 1403 1018 1458 abhis
1077 1412 1256 1455 tamen
1308 1411 1475 1472 puto,
1522 1403 1611 1470 qui
1658 1401 1846 1454 dicunt
1895 1398 2038 1470 quod

472 1507 602 1553 ante
645 1497 936 1552 adventum
981 1493 1282 1549 Salvatoris
1333 1508 1438 1548 non
1480 1502 1597 1548 crat
1633 1493 1838 1546 veritas
1897 1491 2039 1561 apud

2153 481 2428 534 ἀκίνδυνον
2458 481 2515 532 ὲν
2543 479 2620 551 τῷ
2643 477 3035 544 ἀναγινώσκειν
3063 478 3302 550 εὐχερῶς
3336 477 3731 546 ἀποφαίνεσθαι

2153 575 2292 624 νοεῖν
2328 586 2398 625 τα
2431 571 2657 642 δεόμενα
2718 572 2817 642 τῆς
2871 571 3074 634 κλειδὸς
3118 570 3219 640 τῆς
3274 568 3528 638 γνώσεως
3591 569 3728 642 (9.4),

2151 665 2340 734 ἥντινα
2363 665 2391 717 ὁ
2417 665 2608 734 Σωτήρ
2636 681 2798 734 φησιν
2836 657 2974 716 εἶναι
3013 662 3163 732 παρά
3191 664 3304 725 τοῖς
3333 665 3594 732 νομικοῖς·
3634 661 3730 716 καὶ

2153 755 2642 825 ἀπαγγελλέτωσαν
2664 757 2712 808 oi
2750 755 2822 826 μὴ
2847 753 3160 825 βουλόμενοι
3189 752 3340 824 παρά
3361 755 3472 816 τοῖς
3502 753 3606 826 πρὸ
3630 754 3728 824 τῆς

2152 850 2444 922 ἐπιδημίας
2469 849 2561 902 τοῦ
2590 848 2823 921 Χριστοῦ
2853 846 2950 918 τὴν
2977 847 3233 919 ἀλήθειαν
3261 846 3575 917 τυγχάνειν,
3609 845 3729 910 πῶς

2151 941 2307 1012 ἠτῆς
2342 938 2593 1008 γνώσεως
2631 938 2776 1002 κλεὶς
2822 939 2927 992 ὑπὸ
2952 937 3046 991 τοῦ
3094 937 3298 1008 Κυρίου
3343 935 3502 1009 ἡμῶν
3551 937 3728 1008 Ἰησοῦ

2153 1032 2388 1104 Χριστοῦ
2406 1032 2624 1100 λέγεται
2649 1034 2779 1104 παρ’
2811 1032 3038 1095 ἐκείνοις
3055 1031 3341 1100 τυγχάνειν
3361 1031 3493 1093 τοῖς,
3524 1029 3599 1094 ὣς
3621 1047 3727 1100 φα-

2155 1140 2236 1175 σιν
2259 1122 2430 1184 αὐτοὶ,
2457 1124 2529 1192 μὴ
2547 1121 2726 1191 ἔχουσι
2752 1119 2970 1192 βίϐλους
2987 1119 3346 1192 περιεχούσας
3358 1118 3426 1172 τά
3441 1119 3726 1193 ἀπόρρητα

2148 1217 2247 1286 τῆς
2266 1215 2519 1283 γνώσεως
2553 1217 2646 1268 καὶ
2692 1215 2928 1285 παντελῆ
2958 1213 3261 1286 μυστήρια·
3294 1211 3406 1282 ἔχει
3426 1210 3535 1285 γὰρ
3554 1210 3728 1278 οὕτως

2145 1308 2178 1378 ἡ
2199 1304 2359 1370 λέξις·
2387 1325 2403 1357 ι
2428 1307 2560 1360 Οὐαὶ
2583 1307 2710 1377 ὑμῖν
2730 1310 2840 1371 τοῖς
2865 1309 3127 1378 νομικοῖς,
3146 1307 3226 1358 ὅτι
3248 1305 3415 1376 ἤρατε
3430 1304 3527 1376 τὴν
3547 1305 3728 1359 κλεῖδα

2147 1396 2246 1466 τῆς
2276 1395 2547 1465 γνώσεως,
2569 1397 2722 1450 αὐτοὶ
2743 1397 2843 1449 οὐκ
2865 1396 3135 1468 εἰσήλθετε
3156 1435 3170 1461 ,
3201 1395 3296 1448 καὶ
3329 1394 3456 1458 τοὺς
3485 1396 3727 1468 εἰσερχο-

2150 1491 2343 1561 μένους
2364 1489 2692 1544 ὲκωλύσατε.
2748 1509 2766 1542 ι

475 1611 569 1650 eos
594 1595 684 1664 qui
712 1593 767 1648 in
799 1593 914 1663 lege
937 1591 1334 1662 jversabantur,
1368 1587 1638 1656 quomodo
1696 1605 1724 1641 a
1781 1587 2007 1642 Domino
2044 1596 2228 1640 nostro
2301 1584 2430 1640 Jesu
2486 1584 2713 1640 Christo
2773 1586 3008 1650 dicatur,
3071 1588 3194 1657 quia
3247 1586 3428 1641 claves
3491 1587 3730 1641 scicntia?

471 1689 609 1758 apud
651 1687 768 1740 illos
795 1687 906 1739 sint
933 1685 1026 1754 qui
1062 1684 1230 1738 libros
1259 1683 1645 1752 pr0phetarum
1675 1690 1730 1735 et
1758 1680 1890 1749 legis
1921 1678 2196 1734 habebant
2242 1679 2294 1732 in
2333 1679 2601 1733 manibus.
2636 1677 2713 1731 Ita
2744 1679 2887 1733 enim
2953 1680 3090 1733 dixit
3123 1703 3134 1735 :
3165 1697 3184 1730 ι
3222 1681 3311 1734 Va:
3373 1683 3528 1736 vobis
3584 1683 3718 1752 legis

471 1782 788 1839 doctoribus
811 1780 903 1851 qui
932 1779 1130 1834 tulistis
1155 1777 1358 1832 clavem
1388 1776 1666 1848 scientiae;
1695 1776 1794 1845 ipsi
1819 1790 1924 1829 non
1959 1775 2248 1836 introistis,
2278 1783 2333 1828 et
2357 1773 2598 1828 volentes
2631 1773 2839 1827 intrare
2874 1773 3309 1838 prohibuistis”.
3348 1792 3367 1825 ι

545 1877 705 1948 168
729 1875 814 1932 ll.
850 1875 1082 1940 Verum,
1135 1882 1192 1926 ut
1246 1873 1426 1927 dicere
1471 1886 1810 1941 cmperamus
1835 1913 1850 1938 ,
1891 1873 2033 1927 viam
2067 1883 2110 1938 Β

471 1989 590 2040 qua:
622 1971 776 2026 nobis
811 1968 1028 2022 videtur
1060 1975 1206 2020 recta
1232 1980 1354 2022 esse
1384 1967 1450 2021 ad
1485 1965 1869 2036 intelligendas
1889 1965 2038 2022 Scri-

470 2075 655 2134 pturas
679 2073 734 2117 et
770 2075 990 2115 sensum
1016 2074 1202 2114 earum
1240 2058 1631 2128 requirendum
1661 2098 1676 2124 ,
1724 2058 2037 2128 hujnsmodi

467 2170 590 2209 csse
636 2151 990 2218 arbitramur,
1043 2149 1284 2204 sicutab
1325 2149 1440 2218 ipsa
1484 2147 1837 2205 nihilominus
1887 2149 2042 2204 Scri-

469 2257 648 2317 ptura,
707 2244 948 2316 qualiter
1009 2243 1077 2298 de
1129 2257 1193 2297 ea
1251 2243 1442 2297 sentiri
1496 2242 1714 2306 debeat,
1749 2243 2036 2298 docemur.

467 2340 622 2406 Apud
661 2335 1010 2392 Salomonem
1041 2333 1348 2388 invenimus
1379 2332 1430 2386 in
1463 2332 1780 2388 Proverbiis
1813 2331 1920 2387 tale
1945 2333 2046 2385 ali-

466 2433 596 2501 quid
629 2433 697 2486 de
726 2430 922 2486 divina:
952 2426 1250 2496 Scriptura:
1280 2426 1624 2482 observantia
1650 2425 1869 2495 praecipi
1895 2441 1910 2478 :
1932 2443 1951 2476 ι
1981 2423 2045 2477 Et

467 2535 547 2589 tu,
571 2524 783 2594 inquit,
835 2521 1084 2577 describe
1117 2519 1215 2574 tibi
1249 2521 1367 2574 [nec
1396 2518 1686 2581 tripliciter
1729 2519 1782 2573 in
1815 2516 2042 2573 consilio

467 2630 522 2671 et
559 2616 816 2679 scientia,
851 2625 906 2669 et
949 2624 1010 2668 ut
1045 2613 1380 2682 respondeas
1429 2611 1599 2666 verba
1649 2612 1904 2666 veritatis
1956 2611 2042 2664 his

469 2711 564 2781 qui
601 2707 991 2780 proposuerint
1032 2707 1186 2762 tibi‘.
1230 2724 1250 2757 ι
1303 2704 1617 2774 Tripliciter
1663 2718 1793 2772 ergo
1837 2704 2043 2759 descri-

468 2803 596 2855 here
647 2809 860 2870 oportet
916 2800 968 2853 in
1027 2798 1207 2852 anima
1264 2812 1361 2852 sua
1439 2795 1551 2868 (25)
1603 2808 2044 2864 unumquemque

467 2893 775 2946 divinarum
807 2891 1231 2961 intelligentiam
1269 2891 1599 2954 litterarum,
1644 2890 1696 2946 id
1726 2898 1808 2944 est
1836 2891 2043 2943 utsim-

471 2986 726 3052 pliciores
759 2984 962 3054 quique
992 2982 1327 3037 aediﬁcentur
1365 2983 1432 3036 ab
1483 2983 1602 3052 ipso
1629 3021 1644 3045 ,
1683 2991 1742 3036 ut
1787 2982 1859 3036 ita
1891 2980 2046 3036 dixe-

478 3079 601 3138 rim,
632 3091 864 3145 corpore
905 3076 1353 3146 Scripturarum;
1411 3075 1492 3129 sic
1530 3075 1673 3128 enim
1710 3074 2042 3145 appellamus

2222 1871 2288 1923 Ἦ
2321 1870 2497 1923 τοίνυν
2525 1869 2821 1940 φαινομένη
2853 1871 2984 1940 ἡμῖν
3005 1869 3123 1932 ὁδὸς
3153 1869 3250 1923 τοῦ
3289 1870 3404 1934 πῶς
3425 1870 3508 1924 δεῖ
3533 1870 3723 1942 ἐντυγ-

2143 1961 2331 2034 χάνειν
2368 1963 2488 2024 ταῖς
2537 1961 2812 2031 Γραφαῖς,
2849 1962 2941 2019 καὶ
2967 1962 3054 2014 τὸν
3091 1961 3212 2014 νοῦν
3245 1961 3422 2016 αὐτῶν
3452 1958 3724 2036 ἐκλαμϐἀο

2141 2071 2272 2118 νειν,
2293 2053 2411 2105 ἐστὶ
2451 2052 2701 2124 τοιαύτη,
2729 2052 2824 2104 ἀπ’
2851 2052 3032 2106 αὐτῶν
3064 2053 3176 2124 (25)
3226 2053 3334 2106 τῶν
3383 2053 3578 2123 λογῖων
3612 2055 3724 2123 ἐξι-

2143 2142 2467 2214 χνευομένη.
2520 2143 2679 2214 Παρά
2719 2141 2792 2212 τῷ
2834 2140 3136 2214 Σολομῶντι
3164 2147 3221 2197 ὲν
3257 2148 3371 2209 ταῖς
3397 2147 3726 2219 Παροιμίαις

2143 2233 2467 2309 εὑρίσκομεν
2487 2235 2697 2290 τοιοῦτὸ
2721 2253 2772 2289 τι
2807 2237 3281 2308 προστασσόμενον
3323 2241 3450 2310 περὶ
3493 2240 3601 2295 τῶν
3627 2257 3722 2310 γε·-

2141 2327 2479 2399 γραμμένων
2505 2327 2663 2381 θείων
2693 2327 2998 2399 δογμάτωνο
3031 2346 3050 2379 ι
3086 2328 3196 2380 Καὶ
3227 2330 3288 2382 σὺ
3323 2328 3378 2381 δὲ
3403 2330 3722 2400 ἀπόγραψαι

2143 2422 2283 2475 αὑτά
2307 2421 2545 2492 τρισσῶς
2569 2420 2683 2492 (26)
2713 2421 2770 2473 ἐν
2806 2419 2964 2491 βουλῇ
3005 2419 3098 2473 καὶ
3123 2419 3320 2489 γνώσει
3357 2419 3449 2473 τοῦ
3491 2421 3723 2493 ἀποκρί-

2144 2512 2338 2568 νασθαι
2366 2513 2555 2582 λόγους
2589 2513 2850 2586 ἀληθείας
2895 2516 3009 2577 τοῖς
3037 2513 3491 2586 προϐαλλομένοις
3535 2532 3638 2569 σοι.
3694 2533 3715 2568 ι

2144 2607 2352 2660 υὺκοῦν
2394 2606 2630 2678 τρισσῶς
2675 2603 3090 2678 ἀπογράφεσθαι
3125 2605 3205 2658 δεῖ
3250 2608 3330 2670 εἰς
3377 2607 3474 2677 τὴν
3524 2606 3720 2661 ἑαυτοῦ

2142 2701 2320 2774 ψυχὴν
2347 2701 2417 2754 τὰ
2449 2702 2557 2754 τῶν
2579 2701 2747 2770 ἁγίων
2775 2700 3116 2772 γραμμάτων
3137 2701 3226 2770 νοή
3238 2716 3401 2769 ματα’
3429 2700 3512 2752 ἵνα
3553 2702 3582 2752 ὁ
3624 2700 3722 2770 μὲν

2145 2792 2509 2864 ἁπλούστερος
2537 2791 2886 2862 οἰκοδομῆται
2919 2791 3027 2845 ἀπὸ
3051 2791 3150 2862 τῆς
3187 2792 3350 2844 οἱονεὶ
3394 2791 3594 2862 σαρκὸς
3623 2792 3720 2864 τῆς

2146 2887 2407 2958 Γραφῆς,
2450 2885 2622 2948 οὕτως
2659 2883 3031 2955 ὀνομαζόντων
3089 2883 3247 2954 ἡμῶν
3292 2883 3390 2956 τὴν
3433 2884 3720 2956 πρόχειρον

2145 2979 2390 3051 ἐκδοχήνο
2415 2980 2443 3031 ὁ
2469 2979 2524 3031 δὲ
2557 2979 2649 3032 ἐπὶ
2672 2979 2834 3032 ποσὸν
2861 2976 3233 3048 ἀναϐεϐηκὼς.
3260 2977 3481 3048 causa;
3509 2976 3722 3048 ώσπερο

2146 3074 2195 3126 ε).
2235 3073 2415 3144 ψυχῆς
2443 3073 2630 3144 αὑτῆςο
2665 3075 2692 3126 ὁ
2724 3073 2780 3126 δὲ
2822 3073 3022 3139 τέλειος
3070 3073 3164 3127 καὶ
3210 3075 3386 3148 ὅμοιος
3417 3077 3530 3136 τοῖς
3569 3071 3722 3144 παρὰ

479 3183 819 3222 communem
856 3167 1019 3221 istum
1072 3177 1128 3221 et
1185 3165 1522 3221 historialem
1578 3165 1944 3233 intellectum;
1996 3167 2039 3221 si

2149 3163 2225 3236 τῷ
2259 3165 2560 3236 Ἀποστὸλῳ
2590 3165 2920 3236 λεγομένοις
2963 3185 2980 3216 ι
3025 3165 3227 3234 Σοφίαν
3260 3165 3317 3218 δὲ
3349 3164 3616 3235 λαλοῦμεν
3661 3165 3719 3216 ἐν

469 3260 565 3329 qui
605 3274 736 3314 vero
766 3260 1102 3328 aliquantum
1161 3259 1276 3327 jam
1331 3259 1599 3328 prolicere
1647 3270 1953 3328 cmperunt,
1988 3271 2042 3316 et

473 3359 704 3420 possunt
739 3349 973 3418 amplius
1004 3349 1206 3417 aliquid
1237 3347 1458 3412 intueri,
1493 3348 1563 3402 ab
1606 3349 1719 3418 ipsa
1748 3348 2043 3418 Scripturze

471 3441 652 3495 anima
690 3439 1064 3502 aediﬁcentur;
1094 3437 1185 3507 qui
1213 3452 1341 3492 vero
1375 3437 1599 3506 perfecti
1629 3449 1777 3503 sunt,
1804 3449 1859 3493 et
1891 3438 2044 3494 sitni-

468 3533 546 3586 les
579 3531 662 3586 his
689 3532 755 3587 de
787 3531 980 3601 quibus
1004 3529 1293 3600 Apostolus
1319 3530 1482 3584 dicit:
1520 3548 1538 3580 ι
1573 3529 1910 3599 Sapientiam
1943 3547 2042 3584 au-

473 3639 579 3681 tem
628 3624 901 3695 loquimur
949 3624 1093 3680 inter
1125 3621 1421 3694 perfectos,
1484 3623 1812 3692 sapientiam
1861 3633 2042 3677 autem

2114 3293 2121 3299 -
2147 3258 2259 3320 τοῖς
2282 3255 2507 3319 τελείοις
2526 3296 2540 3320 ,
2574 3255 2763 3326 σοφίαν
2791 3257 2846 3310 δὲ
2885 3258 2944 3310 οὐ
2978 3256 3070 3309 τοῦ
3113 3257 3306 3320 αἰῶνος
3334 3257 3554 3320 τούτου,
3599 3255 3718 3310 οὐδὲ

2148 3347 2254 3401 τῶν
2283 3348 2556 3418 ἀρχόντων
2585 3348 2677 3401 τοῦ
2707 3348 2901 3411 αἰῶνος
2923 3348 3109 3401 τούτου
3141 3347 3251 3418 ('27)
3279 3347 3386 3401 τῶν
3416 3366 3720 3422 καταργου-

2153 3441 2350 3512 μένων,
2387 3441 2523 3496 ἀλλὰ
2545 3441 2810 3514 λαλοῦμεν
2837 3441 2970 3495 Θεοῦ
2994 3443 3184 3511 σοφίαν
3219 3443 3276 3494 ὲν
3313 3443 3590 3513 μυστηρίῳ
3621 3442 3720 3514 τὴν

2147 3533 2738 3605 ἀποκεκρυμμένην,ἢν
2767 3533 3071 3606 προώρισεν
3100 3537 3128 3587 ὁ
3156 3534 3288 3599 Θεὸς
3318 3535 3422 3608 πρὸ
3453 3536 3560 3606 τῶν
3585 3533 3718 3588 αἰώο

2101 3692 2106 3696 η
2149 3642 2252 3678 νων
2280 3627 2358 3686 είς
2385 3624 2540 3691 δόξαν
2573 3625 2751 3696 ἡμῶν,
2782 3645 2802 3678 ι
2853 3623 2962 3679 ἀπὸ
3002 3624 3092 3678 τοῦ
3133 3627 3502 3696 πνευματικοῦ
3549 3627 3716 3698 νόμου

1603 3749 1606 3752 <
1668 3734 2233 3812 ιΝτιῑιιριιΕΤΑΤιο
2270 3738 2476 3795 nova.

469 3837 550 3892 uti
585 3851 681 3904 per
741 3835 990 3892 foramen
1039 3835 1271 3888 maxima
1300 3843 1351 3887 et
1374 3831 1768 3902 quamplttrima
1809 3823 2143 3904 intelligendi
2176 3836 2456 3889 materiam
2489 3836 2722 3903 amplam
2752 3835 3062 3904 praebeant?
3097 3835 3227 3902 Quae
3256 3851 3377 3889 cum
3419 3835 3489 3889 ita
3527 3851 3584 3890 se
3619 3838 3718 3890 ha-

472 3909 656 3969 licuat,
692 3917 746 3959 et
775 3905 1241 3975 prope-innumeri
1273 3904 1550 3976 labantur,
1583 3918 1688 3956 non
1721 3905 1839 3957 sine
1865 3906 2113 3976 periculo
2147 3907 2271 3974 quis
2293 3906 3072 3976 pronuntiaverit'se'legendo
3100 3905 3404 3976 intelligere
3428 3923 3557 3974 quae
3584 3905 3722 3961 iudi-

474 3986 600 4044 ςιιιιι
627 3972 1176 4045 (ξιονῖἰηῐειιίειιιιιίςυ
1210 3988 1372 4042 quam
1402 3972 1656 4026 Salvator
1689 3989 1854 4041 penes
1890 3972 2228 4043 legiSpet-itos
2264 3972 2385 4028 esse
2412 3977 2510 4029 ait.
2542 3977 2732 4029 Dicant
2761 3972 2921 4045 enini
2948 3990 3078 4029 vero
3119 3976 3210 4042 qui
3243 3975 3430 4028 nolunt
3457 3972 3717 4044 apuder

471 4041 564 4112 qui
599 4047 803 4102 Christi
842 4041 1131 4098 adventum
1161 4041 1582 4112 pra-cesserunt,
1617 4047 1902 4096 veritatem
1933 4041 2231 4108 exstitisse,
2257 4061 2362 4114 quo
2398 4056 2552 4112 pacto
2582 4041 2826 4100 scientia:
2857 4047 3027 4100 clavis
3055 4062 3083 4099 a
3120 4041 3348 4099 Domino
3373 4041 3561 4100 nostro
3586 4045 3716 4102 Jesu

471 4119 692 4172 Christo
725 4117 929 4188 dicitur
968 4115 1110 4184 apud
1142 4129 1237 4188 eos
1263 4129 1384 4188 esse
1413 4114 1620 4188 qui,_ut
1644 4114 1744 4182 ipsi
1781 4114 2244 4188 aitintharehant
2271 4116 2427 4188 libris
2456 4133 2654 4188 arcana
2685 4117 2932 4171 scienti:e
2960 4126 3014 4170 et
3040 4115 3219 4188 omnis
3254 4117 3470 4188 generis
3508 4126 3716 4188 myste.

473 4192 555 4240 ria
591 4180 1109 4256 complectentilius.
1156 4183 1328 4258 Verba
1354 4180 1498 4258 enim
1534 4180 1648 4236 haec
1665 4180 1800 4258 sunt
1827 4199 1849 4258 :_
1881 4185 2031 4258 «Nae
2069 4184 2594 4258 vobisJegisperitis
2645 4188 2772 4256 quia
2807 4188 3009 4242 tulistis
3041 4180 3580 4250 clavem—scientia;
3617 4189 3716 4256 ipsi

471 4261 580 4314 non
617 4254 910 4320 introistis,
941 4266 1001 4311 et
1029 4270 1122 4309 eos
1147 4255 1239 4325 qui
1267 4255 1564 4307 introibant
1600 4254 1982 4320 prohibuistis.
2021 4274 2041 4307 ι
2325 4254 2344 4258 ⁷
2406 4254 2422 4257 “
2662 4254 2677 4256 “
3503 4291 3509 4298 .

483 4342 490 4356 ¹
547 4331 633 4385 il.
668 4328 764 4383 Via
805 4329 971 4398 igitur
1001 4341 1104 4396 qua
1140 4326 1501 4398 insistendum
1529 4325 1687 4398 nobis
1712 4325 1924 4398 videtur
1956 4327 2022 4398 a_d
2043 4327 2314 4398 legendas
2343 4336 2396 4380 et
2431 4326 2815 4396 intelligendas
2849 4326 3182 4398 Scripturas,
3216 4325 3478 4395 ejusmodi
3502 4338 3620 4398 est,
3650 4343 3717 4382 ex

473 4401 717 4470 ipsismet
755 4394 1160 4470 Sci-ipturarum
1197 4395 1438 4470 oraculis
1472 4394 1940 4470 intlagata._§ptul
1965 4394 2309 4470 Salomonem
2344 4398 2414 4470 in
2438 4394 2744 4470 Proverbiis
2798 4397 2928 4470 tale?
2965 4394 3256 4470 quippiam
3289 4397 3607 4470 praecipitur
3654 4401 3721 4451 de

474 4465 678 4525 divinis
714 4465 1004 4523 sententiis
1037 4469 1244 4536 scripto
1279 4465 1621 4531 consignatis
1659 4482 1674 4518 :
1712 4483 1730 4515 ι
1764 4465 1845 4536 Tu
1877 4481 2009 4520 vero
2045 4469 2292 4521 describe
2325 4469 2416 4520 tibi
2451 4468 2562 4520 haec
2592 4469 2879 4536 triplicitcr
2919 4469 2970 4522 in
3015 4465 3244 4521 consilio
3277 4465 3333 4520 et
3365 4465 3627 4526 scicntia.
3662 4481 3721 4520 ut

471 4541 1116 4611 respondeassermones
1151 4534 1397 4611 veritatis
1431 4536 1496 4587 ad
1530 4549 1592 4588 ca
1627 4534 1871 4611 qtitetihi
1901 4550 2296 4611 proponentur.
2326 4556 2355 4611 Δι
2394 4534 2686 4611 Trifariaiu
2721 4537 3354 4611 igiturdescribcndm-iu
3391 4549 3570 4611 incute
3592 4549 3719 4591 sunt

477 4606 791 4664 Sanctarum
818 4610 1124 4663 litterarqu
1153 4607 1436 4659 sententia:
1469 4622 1482 4656 :
1514 4617 1571 4657 ιιι
1608 4606 1912 4673 Simplicior
1945 4609 2188 4676 quidem,
2226 4609 2291 4660 ab
2325 4608 2438 4673 ipsa
2462 4607 2625 4662 veluti
2659 4621 2826 4660 carne
2858 4607 3184 4676 Scriptum,
3221 4624 3330 4674 quo
3367 4610 3588 4661 nomine
3615 4609 3718 4659 ub-

475 4685 626 4732 viutn
661 4679 775 4743 ejus
811 4693 1031 4731 sensum
1058 4677 1398 4745 appellamus
1426 4691 1439 4736 ;
1471 4676 1562 4742 qui
1584 4691 1727 4746 vero
1757 4677 2094 4744 aliquantum
2121 4679 2454 4739 ascenderit,
2475 4680 2542 4730 ah
2561 4679 2674 4745 ipsa
2699 4678 3098 4746 quodaminodo
3133 4678 3316 4730 anima
3342 4677 3492 4743 ejus;
3533 4677 3718 4746 perfe-

476 4760 599 4802 ctus
631 4761 810 4802 autem
856 4760 908 4801 et
942 4749 1008 4800 iis
1036 4743 1229 4799 similis
1253 4746 1319 4798 dc
1345 4743 1860 4817 quibusApostolns
1887 4749 1961 4817 ait
1997 4763 2010 4798 :
2047 4767 2065 4798 ι
2121 4749 2454 4817 Sapientiam
2510 4743 2784 4817 loquimur
2840 4749 2983 4801 inter
3036 4749 3342 4815 perfectos;
3393 4743 3716 4814 sapientiam

475 4831 654 4873 auium
690 4834 792 4870 non
827 4818 989 4886 hujus
1013 4818 1219 4878 saeculi,
1265 4831 1441 4881 neque
1476 4815 1780 4883 principum
1813 4815 1975 4882 hujus
2005 4815 2210 4871 saeculi
2265 4821 2358 4887 qui
2392 4815 2769 4885 destruantur,
2803 4822 2896 4874 sed
2940 4817 3214 4886 loquimur
3248 4820 3340 4871 llci
3393 4820 3718 4882 sapientiam

476 4891 530 4944 in
565 4888 821 4960 mysterio
851 4889 1226 4960 absconditam
1253 4901 1414 4960 quam
1448 4888 1858 4960 praedestinavit
1891 4889 2027 4960 [lens
2050 4899 2175 4943 ante
2204 4888 2404 4941 smcula
2442 4889 2496 4941 in
2527 4891 2751 4957 gloriam
2781 4903 3048 4952 neStraui,
3075 4910 3094 4942 ι
3125 4906 3154 4942 a
3193 4889 3309 4955 lege
3335 4889 3564 4957 spiritali
3590 4889 3723 4940 aedi-

473 4955 667 5014 licetur
703 4959 950 5010 umbraut
989 4959 1220 5028 habente
1255 4958 1558 5028 l'utururunt
1587 4955 1873 5028 honorum.
1913 4956 1982 5011 Ut
2020 4960 2162 5010 enim
2195 4960 2358 5012 homo
2388 4955 2876 5026 cortst'atcorpore,
2913 4963 3095 5013 anima
3155 4971 3210 5014 et
3274 4955 3493 5028 sini-itu.
3553 4961 3626 5011 ita
3662 4967 3720 5011 et

473 5033 760 5098 Scriptura
793 5044 914 5096 quae
936 5029 1118 5082 divina
1149 5026 1559 5094 dispensatione
1587 5027 1638 5077 in
1673 5031 1949 5080 hominum
1983 5028 2213 5082 Salutem
2239 5031 2367 5083 data
2400 5039 2506 5084 cst.
2541 5030 2775 5086 Proinde
2808 5047 2905 5086 nos
2935 5033 3080 5100 quod
3128 5026 3329 5084 dicitur
3375 5032 3430 5084 iu
3459 5029 3598 5082 libro
3627 5029 3717 5098 qui

545 5147 588 5180 ἐ’
613 5147 746 5203 Luc.
774 5163 849 5213 χι,
879 5147 968 5201 52.
1050 5148 1065 5178 ¹
1099 5145 1263 5208 Prov,
1290 5162 1426 5210 uti,
1457 5145 1544 5210 9.0,
1577 5145 1668 5198 ‘21.

547 5245 661 5317 (9.3)
695 5241 762 5317 lit
801 5243 980 5296 anima
1001 5259 1119 5317 sua.
1155 5242 1279 5296 llaec
1306 5244 1502 5295 desunt
1527 5242 1576 5317 in
1605 5241 1784 5317 editis.
1816 5241 1908 5294 sed
1938 5241 2034 5294 ha-
2071 5243 2118 5302 D
2156 5311 2168 5317 Α
2218 5238 2780 5317 (Ξϐλᾩιίιῃιιελίζθιίθκ
2810 5239 3030 5317 Regius,
3058 5243 3294 5316 τριχῶς,
3336 5257 3389 5299 et
3415 5244 3572 5316 paulo
3599 5253 3720 5314 post

470 5313 668 5374 bentur
727 5315 781 5368 in
827 5329 964 5368 mss.
1019 5313 1159 5366 lnl'ra
1213 5328 1382 5374 niss.,
1415 5329 1432 5359 ι
1476 5313 1566 5380 qtti
1603 5314 1970 5364 destrucutur.
2014 5329 2034 5361 ι

551 5387 665 5455 (24)
701 5385 792 5440 Sic
841 5387 949 5440 duo
980 5382 1139 5439 codd.
1177 5382 1352 5452 Regii.
1399 5380 1633 5435 Tarinus
1685 5397 1812 5434 vero
1853 5401 1868 5434 :
1918 5381 2040 5434 ota-

472 5456 748 5526 γνώσεως.

545 5530 653 5599 (9.5)
687 5530 774 5582 Sic
797 5543 904 5583 auo
920 5530 1076 5584 codd.
1099 5529 1270 5597 Regii.
1296 5529 1541 5592 Tarinus,
1568 5531 1623 5598 ἐξ
1651 5531 1846 5584 αὐτῶν.
1868 5533 2026 5597 Editi,

481 5618 499 5650 ι
549 5601 643 5667 qui
681 5599 1064 5672 dissolvuntur.
1109 5617 1131 5672 ξ
1167 5600 1286 5672 Mox
1333 5617 1486 5660 mss.,
1529 5622 1547 5652 c
1586 5603 1640 5656 in
1675 5601 1893 5672 gloriam
1929 5619 2029 5658 no-

475 5677 658 5723 stram.
696 5687 714 5720 ι
747 5670 904 5736 Editi,
944 5690 961 5723 ι
999 5671 1053 5724 in
1085 5669 1250 5743 gloria
1273 5679 1475 5726 nostra.
1509 5689 1530 5723 ι

2144 5309 2564 5432 ἀπογράψασθαι
2587 5311 2777 5389 λργους
2808 5311 3084 5382 ἀληθείας.

2223 5384 2276 5432 i2
2320 5380 2514 5432 ὶυυδὲ
2561 5399 2678 5432 των
2725 5384 3034 5432 ἀργόν-των
3061 5401 3084 5432 τ

2223 5380 2332 5454 (27)
2362 5380 2514 5435 Οὐδὲ
2561 5381 2678 5434 τῶν
2725 5380 3034 5451 ἀρχόντων
3061 5384 3169 5438 τοῦ
3217 5384 3430 5450 αἰῶνος
3475 5383 3713 5436 τούτου.

2151 5453 2276 5506 "sec
2300 5455 2689 5506 desiderantur
2725 5456 2776 5506 in
2815 5455 3059 5509 cuitimte
3083 5455 3295 5518 Turini,
3323 5461 3416 5508 sed
3449 5456 3745 5511 habentur,

2151 5525 2202 5576 iu
2222 5524 2410 5576 codice
2433 5523 2789 5593 Coisliniano.
2815 5523 2931 5577 Mox
2959 5528 3166 5593 primus
3185 5531 3355 5580 codex
3375 5526 3595 5592 lit-gius,
3617 5521 3719 5592 τὴν

2147 5590 2599 5667 καταργουμένην
2629 5608 2723 5661 pro
2746 5594 2855 5649 τῶν
2884 5590 3360 5667 καταργουμένων.
3395 5590 3534 5648 intra
3555 5590 3718 5658 idem,

2149 5662 2308 5718 σκιὰν
2335 5662 2698 5735 περιέχοντος.
