4014 6142
447 250 552 306 567

1671 249 1994 307 ORIGENIS
2029 253 2188 307 ΠΕΡΙ
2223 255 2454 308 ΑΡΧΩΝ

3579 246 3685 313 sca

447 386 544 440 pro
595 366 964 438 puriﬁcatione
1018 369 1324 425 Iudaeorum
1379 387 1470 426 sex
1527 372 1732 444 ltydriae
1778 375 2001 444 positae‘

2117 374 2208 429 τοῦ
2239 375 2398 442 λόγου
2441 376 2569 448 περὶ
2599 376 2703 428 τῶν
2734 375 2885 450 παρά
2911 374 2989 448 τῷ
3024 377 3329 450 Ἀποστόλῳ
3371 379 3430 433 ἐν
3459 381 3687 453 κρυπτῷ

445 462 721 532 capientes
762 470 1018 518 metretas
1067 462 1254 529 binas,
1303 461 1387 516 vel
1431 469 1633 530 ternas,
1671 464 1724 518 in
1777 480 1905 535 quo,
1954 475 2014 521 ut

445 553 579 620 dixi,
626 553 729 608 hoc
775 553 986 606 videtur
1032 568 1212 608 sermo
1262 555 1609 623 evangelicns
1655 555 1898 611 iudicare
1947 556 2014 612 de

444 645 530 699 bis
560 645 654 714 qui
702 644 954 699 dicuntur
996 643 1050 698 in
1091 645 1304 700 occulto
1349 647 1417 701 ab
1455 646 1710 715 Apostolo
1750 647 1920 702 Judaei
1967 649 2011 712 ⁸.

441 738 584 806 quod
635 735 688 790 hi
743 735 1096 804 purificentur
1155 753 1250 804 per
1295 737 1518 792 verbum
1569 738 1884 810 Scriptum,
1922 757 2015 796 ca-

442 834 652 900 pientes
711 832 984 886 interdum
1023 831 1242 902 quidem
1297 833 1434 888 duas
1483 844 1762 898 metretas,
1823 835 1875 890 id
1931 844 2015 890 est

379 932 385 946 ³
439 925 638 977 animm
669 922 754 976 vel
791 922 1015 992 spiritus
1051 923 1352 979 secundum
1387 927 1528 994 quod
1560 941 1722 993 supra
1752 927 2010 993 diximus,

433 1013 777 1068 intellectum
809 1013 1172 1083 recipientes;
1213 1014 1482 1069 interdum
1513 1024 1693 1071 autem
1724 1025 1858 1079 tres,
1887 1031 2009 1071 cum

428 1106 603 1176 etiam
651 1105 989 1174 corporalem
1020 1106 1453 1176 intelligentiam,
1483 1122 1603 1176 qua:
1633 1118 1713 1162 est
1749 1108 2009 1172 historia},

411 1213 658 1252 -servare
708 1198 874 1252 lectio
918 1198 986 1252 ad
1027 1198 1444 1254 aadiiicationcm
1489 1209 1684 1267 potest.
1731 1200 1836 1253 Sex
1884 1215 2011 1255 vero

435 1288 641 1358 hydria:
668 1296 1066 1358 consequenter
1093 1287 1211 1359 (57)
1249 1289 1408 1343 dicta:
1449 1299 1573 1344 sunt
1607 1290 1673 1344 de
1711 1289 1796 1343 his
1825 1291 1916 1358 qui
1958 1290 2010 1344 in

437 1382 643 1436 mundo
695 1381 855 1450 positi
909 1380 1281 1450 puriﬁcantur.
1342 1381 1397 1434 In
1457 1395 1555 1434 sex
1614 1379 1760 1435 enim
1821 1379 2010 1435 diebus

427 1474 550 1544 (qui
577 1473 845 1542 perfectus
871 1481 954 1526 est
979 1473 1256 1541 numerus)
1289 1472 1548 1525 mundum
1575 1471 1718 1526 hunc
1745 1477 1798 1525 et
1826 1472 2006 1526 omnia

433 1579 556 1634 quae
596 1565 647 1617 in
679 1578 742 1618 eo
765 1575 891 1618 sunt
917 1562 1147 1634 legimus
1167 1572 1564 1618 consummata.
1600 1563 1814 1629 Quanta
1844 1564 2008 1634 igitur

435 1661 506 1711 sit
542 1655 746 1710 utilitas
772 1655 824 1709 in
863 1656 966 1710 hoc
999 1655 1173 1725 primo
1204 1670 1367 1724 quem
1396 1654 1631 1708 diximus
1658 1655 1816 1724 170
1843 1654 2009 1710 histo-

2128 466 2411 532 Ἰουδαίων,
2447 468 2520 531 ὡς
2554 467 2658 540 ἀρα
2690 463 2830 523 οὗτοι
2871 468 3252 542 καθαρίζονται
3289 469 3376 526 διὰ
3401 471 3494 526 τοῦ
3526 472 3686 540 λόγου

2112 557 2221 610 τῶν
2259 559 2512 630 Γραφῶν,
2551 561 2682 620 ὅπου
2723 561 2822 631 μὲν
2869 560 2961 615 δύο
3005 562 3297 634 μετρητὰς,
3345 562 3457 627 τὸν,
3503 561 3679 616 ἵνόὑ-

2113 666 2220 712 τως
2243 649 2403 714 εἴπω,
2431 649 2658 720 ψυχικὸν
2702 651 2914 706 καὶτὸν
2963 650 3330 723 πνευματικὸν
3375 651 3532 723 λόγον
3577 671 3687 726 χω-

2116 743 2380 813 ρούντων·
2419 744 2550 796 ὅπου
2581 743 2636 796 δὲ
2662 748 2830 814 τρεῖς,
2857 745 2978 796 ἐπεί
3011 761 3152 807 τινες
3184 743 3364 815 ἔχουσι
3412 745 3548 816 πρὸς
3573 747 3687 808 τοῖς

2114 834 2526 906 προειρημένοις
2580 834 2691 905 (58)
2741 835 2835 888 καὶ
2876 835 2938 888 τὸ
2985 837 3293 906 σωματικὸν
3337 836 3684 908 οἰκοδομῆσαι

2112 925 2425 996 δυνάμενον.
2467 926 2563 990 Ἓξ.
2608 927 2664 979 δὲ
2715 925 2891 997 ὑδρίαι
2931 928 3166 996 εὐλόγως
3214 928 3321 980 εἰσὶ
3358 931 3469 993 τοῖς
3504 931 3562 982 ἐν
3607 926 3684 1000 τῷ

2111 1017 2298 1088 κόσμῳ
2327 1017 2790 1090 καθαριζομένοις,
2822 1021 3098 1090 γενομένῳ
3128 1020 3240 1092 (39)
3274 1023 3330 1074 ἐν
3355 1021 3684 1094 ἐξ,ήμέραις

2112 1109 2325 1181 ἀριθμῷ
2368 1110 2577 1182 τελείῳ.
2635 1111 2764 1164 Ἀπὸ
2809 1112 2906 1182 μέν
2947 1107 3038 1166 οὖν
3081 1111 3179 1182 τῆς
3211 1111 3432 1185 πρώτης
3459 1113 3683 1185 ἐκδοχῆς

2123 1200 2218 1252 καὶ
2248 1201 2388 1254 κατὰ
2417 1201 2574 1254 τοῦτο
2605 1202 2935 1274 ὠφελούσης,
2957 1205 3038 1256 ὅτι
3081 1204 3224 1257 ἔστιν
3266 1203 3509 1270 ὄνασθαι,
3543 1223 3684 1279 μαρ-

2108 1293 2264 1362 τυρεῖ
2285 1292 2353 1346 τὰ
2378 1293 2556 1365 πλήθη
2587 1295 2692 1348 τῶν
2728 1297 2962 1367 γνησίως
2985 1298 3078 1351 καὶ
3111 1298 3476 1371 ἁπλούστερον
3524 1317 3683 1352 πεπι-

2111 1381 2410 1436 στευκότων
2433 1400 2447 1412 ·
2492 1384 2590 1455 τῆς
2618 1384 2673 1438 δὲ
2702 1385 2777 1448 ὡς
2805 1385 2870 1439 ἂν
2901 1390 2979 1452 εἰς
3002 1388 3178 1462 ψυχὴν
3207 1391 3548 1461 ἀναγομένης
3570 1392 3680 1464 (40)

2110 1471 2435 1546 διηγήσεως,
2487 1477 2834 1548 παράδειγμα
2880 1481 2938 1532 τὸ
2984 1481 3134 1552 παρά
3179 1481 3255 1552 τῷ
3291 1483 3486 1554 Παύλῳ
3517 1487 3574 1537 ἐν
3611 1486 3679 1559 τῇ

2105 1563 2298 1639 πρώτῃ
2329 1567 2464 1638 πρὸς
2505 1568 2820 1640 Κορινθίους
2854 1571 3119 1642 κείμενον.
3157 1592 3176 1624 ι
3215 1574 3524 1646 Γέγραπται
3550 1578 3680 1650 γὰρ,

2108 1659 2292 1728 φησιν,
2322 1660 2394 1711 Οὑ
2444 1661 2706 1730 φιμώσεις
2735 1662 2858 1734 βοῦν
2908 1663 3170 1719 ἀλοῶντα.
3209 1684 3226 1717 ι
3290 1667 3520 1722 Ἔπειτα
3564 1670 3680 1742 διη-

434 1749 554 1802 riali
595 1747 900 1812 intellectu,
934 1745 1248 1800 testimonio
1275 1755 1360 1799 est
1387 1745 1630 1798 omnium
1659 1745 2001 1798 credentium

2110 1749 2376 1820 γούμενος
2427 1753 2614 1806 τοῦτον
2666 1755 2754 1808 τὸν
2789 1756 2951 1826 νόμον
3004 1757 3133 1827 (il),
3185 1760 3467 1831 ἐπιφέρειο
3519 1781 3536 1814 ι
3584 1734 3677 1837 Mi;

436 1840 749 1903 multitudo,
779 1854 896 1909 quae
925 1846 981 1894 et
1013 1839 1148 1894 satis
1177 1837 1406 1891 ﬁdeliter
1433 1848 1488 1892 et
1521 1837 1845 1908 simpliciter
1879 1854 1997 1892 cre-

436 1935 537 1996 dit,
583 1946 682 1987 nec
728 1932 898 1986 multa
928 1931 1229 1986 assertione
1275 1930 1481 2001 indiget
1505 1933 1647 2000 quod
1678 1932 1850 2001 palam
1884 1947 2003 1985 om-

433 2024 594 2078 nibus
641 2033 807 2094 patet.
863 2022 992 2091 Ejus
1045 2037 1173 2075 vero
1224 2021 1591 2092 intelligentia:
1640 2036 1802 2090 quam
1856 2023 2003 2077 velut

433 2115 666 2169 animant
723 2121 844 2175 esse
898 2110 1194 2182 Scriptura:
1243 2127 1407 2182 supra
1455 2112 1726 2179 diximus,
1760 2114 2001 2184 exempla

431 2207 592 2261 nobis
620 2205 1019 2277 quamplurima
1071 2205 1220 2260 dedit
1269 2205 1550 2275 apostolus
1594 2205 1814 2272 Paulus,
1861 2208 2004 2262 sicut

430 2310 513 2354 est
563 2299 616 2353 in
652 2299 824 2369 prima
854 2297 1094 2368 Epistula
1135 2297 1201 2368 ad
1233 2297 1572 2353 Corinthios.
1611 2299 1885 2368 Scriptum
1921 2309 2004 2355 est

429 2393 574 2445 enim
623 2407 638 2444 :
685 2409 703 2442 ι
761 2390 877 2446 Non
926 2393 1226 2448 iul‘renabis
1269 2395 1460 2448 bovem
1511 2395 1854 2449 triturantem
1890 2395 1931 2450 ⁸.
1975 2413 1996 2447 ι

2107 1841 2217 1894 τῶν
2251 1842 2386 1912 βοῶν
2419 1843 2565 1914 μέλει
2587 1844 2662 1916 τῷ
2686 1845 2840 1918 Θεῷ;
2875 1848 2946 1899 ’Ἡ
2978 1848 3043 1900 δι’
3076 1851 3220 1920 ἡμᾶς
3259 1851 3474 1917 πάντως
3497 1853 3676 1924 λέγεις

2108 1934 2184 1985 Δι’
2216 1935 2361 2004 ἡμᾶς
2397 1935 2504 2006 γὰρ
2543 1937 2775 2008 ἐγράφη,
2809 1939 2890 1991 ὃτι
2922 1938 3122 2008 ὀφείλει
3156 1941 3241 1992 ἐπ’
3269 1942 3444 1996 ἐλπίδι
3482 1946 3509 1997 6
3549 1947 3677 2017 ἀρο-

2108 2025 2274 2096 τριῶν
2304 2027 2582 2099 ἀροτριᾷν,
2617 2031 2710 2082 καὶ
2750 2031 2778 2082 ὁ
2829 2031 3001 2084 ἀλοῶν
3038 2033 3122 2085 ἐπ’
3158 2032 3330 2087 ἐλπίδι
3374 2034 3468 2089 τοῦ
3515 2038 3677 2107 μετέο

2107 2135 2240 2188 χειν.
2284 2137 2301 2170 ι
2341 2120 2449 2172 Καὶ
2493 2121 2738 2175 πλεῖσται
2769 2122 2824 2176 δὲ
2873 2125 3298 2197 περιφερόμεναι
3330 2131 3443 2192 τοῖς
3482 2129 3678 2202 πλήθε-

2109 2226 2190 2261 σιν
2252 2210 2583 2281 ἀρμόζουσαι
2635 2213 2922 2284 ἑρμηνεῖαι
2987 2216 3079 2268 καὶ
3130 2217 3505 2289 οἰκοδομοῦσαι
3549 2222 3676 2285 τοὺς

2109 2301 2450 2374 ὑψηλοτέρων
2487 2304 2702 2357 ἀκούειν
2735 2304 2808 2376 μὴ
2841 2305 3185 2377 δυναμένους,
3235 2309 3328 2364 τὸν
3369 2311 3525 2365 αὑτόν
3556 2329 3676 2376 πως

2109 2394 2290 2465 ἔχουσι
2317 2397 2656 2468 χαρακτῆρα.

429 2489 582 2543 Τιιηε
625 2488 822 2544 deinde
867 2489 1162 2558 explanans
1204 2489 1440 2558 qualiter
1495 2501 1820 2561 praeceptum
1876 2491 2018 2545 istud
2073 2491 2292 2546 deberet
2326 2491 2568 2559 intelligi,
2615 2492 2763 2547 addit
2808 2494 3039 2552 dicens:
3078 2514 3098 2549 ι
3143 2495 3390 2564 Nunquid
3451 2498 3519 2552 de
3569 2497 3672 2552 bo-

428 2588 528 2641 bus
561 2601 689 2641 cura
739 2597 821 2642 εει
871 2587 1015 2642 Ι)εοῖ
1061 2589 1144 2641 An
1177 2595 1396 2656 propter
1442 2603 1540 2642 nos
1587 2589 1772 2658 utique
1816 2586 2234 2658 dieit?Pr0pter
2258 2601 2356 2644 nos
2385 2589 2527 2642 enim
2556 2590 2820 2660 scriptum
2883 2602 2988 2659 εει,
3047 2593 3171 2662 quia
3219 2594 3374 2649 debet
3418 2594 3507 2662 qui
3555 2601 3676 2648 arat

430 2681 481 2732 iu
523 2695 620 2748 spe
673 2695 853 2746 arare,
912 2688 967 2736 et
1025 2680 1116 2749 qui
1165 2681 1404 2746 triturat,
1470 2681 1522 2734 in
1572 2695 1666 2749 spe
1714 2680 2067 2751 percipiendi.
2123 2699 2142 2732 ι
2179 2680 2283 2735 Sed
2353 2690 2408 2734 et
2472 2681 2576 2734 alia
2625 2681 2928 2750 ltujusmodi
2965 2685 3358 2754 quamplurima
3403 2697 3522 2754 quae
3567 2683 3673 2737 hoc

424 2773 585 2831 modo
639 2782 766 2828 sunt;
814 2776 1170 2843 interpretata
1233 2776 1299 2828 de
1355 2773 1503 2844 lege,
1540 2774 1948 2829 instructionem
1989 2772 2439 2844 quamplurimam
2469 2773 2812 2828 audientibus
2840 2773 3148 2829 conferunt.

499 2869 586 2929 15,.
621 2865 893 2937 Spiritalis
928 2876 1105 2920 autem
1139 2864 1451 2934 explanatio
1491 2874 1573 2920 est
1615 2865 1758 2931 talis,
1785 2865 1829 2918 si
1875 2865 1995 2934 quis

427 2967 605 3027 potest
629 2958 922 3013 ostendere
961 2972 1193 3029 quorum
1231 2958 1538 3012 ccelestium
1591 2957 1994 3027 exemplaribus

2172 2861 2522 2934 Πνευματικὴ
2572 2863 2628 2916 δὲ
2673 2864 2922 2935 διήγησις
3077 2864 3359 2938 δυναμένῳ
3399 2863 3672 2931 ἀποδεῖξαι

2100 2954 2267 3008 ποίων
2324 2956 2658 3027 ἐπουρανίων
2707 2957 3060 3028 ὑποδείγματι
3104 2958 3196 3011 καὶ
3261 2960 3388 3031 σκιᾷ
3433 2960 3482 3012 οἱ
3531 2957 3670 3013 κατά

427 3060 482 3102 et
515 3048 717 3104 umbrae
749 3047 1060 3102 deserviunt
1093 3049 1146 3102 hi
1183 3049 1273 3118 qui
1314 3049 1610 3103 secundant
1646 3063 1866 3103 carnem
1898 3045 1994 3100 Ju-

2107 3051 2279 3120 σάρκα
2343 3049 2580 3103 Ἰουδαῖοι
2629 3050 2953 3122 ἐλάτρευονο
3009 3054 3100 3105 καὶ
3154 3053 3312 3106 τίνων
3374 3053 3670 3124 μελλόντων

427 3144 526 3195 dmi
551 3149 695 3204 sunt,
726 3147 779 3194 et
810 3153 1036 3207 quorum
1071 3138 1376 3192 futurorum
1415 3139 1659 3194 umbram
1699 3140 1783 3194 lex
1811 3140 1992 3202 habet,

426 3245 481 3289 et
510 3233 686 3304 siqua
716 3233 1025 3302 bujusmodi
1061 3234 1114 3287 in
1148 3233 1449 3302 Scripturis
1472 3235 1675 3288 sanctis
1707 3235 1994 3289 inveniun-

428 3341 548 3395 tur;
597 3326 681 3382 vel
735 3341 859 3382 eum
913 3326 1209 3395 requiritur
1239 3340 1358 3395 quin
1398 3327 1469 3381 sit
1505 3327 1595 3381 illa
1642 3329 1911 3396 sapientia
1942 3329 1993 3382 in

426 3423 690 3493 mysterio
733 3421 1048 3475 abscondita
1101 3439 1121 3472 ι
1178 3434 1339 3488 quam
1386 3420 1792 3491 praedestinavit
1853 3422 1995 3477 Deus

425 3523 550 3568 ante
578 3513 772 3570 smcula
799 3513 850 3566 in
889 3511 1116 3581 gloriam
1154 3522 1420 3578 nostram,
1454 3527 1616 3582 quam
1651 3527 1808 3566 nemo
1844 3513 1996 3582 prin-

423 3607 607 3674 cipum
668 3604 828 3674 lmjus
874 3603 1055 3658 satculi
1089 3604 1425 3674 cognovit";
1486 3623 1503 3654 ι
1556 3603 1635 3658 vel
1673 3604 1801 3658 illttd
1849 3605 1992 3674 quod

421 3701 557 3753 dicit
589 3697 704 3767 ipse
737 3695 1052 3765 Apostolus,
1079 3712 1206 3752 cum
1245 3697 1508 3766 exemplis
1535 3697 1854 3767 quibusdam
1888 3700 1993 3752 uti-

425 3803 511 3844 tur
555 3792 621 3845 de.
670 3788 875 3854 Exodo,
906 3788 992 3843 vel
1037 3789 1310 3852 Numeris,
1349 3800 1402 3842 et
1449 3790 1522 3843 ait
1566 3790 1691 3858 quia
1735 3807 1753 3841 ι
1795 3792 1907 3844 hzec
1937 3791 1988 3843 in

427 3887 598 3950 tigura
645 3881 1039 3949 contingebant
1084 3879 1210 3946 illis,
1259 3881 1459 3948 scripta
1493 3889 1620 3934 sunt
1651 3891 1828 3935 autem
1867 3897 1989 3948 pro-

425 3984 546 4041 pter
578 3985 673 4024 nos
701 3970 753 4022 in
788 3955 929 4040 quos
959 3969 1092 4023 ﬁnes
1119 3970 1437 4024 sreculorutn
1482 3970 1818 4024 devenerunt
1859 3969 1910 4034 ⁸;
1963 3987 1983 4019 ι

423 4073 479 4116 et
511 4063 856 4120 occasionem
887 4061 1043 4116 nobis
1081 4071 1306 4132 prmstat
1341 4061 1728 4130 intelligentire,
1777 4069 1833 4114 ut
1861 4075 1988 4130 pos-

2101 3141 2322 3210 ἀγαθῶν
2368 3143 2395 3194 6
2440 3143 2602 3214 νόμος
2650 3141 2761 3214 ἔχει
2811 3141 2989 3200 σκιάν.
3039 3143 3148 3196 Καὶ
3196 3144 3530 3209 ἁπαξαπλῶς
3579 3147 3671 3200 ἐπὶ

2102 3237 2316 3289 πάντων
2346 3235 2484 3289 κατὰ
2519 3237 2616 3308 τὴν
2658 3235 3014 3307 ἀποστολικὴν
3056 3237 3382 3305 ἐπαγγελίαν
3412 3235 3671 3309 ζητητέον

2102 3325 2295 3396 σοφίαν
2351 3327 2407 3379 ἐν
2465 3326 2747 3397 μυστηρίῳ
2792 3326 2889 3398 τὴν
2946 3329 3473 3398 ἀποκεκρυμμένην,
3527 3348 3546 3381 ι
3603 3330 3670 3400 ἢν

2095 3417 2400 3490 προώρισεν
2426 3421 2454 3471 6
2488 3417 2620 3481 Θεὸς
2646 3420 2750 3492 πρὸ
2789 3419 2894 3472 τῶν
2931 3419 3139 3473 αἰώνων
3161 3423 3239 3484 εἰς
3265 3420 3420 3486 δόξαν
3448 3422 3558 3475 τῶν
3589 3423 3668 3476 δι-

2093 3509 2297 3563 καίων·
2341 3511 2408 3580 ἣν
2447 3509 2620 3572 οὐδεὶς
2662 3509 2770 3562 τῶν
2817 3510 3088 3580 ἀρχόντων
3129 3511 3221 3563 τοῦ
3255 3510 3444 3574 αἰῶνος
3479 3512 3668 3565 τούτου

2093 3601 2315 3668 ἔγνωκε.
2356 3620 2373 3652 ι
2421 3602 2557 3672 Φησὶ
2604 3600 2659 3652 δέ
2703 3618 2805 3653 που
2846 3602 2874 3652 6
2913 3601 3072 3664 αὑτὸς
3111 3601 3427 3666 Ἀπόστολος
3464 3603 3670 3674 χρησά-

2103 3693 2261 3763 μενός
2289 3710 2398 3745 τισι
2447 3695 2629 3764 ῥητοῖς
2680 3694 2786 3746 ἀπὸ
2836 3694 2935 3764 τῆς
3001 3693 3208 3760 Ἐξόδου
3265 3694 3374 3764 (4⁸2)
3413 3696 3507 3747 καὶ
3555 3695 3665 3748 τῶν

2111 3783 2402 3856 Ἀριθμῶν,
2430 3785 2511 3837 ὅτι
2548 3803 2566 3835 ι
2606 3784 2779 3838 ταῦτα
2804 3784 3045 3849 τυπικῶς
3069 3785 3374 3838 συνέϐαινεν
3404 3786 3661 3850 ἐκείνοις·

2095 3876 2308 3946 ἐγράφη
2339 3875 2394 3928 δὲ
2423 3877 2487 3928 δι’
2509 3877 2654 3946 ἡμᾶς
2681 3879 2759 3939 εἰς
2795 3877 2897 3940 οὓς·
2918 3877 2987 3930 τὰ
3016 3877 3141 3946 τέλη
3165 3876 3270 3930 τῶν
3297 3876 3506 3930 αἰώνων
3532 3894 3669 3931 κατ-

2093 3970 2312 4036 ήντηκε.
2371 3986 2390 4018 ι
2453 3969 2561 4021 Καὶ
2612 3968 2867 4038 ἀφορμὰς
2912 3969 3092 4021 δίδωσι
3141 3967 3233 4021 τοῦ
3276 3969 3436 4022 τίνων
3485 3971 3666 4022 ἐκεῖνα

2093 4057 2251 4110 τύποι
2281 4059 2591 4130 ἐτύγχανον,
2610 4059 2782 4128 λέγων
2806 4077 2818 4089 ·
2857 4079 2876 4111 ι
2904 4061 3125 4113 Ἐπινον
3151 4060 3259 4131 γὰρ
3281 4061 3345 4112 ἐκ
3372 4078 3668 4130 πνευματι-

423 4159 594 4227 simus
623 4155 909 4210 advertere
939 4167 1168 4224 quorum
1209 4153 1398 4224 ﬁgurae
1418 4161 1573 4223 erant
1606 4153 1708 4206 ista
1741 4167 1862 4220 quae
1887 4152 1990 4206 illis

2107 4149 2198 4219 ιῆς
2237 4151 2631 4223 ἀκολουθούσης
2687 4152 2892 4222 πέτρας
2930 4151 3062 4224 (45),
3107 4155 3140 4224 ἡ
3184 4152 3240 4206 δὲ
3286 4153 3462 4226 πέτρα
3510 4149 3578 4224 ἦν
3633 4155 3664 4208 6

1624 4263 2184 4321 lNTERPRETATlO
2217 4266 2430 4322 NOVA.

426 4361 710 4415 involucra
733 4360 1048 4428 designatur
1081 4372 1173 4411 eos
1199 4355 1289 4425 qui
1345 4356 1481 4424 apud
1509 4357 1822 4428 Apostolum
1861 4357 1912 4406 in
1946 4353 2159 4409 occulto
2205 4356 2373 4411 Judaei
2407 4367 2554 4420 sunt,
2582 4357 2856 4428 puriiicari
2888 4371 2984 4425 per
3010 4355 3340 4425 Scripturas,
3377 4357 3665 4426 aliquando

425 4435 586 4486 binas
622 4427 883 4485 metretas
917 4429 1216 4496 capientes,
1249 4427 1300 4480 id
1347 4436 1451 4494 est,
1491 4436 1547 4480 ut
1579 4427 1660 4480 sic
1704 4427 1900 4489 dicam,
1925 4429 2175 4496 animam
2224 4438 2278 4480 et
2324 4427 2618 4496 spiritum;
2667 4429 2961 4496 aliquando
3007 4437 3204 4487 ternas,
3240 4443 3361 4484 eum
3393 4429 3664 4484 nonnulla:

421 4513 622 4567 praeter
651 4502 931 4571 praedicta,
966 4494 1199 4571 habeant
1249 4501 1642 4571 etiamgeorpus
1682 4499 1824 4571 quod
1858 4494 2132 4549 aediﬁcare
2177 4494 2378 4571 potest.
2429 4498 2536 4571 Sex
2581 4494 2775 4571 autem
2813 4498 3015 4568 Itydrize
3058 4498 3251 4571 merito
3297 4507 3440 4571 sunt
3463 4512 3564 4567 pro
3597 4500 3662 4552 iis

424 4566 518 4640 qui
568 4572 622 4640 in
654 4566 868 4624 'mundo
901 4569 1262 4638 purilicautur
1305 4569 1520 4621 condito
1552 4582 1647 4621 sex
1684 4569 1895 4640 diebus,
1935 4581 2164 4640 numero
2213 4566 2471 4640 perfecto.
2505 4566 2741 4640 Primam
2793 4566 2922 4640 ergo
2940 4567 3341 4640 expositionem
3373 4566 3533 4621 etiam
3567 4583 3664 4636 per

427 4637 483 4694 si:
516 4639 702 4691 utilem
738 4653 860 4692 esse
895 4652 1073 4706 posse,
1111 4647 1341 4690 testatur
1367 4653 1552 4690 eorum
1587 4637 1878 4709 multitudo
1920 4637 2010 4705 qui
2051 4637 2366 4709 iugenueet
2413 4638 2733 4709 simpliciter
2764 4637 3156 4709 credideruttt;
3206 4637 3349 4709 illius
3381 4651 3512 4690 vero
3539 4653 3662 4709 qua:

422 4709 592 4762 veluti
647 4710 712 4762 ad
744 4705 979 4761 animam
1019 4709 1208 4760 referri
1260 4716 1461 4771 potest,
1494 4707 1799 4773 exen'tplum
1837 4717 1924 4759 est
1975 4705 2128 4774 quod
2164 4707 2302 4773 apud
2339 4705 2565 4759 Paulum
2618 4707 2668 4759 in
2717 4710 2890 4775 prima
2934 4709 2999 4760 ad
3031 4705 3352 4761 Corinthius
3404 4705 3658 4762 habetur.

428 4800 448 4830 ε
486 4780 764 4846 Scriptum
812 4787 897 4831 est
939 4778 1103 4840 enim,
1143 4777 1336 4843 inquit,
1376 4776 1491 4846 Non
1545 4776 1785 4844 alligabis
1832 4792 1892 4828 os
1938 4775 2058 4829 bovi
2097 4777 2389 4830 trituranti.
2447 4796 2464 4828 ι
2505 4778 2723 4846 Deinde
2755 4777 2928 4845 legem
2977 4778 3113 4830 hanc
3144 4779 3422 4845 explicans
3465 4779 3660 4832 addit:

429 4867 449 4900 ι
487 4845 741 4916 l‘tunquid
791 4851 857 4902 de
890 4849 1062 4901 bobus
1091 4861 1220 4898 cura
1267 4859 1350 4899 est
1388 4845 1534 4899 Deo?
1582 4849 1663 4898 Att
1697 4857 1915 4916 propter
1945 4859 2042 4898 nos
2076 4847 2259 4914 utique
2310 4847 2414 4900 hoc
2461 4845 2631 4901 dicit?
2680 4845 2812 4916 Nam
2864 4856 3086 4916 propter
3131 4861 3231 4900 "03'
3269 4851 3530 4914 scriptum
3578 4857 3660 4912 est

423 4909 678 4988 quoniam
714 4919 874 4972 debet
905 4918 957 4969 in
983 4931 1085 4988 rspe
1120 4916 1211 4985 qui
1238 4925 1375 4988 arat,
1407 4925 1661 4988 arare,_e‘t
1697 4909 2044 4988 qui—triturat
2091 4917 2143 4968 itt
2174 4909 2272 4988 spe
2315 4917 2668 4988 percipiendi.
2708 4934 2729 4968 ι
2767 4909 2900 4970 Tum
2937 4909 3180 4988 plurima:
3219 4930 3338 4986 qua:
3366 4909 3664 4988 circumfe-

425 4984 622 5044 runtur
659 4984 1408 5058 multitudiniacwntmodm,
1438 4996 1492 5039 et
1521 4984 1850 5039 aedificantes
1877 5000 1976 5040 eos
2016 4988 2107 5055 qui
2138 4987 2333 5040 altiora
2365 4984 2663 5058 intelligere
2704 4996 2996 5056 nequeunt,
3037 4984 3533 5056 interpretationes.
3563 5002 3662 5042 ea-

423 5063 545 5115 dem
576 5057 966 5126 propomodum
994 5056 1168 5110 (arma
1199 5065 1253 5109 et
1276 5058 1599 5109 charactere
1626 5064 1772 5108 sunt.
1949 5125 1957 5126 ί
2323 5114 2326 5120 ,
2542 5056 2561 5058 “
2817 5115 2821 5119 ι

497 5124 586 5183 15.
625 5131 696 5180 Αι
725 5125 992 5195 spiritalis
1020 5128 1289 5194 expositio
1322 5126 1460 5178 illius
1493 5135 1576 5179 est
1627 5127 1840 5194 propria
1871 5125 1960 5195 qui
1995 5126 2377 5180 demonstrare
2419 5135 2594 5194 potest
2619 5140 2846 5195 quarum
2890 5124 3196 5180 cmlestium
3247 5141 3426 5180 rerum
3465 5125 3658 5180 simili-

423 5200 594 5255 tudini
632 5210 687 5252 et
726 5198 930 5252 umbra:
956 5195 1124 5250 Judaei
1156 5199 1448 5250 secundum
1479 5211 1696 5248 cara-tetu
1727 5198 2021 5260 servirent,
2046 5209 2101 5250 et
2127 5211 2354 5266 quorum
2381 5196 2690 5250 futurorum
2723 5196 2985 5249 bonorum
3037 5200 3283 5250 umbram
3328 5197 3411 5251 lex
3439 5196 3657 5250 habeat.

419 5276 521 5336 Ac,
555 5281 612 5324 ut
661 5276 974 5325 summatim
1023 5267 1222 5331 dicam,
1256 5267 1308 5319 in
1363 5266 1614 5320 omnibus
1671 5267 1967 5321 secundum
2007 5268 2249 5336 Apostoli
2295 5278 2620 5336 praeceptum
2663 5267 2984 5334 requirenda
3024 5277 3108 5321 est
3155 5267 3419 5336 sapientia
3448 5267 3504 5320 in
3537 5281 3654 5333 my-

487 5391 513 5426 δ
540 5388 699 5450 Jpan.
734 5403 795 5442 ιι.
875 5385 898 5418 ⁸
924 5385 1086 5441 Rom.
1125 5400 1186 5440 ιι.
1267 5386 1287 5416 ⁶
1317 5385 1335 5438 Ι
1365 5385 1491 5439 Cor.
1525 5400 1602 5450 ix,
1627 5383 1680 5440 9.
1757 5385 1776 5416 ⁷
1802 5385 1818 5438 Ι
1842 5392 1967 5440 Lor.

2107 5387 2156 5439 7.
2231 5385 2291 5440 ⁸1
2321 5386 2448 5440 Cor.
2478 5403 2532 5451 π,
2571 5386 2658 5439 Η.

2167 5508 2277 5579 (41)
2320 5508 2532 5562 Primus
2561 5510 2680 5579 cad.
2720 5507 2876 5577 Reg,
2904 5506 3090 5579 νόμονἑ
3120 5503 3374 5579 Tarinus,
3400 5500 3587 5556 τόπον.

2166 5573 2277 5646 (42⁷)
2321 5581 2410 5632 Sic
2445 5594 2575 5633 mss.
2609 5573 2862 5641 Tariuu's,
2896 5573 3000 5629 ὑπό
3030 5573 3375 5646 τῆςἘίξόδου.

2145 5639 2278 5733 ,(45)
2325 5651 2419 5709 εἰς,
2463 5665 2606 5716 mss,
2635 5639 2893 5718 ,Tarinus,
2928 5639 3110 5700 ἔπινον
3157 5645 3216 5711 ἐξ
3261 5639 3657 5715 ἀκολουθούσης

2090 5736 2312 5790 πετρας.

515 5512 605 5578 57)
645 5514 721 5565 tta
753 5525 883 5564 mss.
921 5509 1066 5578 Editi
1096 5523 1223 5563 vero
1255 5527 1268 5563 :
1308 5527 1328 5559 ι
1369 5509 1772 5564 convenienter.
1820 5527 1840 5561 ι

490 5513 605 5650 ξπ)
645 5514 721 5565 tta
753 5525 883 5564 mss.
921 5513 1066 5578 Editi
1096 5523 1192 5563 ven

515 5584 606 5652 58)
647 5582 788 5634 Idem
821 5623 836 5647 ,
867 5581 1192 5652 εἰρημένοις.

490 5656 605 5724 (59)
647 5654 786 5724 Ide"!
817 5670 832 5702 ι
863 5651 1228 5724 γεγενημένῳ-

494 5719 605 5792 (40)
646 5724 720 5782 tu
751 5723 856 5778 duo
889 5719 1100 5777 codices
1127 5719 1294 5792 Regii.
1338 5721 1590 5790 Tarinus,
1619 5719 1910 5792 ἀγομένης.
