  <div class='ocr_page' id='page_1' title='image "/cluster/home/n/w/nwhite01/storage/ocr_20150623/11/mdp.39015013266690/199.png"; bbox 0 0 4014 6142; ppageno 0'>
   <div class='ocr_carea' id='block_1_1' title="bbox 427 343 531 396">
    <p class='ocr_par' dir='ltr' id='par_1_1' title="bbox 427 343 531 396">
     <span class='ocr_line' id='line_1_1' title="bbox 427 343 531 396; baseline 0.038 -3"><span class='ocrx_word' id='word_1_1' title='bbox 427 343 531 396; x_wconf 67' lang='grc' dir='ltr'><strong>ΠΙ</strong></span> 
     </span>
    </p>
   </div>
   <div class='ocr_carea' id='block_1_2' title="bbox 1656 344 2439 401">
    <p class='ocr_par' dir='ltr' id='par_1_2' title="bbox 1656 344 2439 401">
     <span class='ocr_line' id='line_1_2' title="bbox 1656 344 2439 401; baseline -0.001 -2"><span class='ocrx_word' id='word_1_2' title='bbox 1656 344 1978 401; x_wconf 74' lang='lat' dir='ltr'><strong>ORlGENlS</strong></span> <span class='ocrx_word' id='word_1_3' title='bbox 2011 348 2170 400; x_wconf 80' lang='grc' dir='ltr'><strong>ΠΕΡΙ</strong></span> <span class='ocrx_word' id='word_1_4' title='bbox 2208 347 2439 399; x_wconf 77' lang='grc' dir='ltr'><strong>ΑΡΧΩΝ</strong></span> 
     </span>
    </p>
   </div>
   <div class='ocr_carea' id='block_1_3' title="bbox 3591 338 3699 393">
    <p class='ocr_par' dir='ltr' id='par_1_3' title="bbox 3591 338 3699 393">
     <span class='ocr_line' id='line_1_3' title="bbox 3591 338 3699 393; baseline -0.009 0"><span class='ocrx_word' id='word_1_5' title='bbox 3591 338 3699 393; x_wconf 64' lang='lat'><strong>57:</strong></span> 
     </span>
    </p>
   </div>
   <div class='ocr_carea' id='block_1_4' title="bbox 429 454 2008 534">
    <p class='ocr_par' dir='ltr' id='par_1_4' title="bbox 429 460 2008 533">
     <span class='ocr_line' id='line_1_4' title="bbox 429 460 2008 533; baseline 0.003 -18"><span class='ocrx_word' id='word_1_6' title='bbox 429 460 483 515; x_wconf 84' lang='lat' dir='ltr'><strong>in</strong></span> <span class='ocrx_word' id='word_1_7' title='bbox 515 460 766 531; x_wconf 77' lang='lat' dir='ltr'><strong>Epistola</strong></span> <span class='ocrx_word' id='word_1_8' title='bbox 815 465 883 518; x_wconf 87' lang='lat' dir='ltr'><strong>ad</strong></span> <span class='ocrx_word' id='word_1_9' title='bbox 935 463 1232 527; x_wconf 83' lang='lat' dir='ltr'><strong>Romanos,</strong></span> <span class='ocrx_word' id='word_1_10' title='bbox 1279 463 1371 518; x_wconf 82' lang='lat' dir='ltr'><strong>tibi</strong></span> <span class='ocrx_word' id='word_1_11' title='bbox 1400 463 1466 518; x_wconf 89' lang='lat' dir='ltr'><strong>de</strong></span> <span class='ocrx_word' id='word_1_12' title='bbox 1515 463 1823 533; x_wconf 80' lang='lat' dir='ltr'><strong>Regnorum</strong></span> <span class='ocrx_word' id='word_1_13' title='bbox 1871 464 2008 519; x_wconf 89' lang='lat' dir='ltr'><strong>libro</strong></span> 
     </span>
    </p>
   </div>
   <div class='ocr_carea' id='block_1_5' title="bbox 2112 454 3696 534">
    <p class='ocr_par' dir='ltr' id='par_1_5' title="bbox 2112 454 3696 534">
     <span class='ocr_line' id='line_1_5' title="bbox 2112 454 3696 534; baseline -0.005 -18"><span class='ocrx_word' id='word_1_14' title='bbox 2112 463 2323 526; x_wconf 79' lang='grc' dir='ltr'><strong>Παῦλος</strong></span> <span class='ocrx_word' id='word_1_15' title='bbox 2347 461 2566 534; x_wconf 77' lang='grc' dir='ltr'><strong>εἴληφεν</strong></span> <span class='ocrx_word' id='word_1_16' title='bbox 2597 458 2720 514; x_wconf 81' lang='grc' dir='ltr'><strong>ἀντὶ</strong></span> <span class='ocrx_word' id='word_1_17' title='bbox 2751 459 2862 513; x_wconf 84' lang='grc' dir='ltr'>τῶν</span> <span class='ocrx_word' id='word_1_18' title='bbox 2894 461 3015 514; x_wconf 84' lang='grc' dir='ltr'>κατ’</span> <span class='ocrx_word' id='word_1_19' title='bbox 3047 458 3278 531; x_wconf 75' lang='grc' dir='ltr'>ἐκλογὴν</span> <span class='ocrx_word' id='word_1_20' title='bbox 3324 454 3696 530; x_wconf 79' lang='grc' dir='ltr'>Ἰσραηλιτῶν,</span> 
     </span>
    </p>
   </div>
   <div class='ocr_carea' id='block_1_6' title="bbox 431 553 2005 627">
    <p class='ocr_par' dir='ltr' id='par_1_6' title="bbox 431 553 2005 627">
     <span class='ocr_line' id='line_1_6' title="bbox 431 553 2005 627; baseline 0.002 -20"><span class='ocrx_word' id='word_1_21' title='bbox 431 555 594 612; x_wconf 88' lang='lat' dir='ltr'><strong>tertio</strong></span> <span class='ocrx_word' id='word_1_22' title='bbox 637 557 790 627; x_wconf 92' lang='lat' dir='ltr'><strong>ponit</strong></span> <span class='ocrx_word' id='word_1_23' title='bbox 816 556 1104 626; x_wconf 80' lang='lat' dir='ltr'><strong>Apostolus</strong></span> <span class='ocrx_word' id='word_1_24' title='bbox 1142 553 1455 624; x_wconf 79' lang='lat' dir='ltr'><strong>exemplum</strong></span> <span class='ocrx_word' id='word_1_25' title='bbox 1483 557 1674 611; x_wconf 91' lang='lat' dir='ltr'><strong>dicens</strong></span> <span class='ocrx_word' id='word_1_26' title='bbox 1703 573 1716 608; x_wconf 92' lang='lat'>:</span> <span class='ocrx_word' id='word_1_27' title='bbox 1753 575 1771 607; x_wconf 83' lang='grc'><em>‹</em></span> <span class='ocrx_word' id='word_1_28' title='bbox 1796 555 2005 624; x_wconf 77' lang='lat' dir='ltr'><strong>Reliqui</strong></span> 
     </span>
    </p>
   </div>
   <div class='ocr_carea' id='block_1_7' title="bbox 432 648 2010 721">
    <p class='ocr_par' dir='ltr' id='par_1_7' title="bbox 432 648 2010 721">
     <span class='ocr_line' id='line_1_7' title="bbox 432 648 2010 721; baseline 0.001 -19"><span class='ocrx_word' id='word_1_29' title='bbox 432 651 568 705; x_wconf 91' lang='lat' dir='ltr'><strong>tnihi</strong></span> <span class='ocrx_word' id='word_1_30' title='bbox 617 662 822 721; x_wconf 85' lang='lat' dir='ltr'><strong>septem</strong></span> <span class='ocrx_word' id='word_1_31' title='bbox 861 650 1027 703; x_wconf 81' lang='lat' dir='ltr'><strong>millia</strong></span> <span class='ocrx_word' id='word_1_32' title='bbox 1070 651 1311 703; x_wconf 89' lang='lat' dir='ltr'><strong>virorum</strong></span> <span class='ocrx_word' id='word_1_33' title='bbox 1361 648 1456 718; x_wconf 87' lang='lat' dir='ltr'><strong>qui</strong></span> <span class='ocrx_word' id='word_1_34' title='bbox 1491 663 1600 702; x_wconf 91' lang='lat' dir='ltr'><strong>non</strong></span> <span class='ocrx_word' id='word_1_35' title='bbox 1641 659 2010 704; x_wconf 83' lang='lat' dir='ltr'><strong>curvaverant</strong></span> 
     </span>
    </p>
   </div>
   <div class='ocr_carea' id='block_1_8' title="bbox 428 741 2008 810">
    <p class='ocr_par' dir='ltr' id='par_1_8' title="bbox 428 741 2008 810">
     <span class='ocr_line' id='line_1_8' title="bbox 428 741 2008 810; baseline 0 -16"><span class='ocrx_word' id='word_1_36' title='bbox 428 759 608 810; x_wconf 79' lang='lat' dir='ltr'><strong>genua</strong></span> <span class='ocrx_word' id='word_1_37' title='bbox 663 754 787 797; x_wconf 88' lang='lat' dir='ltr'><strong>ante</strong></span> <span class='ocrx_word' id='word_1_38' title='bbox 845 741 1056 796; x_wconf 73' lang='lat' dir='ltr'><strong>Daal”.</strong></span> <span class='ocrx_word' id='word_1_39' title='bbox 1087 761 1106 794; x_wconf 70' lang='grc' dir='ltr'><strong>ι</strong></span> <span class='ocrx_word' id='word_1_40' title='bbox 1143 742 1300 806; x_wconf 79' lang='lat' dir='ltr'><strong>Quod</strong></span> <span class='ocrx_word' id='word_1_41' title='bbox 1349 742 1550 798; x_wconf 82' lang='lat' dir='ltr'><strong>Paulus</strong></span> <span class='ocrx_word' id='word_1_42' title='bbox 1594 742 1804 810; x_wconf 85' lang='lat' dir='ltr'><strong>accepit</strong></span> <span class='ocrx_word' id='word_1_43' title='bbox 1857 742 2008 795; x_wconf 86' lang='lat' dir='ltr'><strong>velut</strong></span> 
     </span>
    </p>
   </div>
   <div class='ocr_carea' id='block_1_9' title="bbox 2113 550 3699 628">
    <p class='ocr_par' dir='ltr' id='par_1_9' title="bbox 2113 550 3699 628">
     <span class='ocr_line' id='line_1_9' title="bbox 2113 550 3699 628; baseline -0.004 -19"><span class='ocrx_word' id='word_1_44' title='bbox 2113 557 2191 628; x_wconf 78' lang='grc' dir='ltr'>τῷ</span> <span class='ocrx_word' id='word_1_45' title='bbox 2214 557 2287 628; x_wconf 79' lang='grc' dir='ltr'>μὴ</span> <span class='ocrx_word' id='word_1_46' title='bbox 2323 556 2482 627; x_wconf 88' lang='grc' dir='ltr'>μόνον</span> <span class='ocrx_word' id='word_1_47' title='bbox 2512 553 2580 608; x_wconf 86' lang='grc' dir='ltr'>τὰ</span> <span class='ocrx_word' id='word_1_48' title='bbox 2607 553 2733 625; x_wconf 78' lang='grc' dir='ltr'>ἔθνη</span> <span class='ocrx_word' id='word_1_49' title='bbox 2767 551 3097 623; x_wconf 81' lang='grc' dir='ltr'>ὠφελεῖσθαι</span> <span class='ocrx_word' id='word_1_50' title='bbox 3129 553 3238 607; x_wconf 81' lang='grc' dir='ltr'><strong>ἀπὸ</strong></span> <span class='ocrx_word' id='word_1_51' title='bbox 3265 551 3378 624; x_wconf 74' lang='grc'><strong>(52)</strong></span> <span class='ocrx_word' id='word_1_52' title='bbox 3414 550 3521 622; x_wconf 84' lang='grc' dir='ltr'>τῆς</span> <span class='ocrx_word' id='word_1_53' title='bbox 3573 550 3699 612; x_wconf 78' lang='grc' dir='ltr'>Χρι-</span> 
     </span>
    </p>
   </div>
   <div class='ocr_carea' id='block_1_10' title="bbox 2117 642 3696 720">
    <p class='ocr_par' dir='ltr' id='par_1_10' title="bbox 2117 642 3696 720">
     <span class='ocr_line' id='line_1_10' title="bbox 2117 642 3696 720; baseline -0.003 -17"><span class='ocrx_word' id='word_1_54' title='bbox 2117 650 2243 703; x_wconf 84' lang='grc' dir='ltr'>στοῦ</span> <span class='ocrx_word' id='word_1_55' title='bbox 2279 647 2596 720; x_wconf 79' lang='grc' dir='ltr'>ἐπιδημίας,</span> <span class='ocrx_word' id='word_1_56' title='bbox 2630 646 2767 702; x_wconf 84' lang='grc' dir='ltr'><strong>ἀλλά</strong></span> <span class='ocrx_word' id='word_1_57' title='bbox 2812 647 2908 702; x_wconf 88' lang='grc' dir='ltr'><strong>καί</strong></span> <span class='ocrx_word' id='word_1_58' title='bbox 2957 663 3110 711; x_wconf 87' lang='grc' dir='ltr'>τινας</span> <span class='ocrx_word' id='word_1_59' title='bbox 3146 646 3254 700; x_wconf 82' lang='grc' dir='ltr'><strong>τῶν</strong></span> <span class='ocrx_word' id='word_1_60' title='bbox 3285 645 3394 701; x_wconf 78' lang='grc' dir='ltr'><strong>ἀπὸ</strong></span> <span class='ocrx_word' id='word_1_61' title='bbox 3421 643 3517 698; x_wconf 83' lang='grc' dir='ltr'><strong>τοῦ</strong></span> <span class='ocrx_word' id='word_1_62' title='bbox 3550 642 3696 699; x_wconf 78' lang='grc' dir='ltr'>θείου</span> 
     </span>
    </p>
   </div>
   <div class='ocr_carea' id='block_1_11' title="bbox 2114 743 2328 814">
    <p class='ocr_par' dir='ltr' id='par_1_11' title="bbox 2114 743 2328 814">
     <span class='ocr_line' id='line_1_11' title="bbox 2114 743 2328 814; baseline 0 -18"><span class='ocrx_word' id='word_1_63' title='bbox 2114 743 2328 814; x_wconf 78' lang='grc' dir='ltr'><strong>γένους.</strong></span> 
     </span>
    </p>
   </div>
   <div class='ocr_carea' id='block_1_12' title="bbox 430 835 3697 907">
    <p class='ocr_par' dir='ltr' id='par_1_12' title="bbox 430 835 3697 907">
     <span class='ocr_line' id='line_1_12' title="bbox 430 835 3697 907; baseline 0 -19"><span class='ocrx_word' id='word_1_64' title='bbox 430 835 737 904; x_wconf 73' lang='lat' dir='ltr'><strong>ﬁguraliter</strong></span> <span class='ocrx_word' id='word_1_65' title='bbox 786 837 989 891; x_wconf 89' lang='lat' dir='ltr'><strong>dictum</strong></span> <span class='ocrx_word' id='word_1_66' title='bbox 1023 836 1092 892; x_wconf 85' lang='lat' dir='ltr'><strong>de</strong></span> <span class='ocrx_word' id='word_1_67' title='bbox 1116 837 1200 892; x_wconf 87' lang='lat' dir='ltr'><strong>his</strong></span> <span class='ocrx_word' id='word_1_68' title='bbox 1235 839 1324 907; x_wconf 89' lang='lat' dir='ltr'><strong>qui</strong></span> <span class='ocrx_word' id='word_1_69' title='bbox 1370 838 1669 893; x_wconf 88' lang='lat' dir='ltr'><strong>secundum</strong></span> <span class='ocrx_word' id='word_1_70' title='bbox 1705 839 2023 893; x_wconf 88' lang='lat' dir='ltr'><strong>electionem</strong></span> <span class='ocrx_word' id='word_1_71' title='bbox 2075 836 2333 896; x_wconf 75' lang='lat' dir='ltr'><strong>Israelita:</strong></span> <span class='ocrx_word' id='word_1_72' title='bbox 2365 839 2539 894; x_wconf 82' lang='lat' dir='ltr'><strong>vocali</strong></span> <span class='ocrx_word' id='word_1_73' title='bbox 2584 850 2733 904; x_wconf 88' lang='lat' dir='ltr'><strong>sunt,</strong></span> <span class='ocrx_word' id='word_1_74' title='bbox 2765 848 2823 894; x_wconf 83' lang='grc' dir='ltr'><strong>ιιι</strong></span> <span class='ocrx_word' id='word_1_75' title='bbox 2862 839 3179 894; x_wconf 79' lang='lat' dir='ltr'><strong>ostenderet</strong></span> <span class='ocrx_word' id='word_1_76' title='bbox 3211 853 3318 892; x_wconf 90' lang='lat' dir='ltr'><strong>non</strong></span> <span class='ocrx_word' id='word_1_77' title='bbox 3346 840 3520 893; x_wconf 79' lang='lat' dir='ltr'><strong>solum</strong></span> <span class='ocrx_word' id='word_1_78' title='bbox 3551 852 3697 891; x_wconf 88' lang='lat' dir='ltr'><strong>nunc</strong></span> 
     </span>
    </p>
   </div>
   <div class='ocr_carea' id='block_1_13' title="bbox 428 929 3695 1008">
    <p class='ocr_par' dir='ltr' id='par_1_13' title="bbox 428 929 3695 1008">
     <span class='ocr_line' id='line_1_13' title="bbox 428 929 3695 1008; baseline -0.001 -27"><span class='ocrx_word' id='word_1_79' title='bbox 428 929 683 998; x_wconf 73' lang='lat' dir='ltr'><strong>gentibus</strong></span> <span class='ocrx_word' id='word_1_80' title='bbox 723 929 992 1000; x_wconf 82' lang='lat' dir='ltr'><strong>profuisse</strong></span> <span class='ocrx_word' id='word_1_81' title='bbox 1038 929 1350 1008; x_wconf 7' lang='lat' dir='ltr'><strong>:adventum‘</strong></span> <span class='ocrx_word' id='word_1_82' title='bbox 1389 929 1628 994; x_wconf 83' lang='lat' dir='ltr'><strong>Christi,</strong></span> <span class='ocrx_word' id='word_1_83' title='bbox 1679 931 1775 984; x_wconf 92' lang='lat' dir='ltr'><strong>scd</strong></span> <span class='ocrx_word' id='word_1_84' title='bbox 1825 930 2263 1001; x_wconf 61' lang='lat' dir='ltr'><strong>quanqtlurimos</strong></span> <span class='ocrx_word' id='word_1_85' title='bbox 2329 934 2492 987; x_wconf 88' lang='lat' dir='ltr'><strong>etiam</strong></span> <span class='ocrx_word' id='word_1_86' title='bbox 2550 931 2830 986; x_wconf 84' lang='lat' dir='ltr'><strong>lsraelitici</strong></span> <span class='ocrx_word' id='word_1_87' title='bbox 2890 930 3101 1000; x_wconf 81' lang='lat' dir='ltr'><strong>generis</strong></span> <span class='ocrx_word' id='word_1_88' title='bbox 3133 929 3199 983; x_wconf 91' lang='lat' dir='ltr'><strong>ad</strong></span> <span class='ocrx_word' id='word_1_89' title='bbox 3247 930 3476 984; x_wconf 85' lang='lat' dir='ltr'><strong>salutem</strong></span> <span class='ocrx_word' id='word_1_90' title='bbox 3537 944 3695 982; x_wconf 88' lang='lat' dir='ltr'><strong>voca-</strong></span> 
     </span>
    </p>
   </div>
   <div class='ocr_carea' id='block_1_14' title="bbox 430 1030 535 1077">
    <p class='ocr_par' dir='ltr' id='par_1_14' title="bbox 430 1030 535 1077">
     <span class='ocr_line' id='line_1_14' title="bbox 430 1030 535 1077; baseline 0.019 -2"><span class='ocrx_word' id='word_1_91' title='bbox 430 1030 535 1077; x_wconf 69' lang='lat'><strong>10$.</strong></span> 
     </span>
    </p>
   </div>
   <div class='ocr_carea' id='block_1_15' title="bbox 507 1114 2014 1184">
    <p class='ocr_par' dir='ltr' id='par_1_15' title="bbox 507 1114 2014 1184">
     <span class='ocr_line' id='line_1_15' title="bbox 507 1114 2014 1184; baseline 0.005 -17"><span class='ocrx_word' id='word_1_92' title='bbox 507 1114 590 1167; x_wconf 80' lang='grc' dir='ltr'><strong>Η.</strong></span> <span class='ocrx_word' id='word_1_93' title='bbox 623 1115 750 1179; x_wconf 73' lang='lat' dir='ltr'><strong>ane</strong></span> <span class='ocrx_word' id='word_1_94' title='bbox 778 1131 900 1170; x_wconf 88' lang='lat' dir='ltr'><strong>cum</strong></span> <span class='ocrx_word' id='word_1_95' title='bbox 938 1117 1012 1170; x_wconf 90' lang='lat' dir='ltr'><strong>ita</strong></span> <span class='ocrx_word' id='word_1_96' title='bbox 1063 1117 1189 1175; x_wconf 88' lang='lat' dir='ltr'><strong>sint,</strong></span> <span class='ocrx_word' id='word_1_97' title='bbox 1221 1115 1458 1184; x_wconf 84' lang='lat' dir='ltr'><strong>qualiter</strong></span> <span class='ocrx_word' id='word_1_98' title='bbox 1488 1119 1644 1174; x_wconf 87' lang='lat' dir='ltr'><strong>nobis</strong></span> <span class='ocrx_word' id='word_1_99' title='bbox 1674 1121 1739 1175; x_wconf 90' lang='lat' dir='ltr'><strong>de</strong></span> <span class='ocrx_word' id='word_1_100' title='bbox 1781 1121 1867 1176; x_wconf 88' lang='lat' dir='ltr'><strong>his</strong></span> <span class='ocrx_word' id='word_1_101' title='bbox 1896 1123 2014 1175; x_wconf 85' lang='lat' dir='ltr'><strong>sin-</strong></span> 
     </span>
    </p>
   </div>
   <div class='ocr_carea' id='block_1_16' title="bbox 429 1206 2011 1278">
    <p class='ocr_par' dir='ltr' id='par_1_16' title="bbox 429 1206 2011 1278">
     <span class='ocr_line' id='line_1_16' title="bbox 429 1206 2011 1278; baseline 0.009 -24"><span class='ocrx_word' id='word_1_102' title='bbox 429 1206 570 1276; x_wconf 75' lang='lat' dir='ltr'><strong>gulis</strong></span> <span class='ocrx_word' id='word_1_103' title='bbox 601 1209 949 1277; x_wconf 84' lang='lat' dir='ltr'><strong>intelligenda</strong></span> <span class='ocrx_word' id='word_1_104' title='bbox 985 1208 1058 1263; x_wconf 88' lang='lat' dir='ltr'><strong>sit</strong></span> <span class='ocrx_word' id='word_1_105' title='bbox 1085 1208 1368 1278; x_wconf 80' lang='lat' dir='ltr'><strong>Scriptura</strong></span> <span class='ocrx_word' id='word_1_106' title='bbox 1401 1210 1610 1276; x_wconf 85' lang='lat' dir='ltr'><strong>divina,</strong></span> <span class='ocrx_word' id='word_1_107' title='bbox 1649 1212 1792 1266; x_wconf 82' lang='lat' dir='ltr'><strong>velut</strong></span> <span class='ocrx_word' id='word_1_108' title='bbox 1822 1217 2011 1270; x_wconf 62' lang='lat' dir='ltr'><strong>eriem-</strong></span> 
     </span>
    </p>
   </div>
   <div class='ocr_carea' id='block_1_17' title="bbox 434 1295 2006 1372">
    <p class='ocr_par' dir='ltr' id='par_1_17' title="bbox 434 1295 2006 1372">
     <span class='ocr_line' id='line_1_17' title="bbox 434 1295 2006 1372; baseline 0.005 -24"><span class='ocrx_word' id='word_1_109' title='bbox 434 1297 506 1367; x_wconf 78' lang='grc' dir='ltr'><strong>ιιιί</strong></span> <span class='ocrx_word' id='word_1_110' title='bbox 537 1307 594 1352; x_wconf 91' lang='lat' dir='ltr'><strong>et</strong></span> <span class='ocrx_word' id='word_1_111' title='bbox 627 1295 814 1352; x_wconf 76' lang='lat' dir='ltr'><strong>fornae</strong></span> <span class='ocrx_word' id='word_1_112' title='bbox 843 1299 1038 1368; x_wconf 84' lang='lat' dir='ltr'><strong>gratia,</strong></span> <span class='ocrx_word' id='word_1_113' title='bbox 1065 1314 1186 1366; x_wconf 70' lang='lat' dir='ltr'><strong>qua:</strong></span> <span class='ocrx_word' id='word_1_114' title='bbox 1219 1298 1375 1352; x_wconf 86' lang='lat' dir='ltr'><strong>nobis</strong></span> <span class='ocrx_word' id='word_1_115' title='bbox 1407 1314 1700 1357; x_wconf 89' lang='lat' dir='ltr'><strong>occurrere</strong></span> <span class='ocrx_word' id='word_1_116' title='bbox 1726 1313 2006 1372; x_wconf 89' lang='lat' dir='ltr'><strong>poterunt,</strong></span> 
     </span>
    </p>
   </div>
   <div class='ocr_carea' id='block_1_18' title="bbox 429 1392 2013 1468">
    <p class='ocr_par' dir='ltr' id='par_1_18' title="bbox 429 1392 2013 1468">
     <span class='ocr_line' id='line_1_18' title="bbox 429 1392 2013 1468; baseline 0.006 -23"><span class='ocrx_word' id='word_1_117' title='bbox 429 1392 879 1448; x_wconf 78' lang='lat' dir='ltr'><strong>adumbrabimus</strong></span> <span class='ocrx_word' id='word_1_118' title='bbox 909 1394 1066 1464; x_wconf 81' lang='lat'><strong>172</strong></span> <span class='ocrx_word' id='word_1_119' title='bbox 1106 1395 1237 1450; x_wconf 84' lang='lat' dir='ltr'><strong>illud</strong></span> <span class='ocrx_word' id='word_1_120' title='bbox 1267 1397 1444 1465; x_wconf 91' lang='lat' dir='ltr'><strong>primo</strong></span> <span class='ocrx_word' id='word_1_121' title='bbox 1491 1407 1798 1468; x_wconf 88' lang='lat' dir='ltr'><strong>repetentes</strong></span> <span class='ocrx_word' id='word_1_122' title='bbox 1834 1407 1891 1454; x_wconf 91' lang='lat' dir='ltr'><strong>ct</strong></span> <span class='ocrx_word' id='word_1_123' title='bbox 1923 1415 2013 1454; x_wconf 91' lang='lat' dir='ltr'><strong>os-</strong></span> 
     </span>
    </p>
   </div>
   <div class='ocr_carea' id='block_1_19' title="bbox 433 1486 2005 1562">
    <p class='ocr_par' dir='ltr' id='par_1_19' title="bbox 433 1486 2005 1562">
     <span class='ocr_line' id='line_1_19' title="bbox 433 1486 2005 1562; baseline 0.007 -24"><span class='ocrx_word' id='word_1_124' title='bbox 433 1486 720 1542; x_wconf 71' lang='lat' dir='ltr'><strong>tendentes</strong></span> <span class='ocrx_word' id='word_1_125' title='bbox 752 1489 1004 1556; x_wconf 89' lang='lat' dir='ltr'><strong>quouiam</strong></span> <span class='ocrx_word' id='word_1_126' title='bbox 1037 1491 1274 1560; x_wconf 84' lang='lat' dir='ltr'><strong>Spiritus</strong></span> <span class='ocrx_word' id='word_1_127' title='bbox 1318 1501 1543 1548; x_wconf 90' lang='lat' dir='ltr'><strong>sanctus</strong></span> <span class='ocrx_word' id='word_1_128' title='bbox 1579 1493 1924 1562; x_wconf 77' lang='lat' dir='ltr'><strong>providentia</strong></span> <span class='ocrx_word' id='word_1_129' title='bbox 1951 1504 2005 1549; x_wconf 92' lang='lat' dir='ltr'><strong>et</strong></span> 
     </span>
    </p>
   </div>
   <div class='ocr_carea' id='block_1_20' title="bbox 430 1580 2007 1657">
    <p class='ocr_par' dir='ltr' id='par_1_20' title="bbox 430 1580 2007 1657">
     <span class='ocr_line' id='line_1_20' title="bbox 430 1580 2007 1657; baseline 0.007 -25"><span class='ocrx_word' id='word_1_130' title='bbox 430 1581 715 1634; x_wconf 88' lang='lat' dir='ltr'><strong>voluntate</strong></span> <span class='ocrx_word' id='word_1_131' title='bbox 770 1580 864 1635; x_wconf 87' lang='lat' dir='ltr'><strong>Dei</strong></span> <span class='ocrx_word' id='word_1_132' title='bbox 913 1597 1010 1651; x_wconf 86' lang='lat' dir='ltr'><strong>per</strong></span> <span class='ocrx_word' id='word_1_133' title='bbox 1057 1583 1310 1638; x_wconf 87' lang='lat' dir='ltr'><strong>virtutem</strong></span> <span class='ocrx_word' id='word_1_134' title='bbox 1371 1585 1634 1654; x_wconf 81' lang='lat' dir='ltr'><strong>unigeniti</strong></span> <span class='ocrx_word' id='word_1_135' title='bbox 1694 1585 1854 1640; x_wconf 78' lang='lat' dir='ltr'><strong>Verbi</strong></span> <span class='ocrx_word' id='word_1_136' title='bbox 1888 1588 2007 1657; x_wconf 88' lang='lat' dir='ltr'><strong>ejus</strong></span> 
     </span>
    </p>
   </div>
   <div class='ocr_carea' id='block_1_21' title="bbox 430 1671 2008 1745">
    <p class='ocr_par' dir='ltr' id='par_1_21' title="bbox 430 1671 2008 1745">
     <span class='ocr_line' id='line_1_21' title="bbox 430 1671 2008 1745; baseline 0.007 -22"><span class='ocrx_word' id='word_1_137' title='bbox 430 1672 524 1737; x_wconf 93' lang='lat' dir='ltr'><strong>qui</strong></span> <span class='ocrx_word' id='word_1_138' title='bbox 551 1681 670 1724; x_wconf 89' lang='lat' dir='ltr'><strong>erat</strong></span> <span class='ocrx_word' id='word_1_139' title='bbox 702 1671 757 1726; x_wconf 93' lang='lat' dir='ltr'><strong>in</strong></span> <span class='ocrx_word' id='word_1_140' title='bbox 793 1672 1060 1743; x_wconf 86' lang='lat' dir='ltr'><strong>principio</strong></span> <span class='ocrx_word' id='word_1_141' title='bbox 1109 1676 1254 1745; x_wconf 88' lang='lat' dir='ltr'><strong>apud</strong></span> <span class='ocrx_word' id='word_1_142' title='bbox 1308 1675 1477 1730; x_wconf 92' lang='lat' dir='ltr'><strong>Deum</strong></span> <span class='ocrx_word' id='word_1_143' title='bbox 1511 1677 1678 1744; x_wconf 87' lang='lat' dir='ltr'><strong>Deus,</strong></span> <span class='ocrx_word' id='word_1_144' title='bbox 1727 1679 2008 1734; x_wconf 86' lang='lat' dir='ltr'><strong>ministros</strong></span> 
     </span>
    </p>
   </div>
   <div class='ocr_carea' id='block_1_22' title="bbox 433 1761 2006 1834">
    <p class='ocr_par' dir='ltr' id='par_1_22' title="bbox 433 1761 2006 1834">
     <span class='ocr_line' id='line_1_22' title="bbox 433 1761 2006 1834; baseline 0.008 -23"><span class='ocrx_word' id='word_1_145' title='bbox 433 1761 678 1815; x_wconf 88' lang='lat' dir='ltr'><strong>veritatis</strong></span> <span class='ocrx_word' id='word_1_146' title='bbox 743 1763 1035 1832; x_wconf 88' lang='lat' dir='ltr'><strong>prophetas</strong></span> <span class='ocrx_word' id='word_1_147' title='bbox 1091 1774 1157 1818; x_wconf 92' lang='lat' dir='ltr'><strong>ct-</strong></span> <span class='ocrx_word' id='word_1_148' title='bbox 1198 1765 1474 1834; x_wconf 87' lang='lat' dir='ltr'><strong>apostolos</strong></span> <span class='ocrx_word' id='word_1_149' title='bbox 1533 1767 1881 1822; x_wconf 86' lang='lat' dir='ltr'><strong>illuminabat</strong></span> <span class='ocrx_word' id='word_1_150' title='bbox 1937 1771 2006 1823; x_wconf 90' lang='lat' dir='ltr'><strong>ad</strong></span> 
     </span>
    </p>
   </div>
   <div class='ocr_carea' id='block_1_23' title="bbox 429 1852 2004 1924">
    <p class='ocr_par' dir='ltr' id='par_1_23' title="bbox 429 1852 2004 1924">
     <span class='ocr_line' id='line_1_23' title="bbox 429 1852 2004 1924; baseline 0.006 -20"><span class='ocrx_word' id='word_1_151' title='bbox 429 1852 809 1919; x_wconf 85' lang='lat' dir='ltr'><strong>cognoscenda</strong></span> <span class='ocrx_word' id='word_1_152' title='bbox 855 1855 1117 1924; x_wconf 87' lang='lat' dir='ltr'><strong>mysteria</strong></span> <span class='ocrx_word' id='word_1_153' title='bbox 1167 1869 1353 1908; x_wconf 89' lang='lat' dir='ltr'><strong>earum</strong></span> <span class='ocrx_word' id='word_1_154' title='bbox 1385 1871 1566 1911; x_wconf 88' lang='lat' dir='ltr'><strong>rerum</strong></span> <span class='ocrx_word' id='word_1_155' title='bbox 1601 1858 1682 1912; x_wconf 85' lang='lat' dir='ltr'><strong>vel</strong></span> <span class='ocrx_word' id='word_1_156' title='bbox 1711 1873 2004 1913; x_wconf 86' lang='lat' dir='ltr'><strong>causarum</strong></span> 
     </span>
    </p>
   </div>
   <div class='ocr_carea' id='block_1_24' title="bbox 427 1948 2005 2020">
    <p class='ocr_par' dir='ltr' id='par_1_24' title="bbox 427 1948 2005 2020">
     <span class='ocr_line' id='line_1_24' title="bbox 427 1948 2005 2020; baseline 0.007 -24"><span class='ocrx_word' id='word_1_157' title='bbox 427 1961 550 2014; x_wconf 70' lang='lat' dir='ltr'><strong>qua:</strong></span> <span class='ocrx_word' id='word_1_158' title='bbox 578 1948 718 2000; x_wconf 89' lang='lat' dir='ltr'><strong>inter</strong></span> <span class='ocrx_word' id='word_1_159' title='bbox 746 1948 997 2002; x_wconf 88' lang='lat' dir='ltr'><strong>homines</strong></span> <span class='ocrx_word' id='word_1_160' title='bbox 1029 1949 1112 2002; x_wconf 88' lang='lat' dir='ltr'><strong>vel</strong></span> <span class='ocrx_word' id='word_1_161' title='bbox 1146 1949 1212 2002; x_wconf 88' lang='lat' dir='ltr'><strong>de</strong></span> <span class='ocrx_word' id='word_1_162' title='bbox 1248 1950 1557 2004; x_wconf 74' lang='lat' dir='ltr'><strong>hominibus</strong></span> <span class='ocrx_word' id='word_1_163' title='bbox 1580 1962 1863 2020; x_wconf 86' lang='lat' dir='ltr'><strong>geruntur.</strong></span> <span class='ocrx_word' id='word_1_164' title='bbox 1893 1952 2005 2007; x_wconf 90' lang='lat' dir='ltr'><strong>llo-</strong></span> 
     </span>
    </p>
   </div>
   <div class='ocr_carea' id='block_1_25' title="bbox 2187 1109 3695 1183">
    <p class='ocr_par' dir='ltr' id='par_1_25' title="bbox 2187 1109 3695 1183">
     <span class='ocr_line' id='line_1_25' title="bbox 2187 1109 3695 1183; baseline 0 -17"><span class='ocrx_word' id='word_1_165' title='bbox 2187 1113 2404 1166; x_wconf 90' lang='grc' dir='ltr'>Τούτων</span> <span class='ocrx_word' id='word_1_166' title='bbox 2449 1109 2620 1174; x_wconf 73' lang='grc' dir='ltr'>οὕτως</span> <span class='ocrx_word' id='word_1_167' title='bbox 2679 1110 2912 1180; x_wconf 80' lang='grc' dir='ltr'>ἐχόντων</span> <span class='ocrx_word' id='word_1_168' title='bbox 2964 1113 3090 1172; x_wconf 76' lang='grc' dir='ltr'>τοὺς</span> <span class='ocrx_word' id='word_1_169' title='bbox 3148 1110 3508 1181; x_wconf 71' lang='grc' dir='ltr'><strong>φαινομένους</strong></span> <span class='ocrx_word' id='word_1_170' title='bbox 3564 1113 3695 1183; x_wconf 81' lang='grc' dir='ltr'>ἡμῖν</span> 
     </span>
    </p>
   </div>
   <div class='ocr_carea' id='block_1_26' title="bbox 2111 1200 3692 1276">
    <p class='ocr_par' dir='ltr' id='par_1_26' title="bbox 2111 1200 3692 1276">
     <span class='ocr_line' id='line_1_26' title="bbox 2111 1200 3692 1276; baseline -0.001 -18"><span class='ocrx_word' id='word_1_171' title='bbox 2111 1203 2468 1276; x_wconf 73' lang='grc' dir='ltr'><strong>χαρακτῆρας</strong></span> <span class='ocrx_word' id='word_1_172' title='bbox 2489 1203 2589 1273; x_wconf 76' lang='grc' dir='ltr'>τῆς</span> <span class='ocrx_word' id='word_1_173' title='bbox 2621 1202 2858 1272; x_wconf 82' lang='grc' dir='ltr'><strong>νοήσεως</strong></span> <span class='ocrx_word' id='word_1_174' title='bbox 2885 1201 2992 1254; x_wconf 78' lang='grc' dir='ltr'><strong>τῶν</strong></span> <span class='ocrx_word' id='word_1_175' title='bbox 3025 1200 3254 1272; x_wconf 72' lang='grc' dir='ltr'>Γραφῶν</span> <span class='ocrx_word' id='word_1_176' title='bbox 3285 1203 3692 1258; x_wconf 79' lang='grc' dir='ltr'>ὑποτυπωτέον.</span> 
     </span>
    </p>
   </div>
   <div class='ocr_carea' id='block_1_27' title="bbox 2109 1295 3694 1370">
    <p class='ocr_par' dir='ltr' id='par_1_27' title="bbox 2109 1295 3694 1370">
     <span class='ocr_line' id='line_1_27' title="bbox 2109 1295 3694 1370; baseline -0.002 -17"><span class='ocrx_word' id='word_1_177' title='bbox 2109 1300 2221 1353; x_wconf 75' lang='grc' dir='ltr'>Καὶ</span> <span class='ocrx_word' id='word_1_178' title='bbox 2266 1296 2480 1368; x_wconf 80' lang='grc' dir='ltr'>πρῶτόν</span> <span class='ocrx_word' id='word_1_179' title='bbox 2526 1313 2588 1365; x_wconf 84' lang='grc' dir='ltr'><strong>γε</strong></span> <span class='ocrx_word' id='word_1_180' title='bbox 2622 1295 2783 1350; x_wconf 86' lang='grc' dir='ltr'>τοῦτο</span> <span class='ocrx_word' id='word_1_181' title='bbox 2833 1295 3175 1350; x_wconf 78' lang='grc' dir='ltr'>ὑποδεικτέον</span> <span class='ocrx_word' id='word_1_182' title='bbox 3215 1296 3295 1349; x_wconf 80' lang='grc' dir='ltr'>ὅτι</span> <span class='ocrx_word' id='word_1_183' title='bbox 3319 1298 3347 1349; x_wconf 89' lang='grc' dir='ltr'><strong>ό</strong></span> <span class='ocrx_word' id='word_1_184' title='bbox 3381 1296 3582 1360; x_wconf 63' lang='grc' dir='ltr'>σκοπδς</span> <span class='ocrx_word' id='word_1_185' title='bbox 3615 1297 3694 1370; x_wconf 80' lang='grc' dir='ltr'>τῷ</span> 
     </span>
    </p>
   </div>
   <div class='ocr_carea' id='block_1_28' title="bbox 2110 1386 3686 1461">
    <p class='ocr_par' dir='ltr' id='par_1_28' title="bbox 2110 1386 3686 1461">
     <span class='ocr_line' id='line_1_28' title="bbox 2110 1386 3686 1461; baseline 0.001 -19"><span class='ocrx_word' id='word_1_186' title='bbox 2110 1390 2394 1458; x_wconf 73' lang='grc' dir='ltr'><strong>φωτίζοντι</strong></span> <span class='ocrx_word' id='word_1_187' title='bbox 2425 1388 2703 1459; x_wconf 84' lang='grc' dir='ltr'>Πνεύματι</span> <span class='ocrx_word' id='word_1_188' title='bbox 2736 1389 2960 1460; x_wconf 68' lang='grc' dir='ltr'>προνοίᾳ</span> <span class='ocrx_word' id='word_1_189' title='bbox 2990 1387 3147 1454; x_wconf 84' lang='grc' dir='ltr'>Θεοῦ,</span> <span class='ocrx_word' id='word_1_190' title='bbox 3186 1386 3275 1441; x_wconf 74' lang='grc' dir='ltr'><strong>διὰ</strong></span> <span class='ocrx_word' id='word_1_191' title='bbox 3305 1387 3398 1442; x_wconf 90' lang='grc' dir='ltr'><strong>τοῦ</strong></span> <span class='ocrx_word' id='word_1_192' title='bbox 3450 1390 3508 1442; x_wconf 79' lang='grc' dir='ltr'>ἐν</span> <span class='ocrx_word' id='word_1_193' title='bbox 3543 1391 3686 1461; x_wconf 83' lang='grc' dir='ltr'>ἀρχῇ</span> 
     </span>
    </p>
   </div>
   <div class='ocr_carea' id='block_1_29' title="bbox 2109 1481 3682 1554">
    <p class='ocr_par' dir='ltr' id='par_1_29' title="bbox 2109 1481 3682 1554">
     <span class='ocr_line' id='line_1_29' title="bbox 2109 1481 3682 1554; baseline 0 -19"><span class='ocrx_word' id='word_1_194' title='bbox 2109 1483 2247 1554; x_wconf 74' lang='grc' dir='ltr'>πρὸς</span> <span class='ocrx_word' id='word_1_195' title='bbox 2276 1481 2529 1536; x_wconf 75' lang='grc' dir='ltr'>τὸνθεόν</span> <span class='ocrx_word' id='word_1_196' title='bbox 2555 1482 2750 1550; x_wconf 87' lang='grc' dir='ltr'>Λόγου,</span> <span class='ocrx_word' id='word_1_197' title='bbox 2792 1482 2918 1544; x_wconf 74' lang='grc' dir='ltr'>τοὺς</span> <span class='ocrx_word' id='word_1_198' title='bbox 2959 1481 3240 1546; x_wconf 83' lang='grc' dir='ltr'>διακόνους</span> <span class='ocrx_word' id='word_1_199' title='bbox 3281 1481 3379 1554; x_wconf 85' lang='grc' dir='ltr'>τῆς</span> <span class='ocrx_word' id='word_1_200' title='bbox 3419 1481 3682 1553; x_wconf 75' lang='grc' dir='ltr'><strong>ἀληθείας</strong></span> 
     </span>
    </p>
   </div>
   <div class='ocr_carea' id='block_1_30' title="bbox 2110 1569 3680 1648">
    <p class='ocr_par' dir='ltr' id='par_1_30' title="bbox 2110 1569 3680 1648">
     <span class='ocr_line' id='line_1_30' title="bbox 2110 1569 3680 1648; baseline 0 -18"><span class='ocrx_word' id='word_1_201' title='bbox 2110 1580 2396 1648; x_wconf 78' lang='grc' dir='ltr'>προφήτας</span> <span class='ocrx_word' id='word_1_202' title='bbox 2455 1576 2548 1630; x_wconf 76' lang='grc' dir='ltr'><strong>καὶ</strong></span> <span class='ocrx_word' id='word_1_203' title='bbox 2584 1574 2934 1638; x_wconf 77' lang='grc' dir='ltr'><strong>ἀποστόλους,</strong></span> <span class='ocrx_word' id='word_1_204' title='bbox 2966 1569 3034 1646; x_wconf 79' lang='grc' dir='ltr'>ἦν</span> <span class='ocrx_word' id='word_1_205' title='bbox 3065 1575 3488 1646; x_wconf 79' lang='grc' dir='ltr'>προηγουμένως</span> <span class='ocrx_word' id='word_1_206' title='bbox 3523 1578 3619 1646; x_wconf 79' lang='grc' dir='ltr'><strong>μὲν</strong></span> <span class='ocrx_word' id='word_1_207' title='bbox 3649 1579 3680 1630; x_wconf 86' lang='grc' dir='ltr'><strong>ό</strong></span> 
     </span>
    </p>
   </div>
   <div class='ocr_carea' id='block_1_31' title="bbox 2109 1667 3695 1742">
    <p class='ocr_par' dir='ltr' id='par_1_31' title="bbox 2109 1667 3695 1742">
     <span class='ocr_line' id='line_1_31' title="bbox 2109 1667 3695 1742; baseline 0.001 -20"><span class='ocrx_word' id='word_1_208' title='bbox 2109 1672 2238 1742; x_wconf 75' lang='grc' dir='ltr'>περὶ</span> <span class='ocrx_word' id='word_1_209' title='bbox 2271 1669 2379 1724; x_wconf 84' lang='grc' dir='ltr'><strong>τῶν</strong></span> <span class='ocrx_word' id='word_1_210' title='bbox 2430 1671 2757 1741; x_wconf 69' lang='grc' dir='ltr'>ἀπορρήτων</span> <span class='ocrx_word' id='word_1_211' title='bbox 2791 1668 3104 1740; x_wconf 76' lang='grc' dir='ltr'>μυστηρίων</span> <span class='ocrx_word' id='word_1_212' title='bbox 3133 1667 3243 1721; x_wconf 86' lang='grc' dir='ltr'><strong>τῶν</strong></span> <span class='ocrx_word' id='word_1_213' title='bbox 3275 1668 3416 1722; x_wconf 86' lang='grc' dir='ltr'><strong>κατά</strong></span> <span class='ocrx_word' id='word_1_214' title='bbox 3442 1671 3571 1734; x_wconf 81' lang='grc' dir='ltr'>τοὺς</span> <span class='ocrx_word' id='word_1_215' title='bbox 3601 1671 3695 1724; x_wconf 87' lang='grc' dir='ltr'>ἀν-</span> 
     </span>
    </p>
   </div>
   <div class='ocr_carea' id='block_1_32' title="bbox 2111 1760 3691 1834">
    <p class='ocr_par' dir='ltr' id='par_1_32' title="bbox 2111 1760 3691 1834">
     <span class='ocr_line' id='line_1_32' title="bbox 2111 1760 3691 1834; baseline 0 -19"><span class='ocrx_word' id='word_1_216' title='bbox 2111 1761 2363 1834; x_wconf 85' lang='grc' dir='ltr'>θρώπους</span> <span class='ocrx_word' id='word_1_217' title='bbox 2395 1763 2754 1834; x_wconf 71' lang='grc' dir='ltr'>πραγμάτων.</span> <span class='ocrx_word' id='word_1_218' title='bbox 2795 1761 3138 1833; x_wconf 82' lang='grc' dir='ltr'>Ἀνθρώπους</span> <span class='ocrx_word' id='word_1_219' title='bbox 3171 1761 3228 1813; x_wconf 79' lang='grc' dir='ltr'>δὲ</span> <span class='ocrx_word' id='word_1_220' title='bbox 3263 1761 3356 1814; x_wconf 90' lang='grc' dir='ltr'><strong>νῦν</strong></span> <span class='ocrx_word' id='word_1_221' title='bbox 3393 1760 3556 1830; x_wconf 87' lang='grc' dir='ltr'>λέγω,</span> <span class='ocrx_word' id='word_1_222' title='bbox 3591 1762 3691 1827; x_wconf 77' lang='grc' dir='ltr'>τὰς</span> 
     </span>
    </p>
   </div>
   <div class='ocr_carea' id='block_1_33' title="bbox 2110 1855 3694 1930">
    <p class='ocr_par' dir='ltr' id='par_1_33' title="bbox 2110 1855 3694 1930">
     <span class='ocr_line' id='line_1_33' title="bbox 2110 1855 3694 1930; baseline -0.001 -18"><span class='ocrx_word' id='word_1_223' title='bbox 2110 1859 2400 1930; x_wconf 77' lang='grc' dir='ltr'>χρωμένας</span> <span class='ocrx_word' id='word_1_224' title='bbox 2447 1857 2626 1928; x_wconf 64' lang='grc' dir='ltr'>ψυχᾶς</span> <span class='ocrx_word' id='word_1_225' title='bbox 2671 1857 2914 1927; x_wconf 86' lang='grc' dir='ltr'>σώμασιν</span> <span class='ocrx_word' id='word_1_226' title='bbox 2933 1872 2946 1884; x_wconf 82' lang='lat'>&#39;</span> <span class='ocrx_word' id='word_1_227' title='bbox 2972 1855 3036 1908; x_wconf 77' lang='grc' dir='ltr'>ἵν’</span> <span class='ocrx_word' id='word_1_228' title='bbox 3064 1857 3092 1908; x_wconf 89' lang='grc' dir='ltr'><strong>ό</strong></span> <span class='ocrx_word' id='word_1_229' title='bbox 3117 1855 3414 1926; x_wconf 76' lang='grc' dir='ltr'>δυνάμενος</span> <span class='ocrx_word' id='word_1_230' title='bbox 3441 1856 3694 1930; x_wconf 72' lang='grc' dir='ltr'>διδαχθῆο</span> 
     </span>
    </p>
   </div>
   <div class='ocr_carea' id='block_1_34' title="bbox 2114 1947 3692 2021">
    <p class='ocr_par' dir='ltr' id='par_1_34' title="bbox 2114 1947 3692 2021">
     <span class='ocr_line' id='line_1_34' title="bbox 2114 1947 3692 2021; baseline 0 -17"><span class='ocrx_word' id='word_1_231' title='bbox 2114 1969 2223 2015; x_wconf 84' lang='grc' dir='ltr'>ναι,</span> <span class='ocrx_word' id='word_1_232' title='bbox 2255 1951 2570 2021; x_wconf 73' lang='grc' dir='ltr'>ἐρευνήσας,</span> <span class='ocrx_word' id='word_1_233' title='bbox 2607 1949 2697 2002; x_wconf 80' lang='grc' dir='ltr'><strong>καὶ</strong></span> <span class='ocrx_word' id='word_1_234' title='bbox 2727 1952 2840 2012; x_wconf 82' lang='grc' dir='ltr'>τοῖς</span> <span class='ocrx_word' id='word_1_235' title='bbox 2875 1947 3060 2018; x_wconf 80' lang='grc' dir='ltr'>βάθεσι</span> <span class='ocrx_word' id='word_1_236' title='bbox 3091 1948 3186 2001; x_wconf 84' lang='grc' dir='ltr'><strong>τοῦ</strong></span> <span class='ocrx_word' id='word_1_237' title='bbox 3221 1947 3312 2001; x_wconf 87' lang='grc' dir='ltr'><strong>νοῦ</strong></span> <span class='ocrx_word' id='word_1_238' title='bbox 3341 1949 3427 2002; x_wconf 63' lang='grc' dir='ltr'>διὰ</span> <span class='ocrx_word' id='word_1_239' title='bbox 3460 1951 3568 2004; x_wconf 81' lang='grc' dir='ltr'><strong>τῶν</strong></span> <span class='ocrx_word' id='word_1_240' title='bbox 3601 1950 3692 2004; x_wconf 83' lang='grc' dir='ltr'>λέ-</span> 
     </span>
    </p>
   </div>
   <div class='ocr_carea' id='block_1_35' title="bbox 430 2037 2008 2114">
    <p class='ocr_par' dir='ltr' id='par_1_35' title="bbox 430 2039 2007 2114">
     <span class='ocr_line' id='line_1_35' title="bbox 430 2039 2007 2114; baseline 0.006 -24"><span class='ocrx_word' id='word_1_241' title='bbox 430 2039 608 2092; x_wconf 84' lang='lat' dir='ltr'><strong>mines</strong></span> <span class='ocrx_word' id='word_1_242' title='bbox 632 2047 809 2092; x_wconf 84' lang='lat' dir='ltr'><strong>autem</strong></span> <span class='ocrx_word' id='word_1_243' title='bbox 839 2055 982 2094; x_wconf 90' lang='lat' dir='ltr'><strong>nunc</strong></span> <span class='ocrx_word' id='word_1_244' title='bbox 1009 2041 1130 2095; x_wconf 86' lang='lat' dir='ltr'><strong>dico</strong></span> <span class='ocrx_word' id='word_1_245' title='bbox 1175 2041 1393 2097; x_wconf 86' lang='lat' dir='ltr'><strong>animas</strong></span> <span class='ocrx_word' id='word_1_246' title='bbox 1424 2043 1475 2097; x_wconf 90' lang='lat' dir='ltr'><strong>in</strong></span> <span class='ocrx_word' id='word_1_247' title='bbox 1509 2044 1834 2112; x_wconf 89' lang='lat' dir='ltr'><strong>corporibus</strong></span> <span class='ocrx_word' id='word_1_248' title='bbox 1863 2045 2007 2114; x_wconf 87' lang='lat' dir='ltr'><strong>posi-</strong></span> 
     </span>
    </p>
   </div>
   <div class='ocr_carea' id='block_1_36' title="bbox 2112 2037 3690 2114">
    <p class='ocr_par' dir='ltr' id='par_1_36' title="bbox 2114 2042 3690 2114">
     <span class='ocr_line' id='line_1_36' title="bbox 2114 2042 3690 2114; baseline -0.001 -16"><span class='ocrx_word' id='word_1_249' title='bbox 2114 2045 2248 2110; x_wconf 81' lang='grc' dir='ltr'>ξεων</span> <span class='ocrx_word' id='word_1_250' title='bbox 2278 2045 2468 2098; x_wconf 78' lang='grc' dir='ltr'>ἑαυτὸν</span> <span class='ocrx_word' id='word_1_251' title='bbox 2501 2044 2738 2107; x_wconf 78' lang='grc' dir='ltr'>ἐπιδοὺς,</span> <span class='ocrx_word' id='word_1_252' title='bbox 2773 2042 3026 2107; x_wconf 83' lang='grc' dir='ltr'>κοινωνὸς</span> <span class='ocrx_word' id='word_1_253' title='bbox 3067 2042 3174 2094; x_wconf 79' lang='grc' dir='ltr'>τῶν</span> <span class='ocrx_word' id='word_1_254' title='bbox 3205 2042 3340 2095; x_wconf 84' lang='grc' dir='ltr'>ὅλων</span> <span class='ocrx_word' id='word_1_255' title='bbox 3367 2043 3466 2113; x_wconf 75' lang='grc' dir='ltr'>τῆς</span> <span class='ocrx_word' id='word_1_256' title='bbox 3494 2043 3690 2114; x_wconf 77' lang='grc' dir='ltr'>βουλῆς</span> 
     </span>
    </p>
   </div>
   <div class='ocr_carea' id='block_1_37' title="bbox 431 2131 2007 2214">
    <p class='ocr_par' dir='ltr' id='par_1_37' title="bbox 431 2131 2007 2214">
     <span class='ocr_line' id='line_1_37' title="bbox 431 2131 2007 2214; baseline 0.008 -30"><span class='ocrx_word' id='word_1_257' title='bbox 431 2139 536 2195; x_wconf 78' lang='lat' dir='ltr'><strong>tas,</strong></span> <span class='ocrx_word' id='word_1_258' title='bbox 579 2144 700 2200; x_wconf 73' lang='lat' dir='ltr'><strong>qua:</strong></span> <span class='ocrx_word' id='word_1_259' title='bbox 733 2131 823 2186; x_wconf 89' lang='lat' dir='ltr'><strong>illa</strong></span> <span class='ocrx_word' id='word_1_260' title='bbox 861 2135 1118 2204; x_wconf 77' lang='lat' dir='ltr'><strong>mysteria</strong></span> <span class='ocrx_word' id='word_1_261' title='bbox 1174 2137 1386 2206; x_wconf 71' lang='lat' dir='ltr'><strong>cognita</strong></span> <span class='ocrx_word' id='word_1_262' title='bbox 1431 2138 1534 2193; x_wconf 89' lang='lat' dir='ltr'><strong>sibi</strong></span> <span class='ocrx_word' id='word_1_263' title='bbox 1559 2149 1613 2194; x_wconf 86' lang='lat' dir='ltr'><strong>et</strong></span> <span class='ocrx_word' id='word_1_264' title='bbox 1644 2141 1876 2195; x_wconf 85' lang='lat' dir='ltr'><strong>revelata</strong></span> <span class='ocrx_word' id='word_1_265' title='bbox 1910 2158 2007 2214; x_wconf 88' lang='lat' dir='ltr'><strong>per</strong></span> 
     </span>
    </p>
   </div>
   <div class='ocr_carea' id='block_1_38' title="bbox 429 2225 2003 2303">
    <p class='ocr_par' dir='ltr' id='par_1_38' title="bbox 429 2225 2003 2303">
     <span class='ocr_line' id='line_1_38' title="bbox 429 2225 2003 2303; baseline 0.008 -23"><span class='ocrx_word' id='word_1_266' title='bbox 429 2225 735 2294; x_wconf 85' lang='lat' dir='ltr'><strong>Christum,</strong></span> <span class='ocrx_word' id='word_1_267' title='bbox 763 2227 912 2283; x_wconf 81' lang='lat' dir='ltr'><strong>velut</strong></span> <span class='ocrx_word' id='word_1_268' title='bbox 945 2229 1182 2284; x_wconf 89' lang='lat' dir='ltr'><strong>htunana</strong></span> <span class='ocrx_word' id='word_1_269' title='bbox 1220 2234 1468 2300; x_wconf 65' lang='lat' dir='ltr'><strong>quaedam</strong></span> <span class='ocrx_word' id='word_1_270' title='bbox 1511 2244 1663 2303; x_wconf 89' lang='lat' dir='ltr'><strong>gesta</strong></span> <span class='ocrx_word' id='word_1_271' title='bbox 1697 2248 2003 2303; x_wconf 80' lang='lat' dir='ltr'><strong>narrantes,</strong></span> 
     </span>
    </p>
   </div>
   <div class='ocr_carea' id='block_1_39' title="bbox 427 2321 2006 2399">
    <p class='ocr_par' dir='ltr' id='par_1_39' title="bbox 427 2321 2006 2399">
     <span class='ocr_line' id='line_1_39' title="bbox 427 2321 2006 2399; baseline 0.006 -24"><span class='ocrx_word' id='word_1_272' title='bbox 427 2321 514 2376; x_wconf 87' lang='lat' dir='ltr'><strong>vel</strong></span> <span class='ocrx_word' id='word_1_273' title='bbox 569 2323 769 2393; x_wconf 84' lang='lat' dir='ltr'><strong>legales</strong></span> <span class='ocrx_word' id='word_1_274' title='bbox 821 2324 1085 2392; x_wconf 86' lang='lat' dir='ltr'><strong>quasdam</strong></span> <span class='ocrx_word' id='word_1_275' title='bbox 1147 2326 1570 2394; x_wconf 82' lang='lat' dir='ltr'><strong>observantius,</strong></span> <span class='ocrx_word' id='word_1_276' title='bbox 1626 2340 2006 2399; x_wconf 58' lang='lat' dir='ltr'><strong>praeceptaque</strong></span> 
     </span>
    </p>
   </div>
   <div class='ocr_carea' id='block_1_40' title="bbox 431 2415 2004 2488">
    <p class='ocr_par' dir='ltr' id='par_1_40' title="bbox 431 2415 2004 2488">
     <span class='ocr_line' id='line_1_40' title="bbox 431 2415 2004 2488; baseline 0.005 -20"><span class='ocrx_word' id='word_1_277' title='bbox 431 2415 708 2470; x_wconf 88' lang='lat' dir='ltr'><strong>tradentes</strong></span> <span class='ocrx_word' id='word_1_278' title='bbox 730 2415 1034 2488; x_wconf 80' lang='lat' dir='ltr'><strong>ﬁguraliter</strong></span> <span class='ocrx_word' id='word_1_279' title='bbox 1063 2418 1486 2480; x_wconf 84' lang='lat' dir='ltr'><strong>describebant;</strong></span> <span class='ocrx_word' id='word_1_280' title='bbox 1522 2429 1710 2474; x_wconf 87' lang='lat' dir='ltr'><strong>utnon</strong></span> <span class='ocrx_word' id='word_1_281' title='bbox 1751 2421 1842 2488; x_wconf 91' lang='lat' dir='ltr'><strong>qui</strong></span> <span class='ocrx_word' id='word_1_282' title='bbox 1875 2421 2004 2477; x_wconf 81' lang='lat' dir='ltr'><strong>velit</strong></span> 
     </span>
    </p>
   </div>
   <div class='ocr_carea' id='block_1_41' title="bbox 426 2507 2004 2582">
    <p class='ocr_par' dir='ltr' id='par_1_41' title="bbox 426 2507 2004 2582">
     <span class='ocr_line' id='line_1_41' title="bbox 426 2507 2004 2582; baseline 0.004 -22"><span class='ocrx_word' id='word_1_283' title='bbox 426 2507 544 2562; x_wconf 76' lang='lat' dir='ltr'><strong>haec</strong></span> <span class='ocrx_word' id='word_1_284' title='bbox 585 2507 734 2562; x_wconf 87' lang='lat' dir='ltr'><strong>velut</strong></span> <span class='ocrx_word' id='word_1_285' title='bbox 773 2509 1152 2565; x_wconf 86' lang='lat' dir='ltr'><strong>conculcaada</strong></span> <span class='ocrx_word' id='word_1_286' title='bbox 1193 2520 1321 2564; x_wconf 87' lang='lat' dir='ltr'><strong>ante</strong></span> <span class='ocrx_word' id='word_1_287' title='bbox 1364 2511 1531 2578; x_wconf 87' lang='lat' dir='ltr'><strong>pedes</strong></span> <span class='ocrx_word' id='word_1_288' title='bbox 1568 2511 1798 2567; x_wconf 89' lang='lat' dir='ltr'><strong>haberet</strong></span> <span class='ocrx_word' id='word_1_289' title='bbox 1838 2528 2004 2582; x_wconf 83' lang='lat' dir='ltr'><strong>expo-</strong></span> 
     </span>
    </p>
   </div>
   <div class='ocr_carea' id='block_1_42' title="bbox 426 2601 2002 2672">
    <p class='ocr_par' dir='ltr' id='par_1_42' title="bbox 426 2601 2002 2672">
     <span class='ocr_line' id='line_1_42' title="bbox 426 2601 2002 2672; baseline 0.003 -17"><span class='ocrx_word' id='word_1_290' title='bbox 426 2601 554 2663; x_wconf 76' lang='lat' dir='ltr'><strong>sita.</strong></span> <span class='ocrx_word' id='word_1_291' title='bbox 585 2601 678 2658; x_wconf 85' lang='lat' dir='ltr'><strong>sed</strong></span> <span class='ocrx_word' id='word_1_292' title='bbox 706 2602 801 2672; x_wconf 87' lang='lat' dir='ltr'><strong>qui</strong></span> <span class='ocrx_word' id='word_1_293' title='bbox 832 2617 892 2658; x_wconf 91' lang='lat' dir='ltr'><strong>se</strong></span> <span class='ocrx_word' id='word_1_294' title='bbox 939 2603 1247 2672; x_wconf 84' lang='lat' dir='ltr'><strong>hujusmodi</strong></span> <span class='ocrx_word' id='word_1_295' title='bbox 1273 2603 1474 2659; x_wconf 88' lang='lat' dir='ltr'><strong>studiis</strong></span> <span class='ocrx_word' id='word_1_296' title='bbox 1506 2619 1630 2660; x_wconf 89' lang='lat' dir='ltr'><strong>cum</strong></span> <span class='ocrx_word' id='word_1_297' title='bbox 1658 2606 1805 2662; x_wconf 84' lang='lat' dir='ltr'><strong>omni</strong></span> <span class='ocrx_word' id='word_1_298' title='bbox 1833 2609 2002 2662; x_wconf 81' lang='lat' dir='ltr'><strong>casti-</strong></span> 
     </span>
    </p>
   </div>
   <div class='ocr_carea' id='block_1_43' title="bbox 429 2693 2005 2768">
    <p class='ocr_par' dir='ltr' id='par_1_43' title="bbox 429 2693 2005 2768">
     <span class='ocr_line' id='line_1_43' title="bbox 429 2693 2005 2768; baseline 0.006 -22"><span class='ocrx_word' id='word_1_299' title='bbox 429 2693 614 2749; x_wconf 87' lang='lat' dir='ltr'><strong>monia</strong></span> <span class='ocrx_word' id='word_1_300' title='bbox 649 2703 706 2750; x_wconf 89' lang='lat' dir='ltr'><strong>et</strong></span> <span class='ocrx_word' id='word_1_301' title='bbox 733 2696 1036 2750; x_wconf 84' lang='lat' dir='ltr'><strong>sobrietate</strong></span> <span class='ocrx_word' id='word_1_302' title='bbox 1067 2705 1122 2751; x_wconf 85' lang='lat' dir='ltr'><strong>et</strong></span> <span class='ocrx_word' id='word_1_303' title='bbox 1152 2696 1354 2765; x_wconf 83' lang='lat' dir='ltr'><strong>vigiliis</strong></span> <span class='ocrx_word' id='word_1_304' title='bbox 1386 2696 1644 2760; x_wconf 88' lang='lat' dir='ltr'><strong>dedisset,</strong></span> <span class='ocrx_word' id='word_1_305' title='bbox 1683 2707 1746 2752; x_wconf 93' lang='lat' dir='ltr'><strong>ut</strong></span> <span class='ocrx_word' id='word_1_306' title='bbox 1769 2714 1864 2768; x_wconf 89' lang='lat' dir='ltr'><strong>per</strong></span> <span class='ocrx_word' id='word_1_307' title='bbox 1889 2699 2005 2755; x_wconf 76' lang='lat' dir='ltr'><strong>lucc</strong></span> 
     </span>
    </p>
   </div>
   <div class='ocr_carea' id='block_1_44' title="bbox 425 2786 2004 2860">
    <p class='ocr_par' dir='ltr' id='par_1_44' title="bbox 425 2786 2004 2860">
     <span class='ocr_line' id='line_1_44' title="bbox 425 2786 2004 2860; baseline 0.005 -22"><span class='ocrx_word' id='word_1_308' title='bbox 425 2786 569 2842; x_wconf 78' lang='lat' dir='ltr'><strong>forte</strong></span> <span class='ocrx_word' id='word_1_309' title='bbox 596 2787 648 2842; x_wconf 94' lang='lat' dir='ltr'><strong>in</strong></span> <span class='ocrx_word' id='word_1_310' title='bbox 690 2787 979 2859; x_wconf 43' lang='lat' dir='ltr'><strong>profundo.</strong></span> <span class='ocrx_word' id='word_1_311' title='bbox 1007 2787 1269 2842; x_wconf 87' lang='lat' dir='ltr'><strong>latentem</strong></span> <span class='ocrx_word' id='word_1_312' title='bbox 1301 2803 1526 2845; x_wconf 91' lang='lat' dir='ltr'><strong>sensum</strong></span> <span class='ocrx_word' id='word_1_313' title='bbox 1557 2788 1794 2860; x_wconf 78' lang='lat' dir='ltr'><strong>Spiritus</strong></span> <span class='ocrx_word' id='word_1_314' title='bbox 1824 2791 1915 2846; x_wconf 91' lang='lat' dir='ltr'><strong>Dei</strong></span> <span class='ocrx_word' id='word_1_315' title='bbox 1947 2802 2004 2846; x_wconf 93' lang='lat' dir='ltr'><strong>ct</strong></span> 
     </span>
    </p>
   </div>
   <div class='ocr_carea' id='block_1_45' title="bbox 426 2878 2006 2954">
    <p class='ocr_par' dir='ltr' id='par_1_45' title="bbox 426 2878 2006 2954">
     <span class='ocr_line' id='line_1_45' title="bbox 426 2878 2006 2954; baseline 0.004 -22"><span class='ocrx_word' id='word_1_316' title='bbox 426 2878 701 2934; x_wconf 82' lang='lat' dir='ltr'><strong>sermonis</strong></span> <span class='ocrx_word' id='word_1_317' title='bbox 753 2881 954 2934; x_wconf 89' lang='lat' dir='ltr'><strong>usitata</strong></span> <span class='ocrx_word' id='word_1_318' title='bbox 1007 2881 1323 2935; x_wconf 85' lang='lat' dir='ltr'><strong>narratione</strong></span> <span class='ocrx_word' id='word_1_319' title='bbox 1375 2881 1485 2935; x_wconf 89' lang='lat' dir='ltr'><strong>alio</strong></span> <span class='ocrx_word' id='word_1_320' title='bbox 1534 2898 1750 2938; x_wconf 89' lang='lat' dir='ltr'><strong>rursum</strong></span> <span class='ocrx_word' id='word_1_321' title='bbox 1790 2885 2006 2954; x_wconf 77' lang='lat' dir='ltr'><strong>pl‘OSpl-</strong></span> 
     </span>
    </p>
   </div>
   <div class='ocr_carea' id='block_1_46' title="bbox 425 2972 2006 3046">
    <p class='ocr_par' dir='ltr' id='par_1_46' title="bbox 425 2972 2006 3046">
     <span class='ocr_line' id='line_1_46' title="bbox 425 2972 2006 3046; baseline 0.003 -21"><span class='ocrx_word' id='word_1_322' title='bbox 425 2972 662 3025; x_wconf 80' lang='lat' dir='ltr'><strong>cientem</strong></span> <span class='ocrx_word' id='word_1_323' title='bbox 709 2983 1023 3027; x_wconf 75' lang='lat' dir='ltr'><strong>contextum</strong></span> <span class='ocrx_word' id='word_1_324' title='bbox 1061 2973 1176 3043; x_wconf 82' lang='lat'><strong>(51)</strong></span> <span class='ocrx_word' id='word_1_325' title='bbox 1208 2973 1546 3044; x_wconf 88' lang='lat' dir='ltr'><strong>investigare</strong></span> <span class='ocrx_word' id='word_1_326' title='bbox 1598 2985 1803 3045; x_wconf 88' lang='lat' dir='ltr'><strong>posset,</strong></span> <span class='ocrx_word' id='word_1_327' title='bbox 1840 2988 2006 3046; x_wconf 90' lang='lat' dir='ltr'><strong>atque</strong></span> 
     </span>
    </p>
   </div>
   <div class='ocr_carea' id='block_1_47' title="bbox 429 3062 2003 3138">
    <p class='ocr_par' dir='ltr' id='par_1_47' title="bbox 429 3062 2003 3138">
     <span class='ocr_line' id='line_1_47' title="bbox 429 3062 2003 3138; baseline 0.006 -23"><span class='ocrx_word' id='word_1_328' title='bbox 429 3062 502 3115; x_wconf 87' lang='lat' dir='ltr'><strong>ita</strong></span> <span class='ocrx_word' id='word_1_329' title='bbox 528 3062 707 3117; x_wconf 90' lang='lat' dir='ltr'><strong>socius</strong></span> <span class='ocrx_word' id='word_1_330' title='bbox 737 3062 981 3118; x_wconf 70' lang='lat' dir='ltr'><strong>scientiae</strong></span> <span class='ocrx_word' id='word_1_331' title='bbox 1015 3062 1251 3131; x_wconf 83' lang='lat' dir='ltr'><strong>Spiritus</strong></span> <span class='ocrx_word' id='word_1_332' title='bbox 1280 3073 1335 3118; x_wconf 89' lang='lat' dir='ltr'><strong>et</strong></span> <span class='ocrx_word' id='word_1_333' title='bbox 1369 3064 1536 3119; x_wconf 85' lang='lat' dir='ltr'><strong>divini</strong></span> <span class='ocrx_word' id='word_1_334' title='bbox 1571 3068 1785 3122; x_wconf 84' lang='lat' dir='ltr'><strong>consilii</strong></span> <span class='ocrx_word' id='word_1_335' title='bbox 1825 3071 2003 3138; x_wconf 83' lang='lat' dir='ltr'><strong>parti-</strong></span> 
     </span>
    </p>
   </div>
   <div class='ocr_carea' id='block_1_48' title="bbox 429 3156 2006 3229">
    <p class='ocr_par' dir='ltr' id='par_1_48' title="bbox 429 3156 2006 3229">
     <span class='ocr_line' id='line_1_48' title="bbox 429 3156 2006 3229; baseline 0.003 -17"><span class='ocrx_word' id='word_1_336' title='bbox 429 3171 561 3227; x_wconf 87' lang='lat' dir='ltr'><strong>ceps</strong></span> <span class='ocrx_word' id='word_1_337' title='bbox 589 3156 778 3221; x_wconf 82' lang='lat' dir='ltr'><strong>lieret;</strong></span> <span class='ocrx_word' id='word_1_338' title='bbox 811 3157 939 3227; x_wconf 88' lang='lat' dir='ltr'><strong>quia</strong></span> <span class='ocrx_word' id='word_1_339' title='bbox 969 3171 1070 3211; x_wconf 91' lang='lat' dir='ltr'><strong>nec</strong></span> <span class='ocrx_word' id='word_1_340' title='bbox 1096 3157 1258 3212; x_wconf 89' lang='lat' dir='ltr'><strong>aliter</strong></span> <span class='ocrx_word' id='word_1_341' title='bbox 1301 3169 1482 3229; x_wconf 85' lang='lat' dir='ltr'><strong>potest</strong></span> <span class='ocrx_word' id='word_1_342' title='bbox 1515 3161 1695 3216; x_wconf 88' lang='lat' dir='ltr'><strong>anima</strong></span> <span class='ocrx_word' id='word_1_343' title='bbox 1720 3162 1788 3216; x_wconf 90' lang='lat' dir='ltr'><strong>ad</strong></span> <span class='ocrx_word' id='word_1_344' title='bbox 1827 3162 2006 3216; x_wconf 85' lang='lat' dir='ltr'><strong>scien-</strong></span> 
     </span>
    </p>
   </div>
   <div class='ocr_carea' id='block_1_49' title="bbox 432 3249 2008 3326">
    <p class='ocr_par' dir='ltr' id='par_1_49' title="bbox 432 3249 2008 3326">
     <span class='ocr_line' id='line_1_49' title="bbox 432 3249 2008 3326; baseline 0.004 -22"><span class='ocrx_word' id='word_1_345' title='bbox 432 3249 519 3305; x_wconf 70' lang='lat' dir='ltr'><strong>tiae</strong></span> <span class='ocrx_word' id='word_1_346' title='bbox 579 3249 968 3326; x_wconf 80' lang='lat' dir='ltr'><strong>perfectionem</strong></span> <span class='ocrx_word' id='word_1_347' title='bbox 1026 3251 1237 3315; x_wconf 86' lang='lat' dir='ltr'><strong>venire,</strong></span> <span class='ocrx_word' id='word_1_348' title='bbox 1288 3251 1396 3307; x_wconf 86' lang='lat' dir='ltr'><strong>nisi</strong></span> <span class='ocrx_word' id='word_1_349' title='bbox 1460 3253 1660 3309; x_wconf 69' lang='lat' dir='ltr'><strong>divinae</strong></span> <span class='ocrx_word' id='word_1_350' title='bbox 1720 3254 2008 3325; x_wconf 63' lang='lat' dir='ltr'><strong>sapientiae</strong></span> 
     </span>
    </p>
   </div>
   <div class='ocr_carea' id='block_1_50' title="bbox 430 3343 1999 3415">
    <p class='ocr_par' dir='ltr' id='par_1_50' title="bbox 430 3343 1999 3415">
     <span class='ocr_line' id='line_1_50' title="bbox 430 3343 1999 3415; baseline 0.006 -19"><span class='ocrx_word' id='word_1_351' title='bbox 430 3343 596 3399; x_wconf 77' lang='lat' dir='ltr'><strong>fuerit</strong></span> <span class='ocrx_word' id='word_1_352' title='bbox 636 3343 902 3414; x_wconf 87' lang='lat' dir='ltr'><strong>inspirata</strong></span> <span class='ocrx_word' id='word_1_353' title='bbox 932 3347 1183 3402; x_wconf 83' lang='lat' dir='ltr'><strong>veritate.</strong></span> <span class='ocrx_word' id='word_1_354' title='bbox 1227 3345 1397 3415; x_wconf 89' lang='lat' dir='ltr'><strong>Igitur</strong></span> <span class='ocrx_word' id='word_1_355' title='bbox 1435 3347 1501 3403; x_wconf 89' lang='lat' dir='ltr'><strong>de</strong></span> <span class='ocrx_word' id='word_1_356' title='bbox 1548 3347 1678 3413; x_wconf 90' lang='lat' dir='ltr'><strong>Deo,</strong></span> <span class='ocrx_word' id='word_1_357' title='bbox 1715 3347 1766 3402; x_wconf 93' lang='lat' dir='ltr'><strong>id</strong></span> <span class='ocrx_word' id='word_1_358' title='bbox 1815 3359 1898 3403; x_wconf 90' lang='lat' dir='ltr'><strong>est.</strong></span> <span class='ocrx_word' id='word_1_359' title='bbox 1930 3348 1999 3405; x_wconf 89' lang='lat' dir='ltr'><strong>de</strong></span> 
     </span>
    </p>
   </div>
   <div class='ocr_carea' id='block_1_51' title="bbox 425 3434 2006 3509">
    <p class='ocr_par' dir='ltr' id='par_1_51' title="bbox 425 3434 2006 3509">
     <span class='ocr_line' id='line_1_51' title="bbox 425 3434 2006 3509; baseline 0.003 -19"><span class='ocrx_word' id='word_1_360' title='bbox 425 3434 592 3491; x_wconf 86' lang='lat' dir='ltr'><strong>Patre</strong></span> <span class='ocrx_word' id='word_1_361' title='bbox 621 3445 677 3492; x_wconf 89' lang='lat' dir='ltr'><strong>et</strong></span> <span class='ocrx_word' id='word_1_362' title='bbox 702 3437 839 3493; x_wconf 85' lang='lat' dir='ltr'><strong>Filio</strong></span> <span class='ocrx_word' id='word_1_363' title='bbox 865 3451 918 3494; x_wconf 89' lang='lat' dir='ltr'><strong>et</strong></span> <span class='ocrx_word' id='word_1_364' title='bbox 946 3437 1150 3509; x_wconf 90' lang='lat' dir='ltr'><strong>Spiritu</strong></span> <span class='ocrx_word' id='word_1_365' title='bbox 1183 3452 1374 3496; x_wconf 90' lang='lat' dir='ltr'><strong>sancto</strong></span> <span class='ocrx_word' id='word_1_366' title='bbox 1426 3441 1494 3495; x_wconf 86' lang='lat' dir='ltr'><strong>ab</strong></span> <span class='ocrx_word' id='word_1_367' title='bbox 1535 3441 1621 3495; x_wconf 93' lang='lat' dir='ltr'><strong>his</strong></span> <span class='ocrx_word' id='word_1_368' title='bbox 1660 3441 1792 3495; x_wconf 90' lang='lat' dir='ltr'><strong>viris</strong></span> <span class='ocrx_word' id='word_1_369' title='bbox 1820 3440 2006 3495; x_wconf 84' lang='lat' dir='ltr'><strong>divino</strong></span> 
     </span>
    </p>
   </div>
   <div class='ocr_carea' id='block_1_52' title="bbox 434 3526 2006 3600">
    <p class='ocr_par' dir='ltr' id='par_1_52' title="bbox 434 3526 2006 3600">
     <span class='ocr_line' id='line_1_52' title="bbox 434 3526 2006 3600; baseline 0.004 -20"><span class='ocrx_word' id='word_1_370' title='bbox 434 3526 644 3596; x_wconf 85' lang='lat' dir='ltr'><strong>Spiritu</strong></span> <span class='ocrx_word' id='word_1_371' title='bbox 673 3528 894 3598; x_wconf 85' lang='lat' dir='ltr'><strong>repletis</strong></span> <span class='ocrx_word' id='word_1_372' title='bbox 923 3530 1299 3599; x_wconf 87' lang='lat' dir='ltr'><strong>principaliter</strong></span> <span class='ocrx_word' id='word_1_373' title='bbox 1329 3531 1681 3600; x_wconf 87' lang='lat' dir='ltr'><strong>designatur;</strong></span> <span class='ocrx_word' id='word_1_374' title='bbox 1721 3539 1834 3585; x_wconf 89' lang='lat' dir='ltr'><strong>tum</strong></span> <span class='ocrx_word' id='word_1_375' title='bbox 1875 3546 2006 3586; x_wconf 90' lang='lat' dir='ltr'><strong>vero</strong></span> 
     </span>
    </p>
   </div>
   <div class='ocr_carea' id='block_1_53' title="bbox 427 3621 2003 3695">
    <p class='ocr_par' dir='ltr' id='par_1_53' title="bbox 427 3621 2003 3695">
     <span class='ocr_line' id='line_1_53' title="bbox 427 3621 2003 3695; baseline 0.003 -21"><span class='ocrx_word' id='word_1_376' title='bbox 427 3621 496 3674; x_wconf 90' lang='lat' dir='ltr'><strong>de</strong></span> <span class='ocrx_word' id='word_1_377' title='bbox 540 3623 900 3676; x_wconf 85' lang='lat' dir='ltr'><strong>sacramentis</strong></span> <span class='ocrx_word' id='word_1_378' title='bbox 951 3621 1077 3678; x_wconf 87' lang='lat' dir='ltr'><strong>Filii</strong></span> <span class='ocrx_word' id='word_1_379' title='bbox 1120 3623 1238 3691; x_wconf 87' lang='lat' dir='ltr'><strong>Dei,</strong></span> <span class='ocrx_word' id='word_1_380' title='bbox 1273 3625 1546 3695; x_wconf 88' lang='lat' dir='ltr'><strong>quomodo</strong></span> <span class='ocrx_word' id='word_1_381' title='bbox 1599 3623 1830 3678; x_wconf 83' lang='lat' dir='ltr'><strong>Verbum</strong></span> <span class='ocrx_word' id='word_1_382' title='bbox 1871 3639 2003 3678; x_wconf 70' lang='lat' dir='ltr'><strong>caro</strong></span> 
     </span>
    </p>
   </div>
   <div class='ocr_carea' id='block_1_54' title="bbox 2114 2134 3686 2208">
    <p class='ocr_par' dir='ltr' id='par_1_54' title="bbox 2114 2134 3686 2208">
     <span class='ocr_line' id='line_1_54' title="bbox 2114 2134 3686 2208; baseline -0.001 -17"><span class='ocrx_word' id='word_1_383' title='bbox 2114 2137 2280 2191; x_wconf 83' lang='grc' dir='ltr'>αὐτοῦ</span> <span class='ocrx_word' id='word_1_384' title='bbox 2313 2138 2536 2208; x_wconf 80' lang='grc' dir='ltr'>γένηται</span> <span class='ocrx_word' id='word_1_385' title='bbox 2563 2137 2848 2208; x_wconf 77' lang='grc' dir='ltr'>δογμάτων</span> <span class='ocrx_word' id='word_1_386' title='bbox 2867 2153 2880 2166; x_wconf 85' lang='grc'><strong>·</strong></span> <span class='ocrx_word' id='word_1_387' title='bbox 2902 2138 2979 2200; x_wconf 82' lang='grc' dir='ltr'>εἰς</span> <span class='ocrx_word' id='word_1_388' title='bbox 3011 2135 3066 2188; x_wconf 78' lang='grc' dir='ltr'>δὲ</span> <span class='ocrx_word' id='word_1_389' title='bbox 3087 2134 3156 2189; x_wconf 76' lang='grc' dir='ltr'>τὰ</span> <span class='ocrx_word' id='word_1_390' title='bbox 3186 2137 3313 2207; x_wconf 72' lang='grc' dir='ltr'>περ).</span> <span class='ocrx_word' id='word_1_391' title='bbox 3342 2135 3450 2188; x_wconf 81' lang='grc' dir='ltr'><strong>τῶν</strong></span> <span class='ocrx_word' id='word_1_392' title='bbox 3474 2136 3686 2207; x_wconf 72' lang='grc' dir='ltr'>ψυχῶν,</span> 
     </span>
    </p>
   </div>
   <div class='ocr_carea' id='block_1_55' title="bbox 2112 2229 3690 2303">
    <p class='ocr_par' dir='ltr' id='par_1_55' title="bbox 2112 2229 3690 2303">
     <span class='ocr_line' id='line_1_55' title="bbox 2112 2229 3690 2303; baseline -0.003 -17"><span class='ocrx_word' id='word_1_393' title='bbox 2112 2232 2212 2286; x_wconf 78' lang='grc' dir='ltr'><strong>οὐκ</strong></span> <span class='ocrx_word' id='word_1_394' title='bbox 2241 2231 2414 2295; x_wconf 81' lang='grc' dir='ltr'>ἄλλως</span> <span class='ocrx_word' id='word_1_395' title='bbox 2439 2232 2750 2302; x_wconf 85' lang='grc' dir='ltr'>δυναμένων</span> <span class='ocrx_word' id='word_1_396' title='bbox 2792 2232 2892 2303; x_wconf 80' lang='grc' dir='ltr'>τῆς</span> <span class='ocrx_word' id='word_1_397' title='bbox 2922 2229 3260 2300; x_wconf 72' lang='grc' dir='ltr'>τελειότητος</span> <span class='ocrx_word' id='word_1_398' title='bbox 3284 2233 3488 2300; x_wconf 79' lang='grc' dir='ltr'>τυχεῖν,</span> <span class='ocrx_word' id='word_1_399' title='bbox 3520 2231 3690 2302; x_wconf 64' lang='grc' dir='ltr'>χωρὶς</span> 
     </span>
    </p>
   </div>
   <div class='ocr_carea' id='block_1_56' title="bbox 2111 2321 3689 2395">
    <p class='ocr_par' dir='ltr' id='par_1_56' title="bbox 2111 2321 3689 2395">
     <span class='ocr_line' id='line_1_56' title="bbox 2111 2321 3689 2395; baseline -0.002 -17"><span class='ocrx_word' id='word_1_400' title='bbox 2111 2325 2212 2395; x_wconf 79' lang='grc' dir='ltr'>τῆς</span> <span class='ocrx_word' id='word_1_401' title='bbox 2246 2325 2503 2388; x_wconf 77' lang='grc' dir='ltr'>πλουσίας</span> <span class='ocrx_word' id='word_1_402' title='bbox 2529 2327 2624 2377; x_wconf 61' lang='grc' dir='ltr'><strong>καὶ¹</strong></span> <span class='ocrx_word' id='word_1_403' title='bbox 2650 2324 2820 2394; x_wconf 77' lang='grc' dir='ltr'>σοφῆς</span> <span class='ocrx_word' id='word_1_404' title='bbox 2849 2323 2975 2394; x_wconf 75' lang='grc' dir='ltr'>περὶ</span> <span class='ocrx_word' id='word_1_405' title='bbox 2998 2321 3132 2375; x_wconf 87' lang='grc' dir='ltr'>Θεοῦ</span> <span class='ocrx_word' id='word_1_406' title='bbox 3167 2321 3444 2392; x_wconf 76' lang='grc' dir='ltr'>ἀληθείας,</span> <span class='ocrx_word' id='word_1_407' title='bbox 3464 2323 3532 2375; x_wconf 75' lang='grc' dir='ltr'>τὰ</span> <span class='ocrx_word' id='word_1_408' title='bbox 3562 2323 3689 2392; x_wconf 72' lang='grc' dir='ltr'>περὶ</span> 
     </span>
    </p>
   </div>
   <div class='ocr_carea' id='block_1_57' title="bbox 2107 2412 3685 2486">
    <p class='ocr_par' dir='ltr' id='par_1_57' title="bbox 2107 2412 3685 2486">
     <span class='ocr_line' id='line_1_57' title="bbox 2107 2412 3685 2486; baseline -0.001 -15"><span class='ocrx_word' id='word_1_409' title='bbox 2107 2416 2242 2471; x_wconf 83' lang='grc' dir='ltr'>Θεοῦ</span> <span class='ocrx_word' id='word_1_410' title='bbox 2287 2415 2599 2486; x_wconf 71' lang='grc' dir='ltr'>ἀναγκαίως</span> <span class='ocrx_word' id='word_1_411' title='bbox 2629 2415 2704 2478; x_wconf 79' lang='grc' dir='ltr'>ὡς</span> <span class='ocrx_word' id='word_1_412' title='bbox 2736 2412 3122 2484; x_wconf 78' lang='grc' dir='ltr'>προηγούμενα</span> <span class='ocrx_word' id='word_1_413' title='bbox 3153 2413 3436 2476; x_wconf 83' lang='grc' dir='ltr'>τέτακται,</span> <span class='ocrx_word' id='word_1_414' title='bbox 3475 2417 3569 2468; x_wconf 76' lang='grc' dir='ltr'><strong>καὶ</strong></span> <span class='ocrx_word' id='word_1_415' title='bbox 3591 2415 3685 2468; x_wconf 82' lang='grc' dir='ltr'><strong>τοῦ</strong></span> 
     </span>
    </p>
   </div>
   <div class='ocr_carea' id='block_1_58' title="bbox 2103 2505 3686 2581">
    <p class='ocr_par' dir='ltr' id='par_1_58' title="bbox 2103 2505 3686 2581">
     <span class='ocr_line' id='line_1_58' title="bbox 2103 2505 3686 2581; baseline -0.002 -16"><span class='ocrx_word' id='word_1_416' title='bbox 2103 2509 2444 2578; x_wconf 75' lang='grc' dir='ltr'>Μονογενοῦς</span> <span class='ocrx_word' id='word_1_417' title='bbox 2472 2506 2655 2561; x_wconf 76' lang='grc' dir='ltr'>αὐτοῦ·</span> <span class='ocrx_word' id='word_1_418' title='bbox 2693 2507 2850 2570; x_wconf 80' lang='grc' dir='ltr'>ποίας</span> <span class='ocrx_word' id='word_1_419' title='bbox 2873 2507 2992 2559; x_wconf 65' lang='grc' dir='ltr'>ἐστὶ</span> <span class='ocrx_word' id='word_1_420' title='bbox 3013 2505 3248 2574; x_wconf 83' lang='grc' dir='ltr'>φύσεως,</span> <span class='ocrx_word' id='word_1_421' title='bbox 3282 2508 3378 2559; x_wconf 74' lang='grc' dir='ltr'><strong>καὶ</strong></span> <span class='ocrx_word' id='word_1_422' title='bbox 3407 2507 3530 2561; x_wconf 89' lang='grc' dir='ltr'>τίνα</span> <span class='ocrx_word' id='word_1_423' title='bbox 3558 2509 3686 2581; x_wconf 86' lang='grc' dir='ltr'>τρό-</span> 
     </span>
    </p>
   </div>
   <div class='ocr_carea' id='block_1_59' title="bbox 2106 2597 3689 2671">
    <p class='ocr_par' dir='ltr' id='par_1_59' title="bbox 2106 2597 3689 2671">
     <span class='ocr_line' id='line_1_59' title="bbox 2106 2597 3689 2671; baseline -0.001 -16"><span class='ocrx_word' id='word_1_424' title='bbox 2106 2619 2205 2656; x_wconf 84' lang='grc' dir='ltr'><strong>πον</strong></span> <span class='ocrx_word' id='word_1_425' title='bbox 2230 2603 2356 2664; x_wconf 81' lang='grc' dir='ltr'>Υἱὸς</span> <span class='ocrx_word' id='word_1_426' title='bbox 2377 2599 2635 2670; x_wconf 82' lang='grc' dir='ltr'>τυγχάνει</span> <span class='ocrx_word' id='word_1_427' title='bbox 2678 2597 2813 2651; x_wconf 86' lang='grc' dir='ltr'>Θεοῦ</span> <span class='ocrx_word' id='word_1_428' title='bbox 2832 2616 2844 2628; x_wconf 86' lang='grc'><strong>·</strong></span> <span class='ocrx_word' id='word_1_429' title='bbox 2881 2597 2975 2651; x_wconf 77' lang='grc' dir='ltr'>καὶ</span> <span class='ocrx_word' id='word_1_430' title='bbox 3005 2599 3149 2662; x_wconf 87' lang='grc' dir='ltr'>τίνες</span> <span class='ocrx_word' id='word_1_431' title='bbox 3177 2599 3233 2652; x_wconf 87' lang='grc' dir='ltr'>αἱ</span> <span class='ocrx_word' id='word_1_432' title='bbox 3264 2598 3433 2652; x_wconf 76' lang='grc' dir='ltr'>αἰτίαι</span> <span class='ocrx_word' id='word_1_433' title='bbox 3465 2599 3560 2652; x_wconf 81' lang='grc' dir='ltr'><strong>τοῦ</strong></span> <span class='ocrx_word' id='word_1_434' title='bbox 3595 2599 3689 2671; x_wconf 84' lang='grc' dir='ltr'>μέ-</span> 
     </span>
    </p>
   </div>
   <div class='ocr_carea' id='block_1_60' title="bbox 2105 2690 3682 2770">
    <p class='ocr_par' dir='ltr' id='par_1_60' title="bbox 2105 2690 3682 2770">
     <span class='ocr_line' id='line_1_60' title="bbox 2105 2690 3682 2770; baseline -0.003 -20"><span class='ocrx_word' id='word_1_435' title='bbox 2105 2715 2195 2770; x_wconf 85' lang='grc' dir='ltr'><strong>χρι</strong></span> <span class='ocrx_word' id='word_1_436' title='bbox 2219 2695 2419 2768; x_wconf 75' lang='grc' dir='ltr'>σαρκὸς</span> <span class='ocrx_word' id='word_1_437' title='bbox 2451 2693 2797 2764; x_wconf 70' lang='grc' dir='ltr'>ἀνθρωπίνης</span> <span class='ocrx_word' id='word_1_438' title='bbox 2854 2691 2963 2762; x_wconf 74' lang='grc'>(55)</span> <span class='ocrx_word' id='word_1_439' title='bbox 3013 2690 3175 2744; x_wconf 73' lang='grc' dir='ltr'>αὑτὸν</span> <span class='ocrx_word' id='word_1_440' title='bbox 3220 2690 3682 2761; x_wconf 72' lang='grc' dir='ltr'>καταϐεϐηκέναι,</span> 
     </span>
    </p>
   </div>
   <div class='ocr_carea' id='block_1_61' title="bbox 2107 2781 3688 2858">
    <p class='ocr_par' dir='ltr' id='par_1_61' title="bbox 2107 2781 3688 2858">
     <span class='ocr_line' id='line_1_61' title="bbox 2107 2781 3688 2858; baseline -0.002 -15"><span class='ocrx_word' id='word_1_441' title='bbox 2107 2790 2200 2843; x_wconf 73' lang='grc' dir='ltr'><strong>καὶ</strong></span> <span class='ocrx_word' id='word_1_442' title='bbox 2233 2789 2409 2858; x_wconf 78' lang='grc' dir='ltr'>πάντη</span> <span class='ocrx_word' id='word_1_443' title='bbox 2442 2785 2724 2857; x_wconf 86' lang='grc' dir='ltr'>ἄνθρωπον</span> <span class='ocrx_word' id='word_1_444' title='bbox 2760 2782 3144 2854; x_wconf 83' lang='grc' dir='ltr'>ἀνειληφέναι·</span> <span class='ocrx_word' id='word_1_445' title='bbox 3176 2783 3261 2847; x_wconf 88' lang='grc' dir='ltr'><strong>τίς</strong></span> <span class='ocrx_word' id='word_1_446' title='bbox 3288 2800 3349 2836; x_wconf 82' lang='grc' dir='ltr'><strong>τε</strong></span> <span class='ocrx_word' id='word_1_447' title='bbox 3377 2785 3469 2838; x_wconf 73' lang='grc' dir='ltr'><strong>καὶ</strong></span> <span class='ocrx_word' id='word_1_448' title='bbox 3497 2788 3530 2855; x_wconf 81' lang='grc' dir='ltr'>ἡ</span> <span class='ocrx_word' id='word_1_449' title='bbox 3559 2781 3688 2840; x_wconf 79' lang='grc' dir='ltr'>τού-</span> 
     </span>
    </p>
   </div>
   <div class='ocr_carea' id='block_1_62' title="bbox 2104 2875 3684 2954">
    <p class='ocr_par' dir='ltr' id='par_1_62' title="bbox 2104 2875 3684 2954">
     <span class='ocr_line' id='line_1_62' title="bbox 2104 2875 3684 2954; baseline 0 -19"><span class='ocrx_word' id='word_1_450' title='bbox 2104 2899 2197 2936; x_wconf 88' lang='grc' dir='ltr'><strong>του</strong></span> <span class='ocrx_word' id='word_1_451' title='bbox 2221 2879 2469 2953; x_wconf 80' lang='grc' dir='ltr'>ὲνέργεια</span> <span class='ocrx_word' id='word_1_452' title='bbox 2501 2878 2609 2946; x_wconf 69' lang='grc'>(54)</span> <span class='ocrx_word' id='word_1_453' title='bbox 2633 2895 2645 2906; x_wconf 92' lang='grc'><strong>·</strong></span> <span class='ocrx_word' id='word_1_454' title='bbox 2681 2877 2775 2930; x_wconf 72' lang='grc' dir='ltr'><strong>καὶ</strong></span> <span class='ocrx_word' id='word_1_455' title='bbox 2809 2878 2889 2939; x_wconf 78' lang='grc' dir='ltr'>εἰς</span> <span class='ocrx_word' id='word_1_456' title='bbox 2912 2875 3085 2939; x_wconf 82' lang='grc' dir='ltr'>τίνας,</span> <span class='ocrx_word' id='word_1_457' title='bbox 3112 2877 3207 2930; x_wconf 73' lang='grc' dir='ltr'><strong>καὶ</strong></span> <span class='ocrx_word' id='word_1_458' title='bbox 3242 2876 3373 2930; x_wconf 81' lang='grc' dir='ltr'>πότε</span> <span class='ocrx_word' id='word_1_459' title='bbox 3405 2880 3684 2954; x_wconf 88' lang='grc' dir='ltr'>γινομένη.</span> 
     </span>
    </p>
   </div>
   <div class='ocr_carea' id='block_1_63' title="bbox 2119 2967 3690 3042">
    <p class='ocr_par' dir='ltr' id='par_1_63' title="bbox 2119 2967 3690 3042">
     <span class='ocr_line' id='line_1_63' title="bbox 2119 2967 3690 3042; baseline -0.001 -16"><span class='ocrx_word' id='word_1_460' title='bbox 2119 2973 2454 3042; x_wconf 79' lang='grc' dir='ltr'>Ἀναγκαίως</span> <span class='ocrx_word' id='word_1_461' title='bbox 2482 2971 2538 3023; x_wconf 78' lang='grc' dir='ltr'><strong>δὲ</strong></span> <span class='ocrx_word' id='word_1_462' title='bbox 2570 2970 2644 3032; x_wconf 81' lang='grc' dir='ltr'>ὼς</span> <span class='ocrx_word' id='word_1_463' title='bbox 2676 2969 2803 3039; x_wconf 69' lang='grc' dir='ltr'>περὶ</span> <span class='ocrx_word' id='word_1_464' title='bbox 2838 2967 3114 3036; x_wconf 77' lang='grc' dir='ltr'>συγγενῶν</span> <span class='ocrx_word' id='word_1_465' title='bbox 3143 2969 3367 3023; x_wconf 77' lang='grc' dir='ltr'>καὶτῶν</span> <span class='ocrx_word' id='word_1_466' title='bbox 3394 2971 3564 3024; x_wconf 85' lang='grc' dir='ltr'>ἄλλων</span> <span class='ocrx_word' id='word_1_467' title='bbox 3599 2971 3690 3025; x_wconf 63' lang='grc' dir='ltr'><strong>λου</strong></span> 
     </span>
    </p>
   </div>
   <div class='ocr_carea' id='block_1_64' title="bbox 2107 3060 3689 3134">
    <p class='ocr_par' dir='ltr' id='par_1_64' title="bbox 2107 3060 3689 3134">
     <span class='ocr_line' id='line_1_64' title="bbox 2107 3060 3689 3134; baseline -0.001 -17"><span class='ocrx_word' id='word_1_468' title='bbox 2107 3063 2279 3134; x_wconf 82' lang='grc' dir='ltr'>γικῶν</span> <span class='ocrx_word' id='word_1_469' title='bbox 2325 3061 2613 3132; x_wconf 77' lang='grc' dir='ltr'>θειοτέρων</span> <span class='ocrx_word' id='word_1_470' title='bbox 2646 3077 2706 3113; x_wconf 91' lang='grc' dir='ltr'><strong>τε</strong></span> <span class='ocrx_word' id='word_1_471' title='bbox 2763 3061 2856 3113; x_wconf 76' lang='grc' dir='ltr'><strong>καὶ</strong></span> <span class='ocrx_word' id='word_1_472' title='bbox 2893 3060 3332 3114; x_wconf 79' lang='grc' dir='ltr'>ἐκπεπτωκότων</span> <span class='ocrx_word' id='word_1_473' title='bbox 3381 3061 3480 3132; x_wconf 80' lang='grc' dir='ltr'>τῆς</span> <span class='ocrx_word' id='word_1_474' title='bbox 3515 3079 3689 3131; x_wconf 72' lang='grc' dir='ltr'>μακαο</span> 
     </span>
    </p>
   </div>
   <div class='ocr_carea' id='block_1_65' title="bbox 2110 3153 3688 3230">
    <p class='ocr_par' dir='ltr' id='par_1_65' title="bbox 2110 3153 3688 3230">
     <span class='ocr_line' id='line_1_65' title="bbox 2110 3153 3688 3230; baseline -0.003 -19"><span class='ocrx_word' id='word_1_475' title='bbox 2110 3158 2376 3230; x_wconf 84' lang='grc' dir='ltr'>ριότητος,</span> <span class='ocrx_word' id='word_1_476' title='bbox 2411 3156 2506 3209; x_wconf 72' lang='grc' dir='ltr'><strong>καὶ</strong></span> <span class='ocrx_word' id='word_1_477' title='bbox 2550 3154 2657 3207; x_wconf 82' lang='grc' dir='ltr'><strong>τῶν</strong></span> <span class='ocrx_word' id='word_1_478' title='bbox 2691 3153 2879 3207; x_wconf 84' lang='grc' dir='ltr'>αἰτίων</span> <span class='ocrx_word' id='word_1_479' title='bbox 2913 3153 3023 3224; x_wconf 78' lang='grc'>(55)</span> <span class='ocrx_word' id='word_1_480' title='bbox 3063 3154 3162 3224; x_wconf 81' lang='grc' dir='ltr'>τῆς</span> <span class='ocrx_word' id='word_1_481' title='bbox 3212 3153 3419 3207; x_wconf 88' lang='grc' dir='ltr'>τούτων</span> <span class='ocrx_word' id='word_1_482' title='bbox 3477 3155 3688 3208; x_wconf 76' lang='grc' dir='ltr'>ἐκπτώ-</span> 
     </span>
    </p>
   </div>
   <div class='ocr_carea' id='block_1_66' title="bbox 2110 3248 3688 3322">
    <p class='ocr_par' dir='ltr' id='par_1_66' title="bbox 2110 3248 3688 3322">
     <span class='ocr_line' id='line_1_66' title="bbox 2110 3248 3688 3322; baseline -0.003 -16"><span class='ocrx_word' id='word_1_483' title='bbox 2110 3269 2266 3316; x_wconf 88' lang='grc' dir='ltr'>σεως,</span> <span class='ocrx_word' id='word_1_484' title='bbox 2319 3249 2488 3322; x_wconf 74' lang='grc' dir='ltr'>ἐχρῆν</span> <span class='ocrx_word' id='word_1_485' title='bbox 2517 3250 2598 3312; x_wconf 80' lang='grc' dir='ltr'>εἰς</span> <span class='ocrx_word' id='word_1_486' title='bbox 2644 3249 2770 3312; x_wconf 77' lang='grc' dir='ltr'>τοὺς</span> <span class='ocrx_word' id='word_1_487' title='bbox 2823 3249 3012 3318; x_wconf 78' lang='grc' dir='ltr'>λόγους</span> <span class='ocrx_word' id='word_1_488' title='bbox 3044 3248 3368 3318; x_wconf 76' lang='grc' dir='ltr'>ἀνειλῆφθαι</span> <span class='ocrx_word' id='word_1_489' title='bbox 3398 3248 3497 3316; x_wconf 79' lang='grc' dir='ltr'><strong>τῆς</strong></span> <span class='ocrx_word' id='word_1_490' title='bbox 3537 3248 3688 3314; x_wconf 82' lang='grc' dir='ltr'>θείας</span> 
     </span>
    </p>
   </div>
   <div class='ocr_carea' id='block_1_67' title="bbox 2106 3340 3688 3412">
    <p class='ocr_par' dir='ltr' id='par_1_67' title="bbox 2106 3340 3688 3412">
     <span class='ocr_line' id='line_1_67' title="bbox 2106 3340 3688 3412; baseline -0.002 -14"><span class='ocrx_word' id='word_1_491' title='bbox 2106 3342 2480 3406; x_wconf 80' lang='grc' dir='ltr'>διδασκαλίας·</span> <span class='ocrx_word' id='word_1_492' title='bbox 2525 3342 2617 3394; x_wconf 73' lang='grc' dir='ltr'>καὶ</span> <span class='ocrx_word' id='word_1_493' title='bbox 2646 3342 2774 3412; x_wconf 74' lang='grc' dir='ltr'>περὶ</span> <span class='ocrx_word' id='word_1_494' title='bbox 2803 3341 2901 3412; x_wconf 76' lang='grc' dir='ltr'>τῆς</span> <span class='ocrx_word' id='word_1_495' title='bbox 2932 3341 3192 3412; x_wconf 76' lang='grc' dir='ltr'>διαφορᾶς</span> <span class='ocrx_word' id='word_1_496' title='bbox 3207 3340 3315 3394; x_wconf 84' lang='grc' dir='ltr'><strong>τῶν</strong></span> <span class='ocrx_word' id='word_1_497' title='bbox 3338 3340 3524 3411; x_wconf 63' lang='grc' dir='ltr'>ψυχῶν</span> <span class='ocrx_word' id='word_1_498' title='bbox 3545 3358 3560 3372; x_wconf 89' lang='grc'><strong>·</strong></span> <span class='ocrx_word' id='word_1_499' title='bbox 3593 3341 3688 3396; x_wconf 80' lang='grc' dir='ltr'>καὶ</span> 
     </span>
    </p>
   </div>
   <div class='ocr_carea' id='block_1_68' title="bbox 2109 3431 3687 3506">
    <p class='ocr_par' dir='ltr' id='par_1_68' title="bbox 2109 3431 3687 3506">
     <span class='ocr_line' id='line_1_68' title="bbox 2109 3431 3687 3506; baseline -0.001 -16"><span class='ocrx_word' id='word_1_500' title='bbox 2109 3437 2273 3491; x_wconf 88' lang='grc' dir='ltr'>πόθεν</span> <span class='ocrx_word' id='word_1_501' title='bbox 2301 3440 2354 3490; x_wconf 85' lang='grc' dir='ltr'>αἱ</span> <span class='ocrx_word' id='word_1_502' title='bbox 2383 3436 2636 3506; x_wconf 67' lang='grc' dir='ltr'>διαφοραὶ</span> <span class='ocrx_word' id='word_1_503' title='bbox 2664 3431 2822 3490; x_wconf 66' lang='grc' dir='ltr'>αὗται</span> <span class='ocrx_word' id='word_1_504' title='bbox 2855 3434 3174 3504; x_wconf 74' lang='grc' dir='ltr'>ἐληλύθασι·</span> <span class='ocrx_word' id='word_1_505' title='bbox 3209 3435 3294 3499; x_wconf 83' lang='grc' dir='ltr'><strong>τίς</strong></span> <span class='ocrx_word' id='word_1_506' title='bbox 3323 3452 3385 3488; x_wconf 88' lang='grc' dir='ltr'><strong>τε</strong></span> <span class='ocrx_word' id='word_1_507' title='bbox 3415 3436 3442 3488; x_wconf 87' lang='grc' dir='ltr'>ὁ</span> <span class='ocrx_word' id='word_1_508' title='bbox 3483 3434 3687 3504; x_wconf 87' lang='grc' dir='ltr'>κόσμος</span> 
     </span>
    </p>
   </div>
   <div class='ocr_carea' id='block_1_69' title="bbox 2109 3526 3684 3600">
    <p class='ocr_par' dir='ltr' id='par_1_69' title="bbox 2109 3526 3684 3600">
     <span class='ocr_line' id='line_1_69' title="bbox 2109 3526 3684 3600; baseline -0.002 -17"><span class='ocrx_word' id='word_1_509' title='bbox 2109 3533 2203 3584; x_wconf 79' lang='grc' dir='ltr'>καὶ</span> <span class='ocrx_word' id='word_1_510' title='bbox 2230 3530 2316 3583; x_wconf 74' lang='grc' dir='ltr'><strong>διὰ</strong></span> <span class='ocrx_word' id='word_1_511' title='bbox 2364 3528 2416 3582; x_wconf 86' lang='grc' dir='ltr'><strong>τί</strong></span> <span class='ocrx_word' id='word_1_512' title='bbox 2449 3528 2679 3599; x_wconf 77' lang='grc' dir='ltr'>ὑπέστη.</span> <span class='ocrx_word' id='word_1_513' title='bbox 2714 3528 2836 3580; x_wconf 86' lang='grc' dir='ltr'><strong>Ἔτι</strong></span> <span class='ocrx_word' id='word_1_514' title='bbox 2869 3526 2923 3580; x_wconf 82' lang='grc' dir='ltr'>δὲ</span> <span class='ocrx_word' id='word_1_515' title='bbox 2953 3527 3117 3580; x_wconf 86' lang='grc' dir='ltr'>πόθεν</span> <span class='ocrx_word' id='word_1_516' title='bbox 3157 3529 3190 3598; x_wconf 83' lang='grc' dir='ltr'><strong>ἡ</strong></span> <span class='ocrx_word' id='word_1_517' title='bbox 3238 3528 3404 3581; x_wconf 81' lang='grc' dir='ltr'>κακία</span> <span class='ocrx_word' id='word_1_518' title='bbox 3447 3528 3684 3600; x_wconf 78' lang='grc' dir='ltr'>τοσαύτη</span> 
     </span>
    </p>
   </div>
   <div class='ocr_carea' id='block_1_70' title="bbox 2109 3599 3685 3696">
    <p class='ocr_par' dir='ltr' id='par_1_70' title="bbox 2109 3599 3685 3696">
     <span class='ocr_line' id='line_1_70' title="bbox 2109 3599 3685 3696; baseline -0.006 -16"><span class='ocrx_word' id='word_1_519' title='bbox 2109 3627 2204 3680; x_wconf 73' lang='grc' dir='ltr'><strong>καὶ</strong></span> <span class='ocrx_word' id='word_1_520' title='bbox 2241 3624 2543 3696; x_wconf 80' lang='grc' dir='ltr'>τηλικαύτη</span> <span class='ocrx_word' id='word_1_521' title='bbox 2581 3599 2864 3675; x_wconf 48' lang='grc' dir='ltr'>ὲστὶνέπὶ</span> <span class='ocrx_word' id='word_1_522' title='bbox 2906 3621 3030 3691; x_wconf 73' lang='grc' dir='ltr'>γῆς,</span> <span class='ocrx_word' id='word_1_523' title='bbox 3077 3621 3172 3674; x_wconf 71' lang='grc' dir='ltr'><strong>καὶ</strong></span> <span class='ocrx_word' id='word_1_524' title='bbox 3213 3623 3260 3673; x_wconf 83' lang='grc' dir='ltr'><strong>εί</strong></span> <span class='ocrx_word' id='word_1_525' title='bbox 3289 3622 3362 3692; x_wconf 76' lang='grc' dir='ltr'>μὴ</span> <span class='ocrx_word' id='word_1_526' title='bbox 3409 3621 3568 3693; x_wconf 87' lang='grc' dir='ltr'>μόνον</span> <span class='ocrx_word' id='word_1_527' title='bbox 3595 3623 3685 3673; x_wconf 76' lang='grc' dir='ltr'><strong>ἐπι</strong></span> 
     </span>
    </p>
   </div>
   <div class='ocr_carea' id='block_1_71' title="bbox 426 3711 2008 3791">
    <p class='ocr_par' dir='ltr' id='par_1_71' title="bbox 426 3712 1991 3791">
     <span class='ocr_line' id='line_1_71' title="bbox 426 3712 1991 3791; baseline 0.003 -25"><span class='ocrx_word' id='word_1_528' title='bbox 426 3712 630 3768; x_wconf 78' lang='lat' dir='ltr'><strong>factum</strong></span> <span class='ocrx_word' id='word_1_529' title='bbox 667 3716 753 3776; x_wconf 90' lang='lat' dir='ltr'><strong>sit.</strong></span> <span class='ocrx_word' id='word_1_530' title='bbox 787 3724 839 3770; x_wconf 89' lang='lat' dir='ltr'><strong>et</strong></span> <span class='ocrx_word' id='word_1_531' title='bbox 867 3730 974 3786; x_wconf 87' lang='lat' dir='ltr'><strong>qua</strong></span> <span class='ocrx_word' id='word_1_532' title='bbox 1007 3716 1073 3771; x_wconf 89' lang='lat' dir='ltr'><strong>de</strong></span> <span class='ocrx_word' id='word_1_533' title='bbox 1099 3732 1270 3774; x_wconf 89' lang='lat' dir='ltr'><strong>causa</strong></span> <span class='ocrx_word' id='word_1_534' title='bbox 1311 3736 1487 3791; x_wconf 87' lang='lat' dir='ltr'><strong>usque</strong></span> <span class='ocrx_word' id='word_1_535' title='bbox 1517 3717 1585 3772; x_wconf 89' lang='lat' dir='ltr'><strong>ad</strong></span> <span class='ocrx_word' id='word_1_536' title='bbox 1619 3716 1850 3772; x_wconf 83' lang='lat' dir='ltr'><strong>formam</strong></span> <span class='ocrx_word' id='word_1_537' title='bbox 1881 3733 1991 3772; x_wconf 91' lang='lat' dir='ltr'><strong>scr-</strong></span> 
     </span>
    </p>
   </div>
   <div class='ocr_carea' id='block_1_72' title="bbox 2112 3711 3686 3791">
    <p class='ocr_par' dir='ltr' id='par_1_72' title="bbox 2112 3711 3686 3790">
     <span class='ocr_line' id='line_1_72' title="bbox 2112 3711 3686 3790; baseline -0.003 -18"><span class='ocrx_word' id='word_1_538' title='bbox 2112 3719 2232 3790; x_wconf 77' lang='grc' dir='ltr'>γῆς,</span> <span class='ocrx_word' id='word_1_539' title='bbox 2266 3717 2400 3772; x_wconf 66' lang='grc' dir='ltr'>ἀλλὰ</span> <span class='ocrx_word' id='word_1_540' title='bbox 2462 3718 2558 3770; x_wconf 76' lang='grc' dir='ltr'><strong>καὶ</strong></span> <span class='ocrx_word' id='word_1_541' title='bbox 2605 3714 2864 3786; x_wconf 72' lang='grc' dir='ltr'>ἀλλαχοῦ,</span> <span class='ocrx_word' id='word_1_542' title='bbox 2927 3715 3224 3782; x_wconf 85' lang='grc' dir='ltr'>ἀναγκαῖον</span> <span class='ocrx_word' id='word_1_543' title='bbox 3271 3715 3418 3785; x_wconf 79' lang='grc' dir='ltr'>ἡμᾶς</span> <span class='ocrx_word' id='word_1_544' title='bbox 3472 3711 3686 3785; x_wconf 82' lang='grc' dir='ltr'>μαθεῖν.</span> 
     </span>
    </p>
   </div>
   <div class='ocr_carea' id='block_1_73' title="bbox 1627 3831 2440 3894">
    <p class='ocr_par' dir='ltr' id='par_1_73' title="bbox 1627 3831 2440 3894">
     <span class='ocr_line' id='line_1_73' title="bbox 1627 3831 2440 3894; baseline -0.005 -4"><span class='ocrx_word' id='word_1_545' title='bbox 1627 3833 2190 3894; x_wconf 74' lang='lat' dir='ltr'><strong>lNTERPRETATlO</strong></span> <span class='ocrx_word' id='word_1_546' title='bbox 2229 3831 2440 3887; x_wconf 79' lang='lat' dir='ltr'><strong>NOVA.</strong></span> 
     </span>
    </p>
   </div>
   <div class='ocr_carea' id='block_1_74' title="bbox 510 3910 3668 3984">
    <p class='ocr_par' dir='ltr' id='par_1_74' title="bbox 510 3910 3668 3984">
     <span class='ocr_line' id='line_1_74' title="bbox 510 3910 3668 3984; baseline 0.002 -19"><span class='ocrx_word' id='word_1_547' title='bbox 510 3913 596 3966; x_wconf 72' lang='grc'><strong>14.</strong></span> <span class='ocrx_word' id='word_1_548' title='bbox 620 3910 755 3984; x_wconf 65' lang='lat' dir='ltr'><strong>Quae</strong></span> <span class='ocrx_word' id='word_1_549' title='bbox 783 3926 907 3984; x_wconf 82' lang='lat' dir='ltr'><strong>cum</strong></span> <span class='ocrx_word' id='word_1_550' title='bbox 958 3912 1030 3967; x_wconf 91' lang='lat' dir='ltr'><strong>ita</strong></span> <span class='ocrx_word' id='word_1_551' title='bbox 1074 3913 1202 3984; x_wconf 84' lang='lat' dir='ltr'><strong>sint.</strong></span> <span class='ocrx_word' id='word_1_552' title='bbox 1245 3913 1626 3969; x_wconf 70' lang='lat' dir='ltr'><strong>adumbrandre</strong></span> <span class='ocrx_word' id='word_1_553' title='bbox 1656 3923 1783 3969; x_wconf 88' lang='lat' dir='ltr'><strong>sunt</strong></span> <span class='ocrx_word' id='word_1_554' title='bbox 1826 3929 1946 3984; x_wconf 74' lang='lat' dir='ltr'><strong>quze</strong></span> <span class='ocrx_word' id='word_1_555' title='bbox 1989 3913 2145 3968; x_wconf 87' lang='lat' dir='ltr'><strong>nobis</strong></span> <span class='ocrx_word' id='word_1_556' title='bbox 2190 3914 2472 3984; x_wconf 84' lang='lat' dir='ltr'><strong>videntur,</strong></span> <span class='ocrx_word' id='word_1_557' title='bbox 2504 3911 2968 3984; x_wconf 87' lang='lat' dir='ltr'><strong>intelligendarum</strong></span> <span class='ocrx_word' id='word_1_558' title='bbox 3007 3910 3419 3984; x_wconf 87' lang='lat' dir='ltr'><strong>_S_cripturarum_</strong></span> <span class='ocrx_word' id='word_1_559' title='bbox 3462 3911 3668 3971; x_wconf 67' lang='lat' dir='ltr'><strong>formm.</strong></span> 
     </span>
    </p>
   </div>
   <div class='ocr_carea' id='block_1_75' title="bbox 436 3980 3670 4054">
    <p class='ocr_par' dir='ltr' id='par_1_75' title="bbox 436 3980 3670 4054">
     <span class='ocr_line' id='line_1_75' title="bbox 436 3980 3670 4054; baseline -0 -16"><span class='ocrx_word' id='word_1_560' title='bbox 436 3982 517 4054; x_wconf 79' lang='lat' dir='ltr'><strong>Ae</strong></span> <span class='ocrx_word' id='word_1_561' title='bbox 552 3981 783 4054; x_wconf 82' lang='lat' dir='ltr'><strong>primum</strong></span> <span class='ocrx_word' id='word_1_562' title='bbox 823 3982 1036 4054; x_wconf 80' lang='lat' dir='ltr'><strong>quidem</strong></span> <span class='ocrx_word' id='word_1_563' title='bbox 1076 3983 1204 4054; x_wconf 89' lang='lat' dir='ltr'><strong>illud</strong></span> <span class='ocrx_word' id='word_1_564' title='bbox 1242 3984 1715 4054; x_wconf 86' lang='lat' dir='ltr'><strong>demonstrandum</strong></span> <span class='ocrx_word' id='word_1_565' title='bbox 1753 3980 2129 4052; x_wconf 40' lang='lat' dir='ltr'><strong>est—Spiritum</strong></span> <span class='ocrx_word' id='word_1_566' title='bbox 2160 3983 2250 4052; x_wconf 90' lang='lat' dir='ltr'><strong>qui</strong></span> <span class='ocrx_word' id='word_1_567' title='bbox 2285 3983 2464 4054; x_wconf 83' lang='lat' dir='ltr'><strong>divina</strong></span> <span class='ocrx_word' id='word_1_568' title='bbox 2503 3980 2836 4054; x_wconf 76' lang='lat' dir='ltr'><strong>providentia</strong></span> <span class='ocrx_word' id='word_1_569' title='bbox 2874 3998 2970 4053; x_wconf 91' lang='lat' dir='ltr'><strong>per</strong></span> <span class='ocrx_word' id='word_1_570' title='bbox 2991 3980 3240 4054; x_wconf 24' lang='lat' dir='ltr'><strong>‘V&#39;erbum</strong></span> <span class='ocrx_word' id='word_1_571' title='bbox 3281 3981 3575 4054; x_wconf 87' lang='lat' dir='ltr'><strong>quod_erat</strong></span> <span class='ocrx_word' id='word_1_572' title='bbox 3612 3985 3670 4040; x_wconf 91' lang='lat' dir='ltr'><strong>in</strong></span> 
     </span>
    </p>
   </div>
   <div class='ocr_carea' id='block_1_76' title="bbox 438 4050 3673 4123">
    <p class='ocr_par' dir='ltr' id='par_1_76' title="bbox 438 4050 3673 4123">
     <span class='ocr_line' id='line_1_76' title="bbox 438 4050 3673 4123; baseline 0.001 -19"><span class='ocrx_word' id='word_1_573' title='bbox 438 4050 701 4123; x_wconf 89' lang='lat' dir='ltr'><strong>principio</strong></span> <span class='ocrx_word' id='word_1_574' title='bbox 749 4052 891 4121; x_wconf 91' lang='lat' dir='ltr'><strong>apud</strong></span> <span class='ocrx_word' id='word_1_575' title='bbox 935 4050 1143 4123; x_wconf 78' lang='lat' dir='ltr'><strong>Deum,</strong></span> <span class='ocrx_word' id='word_1_576' title='bbox 1185 4054 1460 4106; x_wconf 90' lang='lat' dir='ltr'><strong>ministros</strong></span> <span class='ocrx_word' id='word_1_577' title='bbox 1497 4053 1734 4108; x_wconf 85' lang='lat' dir='ltr'><strong>veritatis</strong></span> <span class='ocrx_word' id='word_1_578' title='bbox 1771 4050 2061 4123; x_wconf 87' lang='lat' dir='ltr'><strong>prophetas</strong></span> <span class='ocrx_word' id='word_1_579' title='bbox 2113 4050 2192 4108; x_wconf 61' lang='grc' dir='ltr'>οι</span> <span class='ocrx_word' id='word_1_580' title='bbox 2221 4050 2517 4123; x_wconf 57' lang='grc' dir='ltr'>αρυςιοίοε</span> <span class='ocrx_word' id='word_1_581' title='bbox 2542 4050 2897 4117; x_wconf 65' lang='lat' dir='ltr'><strong>illuminavit,</strong></span> <span class='ocrx_word' id='word_1_582' title='bbox 2937 4052 3017 4123; x_wconf 86' lang='lat' dir='ltr'><strong>ad</strong></span> <span class='ocrx_word' id='word_1_583' title='bbox 3053 4067 3246 4105; x_wconf 87' lang='lat' dir='ltr'><strong>arcana</strong></span> <span class='ocrx_word' id='word_1_584' title='bbox 3287 4051 3552 4120; x_wconf 69' lang='lat' dir='ltr'><strong>praecipue</strong></span> <span class='ocrx_word' id='word_1_585' title='bbox 3586 4070 3673 4109; x_wconf 85' lang='lat' dir='ltr'><strong>re-</strong></span> 
     </span>
    </p>
   </div>
   <div class='ocr_carea' id='block_1_77' title="bbox 438 4121 3672 4193">
    <p class='ocr_par' dir='ltr' id='par_1_77' title="bbox 438 4121 3672 4193">
     <span class='ocr_line' id='line_1_77' title="bbox 438 4121 3672 4193; baseline 0.001 -17"><span class='ocrx_word' id='word_1_586' title='bbox 438 4121 680 4191; x_wconf 81' lang='lat' dir='ltr'><strong>spexisse</strong></span> <span class='ocrx_word' id='word_1_587' title='bbox 727 4122 979 4193; x_wconf 87' lang='lat' dir='ltr'><strong>mysteria</strong></span> <span class='ocrx_word' id='word_1_588' title='bbox 1025 4138 1208 4175; x_wconf 89' lang='lat' dir='ltr'><strong>earum</strong></span> <span class='ocrx_word' id='word_1_589' title='bbox 1241 4138 1417 4193; x_wconf 84' lang='lat' dir='ltr'><strong>rerum</strong></span> <span class='ocrx_word' id='word_1_590' title='bbox 1464 4138 1583 4191; x_wconf 62' lang='lat' dir='ltr'><strong>qum</strong></span> <span class='ocrx_word' id='word_1_591' title='bbox 1612 4125 1677 4178; x_wconf 90' lang='lat' dir='ltr'><strong>ad</strong></span> <span class='ocrx_word' id='word_1_592' title='bbox 1708 4121 1954 4178; x_wconf 83' lang='lat' dir='ltr'><strong>homines</strong></span> <span class='ocrx_word' id='word_1_593' title='bbox 1983 4121 2274 4193; x_wconf 61' lang='lat' dir='ltr'><strong>pertinent}</strong></span> <span class='ocrx_word' id='word_1_594' title='bbox 2306 4123 2564 4177; x_wconf 84' lang='lat' dir='ltr'><strong>Homines</strong></span> <span class='ocrx_word' id='word_1_595' title='bbox 2593 4139 2735 4177; x_wconf 90' lang='lat' dir='ltr'><strong>nunc</strong></span> <span class='ocrx_word' id='word_1_596' title='bbox 2763 4123 2903 4184; x_wconf 89' lang='lat' dir='ltr'><strong>dico,</strong></span> <span class='ocrx_word' id='word_1_597' title='bbox 2934 4121 3140 4176; x_wconf 88' lang='lat' dir='ltr'><strong>animas</strong></span> <span class='ocrx_word' id='word_1_598' title='bbox 3165 4123 3481 4190; x_wconf 83' lang='lat' dir='ltr'><strong>corporibus</strong></span> <span class='ocrx_word' id='word_1_599' title='bbox 3511 4132 3672 4178; x_wconf 87' lang='lat' dir='ltr'><strong>uten-</strong></span> 
     </span>
    </p>
   </div>
   <div class='ocr_carea' id='block_1_78' title="bbox 439 4192 3668 4262">
    <p class='ocr_par' dir='ltr' id='par_1_78' title="bbox 439 4192 3668 4262">
     <span class='ocr_line' id='line_1_78' title="bbox 439 4192 3668 4262; baseline -0 -15"><span class='ocrx_word' id='word_1_600' title='bbox 439 4202 552 4251; x_wconf 86' lang='lat' dir='ltr'><strong>tes.</strong></span> <span class='ocrx_word' id='word_1_601' title='bbox 595 4203 652 4246; x_wconf 92' lang='lat' dir='ltr'><strong>ut</strong></span> <span class='ocrx_word' id='word_1_602' title='bbox 687 4192 994 4262; x_wconf 64' lang='lat' dir='ltr'><strong>qni‘doceri</strong></span> <span class='ocrx_word' id='word_1_603' title='bbox 1038 4202 1243 4261; x_wconf 85' lang='lat' dir='ltr'><strong>potest,</strong></span> <span class='ocrx_word' id='word_1_604' title='bbox 1284 4192 1666 4262; x_wconf 69' lang='lat' dir='ltr'><strong>investiganda:</strong></span> <span class='ocrx_word' id='word_1_605' title='bbox 1702 4192 2264 4248; x_wconf 39' lang='lat' dir='ltr'><strong>altitudini&#39;sensutun</strong></span> <span class='ocrx_word' id='word_1_606' title='bbox 2315 4193 2416 4247; x_wconf 90' lang='lat' dir='ltr'><strong>sub</strong></span> <span class='ocrx_word' id='word_1_607' title='bbox 2452 4193 2677 4247; x_wconf 84' lang='lat' dir='ltr'><strong>vocibus</strong></span> <span class='ocrx_word' id='word_1_608' title='bbox 2713 4193 3139 4246; x_wconf 88' lang='lat' dir='ltr'><strong>delitescentium</strong></span> <span class='ocrx_word' id='word_1_609' title='bbox 3180 4193 3509 4262; x_wconf 10' lang='lat' dir='ltr'><strong>sertradens.</strong></span> <span class='ocrx_word' id='word_1_610' title='bbox 3550 4209 3668 4247; x_wconf 90' lang='lat' dir='ltr'><strong>om-</strong></span> 
     </span>
    </p>
   </div>
   <div class='ocr_carea' id='block_1_79' title="bbox 437 4261 3671 4333">
    <p class='ocr_par' dir='ltr' id='par_1_79' title="bbox 437 4261 3671 4333">
     <span class='ocr_line' id='line_1_79' title="bbox 437 4261 3671 4333; baseline 0 -17"><span class='ocrx_word' id='word_1_611' title='bbox 437 4264 588 4317; x_wconf 90' lang='lat' dir='ltr'><strong>nium</strong></span> <span class='ocrx_word' id='word_1_612' title='bbox 626 4261 832 4316; x_wconf 89' lang='lat' dir='ltr'><strong>consilii</strong></span> <span class='ocrx_word' id='word_1_613' title='bbox 873 4263 990 4329; x_wconf 83' lang='lat' dir='ltr'><strong>ejus</strong></span> <span class='ocrx_word' id='word_1_614' title='bbox 1025 4263 1332 4333; x_wconf 86' lang='lat' dir='ltr'><strong>dogmatutn</strong></span> <span class='ocrx_word' id='word_1_615' title='bbox 1366 4261 1634 4332; x_wconf 89' lang='lat' dir='ltr'><strong>particeps</strong></span> <span class='ocrx_word' id='word_1_616' title='bbox 1663 4264 1772 4316; x_wconf 85' lang='lat' dir='ltr'><strong>ﬁat.</strong></span> <span class='ocrx_word' id='word_1_617' title='bbox 1816 4263 1958 4318; x_wconf 84' lang='lat' dir='ltr'><strong>Inter</strong></span> <span class='ocrx_word' id='word_1_618' title='bbox 1995 4279 2058 4318; x_wconf 88' lang='lat' dir='ltr'><strong>ea</strong></span> <span class='ocrx_word' id='word_1_619' title='bbox 2095 4280 2222 4318; x_wconf 81' lang='lat' dir='ltr'><strong>vero</strong></span> <span class='ocrx_word' id='word_1_620' title='bbox 2259 4280 2378 4332; x_wconf 62' lang='lat' dir='ltr'><strong>quae</strong></span> <span class='ocrx_word' id='word_1_621' title='bbox 2415 4263 2622 4316; x_wconf 88' lang='lat' dir='ltr'><strong>animas</strong></span> <span class='ocrx_word' id='word_1_622' title='bbox 2660 4264 2927 4325; x_wconf 91' lang='lat' dir='ltr'><strong>attinent,</strong></span> <span class='ocrx_word' id='word_1_623' title='bbox 2969 4262 3219 4331; x_wconf 88' lang='lat' dir='ltr'><strong>quoniatn</strong></span> <span class='ocrx_word' id='word_1_624' title='bbox 3241 4261 3344 4333; x_wconf 71' lang='lat' dir='ltr'><strong>ha:</strong></span> <span class='ocrx_word' id='word_1_625' title='bbox 3381 4262 3671 4330; x_wconf 83' lang='lat' dir='ltr'><strong>perfectio—</strong></span> 
     </span>
    </p>
   </div>
   <div class='ocr_carea' id='block_1_80' title="bbox 439 4332 3671 4402">
    <p class='ocr_par' dir='ltr' id='par_1_80' title="bbox 439 4332 3671 4402">
     <span class='ocr_line' id='line_1_80' title="bbox 439 4332 3671 4402; baseline -0.001 -15"><span class='ocrx_word' id='word_1_626' title='bbox 439 4349 562 4387; x_wconf 89' lang='lat' dir='ltr'><strong>nem</strong></span> <span class='ocrx_word' id='word_1_627' title='bbox 606 4333 861 4402; x_wconf 89' lang='lat' dir='ltr'><strong>eonsequi</strong></span> <span class='ocrx_word' id='word_1_628' title='bbox 900 4332 1176 4402; x_wconf 84' lang='lat' dir='ltr'><strong>nequeunt</strong></span> <span class='ocrx_word' id='word_1_629' title='bbox 1221 4332 1324 4386; x_wconf 90' lang='lat' dir='ltr'><strong>nisi</strong></span> <span class='ocrx_word' id='word_1_630' title='bbox 1356 4348 1451 4401; x_wconf 90' lang='lat' dir='ltr'><strong>per</strong></span> <span class='ocrx_word' id='word_1_631' title='bbox 1485 4333 1801 4402; x_wconf 86' lang='lat' dir='ltr'><strong>locupletem</strong></span> <span class='ocrx_word' id='word_1_632' title='bbox 1835 4343 1890 4387; x_wconf 88' lang='lat' dir='ltr'><strong>et</strong></span> <span class='ocrx_word' id='word_1_633' title='bbox 1932 4334 2227 4402; x_wconf 88' lang='lat' dir='ltr'><strong>sapientem</strong></span> <span class='ocrx_word' id='word_1_634' title='bbox 2262 4343 2316 4388; x_wconf 89' lang='lat' dir='ltr'><strong>et</strong></span> <span class='ocrx_word' id='word_1_635' title='bbox 2346 4349 2522 4386; x_wconf 88' lang='lat' dir='ltr'><strong>veram</strong></span> <span class='ocrx_word' id='word_1_636' title='bbox 2557 4333 2646 4386; x_wconf 91' lang='lat' dir='ltr'><strong>Dei</strong></span> <span class='ocrx_word' id='word_1_637' title='bbox 2681 4333 2951 4396; x_wconf 88' lang='lat' dir='ltr'><strong>notitiam,</strong></span> <span class='ocrx_word' id='word_1_638' title='bbox 2982 4332 3287 4386; x_wconf 87' lang='lat' dir='ltr'><strong>necessario</strong></span> <span class='ocrx_word' id='word_1_639' title='bbox 3317 4341 3375 4384; x_wconf 89' lang='lat' dir='ltr'><strong>ut</strong></span> <span class='ocrx_word' id='word_1_640' title='bbox 3405 4333 3671 4401; x_wconf 64' lang='lat' dir='ltr'><strong>praecipua</strong></span> 
     </span>
    </p>
   </div>
   <div class='ocr_carea' id='block_1_81' title="bbox 440 4402 3666 4473">
    <p class='ocr_par' dir='ltr' id='par_1_81' title="bbox 440 4402 3666 4473">
     <span class='ocr_line' id='line_1_81' title="bbox 440 4402 3666 4473; baseline -0.001 -17"><span class='ocrx_word' id='word_1_641' title='bbox 440 4404 612 4472; x_wconf 88' lang='lat' dir='ltr'><strong>posita</strong></span> <span class='ocrx_word' id='word_1_642' title='bbox 643 4413 770 4457; x_wconf 89' lang='lat' dir='ltr'><strong>sunt</strong></span> <span class='ocrx_word' id='word_1_643' title='bbox 796 4419 915 4471; x_wconf 66' lang='lat' dir='ltr'><strong>quae</strong></span> <span class='ocrx_word' id='word_1_644' title='bbox 951 4403 1116 4457; x_wconf 88' lang='lat' dir='ltr'><strong>Deum</strong></span> <span class='ocrx_word' id='word_1_645' title='bbox 1151 4411 1415 4472; x_wconf 86' lang='lat' dir='ltr'><strong>spectant,</strong></span> <span class='ocrx_word' id='word_1_646' title='bbox 1451 4411 1562 4455; x_wconf 91' lang='lat' dir='ltr'><strong>tum</strong></span> <span class='ocrx_word' id='word_1_647' title='bbox 1590 4419 1708 4472; x_wconf 73' lang='lat' dir='ltr'><strong>quae</strong></span> <span class='ocrx_word' id='word_1_648' title='bbox 1739 4402 2083 4473; x_wconf 86' lang='lat' dir='ltr'><strong>Unigenitum</strong></span> <span class='ocrx_word' id='word_1_649' title='bbox 2131 4403 2248 4470; x_wconf 86' lang='lat' dir='ltr'><strong>ejus</strong></span> <span class='ocrx_word' id='word_1_650' title='bbox 2285 4421 2296 4454; x_wconf 87' lang='lat'><strong>:</strong></span> <span class='ocrx_word' id='word_1_651' title='bbox 2329 4403 2500 4472; x_wconf 88' lang='lat' dir='ltr'><strong>qualis</strong></span> <span class='ocrx_word' id='word_1_652' title='bbox 2538 4403 2606 4457; x_wconf 92' lang='lat' dir='ltr'><strong>sit</strong></span> <span class='ocrx_word' id='word_1_653' title='bbox 2645 4403 3200 4473; x_wconf 44' lang='lat' dir='ltr'><strong>natttrmyquomodo</strong></span> <span class='ocrx_word' id='word_1_654' title='bbox 3230 4402 3299 4455; x_wconf 88' lang='lat' dir='ltr'><strong>sit</strong></span> <span class='ocrx_word' id='word_1_655' title='bbox 3337 4402 3426 4456; x_wconf 86' lang='lat' dir='ltr'><strong>Dei</strong></span> <span class='ocrx_word' id='word_1_656' title='bbox 3470 4402 3666 4467; x_wconf 83' lang='lat' dir='ltr'><strong>Filius;</strong></span> 
     </span>
    </p>
   </div>
   <div class='ocr_carea' id='block_1_82' title="bbox 438 4472 3670 4542">
    <p class='ocr_par' dir='ltr' id='par_1_82' title="bbox 438 4472 3670 4542">
     <span class='ocr_line' id='line_1_82' title="bbox 438 4472 3670 4542; baseline 0 -17"><span class='ocrx_word' id='word_1_657' title='bbox 438 4489 560 4542; x_wconf 69' lang='lat' dir='ltr'><strong>quae</strong></span> <span class='ocrx_word' id='word_1_658' title='bbox 597 4489 757 4527; x_wconf 87' lang='lat' dir='ltr'><strong>causa</strong></span> <span class='ocrx_word' id='word_1_659' title='bbox 797 4474 866 4527; x_wconf 86' lang='lat' dir='ltr'><strong>sit</strong></span> <span class='ocrx_word' id='word_1_660' title='bbox 903 4489 999 4526; x_wconf 91' lang='lat' dir='ltr'><strong>cur</strong></span> <span class='ocrx_word' id='word_1_661' title='bbox 1036 4474 1102 4527; x_wconf 89' lang='lat' dir='ltr'><strong>ad</strong></span> <span class='ocrx_word' id='word_1_662' title='bbox 1139 4488 1354 4527; x_wconf 90' lang='lat' dir='ltr'><strong>carnem</strong></span> <span class='ocrx_word' id='word_1_663' title='bbox 1413 4487 1584 4540; x_wconf 87' lang='lat' dir='ltr'><strong>usque.</strong></span> <span class='ocrx_word' id='word_1_664' title='bbox 1636 4472 1924 4528; x_wconf 76' lang='lat' dir='ltr'><strong>humanam</strong></span> <span class='ocrx_word' id='word_1_665' title='bbox 1963 4474 2326 4530; x_wconf 90' lang='lat' dir='ltr'><strong>descenderit.</strong></span> <span class='ocrx_word' id='word_1_666' title='bbox 2365 4483 2418 4526; x_wconf 90' lang='lat' dir='ltr'><strong>ct</strong></span> <span class='ocrx_word' id='word_1_667' title='bbox 2458 4473 2728 4542; x_wconf 90' lang='lat' dir='ltr'><strong>hominem</strong></span> <span class='ocrx_word' id='word_1_668' title='bbox 2767 4472 2988 4525; x_wconf 90' lang='lat' dir='ltr'><strong>omnino</strong></span> <span class='ocrx_word' id='word_1_669' title='bbox 3027 4473 3404 4541; x_wconf 86' lang='lat' dir='ltr'><strong>assumpserit;</strong></span> <span class='ocrx_word' id='word_1_670' title='bbox 3445 4488 3564 4540; x_wconf 74' lang='lat' dir='ltr'><strong>qua:</strong></span> <span class='ocrx_word' id='word_1_671' title='bbox 3602 4473 3670 4526; x_wconf 82' lang='lat' dir='ltr'><strong>sit</strong></span> 
     </span>
    </p>
   </div>
   <div class='ocr_carea' id='block_1_83' title="bbox 440 4541 3670 4612">
    <p class='ocr_par' dir='ltr' id='par_1_83' title="bbox 440 4541 3670 4612">
     <span class='ocr_line' id='line_1_83' title="bbox 440 4541 3670 4612; baseline 0 -18"><span class='ocrx_word' id='word_1_672' title='bbox 440 4541 585 4597; x_wconf 87' lang='lat' dir='ltr'><strong>illius</strong></span> <span class='ocrx_word' id='word_1_673' title='bbox 621 4543 988 4612; x_wconf 79' lang='lat' dir='ltr'><strong>operatio,ad</strong></span> <span class='ocrx_word' id='word_1_674' title='bbox 1025 4559 1180 4612; x_wconf 85' lang='lat' dir='ltr'><strong>quos,</strong></span> <span class='ocrx_word' id='word_1_675' title='bbox 1221 4552 1276 4597; x_wconf 91' lang='lat' dir='ltr'><strong>et</strong></span> <span class='ocrx_word' id='word_1_676' title='bbox 1309 4543 1525 4611; x_wconf 88' lang='lat' dir='ltr'><strong>quando</strong></span> <span class='ocrx_word' id='word_1_677' title='bbox 1562 4543 1862 4612; x_wconf 87' lang='lat' dir='ltr'><strong>perveniat.</strong></span> <span class='ocrx_word' id='word_1_678' title='bbox 1901 4543 2216 4597; x_wconf 80' lang='lat' dir='ltr'><strong>Necessario</strong></span> <span class='ocrx_word' id='word_1_679' title='bbox 2256 4542 2416 4612; x_wconf 86' lang='lat' dir='ltr'><strong>etiam</strong></span> <span class='ocrx_word' id='word_1_680' title='bbox 2453 4541 2521 4594; x_wconf 91' lang='lat' dir='ltr'><strong>ob</strong></span> <span class='ocrx_word' id='word_1_681' title='bbox 2557 4542 2837 4612; x_wconf 89' lang='lat' dir='ltr'><strong>quamdam</strong></span> <span class='ocrx_word' id='word_1_682' title='bbox 2879 4557 2999 4595; x_wconf 92' lang='lat' dir='ltr'><strong>cum</strong></span> <span class='ocrx_word' id='word_1_683' title='bbox 3039 4542 3153 4612; x_wconf 87' lang='lat' dir='ltr'><strong>istis</strong></span> <span class='ocrx_word' id='word_1_684' title='bbox 3191 4543 3353 4596; x_wconf 84' lang='lat' dir='ltr'><strong>veluti</strong></span> <span class='ocrx_word' id='word_1_685' title='bbox 3395 4543 3670 4612; x_wconf 87' lang='lat' dir='ltr'><strong>cognatio-</strong></span> 
     </span>
    </p>
   </div>
   <div class='ocr_carea' id='block_1_84' title="bbox 439 4611 3672 4680">
    <p class='ocr_par' dir='ltr' id='par_1_84' title="bbox 439 4611 3672 4680">
     <span class='ocr_line' id='line_1_84' title="bbox 439 4611 3672 4680; baseline -0 -13"><span class='ocrx_word' id='word_1_686' title='bbox 439 4627 587 4675; x_wconf 84' lang='lat' dir='ltr'><strong>nem,</strong></span> <span class='ocrx_word' id='word_1_687' title='bbox 628 4613 695 4665; x_wconf 90' lang='lat' dir='ltr'><strong>de</strong></span> <span class='ocrx_word' id='word_1_688' title='bbox 733 4611 943 4667; x_wconf 68' lang='lat' dir='ltr'><strong>caeteris</strong></span> <span class='ocrx_word' id='word_1_689' title='bbox 980 4611 1140 4666; x_wconf 90' lang='lat' dir='ltr'><strong>rebus</strong></span> <span class='ocrx_word' id='word_1_690' title='bbox 1178 4611 1600 4678; x_wconf 83' lang='lat' dir='ltr'><strong>rationabilibus,</strong></span> <span class='ocrx_word' id='word_1_691' title='bbox 1642 4622 1752 4667; x_wconf 92' lang='lat' dir='ltr'><strong>tum</strong></span> <span class='ocrx_word' id='word_1_692' title='bbox 1793 4613 2161 4672; x_wconf 87' lang='lat' dir='ltr'><strong>divinioribus.</strong></span> <span class='ocrx_word' id='word_1_693' title='bbox 2202 4622 2311 4666; x_wconf 90' lang='lat' dir='ltr'><strong>tum</strong></span> <span class='ocrx_word' id='word_1_694' title='bbox 2350 4611 2415 4665; x_wconf 90' lang='lat' dir='ltr'><strong>iis</strong></span> <span class='ocrx_word' id='word_1_695' title='bbox 2451 4611 2580 4680; x_wconf 84' lang='lat' dir='ltr'><strong>quae</strong></span> <span class='ocrx_word' id='word_1_696' title='bbox 2608 4612 2938 4666; x_wconf 89' lang='lat' dir='ltr'><strong>beatitudine</strong></span> <span class='ocrx_word' id='word_1_697' title='bbox 2975 4611 3289 4665; x_wconf 80' lang='lat' dir='ltr'><strong>exciderunt</strong></span> <span class='ocrx_word' id='word_1_698' title='bbox 3317 4624 3370 4665; x_wconf 90' lang='lat' dir='ltr'><strong>et</strong></span> <span class='ocrx_word' id='word_1_699' title='bbox 3399 4611 3672 4666; x_wconf 39' lang='lat' dir='ltr'><strong>de&#39;causis</strong></span> 
     </span>
    </p>
   </div>
   <div class='ocr_carea' id='block_1_85' title="bbox 438 4681 3673 4751">
    <p class='ocr_par' dir='ltr' id='par_1_85' title="bbox 438 4681 3673 4751">
     <span class='ocr_line' id='line_1_85' title="bbox 438 4681 3673 4751; baseline 0.001 -16"><span class='ocrx_word' id='word_1_700' title='bbox 438 4695 627 4735; x_wconf 85' lang='lat' dir='ltr'><strong>earum</strong></span> <span class='ocrx_word' id='word_1_701' title='bbox 669 4682 850 4750; x_wconf 85' lang='lat' dir='ltr'><strong>lapsus</strong></span> <span class='ocrx_word' id='word_1_702' title='bbox 887 4690 1064 4735; x_wconf 90' lang='lat' dir='ltr'><strong>actum</strong></span> <span class='ocrx_word' id='word_1_703' title='bbox 1105 4698 1224 4736; x_wconf 90' lang='lat' dir='ltr'><strong>esse</strong></span> <span class='ocrx_word' id='word_1_704' title='bbox 1261 4683 1497 4750; x_wconf 86' lang='lat' dir='ltr'><strong>oportuit</strong></span> <span class='ocrx_word' id='word_1_705' title='bbox 1537 4682 1592 4735; x_wconf 91' lang='lat' dir='ltr'><strong>in</strong></span> <span class='ocrx_word' id='word_1_706' title='bbox 1630 4683 1823 4751; x_wconf 70' lang='lat' dir='ltr'><strong>divina:</strong></span> <span class='ocrx_word' id='word_1_707' title='bbox 1859 4683 2116 4736; x_wconf 84' lang='lat' dir='ltr'><strong>doctrinae</strong></span> <span class='ocrx_word' id='word_1_708' title='bbox 2155 4681 2521 4745; x_wconf 86' lang='lat' dir='ltr'><strong>sermonibus;</strong></span> <span class='ocrx_word' id='word_1_709' title='bbox 2560 4683 2654 4736; x_wconf 88' lang='lat' dir='ltr'><strong>sed</strong></span> <span class='ocrx_word' id='word_1_710' title='bbox 2693 4692 2746 4736; x_wconf 91' lang='lat' dir='ltr'><strong>ct</strong></span> <span class='ocrx_word' id='word_1_711' title='bbox 2785 4684 2851 4736; x_wconf 92' lang='lat' dir='ltr'><strong>de</strong></span> <span class='ocrx_word' id='word_1_712' title='bbox 2903 4682 3203 4736; x_wconf 71' lang='lat' dir='ltr'><strong>differentia</strong></span> <span class='ocrx_word' id='word_1_713' title='bbox 3242 4682 3574 4745; x_wconf 87' lang='lat' dir='ltr'><strong>animarum,</strong></span> <span class='ocrx_word' id='word_1_714' title='bbox 3618 4691 3673 4737; x_wconf 87' lang='lat' dir='ltr'><strong>et</strong></span> 
     </span>
    </p>
   </div>
   <div class='ocr_carea' id='block_1_86' title="bbox 441 4751 3673 4821">
    <p class='ocr_par' dir='ltr' id='par_1_86' title="bbox 441 4751 3673 4821">
     <span class='ocr_line' id='line_1_86' title="bbox 441 4751 3673 4821; baseline -0 -15"><span class='ocrx_word' id='word_1_715' title='bbox 441 4752 604 4806; x_wconf 82' lang='lat' dir='ltr'><strong>undae</strong></span> <span class='ocrx_word' id='word_1_716' title='bbox 633 4752 745 4805; x_wconf 65' lang='lat' dir='ltr'><strong>istic</strong></span> <span class='ocrx_word' id='word_1_717' title='bbox 777 4751 1094 4806; x_wconf 69' lang='lat' dir='ltr'><strong>diﬂ‘erentite</strong></span> <span class='ocrx_word' id='word_1_718' title='bbox 1137 4761 1268 4806; x_wconf 76' lang='lat' dir='ltr'><strong>ortze</strong></span> <span class='ocrx_word' id='word_1_719' title='bbox 1311 4761 1470 4815; x_wconf 85' lang='lat' dir='ltr'><strong>sunt;</strong></span> <span class='ocrx_word' id='word_1_720' title='bbox 1504 4760 1617 4806; x_wconf 90' lang='lat' dir='ltr'><strong>tum</strong></span> <span class='ocrx_word' id='word_1_721' title='bbox 1661 4753 1854 4806; x_wconf 89' lang='lat' dir='ltr'><strong>deinde</strong></span> <span class='ocrx_word' id='word_1_722' title='bbox 1895 4753 2022 4818; x_wconf 88' lang='lat' dir='ltr'><strong>quid</strong></span> <span class='ocrx_word' id='word_1_723' title='bbox 2066 4752 2134 4805; x_wconf 92' lang='lat' dir='ltr'><strong>sit</strong></span> <span class='ocrx_word' id='word_1_724' title='bbox 2179 4752 2265 4805; x_wconf 89' lang='lat' dir='ltr'><strong>hic</strong></span> <span class='ocrx_word' id='word_1_725' title='bbox 2293 4751 2544 4817; x_wconf 91' lang='lat' dir='ltr'><strong>mundus,</strong></span> <span class='ocrx_word' id='word_1_726' title='bbox 2574 4761 2626 4806; x_wconf 87' lang='lat' dir='ltr'><strong>et</strong></span> <span class='ocrx_word' id='word_1_727' title='bbox 2658 4768 2821 4821; x_wconf 85' lang='lat' dir='ltr'><strong>quare</strong></span> <span class='ocrx_word' id='word_1_728' title='bbox 2860 4751 3049 4806; x_wconf 82' lang='lat' dir='ltr'><strong>factus.</strong></span> <span class='ocrx_word' id='word_1_729' title='bbox 3091 4752 3353 4806; x_wconf 60' lang='lat' dir='ltr'><strong>Praeterea</strong></span> <span class='ocrx_word' id='word_1_730' title='bbox 3386 4753 3526 4805; x_wconf 90' lang='lat' dir='ltr'><strong>unde</strong></span> <span class='ocrx_word' id='word_1_731' title='bbox 3556 4769 3673 4805; x_wconf 82' lang='lat' dir='ltr'><strong>ma-</strong></span> 
     </span>
    </p>
   </div>
   <div class='ocr_carea' id='block_1_87' title="bbox 442 4821 3670 4887">
    <p class='ocr_par' dir='ltr' id='par_1_87' title="bbox 442 4821 3670 4887">
     <span class='ocr_line' id='line_1_87' title="bbox 442 4821 3670 4887; baseline 0 -12"><span class='ocrx_word' id='word_1_732' title='bbox 442 4821 555 4875; x_wconf 88' lang='lat' dir='ltr'><strong>lum</strong></span> <span class='ocrx_word' id='word_1_733' title='bbox 596 4831 802 4876; x_wconf 90' lang='lat' dir='ltr'><strong>tantum</strong></span> <span class='ocrx_word' id='word_1_734' title='bbox 859 4837 922 4874; x_wconf 86' lang='lat' dir='ltr'><strong>ac</strong></span> <span class='ocrx_word' id='word_1_735' title='bbox 975 4823 1078 4876; x_wconf 89' lang='lat' dir='ltr'><strong>tale</strong></span> <span class='ocrx_word' id='word_1_736' title='bbox 1117 4822 1172 4874; x_wconf 90' lang='lat' dir='ltr'><strong>in</strong></span> <span class='ocrx_word' id='word_1_737' title='bbox 1211 4821 1400 4887; x_wconf 85' lang='lat' dir='ltr'><strong>terris,</strong></span> <span class='ocrx_word' id='word_1_738' title='bbox 1441 4830 1493 4875; x_wconf 80' lang='lat' dir='ltr'><strong>et</strong></span> <span class='ocrx_word' id='word_1_739' title='bbox 1550 4831 1731 4875; x_wconf 89' lang='lat' dir='ltr'><strong>utrum</strong></span> <span class='ocrx_word' id='word_1_740' title='bbox 1767 4838 1877 4875; x_wconf 90' lang='lat' dir='ltr'><strong>non</strong></span> <span class='ocrx_word' id='word_1_741' title='bbox 1915 4823 1968 4875; x_wconf 91' lang='lat' dir='ltr'><strong>in</strong></span> <span class='ocrx_word' id='word_1_742' title='bbox 2009 4822 2166 4875; x_wconf 88' lang='lat' dir='ltr'><strong>terris</strong></span> <span class='ocrx_word' id='word_1_743' title='bbox 2205 4821 2376 4875; x_wconf 87' lang='lat' dir='ltr'><strong>solum</strong></span> <span class='ocrx_word' id='word_1_744' title='bbox 2417 4821 2504 4884; x_wconf 91' lang='lat' dir='ltr'><strong>sit,</strong></span> <span class='ocrx_word' id='word_1_745' title='bbox 2547 4823 2640 4876; x_wconf 88' lang='lat' dir='ltr'><strong>sed</strong></span> <span class='ocrx_word' id='word_1_746' title='bbox 2681 4824 2841 4876; x_wconf 87' lang='lat' dir='ltr'><strong>etiam</strong></span> <span class='ocrx_word' id='word_1_747' title='bbox 2878 4821 3024 4880; x_wconf 84' lang='lat' dir='ltr'><strong>alibi.</strong></span> <span class='ocrx_word' id='word_1_748' title='bbox 3066 4821 3271 4876; x_wconf 89' lang='lat' dir='ltr'><strong>discere</strong></span> <span class='ocrx_word' id='word_1_749' title='bbox 3309 4837 3528 4875; x_wconf 82' lang='lat' dir='ltr'><strong>necesse</strong></span> <span class='ocrx_word' id='word_1_750' title='bbox 3567 4832 3670 4876; x_wconf 85' lang='lat' dir='ltr'><strong>est.</strong></span> 
     </span>
    </p>
   </div>
   <div class='ocr_carea' id='block_1_88' title="bbox 443 4890 3672 4961">
    <p class='ocr_par' dir='ltr' id='par_1_88' title="bbox 443 4890 3672 4961">
     <span class='ocr_line' id='line_1_88' title="bbox 443 4890 3672 4961; baseline 0.001 -17"><span class='ocrx_word' id='word_1_751' title='bbox 443 4891 570 4945; x_wconf 74' lang='lat' dir='ltr'><strong>[Lee</strong></span> <span class='ocrx_word' id='word_1_752' title='bbox 598 4900 652 4945; x_wconf 87' lang='lat' dir='ltr'><strong>et</strong></span> <span class='ocrx_word' id='word_1_753' title='bbox 684 4890 875 4944; x_wconf 84' lang='lat' dir='ltr'><strong>similia</strong></span> <span class='ocrx_word' id='word_1_754' title='bbox 907 4907 1030 4944; x_wconf 91' lang='lat' dir='ltr'><strong>cum</strong></span> <span class='ocrx_word' id='word_1_755' title='bbox 1076 4892 1175 4946; x_wconf 91' lang='lat' dir='ltr'><strong>sibi</strong></span> <span class='ocrx_word' id='word_1_756' title='bbox 1225 4892 1583 4961; x_wconf 87' lang='lat' dir='ltr'><strong>proposuerit,</strong></span> <span class='ocrx_word' id='word_1_757' title='bbox 1620 4891 1709 4945; x_wconf 93' lang='lat' dir='ltr'><strong>ille</strong></span> <span class='ocrx_word' id='word_1_758' title='bbox 1756 4893 1847 4960; x_wconf 89' lang='lat' dir='ltr'><strong>qui</strong></span> <span class='ocrx_word' id='word_1_759' title='bbox 1892 4901 2197 4946; x_wconf 90' lang='lat' dir='ltr'><strong>sanctorum</strong></span> <span class='ocrx_word' id='word_1_760' title='bbox 2230 4891 2469 4945; x_wconf 84' lang='lat' dir='ltr'><strong>veritatis</strong></span> <span class='ocrx_word' id='word_1_761' title='bbox 2499 4892 2864 4946; x_wconf 89' lang='lat' dir='ltr'><strong>ministrorum</strong></span> <span class='ocrx_word' id='word_1_762' title='bbox 2914 4900 3121 4946; x_wconf 90' lang='lat' dir='ltr'><strong>mentes</strong></span> <span class='ocrx_word' id='word_1_763' title='bbox 3155 4891 3383 4946; x_wconf 89' lang='lat' dir='ltr'><strong>illustrat</strong></span> <span class='ocrx_word' id='word_1_764' title='bbox 3417 4891 3672 4959; x_wconf 87' lang='lat' dir='ltr'><strong>Spiritus,</strong></span> 
     </span>
    </p>
   </div>
   <div class='ocr_carea' id='block_1_89' title="bbox 442 4961 3674 5032">
    <p class='ocr_par' dir='ltr' id='par_1_89' title="bbox 442 4961 3674 5032">
     <span class='ocr_line' id='line_1_89' title="bbox 442 4961 3674 5032; baseline 0.001 -17"><span class='ocrx_word' id='word_1_765' title='bbox 442 4963 682 5016; x_wconf 86' lang='lat' dir='ltr'><strong>secundo</strong></span> <span class='ocrx_word' id='word_1_766' title='bbox 725 4961 821 5032; x_wconf 85' lang='lat' dir='ltr'><strong>ipsi</strong></span> <span class='ocrx_word' id='word_1_767' title='bbox 868 4962 1198 5032; x_wconf 88' lang='lat' dir='ltr'><strong>propositum</strong></span> <span class='ocrx_word' id='word_1_768' title='bbox 1236 4971 1320 5016; x_wconf 89' lang='lat' dir='ltr'><strong>est</strong></span> <span class='ocrx_word' id='word_1_769' title='bbox 1369 4971 1587 5032; x_wconf 88' lang='lat' dir='ltr'><strong>propter</strong></span> <span class='ocrx_word' id='word_1_770' title='bbox 1628 4975 1720 5016; x_wconf 90' lang='lat' dir='ltr'><strong>eos</strong></span> <span class='ocrx_word' id='word_1_771' title='bbox 1757 4961 2043 5032; x_wconf 80' lang='lat' dir='ltr'><strong>qnitantis</strong></span> <span class='ocrx_word' id='word_1_772' title='bbox 2088 4963 2248 5015; x_wconf 87' lang='lat' dir='ltr'><strong>rebus</strong></span> <span class='ocrx_word' id='word_1_773' title='bbox 2278 4962 2611 5032; x_wconf 87' lang='lat' dir='ltr'><strong>inveniendis</strong></span> <span class='ocrx_word' id='word_1_774' title='bbox 2644 4963 3004 5016; x_wconf 86' lang='lat' dir='ltr'><strong>necessarium</strong></span> <span class='ocrx_word' id='word_1_775' title='bbox 3037 4961 3272 5014; x_wconf 89' lang='lat' dir='ltr'><strong>laborem</strong></span> <span class='ocrx_word' id='word_1_776' title='bbox 3304 4963 3544 5030; x_wconf 78' lang='lat' dir='ltr'><strong>perferre</strong></span> <span class='ocrx_word' id='word_1_777' title='bbox 3573 4978 3674 5017; x_wconf 89' lang='lat' dir='ltr'><strong>ne-</strong></span> 
     </span>
    </p>
   </div>
   <div class='ocr_carea' id='block_1_90' title="bbox 441 5031 3670 5101">
    <p class='ocr_par' dir='ltr' id='par_1_90' title="bbox 441 5031 3670 5101">
     <span class='ocr_line' id='line_1_90' title="bbox 441 5031 3670 5101; baseline 0.001 -19"><span class='ocrx_word' id='word_1_778' title='bbox 441 5041 668 5099; x_wconf 89' lang='lat' dir='ltr'><strong>queunt,</strong></span> <span class='ocrx_word' id='word_1_779' title='bbox 705 5031 966 5086; x_wconf 90' lang='lat' dir='ltr'><strong>rationem</strong></span> <span class='ocrx_word' id='word_1_780' title='bbox 1012 5033 1388 5100; x_wconf 72' lang='lat' dir='ltr'><strong>prmdictorum</strong></span> <span class='ocrx_word' id='word_1_781' title='bbox 1426 5031 1693 5087; x_wconf 84' lang='lat' dir='ltr'><strong>occultare</strong></span> <span class='ocrx_word' id='word_1_782' title='bbox 1730 5031 1952 5086; x_wconf 84' lang='lat' dir='ltr'><strong>vocibus</strong></span> <span class='ocrx_word' id='word_1_783' title='bbox 1996 5047 2113 5098; x_wconf 73' lang='lat' dir='ltr'><strong>quce</strong></span> <span class='ocrx_word' id='word_1_784' title='bbox 2145 5031 2352 5100; x_wconf 83' lang='lat' dir='ltr'><strong>Opiﬁcia</strong></span> <span class='ocrx_word' id='word_1_785' title='bbox 2384 5031 2474 5084; x_wconf 82' lang='lat' dir='ltr'><strong>Dei</strong></span> <span class='ocrx_word' id='word_1_786' title='bbox 2520 5033 2770 5086; x_wconf 90' lang='lat' dir='ltr'><strong>sensibus</strong></span> <span class='ocrx_word' id='word_1_787' title='bbox 2797 5033 3027 5101; x_wconf 87' lang='lat' dir='ltr'><strong>objecta.</strong></span> <span class='ocrx_word' id='word_1_788' title='bbox 3060 5032 3292 5085; x_wconf 82' lang='lat' dir='ltr'><strong>hominis</strong></span> <span class='ocrx_word' id='word_1_789' title='bbox 3323 5032 3670 5096; x_wconf 79' lang='lat' dir='ltr'><strong>creationem,</strong></span> 
     </span>
    </p>
   </div>
   <div class='ocr_carea' id='block_1_91' title="bbox 443 5101 3672 5171">
    <p class='ocr_par' dir='ltr' id='par_1_91' title="bbox 443 5101 3672 5171">
     <span class='ocr_line' id='line_1_91' title="bbox 443 5101 3672 5171; baseline 0 -17"><span class='ocrx_word' id='word_1_790' title='bbox 443 5110 500 5154; x_wconf 91' lang='lat' dir='ltr'><strong>et</strong></span> <span class='ocrx_word' id='word_1_791' title='bbox 535 5116 721 5171; x_wconf 80' lang='lat' dir='ltr'><strong>eorum</strong></span> <span class='ocrx_word' id='word_1_792' title='bbox 761 5101 853 5169; x_wconf 88' lang='lat' dir='ltr'><strong>qui</strong></span> <span class='ocrx_word' id='word_1_793' title='bbox 909 5117 972 5154; x_wconf 77' lang='lat' dir='ltr'><strong>ex</strong></span> <span class='ocrx_word' id='word_1_794' title='bbox 1014 5103 1200 5171; x_wconf 88' lang='lat' dir='ltr'><strong>primis</strong></span> <span class='ocrx_word' id='word_1_795' title='bbox 1238 5103 1551 5171; x_wconf 87' lang='lat' dir='ltr'><strong>parentibus</strong></span> <span class='ocrx_word' id='word_1_796' title='bbox 1590 5117 1683 5170; x_wconf 92' lang='lat' dir='ltr'><strong>per</strong></span> <span class='ocrx_word' id='word_1_797' title='bbox 1720 5102 2116 5156; x_wconf 85' lang='lat' dir='ltr'><strong>successionem</strong></span> <span class='ocrx_word' id='word_1_798' title='bbox 2157 5102 2209 5156; x_wconf 90' lang='lat' dir='ltr'><strong>in</strong></span> <span class='ocrx_word' id='word_1_799' title='bbox 2251 5102 2646 5156; x_wconf 87' lang='lat' dir='ltr'><strong>multitudinem</strong></span> <span class='ocrx_word' id='word_1_800' title='bbox 2686 5113 3038 5158; x_wconf 85' lang='lat' dir='ltr'><strong>exerevcrunt</strong></span> <span class='ocrx_word' id='word_1_801' title='bbox 3075 5102 3473 5171; x_wconf 83' lang='lat' dir='ltr'><strong>generationem</strong></span> <span class='ocrx_word' id='word_1_802' title='bbox 3514 5117 3672 5154; x_wconf 88' lang='lat' dir='ltr'><strong>enar-</strong></span> 
     </span>
    </p>
   </div>
   <div class='ocr_carea' id='block_1_92' title="bbox 443 5170 3673 5242">
    <p class='ocr_par' dir='ltr' id='par_1_92' title="bbox 443 5170 3673 5242">
     <span class='ocr_line' id='line_1_92' title="bbox 443 5170 3673 5242; baseline 0 -18"><span class='ocrx_word' id='word_1_803' title='bbox 443 5180 593 5242; x_wconf 32' lang='lat' dir='ltr'><strong>rem:</strong></span> <span class='ocrx_word' id='word_1_804' title='bbox 627 5170 774 5224; x_wconf 88' lang='lat' dir='ltr'><strong>Idem</strong></span> <span class='ocrx_word' id='word_1_805' title='bbox 813 5170 1118 5242; x_wconf 79' lang='lat' dir='ltr'><strong>quoquein</strong></span> <span class='ocrx_word' id='word_1_806' title='bbox 1159 5170 1275 5226; x_wconf 83' lang='lat' dir='ltr'><strong>aliis</strong></span> <span class='ocrx_word' id='word_1_807' title='bbox 1313 5171 1562 5242; x_wconf 70' lang='lat' dir='ltr'><strong>praestitit</strong></span> <span class='ocrx_word' id='word_1_808' title='bbox 1599 5171 1836 5225; x_wconf 92' lang='lat' dir='ltr'><strong>historiis</strong></span> <span class='ocrx_word' id='word_1_809' title='bbox 1871 5187 1992 5241; x_wconf 72' lang='lat' dir='ltr'><strong>quae</strong></span> <span class='ocrx_word' id='word_1_810' title='bbox 2024 5173 2293 5242; x_wconf 86' lang='lat' dir='ltr'><strong>justorum</strong></span> <span class='ocrx_word' id='word_1_811' title='bbox 2336 5187 2420 5225; x_wconf 87' lang='lat' dir='ltr'><strong>res</strong></span> <span class='ocrx_word' id='word_1_812' title='bbox 2457 5183 2652 5241; x_wconf 87' lang='lat' dir='ltr'><strong>gestas,</strong></span> <span class='ocrx_word' id='word_1_813' title='bbox 2693 5172 3000 5226; x_wconf 88' lang='lat' dir='ltr'><strong>eorumdem</strong></span> <span class='ocrx_word' id='word_1_814' title='bbox 3040 5170 3099 5226; x_wconf 86' lang='lat' dir='ltr'><strong>ut</strong></span> <span class='ocrx_word' id='word_1_815' title='bbox 3139 5172 3415 5226; x_wconf 90' lang='lat' dir='ltr'><strong>hominum</strong></span> <span class='ocrx_word' id='word_1_816' title='bbox 3456 5182 3673 5242; x_wconf 76' lang='lat' dir='ltr'><strong>peccata</strong></span> 
     </span>
    </p>
   </div>
   <div class='ocr_carea' id='block_1_93' title="bbox 439 5241 3674 5312">
    <p class='ocr_par' dir='ltr' id='par_1_93' title="bbox 439 5241 3674 5312">
     <span class='ocr_line' id='line_1_93' title="bbox 439 5241 3674 5312; baseline -0.001 -17"><span class='ocrx_word' id='word_1_817' title='bbox 439 5241 710 5312; x_wconf 74' lang='lat' dir='ltr'><strong>qutedam,</strong></span> <span class='ocrx_word' id='word_1_818' title='bbox 751 5255 858 5312; x_wconf 81' lang='lat' dir='ltr'><strong>nec</strong></span> <span class='ocrx_word' id='word_1_819' title='bbox 883 5255 997 5294; x_wconf 87' lang='lat' dir='ltr'><strong>non</strong></span> <span class='ocrx_word' id='word_1_820' title='bbox 1036 5241 1358 5309; x_wconf 86' lang='lat' dir='ltr'><strong>injustorum</strong></span> <span class='ocrx_word' id='word_1_821' title='bbox 1399 5241 1790 5312; x_wconf 85' lang='lat' dir='ltr'><strong>impiorumque</strong></span> <span class='ocrx_word' id='word_1_822' title='bbox 1826 5241 2046 5303; x_wconf 77' lang='lat' dir='ltr'><strong>scelera,</strong></span> <span class='ocrx_word' id='word_1_823' title='bbox 2090 5242 2336 5296; x_wconf 89' lang='lat' dir='ltr'><strong>libidines</strong></span> <span class='ocrx_word' id='word_1_824' title='bbox 2371 5251 2425 5295; x_wconf 88' lang='lat' dir='ltr'><strong>et</strong></span> <span class='ocrx_word' id='word_1_825' title='bbox 2461 5243 2779 5311; x_wconf 88' lang='lat' dir='ltr'><strong>cupiditates</strong></span> <span class='ocrx_word' id='word_1_826' title='bbox 2816 5252 3110 5310; x_wconf 76' lang='lat' dir='ltr'><strong>exponunt.</strong></span> <span class='ocrx_word' id='word_1_827' title='bbox 3149 5243 3216 5296; x_wconf 81' lang='lat' dir='ltr'><strong>Et</strong></span> <span class='ocrx_word' id='word_1_828' title='bbox 3249 5243 3392 5310; x_wconf 88' lang='lat' dir='ltr'><strong>quod</strong></span> <span class='ocrx_word' id='word_1_829' title='bbox 3434 5241 3674 5295; x_wconf 84' lang='lat' dir='ltr'><strong>mirabile</strong></span> 
     </span>
    </p>
   </div>
   <div class='ocr_carea' id='block_1_94' title="bbox 437 5310 3676 5380">
    <p class='ocr_par' dir='ltr' id='par_1_94' title="bbox 437 5310 3676 5380">
     <span class='ocr_line' id='line_1_94' title="bbox 437 5310 3676 5380; baseline -0 -16"><span class='ocrx_word' id='word_1_830' title='bbox 437 5310 663 5380; x_wconf 82' lang='lat' dir='ltr'><strong>prorsus</strong></span> <span class='ocrx_word' id='word_1_831' title='bbox 703 5319 805 5370; x_wconf 87' lang='lat' dir='ltr'><strong>est,</strong></span> <span class='ocrx_word' id='word_1_832' title='bbox 849 5310 981 5379; x_wconf 89' lang='lat' dir='ltr'><strong>ipsis</strong></span> <span class='ocrx_word' id='word_1_833' title='bbox 1019 5312 1178 5366; x_wconf 90' lang='lat' dir='ltr'><strong>etiam</strong></span> <span class='ocrx_word' id='word_1_834' title='bbox 1218 5312 1478 5366; x_wconf 91' lang='lat' dir='ltr'><strong>bellorum</strong></span> <span class='ocrx_word' id='word_1_835' title='bbox 1520 5311 1774 5371; x_wconf 88' lang='lat' dir='ltr'><strong>historiis.</strong></span> <span class='ocrx_word' id='word_1_836' title='bbox 1817 5313 1906 5366; x_wconf 91' lang='lat' dir='ltr'><strong>ubi</strong></span> <span class='ocrx_word' id='word_1_837' title='bbox 1947 5313 2152 5367; x_wconf 73' lang='lat' dir='ltr'><strong>victiet</strong></span> <span class='ocrx_word' id='word_1_838' title='bbox 2178 5314 2408 5366; x_wconf 84' lang='lat' dir='ltr'><strong>victores</strong></span> <span class='ocrx_word' id='word_1_839' title='bbox 2440 5310 2951 5371; x_wconf 85' lang='lat' dir='ltr'><strong>commemorantur.</strong></span> <span class='ocrx_word' id='word_1_840' title='bbox 2979 5329 3173 5366; x_wconf 88' lang='lat' dir='ltr'><strong>arcana</strong></span> <span class='ocrx_word' id='word_1_841' title='bbox 3211 5313 3454 5380; x_wconf 66' lang='lat' dir='ltr'><strong>qumdam</strong></span> <span class='ocrx_word' id='word_1_842' title='bbox 3492 5313 3676 5365; x_wconf 85' lang='lat' dir='ltr'><strong>insunt</strong></span> 
     </span>
    </p>
   </div>
   <div class='ocr_carea' id='block_1_95' title="bbox 438 5381 3675 5454">
    <p class='ocr_par' dir='ltr' id='par_1_95' title="bbox 438 5381 3675 5454">
     <span class='ocr_line' id='line_1_95' title="bbox 438 5381 3675 5454; baseline 0 -21"><span class='ocrx_word' id='word_1_843' title='bbox 438 5382 696 5450; x_wconf 86' lang='lat' dir='ltr'><strong>mysteria</strong></span> <span class='ocrx_word' id='word_1_844' title='bbox 751 5397 874 5451; x_wconf 71' lang='lat' dir='ltr'><strong>quae</strong></span> <span class='ocrx_word' id='word_1_845' title='bbox 923 5381 989 5438; x_wconf 90' lang='lat' dir='ltr'><strong>iis</strong></span> <span class='ocrx_word' id='word_1_846' title='bbox 1044 5381 1174 5437; x_wconf 83' lang='lat' dir='ltr'><strong>solis</strong></span> <span class='ocrx_word' id='word_1_847' title='bbox 1227 5382 1321 5454; x_wconf 83' lang='lat' dir='ltr'><strong>qui</strong></span> <span class='ocrx_word' id='word_1_848' title='bbox 1363 5381 1479 5437; x_wconf 69' lang='lat' dir='ltr'><strong>haec</strong></span> <span class='ocrx_word' id='word_1_849' title='bbox 1523 5383 1847 5451; x_wconf 84' lang='lat' dir='ltr'><strong>perscrutari</strong></span> <span class='ocrx_word' id='word_1_850' title='bbox 1885 5392 2110 5452; x_wconf 86' lang='lat' dir='ltr'><strong>possunt</strong></span> <span class='ocrx_word' id='word_1_851' title='bbox 2147 5383 2504 5437; x_wconf 83' lang='lat' dir='ltr'><strong>declarantur.</strong></span> <span class='ocrx_word' id='word_1_852' title='bbox 2559 5383 2819 5450; x_wconf 83' lang='lat' dir='ltr'><strong>Quodque</strong></span> <span class='ocrx_word' id='word_1_853' title='bbox 2855 5384 3034 5438; x_wconf 86' lang='lat' dir='ltr'><strong>adhuc</strong></span> <span class='ocrx_word' id='word_1_854' title='bbox 3068 5383 3366 5438; x_wconf 82' lang='lat' dir='ltr'><strong>mirabilius</strong></span> <span class='ocrx_word' id='word_1_855' title='bbox 3403 5391 3506 5446; x_wconf 89' lang='lat' dir='ltr'><strong>est,</strong></span> <span class='ocrx_word' id='word_1_856' title='bbox 3547 5382 3675 5451; x_wconf 78' lang='lat' dir='ltr'><strong>ipsa:</strong></span> 
     </span>
    </p>
   </div>
   <div class='ocr_carea' id='block_1_96' title="bbox 486 5487 922 5554">
    <p class='ocr_par' dir='ltr' id='par_1_96' title="bbox 486 5487 922 5554">
     <span class='ocr_line' id='line_1_96' title="bbox 486 5487 922 5554; baseline -0.011 -7"><span class='ocrx_word' id='word_1_857' title='bbox 486 5490 532 5526; x_wconf 79' lang='lat'>“</span> <span class='ocrx_word' id='word_1_858' title='bbox 559 5489 723 5546; x_wconf 89' lang='lat' dir='ltr'><strong>Rom.</strong></span> <span class='ocrx_word' id='word_1_859' title='bbox 763 5503 840 5554; x_wconf 73' lang='lat' dir='ltr'><strong>XI,</strong></span> <span class='ocrx_word' id='word_1_860' title='bbox 866 5487 922 5542; x_wconf 78' lang='grc'><strong>4.</strong></span> 
     </span>
    </p>
   </div>
   <div class='ocr_carea' id='block_1_97' title="bbox 501 5583 2074 5685">
    <p class='ocr_par' dir='ltr' id='par_1_97' title="bbox 501 5583 2074 5685">
     <span class='ocr_line' id='line_1_97' title="bbox 501 5583 2074 5685; baseline -0.01 -16"><span class='ocrx_word' id='word_1_861' title='bbox 501 5612 613 5685; x_wconf 71' lang='lat' dir='ltr'><strong>(Si)</strong></span> <span class='ocrx_word' id='word_1_862' title='bbox 644 5611 739 5666; x_wconf 90' lang='lat' dir='ltr'><strong>Sic</strong></span> <span class='ocrx_word' id='word_1_863' title='bbox 761 5610 965 5676; x_wconf 77' lang='lat' dir='ltr'><strong>optime</strong></span> <span class='ocrx_word' id='word_1_864' title='bbox 1006 5621 1137 5661; x_wconf 89' lang='lat' dir='ltr'><strong>mss.</strong></span> <span class='ocrx_word' id='word_1_865' title='bbox 1175 5583 1505 5669; x_wconf 31' lang='lat' dir='ltr'><strong>Maie-editi</strong></span> <span class='ocrx_word' id='word_1_866' title='bbox 1549 5621 1570 5655; x_wconf 72' lang='grc' dir='ltr'><strong>ι</strong></span> <span class='ocrx_word' id='word_1_867' title='bbox 1604 5603 1838 5660; x_wconf 80' lang='lat' dir='ltr'><strong>aliorum</strong></span> <span class='ocrx_word' id='word_1_868' title='bbox 1872 5614 1999 5674; x_wconf 82' lang='lat' dir='ltr'><strong>pro—</strong></span> <span class='ocrx_word' id='word_1_869' title='bbox 2030 5604 2074 5660; x_wconf 87' lang='lat' dir='ltr'><strong>D</strong></span> 
     </span>
    </p>
   </div>
   <div class='ocr_carea' id='block_1_98' title="bbox 432 5685 1083 5756">
    <p class='ocr_par' dir='ltr' id='par_1_98' title="bbox 432 5685 1083 5756">
     <span class='ocr_line' id='line_1_98' title="bbox 432 5685 1083 5756; baseline -0.02 -16"><span class='ocrx_word' id='word_1_870' title='bbox 432 5686 687 5756; x_wconf 35' lang='lat' dir='ltr'><strong>epieiettsh</strong></span> <span class='ocrx_word' id='word_1_871' title='bbox 701 5685 1012 5756; x_wconf 53' lang='lat' dir='ltr'><strong>contectuln</strong></span> <span class='ocrx_word' id='word_1_872' title='bbox 1024 5720 1036 5730; x_wconf 94' lang='lat'><strong>.</strong></span> <span class='ocrx_word' id='word_1_873' title='bbox 1051 5695 1083 5756; x_wconf 69' lang='lat' dir='ltr'><strong>_t</strong></span> 
     </span>
    </p>
   </div>
   <div class='ocr_carea' id='block_1_99' title="bbox 416 5746 1552 5825">
    <p class='ocr_par' dir='ltr' id='par_1_99' title="bbox 416 5746 1552 5825">
     <span class='ocr_line' id='line_1_99' title="bbox 416 5746 1552 5825; baseline -0.004 -22"><span class='ocrx_word' id='word_1_874' title='bbox 416 5819 420 5824; x_wconf 3' lang='grc' dir='ltr'><strong>γ</strong></span> <span class='ocrx_word' id='word_1_875' title='bbox 464 5746 478 5756; x_wconf 90' lang='grc'><em>’</em></span> <span class='ocrx_word' id='word_1_876' title='bbox 509 5752 620 5825; x_wconf 72' lang='grc'><strong>(52)</strong></span> <span class='ocrx_word' id='word_1_877' title='bbox 655 5751 749 5825; x_wconf 77' lang='lat' dir='ltr'><strong>Sic</strong></span> <span class='ocrx_word' id='word_1_878' title='bbox 780 5765 908 5803; x_wconf 83' lang='lat' dir='ltr'><strong>mss.</strong></span> <span class='ocrx_word' id='word_1_879' title='bbox 938 5748 1168 5825; x_wconf 77' lang='lat' dir='ltr'><strong>&#39;l‘arin_t_ts</strong></span> <span class='ocrx_word' id='word_1_880' title='bbox 1197 5760 1398 5825; x_wconf 64' lang='lat' dir='ltr'><strong>autem.</strong></span> <span class='ocrx_word' id='word_1_881' title='bbox 1430 5746 1552 5825; x_wconf 75' lang='grc' dir='ltr'>ὑπό.</span> 
     </span>
    </p>
   </div>
   <div class='ocr_carea' id='block_1_100' title="bbox 416 5816 1640 5895">
    <p class='ocr_par' dir='ltr' id='par_1_100' title="bbox 416 5816 1640 5895">
     <span class='ocr_line' id='line_1_100' title="bbox 416 5816 1640 5895; baseline -0.007 -17"><span class='ocrx_word' id='word_1_882' title='bbox 416 5819 424 5840; x_wconf 68' lang='grc'><strong>³</strong></span> <span class='ocrx_word' id='word_1_883' title='bbox 512 5816 627 5895; x_wconf 68' lang='grc'>(55)</span> <span class='ocrx_word' id='word_1_884' title='bbox 658 5821 868 5875; x_wconf 74' lang='lat' dir='ltr'><strong>Primus</strong></span> <span class='ocrx_word' id='word_1_885' title='bbox 899 5824 1064 5874; x_wconf 77' lang='lat' dir='ltr'><strong>codex</strong></span> <span class='ocrx_word' id='word_1_886' title='bbox 1099 5817 1253 5886; x_wconf 68' lang='lat' dir='ltr'><strong>Reg.</strong></span> <span class='ocrx_word' id='word_1_887' title='bbox 1285 5816 1640 5890; x_wconf 59' lang='grc' dir='ltr'>ἀνθρωπίνως</span> 
     </span>
    </p>
   </div>
   <div class='ocr_carea' id='block_1_101' title="bbox 2189 5609 3693 5684">
    <p class='ocr_par' dir='ltr' id='par_1_101' title="bbox 2189 5609 3693 5684">
     <span class='ocr_line' id='line_1_101' title="bbox 2189 5609 3693 5684; baseline -0.018 -14"><span class='ocrx_word' id='word_1_888' title='bbox 2189 5616 2305 5682; x_wconf 77' lang='lat' dir='ltr'><strong>(5i)</strong></span> <span class='ocrx_word' id='word_1_889' title='bbox 2337 5613 2505 5672; x_wconf 87' lang='lat' dir='ltr'><strong>Idem.</strong></span> <span class='ocrx_word' id='word_1_890' title='bbox 2533 5611 2566 5683; x_wconf 80' lang='grc' dir='ltr'>ἡ</span> <span class='ocrx_word' id='word_1_891' title='bbox 2603 5609 2794 5664; x_wconf 84' lang='grc' dir='ltr'>τούτου</span> <span class='ocrx_word' id='word_1_892' title='bbox 2827 5609 3098 5684; x_wconf 73' lang='grc' dir='ltr'>ἐνέργεια,</span> <span class='ocrx_word' id='word_1_893' title='bbox 3128 5609 3380 5684; x_wconf 61' lang='lat' dir='ltr'><strong>Tui-inus,</strong></span> <span class='ocrx_word' id='word_1_894' title='bbox 3487 5609 3693 5666; x_wconf 63' lang='grc' dir='ltr'><strong>τούτων</strong></span> 
     </span>
    </p>
   </div>
   <div class='ocr_carea' id='block_1_102' title="bbox 2121 5680 3692 5759">
    <p class='ocr_par' dir='ltr' id='par_1_102' title="bbox 2121 5680 3692 5759">
     <span class='ocr_line' id='line_1_102' title="bbox 2121 5680 3692 5759; baseline -0.001 -23"><span class='ocrx_word' id='word_1_895' title='bbox 2121 5680 2390 5759; x_wconf 75' lang='grc' dir='ltr'>ἐνέργεια.</span> <span class='ocrx_word' id='word_1_896' title='bbox 2422 5680 2634 5759; x_wconf 59' lang='lat' dir='ltr'><strong>Primus</strong></span> <span class='ocrx_word' id='word_1_897' title='bbox 2674 5687 2845 5735; x_wconf 80' lang='lat' dir='ltr'><strong>codex</strong></span> <span class='ocrx_word' id='word_1_898' title='bbox 2882 5680 3082 5753; x_wconf 71' lang='lat' dir='ltr'><strong>Regius</strong></span> <span class='ocrx_word' id='word_1_899' title='bbox 3133 5683 3297 5738; x_wconf 87' lang='lat' dir='ltr'><strong>habet</strong></span> <span class='ocrx_word' id='word_1_900' title='bbox 3339 5680 3498 5753; x_wconf 82' lang='lat' dir='ltr'><strong>paulo</strong></span> <span class='ocrx_word' id='word_1_901' title='bbox 3542 5697 3692 5754; x_wconf 71' lang='lat' dir='ltr'><strong>pust,</strong></span> 
     </span>
    </p>
   </div>
   <div class='ocr_carea' id='block_1_103' title="bbox 2143 5753 2519 5826">
    <p class='ocr_par' dir='ltr' id='par_1_103' title="bbox 2143 5753 2519 5826">
     <span class='ocr_line' id='line_1_103' title="bbox 2143 5753 2519 5826; baseline -0.013 -15"><span class='ocrx_word' id='word_1_902' title='bbox 2143 5808 2146 5811; x_wconf 91' lang='lat'><strong>.</strong></span> <span class='ocrx_word' id='word_1_903' title='bbox 2166 5753 2414 5826; x_wconf 71' lang='grc' dir='ltr'>ια’γκαῖον</span> <span class='ocrx_word' id='word_1_904' title='bbox 2443 5753 2519 5807; x_wconf 83' lang='grc' dir='ltr'><strong>δέ.</strong></span> 
     </span>
    </p>
   </div>
   <div class='ocr_carea' id='block_1_104' title="bbox 2192 5821 2978 5896">
    <p class='ocr_par' dir='ltr' id='par_1_104' title="bbox 2192 5821 2978 5896">
     <span class='ocr_line' id='line_1_104' title="bbox 2192 5821 2978 5896; baseline 0.001 -21"><span class='ocrx_word' id='word_1_905' title='bbox 2192 5821 2304 5896; x_wconf 63' lang='grc'>(55)</span> <span class='ocrx_word' id='word_1_906' title='bbox 2336 5826 2502 5890; x_wconf 70' lang='lat' dir='ltr'><strong>Ideni,</strong></span> <span class='ocrx_word' id='word_1_907' title='bbox 2537 5824 2628 5876; x_wconf 73' lang='grc' dir='ltr'><strong>καὶ</strong></span> <span class='ocrx_word' id='word_1_908' title='bbox 2655 5821 2753 5892; x_wconf 60' lang='grc' dir='ltr'><strong>τὴν</strong></span> <span class='ocrx_word' id='word_1_909' title='bbox 2782 5821 2978 5877; x_wconf 57' lang='lat' dir='ltr'><strong>uitia».</strong></span> 
     </span>
    </p>
   </div>
  </div>
