4014 6142
381 265 511 319 373

1745 248 1946 308 LlBER
1984 243 2338 316 QUARTUS.

3546 231 3649 286 575

376 383 616 437 Τούτων
636 357 828 452 eam
872 376 978 432 τῶν
1023 373 1425 449 παραπλησίων
1478 372 1856 444 προκειμένων
1902 369 1971 441 τῷ

2090 368 2142 421 vi
2175 361 2582 434 percipiendam
2613 358 2850 422 venerit,
2870 363 2929 410 nt
2955 353 3211 415 diximus,
3249 347 3436 417 repleti
3467 347 3650 400 divino

376 473 687 544 φωτίζοντι
722 470 1003 543 Πνεύματι
1046 469 1146 532 τὰς
1188 467 1298 522 τῶν
1347 465 1515 534 ἀγίων
1560 465 1849 536 ὑπηρετῶν
1881 464 1978 534 τῆς

369 563 654 637 ἀληθείας
710 562 908 634 ψυχὰς,
947 559 1199 631 δεύτερος
1229 553 1299 629 ἦν
1334 555 1557 621 σκοπὸς,
1591 554 1681 607 διὰ
1721 555 1847 616 τοὺς
1902 553 1976 622 μὴ

367 655 724 728 δυναμένους
772 654 862 707 τὸν
901 651 1143 723 κάματον
1194 651 1436 719 ἐνεγκεῖν
1479 649 1618 722 ὑπὲρ
1667 648 1764 702 τοῦ
1791 646 1858 700 τὰ
1883 665 1978 718 τη-

365 749 626 805 λικαῦτα
666 750 880 820 εὑρεῖν,
911 743 970 799 τὸ
1006 744 1209 817 κρύψαι
1253 745 1344 798 τὸν
1380 743 1508 814 περὶ
1563 741 1669 795 τῶν
1719 756 1976 812 προειρη-

369 843 574 915 μένων
617 841 773 910 λόγον
806 843 862 894 ὲν
893 838 1100 904 λέξεσιν
1135 835 1524 909 ὲμφαινούσαις
1579 834 1829 905 διήγησιν
1880 848 1976 883 πε-

370 936 684 1008 ριέχουσαν
719 931 1056 1002 ἀπαγγελίαν
1089 931 1188 1001 τὴν
1231 929 1359 999 περὶ
1405 927 1511 980 τῶν
1556 924 1830 997 αἰσθητῶν
1882 923 1975 995 δη-

365 1028 845 1100 μιουργημὸπων,
888 1024 981 1078 κού⁸
1026 1022 1315 1095 ἀνθρώπου
1349 1018 1578 1082 κτίσεως
1611 1017 1704 1071 καὶ
1753 1017 1859 1070 τῶν
1909 1019 1974 1068 ἐκ

362 1117 495 1170 τῶν
551 1116 784 1189 πρώτων
837 1116 976 1169 κατὰ
1014 1114 1262 1184 διαδοχὴν
1295 1110 1458 1182 μέχρι
1491 1107 1698 1162 πολλῶν
1748 1123 1973 1176 γεγενη-

362 1211 595 1282 μένων·
631 1210 724 1264 καὶ
756 1209 942 1272 ἄλλαις
966 1206 1227 1280 ἱστορίαις
1250 1201 1724 1274 ἀπαγγελλούσαις
1750 1199 1972 1254 δικαίων

360 1302 618 1375 πράξεις
639 1344 652 1367 ,
681 1301 773 1356 καὶ
793 1301 900 1355 τῶν
921 1299 1100 1355 αὐτῶν
1127 1297 1329 1351 τούτων
1350 1295 1479 1348 ποτὲ
1504 1294 1772 1365 γενόμενα
1797 1293 1974 1361 ἁμαρ-

356 1398 608 1468 τήματα
640 1395 715 1457 ὡς
747 1391 1069 1464 ἀνθρώπων,
1103 1392 1198 1444 καὶ
1227 1390 1465 1459 ἀνόμων,
1499 1386 1594 1440 καὶ
1633 1383 1843 1438 ἀσεϐῶν
1879 1401 1975 1437 πο-

356 1489 604 1562 νηρίας,
628 1486 722 1541 καὶ
744 1486 1058 1549 ἀκολασίας,
1077 1485 1172 1537 καὶ
1189 1479 1517 1547 πλεονεξίας.
1555 1476 1971 1550 Παραδοξότατα

356 1583 424 1637 δὲ
449 1624 466 1646 ,
514 1582 601 1636 διὰ
637 1581 878 1650 ἱστορίας
907 1579 1007 1649 τῆς
1029 1576 1158 1650 περὶ
1189 1574 1460 1644 πολέμων,
1492 1571 1586 1625 καὶ
1611 1569 1970 1641 νενικηκότων

359 1673 486 1727 καὶ
516 1670 920 1742 νενικημένων,
965 1668 1085 1722 τινὰ
1125 1665 1230 1720 τῶν
1271 1664 1599 1735 ἀπορρήτων
1647 1664 1760 1724 τοῖς
1800 1659 1970 1714 ταῦτα

364 1761 700 1835 βασανίζειν
733 1758 1051 1830 δυναμένοις
1088 1752 1460 1825 σαφηνίζεται.
1501 1755 1611 1807 Καὶ
1645 1752 1724 1805 ἔτι
1759 1749 1970 1820 Θαυμα-

367 1857 680 1928 σιὼτερον,
729 1853 816 1907 διὰ
849 1851 1101 1923 γραπτῆς
1133 1847 1453 1921 νομοθεσίας
1492 1848 1541 1901 οἱ
1572 1847 1670 1918 τῆς
1717 1846 1972 1918 ἀληθείας

363 1949 542 2022 νόμοι
577 1945 1010 2019 προφητεύονται
1031 1957 1046 1973 ⁸
1087 1941 1225 2013 μετά
1261 1939 1474 2012 ἀληθῶς
1503 1939 1815 2010 πρεπούσης
1835 1937 1970 1991 Θεοῦ

371 2043 554 2115 σοφίᾳ
584 2042 692 2115 (56)
727 2039 1008 2111 δυνάμεως
1078 2035 1293 2089 πάντων
1326 2033 1527 2086 τούτων
1554 2031 1732 2104 εἱρμῷ
1776 2032 1973 2100 ἀναγε-

367 2124 738 2206 γραμμένων.
817 2129 1108 2201 Προέκειτο
1162 2124 1270 2196 γὰρ
1334 2124 1446 2177 καὶ·
1477 2122 1540 2176 τὸ
1597 2121 1800 2192 ἔνδυμα
1860 2119 1968 2174 τῶν

373 2221 797 2294 πνευματικῶν,
847 2220 990 2289 λέγω
1023 2218 1081 2271 δὲ
1126 2215 1185 2270 τὸ
1222 2214 1529 2287 σωματικὸν
1560 2212 1668 2266 τῶν
1713 2213 1965 2284 Γραφῶν,

370 2319 450 2373 ἐν
469 2315 681 2378 πολλοῖς
714 2313 935 2384 ποιῆσαι
967 2312 1068 2364 οὐκ
1101 2307 1392 2377 ἀνωφελὲς,
1422 2303 1722 2375 δυνάμενόν
1755 2321 1813 2357 τε
1845 2305 1971 2367 τοὺς

374 2409 649 2472 πολλοὺς,
681 2405 756 2469 ὡς
789 2402 1048 2474 χωροῦσι,
1086 2399 1345 2470 βελτιοῦν.

2087 458 2294 529 Spiritu
2344 451 2710 526 protulerunt.
2775 444 3100 502 Necessario
3147 440 3342 495 deinde
3389 439 3552 492 etiam
3587 436 3652 489 de

2080 548 2348 606 creaturis
2393 542 2826 605 rationabilibus,
2856 549 2962 593 tam
2991 533 3306 592 caelestibus
3338 546 3500 602 quam
3529 541 3640 583 ter-

2081 645 2228 698 renis
2276 638 2616 696 healioribus
2658 647 2998 703 consequens
3039 637 3156 685 crat
3204 643 3298 682 eos
3336 623 3650 679 mortalium

2078 751 2249 806 genus
2279 734 2479 789 divinis
2502 725 3145 789 sermonibus3edocere;
3173 720 3265 776 sed
3300 731 3355 776 et
3386 717 3647 772 dili'eren-

2077 830 2207 884 tiam
2247 827 2574 885 animarum,
2607 830 2661 876 et
2687 821 2829 874 unde
2852 818 2971 872 ista:
2992 813 3310 870 diii‘erentize
3342 821 3474 867 orta:
3497 809 3647 872 sint;

2075 930 2188 974 tum
2235 918 2430 973 deinde
2455 915 2586 984 quid
2615 914 2687 966 sit
2712 912 2801 965 hic
2835 909 3092 974 mundus,
3128 916 3182 960 et
3218 919 3389 975 quare
3439 902 3646 963 factus;

2076 1013 2168 1068 sed
2195 1021 2250 1065 et
2277 1009 2420 1064 unde
2452 1006 2658 1062 malitia
2689 1012 2837 1058 tanta
2878 1015 2942 1054 ae
2962 999 3085 1054 talis
3113 1006 3199 1051 est
3240 1011 3401 1065 super
3444 1004 3650 1056 terras;

2075 1119 2197 1173 qua:
2226 1112 2408 1156 utrum
2435 1100 2490 1154 in
2523 1097 2686 1152 terris
2733 1098 2805 1150 sit
2842 1091 3242 1156 tantummodo,
3271 1107 3338 1144 an
3360 1100 3414 1144 et
3445 1089 3500 1143 in
3531 1087 3652 1141 aliis

2076 1197 2357 1266 aliquibus
2386 1194 2541 1258 locis,
2579 1206 2648 1246 ex
2699 1188 2900 1244 divinis
2935 1200 3034 1240 nos
3062 1183 3410 1239 sermonibus
3438 1182 3650 1238 discere

2076 1288 2445 1345 necessarium
2492 1287 2614 1341 fuit.
2655 1285 2788 1340 Cum
2845 1297 2976 1354 ergo
3031 1279 3208 1335 dehis
3241 1277 3436 1332 talibus
3464 1285 3520 1330 et
3554 1276 3652 1327 Ιὶοο

2075 1397 2195 1437 rum
2229 1380 2500 1436 similibus
2531 1377 2761 1447 Spiritui
2820 1382 3012 1430 sancto
3053 1380 3198 1426 esset
3246 1369 3478 1423 intentio
3502 1368 3647 1421 -illu—

1982 1481 1987 1486 “
2073 1477 2284 1529 minare
2345 1481 2565 1528 sanctas
2627 1469 2840 1523 animas
2893 1482 3014 1536 quae
3071 1479 3132 1520 se
3198 1463 3504 1519 ministerio
3532 1461 3646 1534 (60)

2072 1566 2337 1621 dederant
2402 1563 2697 1630 veritatis,
2753 1560 2991 1614 secundo
3068 1555 3188 1611 loco
3261 1553 3490 1609 habetur
3558 1553 3648 1606 illc

2073 1669 2426 1729 prospectus,
2485 1665 2542 1710 ut
2599 1664 2818 1725 propter
2869 1667 2964 1706 eos
3017 1651 3110 1719 qui
3146 1649 3226 1704 vel
3264 1665 3366 1702 nou
3401 1657 3644 1717 possent,

2069 1751 2154 1806 vel
2209 1751 2413 1806 nollent
2443 1750 2570 1804 huic
2605 1764 2664 1804 se
2717 1747 2888 1801 labori
2940 1755 3105 1812 atque
3157 1744 3436 1797 industriae
3490 1743 3648 1812 173

2072 1844 2309 1906 tradere,
2353 1857 2461 1909 quo
2489 1843 2604 1894 haec
2634 1849 2780 1892 tanta
2833 1853 2897 1892 ac
2944 1838 3070 1891 talia
3119 1836 3296 1891 doceri
3337 1837 3419 1892 vel
3471 1854 3643 1908 agno-

2068 1943 2224 1990 'scere
2271 1942 2638 1996 ruererentur,
2672 1931 2815 1984 sicut
2867 1928 3123 1996 superius
3172 1929 3439 1991 diximus,
3476 1929 3650 1982 invol-

2073 2035 2228 2081 veret
2260 2034 2315 2080 et
2350 2022 2653 2079 occultaret
2712 2021 3058 2076 sermonibus
3087 2021 3337 2083 usitatis,
3378 2021 3478 2074 sub
3513 2036 3654 2090 pra:—

2068 2128 2230 2174 -textu
2273 2115 2516 2171 historia:
2553 2113 2832 2182 cnjusdatn
2861 2123 2914 2169 et
2945 2113 3277 2167 narrationis
3305 2127 3485 2166 rerum
3516 2115 3648 2167 visi-

2076 2211 2299 2274 bilium,
2346 2225 2544 2265 arcana
2574 2211 2879 2280 'mysteria.
2916 2207 3194 2263 lndueitur
3241 2222 3372 2277 ergo
3421 2208 3647 2263 visibilis

2077 2314 2344 2358 creaturae
2385 2303 2636 2357 narratio
2671 2312 2726 2356 et
2755 2303 2916 2372 primi
2946 2301 3184 2356 hominis
3213 2303 3453 2358 comlitio
3486 2315 3648 2370 atque

2000 2395 2044 2450 B
2075 2397 2429 2469 ﬁgmentum,
2477 2407 2589 2450 tum
2621 2395 2820 2450 deinde
2847 2408 2917 2449 ex
2964 2395 3056 2450 illo
3101 2409 3201 2464 per
3245 2395 3648 2450 successionem

398 2509 591 2550 secuta
624 2501 926 2568 progenies,
957 2500 1213 2552 nonnulla
1243 2515 1456 2568 quoque
1493 2515 1673 2552 rerum
1720 2508 1988 2569 gestarum
2019 2515 2136 2568 quae
2174 2516 2203 2552 a
2227 2501 2389 2569 justts
2414 2499 2716 2569 quibusque
2742 2507 2887 2568 gesta
2914 2508 3058 2562 sunt,
3091 2496 3432 2561 referuntur;
3465 2495 3626 2549 etiarn

402 2591 679 2645 interdum
709 2592 900 2646 delicta
933 2594 1172 2662 quaedam
1198 2608 1383 2646 eorum
1414 2603 1902 2647 commemorantur
1930 2601 2180 2661 tanquam
2211 2593 2507 2646 hominum.
2539 2592 2677 2646 Tum
2700 2591 2892 2647 deinde
2925 2600 2978 2646 et
3006 2590 3288 2660 impiorum
3317 2589 3630 2643 scribuntur

382 2683 700 2764 aliquanta,
735 2684 817 2739 vel
843 2684 1132 2755 impudice,
1166 2686 1249 2740 vel
1273 2684 1518 2754 nequiter
1543 2695 1712 2757 gesta.
1745 2685 1883 2740 Miro
1908 2695 2085 2739 autem
2126 2686 2288 2738 modo
2328 2695 2383 2738 et
2419 2684 2722 2752 praeliorum
2755 2683 2956 2753 digesta
2984 2681 3220 2736 narratio
3251 2691 3352 2745 est,
3399 2690 3454 2736 et
3482 2696 3628 2735 nunc

403 2776 758 2842 vincentium,
791 2794 938 2834 nunc
966 2779 1230 2834 victorum
1260 2781 1526 2850 descripta
1557 2781 1860 2845 diversitas,
1894 2797 1992 2850 per
2026 2796 2145 2851 qua:
2173 2779 2458 2834 ineffabilia
2485 2779 2727 2849 quaedam
2760 2779 2843 2833 his
2872 2779 2961 2848 qui
2996 2777 3299 2848 huiusmodi
3329 2777 3468 2832 dicta
3502 2792 3628 2845 pcr-

403 2869 638 2922 scrutari
663 2878 882 2931 norunt,
915 2880 1248 2926 sacramenta
1275 2873 1634 2927 declarantur.
1663 2872 1767 2927 Sed
1792 2883 1846 2927 ct
1875 2871 2165 2942 Scriptura:
2189 2872 2340 2942 legali
2374 2887 2473 2941 per
2491 2870 2856 2926 admirandam
2885 2868 3159 2938 sapientiae
3181 2866 3512 2936 disciplinam
3543 2867 3628 2918 lex

402 2959 649 3013 veritatis
681 2961 936 3014 inseritur
964 2971 1018 3014 et
1046 2963 1465 3032 prophetarum;
1490 2978 1609 3032 quae
1635 2963 1841 3034 singula
1867 2963 2044 3018 divina
2066 2963 2295 3032 quadam
2327 2970 2442 3016 arte
2485 2961 2760 3031 sapientia:
2787 2963 2932 3017 velut
2963 2962 3334 3014 indumentum
3359 2957 3625 3027 quoddam

399 3062 461 3108 et
494 3051 736 3106 velamen
787 3052 1105 3123 spiritalium
1152 3071 1408 3111 sensuum
1446 3065 1590 3111 texta
1638 3065 1762 3111 sunt
1810 3055 1951 3128 (6|);
1981 3068 2035 3110 et
2067 3057 2169 3111 hoc
2200 3067 2281 3111 est
2323 3055 2463 3125 quod
2509 3055 2741 3109 diximus
2764 3053 3051 3124 Scriptura;
3094 3062 3291 3107 sanctae
3319 3066 3535 3120 corpus,
3570 3058 3628 3103 ut

400 3147 570 3201 etiam
597 3163 694 3217 per
722 3147 823 3201 hoc
852 3149 995 3218 quod
1025 3149 1257 3205 diximus
1283 3151 1476 3207 littera:
1503 3152 1899 3216 indumentum,
1926 3152 2200 3222 sapientia:
2229 3162 2344 3207 arte
2370 3159 2697 3216 contextum,
2731 3158 2950 3222 possent
2977 3147 3280 3215 complures
3299 3144 3546 3199 aediﬁcari
3572 3154 3630 3200 et

403 3238 672 3310 prolicere
704 3239 793 3308 qui
826 3239 981 3294 aliter
1002 3257 1108 3295 non
1137 3251 1375 3311 possent.

465 3331 605 3385 Ἀλλ’
640 3332 762 3385 ἐπεὶ
793 3332 903 3404 (57)
941 3331 1096 3405 εἴπερ
1137 3333 1204 3386 δι’
1237 3333 1373 3386 ὅλων
1410 3333 1596 3403 σαφῶς
1649 3334 1708 3386 τὸ
1753 3334 1854 3406 τῆς
1882 3353 1969 3387 νο-

375 3422 648 3493 μοθεσίας
699 3423 970 3494 χρήσιμον
1031 3423 1256 3476 αὐτόθεν
1301 3423 1577 3493 ἐφαίνετο,
1628 3425 1723 3476 καὶ
1769 3423 1828 3476 τὸ
1872 3425 1968 3494 τῆς

371 3513 628 3587 ιστορίας
660 3513 953 3568 ἀκόλουθον
997 3513 1092 3568 καὶ
1142 3515 1447 3588 γλαφυρὸν,
1492 3517 1872 3588 ἡπιστήσαμεν
1905 3517 1970 3570 ἂν

369 3605 512 3660 ἄλλο
537 3624 588 3658 τι
619 3605 770 3678 παρὰ
797 3606 859 3659 τὸ
894 3607 1182 3680 πρόχειρον
1211 3609 1448 3662 νοεῖσθαι
1476 3609 1734 3665 δύνασθαι
1767 3616 1824 3666 ὲν
1849 3614 1972 3676 ταῖς

371 3693 658 3765 Γραφαῖς,
714 3694 1034 3768 ᾡκονόμησέ
1063 3715 1182 3752 τινα
1215 3699 1377 3753 οἱονεὶ
1405 3698 1518 3772 (58)
1565 3701 1835 3756 σκάνδαλα
1880 3701 1976 3755 καὶ

371 3789 787 3858 προσκόμματα
820 3790 913 3844 καὶ
949 3791 1186 3846 ἀδύνατα
1203 3792 1290 3847 διὰ
1316 3792 1480 3865 μέσου
1501 3795 1976 3866 ἐγκαταταχθῆναι

369 3881 463 3951 τῷ
489 3883 638 3953 νόμῳ
665 3884 759 3936 καὶ
790 3888 854 3956 τῇ
885 3885 1093 3957 ἱστορίᾳ
1127 3888 1154 3937 ὁ
1189 3885 1284 3939 τοῦ
1339 3886 1472 3940 Θεοῦ
1511 3888 1714 3956 Λόγος·
1760 3889 1848 3942 ἵνα
1898 3891 1972 3964 μὴ

371 3973 562 4044 πάντη
599 3973 710 4045 (59)
755 3975 862 4028 ὑπὸ
899 3977 998 4046 τῆς
1049 3974 1244 4041 λέξεως
1305 3977 1584 4047 ἑλκόμενοι
1641 3979 1700 4032 τὸ
1756 3981 1971 4050 ἀγωγὸν

370 4063 624 4135 ἄκρατον
647 4065 917 4138 ἐχούσης,
952 4068 1072 4139 ἦτοι
1097 4069 1171 4132 ὡς
1215 4069 1379 4140 μηδὲν
1412 4071 1560 4136 ἄξιον
1600 4071 1732 4123 Θεοῦ
1770 4073 1974 4142 μανθά-

370 4173 568 4222 νοντες
589 4197 604 4221 ,
639 4158 820 4212 τέλεον
850 4160 1176 4230 ἁποστῶμεν
1207 4162 1312 4214 τῶν
1355 4162 1662 4232 δογμάτων,
1711 4164 1742 4235 ἢ
1782 4163 1856 4236 μὴ
1891 4183 1973 4218 κι-

372 4251 634 4323 -νούμενοι
667 4253 778 4306 ἀπὸ
807 4252 902 4307 τοῦ
948 4254 1306 4327 γράμματος,
1365 4256 1530 4329 μηδὲν
1565 4257 1831 4331 θειότερον
1865 4260 1971 4330 μά-

2147 3339 2232 3394 l5.
2296 3337 2424 3394 Scd‘
2478 3337 2842 3409 quoniam,si
2909 3337 2964 3392 in
3023 3338 3277 3392 omnibus
3348 3337 3648 3392 indumenti

2079 3429 2258 3496 hujus,
2314 3431 2368 3485 id
2417 3438 2500 3485 est
2545 3429 2791 3486 historia:
2839 3428 2974 3499 legis
3017 3427 3210 3484 fuisset
3259 3430 3647 3499 consequentia

2080 3523 2350 3577 custodita
2383 3531 2438 3578 et
2471 3522 2606 3578 ordo
2655 3531 2928 3587 servatus,
2958 3521 3225 3576 habentes
3271 3522 3646 3576 continuatum

2082 3613 2452 3683 intelligentia:
2479 3627 2738 3677 cursum,
2781 3627 2887 3666 non
2933 3614 3122 3680 utique
3147 3613 3500 3668 crederemus
3529 3629 3649 3669 esse

2077 3705 2224 3760 aliud
2279 3705 2482 3776 aliquid
2538 3706 2592 3760 in
2660 3703 2962 3774 Scripturis
3017 3705 3222 3760 sanctis
3278 3707 3646 3773 intrinsecus,

2076 3809 2272 3868 prieter
2307 3799 2413 3853 hoc
2457 3799 2599 3868 quod
2631 3798 2810 3869 prima
2846 3797 3028 3851 fronte
3069 3797 3428 3863 indicabatur,
3479 3800 3648 3856 inelu-

2073 3906 2227 3953 sum;
2265 3891 2365 3945 ista
2391 3891 2458 3946 de
2502 3905 2668 3946 causa
2699 3891 3018 3960 procuravit
3046 3890 3230 3946 divina
3257 3892 3522 3961 sapientia
3565 3893 3650 3946 of-

2069 3981 2338 4036 fendicula
2369 3982 2636 4051 quanlam,
2668 3981 2753 4036 vel
2797 3981 3236 4052 intercapedines
3278 3982 3649 4053 intelligentia:

2072 4073 2189 4126 fieri
2231 4073 2562 4140 historialis;
2604 4071 2966 4142 impossibilia
3017 4073 3264 4142 quaedam
3299 4082 3354 4126 et
3387 4073 3646 4126 inconve-

2073 4164 2275 4217 nientia
2308 4179 2406 4230 per
2437 4164 2677 4217 medittm
2728 4163 3051 4230 inserendo;
3085 4172 3144 4216 ut
3177 4162 3500 4232 interruptio
3530 4164 3648 4232 ipsa

2074 4258 2407 4311 narrationis
2431 4257 2576 4310 velut
2603 4257 2852 4312 obicibus
2892 4255 3220 4324 qumusdam
3257 4255 3455 4326 legenti
3516 4257 3649 4309 resi-

371 4342 589 4416 1θωμεν.
635 4345 756 4419 Χρὴ
793 4346 849 4401 δὲ
883 4349 976 4401 καὶ
1007 4347 1163 4401 τοῦτο
1194 4347 1425 4415 εἰδέναι,
1458 4349 1540 4403 ὄτι
1571 4349 1666 4424 ’τοῦ
1701 4367 1971 4422 προηγου-

2074 4359 2185 4404 stat
2221 4348 2486 4417 objectis,
2534 4348 2732 4418 quibus
2776 4347 3151 4416 intelligentia:
3205 4346 3364 4417 hujus
3411 4347 3650 4420 vulgaris

1597 4463 2159 4520 INTERPBETATIO
2197 4463 2408 4519 NUVA.

379 4578 638 4661 veritatis
661 4578 810 4647 leges
841 4579 955 4650 lege
994 4582 1191 4661 scripta
1211 4584 1591 4661 continentur,
1615 4586 1807 4661 ordine
1840 4600 1907 4661 ac
1939 4585 2081 4661 serie
2108 4584 2406 4661 descriptis
2433 4583 2583 4637 hisce
2609 4583 2952 4661 omnibusea
2989 4592 3263 4661 potestate
3287 4598 3413 4652 quae
3433 4584 3639 4661 divinae

383 4652 690 4731 sapientiai
705 4666 828 4731 vere
869 4655 1179 4731 conveniat.
1211 4652 1267 4706 Id
1305 4656 1447 4708 enim
1475 4656 1834 4731 propositum
1886 4654 2009 4731 fuit,
2056 4664 2117 4731 u_t
2168 4657 2344 4731 ipsum
2378 4669 2598 4731 quoque
2632 4652 3001 4731 spiritualium
3034 4655 3434 4721 indumentum,
3470 4657 3638 4711 idest

380 4722 530 4843 qttctlrd
570 4720 623 4774 in
659 4720 957 4843 Sgiptutis
985 4737 1307 4793 corporeum
1343 4733 1442 4787 est,
1475 4720 1532 4779 in
1582 4720 1770 4782 multis
1823 4743 1929 4782 non
1968 4729 2039 4780 sit
2079 4720 2293 4792 inutile,
2329 4720 2422 4780 sed
2451 4720 2876 4794 multos'possit,
2909 4738 3172 4796 quantum
3225 4720 3453 4796 capaces
3487 4736 3645 4792 sunt,

385 4807 435 4843 nt
499 4805 642 4843 tores
669 4806 699 4843 e
759 4805 906 4843 cere.

385 4805 642 4844 IIICIIOTCS
669 4805 906 4845 CIHCCTC.

381 4937 383 4940 ι
428 4860 548 4944 Alii.
589 4860 1085 4944 Vet'tttttuqtlonialli
1127 4864 1170 4944 si
1221 4863 1592 4944 legisutilitas
1629 4877 1685 4922 et
1722 4870 1989 4944 varietate
2024 4867 2304 4944 obiectans
2345 4866 2588 4944 historiae
2622 4865 2794 4944 series
2832 4865 3031 4944 ubique
3065 4881 3188 4944 sese
3218 4867 3502 4944 proderet,
3538 4883 3647 4923 non

385 4934 578 5012 utique
617 4934 1043 5012 credidissemus
1091 4934 1235 5012 aliud
1284 4938 1537 5012 quiddam
1589 4949 1788 5012 praeter
1835 4940 1886 4993 id
1912 4939 2074 5012 quod
2109 4939 2330 5012 obvium
2384 4949 2469 4991 est
2516 4939 2566 4991 in
2618 4934 3188 5012 Scripturisintelligi
3219 4934 3646 5012 possepidcireo

387 4998 480 5053 Dei
507 5000 750 5083 Verbum
789 5004 844 5083 in
894 5003 1011 5083 lege
1052 5019 1119 5083 ac
1153 4998 1377 5083 historia
1402 4998 2302 5083 _interponicuravit'oliendicula
2331 5018 2387 5083 et
2417 4998 2780 5083 impossibilia
2802 5007 3070 5083 quaedam,
3107 4998 3175 5061 ne
3209 4998 3461 5083 dictione
3510 5010 3644 5063 nihil

383 5081 585 5141 praeter
610 5071 1210 5151 _illecebram'habente
1254 5077 1499 5151 deliniti,
1556 5071 1610 5132 et
1651 5080 1788 5132 nihil
1827 5081 1935 5132 Deo
1972 5081 2198 5151 dignum
2239 5071 2610 5151 addiscentes,
2654 5071 2873 5131 tandem
2914 5093 2944 5130 a
2985 5071 3254 5151 dogmatis
3307 5081 3644 5139 recedamus,

382 5153 476 5194 aut
515 5141 674 5196 nuda:
711 5143 904 5198 littera:
941 5145 1158 5214 penitus
1201 5141 1560 5214 adhaerentes,
1601 5151 1735 5203 nihil
1771 5151 2011 5205 divinius
2035 5141 2437 5220 'percipiamus.
2495 5149 2720 5218 Oportet
2756 5158 2937 5203 autern
2992 5141 3237 5204 et'illuJ
3286 5152 3428 5204 scire
3466 5167 3481 5203 :
3522 5166 3643 5203 cum

456 5255 570 5330 (56)
610 5256 863 5327 Tarinus,
904 5261 1095 5330 σοφίας
1119 5303 1134 5328 ,
1167 5263 1328 5319 male.

2123 5264 2248 5350 '(59)
2289 5264 2546 5327 Tarinus.
2601 5265 2835 5334 πάντες,
2900 5265 2994 5321 sed
3045 5264 3255 5336 primus
3305 5263 3650 5340 (κύλικι,

2063 5351 2262 5405 παντη.

457 5371 600 5446 (57)-
621 5373 804 5427 Ἐπεί.
854 5376 1010 5430 Det-st
1039 5378 1180 5446 apttd
1212 5377 1502 5440 Tarinum.
1531 5380 1623 5432 sed
1659 5381 1885 5436 habetur
1907 5384 1959 5437 in

386 5442 517 5498 mss.
551 5442 830 5523 Cancrum
858 5446 924 5499 de
953 5442 1244 5523 Varioque
1273 5451 1446 5523 accipi
1484 5453 1643 5503 debet
1677 5454 1962 5523 Scriptura

385 5528 548 5567 sensu
593 5518 722 5592 quid
768 5518 1007 5570 senserit
1042 5518 1305 5592 Origenes
1337 5522 1644 5592 disseritur
1678 5518 1963 5592 Orig'enia-

387 5600 572 5637 norum
601 5585 742 5638 libro
775 5601 814 5638 ιι
835 5626 850 5651 ,
899 5585 1203 5656 quaestione
1229 5590 1441 5644 decima
1475 5594 1656 5645 tertia.

455 5674 814 5758 (§8)_9£orel.
846 5677 1044 5735 Omisit
1069 5679 1338 5749 Tariuus,
1372 5684 1464 5739 sed
1494 5683 1729 5741 restituit
1757 5685 1964 5752 primus

347 5785 354 5791 ι
381 5747 552 5802 codex
585 5747 806 5816 Regius.

2139 5407 2252 5478 (60)
2285 5405 2377 5478 Sic
2407 5417 2553 5478 recte
2590 5423 2723 5462 mss.
2757 5405 2895 5461 Male
2925 5421 3056 5460 vero
3087 5405 3242 5471 editi,
3283 5423 3300 5455 ι
3325 5405 3639 5477 mysterio.)

2139 5478 2252 5549 (lii)
2296 5477 2480 5536 Editi.
2542 5488 2730 5531 «tecta
2791 5487 3001 5549 sunt.»
3068 5479 3161 5530 sed
3229 5492 3394 5541 tnss.,
3455 5484 3642 5531 «texta

2052 5546 2213 5602 sunt.
2239 5565 2259 5599 ι
2306 5549 2509 5602 Ibidem
2555 5564 2709 5612 mss.,
2740 5565 2758 5597 ι
2785 5546 3082 5615 Scriptura:
3131 5558 3333 5600 sancta:
3369 5562 3586 5615 corpus.
3620 5571 3637 5599 ι

2069 5619 2125 5670 ltt
2161 5618 2323 5672 editis
2344 5620 2535 5680 deest,
2573 5635 2590 5668 ι
2611 5629 2834 5670 sanctze.
2860 5634 2878 5667 ι
2925 5615 3044 5668 Mox
3074 5631 3225 5676 mss.,
3265 5635 3284 5667 ι
3306 5615 3566 5673 aediﬁcari
3589 5635 3643 5674 et

2071 5689 2340 5755 proiicere
2367 5690 2459 5756 qui
2494 5688 2653 5742 aliter
2679 5702 2786 5741 non
2813 5697 3056 5756 possent.
3097 5705 3115 5738 ι
3149 5684 3287 5740 Male
3316 5689 3469 5756 editi,
3505 5710 3524 5742 ι
3571 5711 3644 5745 ac-

2071 5759 2296 5812 ditieare
2331 5770 2383 5813 et
2413 5759 2677 5830 prolicere
2706 5757 2798 5826 qui
2847 5757 3158 5813 litteruliter
3197 5773 3301 5813 non
3351 5774 3588 5832 possent.
3617 5784 3634 5815 ρ
