4014 6142
415 257 522 322 3:5

1641 268 1967 326 ORICENIS
2003 271 2160 323 ΠΕΡΙ
2194 270 2426 323 ΑΡΧΩΝ

3550 264 3657 324 576

417 383 520 438 iter
550 396 614 439 ac
639 385 929 441 transitum
963 395 1152 457 neget,
1183 395 1238 441 et
1275 387 1527 442 exclusos
1571 404 1670 445 nos
1709 405 1772 443 ac
1803 405 1967 445 recns

2092 387 2252 460 μένου
2290 386 2492 442 σκοποῦ
2538 386 2896 459 τυγχάνοντος
2927 382 3017 438 τὸν
3046 384 3106 438 ὲν
3127 384 3238 446 τοῖς
3272 384 3657 452 πνευματικοῖς

415 486 503 530 sos
535 475 646 548 (62)
677 489 897 540 revocet
937 479 1000 531 ad
1027 478 1247 533 alierius
1278 480 1492 534 initium
1517 482 1640 545 vite,
1676 491 1735 535 ιιι
1771 484 1842 536 ita
1871 482 1982 536 cel-

415 567 577 622 sioris
611 568 770 640 174
803 570 1084 636 cujusdam
1117 578 1170 623 et
1205 572 1586 628 eminentioris
1617 574 1852 628 tramitis
1883 590 1982 642 per

418 659 630 726 angusti
653 660 803 714 callis
836 661 1140 728 ingressum
1166 661 1489 718 immensam
1516 665 1711 719 divina:
1738 666 1979 720 scientire

418 745 752 802 latitudinem
785 750 1007 819 pandat.
1050 750 1275 820 Oportet
1307 763 1486 808 autem
1525 755 1688 808 etiam
1721 756 1846 810 illud
1879 773 1978 812 nos

415 839 580 902 scire,
605 841 727 907 quia
764 826 886 894 c’um
913 841 1292 913 principaliter
1316 855 1631 915 prospectus
1656 847 1726 902 sit
1752 846 1978 917 Spiritui

415 939 604 985 saneto
633 930 1002 1002 intelligentia:
1029 935 1290 1003 spiritalis
1324 940 1766 1006 consequentiam
1793 951 1979 996 custo-

411 1020 568 1081 dire.
620 1022 705 1077 vel
759 1022 813 1078 in
862 1024 947 1078 his
988 1040 1108 1094 qua:
1147 1027 1260 1096 geri
1294 1028 1528 1092 debent,
1577 1029 1665 1083 vel
1712 1045 1831 1099 quin
1865 1029 1974 1097 jam

411 1121 688 1167 transacta
721 1123 882 1178 sunt;
927 1116 1102 1171 sicubi
1133 1119 1352 1187 quidem
1385 1119 1591 1174 invenit
1626 1136 1687 1174 ea
1719 1137 1840 1191 quae
1890 1138 1976 1177 sc-

409 1205 644 1258 eundum
691 1206 976 1262 historiam
1010 1217 1160 1278 gesta
1193 1219 1319 1264 sunt
1359 1213 1533 1281 aptari
1573 1227 1732 1282 posse
1773 1213 1978 1267 intelli-

410 1296 604 1363 gentia:
646 1297 902 1366 spiritali,
935 1300 1143 1354 ordinis
1172 1303 1456 1372 utriusque
1489 1311 1693 1358 textum
1727 1303 1835 1376 (65)
1872 1319 1977 1359 uno

410 1387 744 1443 narrationis
774 1405 1025 1445 sermone
1055 1394 1376 1462 composuit,
1399 1394 1559 1448 altius
1581 1411 1797 1465 semper
1821 1411 1976 1450 arca-

409 1495 536 1534 num
576 1495 794 1535 sensum
843 1485 1179 1552 recondens;
1235 1487 1325 1540 ubi
1362 1498 1540 1541 autem
1571 1488 1805 1556 spiritali
1848 1503 1974 1548 omi-

407 1573 706 1642 sequeutite
737 1588 916 1628 rerum
967 1584 1242 1642 gestarum
1274 1579 1498 1632 historia
1531 1580 1823 1634 convenire
1867 1595 1974 1634 non

406 1675 652 1736 poterat,
697 1667 969 1723 interdum
1015 1670 1632 1742 iuterseruitqtuedam,
1679 1672 1766 1728 vel
1795 1673 1974 1728 minus

407 1768 583 1828 gesta,
609 1759 691 1813 vel
713 1775 833 1829 quae
866 1761 1088 1818 omnino
1116 1764 1230 1833 geri
1269 1779 1375 1819 non
1407 1773 1658 1834 possent,
1703 1766 1970 1820 interdum

395 1850 572 1904 etiam
616 1864 734 1918 qua:
783 1861 1004 1918 possent
1035 1853 1251 1922 quidem
1283 1855 1426 1923 geri,
1465 1871 1561 1910 nec
1605 1867 1782 1910 tamen
1820 1864 1971 1924 gesta

403 1951 571 2005 sunt;
619 1952 672 1996 et
725 1958 1111 2012 nonnunquam
1158 1945 1346 2012 paucis
1390 1946 1731 2000 sermonibus
1760 1947 1849 2014 qui
1884 1961 1971 2000 se-

347 2033 639 2086 vcundum
694 2036 1033 2104 corporalem
1091 2037 1501 2107 intelligentiam
1554 2054 1661 2092 non
1715 2039 1970 2092 videntur

402 2138 623 2180 scrvare
667 2141 827 2195 posse
863 2129 1186 2193 veritatem,
1221 2130 1493 2183 interdum
1525 2130 1708 2184 multis
1748 2130 1969 2184 insertis

2085 481 2275 554 εἱρμὸν
2295 479 2626 550 ἀπαγγεῖλαι
2649 477 3033 550 γεγενημένοις
3053 473 3147 531 καὶ
3170 473 3460 549 πρακτέοις
3479 491 3492 504 ·
3524 475 3656 528 ὅπου

2087 572 2182 642 μὲν
2211 562 2338 643 εὗρε
2371 569 2639 641 γενόμενα
2666 569 2806 624 κατὰ
2839 568 2936 640 τὴν
2967 565 3206 639 ἱστορίαν
3236 567 3264 618 ὁ
3289 565 3459 634 Λόγος
3489 564 3658 636 ἐφαρ-

2086 661 2250 733 μόσαι
2293 660 2566 731 δυνάμενα
2611 663 2726 724 τοῖς
2766 661 3048 731 μυστικοῖς
3092 654 3332 720 τούτοις,
3383 655 3657 727 ἐχρήσατο

2081 753 2448 826 ἀποκρύπτων
2488 753 2596 806 ἀπὸ
2630 750 2740 822 (65)
2792 749 2901 803 τῶν
2956 747 3165 803 πολλῶν
3212 747 3301 800 τὸν
3359 745 3656 818 βαθύτερον

2080 847 2237 901 νοῦν·
2267 848 2397 901 ὅπου
2432 847 2488 900 δὲ
2528 849 2586 900 ὲν
2614 849 2679 917 τῇ
2713 845 2964 916 διηγήσει
3008 842 3107 913 τῆς
3143 843 3268 913 περὶ
3300 839 3409 894 τῶν
3449 838 3657 910 νοητῶν

2079 939 2398 1003 ἀκολουθίας
2460 937 2558 1008 οὐχ
2606 937 2789 990 εἵπετο
2844 937 2878 1007 ἡ
2935 934 3101 988 τῶνδέ
3155 951 3314 986 τινων
3372 931 3568 1005 πρᾶξις
3613 933 3648 1004 ἠ

2080 1027 2654 1102 προαναγεγραμμένη
2687 1024 2775 1079 διὰ
2805 1024 2872 1077 τὰ
2904 1022 3315 1095 μυστικώτερα,
3353 1018 3653 1091 συνύφηνεν
3733 1023 3738 1025 ‘

2078 1124 2110 1192 ή
2148 1118 2337 1191 Γραφὴ
2381 1121 2445 1189 τῇ
2496 1114 2704 1188 ἱστορίᾳ
2733 1113 2792 1168 τὸ
2840 1114 2913 1192 μὴ
2948 1111 3269 1184 γενόμενον,
3323 1112 3404 1184 πὴ
3443 1111 3539 1181 μὲν
3577 1108 3652 1181 μὴ

2077 1209 2298 1263 δυνατὸν
2339 1208 2626 1278 γενέσθαι,
2673 1205 2748 1276 πὴ
2795 1205 2850 1259 δὲ
2883 1204 3103 1258 δυνατὸν
3141 1205 3237 1275 μὲν
3267 1201 3544 1272 γενέσθαι,
3588 1201 3648 1254 οὐ

2080 1294 2184 1366 μὴν
2210 1296 2590 1367 γεγενημένον.
2627 1295 2737 1349 Καὶ
2762 1291 2872 1346 ἔσθ’
2889 1295 2975 1347 ὅτε
2998 1293 3097 1364 μὲν
3121 1293 3294 1361 ὀλίγαι
3327 1292 3496 1358 λέξεις
3517 1307 3655 1364 παρ-

2077 1385 2480 1458 εμϐεϐλημέναι
2525 1385 2665 1448 εἰσὶ,
2705 1383 2845 1437 κατὰ
2886 1383 2945 1436 τὸ
2988 1383 3146 1454 σῶμα
3191 1384 3290 1436 οὐκ
3321 1383 3653 1454 ἀληθευόμε-

2076 1497 2163 1533 ναι
2192 1478 2340 1550 (66),
2389 1478 2499 1532 ἔσθ’
2545 1479 2632 1531 ὅτε
2675 1476 2730 1529 δὲ
2763 1477 3001 1540 πλείους.
3063 1476 3136 1529 Τὸ
3167 1476 3222 1529 δὲ
3265 1475 3522 1545 ἀνάλογον
3555 1476 3649 1530 καὶ

2076 1573 2168 1626 ἐπὶ
2185 1574 2279 1644 τῆς
2300 1571 2614 1644 νομοθεσίας
2647 1569 2960 1642 ὲκληπτέον,
2980 1573 3037 1626 ὲν
3123 1569 3236 1624 ἔστι
3261 1570 3516 1634 πολλάκις
3533 1570 3647 1644 (67)

2076 1667 2253 1738 εὑρεῖν
2282 1667 2377 1720 καὶ
2409 1666 2468 1720 τὸ
2511 1667 2734 1720 αὐτόθεν
2787 1667 3055 1737 χρήσιμον
3088 1665 3223 1737 πρὸς
3255 1664 3379 1728 τοὺς
3426 1666 3650 1737 καιροὺς

2078 1759 2176 1829 τῆς
2218 1758 2536 1829 νομοθεσίας
2579 1756 2849 1830 ἁρμόζον·
2896 1757 3065 1810 ἐνίοτε
3095 1757 3152 1810 δὲ
3187 1757 3455 1829 χρήσιμος
3492 1756 3648 1824 λόγος

2077 1851 2177 1904 οὐκ
2207 1851 2546 1922 ἐμφαίνεται.
2597 1851 2706 1904 Καὶ
2732 1851 2916 1905 ἄλλοτε
2951 1847 3044 1903 καὶ
3085 1849 3319 1903 ἀδύνατα
3349 1849 3639 1920 νομοθετεῖν

2077 1959 2202 2008 ται,
2251 1942 2342 1996 διὰ
2379 1943 2504 2008 τοὺς
2531 1943 2975 2022 ἐντρεχεστέρους
3007 1943 3099 1996 καὶ
3146 1940 3644 2013 ζητητικωτέρους·

2078 2041 2165 2092 ἵνα
2197 2043 2261 2111 τῇ
2300 2039 2514 2110 βασάνῳ
2546 2040 2643 2112 τῆς
2673 2023 2969 2104 ἐξετάσεως
2989 2037 3097 2094 τῶν
3115 2039 3510 2111 γεγραμμένων
3537 2041 3650 2092 ἐπι-

2074 2131 2306 2195 διδόντες
2339 2133 2593 2195 ὲαυτοὺς,
2637 2135 2842 2202 πεῖσμα
2869 2130 3140 2199 ἀξιόλογον
3171 2130 3373 2184 λάϐωσι
3401 2125 3645 2202 περὶτοῦ

402 2214 506 2268 hoc
534 2214 685 2286 facit,
707 2219 850 2288 quod
881 2220 1147 2290 praecipue
1171 2221 1221 2274 in
1254 2219 1600 2287 legislﬁione
1632 2221 1967 2289 frequentari

2077 2223 2183 2276 δεῖν
2216 2224 2308 2277 τοῦ
2343 2223 2477 2276 Θεοῦ
2508 2223 2654 2290 ἄξιον
2688 2223 2811 2277 νοῦν
2841 2225 2918 2288 εἰς
2951 2223 3016 2277 τὰ
3048 2222 3271 2277 τοιαῦτα
3309 2221 3512 2294 ζητεῖν.

401 2308 703 2379 invenitur;
757 2313 846 2366 ubi
900 2313 1066 2367 multa
1102 2316 1320 2383 quidem
1372 2327 1499 2369 sunt
1543 2331 1662 2385 qua:
1698 2317 1753 2370 in
1803 2317 1937 2385 ipsis
1963 2318 2334 2387 corporalibus
2390 2319 2678 2388 praeceptis
2742 2318 2895 2370 utilia
2961 2331 3079 2372 esse
3126 2316 3468 2369 manifestum
3525 2323 3641 2381 est,

397 2402 674 2471 aliquanta
709 2413 885 2460 tamen
921 2415 1047 2460 sunt
1080 2409 1132 2461 iu
1157 2408 1355 2476 quibus
1387 2408 1528 2462 nulla
1565 2424 1790 2478 prorsus
1828 2408 1964 2463 ratio
2005 2410 2260 2463 utilitatis
2289 2410 2627 2474 ostenditur;
2685 2409 2953 2462 interdum
3004 2423 3132 2461 vero
3183 2417 3237 2463 et
3291 2406 3641 2476 impossibilia

398 2498 780 2555 decernuntur.
827 2502 957 2568 Qua:
984 2503 1200 2569 omnia,
1232 2513 1289 2557 ut
1319 2505 1575 2568 diximus,
1604 2505 1804 2559 ideirco
1859 2507 2167 2573 procuravit
2201 2505 2441 2575 Spiritus
2495 2517 2739 2564 sanctus,
2793 2513 2852 2558 ut
2909 2518 2976 2557 ex
3029 2505 3113 2557 his
3146 2503 3270 2556 dum
3312 2517 3373 2556 ea
3415 2516 3534 2570 qua:
3591 2501 3641 2554 in

393 2590 569 2661 prima
601 2592 776 2648 fronte
804 2604 952 2659 sunt,
978 2611 1108 2649 vera
1129 2595 1214 2649 vel
1244 2597 1398 2651 utilia
1428 2612 1547 2652 esse
1572 2613 1674 2653 non
1698 2599 2028 2668 possunt,ad
2064 2598 2471 2668 inquisitionem
2525 2598 2769 2653 veritatis
2817 2597 2980 2652 altius
3041 2596 3280 2666 repetita:
3320 2594 3428 2667 (68)
3486 2609 3644 2651 revo-

396 2699 606 2752 cemur,
640 2696 695 2743 et
720 2691 938 2758 dignum
973 2692 1084 2748 Deo
1111 2708 1332 2748 sensum
1365 2694 1416 2747 in
1445 2694 1767 2764 Scripturis,
1797 2711 1934 2764 quas
1964 2711 1996 2750 a
2027 2695 2140 2750 Deo
2165 2696 2461 2764 inspiratas
2490 2696 2784 2759 credimus,
2815 2693 3214 2762 perquiramus.

467 2783 554 2838 t6.
597 2783 714 2840 Non
760 2787 934 2842 solum
967 2796 1144 2843 autem
1175 2791 1241 2844 de
1284 2791 1367 2844 bis
1395 2805 1513 2859 qute
1553 2806 1725 2861 usque
1766 2793 1831 2845 ad
1865 2794 1961 2846 ad-

393 2861 612 2931 ventum
648 2878 850 2935 Christi
894 2881 1095 2948 scripta
1132 2893 1294 2945 sunt,
1326 2885 1440 2938 haec
1469 2885 1704 2952 Spiritus
1739 2895 1962 2941 sanctus

392 2971 726 3037 procuravit,
763 2972 860 3026 sed
887 2983 1070 3042 utpote
1100 2991 1239 3029 unus
1271 2985 1432 3045 atque
1475 2978 1615 3031 idem
1653 2977 1888 3044 Spiritus
1909 2987 1964 3032 et

392 3061 460 3111 ah
505 3075 610 3112 uno
664 3061 770 3115 Deo
821 3067 1152 3131 procedens,
1187 3067 1376 3120 eadem
1427 3069 1678 3123 similiter
1708 3070 1961 3123 etiamin

393 3152 744 3222 evangelistis
785 3165 840 3208 et
880 3159 1134 3226 apostolis
1174 3158 1323 3215 fecit.
1382 3159 1512 3214 Nam
1558 3177 1624 3216 ne
1671 3162 1788 3216 illas
1831 3163 1957 3231 qui-

393 3243 516 3296 dem
567 3247 908 3302 narrationes
955 3265 1088 3317 quas
1125 3266 1220 3320 per
1254 3268 1345 3306 eos
1377 3252 1701 3322 inspiravit,
1754 3254 1958 3320 absque

394 3334 766 3404 hujuscemodi
832 3356 990 3408 quam
1042 3358 1206 3412 supra
1277 3347 1625 3413 exposuimus
1677 3345 1958 3414 sapientia:

389 3440 501 3484 suae
517 3437 634 3484 arte
653 3433 925 3485 contexuit
943 3433 1072 3506 (ti—i).
1101 3435 1249 3490 Unde
1269 3437 1429 3490 etiam
1451 3437 1500 3490 iu
1527 3437 1657 3506 ipsis
1675 3452 1775 3490 nou
1791 3453 1958 3506 parva

2134 2791 2213 2848 Οὐ
2251 2793 2410 2864 μόνον
2462 2791 2518 2844 δὲ
2571 2791 2696 2863 περὶ
2744 2790 2851 2843 τῶν
2891 2789 2999 2860 (69)
3047 2791 3151 2862 πρὸ
3201 2790 3296 2860 τῆς
3342 2790 3643 2861 παρουσίας

2067 2884 2241 2938 ταῦτα
2289 2884 2347 2936 τὸ
2387 2882 2614 2953 Πνεῦμα
2659 2883 3036 2953 ιξ›κονόμησεν,
3090 2881 3202 2934 ἀλλ’
3248 2882 3341 2936 ἅτε
3391 2882 3451 2935 τὸ
3508 2883 3641 2936 αὐτὸ

2067 2979 2331 3048 τυγχάνον
2388 2977 2482 3030 καὶ
2524 2977 2630 3031 ἀπὸ
2683 2978 2776 3030 τοῦ
2830 2977 2946 3039 ἐνὸς
3002 2975 3133 3029 Θεοῦ
3161 3017 3174 3041 ,
3219 2977 3279 3030 τὸ
3323 2979 3503 3048 ὅμοιον
3544 2979 3638 3032 καὶ

2069 3072 2162 3124 ἐπὶ
2206 3070 2313 3123 τῶν
2351 3069 2695 3138 Εὗαγγελίων
2729 3070 3027 3140 πεποίηκε,
3079 3073 3172 3124 καὶ
3206 3072 3297 3124 ἐπὶ
3350 3071 3455 3123 τῶν
3504 3073 3640 3124 ἁπο-

2069 3164 2302 3216 στόλων·
2362 3164 2481 3215 οὐδὲ
2532 3162 2734 3216 τούτων
2781 3163 2954 3233 πάντη
2990 3163 3226 3235 ἄκρατον
3261 3163 3357 3234 τὴν
3401 3162 3638 3234 ἱστορίαν

2065 3255 2172 3308 τῶν
2221 3257 2685 3326 προσυεροισμένων
2737 3256 2876 3308 κατὰ
2930 3257 2990 3308 τὸ
3031 3256 3338 3326 σωματικὸν
3374 3257 3638 3326 ἐχόντων,

2070 3347 2166 3418 μὴν,
2208 3347 2586 3418 γεγενημένων
2629 3347 2767 3419 (76)·
2827 3348 2946 3400 οὐδὲ
3006 3349 3103 3420 τὴν
3160 3347 3480 3419 νομοθεσίαν
3543 3348 3637 3402 καὶ

2065 3439 2164 3502 τὰς
2216 3439 2432 3503 ἐντολὰς
2487 3439 2701 3503 πάντως
2750 3440 2810 3493 τὸ
2848 3439 3064 3509 εὔλογον
3119 3441 3469 3511 ἐμφαίνοντα.
3541 3441 3637 3506 Τίς

376 3532 741 3597 permiscuit,
817 3527 1014 3596 quibus
1097 3529 1394 3586 historialis
1478 3530 1732 3585 narrandi
1825 3531 1957 3584 ordo

387 3623 741 3696 interpolatus
816 3623 902 3677 vel
972 3625 1262 3682 intercisus
1319 3642 1417 3696 per
1468 3627 1954 3697 impossibilitatem

2077 3626 2157 3678 (αἱ
2195 3624 2384 3696 τρίτην
2421 3624 2652 3695 ἡμέραν,
2693 3625 2932 3695 ἑσπέραν
2982 3642 3039 3677 τε
3092 3627 3184 3679 καὶ
3221 3629 3431 3699 πρωΐαν
3467 3627 3634 3701 χωρὶς

1588 3741 2152 3798 ΙΝΤΕΒΡΒΕΤΑΉΟ
2189 3739 2398 3796 NOVA.
2488 3731 2496 3740 ’

387 3848 455 3889 eo
493 3833 760 3904 praecipue
796 3845 1004 3904 spectet
1045 3837 1137 3892 Dei
1193 3839 1432 3895 Verbum
1486 3848 1545 3892 ιιι
1593 3838 1646 3892 in
1705 3839 1868 3892 rebus
1920 3835 2264 3904 spiritalibus
2300 3844 2355 3890 et
2405 3835 2572 3904 gestis
2606 3843 2659 3888 et
2691 3833 2944 3903 gerendis
2984 3834 3183 3889 seriem
3220 3834 3498 3900 declaret;
3539 3837 3630 3891 ubi

388 3905 694 3978 secundum
731 3905 1014 3978 historiam
1053 3909 1258 3965 invenit
1295 3909 1436 3964 facta
1478 3925 1600 3978 quae
1637 3909 1853 3962 arcanis
1905 3907 2024 3978 istis
2067 3905 2467 3978 accommodari
2516 3916 2772 3978 possent,
2823 3906 2931 3958 illis
2964 3921 3100 3978 usus
3140 3914 3254 3970 est,
3316 3906 3498 3960 multis
3534 3923 3630 3957 oe-

387 3974 598 4030 cultans
647 3975 1040 4031 abstrusiorem
1101 3994 1356 4042 sensum;
1417 3974 1510 4033 ubi
1567 3995 1696 4032 vero
1721 3979 1774 4031 in
1814 3977 2154 4046 explananda
2194 3975 2280 4028 illa
2332 3975 2690 4044 spiritualium
2748 3976 3084 4046 connexioue
3134 3991 3238 4030 non
3298 3979 3634 4044 sequebatur

387 4057 657 4118 certarum
700 4047 1061 4118 quarumdam
1105 4065 1282 4103 rerum
1340 4050 1528 4118 praxis
1565 4065 1687 4117 qua:
1744 4045 1965 4115 propter
2006 4046 2293 4118 arcaniora
2353 4055 2479 4098 ante
2517 4046 2718 4114 scripta
2761 4045 2959 4118 fuerit,
3026 4046 3304 4114 Scriptura
3344 4048 3633 4100 subneruit

385 4116 632 4170 historia:
667 4115 811 4184 quod
849 4121 1050 4170 tactum
1093 4134 1198 4172 non
1240 4115 1388 4182 erat;
1431 4121 1541 4172 imo
1584 4115 1879 4186 aliquando
1908 4117 2052 4185 quod
2090 4116 2202 4168 ﬁeri
2241 4131 2346 4170 non
2377 4125 2624 4180 poterat;
2662 4117 2984 4184 quandoque
3013 4126 3188 4170 autem
3225 4119 3369 4185 quod
3418 4128 3633 4184 poterat

384 4185 600 4255 quidem
644 4186 801 4251 ﬁeri,
843 4189 936 4242 sed
993 4189 1193 4243 factum
1241 4199 1418 4243 tamen
1471 4205 1576 4244 non
1631 4200 1736 4242 est.
1793 4189 2005 4242 Accidit
2034 4187 2198 4240 etiam
2245 4186 2537 4254 aliquando
2571 4195 2631 4239 ιιι
2677 4201 2860 4256 pauere
2898 4188 3192 4250 interiectm
3225 4189 3336 4241 sint
3367 4187 3632 4256 dictiones

383 4257 638 4328 veritati,
681 4257 726 4311 si
759 4262 826 4313 ad
860 4273 1056 4328 corpus
1090 4269 1328 4327 spectes,
1376 4276 1480 4314 non
1525 4268 1928 4314 consentaneae.
1969 4259 2064 4311 Est
2108 4257 2194 4309 ubi
2233 4258 2415 4311 multm
2463 4255 2768 4328 Imjnsmodi
2801 4262 2948 4310 sunt.
3012 4257 3153 4328 ltlem
3203 4257 3316 4310 fere
3363 4255 3627 4323 judicium

384 4328 452 4389 de
492 4327 608 4397 lege
635 4329 917 4383 ferendum
954 4326 1069 4392 est,
1123 4326 1215 4385 ubi
1259 4345 1400 4398 saepe
1437 4332 1676 4399 reperias
1719 4330 1847 4399 quid
1894 4344 1991 4397 per
2031 4343 2108 4399 se
2136 4328 2302 4392 utile,
2354 4328 2687 4399 temporibus
2735 4326 2869 4395 legis
2917 4327 3282 4393 conveniens;
3337 4328 3628 4392 aliquando

373 4408 564 4479 autem
614 4399 758 4480 nulla
802 4410 1027 4480 apparet
1056 4400 1281 4480 utilitas.
1321 4397 1460 4480 Quin
1487 4397 1544 4480 et
1577 4397 1848 4480 interdum
1893 4398 2287 4468 praecipiuntur
2326 4397 2721 4480 impossibilia,
2763 4406 2815 4451 et
2847 4400 2894 4450 id
2927 4399 3242 4480 quidemeo
3273 4399 3630 4480 _eonsilio,.nt

381 4469 472 4534 qui
506 4470 789 4541 acutiores
832 4481 887 4524 et
943 4471 995 4524 in
1044 4487 1222 4525 rerum
1258 4471 1609 4541 inquisitione
1654 4473 1896 4525 acriores
1931 4479 2090 4529 sunt.
2145 4483 2264 4541 sese
2296 4483 2475 4541 rerum
2512 4469 2836 4541 scriptarum
2865 4469 3284 4541 consideratioui
3334 4478 3495 4537 atque
3548 4469 3631 4523 in-

379 4537 728 4612 vestigationi
762 4542 982 4612 dantes,
1032 4543 1135 4596 sibi
1173 4537 1409 4595 maxime
1440 4544 1807 4612 persuadeant
1831 4542 2050 4612 dignum
2084 4541 2191 4612 Deo
2223 4540 2272 4590 in
2324 4538 2428 4591 illis
2464 4539 2625 4590 rebus
2649 4553 2886 4612 __senstnn
2922 4539 3090 4612 qtneri
3139 4549 3410 4612 oportere.

452 4608 539 4660 16.
583 4607 696 4662 Non
737 4610 916 4680 solum
973 4623 1150 4665 autem
1195 4614 1260 4664 de
1308 4612 1374 4664 iis
1412 4607 1533 4680 qum
1567 4615 1864 4666 adventum
1893 4607 2104 4665 L‘hristi
2159 4618 2594 4680 prmcesserunt,
2647 4607 2883 4674 Spiritus
2925 4609 2994 4661 ita
3037 4607 3259 4680 statuit,
3295 4610 3389 4664 sed
3443 4619 3629 4680 utpote

379 4675 528 4732 idem
567 4686 620 4750 et
659 4678 822 4732 unius
859 4681 1210 4749 ejusdemque
1255 4681 1345 4736 Dei
1378 4675 1638 4750 spiritus,
1684 4684 1824 4735 idem
1863 4683 1914 4735 in
1953 4675 2259 4749 Evangeliis
2301 4688 2355 4750 et
2390 4678 2759 4746 apostolorum
2798 4680 3012 4747 scriptis
3049 4677 3217 4746 feeit;
3258 4696 3382 4733 cum
3424 4675 3525 4735 nec
3561 4697 3622 4734 ea

379 4748 1058 4820 secundumeorporalem
1099 4748 1318 4805 sensum
1359 4748 1583 4805 omnino
1630 4753 1826 4804 nudant
1888 4748 2128 4805 habeant
2167 4749 2451 4820 historiam
2507 4764 2694 4802 eorum
2745 4764 2879 4820 quae
2917 4759 3167 4820 contexta
3221 4759 3382 4816 sunt,
3441 4761 3626 4820 utpote

378 4832 498 4891 qua:
528 4833 645 4891 non
683 4818 832 4872 facta
859 4822 997 4882 sint;
1058 4837 1232 4889 neque
1271 4825 1415 4891 leges
1454 4832 1508 4874 et
1567 4831 1835 4889 praecepta
1879 4822 2113 4873 habeant
2168 4818 2362 4871 rationi
2407 4829 2789 4873 consentanea.
2852 4819 2984 4885 Quis
3036 4819 3202 4891 igitur
3245 4835 3392 4875 same
3431 4818 3627 4876 tuentis

375 4888 773 4943 existimaverit
809 4893 1038 4958 primam
1063 4902 1116 4944 et
1146 4888 1448 4946 secundum
1485 4903 1540 4946 et
1569 4888 1793 4944 tertiam
1852 4891 2015 4952 (lietu,
2047 4900 2103 4942 et
2128 4904 2409 4957 vesperam
2436 4901 2486 4943 et
2525 4905 2680 4943 mane
2709 4894 2826 4944 sine
2867 4891 2980 4943 sole
3002 4930 3016 4951 ,
3051 4890 3171 4942 luna
3194 4933 3208 4953 ,
3255 4901 3306 4944 et
3351 4893 3543 4950 stellis,
3573 4902 3628 4944 et

375 4971 498 5010 eam
545 4973 664 5027 quae
715 4961 881 5014 veluti
925 4964 1097 5032 prima
1153 4972 1297 5028 erat,
1355 4964 1498 5018 diem
1555 4962 1672 5016 sine
1720 4961 1864 5015 ccelo
1913 4960 2124 5015 fuisse?
2169 4961 2302 5026 Quis
2351 4960 2486 5014 adeo
2527 4961 2756 5014 stolidus
2789 4970 2846 5013 ut
2897 4969 3047 5028 putet
3099 4962 3264 5014 Deum
3322 4978 3473 5018 more
3525 4960 3625 5017 lio-

2064 3531 2195 3598 γοῦν
2242 3529 2365 3584 νοῦν
2403 3529 2540 3600 ἔχων
2567 3529 2673 3602 (71)
2715 3532 2954 3601 οἰήσεται
2993 3531 3212 3602 πρώτην
3251 3533 3340 3584 καὶ
3378 3531 3635 3603 δευτέραν

447 5073 558 5149 (62)
601 5075 689 5133 Sic
718 5095 851 5134 mss.
884 5080 1055 5142 Editi,
1096 5099 1115 5132 ι
1145 5091 1397 5136 extrusos
1422 5096 1518 5135 nos
1550 5096 1611 5136 ac
1640 5081 1942 5137 exclusos.)
1982 5079 2028 5134 D
2129 5079 2240 5149 (65')
2282 5082 2375 5134 Sic
2406 5097 2537 5135 mss.
2577 5081 2831 5144 Tarinus,
2873 5081 2996 5133 ὑπό.

371 5145 712 5220 Ιιιιιτιηιεεη
768 5168 786 5200 ι
812 5151 894 5204 vel
947 5152 997 5205 in
1042 5153 1124 5206 his
1163 5168 1282 5220 quze
1313 5154 1424 5220 geri
1458 5153 1675 5206 debent.
1704 5171 1722 5203 ι
1766 5152 1905 5206 Editi
1933 5192 1949 5214 ,

377 5219 484 5291 ide
515 5220 597 5272 his
631 5236 751 5289 qua:
782 5224 893 5290 geri
920 5223 1139 5276 debent.
1164 5219 1190 5273 »ί
1225 5219 1340 5275 mox
1369 5239 1523 5285 mss.,
1569 5241 1589 5275 ι
1613 5224 1788 5277 sicubi
1830 5223 1954 5291 qui-

369 5290 493 5343 dem
530 5291 733 5344 invenit
773 5309 857 5344 ea.
883 5310 901 5342 l
949 5293 1240 5356 Mer-linus,
1295 5311 1312 5344 ι
1340 5293 1510 5346 sicubi
1542 5293 1765 5360 quidam
1799 5290 1950 5346 inve-

372 5370 568 5412 nerunt
605 5378 688 5418 ea.
719 5383 738 5415 ι
782 5363 1169 5418 chcbrardus
1192 5403 1206 5428 ,
1248 5381 1265 5413 ι
1287 5364 1458 5418 sicubi
1492 5365 1714 5434 quidem
1747 5378 1944 5418 conve-

373 5441 575 5485 nerunt.
605 5449 690 5486 ca.
726 5454 744 5485 ι

443 5502 555 5574 ιδὸ)
598 5505 785 5572 Aptari
829 5521 980 5572 posse
1029 5504 1390 5574 intelligentia:
1433 5502 1691 5572 spiritali,
1746 5505 1944 5557 ordinis

369 5573 645 5642 utriusque
696 5586 914 5630 textum.
978 5576 1102 5630 llaec
1141 5573 1336 5630 desunt
1384 5577 1434 5629 in
1469 5576 1668 5642 editis,
1714 5576 1808 5631 sed
1846 5580 1946 5631 ha-

370 5641 567 5695 bentur
597 5647 649 5698 in
685 5662 816 5698 mss.

444 5712 556 5781 (64)
598 5714 675 5788 Ita
717 5732 848 5770 mss.
903 5717 1046 5771 Editi
1099 5733 1262 5779 vero,
1319 5717 1629 5788 «sapientia
1677 5719 1796 5776 sive
1821 5728 1937 5775 arte

371 5785 682 5854 contexuit,
714 5789 856 5842 unde
885 5793 1047 5842 etiam
1083 5805 1186 5844 non
1219 5785 1455 5860 parva.)

2125 5149 2235 5221 (66)
2266 5151 2482 5206 Primus
2511 5153 2678 5205 codex
2733 5154 2885 5221 llcg.,
2915 5149 3292 5220 ἁληθεύουσαι.

2144 5225 2232 5292 67)
2273 5224 2450 5281 ldcut,
2487 5223 2792 5285 πλεονάκις.

2144 5225 2232 5292 67)
2273 5224 2450 5281 ldcut,
2487 5223 2792 5285 πλεονάκις.

2121 5223 2232 5364 ίϋὸ)
2275 5294 2364 5346 Sic
2394 5309 2525 5346 mss.
2553 5293 2958 5359 Genehrardus,
2999 5311 3016 5345 ε
3039 5297 3411 5361 repetendam.
3441 5315 3457 5347 ι
3492 5295 3621 5350 Mer-

2048 5363 2211 5428 liuus,
2245 5384 2262 5415 ι
2293 5371 2557 5432 repetere.
2581 5383 2598 5414 ι
2638 5363 2756 5416 Mox
2784 5380 2935 5426 mss.,
2977 5384 2993 5415 ι
3021 5370 3086 5416 ad
3113 5371 3401 5421 adventum
3421 5368 3619 5424 Christi

2046 5439 2246 5506 scripta
2270 5442 2432 5506 sunt.
2459 5452 2478 5485 ι
2525 5435 2580 5487 lu
2614 5435 2951 5506 editisdeest
2981 5450 3083 5487 vos
3105 5476 3118 5492 .
3155 5454 3171 5484 ι
3197 5438 3426 5506 scripta.
3455 5457 3474 5491 ι

2119 5504 2227 5575 (69)
2255 5505 2486 5589 'i’t'i‘utu‘s
2536 5507 2716 5589 codex.
2756 5504 2986 5589 Regius,
3039 5506 3130 5558 ἐπὶ
3187 5504 3326 5572 τῶν,
3359 5517 3414 5562 et
3461 5509 3622 5579 paulo

2048 5573 2171 5646 post
2195 5573 2215 5635 ,⁷
2242 5575 2376 5628 ἀλλὰ
2401 5575 2511 5646 γὰρ
2538 5575 2634 5646 ἅτε
2669 5573 2728 5626 τὸ
2761 5575 2908 5628 αὐτὸ.

2117 5646 2226 5717 (76)
2271 5649 2410 5699 Idem
2433 5684 2447 5709 ,
2597 5647 2990 5717 γεγενημένην.
3662 5694 3666 5701 .

2117 5716 2226 5788 (71)
2273 5717 2370 5790 Τίς
2387 5716 2550 5790 γοῦν,
2580 5717 2730 5772 νοῦν
2755 5716 2933 5790 ἔχων,
2986 5729 3088 5773 etc.
3123 5720 3252 5773 Vide
3275 5716 3613 5790 _0rigeeinu.

2047 5789 2141 5845 lib.
2170 5804 2228 5854 ιι,
2260 5803 2313 5858 q.
2345 5787 2405 5852 8,
2441 5804 2494 5841 ιι.
2525 5789 2586 5854 6,
2621 5797 2672 5842 et
2699 5804 2753 5858 q.
2787 5787 2847 5841 i5
2871 5827 2886 5855 ,
2915 5806 2969 5842 ιι.
2998 5791 3050 5844 '2.
