3974 6160
323 216 435 271 535

1660 218 1859 274 LIBER
1905 218 2256 287 QUARTUS.

3476 226 3579 283 386

320 346 503 394 σεται,
526 333 694 403 χωρὶς
715 332 911 405 πολλῆς
944 332 1178 405 βασάνου
1206 337 1279 408 μὴ
1305 337 1599 409 δυνάμενος
1625 338 1894 414 ἀποφήνα-

2005 356 2128 396 rare
2157 339 2469 406 omnino";
2496 358 2511 388 I
2536 348 2588 393 et
2628 355 2748 394 eum
2787 341 2864 394 ait
2895 359 2911 397 :
2946 360 2963 392 ι
2998 341 3099 410 Qui
3128 352 3307 398 autem
3332 344 3556 415 inspexe

319 423 449 476 σθαι
487 426 711 496 πότερον
742 428 835 497 ἥδε
862 431 895 500 η
927 427 1251 502 νομιζομένη
1294 432 1504 502 ἱστορία
1535 432 1723 501 γέγονε
1755 434 1895 485 κατά

316 515 418 584 τὴν
454 516 599 580 λέξιν
641 518 673 589 ἢ
708 518 769 572 οὗ
792 537 806 550 ο
842 523 935 573 καὶ
966 522 1121 592 τῆςδε
1164 524 1262 593 τῆς
1294 523 1612 593 νομοθεσίας
1642 524 1703 577 τὸ
1736 525 1895 596 ῥητὸν

314 608 591 679 τηρητέον
623 610 657 682 ἢ
692 610 775 664 οὖ.
808 612 906 665 Διά
937 612 1094 666 τοῦτο
1124 615 1204 667 δεῖ
1236 615 1477 685 ἀκριϐῶς
1510 616 1600 668 τὸν
1633 617 1895 686 ἐντυγχά-

316 717 505 765 νοντα,
530 704 801 775 τηροῦντα
821 705 880 758 τὸ
906 705 999 759 τοῦ
1020 706 1269 777 Σωτῆρος
1289 708 1613 779 πρόσταγμα
1634 708 1693 761 τὸ
1720 709 1874 776 λέγον
1935 748 1939 751 -

318 811 341 845 ι
388 793 679 865 Ἐρευνᾶτε
711 797 808 860 τὰς
837 797 1078 867 Γραφάς,
1105 818 1123 849 ι
1158 799 1430 869 ἐπιμελῶς
1465 798 1784 868 βασανίζειν,
1820 794 1900 865 πὴ

313 888 379 941 τὸ
408 887 559 941 κατὰ
586 889 682 960 τὴν
704 889 848 956 λέξιν
874 890 1067 960 ἀληθές
1098 892 1263 954 ἐστιν,
1288 891 1382 944 καὶ
1496 890 1773 953 ἀδύνατον,
1805 889 1899 942 καὶ

312 978 418 1052 ὅση
452 980 703 1051 δύναμις,
742 980 1035 1051 ἐξιχνεύειν
1064 982 1171 1035 ἀπὸ
1204 982 1309 1037 τῶν
1338 982 1537 1054 ὁμοίων
1570 982 1781 1051 φωνῶν,
1808 980 1899 1035 τὸν

312 1075 604 1145 πανταχοῦ
648 1075 1040 1146 διεσπαρμένον
1074 1077 1170 1146 τῆς
1202 1076 1424 1147 Γραφῆς
1466 1074 1590 1131 νοῦν
1628 1076 1720 1129 τοῦ
1754 1073 1895 1128 κατά

309 1166 414 1240 τὴν
444 1166 594 1232 λέξιν
626 1169 904 1223 ἀδυνάτου.

2003 435 2073 487 rit
2102 432 2376 486 mulierem
2400 432 2464 484 ad
2493 432 2978 500 concupiscendum
3016 448 3154 498 eam,
3183 434 3295 503 jam
3338 439 3577 493 mmcha-

2004 533 2090 579 tus
2124 534 2207 579 est
2236 540 2353 579 eam
2384 524 2435 578 in
2470 525 2633 578 corde.
2660 526 2837 580 suo”.
2881 545 2898 577 ι
2942 525 3050 581 Sed
3083 537 3137 580 et
3172 529 3311 596 apud
3352 528 3577 583 Paulum

2002 615 2301 684 apostolum
2324 629 2442 683 qum
2470 616 2859 683 praecipiuntur
2891 630 2906 670 :
2950 635 2968 667 ι
3002 617 3580 687 Commoneteinquie~

2009 719 2110 770 tos,
2154 706 2505 760 consolamini
2542 706 2933 775 pusillanimes,
2992 709 3254 763 sustinete
3302 709 3575 773 inﬁrmos,

2007 799 2277 864 patientes
2327 806 2503 852 estote
2546 803 2612 851 ad
2644 801 2913 853 omnes":
2949 810 3000 851 et
3028 800 3129 853 alia
3158 801 3575 870 quamplurima.

2009 890 2388 944 Verumtamen
2432 890 2474 943 si
2506 890 2630 958 quis
2686 892 2952 944 attentius
3018 891 3179 960 legat,
3233 907 3339 947 non
3392 892 3579 949 dubito

2005 985 2146 1053 quod
2222 982 2273 1035 in
2350 981 2763 1052 quamplurimis
2847 983 3118 1037 dubitabit
3188 995 3369 1038 utrum
3481 985 3575 1039 illa

2005 1076 2086 1130 vel
2120 1076 2207 1129 illa
2240 1076 2461 1129 historia
2495 1084 2712 1143 putetur
2742 1089 2868 1128 vera
2929 1090 3051 1129 esse
3085 1078 3384 1130 secundum
3436 1077 3577 1131 litte-

2003 1182 2137 1234 ram,
2171 1182 2238 1220 an
2264 1168 2440 1221 minus
2468 1181 2626 1229 vera;
2656 1174 2704 1218 et
2736 1165 2864 1218 illud
2892 1179 3243 1235 prreceptum,
3270 1180 3451 1223 utrum
3485 1186 3574 1222 se-

310 1261 557 1313 cundum
590 1260 823 1315 litteram
869 1263 1264 1317 observandum
1300 1263 1396 1329 sit,
1454 1274 1647 1317 necne.
1677 1258 1902 1327 Prtipter
1960 1259 2101 1325 quod
2158 1257 2326 1311 multo
2384 1257 2561 1311 studio
2595 1270 2657 1309 ac
2703 1254 2885 1309 labore
2934 1256 3211 1310 nitendum
3246 1266 3348 1324 est,
3381 1274 3575 1325 quate-

314 1368 421 1407 nus
490 1355 867 1423 ttnusquisque
924 1354 1218 1426 legentium
1275 1371 1397 1408 rum
1455 1355 1600 1408 omni
1634 1350 1930 1407 reverentia
1968 1350 2230 1421 intelligat
2284 1366 2343 1406 se
2388 1350 2594 1415 divina,
2651 1366 2756 1404 nou
2826 1351 3061 1405 humana
3115 1354 3280 1407 verba
3339 1365 3571 1409 tractare

314 1454 438 1508 qua:
468 1443 681 1497 sanctis
713 1444 866 1499 libris
900 1445 1099 1499 inserta
1134 1454 1278 1499 sunt.

400 1536 561 1589 Ἐπεὶ
603 1536 800 1602 τοίνυν,
830 1537 905 1601 ὡς
937 1538 1105 1607 σαφὲς
1128 1538 1279 1591 ἔσται
1314 1539 1425 1602 τοῖς
1458 1536 1890 1607 ἐντυγχάνουσιν,

308 1626 582 1691 ἀδύνατος
609 1628 705 1697 μὲν
733 1630 760 1681 6
784 1628 859 1691 ὡς
891 1630 1027 1700 πρὸς
1052 1631 1112 1682 τὸ
1142 1630 1303 1702 ῥητὸν
1335 1631 1545 1702 είρμὸς,
1580 1631 1677 1684 οὐκ
1701 1630 1892 1683 ἀδύνα-

2070 1532 2161 1587 20.
2189 1531 2296 1586 Nos
2328 1548 2455 1603 ergo
2482 1548 2641 1601 quam
2672 1534 2917 1587 videmus
2949 1533 3001 1586 in
3030 1533 3329 1604 Seripturis
3362 1542 3573 1592 sanctis

1998 1626 2157 1694 digne
2181 1634 2236 1678 et
2269 1636 2673 1694 consequenter
2710 1625 2823 1698 (99)
2870 1628 3145 1682 observari
3184 1628 3381 1684 debere
3412 1630 3578 1685 intel-

307 1738 402 1804 τος
447 1721 530 1784 δὲ,
566 1720 701 1774 ἀλλά
734 1722 829 1775 καὶ
860 1721 1063 1794 ἀληθὴς
1106 1724 1133 1776 6
1179 1722 1607 1795 προηγούμενος,
1642 1722 1760 1775 ὅλον
1799 1723 1890 1775 τὸν

1996 1714 2317 1785 ligentiam,
2372 1715 2679 1785 hujusmodi
2743 1731 2861 1770 esse
2914 1719 3265 1773 arbitramur.
3330 1718 3560 1777 Gentem

306 1814 440 1870 νοῦν
495 1816 874 1889 φιλοτιμητέον
920 1818 1033 1888 (97)
1083 1818 1537 1890 καταλαμϐάνειν,
1588 1818 1895 1891 συνείροντα

307 1909 404 1963 τὸν
437 1912 570 1981 περὶ
601 1911 709 1964 τῶν
743 1910 883 1964 κατά
915 1910 1012 1982 τὴν
1031 1910 1173 1976 λέξιν
1204 1912 1477 1966 ἀδυνάτων
1509 1900 1663 1981 λόγον
1693 1912 1896 1983 νοητῶς

304 2005 424 2066 τοῖς
454 2004 518 2055 οὐ
550 2003 707 2073 μόνον
744 2005 842 2057 οὐκ
868 2002 1168 2069 ἀδυνάτοις,
1202 2004 1336 2058 ἀλλά
1369 2004 1465 2058 καὶ
1497 2004 1718 2075 ἀληθέσι
1755 2005 1895 2059 κατὰ

306 2096 411 2166 τὴν
460 2096 721 2168 ἱστορίαν,
764 2096 1346 2169 συναλληγορουμένοις
1385 2097 1520 2163 τοῖς,
1555 2097 1677 2149 ὅσον
1706 2098 1797 2149 ἐπὶ
1826 2098 1891 2168 τῇ

307 2185 460 2250 λέξει
494 2188 566 2258 μὴ
610 2187 1022 2259 γεγενημένοις·
1055 2187 1373 2258 διακείμεθα
1416 2186 1526 2258 γὰρ
1559 2189 1721 2258 ἡμεῖς
1763 2186 1891 2257 περὶ

306 2278 501 2348 πάσης
531 2280 629 2349 τῆς
653 2278 800 2342 θείας
826 2281 1063 2351 Γραφῆς,
1094 2281 1175 2333 ὅτι
1206 2281 1353 2333 πᾶσα
1384 2280 1479 2350 μὲν
1508 2278 1618 2349 ἔχει
1641 2278 1702 2331 τὸ
1737 2296 1893 2331 πνευ-

308 2371 571 2440 ματικὸν,
616 2372 675 2424 οὐ
716 2374 865 2425 πᾶσα
908 2373 962 2425 δὲ
992 2373 1052 2425 τὸ
1092 2374 1429 2444 σωματικόν·
1476 2371 1741 2442 πολλαχοῦ
1781 2372 1890 2443 γὰρ

304 2463 634 2533 ἐλέγχεσθαι
660 2465 915 2518 ἀδύνατον
941 2465 999 2518 ὃν
1022 2467 1081 2518 τὸ
1112 2466 1436 2535 σωματικόν.
1470 2466 1667 2536 Διόπερ
1692 2465 1889 2537 πολλὴν

306 2555 592 2625 προσοχὴν
623 2556 996 2608 συνεισακτέον
1030 2556 1108 2625 τῷ
1136 2557 1375 2619 εὐλαϐῶς
1406 2559 1783 2627 ἐντυγχάνοντι
1814 2558 1890 2621 ὡς

308 2637 487 2700 θείοις
518 2641 806 2710 γράμμασι
833 2647 953 2705 ταῖς
976 2642 1146 2705 θείαις
1184 2643 1402 2712 βίϐλοις,
1438 2638 1513 2697 ὧν
1547 2648 1575 2697 6
1605 2648 1889 2719 χαρακτὴρ

309 2729 417 2799 τῆς
439 2732 675 2803 νοήσεως
694 2733 930 2796 τοιοῦτος
949 2736 1078 2805 ἡμῖν
1103 2735 1365 2804 φαίνεται.
1394 2736 1585 2801 Ἕθνος
1604 2757 1653 2791 τι
1675 2740 1765 2791 ἐπὶ
1786 2740 1890 2809 γῆς

310 2823 751 2891 ἀπαγγέλλουσιν
771 2828 817 2878 οί
847 2827 989 2895 λόγοι
1017 2828 1310 2899 ὲξειλέχθαι
1336 2829 1423 2882 τὸν
1447 2830 1578 2882 Θεόν
1597 2848 1609 2860 ·
1638 2831 1665 2883 ὃ
1697 2831 1890 2884 καλοῦ-

309 2931 400 2967 σιν
434 2914 661 2986 ὀνόμασι
683 2917 908 2970 πλείοσι.
938 2918 1194 2972 Καλεῖται
1222 2920 1330 2991 γὰρ
1347 2920 1503 2975 τοῦτο
1522 2923 1582 2974 τὸ
1609 2924 1714 2976 πᾶν
1738 2922 1884 2987 ἔθνοι⁵

316 3007 560 3082 ⁹ἰσραὴλ,
584 3008 797 3077 λέγεται
820 3010 874 3062 δὲ
900 3012 990 3063 καὶ¹
1023 3010 1234 3065 Ἰακώϐ.
1272 3013 1398 3066 Ὅτε
1419 3014 1473 3066 δὲ
1499 3012 1721 3085 διῄρητο
1744 3016 1883 3069 κατὰ

1998 1807 2288 1875 quamdam
2319 1807 2618 1875 praedicant
2648 1822 2811 1875 super
2844 1808 3001 1878 182
3038 1819 3209 1865 terras
3239 1813 3435 1868 divinm
3476 1815 3566 1868 lit-

1999 1906 2126 1950 teras
2153 1894 2379 1949 electam
2412 1911 2531 1951 esse
2554 1911 2583 1948 a
2611 1895 2743 1961 Deo,
2776 1913 2934 1966 quam
2972 1900 3222 1967 plurimis
3254 1903 3572 1960 nominibus

1998 1988 2402 2059 appellaverunt
2445 2007 2461 2043 :
2496 1989 2764 2043 interdum
2803 1991 2946 2044 enim
2983 1992 3235 2047 universa
3274 1994 3389 2050 htec
3433 2012 3570 2065 gens

1996 2079 2159 2136 Israel
2191 2079 2409 2145 dicitur,
2447 2079 2715 2136 interdum
2743 2079 2954 2148 Jacob;
3000 2092 3054 2136 et
3109 2085 3346 2141 maxime
3392 2086 3564 2140 divisa

1995 2188 2127 2242 gens
2156 2172 2269 2243 ipsa
2296 2170 2627 2227 aJeroboam
2649 2171 2760 2225 lilio
2780 2170 2965 2225 Nabad
2994 2172 3045 2226 in
3075 2172 3208 2228 duas
3234 2185 3415 2242 partes
3440 2184 3561 2241 est;

1993 2276 2047 2321 et
2075 2266 2256 2320 decem
2290 2265 2461 2319 tribus
2494 2280 2614 2335 qua:
2659 2265 2760 2318 sub
2793 2277 2858 2319 eo
2901 2265 3058 2318 I'aetce
3088 2276 3243 2331 sunt,
3288 2267 3564 2337 appellata:

1993 2366 2119 2411 sunt
2150 2355 2314 2410 Israel
2343 2371 2356 2420 ;
2405 2354 2523 2409 alia:
2551 2370 2679 2408 vero
2709 2357 2827 2409 dum
2856 2371 2979 2411 cum
3019 2359 3216 2425 quibus
3247 2368 3366 2411 erat
3397 2359 3561 2414 etiam

1991 2447 2231 2503 Levitiea
2275 2450 2482 2513 tribus,
2528 2459 2581 2502 et
2612 2464 2675 2505 ea
2720 2464 2841 2519 qua:
2885 2450 3160 2517 ex,David
3200 2450 3347 2520 regio
3368 2465 3575 2519 genere.

1992 2541 2375 2605 descendebat,
2418 2540 2583 2596 Judas
2612 2542 2888 2596 nominata
2917 2550 3041 2608 est;
3087 2543 3338 2596 universa
3377 2552 3559 2597 autem

1993 2634 2108 2687 loea
2142 2648 2261 2701 qua:
2298 2634 2537 2686 habebat
2561 2648 2694 2702 gens
2729 2632 2850 2697 ista,
2882 2648 3000 2701 qum
3036 2649 3064 2686 a
3104 2634 3213 2689 Deo
3243 2648 3555 2704 acceperat,

1988 2722 2170 2778 Judaza
2189 2723 2525 2789 dicebantur,
2544 2724 2725 2793 inqua
2750 2725 3063 2795 metropolis
3088 2725 3516 2782 eratJerusalem
3539 2741 3560 2782 :

1990 2818 2307 2887 metropolis
2351 2827 2528 2872 autem
2594 2818 2669 2891 (l)
2723 2820 2877 2887 quasi
2935 2820 3292 2888 plurimarum
3343 2824 3557 2877 urbium

1989 2921 2163 2965 mater
2189 2911 2435 2979 quazdam
2465 2911 2684 2964 dicitur.
2719 2910 2956 2977 Quarum
2994 2910 3204 2965 urbium
3240 2914 3461 2967 nomina
3497 2915 3552 2968 in

1987 3005 2108 3058 aliis
2133 3003 2349 3074 quidem
2390 3002 2589 3056 divinis
2619 3001 2773 3056 libris
2800 3002 3031 3069 sparsim
3060 3002 3375 3072 lrequenter
3402 3006 3557 3059 iuve-

303 3097 438 3161 τοὺς
462 3098 684 3169 χρόνους
716 3100 996 3172 Ἰεροὸοάμ
1016 3100 1132 3153 υἱοῦ
1157 3100 1365 3161 Νάϐατ,
1394 3103 1448 3154 αἱ
1475 3102 1571 3172 μὲν
1595 3103 1698 3156 ὑπὸ
1719 3104 1888 3175 τούτῳ

1996 3099 2109 3152 nies
2156 3096 2464 3159 nominata;
2516 3093 2673 3148 simul
2720 3104 2902 3147 autem
2955 3094 3007 3147 in
3059 3110 3224 3148 unum
3265 3103 3555 3163 contexta,

302 3188 598 3260 λεγόμεναι
628 3189 735 3263 (99)
773 3192 934 3260 φυλαὶ
966 3192 1098 3246 δέκα
1126 3192 1519 3264 ὠνομάσθησαν
1561 3195 1793 3267 Ἰσραὴλ,
1830 3199 1885 3250 αί

1996 3191 2345 3249 continentur
2377 3188 2429 3241 in
2457 3185 2594 3241 libro
2625 3184 2752 3240 Jesu
2786 3184 2955 3240 Nave.

302 3284 358 3338 δὲ
392 3285 579 3339 λοιπαὶ
612 3286 702 3339 δύο
729 3288 822 3340 καὶ
854 3289 885 3359 ἡ
914 3288 1191 3358 Λευῖτικὴ,
1218 3287 1322 3340 ὑπὸ
1337 3288 1441 3341 τῶν
1470 3290 1532 3341 ὲκ
1564 3291 1874 3361 σπέρματος
1893 3290 1985 3345 τοῦ
2012 3289 2170 3342 Δαυὶδ
2221 3282 2667 3355 βασιλευόμεναι,⁶
2712 3281 2931 3347 Ἰούδας.
2978 3282 3035 3337 '0
3101 3284 3158 3337 δὲ
3200 3284 3421 3356 σύμπας
3463 3287 3557 3341 τό-

303 3394 407 3444 πος
439 3380 624 3433 ὅντινα
648 3379 821 3451 ᾤκουν
849 3383 894 3434 οἱ
926 3381 1032 3434 ἀπὸ
1061 3380 1154 3433 τοῦ
1184 3380 1386 3445 ἔθνους,
1415 3382 1693 3454 δεδομένος
1719 3386 1899 3448 αὐτοῖς
1920 3386 2025 3439 ἀπὸ
2079 3382 2171 3435 τοῦ
2201 3378 2357 3441 Θεοῦ,
2416 3377 2653 3431 καλεῖται
2720 3373 3051 3449 Ἰουδαια,ἦς
3088 3379 3414 3450 μητρόπολις
3459 3379 3558 3430 'Ie-

304 3470 610 3542 ρουσαλήμ·
645 3472 971 3546 μητρόπολις
996 3473 1236 3545 δηλονότι
1264 3473 1518 3527 πλειόνων
1543 3475 1766 3540 πόλεων,
1797 3472 1870 3531 ὧν
1894 3477 1960 3530 τὰ
1994 3476 2255 3544 ὀνόματα,
2279 3468 2545 3541 πολλαχοῦ
2609 3469 2707 3540 μὲν
2764 3470 2857 3522 καὶ
2901 3470 3081 3524 ἄλλοθι
3134 3472 3550 3546 διεσπαρμένοις

302 3566 509 3623 κεῖται,
540 3562 627 3632 ὑφ’
674 3563 730 3615 ἓν
778 3563 835 3616 δὲ
864 3562 1276 3635 κατειλεγμέναι
1302 3565 1439 3618 εἰσὶν
1472 3566 1528 3618 ἐν
1580 3566 1752 3635 Ἰησοῦ
1786 3566 1861 3637 τῷ
1884 3567 1976 3621 τοῦ
2008 3565 2182 3634 Ναυῆ.

1510 3676 2071 3731 INTERPRETATIO
2111 3675 2321 3731 NOVA.

304 3750 475 3817 gerit,
516 3753 567 3801 in
601 3748 871 3801 nonnullis
896 3750 1150 3815 ambiget.
1175 3763 1273 3804 nec
1295 3747 1411 3801 sine
1436 3749 1606 3802 multo
1644 3752 1890 3802 examine
1931 3748 2278 3819 pronuntiare
2304 3746 2498 3815 poterit
2523 3755 2701 3800 ulrutn
2740 3744 2855 3797 hme
2878 3760 2999 3819 quce
3030 3754 3249 3819 putatur
3297 3747 3545 3819 historia,

302 3815 604 3871 secundum
635 3819 869 3893 litteram
909 3820 1166 3873 acciderit
1195 3818 1715 3893 necnenetltujttsnc
1764 3819 1896 3888 legis
1926 3815 2377 3893 verbaservanda
2408 3819 2534 3893 sint,
2559 3832 2631 3893 an
2675 3831 2856 3871 secus.
2914 3815 3275 3893 Quamobrem
3322 3815 3549 3876 necesse

300 3899 383 3940 est
418 3900 474 3942 ιιι
506 3899 796 3942 accuratus
822 3889 986 3941 lector
1011 3900 1229 3943 servato
1257 3892 1354 3942 hoc
1384 3888 1682 3943 Salvatoris
1710 3887 1999 3957 prteCepto,
2045 3906 2062 3939 t
2101 3887 2428 3941 Scrutatnini
2455 3888 2787 3955 Scripturas.
2826 3904 2846 3938 ι
2877 3887 3217 3955 ιιιιειιιιίοηιιιιι
3247 3904 3435 3943 verum
3474 3896 3550 3949 sit

301 3961 442 4029 quod
472 3960 657 4012 littera
697 3968 874 4021 sonat,
906 3960 1247 4029 quandonam
1292 3959 1361 4011 sit
1386 3960 1750 4026 impossibile,
1779 3959 2068 4028 diligenter
2099 3958 2383 4026 exploret,
2432 3970 2486 4011 et
2510 3972 2574 4011 ex
2610 3957 3099 4029 similiumvocom
3142 3962 3548 4023 comparatione

302 4027 559 4083 dilinsum
607 4030 805 4097 ubique
854 4042 951 4098 per
984 4028 1295 4097 Seripturas
1334 4044 1550 4083 sensum
1581 4029 1695 4097 ejus
1722 4030 1863 4098 quod
1889 4027 2206 4083 secundum
2254 4029 2491 4081 litteram
2528 4038 2613 4082 est
2655 4027 3016 4096 impossibile,
3051 4042 3147 4095 pro
3189 4028 3397 4084 viribus
3451 4035 3540 4086 in-

301 4102 555 4152 vestiget.

368 4144 472 4227 ε).οῗ
489 4169 758 4233 Quoniam
792 4168 973 4236 igitur,
1006 4175 1066 4221 ut
1099 4166 1442 4239 manifestum
1471 4167 1922 4239 critic-gentibus,
1956 4168 2306 4237 impossibilis
2336 4176 2417 4221 est
2452 4167 2747 4239 secundum
2780 4167 3024 4239 litteram
3049 4168 3248 4233 series;
3298 4185 3403 4221 non
3442 4171 3547 4239 im-

302 4242 583 4315 possibilis
616 4255 765 4301 vero,
795 4240 903 4315 imo
933 4253 1055 4315 vera
1088 4238 1258 4292 series
1281 4247 1335 4315 et
1364 4238 1626 4315 contie:_<_io
1657 4238 2003 4315 principalis;
2037 4242 2194 4293 enixe
2224 4238 2595 4315 investiganda
2645 4247 2727 4289 est
2760 4246 2869 4315 tota
2907 4237 3204 4315 Scriptura:
3244 4237 3547 4315 incusatum

300 4307 668 4387 quodcunque
696 4310 989 4387 secundum
1021 4307 1255 4387 litteram
1282 4307 1615 4376 impossibile
1646 4308 1985 4387 enuntiatur,
2025 4308 2299 4387 conuertit
2327 4308 2392 4361 iis
2415 4322 2533 4387 qua:
2556 4321 2660 4359 non
2690 4307 2846 4387 modo
2877 4321 2981 4387 non
3009 4314 3136 4385 sunt
3168 4308 3543 4387 impossibilia,

303 4376 396 4442 sed
432 4392 489 4439 et
525 4376 819 4434 secundum
852 4379 1132 4431 historiam
1169 4393 1319 4438 vera,
1356 4392 1582 4446 qumque
1622 4394 1742 4431 eum
1772 4378 1837 4431 iis
1866 4394 1984 4445 qua.-
2014 4380 2078 4430 ad
2110 4378 2344 4430 litteram
2373 4383 2521 4447 gesta
2556 4392 2662 4429 non
2695 4386 2838 4439 sunt,
2878 4376 3186 4430 iutvt'ioretn
3216 4391 3431 4431 sensum
3462 4383 3546 4432 iu-

303 4457 549 4515 cluduut,
578 4461 631 4505 et
663 4465 759 4518 per
780 4448 1090 4516 allegoriam
1122 4449 1395 4503 dicuntur.
1450 4448 1541 4502 Stc
1586 4447 1730 4518 enim
1775 4450 1840 4503 de
1889 4449 2136 4501 universa
2189 4448 2469 4514 Scriptura
2517 4447 2828 4518 statuimus
2851 4461 3068 4518 sensum
3093 4447 3302 4518 ubique
3355 4449 3543 4504 haberi

304 4516 774 4595 epit-italetn,_hon
807 4529 987 4574 autem
1013 4518 1209 4595 ubique
1230 4533 1571 4595 corporeum.
1610 4517 1741 4571 Nam
1769 4532 1909 4586 διιδρο
1934 4519 2073 4587 quod
2107 4532 2427 4595 corporeum
2462 4525 2563 4595 enst3
2594 4516 2923 4595 impossibile
2951 4517 3307 4595 εοςινὶιιεὶιιιικ
3338 4520 3544 4595 Quam-

302 4586 489 4651 obrem
525 4591 813 4662 plurimam
856 4586 1208 4662 attentionem
1237 4588 1495 4662 adhibere
1521 4603 1748 4662 necesse
1782 4598 1865 4662 est
1894 4586 2015 4662 eum
2046 4586 2137 4654 qui
2172 4598 2424 4662 t_anquam
2456 4586 2666 4662 divinas
2698 4586 2928 4662 litteras,
2964 4586 3213 4662 religiose
3246 4587 3433 4656 legerit
3458 4606 3547 4644 sa-

306 4681 427 4720 eros
463 4656 652 4724 libros,
682 4676 907 4730 quorum
947 4660 1324 4728 intelligentiae
1353 4662 1521 4712 l'orma
1562 4658 1685 4730 talis
1718 4660 1873 4730 nobis
1904 4656 2133 4711 videtur.
2164 4656 2393 4730 Gentem
2425 4657 2712 4725 quamdam
2752 4658 3054 4730 prmdieant
3088 4656 3311 4730 electam
3336 4675 3455 4730 esse
3487 4662 3538 4712 in

313 4738 473 4790 terris
502 4751 529 4785 ιι
568 4732 675 4786 Deo
700 4726 865 4798 quam
900 4745 1005 4783 ιιοιι
1047 4726 1152 4782 uno
1185 4732 1404 4784 nomine
1430 4729 1720 4798 appellant.
1763 4728 2025 4782 Uuirersa
2060 4730 2208 4781 enim
2242 4727 2329 4781 illa
2362 4743 2492 4795 gens
2522 4738 2744 4798 vocatur
2773 4726 2958 4798 Israel,
3006 4728 3208 4798 dicitur
3250 4738 3305 4782 et
3350 4728 3538 4785 Jacob.

305 4803 435 4859 Cum
478 4818 602 4857 vero
632 4797 969 4867 temporibus
1001 4798 1288 4853 Jerohoam
1323 4801 1415 4852 lilii
1449 4797 1619 4852 Nabal
1646 4800 1819 4852 divisa
1853 4807 1955 4860 est,
1982 4812 2101 4866 quae
2134 4798 2210 4851 illi
2259 4806 2557 4867 paruerunt
2591 4797 2763 4850 tribus
2796 4797 3004 4859 decem,
3041 4797 3206 4867 Israel
3257 4800 3543 4867 appellata:

304 4886 458 4938 sunt;
487 4872 705 4941 reliqua:
732 4865 850 4923 duae
878 4882 932 4924 et
962 4869 1200 4923 Levitiea
1234 4870 1428 4938 quibus
1454 4881 1723 4941 prmerattt
1765 4883 1919 4937 reges
1951 4865 2017 4921 ei
2046 4869 2214 4937 stirpe
2245 4865 2434 4941 David,
2465 4865 2600 4941 .I_uda
2636 4867 2924 4941 nominata:
2948 4877 3094 4923 sunt.
3126 4865 3538 4941 :I‘otuurautpm

308 4935 455 5012 quod
473 4935 760 5010 occupavit
784 4941 871 4993 illa
902 4956 1033 5009 gens
1066 4941 1168 4992 loci
1202 4935 1430 5012 spatium
1455 4935 1560 4992 Sibi
1590 4956 1619 4992 a
1647 4940 1755 4993 Deo
1786 4935 2125 5012 concessum,
2153 4935 2675 5012 appellaturJuttaaa,
2698 4937 2856 5012 cujus
2882 4937 3194 5012 metropolis
3220 4935 3542 5005 Jerusalem,

310 5008 486 5070 mater
525 5008 780 5066 videlicet
812 5008 1159 5081 plurimarum
1193 5011 1701 5081 urbitttu,‘quarum_
1722 5010 1935 5081 nomina
1956 5008 2020 5081 _i_n
2056 5010 2178 5063 aliis
2208 5010 2505 5077 Scriptura:
2538 5008 2693 5062 libris
2726 5010 2973 5077 dispersa
3016 5008 3332 5079 frequenter
3380 5027 3541 5081 repe-

306 5083 539 5149 riuntur,
569 5085 628 5135 in
655 5077 826 5136 unum
850 5097 979 5135 vero
1006 5081 1233 5134 collecta
1272 5093 1397 5133 sunt
1429 5078 1483 5131 itt
1516 5078 1655 5132 libro
1679 5078 1805 5132 Jesu
1836 5079 1928 5132 lilii
1953 5077 2119 5132 Nave.

374 5205 416 5237 ⁸⁷
448 5204 637 5258 Matth.
668 5219 722 5265 ν,
751 5200 841 5255 54.
994 5201 1038 5232 ’⁸
1067 5200 1197 5255 Ibid.
1232 5199 1320 5253 14.
1450 5198 1493 5227 ⁸³
1518 5194 1537 5248 Ι
1571 5195 1762 5250 Thess.
1792 5212 1845 5261 v,
1872 5196 1959 5254 Η.

377 5316 487 5390 (97)
533 5315 624 5370 Sic
643 5330 794 5390 _mss.
842 5311 1074 5390 Tarinus
1125 5324 1296 5390 vero,
1327 5308 1866 5390 φιλοτιμησάμενος.

311 5377 480 5438 Paulo
502 5396 617 5456 post
643 5384 898 5447 Tarinus,
927 5384 1060 5462 περιἱ
1086 5382 1183 5462 τὴν
1214 5378 1357 5462 κατά
1382 5378 1479 5462 τὴν
1509 5377 1652 5462 λέξιν
1680 5377 1872 5462 ἀδυνά-

305 5470 407 5508 των
437 5451 610 5525 λόγων
636 5457 841 5526 νοητῶς
878 5456 987 5526 τοῖς
1007 5451 1070 5503 οὐ
1105 5451 1259 5520 μόνον
1295 5451 1592 5512 ἀδυνάτοις.
1624 5451 1728 5501 Sed
1775 5465 1868 5503 (εο-
1902 5518 1905 5521 ν

311 5526 403 5579 dex
428 5525 791 5582 Coislittianus
818 5532 875 5577 ut
914 5525 965 5575 in
1000 5535 1184 5574 nostro
1225 5532 1393 5576 textu.

376 5596 482 5670 (98)
516 5598 862 5666 Λεγόμεναι.
896 5594 1054 5670 Deest
1082 5592 1223 5660 apud
1247 5591 1524 5670 'l‘ar'mum,
1545 5589 1639 5670 sed
1662 5588 1870 5670 reperio

314 5659 396 5715 tur
427 5659 477 5720 ιιί
510 5659 720 5721 dntibus
757 5680 885 5718 mss.
920 5665 1060 5717 Sunt
1088 5659 1266 5716 autem
1295 5660 1384 5729 qui
1432 5675 1530 5733 pro
1578 5659 1870 5729 λεγόμεναι

314 5736 492 5791 tnaliut
522 5736 862 5806 τελούμεναι.

1997 5309 2156 5381 ,.(99)
2190 5308 2280 5381 Sic
2308 5323 2441 5364 mss.
2475 5308 2616 5363 Editi
2648 5322 2800 5381 vero,
2838 5328 2858 5362 ι
2896 5311 3301 5381 convenienter.
3346 5328 3366 5362 ι
3424 5311 3539 5366 Mox

1970 5379 2180 5443 ms's.,‘t
2216 5379 2446 5435 electam
2474 5394 2595 5435 esse
2627 5394 2657 5432 a
2684 5380 2811 5437 Deo.
2842 5401 2858 5432 ι
2888 5381 3053 5445 Editi,
3087 5398 3107 5432 ι
3148 5379 3394 5435 ell'eetatn
3420 5397 3541 5434 esse

1969 5464 2000 5502 a
2030 5450 2298 5589 lgfffiat
2336 5518 2656 5582 Jerusalem,
2697 5518 3002 5581 metropolis
3036 5529 3247 5589 autem.
3282 5518 3407 5571 Ilaec
3446 5523 3541 5571 tte-

1969 5601 2093 5643 sant
2144 5591 2195 5643 in
2230 5592 2431 5651 editis,
2474 5591 2567 5645 sed
2601 5590 2868 5643 habentur
2915 5590 2969 5641 iu
3024 5604 3154 5642 mss.
3210 5588 3328 5642 Mox
3381 5602 3538 5648 inss..

1975 5678 1991 5707 ι
2031 5661 2084 5783 Η)
2123 5659 2251 5740 aliis
2294 5661 2512 5730 quidem
2557 5659 2755 5714 divinis
2801 5658 2975 5712 libris.
3021 5677 3039 5711 ι
3081 5659 3137 5713 ιιι
3179 5656 3342 5713 editis
3386 5656 3545 5713 deest

1976 5745 1995 5779 ι
2069 5745 2242 5783 irit-ts.
2284 5748 2305 5780 ι
