3974 6160
428 196 536 255 591

1651 205 1812 264 ORIG
1822 207 1978 264 ENIS
2009 211 2170 266 ΠΕΡΙ
2202 213 2436 267 ΑΡΧΩΝ

3573 228 3678 283 39‘!

431 322 559 376 dum
592 330 677 377 est
705 321 968 379 volentem
1002 340 1101 380 nos
1118 325 1183 379 ad
1214 323 1459 380 altiorem
1488 341 1788 396 provocare
1827 330 1971 386 intel-

2092 333 2356 388 Σιδωνίων
2387 335 2782 406 προφητεύειν,
2839 339 2972 393 ἀλλὰ
3028 344 3156 414 περὶ
3212 344 3320 400 τῶν
3351 347 3577 418 νοητῶθ.
3621 349 3679 402 Ε(

430 412 668 479 lectum,
702 418 1019 483 promittere
1060 415 1141 469 his
1176 417 1264 483 qui
1319 417 1453 471 bene
1506 420 1849 474 commissam
1905 421 2006 474 sibi

429 505 502 559 ab
543 521 608 561 eo
642 509 925 574 pecuniam
973 507 1355 575 dispensarunt
1384 547 1398 569 ,
1441 516 1766 576 potestatem
1807 510 2006 563 habere

431 617 593 670 supra
643 601 828 654 decem
865 600 1128 662 civitates,
1155 598 1236 653 vel
1265 615 1427 669 supra
1459 602 1697 671 quinque
1727 603 2002 661 civitates.

431 693 488 744 Si
513 707 644 762 ergo
672 692 780 763 (10)
817 692 1110 761 prophetim
1162 707 1280 761 qua:
1306 693 1372 746 de
1399 692 1578 748 Judma
1604 703 1656 747 ct
1677 692 1999 762 Jerusalem,

425 795 482 838 et
515 785 580 839 de
604 784 740 838 Juda
777 791 831 838 ct
857 785 1022 839 Israel
1048 793 1102 839 et
1129 783 1298 840 Jacob
1325 786 1661 855 prophetatae
1691 798 1836 851 sunt,
1868 789 1994 843 dum

428 891 530 928 non
563 892 590 926 a
622 875 774 930 nobis
800 875 1091 930 carnaliter
1130 875 1531 946 intelliguntur,
1571 879 1826 948 mysteria
1856 895 1997 948 qua:-

424 965 546 1018 dam
573 965 753 1018 divina
781 959 1127 1034 significant:
1157 983 1496 1037 consequens
1521 971 1706 1040 utique
1729 979 1810 1025 est
1836 972 1996 1024 etiam

421 1057 542 1112 illas
568 1059 880 1126 prophetias
907 1075 1027 1128 qua:
1054 1060 1136 1114 vel
1169 1061 1233 1116 de
1258 1061 1492 1132 [Egypto
1523 1063 1683 1118 velde
1702 1062 1992 1136 Egyptiis.

420 1152 506 1204 vel
543 1152 608 1203 de
649 1150 944 1222 Babylonia
975 1155 1058 1206 vel
1088 1153 1152 1206 de
1183 1151 1521 1224 Babyloniis,
1581 1166 1636 1210 et
1691 1157 1891 1210 Sidone
1923 1173 1988 1210 ac

419 1242 665 1298 Sidoniis
709 1244 932 1312 prolata:
964 1253 1108 1306 sunt.
1147 1261 1250 1299 non
1283 1247 1348 1299 de
1392 1248 1628 1322 Aggypto
1665 1249 1765 1302 ista
1795 1264 1913 1316 quae
1939 1249 1989 1302 in

422 1337 589 1390 terris
617 1336 788 1404 posita
818 1345 924 1401 est,
951 1337 1031 1390 vel
1065 1337 1358 1408 Babylone,
1386 1341 1466 1392 vel
1503 1342 1528 1391 Ἰ
1549 1355 1664 1410 yro.
1702 1341 1780 1393 vel
1812 1342 1874 1394 de
1906 1339 1992 1394 Si-

418 1429 560 1483 done.
599 1427 826 1499 intelligi
859 1431 1216 1499 prophetalas
1251 1430 1316 1481 ³⁵.
1373 1430 1556 1500 Neque
1599 1433 1738 1485 enim
1775 1446 1836 1484 ea
1867 1447 1989 1499 qnze

419 1521 673 1576 Ezechiel
708 1523 973 1591 propheta
1006 1522 1070 1576 de
1102 1521 1388 1576 Pharaone
1438 1538 1563 1593 rege
1609 1521 1826 1594 Egypti
1875 1520 1983 1594 (11)

416 1614 764 1684 prophetavit
799 1614 867 1679 ",
901 1611 1201 1670 convenire
1256 1615 1414 1668 alicui
1448 1615 1724 1669 hominum
1759 1625 1985 1685 possunt

415 1706 506 1774 qui
546 1719 803 1773 regnasse
851 1707 1100 1761 videatur
1131 1705 1185 1759 in
1216 1704 1472 1776 Aﬂgypto,
1523 1707 1665 1760 sicut
1699 1707 1984 1761 manifeste

418 1807 598 1850 textus
624 1797 738 1866 ipse
766 1795 970 1850 indicat
995 1796 1264 1852 lectionis.
1296 1796 1564 1850 Similiter
1590 1807 1644 1850 et
1675 1811 1739 1850 ea
1767 1812 1886 1866 quin
1921 1798 1986 1852 de

416 1889 661 1957 principe
691 1886 817 1950 Tyri
844 1888 1102 1942 dicuntur
1131 1902 1238 1942 non
1265 1899 1491 1958 possunt
1524 1889 1747 1957 intelligi
1783 1890 1849 1942 de
1887 1889 1988 1942 ali-

411 1996 521 2049 quo
550 1980 767 2034 homine
803 1981 951 2034 velut
986 1995 1114 2049 rege
1135 1978 1264 2049 Tyri
1300 1981 1478 2034 dicta:
1511 1979 1606 2034 sed
1644 1977 1802 2048 185
1835 1987 1889 2032 ct
1918 1981 1985 2034 de

411 2073 910 2130 Nabuchodonosor
943 2090 1005 2128 ea
1039 2090 1159 2144 qua:
1208 2075 1392 2129 multis
1439 2074 1490 2128 in
1541 2074 1672 2128 locis
1715 2075 1784 2128 ab
1835 2070 1988 2128 Scri-

411 2175 566 2233 ptura
593 2165 849 2219 dicuntur
877 2163 1011 2236 (l2),
1039 2175 1090 2219 et
1116 2166 1348 2219 maxime
1372 2165 1423 2219 in
1447 2164 1588 2219 lsaia
1611 2163 1678 2229 ³⁷,
1706 2163 1977 2232 quomodo

2109 425 2217 496 γὰρ
2257 427 2584 498 Ἰσραηλῖται
2631 433 2844 502 νοητοὶ,
2894 434 3184 490 ἀκόλουθον
3229 439 3320 490 καὶ
3353 439 3679 507 Αἰγυπτίους

2105 513 2246 570 εἶναι
2272 520 2366 571 καὶ
2392 519 2763 587 Βαϐυλωνίους
2784 525 3023 595 νοητούς.
3051 526 3182 580 Οὐδὲ
3206 527 3314 600 γὰρ
3332 531 3471 584 πάνυ
3504 530 3679 600 ἁρμό-

2105 605 2190 671 ζει
2215 609 2282 662 τὰ
2305 613 2362 664 ὲν
2392 609 2468 681 τῷ
2512 613 2766 684 Ἰεζεχιὴλ
2811 615 3076 686 λεγόμενα
3095 619 3249 690 ’περὶ
3297 619 3496 692 Φαραὼ
3524 621 3677 692 βασις

2102 699 2237 764 λέως
2271 701 2577 768 Αἰγύπτου,
2610 704 2898 776 ἀνθρώπου
2937 709 3080 772 τινὸς
3115 709 3376 782 ἄρξαντος
3417 712 3448 783 ἦ
3489 713 3682 784 ἄρξον-

2101 808 2191 854 τος
2224 792 2325 863 τῆς
2349 793 2625 861 Αἰγύπτου
2656 795 2943 865 λέγεσθαι,
2974 800 3048 863 ὡς
3076 801 3230 873 δῆλον
3253 802 3404 858 ἔσται
3437 809 3549 870 τοῖς
3579 827 3679 863 πα-

2105 886 2547 957 ρατηρουμένοις.
2581 889 2812 960 Ὁμοίως
2837 893 2902 946 τὰ
2929 896 3057 966 περὶ
3083 896 3173 949 τοῦ
3196 898 3450 970 ἄρχοντος
3479 900 3653 970 Τύρου

2097 978 2158 1030 οὐ
2205 978 2426 1033 δύναται
2457 983 2694 1037 νοεῖσθαι
2746 988 2872 1057 περί
2906 1005 3048 1052 τινος
3090 989 3377 1062 ἀνθρώπου
3412 991 3674 1062 ἄρξαντος
3721 1050 3726 1051 ,

2095 1069 2194 1138 τῆς
2220 1069 2416 1142 Τύρου.
2442 1074 2550 1126 Καὶ
2567 1075 2633 1127 τὰ
2656 1078 2896 1149 περὶτοῦ
2919 1080 2966 1131 Ν
2971 1080 3387 1156 αϐουχοδονόσορ
3407 1086 3670 1156 πολλαχοῦ

2093 1161 2362 1233 λεγόμενα
2385 1167 2476 1219 καὶ
2505 1167 2737 1237 μάλιστα
2760 1170 2816 1223 ὲν
2844 1170 2920 1240 τῷ
2950 1172 3164 1243 Ἠσαίᾳ,
3191 1176 3287 1245 οὐχ
3310 1175 3419 1230 οἷόν
3440 1195 3498 1230 τε
3514 1178 3675 1232 ἐκλαο

2095 1254 2211 1308 δεῖν
2239 1258 2368 1328 περὶ
2409 1257 2500 1310 τοῦ
2537 1258 2821 1331 ἀνθρώπου
2856 1264 3082 1317 ἐκείνου.
3119 1265 3255 1320 Οὔτε
3282 1268 3390 1338 γὰρ
3417 1269 3671 1335 ἐξέπεσεν

2093 1348 2155 1398 ὲκ
2178 1347 2269 1400 τοῦ
2304 1350 2362 1401 οὐ
2375 1349 2554 1420 ρανοῦ,
2600 1352 2724 1406 οὔτε
2756 1355 3032 1428 ἑωσφόρος
3072 1351 3140 1428 ἦν
3166 1398 3179 1421 ,
3220 1360 3340 1412 οὐδὲ
3367 1361 3508 1433 πρωῒ
3538 1361 3664 1418 ἀνέ-

2091 1441 2272 1496 τελλεν
2297 1443 2388 1495 ἐπὶ
2411 1443 2509 1514 τὴν
2531 1446 2632 1514 γῆν
2659 1449 2688 1500 ό
2717 1447 3183 1522 Ναϐουχοδονόσορ
3212 1455 3240 1505 ό
3258 1453 3564 1526 ἄνθρωπος.
3593 1458 3666 1512 Οὐ

2095 1532 2200 1603 μὴν
2223 1532 2342 1585 οὐδὲ
2364 1533 2429 1586 τὰ
2453 1534 2719 1606 λέγομενα
2743 1541 2800 1592 ἐν
2825 1539 2902 1610 τῷ
2942 1539 3197 1612 Ἰεζεχιὴλ
3217 1545 3342 1614 περὶ
3369 1546 3663 1616 Αἰγύπτου,

2089 1621 2165 1685 ὡς
2186 1626 2592 1695 τεσσαράκοντα
2622 1627 2796 1684 ἐτεσιν
2823 1632 2918 1703 ὲρη
2930 1633 3324 1707 μωθησομένης
3362 1638 3489 1691 ποτὲ
3518 1639 3628 1710 (17)
3647 1682 3662 1704 ,

2087 1712 2228 1767 ὥστε
2256 1715 2391 1768 πόδα
2421 1717 2711 1789 ἀνθρώπου
2751 1720 2824 1792 μὴ
2856 1723 3144 1795 εὑρεθῆναι
3174 1729 3316 1779 ἐκεῖ·
3355 1730 3447 1782 καὶ
3474 1730 3549 1795 ὡς
3573 1733 3665 1786 ἐπὶ

2082 1802 2333 1858 τοσοῦτον
2383 1806 2903 1880 πολεμηθησομένης
2951 1815 3118 1880 ποτὲ,
3155 1817 3296 1871 ὥστε
3331 1819 3390 1871 τὸ
3429 1815 3565 1890 αἷμα
3595 1822 3661 1874 δι’

2082 1893 2209 1966 ὅλης
2244 1895 2412 1966 αὐτῆς
2458 1897 2712 1965 γενέσθαι
2746 1901 2903 1974 μέχρι
2928 1903 3037 1958 τῶν
3066 1907 3306 1974 γονάτων
3327 1926 3341 1938 ⁸
3399 1911 3523 1965 νοῦν
3573 1931 3659 1978 τις

2091 1985 2228 2053 ἔχων
2261 1983 2553 2056 ὲκλήψεται
2604 1989 2732 2061 περὶ
2777 1991 2876 2061 τῆς
2930 1997 3341 2070 παρακειμένης
3382 2001 3657 2070 Αἰγύπτου

2087 2076 2200 2135 τοῖς
2231 2073 2299 2127 τὰ
2343 2075 2569 2148 σώματα
2618 2079 2721 2132 ὑπὸ
2768 2081 2916 2153 ἡλίου
2967 2085 3397 2159 μεμελασμένοις
3448 2091 3660 2165 (18-19)

2082 2165 2313 2235 Αἰθίοψι.

409 2257 664 2324 possibile
696 2267 777 2312 est
820 2275 920 2313 nos
953 2259 1096 2313 dicta
1126 2260 1190 2314 de
1241 2260 1459 2313 homine
1491 2257 1811 2326 suscipere?
1869 2257 2056 2328 Neque
2101 2262 2246 2321 enim
2289 2264 2451 2318 homo
2480 2277 2564 2319 est
2595 2265 2683 2334 qui
2743 2268 2945 2323 dicitur
2993 2272 3252 2330 cecidisse
3285 2278 3350 2330 de
3383 2275 3539 2341 coelo,
3579 2277 3659 2334 vel

404 2355 497 2418 qui
533 2351 745 2406 Lucifer
777 2351 876 2405 fuit
921 2352 1004 2406 vel
1047 2354 1136 2436 qui
1189 2368 1346 2406 ntauc
1375 2352 1672 2406 oriebatur.
1706 2351 1811 2407 Sed
1851 2352 1941 2406 illa
1968 2354 2321 2413 nihilominus
2369 2374 2487 2428 qua:
2516 2360 2570 2413 in
2623 2361 2905 2419 Ezechiele
2951 2366 3090 2421 dicta
3147 2377 3268 2423 sunt
3299 2371 3364 2425 de
3405 2372 3657 2443 Algypze.

401 2446 550 2502 velut
596 2449 649 2502 in
700 2448 1059 2520 quadraginta
1107 2447 1268 2502 annis
1318 2446 1771 2507 exterminanda,
1809 2445 1882 2501 ita
1934 2455 1992 2501 ut
2046 2464 2140 2518 pes
2173 2451 2409 2508 hominis
2464 2469 2568 2507 non
2602 2454 2912 2510 inveniatur
2941 2459 2993 2512 in
3044 2474 3127 2526 ea,
3162 2471 3216 2516 et
3258 2463 3522 2520 intantum
3555 2485 3624 2524 ex

403 2543 736 2614 pugnando,
785 2552 844 2597 ut
895 2558 994 2612 per
1046 2558 1265 2598 omnem
1317 2553 1522 2598 terram
1579 2545 1694 2615 ejus
1742 2545 2009 2598 humanus
2046 2545 2271 2615 sanguis
2303 2561 2474 2616 usque
2527 2551 2594 2604 ad
2644 2567 2816 2622 genua
2855 2554 3147 2620 exaltetur,
3196 2560 3382 2612 nescio
3427 2562 3470 2614 si
3530 2565 3656 2631 quis

399 2634 735 2693 intellectum
765 2639 971 2693 habens
997 2640 1098 2693 hoc
1124 2639 1191 2693 de
1217 2636 1455 2710 IEgypto
1487 2640 1587 2693 ista
1615 2650 1825 2693 terrena
1850 2653 1970 2707 qua:
2029 2637 2320 2710 Ethiopia:
2364 2639 2599 2709 adiacet,
2649 2646 2820 2713 possit
2871 2649 3180 2706 advertere.
3217 2649 3322 2705 Sed
3367 2652 3654 2710 videndum

401 2743 488 2785 est
516 2730 628 2804 (13)
683 2748 751 2785 ne
806 2732 946 2786 forte
977 2733 1045 2785 ita
1095 2733 1309 2803 dignius
1349 2735 1520 2804 possit
1557 2733 1806 2805 intelligi,
1856 2733 2000 2802 quod
2057 2734 2200 2787 sicut
2255 2733 2496 2790 cmlestis
2540 2748 2622 2793 est
2665 2738 2964 2795 Jerusalem
3025 2751 3080 2796 et
3124 2740 3308 2798 Judaea
3343 2783 3358 2808 ,
3415 2755 3470 2800 et
3513 2765 3646 2817 gens

400 2825 517 2880 sine
587 2825 750 2881 dubio
809 2840 930 2893 qua:
1000 2825 1210 2879 habitat.
1271 2825 1324 2878 in
1393 2841 1496 2888 ea,
1563 2841 1685 2894 qua:
1765 2825 1968 2880 dicitur
2037 2822 2252 2888 Israel,
2319 2825 2388 2878 ita
2454 2829 2712 2894 possibile
2768 2840 2853 2885 est
2915 2833 3078 2886 etiam
3141 2835 3320 2888 vicina
3387 2834 3472 2889 his
3539 2836 3654 2891 loca

395 2933 519 2972 esse
553 2920 818 2985 qua‘dam,
850 2933 969 2987 qua:
1003 2917 1086 2970 vel
1133 2919 1418 2990 IEgyptus,
1464 2919 1547 2972 vel
1595 2917 1859 2989 Babylon,
1897 2917 1982 2971 vel
2034 2915 2230 2986 Tyrus,
2286 2917 2368 2972 vel
2401 2917 2566 2973 Sidon
2601 2920 2854 2990 appellari
2910 2926 3215 2989 vidcantur,
3249 2941 3543 2999 eorumque
3573 2928 3654 2982 lo-

397 3024 592 3063 corum
625 3009 919 3076 principes,
960 3022 1119 3077 atque
1146 3011 1340 3064 aninuc
1391 3012 1437 3065 si
1498 3027 1619 3080 qum
1650 3012 1702 3064 in
1749 3010 1856 3064 illis
1908 3007 2158 3062 habitant
2211 3007 2366 3072 10cis,
2406 3009 2667 3080 Egyptii,
2712 3011 3019 3084 Babylonii,
3051 3016 3196 3087 Tyrii
3235 3033 3300 3072 ac
3331 3021 3538 3077 Sidonii
3567 3038 3656 3092 ap-

399 3101 689 3164 pellentur.
739 3101 814 3156 Ex
880 3103 1076 3172 quibus
1137 3104 1302 3157 etiam
1349 3107 1646 3158 secundum
1709 3105 1853 3158 illam
1907 3104 2383 3157 conversationem
2440 3119 2602 3174 quam
2653 3107 2725 3161 ibi
2782 3109 3002 3173 habent,
3057 3113 3352 3181 captivitas
3406 3119 3650 3184 quaedam

396 3193 646 3247 videatur
670 3193 860 3247 effecta
884 3209 980 3261 per
1009 3209 1173 3262 quam
1203 3195 1270 3248 de
1293 3193 1473 3249 Judma
1521 3198 1573 3250 in
1616 3195 1968 3266 Babyloniam
2022 3195 2132 3268 (14)
2174 3194 2255 3248 vel
2293 3192 2586 3266 [Egyptian
2635 3215 2665 3253 a
2691 3201 3006 3257 melioribus
3031 3213 3087 3258 et
3128 3206 3496 3275 superioribus
3522 3210 3654 3268 locis

397 3287 744 3344 descendisse
771 3287 1048 3352 dicantur,
1081 3286 1168 3342 vel
1201 3287 1253 3340 in
1304 3288 1446 3342 alias
1477 3303 1724 3358 quasque
1757 3298 1945 3359 gentes
1981 3303 2102 3343 esse
2142 3289 2424 3360 dispersae.

543 3397 704 3437 TEBS.
746 3399 793 3438 ε.
833 3397 981 3438 IIII-In.

395 3473 463 3529 Et
491 3475 711 3545 forsitan
739 3477 997 3547 quomodo
1029 3476 1142 3546 (l5)
1214 3475 1356 3530 sicut
1384 3477 1436 3531 hi
1472 3477 1562 3548 qui
1594 3478 1660 3532 de
1681 3477 1782 3533 hoc
1807 3493 1960 3530 mun-

393 3573 450 3622 in
497 3571 594 3623 ista
644 3572 839 3625 mundo
884 3573 974 3643 qui
1027 3569 1142 3625 mo-
1213 3575 1280 3628 do
1299 3574 1956 3628 secumlumcommuncm

395 3666 607 3718 riuntur
621 3665 947 3734 separatione
962 3667 1138 3722 carnis
1212 3677 1437 3722 mortem
1457 3667 1613 3722 istam
1634 3666 1948 3722 recedentes

1216 3381 1306 3441 25.
1345 3384 1454 3458 (16)
1512 3384 1784 3440 Fortassis
1823 3385 1968 3439 enim
1999 3393 2042 3449 α

2529 3369 2539 3379 ’
2629 3389 2732 3442 Καὶ
2761 3389 2890 3459 μεθ’
2919 3390 3109 3460 ἔτερα.

2147 3486 2297 3557 Τάχα
2328 3487 2384 3540 δὲ
2426 3487 2612 3561 ὥσπερ
2644 3489 2693 3542 οἱ
2726 3489 2976 3543 ἐντεῦθεν
3018 3490 3128 3562 ('20)
3169 3493 3308 3548 κατὰ
3353 3493 3444 3548 τὸν
3472 3495 3648 3551 κοινὸν

2056 3580 2280 3633 θάνατον
2299 3579 2821 3652 ἀποθνήσκοντες,1ἐκ
2836 3581 2942 3637 τῶν
2957 3583 3185 3638 ἐνταῦθα
3197 3584 3309 3657 (21)
3329 3587 3650 3660 πεπραγμέ-

2055 3689 2160 3724 νων
2183 3670 2607 3741 οἱκονομοῦνται,
2642 3674 2689 3724 sl
2734 3671 2969 3744 κριθεῖεν
3007 3674 3146 3740 ἄξιοι
3187 3676 3280 3730 τοῦ
3317 3676 3644 3750 καλουμένου

1620 3782 2184 3842 INTERPBETATIO
2219 3786 2429 3845 NOVA.

1743 3882 1804 3936 Et
1840 3883 1957 3936 aliis
1991 3882 2311 3937 interiectis:

1743 3895 1804 3936 ιιι
1840 3895 1957 3936 ams
1991 3895 2126 3936 inter
2151 3895 2271 3937 ecus
2298 3902 2311 3937 ε

463 3955 551 4011 25.
579 3951 831 4010 Forsitan
863 3961 1044 4011 autem
1066 3952 1522 4026 quemadmodum
1556 3953 1591 4008 ii
1621 3970 1712 4027 qm
1743 3955 1829 4008 hic
1855 3901 2200 4027 communem
2234 3963 2462 4027 mortem
2494 3955 2718 4027 obeunt,
2757 3969 2857 4024 pro
2891 3956 3052 4011 rebus
3078 3956 3166 4011 hic
3201 3972 3228 4010 a
3270 3970 3328 4011 se
3363 3957 3532 4027 gestis
3563 3957 3636 4012 ita

392 4027 799 4093 dispensautur,
828 4028 958 4080 utsi
992 4023 1215 4095 regione
1248 4043 1371 4095 qua:
1397 4027 1642 4080 infernus
1668 4026 1889 4086 dicitur,
1920 4024 2066 4094 digni
2118 4023 2322 4097 fuerint
2351 4024 2604 4097 judicati,
2653 4023 2862 4080 diversa
2896 4041 2994 4092 pro
3034 4029 3245 4082 ratione
3291 4023 3637 4097 peccatorum

391 4101 674 4152 obtineant
705 4097 817 4151 loca
855 4115 870 4151 :
906 4097 984 4153 sic
1008 4094 1098 4167 qui
1127 4094 1348 4169 illic,:ut
1383 4097 1456 4169 ita
1487 4097 1689 4169 dicam.
1719 4096 2056 4169 _mori_unt_u_r,
2089 4097 2138 4149 in
2167 4094 2438 4169 infernum
2473 4096 3010 4169 huncdescendnnt,
3044 4099 3189 4167 digni
3212 4094 3439 4167 judicati
3469 4099 3558 4169 qui
3588 4099 3636 4152 in

390 4169 626 4222 diversis
667 4169 829 4222 totius
865 4165 1145 4223 terrestris
1176 4168 1281 4222 loci
1314 4166 1607 4221 domiciliis
1648 4165 1733 4236 vel
1768 4165 2087 4220 melioribus
2113 4167 2198 4236 vel
2228 4166 2595 4236 deterioribus
2629 4167 2898 4236 habitent,
2950 4177 3003 4220 et
3039 4165 3225 4223 ex'his'
3275 4171 3355 4221 vel
3393 4165 3500 4223 illis
3545 4185 3640 4236 pa-

391 4242 568 4294 tribus
592 4251 904 4304 naseantur;
944 4239 1018 4293 ita
1058 4251 1115 4293 ut
1147 4238 1318 4310 possit
1348 4238 1617 4292 interdum
1643 4233 1918 4291 lsraelitcs
1950 4237 2000 4288 in
2029 4235 2265 4308 Scythas
2303 4235 2544 4293 incidere
2570 4277 2585 4304 ,
2625 4246 2679 4291 et
2725 4235 3012 4309 Egyptias
3057 4239 3112 4293 in
3155 4238 3395 4294 Judmam
3436 4233 3633 4296 delabi.

451 4334 496 4366 ⁸⁸
521 4335 721 4390 Ezerh.
751 4349 882 4388 nix
908 4343 962 4388 ct
998 4349 1114 4403 seq.
1189 4332 1235 4366 ³⁸
1258 4330 1461 4387 Ezech.
1488 4345 1616 4384 ιιιί
1640 4339 1694 4384 et
1717 4345 1834 4400 seq.
1917 4327 1960 4358 ³⁷
1984 4331 2093 4383 Isa.
2129 4341 2244 4383 xiv.

1985 4450 2030 4504 D
2058 4453 2240 4499 exstat
2264 4444 2319 4498 in
2353 4443 2604 4498 versione
2633 4443 2816 4500 Rufini
2846 4445 3156 4515 vestigium,
3204 4461 3304 4500 nec
3341 4446 3394 4500 in
3441 4446 3634 4504 Graeco

458 4452 571 4524 (IO)
607 4452 746 4524 dee
776 4453 816 4524 1.
839 4466 874 4504 ιι
907 4448 1242 4524 0rige_nian.,
1269 4463 1324 4519 q.
1353 4448 1443 4514 11,
1475 4463 1623 4524 nunt.
1667 4447 1754 4524 H.

460 4516 574 4590 (11)
634 4521 900 4590 Propheta
929 4516 1320 4574 de'Pharaon—e
1366 4534 1483 4586 rege
1527 4517 1774 4587 Afgypti.
1829 4516 1956 4573 Haec

387 4594 584 4648 desunt
625 4595 676 4646 in
709 4593 887 4656 editis,
925 4593 1017 4645 sed
1053 4591 1321 4643 habentur
1374 4591 1426 4642 in
1457 4605 1589 4642 mss.
1623 4590 1743 4641 Mox
1796 4605 1951 4650 mss.,

393 4683 414 4715 ι
452 4663 766 4728 textusipse
793 4663 992 4714 indicat
1027 4660 1299 4714 lectionis.
1334 4675 1352 4709 ι
1387 4659 1548 4718 Editi,
1579 4675 1595 4708 (
1628 4660 1807 4712 exitus
1842 4660 1954 4726 ipse

389 4734 593 4788 indicat
632 4731 902 4785 lectionis.
947 4747 967 4782 ι
1005 4729 1142 4785 Vide
1175 4739 1334 4783 notas
1368 4729 1435 4782 ad
1488 4729 1687 4782 librum
1727 4742 1779 4793 ι,
1809 4744 1861 4783 c.
1895 4729 1951 4794 5,

392 4818 519 4856 num
554 4801 588 4855 4
623 4811 678 4854 et
707 4800 761 4854 ὕ.

458 4872 570 4917 Hal
604 4869 720 4917 Non
748 4880 960 4917 nassum
991 4869 1218 4917 intelliai
1246 4869 1308 4917 de
1343 4867 1523 4917 alinuo
1547 4866 1758 4917 homine
1793 4867 1954 4917 veluti

458 4872 570 4995 (ιε)
601 4869 720 4924 Non
747 4880 960 4940 possunt
991 4869 1218 4938 intelligi
1246 4869 1308 4921 de
1343 4867 1523 4937 aliqua
1547 4867 1758 4920 homine
1793 4867 1954 4921 veluti

386 4959 504 5016 rege
528 4941 657 5016 θεμνὶ
685 4943 824 5016 dicta
850 4957 869 5005 ;
897 4941 1148 5016 seri_et_de
1187 4937 1674 5016 Nabuchodonosor
1728 4954 1789 4991 ea
1832 4953 1954 5016 qua?

385 5007 644 5067 ntitltis'in
679 5013 808 5064 locis
858 5013 921 5064 ab
965 5009 1240 5078 Scriptura
1262 5011 1535 5062 dicuntur.
1587 5007 1711 5078 Haec
1762 5011 1950 5062 Omnia

384 5087 584 5138 desunt
616 5083 667 5134 in
699 5084 876 5145 editis,
907 5084 998 5134 sed
1031 5077 1296 5135 habentur
1347 5081 1399 5133 in
1433 5094 1559 5132 mss.
1592 5077 1737 5132 Infra
1787 5095 1946 5144 mss.,

387 5172 410 5206 ι
448 5156 524 5208 ita
551 5153 768 5222 dignius
817 5154 989 5221 possit
1019 5152 1266 5222 intelligi.
1299 5168 1318 5202 ι
1357 5149 1498 5204 Editi
1528 5188 1544 5215 ,
1601 5165 1619 5200 ι
1656 5149 1730 5202 ita
1784 5150 1952 5219 digne

385 5225 559 5303 evasit
595 5223 851 5303 inmitis}:
881 5240 899 5273 ι
946 5291 957 5303 .
1383 5287 1424 5303 ..
1594 5297 1606 5303 _
1901 5289 1912 5299 .

385 5287 398 5295 ’
455 5293 567 5366 (15)
619 5294 723 5348 Sed
769 5287 1048 5346 uidendum
1091 5303 1190 5353 est,
1233 5299 1340 5344 etc.
1383 5287 1509 5344 llaec
1557 5297 1614 5344 et
1667 5289 1948 5358 sequentia

384 5382 554 5433 usque
585 5367 652 5417 ad
681 5379 805 5418 num
835 5363 1387 5433 257desunt_in_textu
1418 5361 1629 5415 Grieco.

480 5433 564 5501 Η)
597 5434 688 5488 Sic
722 5450 848 5487 mss.
885 5432 1046 5494 Editi,
1086 5448 1105 5482 ι
1141 5431 1492 5501 Babylonem.
1521 5450 1541 5482 ι

597 5504 669 5582 Et
685 5504 906 5582 forsitan
932 5493 1211 5570 quomodo,
1242 5493 1346 5556 etc.
1376 5493 1758 5582 [agmentum
1787 5500 1950 5564 istud.

382 5571 524 5643 quod
544 5571 746 5629 Latine
774 5589 804 5627 e
844 5571 1033 5627 Graeco
1067 5585 1277 5626 versum
1310 5572 1532 5625 exhibet
1582 5572 1951 5641 Hieronymus

384 5661 440 5699 ιιι
473 5645 694 5714 epistola
730 5645 795 5696 ad
829 5643 1067 5706 Avitum,
1097 5643 1291 5696 Graeco
1306 5654 1600 5714 _utcun_que
1647 5643 1944 5714 respondet

383 5729 438 5768 at
469 5711 746 5783 sequentis
777 5714 1062 5782 ft'agtncuti
1091 5715 1232 5783 quod
1263 5711 1419 5767 aﬂ'et’t
1449 5711 1646 5770 ibidem
1674 5752 1694 5776 ,
1739 5711 1941 5765 nulluu‘.

2061 4527 2210 4568 textu
2243 4515 2334 4584 qui
2377 4516 2515 4568 ultra
2542 4529 2822 4568 numerum
2853 4517 2925 4571 ‘25
2957 4534 3061 4570 non
3109 4517 3373 4573 excurrit.
3408 4516 3503 4571 llic
3553 4530 3635 4572 ta-

2059 4602 2183 4639 tnen
2219 4585 2345 4638 illud
2395 4585 2744 4652 apposuimus
2783 4587 2926 4654 quod
2969 4586 3303 4642 commodior
3355 4587 3485 4644 alibi
3525 4603 3630 4642 non

2058 4657 2344 4709 videretur
2394 4655 2564 4725 locus_.
2600 4656 2673 4708 De
2707 4667 2933 4724 utroque
2969 4658 3100 4718 haec
3135 4657 3357 4711 adnotat
3412 4669 3632 4713 sanctus

2058 4727 2251 4798 doctor
2281 4742 2296 4778 :
2337 4742 2357 4798 ς
2413 4725 2621 4790 Quibus
2657 4725 2816 4779 dictis
2865 4725 3174 4798 (Origenes)
3206 4728 3398 4782 Itlllllll‘
3429 4744 3628 4798 appro-

2057 4795 2210 4868 bare,
2242 4804 2296 4848 et
2329 4795 2759 4868 ﬁrmamentum,
2801 4797 2850 4849 id
2874 4795 3208 4856 (ξειίοωιιιιιι
3244 4799 3308 4850 ad
3344 4795 3598 4868 compara

2018 4865 2256 4919 'tionem
2290 4865 2585 4933 superioris
2607 4865 2730 4918 caeli
2757 4881 2876 4920 esse
2907 4867 3137 4929 inferos,
3171 4876 3223 4920 et
3253 4869 3390 4922 hanc
3423 4865 3623 4922 terrain
3697 4881 3700 4888 ‘

2055 4950 2216 5002 quam
2248 4935 2537 4988 incolimus
2565 4936 2856 4990 collatione
2903 4939 3232 4990 firmamenti
3288 4939 3494 4992 inferos
3528 4954 3625 5006 ap-

2056 5005 2265 5073 pellari;
2295 5016 2349 5057 et
2379 5021 2590 5057 rursum
2621 5007 2688 5058 ad
2715 5008 3177 5074 ceniparationem
3207 5007 3504 5062 inferorum
3530 5005 3620 5077 qui

2057 5078 2247 5128 subter
2274 5091 2371 5147 nos
2391 5084 2537 5138 sunt,
2568 5092 2665 5129 nos
2692 5077 2890 5130 coelum
2922 5078 3051 5145 diei,
3072 5080 3283 5147 utquod
3308 5079 3428 5133 aliis
3452 5079 3624 5132 infer-

2054 5161 2156 5198 ttus
2185 5156 2288 5208 est,
2316 5145 2438 5199 aliis
2472 5147 2666 5201 cwlum
2699 5150 2789 5199 sit.

2125 5213 2237 5288 (16)
2273 5216 2400 5270 Vide
2433 5216 2538 5269 1.·ιι
2572 5216 2906 5288 οζίθειιὶαηη
2931 5233 2984 5288 q.
3012 5218 3101 5284 11,
3129 5235 3186 5273 ιι.
3210 5219 3245 5273 5
3275 5229 3327 5274 et
3358 5219 3445 5273 11.

2063 5355 2085 5371 η
2124 5287 2238 5356 (ιῖ)
2296 5290 2387 5342 Sic
2430 5303 2560 5342 mss.
2617 5285 2850 5341 Tarinus
2905 5285 3066 5356 vero,
3131 5289 3622 5364 ὲρημωθησόμενος

2052 5373 2212 5409 ωστε.

2123 5427 2346 5502 (1849)
2375 5427 2590 5502 Primus
2615 5427 2770 5497 Beg.,
2802 5429 3292 5502 μεμελανωμένοις.

2126 5499 2236 5568 (20)
2275 5498 2431 5567 Τάχα
2461 5500 2527 5552 δὲ
2557 5499 2758 5568 ὥσπερ
2791 5498 2844 5553 οὶ
2866 5498 3164 5567 ἐντεῦθέν,
3193 5517 3299 5558 etc.
3334 5501 3468 5558 Vide
3503 5501 3616 5556 cla-

2055 5571 2337 5654 rissimum
2363 5572 2614 5624 liuetium
2640 5568 3082 5639 Origenianorum
3113 5577 3204 5627 lib.
3241 5588 3300 5641 ιι,
3329 5582 3520 5642 quaest.
3547 5574 3604 5627 11

2051 5656 2201 5695 num.
2226 5659 2279 5692 ἑ).

2123 5708 2474 5781 (in-Primus
2511 5711 2630 5766 cod.
2660 5711 2814 5781 Reg.,
2847 5710 3056 5766 αὐτόθι.
