3974 6160
284 289 385 342 595

281 489 564 558 ἀναλογίαν
613 489 719 542 τῶν
759 489 1166 560 ἁμαρτημάτων
1189 531 1203 554 ,
1240 488 1413 549 οὕτως
1451 477 1739 542 οί’ὲκεῖθεν
1781 491 1846 542 ἵν’

281 581 448 646 οὕτως
483 584 640 645 εῐπω,
676 580 1105 652 ἀποθνήσκοντες
1135 581 1214 641 εἰς
1246 580 1335 631 τὸν
1368 579 1499 649 ᾇδην
1527 579 1713 632 τοῦτον
1751 599 1848 634 κα-

281 675 590 729 ταϐαίνουσι
611 672 915 743 κρινόμενοι
941 671 1077 738 ἄξιοι
1099 671 1204 723 τῶν
1226 670 1316 723 τοῦ
1340 671 1536 735 παντὸς
1571 673 1846 742 περιγείου

280 764 440 818 τόπου
483 763 755 835 διαφόρων
781 762 1130 834 ,οἰκητηρίων
1165 761 1446 831 βελτιόνων
1474 762 1505 832 ἢ
1549 763 1804 832 χειρόνων
1830 781 1842 792 ·

280 855 370 906 καὶ
394 853 545 924 παρά
585 853 753 906 τοῖσδε
783 853 815 924 ἢ
862 853 1033 906 τοῖσδε
1056 857 1167 915 τοῖς
1188 853 1473 922 πατράσιν·
1501 853 1574 916 ὡς
1595 852 1850 906 δύνασθαί

280 964 404 1000 ποτε
445 947 783 1018 Ίσραηλίτην
818 949 1000 999 πεσεῖν
1034 949 1091 1010 ἐς
1121 946 1367 1010 Σκύθας,
1419 947 1512 999 καὶ⁹
1555 945 1850 1014 Αἰγύπτιον

277 1041 354 1101 είς
374 1038 470 1108 τὴν
511 1039 764 1091 Ἰουδαίαν
785 1037 1078 1091 κατελθεῖν.
1109 1037 1250 1108 Πλὴν
1273 1041 1300 1090 ό
1323 1038 1508 1107 Σωτὴρ
1529 1041 1848 1104 συναγαγεῖν

275 1127 404 1200 ἦλθε
431 1129 500 1183 τὰ
529 1131 772 1200 πρόϐατα
815 1130 882 1183 τὰ
921 1131 1233 1184 ἀπολωλότα
1278 1129 1424 1183 οἴκου
1471 1130 1704 1200 Ἰσραήλ.
1739 1131 1848 1184 Καὶ

281 1218 486 1274 πολλῶν
516 1220 621 1273 ἀπὸ
650 1219 740 1272 τοῦ
791 1217 1007 1289 Ἰσραὴλ
1041 1217 1115 1288 μὴ
1149 1216 1401 1281 εἰξάντων
1447 1217 1513 1286 τῇ
1544 1215 1858 1285 διδασκαλίᾳ

278 1311 463 1378 αὐτοῦ,
501 1312 550 1364 οἱ
578 1312 683 1364 ἀπὸ
711 1309 817 1365 τῶν
841 1308 1006 1362 ἐθνῶν
1034 1307 1345 1362 καλοῦνται.

1442 281 1640 335 LIBER
1673 281 1810 346 QUA
1822 280 1909 333 ΒΤ
1921 279 1956 333 U
1968 279 2023 332 S.

283 401 481 471 χωρίου
526 398 678 470 ᾅδου,
711 398 885 451 τόπων
921 397 1191 469 διαφόρων
1233 397 1711 468 τυγχάνειν,κατὰ
1753 400 1850 469 τὴν

1973 396 2068 466 ’22)
2111 410 2206 466 pro
2255 397 2466 452 actibus
2501 396 2612 452 suis
2647 404 2700 450 et

3411 287 3517 339 391i

2772 406 2818 450 et
2857 398 3070 462 animm,
3111 397 3272 466 juxta
3305 415 3517 466 operum

2772 489 3120 558 di/ferertfinm
3151 492 3353 544 diuersa
3379 494 3518 559 apud

2775 580 2970 650 inferos
2992 582 3221 634 obtinent
3255 585 3369 635 loca
3398 599 3416 634 :
3447 584 3521 634 sic

2774 673 2862 740 qui
2882 673 2944 724 de
2959 673 3175 726 caelestis
3201 672 3518 734 Jerusalem,

2777 773 2832 816 ut
2867 764 2941 817 ita
2970 764 3524 829 dicant,administra-

2775 857 2915 910 tione
2935 859 3252 920 moriuntur,
3269 858 3337 909 ad
3361 860 3523 910 nostri

2775 947 2958 1000 mundi
3027 948 3236 1016 inferna
3306 949 3523 1004 descen-

2777 1041 2950 1106 dunt,
3006 1055 3061 1095 ut
3123 1060 3218 1110 pro
3271 1042 3525 1112 qualitate

1956 1148 2020 1185 rx
2056 1133 2161 1186 illis
2196 1132 2332 1187 locis
2377 1132 2521 1186 velut
2566 1132 2698 1198 illic,
2776 1134 3078 1187 meritorunt
3108 1174 3122 1198 ,
3187 1137 3392 1190 diversa
3471 1138 3525 1188 in

1959 1227 2000 1278 si
2039 1225 2143 1277 dici
2169 1233 2363 1292 potest,
2388 1225 2698 1288 morientes,
2779 1226 2934 1278 terris
2971 1228 3267 1293 possideant
3297 1234 3432 1280 loca.

1961 1329 1988 1364 a
2023 1313 2231 1380 superis
2255 1313 2306 1367 in
2335 1313 2479 1366 lutnc
2509 1313 2743 1367 inferum
2769 1313 3120 1368 descendunt.
3157 1315 3287 1368 Nam
3316 1316 3405 1371 ille
3437 1315 3521 1368 in-

1957 489 2161 543 meritis
2180 488 2563 558 dispensantur
2577 505 2701 558 pro-

1957 590 2014 635 ut
2038 582 2182 649 digni
2221 582 2420 635 fuerint
2448 568 2698 651 iudicati,

1957 673 2044 726 alii
2074 675 2289 740 quidem
2319 673 2370 726 in
2407 674 2582 727 locum
2610 674 2701 743 qui

1955 765 2150 817 dicitur
2194 764 2474 828 infernus,
2517 764 2700 816 alii'in

1956 855 2130 908 sinum
2175 853 2440 918 Abrahae,
2501 863 2558 908 et
2607 867 2703 922 per

1957 949 2166 1002 diversa
2192 962 2421 1016 qumque
2447 948 2526 1002 vel
2559 947 2698 1016 loca,

1959 1039 2040 1090 vel
2078 1039 2403 1102 mansiones;
2439 1039 2510 1092 ita
2535 1040 2698 1091 etiam

282 1405 428 1458 ferus
479 1405 543 1456 ad
587 1417 744 1472 quem
793 1403 920 1456 hinc
966 1400 1313 1455 morientium
1349 1399 1874 1476 animmdttcuntur,
1908 1405 2073 1457 credo
2111 1401 2243 1472 (25),
2281 1404 2350 1457 ob
2387 1405 2524 1458 hanc
2582 1406 2982 1460 distinctionem
3019 1406 3259 1460 infernus
3292 1407 3520 1461 inferior

282 1518 308 1550 a
352 1498 636 1565 Scriptura
677 1496 1005 1559 nominatur,
1035 1495 1176 1548 sicut
1208 1493 1406 1548 dicitur
1431 1493 1482 1546 in
1511 1491 1741 1548 Psalmis
1771 1513 1784 1549 :
1812 1514 1829 1546 ι
1868 1497 1999 1562 Quia
2030 1497 2273 1551 libet-usti
2296 1499 2530 1551 animant
2564 1513 2738 1552 meam
2770 1513 2838 1553 ex
2869 1499 3078 1553 inferno
3109 1500 3349 1554 inferiori
3380 1502 3470 1557 ³⁷⁵.
3501 1523 3517 1551 ο

233 1647 238 1654 _
285 1589 668 1658 Unusquisque
689 1603 817 1657 ergo
844 1586 1286 1640 descendentium
1319 1587 1370 1638 in
1403 1595 1603 1640 terram
1639 1602 1736 1656 pro
1765 1592 1994 1654 meritis,
2030 1591 2112 1644 vel
2147 1591 2263 1646 loco
2312 1607 2409 1646 suo
2444 1607 2601 1660 quem
2642 1593 2715 1645 ibi
2762 1593 3023 1646 habuerat
3064 1591 3198 1663 (ει),
3237 1592 3523 1661 dispensa-

283 1693 366 1734 tur
401 1682 454 1734 in
492 1682 596 1735 hoc
626 1680 826 1734 mundo
847 1681 910 1733 in
941 1679 1172 1733 diversis
1204 1678 1287 1732 vel
1317 1679 1471 1743 locis,
1500 1679 1582 1733 vel
1603 1681 1870 1748 gentibus,
1909 1682 1989 1734 vel
2019 1684 2545 1747 conversationibus,
2586 1684 2747 1754 186
2800 1683 2884 1737 vel
2917 1683 3327 1738 inﬁrmitatibus
3353 1685 3525 1748 nasci,

281 1772 360 1827 vel
394 1788 422 1826 a
457 1772 750 1842 religiosis,
784 1781 876 1826 aut
903 1779 1052 1826 certe
1082 1771 1261 1826 minus
1293 1771 1399 1838 piis
1420 1773 1729 1842 parentibus
1754 1777 2022 1841 generari,
2053 1777 2124 1828 ita
2159 1785 2219 1830 ut
2255 1778 2546 1846 aliquando
2572 1779 2846 1847 contingat
2886 1777 3181 1830 Israelitam
3209 1776 3262 1829 in
3291 1774 3524 1845 Scythas

278 1868 641 1933 descendere,
691 1875 745 1921 et
791 1864 1097 1939 Egypt’ium
1138 1879 1430 1932 pauperem
1459 1863 1652 1918 deduci
1693 1866 1758 1918 ad
1796 1863 2054 1920 Judaeum.
2096 1868 2478 1923 Verumtamen
2517 1870 2764 1924 Salvator
2791 1879 2976 1925 uoster
3009 1883 3342 1936 congregare
3375 1867 3527 1922 venit

278 1981 408 2019 oves
433 1979 554 2033 quae
578 1963 851 2032 perierant
877 1964 1067 2014 domus
1093 1957 1294 2024 Israel;
1326 1966 1528 2011 etcum
1569 1957 1781 2027 plurimi
1811 1974 1875 2011 ex
1913 1958 2172 2015 lsraelitis
2225 1975 2328 2014 non
2364 1961 2759 2030 acquievissent
2784 1962 3041 2016 doctrinae
3078 1959 3216 2028 ejus,
3251 1959 3304 2012 hi
3332 1959 3423 2028 qui
3453 1975 3522 2013 ex

279 2057 740 2127 gentibuserant,
765 2049 939 2104 vovisti
967 2058 1114 2112 sunt.

346 2148 504 2203 Unde
531 2159 866 2212 consequens
898 2143 1164 2196 videbitur
1193 2139 1306 2210 (25)
1339 2140 1500 2194 etiam
1532 2138 1846 2209 prephetias
1881 2147 1918 2200 Β

280 2257 400 2310 qua:
437 2239 665 2308 singulis
695 2236 947 2307 gentibus
990 2237 1360 2303 proferuntur,
1395 2233 1638 2287 revocari
1679 2231 1852 2300 magis

279 2334 346 2385 ad
383 2331 600 2384 animas
631 2326 827 2382 debere
855 2367 870 2392 ,
919 2336 974 2381 et
1021 2327 1266 2380 diversas
1305 2324 1611 2378 mansiones
1663 2336 1852 2375 earum

279 2423 552 2477 cretestes.
595 2421 700 2475 Sed
729 2429 784 2474 et
813 2419 1068 2473 historias
1095 2431 1275 2470 rerum
1310 2425 1604 2486 gestarum.
1635 2428 1753 2482 quae
1776 2413 1856 2465 ili--

279 2519 484 2564 cttntur
533 2509 620 2564 vel
670 2509 809 2579 genti
851 2507 1046 2574 Israel,
1079 2507 1163 2561 vel
1192 2505 1515 2568 Jerusalem,
1549 2505 1634 2557 vel
1659 2502 1857 2557 Judaeae

279 2601 586 2663 accidisse,
636 2599 745 2652 illis
789 2599 872 2651 vel
917 2598 1023 2651 illis
1081 2596 1333 2667 gentibus
1377 2595 1853 2665 impngnantibus,

278 2690 743 2762 perscrutandum
785 2698 950 2743 estet
987 2688 1404 2757 perquirendum
1432 2725 1447 2752 ,
1495 2687 1750 2754 quoniam
1802 2685 1856 2739 in

279 2779 702 2850 quamplurimis
731 2779 1080 2848 corporaliter
1101 2786 1251 2848 gesta
1281 2791 1385 2830 non
1417 2784 1693 2840 constant,
1721 2789 1855 2843 quo-

280 2875 450 2929 modo
496 2872 667 2940 magis
708 2871 808 2925 ista
854 2871 1247 2924 conveniebant
1293 2867 1396 2922 illis
1424 2867 1674 2938 gentibus
1714 2866 1855 2940 (25‘)

282 2965 614 3029 animarum,
648 2976 766 3030 qum
793 2961 842 3014 in
870 2961 1009 3014 ctelo
1038 2960 1162 3023 isto,
1189 2958 1331 3026 quod
1363 2959 1594 3011 transire
1636 2958 1849 3022 dicitur,

285 3054 571 3118 habitant,
617 3052 700 3107 vel
732 3051 896 3106 etiam
946 3065 1088 3104 nunc
1121 3050 1368 3104 habitare
1402 3048 1657 3116 putanda:
1705 3060 1851 3102 sunt.

283 3145 344 3199 Si
382 3146 505 3213 quis
535 3158 661 3198 vero
694 3143 972 3197 evidentes
993 3151 1048 3195 et
1079 3141 1212 3193 satis
1245 3139 1564 3192 manifestas
1601 3140 1859 3192 assertio-

285 3252 386 3291 nes
420 3237 609 3290 horum
640 3234 706 3288 de
734 3231 1034 3298 Scripturis
1063 3230 1264 3284 sanctis
1297 3239 1560 3298 exposcat
1601 3245 1628 3282 a
1675 3229 1854 3294 nobis,

285 3325 718 3395 respondendum
745 3331 827 3378 est
857 3323 982 3391 quia
1011 3322 1285 3376 occultare
1315 3320 1486 3389 magis
1516 3321 1631 3374 haec
1679 3319 1857 3389 Spiri-

289 3417 363 3470 tui
391 3424 580 3471 sancto
603 3415 654 3467 in
693 3414 775 3467 his
809 3427 927 3482 qua:
959 3413 1208 3466 videntur
1234 3427 1356 3467 esse
1385 3410 1626 3465 historiae
1663 3426 1845 3464 rerum

2422 2158 2609 2198 VERSIO
2647 2159 2691 2199 ὃ.
2730 2159 3042 2199 HIERONYMI.

2034 2232 2101 2286 Et
2133 2235 2255 2304 quia
2292 2236 2706 2301 comparabimus
2737 2236 2800 2289 de
2834 2238 2932 2289 isto
2962 2237 3155 2290 mundo
3203 2239 3272 2290 ad
3318 2237 3528 2306 inferna

1959 2339 2223 2397 pergentes
2245 2329 2448 2380 animos
2468 2326 2602 2399 (27),
2641 2329 2706 2380 iis
2737 2328 3010 2380 animabus
3033 2343 3149 2395 quae
3177 2334 3240 2382 de
3271 2331 3528 2396 superiori

1961 2417 2086 2469 calo
2110 2417 2178 2468 ad
2215 2426 2396 2470 nostra
2429 2416 2734 2470 habitacula
2763 2417 3116 2483 pervenientes
3141 2419 3529 2486 quodammodo

1964 2517 2184 2562 mortua:
2213 2519 2356 2574 sunt,
2383 2510 2628 2576 prudenti
2660 2510 3058 2578 investigatione
3090 2511 3395 2565 rimandum
3428 2520 3529 2576 est,

1963 2613 2030 2648 an
2052 2597 2147 2650 hoc
2179 2599 2347 2664 ipsum
2378 2601 2637 2668 possimus
2665 2602 2822 2654 etiam
2854 2600 2907 2652 in
2936 2601 3206 2654 nativitate
3229 2601 3404 2654 dicere
3425 2602 3533 2655 siu-

1962 2688 2226 2757 gulorum;
2251 2701 2304 2742 ut
2333 2691 2589 2759 quomodo
2627 2709 2741 2758 qua:
2769 2693 2825 2746 in
2875 2695 2976 2746 ista
3026 2703 3168 2745 terra
3205 2703 3385 2746 nostra
3431 2710 3529 2746 na-

1963 2790 2180 2834 scuntur
2199 2782 2409 2847 animae,
2437 2783 2512 2836 vel
2536 2783 2598 2836 de
2626 2783 2831 2853 inferno
2853 2801 3066 2839 rursum
3091 2785 3310 2838 meliora
3331 2786 3534 2851 capien-

1965 2884 2037 2926 tes
2067 2873 2134 2925 ad
2161 2874 2435 2938 superiora
2461 2875 2703 2944 veniunt,
2737 2888 2782 2928 et
2821 2876 3108 2929 humanum
3155 2890 3340 2942 corpus
3379 2891 3533 2927 assu-

1965 2974 2133 3025 munt,
2159 2963 2234 3016 vel
2256 2963 2320 3016 de
2338 2964 2639 3016 melioribus
2658 2963 2784 3018 locis
2806 2965 2874 3017 ad
2899 2980 2988 3017 nos
3012 2979 3173 3033 usque
3192 2964 3532 3020 descendunt:

1965 3053 2040 3104 sic
2069 3062 2116 3104 et
2148 3068 2206 3105 ea
2242 3051 2356 3104 loca
2388 3069 2504 3120 qttaz
2543 3070 2703 3120 supra
2738 3063 2858 3106 sunt
2890 3055 2945 3105 in
2989 3055 3320 3122 [irritamento
3345 3091 3360 3114 ,
3407 3054 3532 3105 alite

1965 3146 2158 3196 animo:
2188 3144 2508 3211 possideant,
2539 3160 2656 3214 quae
2684 3146 2748 3197 de
2766 3146 2959 3198 nostris
2986 3147 3194 3198 sedibus
3217 3145 3284 3197 ad
3315 3144 3534 3197 meliora

1963 3235 2263 3301 proﬁciunt;
2304 3235 2424 3288 alite
2453 3251 2570 3304 qua:
2611 3235 2674 3288 de
2712 3236 3008 3289 ctelestibus
3037 3237 3106 3287 ad
3147 3235 3532 3303 firmamentum

1964 3339 2126 3393 usque
2151 3324 2381 3390 delapsa:
2408 3333 2548 3389 sunt,
2575 3341 2666 3378 nec
2707 3332 2910 3378 tantum
2938 3324 3106 3394 fecere
3127 3335 3432 3393 peccatum,
3475 3336 3533 3377 ut

1963 3419 2030 3468 ad
2062 3416 2174 3468 loca
2204 3431 2320 3482 quia
2349 3415 2628 3469 incolimus
2652 3417 3009 3473 truderentur.

285 3518 582 3578 gestarum,
613 3515 667 3560 et
697 3505 859 3556 altius
886 3512 1065 3570 tegere
1090 3502 1376 3556 consilium
1422 3500 1544 3565 fuit,
1579 3503 1862 3569 inquibus
1910 3503 2240 3560 descendere
2283 3505 2536 3558 dicuntur
2577 3506 2630 3559 in
2672 3505 2987 3576 Egyptum,
3031 3506 3116 3560 vel
3160 3507 3426 3574 captivari
3481 3508 3532 3560 in

287 3599 662 3669 Babyloniam,
692 3596 777 3649 vel
802 3597 855 3649 in
883 3596 967 3650 his
1005 3595 1139 3663 ipsis
1166 3595 1475 3664 regionibus
1505 3594 1724 3663 quidam
1755 3595 1968 3658 quidem
2013 3596 2288 3651 humiliari
2321 3598 2484 3651 nimis
2511 3609 2564 3654 et
2595 3599 2696 3653 sub
2727 3599 2950 3652 servitio
2983 3599 3119 3653 eliici
3164 3599 3535 3661 dominorum.

287 3689 376 3747 alii
411 3704 542 3743 vero
569 3689 620 3741 in
649 3688 776 3756 ipsis
802 3686 1128 3753 captivitatis
1151 3685 1287 3740 locis
1310 3687 1444 3739 clari
1473 3700 1536 3741 ac
1574 3687 1842 3752 magniﬁci
1867 3687 2037 3740 habiti
2069 3697 2215 3752 sunt,
2253 3689 2325 3742 ita
2357 3699 2414 3742 ut
2447 3698 2743 3759 potestates
2776 3699 2831 3745 et
2865 3690 3200 3760 principatus
3235 3692 3532 3758 tenuerint,

291 3782 648 3853 regendisque
681 3781 888 3847 populis
918 3781 1231 3846 prmiuerint
1257 3779 1395 3849 (26).

360 3874 685 3943 Κέκρυπται
703 3870 776 3933 δὲ,
795 3871 870 3934 ὡς
883 3871 1178 3941 ἡγούμεθα,
1196 3873 1250 3923 ὲν
1267 3875 1385 3933 ταῖς
1402 3869 1660 3940 ἱστορίαις
1676 3869 1858 3923 ταῦτα.

2045 3870 2176 3938 Quae
2195 3871 2490 3939 omnia,'ut
2518 3872 2774 3937 diximus,
2808 3875 3126 3932 abscondita
3170 3884 3226 3929 et
3255 3874 3428 3932 celata
3483 3876 3538 3932 in

297 3983 315 4014 ι
355 3965 464 4017 Καὶ
490 3963 598 4035 γὰρ
637 3965 668 4033 ἡ
704 3963 947 4032 βασιλεία
984 3963 1089 4015 τῶν
1139 3962 1384 4032 οὐρανῶν
1415 3963 1576 4030 ὁμοία
1607 3961 1722 4014 ἐστὶ
1768 3961 1866 4032 θη-

290 4057 478 4128 σαυρῷ
499 4057 864 4128 κεκρυμμένῳ
901 4057 958 4107 ὲν
989 4055 1064 4124 τῷ
1087 4054 1261 4126 ἀγρῷ,
1286 4055 1344 4107 ὃν
1377 4055 1548 4127 εὑρὼν
1585 4054 1868 4126 ἄνθρωπος

291 4147 516 4218 ἔκρυψε,
541 4148 635 4200 καὶ
657 4147 764 4200 ἀπὸ
789 4147 887 4216 τῆς
915 4148 1084 4215 χαρᾶς
1108 4144 1268 4198 αὐτοῦ
1304 4147 1522 4212 ὑπάγει,
1551 4146 1644 4198 καὶ
1693 4145 1867 4198 πάντα

289 4240 388 4292 ὅσα
403 4239 516 4310 ἔχει
536 4238 704 4290 πωλεῖ
722 4238 816 4292 καὶ
838 4237 1094 4308 ἀγοράζει
1120 4238 1209 4289 τὸν
1231 4237 1396 4307 ἀγρὸν
1418 4240 1642 4291 ἐκεῖνον.
1668 4257 1684 4288 ι
1721 4238 1867 4290 Ἐπι-

293 4331 580 4403 στήσωμεν
600 4325 691 4382 οὖν
712 4331 760 4382 εί
791 4328 943 4400 μὴτὸ
965 4327 1289 4398 βλεπόμενον
1312 4328 1412 4396 τῆς
1433 4329 1654 4398 Γραφῆς
1683 4328 1777 4380 καὶ
1808 4328 1870 4379 τὸ

1973 3965 2268 4034 Scriptum
2317 3975 2517 4020 sanctae
2563 3966 2803 4020 historiis
2849 3974 3256 4033 conteguntur,
3307 3968 3437 4036 quia
3483 3977 3540 4021 et

1978 4075 1998 4107 ι
2039 4071 2265 4125 regnum
2298 4055 2556 4109 ctelorum
2590 4056 2766 4109 simile
2798 4065 2885 4110 est
2919 4057 3176 4112 thesauro
3217 4058 3538 4113 abscondito

1973 4146 2025 4200 in
2058 4160 2211 4215 agro,
2244 4160 2401 4214 quem
2436 4160 2559 4199 cum
2597 4145 2872 4199 invenerit
2916 4146 3078 4200 homo
3122 4147 3442 4210 abscondit,
3484 4157 3540 4200 et

1970 4251 2084 4306 pra:
2113 4237 2306 4304 gaudio
2342 4237 2484 4291 illius
2511 4237 2678 4302 vadit,
2703 4244 2757 4290 et
2782 4236 2962 4290 omnia
2991 4251 3112 4304 qua:
3142 4238 3308 4291 habet
3332 4238 3536 4303 vendit,

1971 4334 2022 4379 et
2053 4327 2185 4380 emit
2218 4340 2405 4392 agrum
2439 4325 2587 4378 illum
2621 4323 2685 4377 ³³.
2727 4342 2745 4376 ι
2779 4323 2835 4377 ιη
2864 4337 2972 4390 quo
3000 4323 3318 4391 diligentius
3351 4325 3536 4379 consi-

1504 4421 1569 4475 IN
1577 4418 2059 4475 TERPRETATIO
2093 4418 2301 4474 NOVA.

297 4515 682 4571 Verumtamen
714 4517 965 4570 Salvator
989 4525 1374 4586 congregatum
1410 4519 1558 4571 venit
1580 4533 1708 4572 oves
1735 4530 1852 4583 quiin
1878 4516 2154 4586 perierant
2181 4515 2372 4570 domus
2404 4512 2590 4569 Israel.
2610 4513 2854 4583 Cumque
2882 4513 3037 4568 multi
3064 4528 3129 4570 es
3148 4513 3312 4572 Israel
3339 4515 3540 4572 doctri-

298 4601 420 4656 nam
449 4588 565 4653 ejus
595 4602 697 4639 non
731 4588 1050 4655 receperint,
1083 4594 1344 4639 vocantur
1372 4588 1462 4656 qui
1495 4603 1525 4640 e
1555 4586 1826 4655 gentibus.

373 4652 497 4710 llaec
524 4657 577 4709 in
612 4652 868 4709 historiis
889 4656 1207 4710 delitescere
1239 4652 1406 4710 uobis'
1435 4652 1722 4724 videntur;
1759 4673 1778 4706 ι
1819 4653 2002 4710 simile
2025 4653 2172 4709 enim
2203 4662 2288 4708 est
2313 4666 2539 4722 regnum
2565 4652 2830 4708 caelorum
2862 4653 3119 4710 thesauro
3139 4654 3455 4714 abscondito
3483 4655 3541 4711 in

370 4780 435 4810 ³⁷’
467 4775 609 4831 Psal.
640 4791 839 4840 Lxxxv,
872 4775 955 4828 I5.
1035 4775 1079 4807 ³⁸
1107 4774 1300 4829 Matth.
1337 4789 1454 4838 xm,
1487 4773 1578 4826 44.

373 4891 483 4960 (€12)
521 4892 688 4944 Caute
721 4891 856 4956 iege.

373 4895 463 4960 (ῖιῖ
521 4895 688 4944 Caute
722 4895 856 4956 lege.

373 4895 483 5031 (23;
519 4961 670 5031 Ilunc
714 4960 889 5012 locum
935 4956 1535 5031 in_editiscorruptum
1585 4958 1664 5011 sic
1697 4957 1870 5031 resti-

307 5026 619 5086 tuum'tnss.
655 5029 712 5082 In
742 5038 898 5082 antea
926 5027 1083 5096 editis
1111 5026 1326 5096 legitur,
1363 5046 1382 5079 ι
1421 5027 1473 5079 in
1521 5028 1662 5080 hunc
1697 5027 1869 5078 locum

305 5101 654 5156 descendunt.
686 5097 817 5151 Nam
844 5097 948 5149 illis
980 5095 1205 5149 inferna:
1237 5099 1324 5150 hic
1354 5096 1701 5150 morientium
1739 5095 1860 5147 aui-

307 5188 403 5223 mm
433 5170 710 5223 dicuntur.
757 5167 932 5221 Credo
959 5167 1028 5218 ob
1059 5166 1195 5220 hanc
1223 5166 1648 5227 distinctionem,
1686 5184 1706 5216 ι
1753 5174 1861 5218 etc.

307 5237 512 5293 Ibidem
541 5254 692 5301 mss.,
721 5255 741 5288 ι
777 5239 916 5290 sicut
941 5236 1162 5300 dicitur,
1197 5254 1214 5286 ι
1246 5237 1386 5302 quod
1415 5236 1564 5289 deest
1595 5236 1647 5288 iu
1679 5235 1864 5288 editis.

375 5306 485 5375 (9.4)
513 5307 604 5360 Sic
636 5321 766 5360 mss.
799 5305 966 5368 Editi,
1003 5323 1022 5357 ι
1067 5305 1484 5359 inhabitaverat.
1527 5323 1546 5354 ι

379 5371 490 5448 (25)
521 5375 668 5431 [inde
705 5391 1068 5448 consequens,
1108 5385 1212 5448 etc.
1262 5378 1343 5430 Ab
1367 5375 1452 5428 his
1496 5371 1678 5448 verbis
1700 5386 1869 5439 usque

314 5448 375 5498 ad
391 5443 514 5511 ista,
541 5465 560 5498 ι
583 5462 704 5516 quae
725 5443 1282 5516 omnia,utdiximus,
1313 5465 1332 5497 ι
1365 5453 1494 5503 ete.,
1531 5443 1869 5516 desideratur

320 5526 487 5571 textus
501 5511 720 5596 Graicus
737 5513 1047 5596 cttjusjactu
1057 5529 1169 5565 ram
1202 5523 1479 5594 utcunque
1500 5519 1716 5580 reparat
1735 5511 1868 5592 alte-

323 5599 433 5640 t'um
459 5587 720 5641 versionis
737 5582 912 5641 sancti
937 5582 1246 5652 Hieronymi
1265 5582 1562 5653 appositum
1591 5596 1622 5636 ο
1654 5584 1871 5650 regione

666 5683 936 5740 ΡΑτιιοι..
980 5677 1096 5736 Gn.
1143 5677 1254 5737 XI.

1902 4884 1946 4936 D
1978 4885 2361 4952 fragmentum,
2387 4882 2540 4950 cujus
2574 4883 2760 4950 utique
2790 4893 2964 4938 textus
2998 4881 3220 4937 Graecus
3240 4884 3468 4938 interiit.

2047 4953 2182 5022 (25')
2218 4954 2311 5006 Sic
2337 4968 2464 5006 mss.
2502 4952 2640 5004 Male
2667 4952 2818 5018 editi,
2875 4970 2893 5003 ι
2942 4953 3251 5020 generibus.
3299 4971 3317 5004 ι
3377 4952 3541 5006 Paulo

1980 5033 2100 5089 post
2131 5039 2286 5085 mss.,
2323 5042 2339 5072 ι
2377 5022 2658 5076 evidentes
2693 5031 2746 5072 et
2777 5022 2910 5074 satis
2941 5022 3252 5076 menifestas
3280 5024 3542 5076 assertio-

1980 5107 2077 5145 ues
2109 5093 2322 5144 horum.
2351 5111 2369 5144 ι
2401 5091 2566 5154 Editi,
2591 5107 2609 5140 ι
2634 5091 2998 5144 evidentiores
3026 5092 3266 5145 rationes
3293 5106 3536 5145 eorum»

2043 5161 2158 5229 (26)
2191 5159 2545 5229 Regendisque
2592 5159 2796 5229 populis
2841 5161 3167 5228 prmfuerint.
3194 5159 3320 5214 Haec
3347 5161 3541 5229 desunt

1977 5231 2026 5283 in
2055 5228 2209 5284 antea
2258 5228 2464 5290 editis,
2491 5231 2836 5297 reperiuntur
2877 5241 3056 5283 autem
3091 5231 3144 5282 in
3189 5245 3319 5284 mss.
3372 5228 3542 5280 Paulo

1976 5311 2097 5364 post
2131 5314 2286 5365 mss.,
2327 5317 2347 5349 ι
2380 5301 2431 5352 in
2461 5315 2569 5368 quo
2601 5299 2914 5366 diligentius
2937 5299 3220 5352 considera
3251 5299 3432 5368 sinon
3461 5297 3544 5368 in:

1978 5373 2206 5424 dicatur.
2241 5387 2263 5420 ι
2296 5369 2434 5422 Editi
2462 5365 2494 5434 ,“
2529 5387 2547 5419 ι
2594 5369 2643 5421 id
2692 5365 2799 5436 quo
2833 5369 3118 5422 dilucidius
3162 5366 3448 5436 considera
3501 5365 3544 5414 si

1979 5455 2084 5491 non
2113 5440 2343 5494 dicatur.
2376 5457 2394 5489 ι
2425 5438 2545 5492 Mox
2576 5434 2729 5500 mss.,
2771 5453 2791 5487 ι
2835 5438 2922 5492 ille
2953 5451 3083 5490 vero
3128 5434 3288 5486 altior
3317 5442 3372 5485 et
3419 5445 3550 5496 pro-

1981 5508 2217 5562 luntlior.
2253 5527 2271 5559 ι
2309 5509 2472 5572 Editi,
2510 5526 2528 5558 ‹
2566 5508 2654 5561 ille
2688 5521 2820 5563 vero
2847 5507 3010 5561 altior
3044 5513 3098 5558 et
3126 5502 3454 5568 profundus.
3495 5518 3512 5547 ι

2049 5579 2162 5648 (27)
2187 5578 2359 5634 Caute
2388 5579 2522 5647 lege.
