3974 6160
372 285 487 342 395

1587 271 1903 330 ORIGENIS
1945 272 2103 324 ΠΕΡΙ
2139 269 2368 324 ΑΡΧΩΝ

3535 264 3641 321 396

376 409 529 471 dera,
584 404 628 459 si
679 405 785 459 non
817 402 1082 460 indicatur
1108 399 1247 457 quod
1279 398 1450 455 solum
1474 398 1654 469 ipsum
1693 411 1747 456 et
1775 409 1960 466 supcr—

2070 408 2561 480 ὲπιπόλαιονάὐτῆς
2579 406 2673 462 καὶ
2686 405 2992 479 πρόχειρον,
3007 409 3035 459 ὀ
3052 407 3155 470 πᾶς
3171 406 3315 458 ἐστιν
3330 403 3499 476 ἀγρὸς
3514 404 3652 476 πλή-

373 497 544 562 ﬁcies,
577 506 639 551 ut
662 497 735 551 ita
766 497 1013 559 dixerim,
1037 493 1356 563 Scripturae,
1388 495 1440 548 id
1471 502 1553 547 est
1582 497 1725 562 quod
1751 510 1948 550 secun-

377 590 503 643 dum
538 588 775 642 litteram
811 587 1028 655 legitur,
1060 599 1190 653 ager
1211 594 1290 640 est
1323 584 1602 654 repletus,
1649 595 1702 640 et
1748 585 1948 641 ﬂorens

376 678 618 735 omnium
651 695 904 751 generum
936 678 1242 748 plantariis;
1280 678 1368 732 ille
1391 692 1522 734 vero
1553 678 1717 733 altior
1747 688 1801 734 et
1826 694 1952 748 pro-

375 771 594 826 lundior
618 770 876 839 spiritalis
908 768 1242 834 intellectus,
1274 769 1376 838 ipsi
1409 777 1537 823 sunt
1570 771 1808 824 thesauri
1861 784 1950 823 sa-

375 864 592 932 pientiae
614 870 667 917 et
691 861 932 916 scientiae
954 861 1286 927 absconditi,
1311 877 1448 931 quos
1467 862 1703 933 Spiritus
1729 871 1953 915 sanctus

376 969 474 1022 per
516 954 709 1008 Isaiam
738 952 1007 1008 obscuros
1054 961 1109 1008 et
1155 953 1457 1008 invisibiles
1507 961 1565 1009 et
1608 954 1955 1007 absconditos

379 1046 663 1100 thesauros
698 1053 863 1099 vocat
895 1044 1049 1110 8M0;
1082 1043 1173 1113 qui
1210 1052 1269 1097 ut
1299 1044 1531 1099 inveniri
1563 1044 1799 1113 possint,
1859 1044 1953 1098 Dei

377 1137 651 1205 adiutorio
680 1152 816 1206 opus
847 1146 952 1201 est,
1004 1136 1096 1206 qui
1144 1136 1290 1191 solus
1330 1145 1510 1206 potest
1559 1146 1749 1207 portas
1782 1150 1954 1192 aereas

379 1228 587 1294 quibus
606 1227 775 1283 clausi
810 1235 936 1281 sunt
965 1238 1019 1281 et
1047 1228 1353 1282 absconditi
1383 1227 1747 1297 confringere,
1789 1236 1842 1280 ct
1869 1242 1950 1283 se-

378 1332 471 1372 ras
499 1318 706 1372 ferreas
730 1325 1019 1385 vectesque
1057 1317 1448 1382 comminuere,
1479 1316 1676 1387 quibus
1704 1316 1957 1384 prohibe-

380 1420 471 1463 tur
502 1410 780 1478 ingressus
807 1409 1157 1477 perveniendi
1190 1409 1257 1463 ad
1288 1422 1351 1462 ea
1384 1409 1564 1462 omnia
1589 1423 1710 1477 quae
1741 1408 1793 1461 in
1845 1406 1955 1462 G13-

380 1501 495 1557 nesi
526 1502 592 1556 de
636 1501 865 1555 diversis
895 1500 1198 1554 animarum
1248 1500 1540 1570 generibus
1576 1498 1777 1568 scripta
1826 1509 1958 1552 sunt

381 1602 438 1646 et
490 1592 729 1655 obtecta,
775 1600 829 1645 et
867 1592 932 1645 de
957 1591 1044 1646 his
1072 1592 1369 1648 seminibus
1398 1607 1462 1646 ac
1510 1591 1953 1661 generationibus

384 1700 504 1751 quae
558 1684 643 1739 vel
698 1684 764 1738 ad
811 1683 1275 1754 propinquitatem
1334 1685 1606 1754 pertinent
1647 1685 1812 1739 Israel
1872 1684 1953 1740 vel

388 1777 548 1847 187
577 1792 697 1846 qua:
740 1777 806 1831 ab
828 1776 945 1845 ejus
982 1778 1237 1847 progenie
1278 1776 1489 1848 longius
1531 1786 1891 1848 segregantur
1935 1792 1949 1829 :

385 1870 481 1924 sed
503 1878 557 1923 et
578 1883 697 1937 quae
721 1870 791 1923 sit
814 1867 902 1921 illa
930 1869 1210 1923 descensio
1229 1869 1281 1923 in
1301 1869 1589 1940 Egyptum
1621 1871 1954 1940 septuaginta

388 1962 716 2026 animarum,
749 1976 871 2029 qua:
894 1962 1232 2031 septuaginta
1272 1963 1467 2016 animae
1488 1964 1622 2016 liant
1644 1968 1693 2016 in
1724 1961 1958 2034 έΕεςγριο

2057 519 2156 572 ρης
2177 498 2529 553 παντοδαπῶν
2556 498 2839 569 τυγχάνων
2857 496 3056 566 φυτῶν·
3083 496 3150 549 τά
3167 496 3225 549 δὲ
3243 494 3646 564 ἐναποκείμενα

2050 593 2147 646 καὶ
2167 592 2229 644 οὐ
2253 592 2417 645 πᾶσιν
2437 590 2710 662 ὁρώμενα,
2732 589 2846 644 ἀλλ’
2867 587 3223 660 ὡσπερεὶύπὺ
3245 586 3314 639 τὰ
3336 586 3649 655 βλεπόμενα

2056 681 2199 751 φυτὰ
2221 682 2707 752 κατορωρυγμένα,
2730 682 2777 734 οἱ
2800 680 3061 751 θησαυροὶ
3082 678 3181 748 τῆς
3199 677 3399 747 ,σοφίας
3432 675 3528 729 καὶ
3550 675 3648 743 τῆς

2056 771 2310 841 γνώσεως
2356 766 2694 843 ἀπόκρυφον
2742 770 2834 835 οὓς
2878 788 3027 833 τινας
3060 769 3121 823 τὸ
3155 768 3381 838 Πνεῦμα
3431 766 3522 819 διά
3555 764 3646 818 τοῦ

2069 862 2289 916 Ἡσαΐου
2341 865 2649 926 σκοτεινοὺς
2701 863 2794 916 καὶ
2842 861 3103 933 ἀοράτους
3152 859 3249 913 καὶ
3291 857 3646 928 ἀποκρύφους

2060 953 2238 1005 καλεῖ·
2274 952 2408 1005 Θεοῦ
2440 943 2531 1006 τοῧ
2569 952 2729 1023 μόνου
2757 952 3050 1022 δυναμένου
3071 950 3168 1013 τὰς
3185 948 3532 1020 κρυπτούσας
3549 946 3646 999 αῠ-
3714 1024 3721 1028 δ

2062 1043 2191 1106 τοὺς
2247 1043 2415 1106 πύλας
2460 1044 2665 1113 χαλκᾶς
2707 1042 3030 1114 συντρῖψαι,
3075 1041 3171 1095 καὶ
3215 1041 3342 1103 τοὺς
3392 1037 3644 1109 σιδηροῦς

2057 1135 2438 1205 ἐπικειμένους
2469 1135 2697 1206 μοχλοὺς
2724 1137 2841 1196 ταῖς
2868 1132 3062 1204 θύραις
3100 1129 3410 1193 συνθλάσαι,
3455 1128 3520 1180 ἵν’
3555 1127 3642 1179 εὑ-

2059 1227 2186 1297 ρεθῇ
2217 1227 2395 1281 πάντα
2424 1226 2490 1299 τᾲ
2513 1230 2571 1279 ὲν
2595 1229 2659 1297 τῇ
2683 1226 2893 1294 γενέσει
2924 1221 3181 1296 περὶτῶν
3213 1221 3484 1293 διαφόρων
3514 1218 3645 1290 άλητ

2063 1317 2227 1373 θινῶν
2253 1318 2432 1388 ψυχῆς
2477 1317 2650 1386 γενῶν
2683 1316 2773 1370 καὶ
2805 1315 2967 1369 οἷονεῖ⁵
2993 1312 3321 1385 σπερμάτων
3355 1304 3521 1380 ἐγγύς
3544 1327 3644 1362 που

2061 1409 2152 1463 τοῦ
2194 1410 2410 1480 Ἰσραὴλ
2444 1409 2476 1480 ἢ
2513 1408 2700 1479 πόρρω
2738 1405 3131 1476 τυγχανόντων·
3175 1404 3267 1458 καὶ
3308 1404 3340 1473 ἠ
3380 1403 3438 1465 ἐς
3483 1402 3647 1469 Αἴγυ-

2062 1518 2193 1552 πτον
2220 1499 2443 1563 κάθοδος
2470 1498 2578 1553 τῶν
2610 1497 2978 1568 ἐϐδομήκοντα
3000 1495 3208 1567 ψυχῶν,
3232 1496 3379 1558 ὅπως
3407 1497 3524 1547 ἐκεῖ
3554 1493 3644 1562 γέ-

2062 1606 2259 1643 νωνται
2281 1590 2413 1642 ὡσεὶ
2438 1588 2505 1642 τά
2527 1589 2702 1659 ἄστρα
2730 1586 2821 1640 τοῦ
2861 1586 3090 1658 οὐρανοῦ
3123 1586 3199 1657 τῷ
3246 1584 3457 1656 πλήθει.
3506 1582 3645 1636 Ἀλλ’

2063 1681 2183 1734 ἐπεὶ
2206 1681 2265 1733 οὐ
2301 1680 2497 1742 πάντες
2530 1680 2577 1731 οἱ
2605 1677 2664 1742 ἐξ
2688 1677 2868 1731 αὐτῶν
2910 1678 3024 1747 φῶς
3051 1680 3156 1731 εἰσι
3185 1677 3277 1729 τοῦ
3309 1673 3645 1746 κόσμου,‹οὗ

2058 1770 2169 1846 γάρ
2196 1774 2394 1833 πάντες
2416 1770 2464 1821 οἱ
2493 1768 2551 1834 ἐξ
2593 1768 2808 1844 Ἰσραὴλ
2839 1760 2984 1821 οὗτοι
3040 1766 3557 1838 Ἰσραὴλμγῶοπαι
3584 1766 3649 1817 ὲκ

2058 1860 2167 1913 τῶν
2196 1857 2564 1929 ἐϐδομήκοντα
2597 1857 2691 1910 καὶ
2735 1856 2866 1909 ὡσεὶ
2906 1858 3086 1928 ἄμμος
3119 1858 3152 1928 ἡ
3187 1868 3337 1928 παρα
3368 1856 3427 1908 τὸ
3473 1854 3646 1924 xeno;

2061 1951 2159 2021 τῆς
2187 1948 2460 2017 θαλάσσης
2493 1949 2526 2017 ἡ
2553 1947 2941 2019 ἀναρίθμητος.

386 2055 527 2109 sicut
558 2053 740 2109 sidera
761 2052 886 2109 eceli
920 2052 973 2107 in
1004 2053 1368 2108 multitudine.
1397 2053 1501 2108 Sed
1532 2056 1659 2124 quia
1687 2071 1790 2109 non
1825 2073 2015 2114 omnes
2046 2060 2140 2129 qni
2184 2073 2250 2113 ex
2286 2058 2416 2128 ipsis
2441 2067 2623 2123 erant,
2659 2058 2838 2111 lumen
2868 2066 2996 2113 sunt
3020 2056 3176 2125 hujus
3204 2058 3388 2111 mundi
3422 2075 3436 2111 :
3476 2077 3493 2108 ι
3531 2058 3644 2110 Non

384 2144 529 2198 enim
557 2158 746 2199 omnes
773 2144 865 2212 qui
897 2159 963 2198 ex
995 2141 1178 2208 Israel,
1215 2147 1266 2199 hi
1297 2143 1557 2201 Israelita:
1589 2158 1715 2200 sunt
1752 2149 1824 2212 “;

380 2251 507 2305 qua:
541 2245 623 2290 est
654 2236 719 2290 ad
743 2250 893 2289 oram
929 2236 1095 2290 maris
1121 2237 1537 2292 innumerabilis
1570 2237 1709 2308 (28).

1812 2168 1826 2216 ;
1866 2169 1883 2201 ι
1919 2166 1981 2205 ex
2013 2152 2147 2220 ipSIs
2180 2153 2523 2221 septuaginta
2556 2150 2841 2205 animabus
2873 2152 3009 2204 liunt
3038 2149 3200 2219 aliqui
3235 2161 3289 2203 et
3312 2149 3450 2204 sicut
3479 2165 3643 2203 arena

454 2328 545 2382 24.
592 2327 724 2394 Quae
753 2327 1040 2383 descensio
1086 2340 1398 2386 sanctorum
1446 2341 1662 2401 patrum
1697 2333 1751 2387 in
1789 2332 1963 2403 Egy-
1998 2342 2040 2397 Β
2084 2332 2517 2388 institutionibus
2548 2334 2601 2389 in
2634 2340 2776 2388 terra
2801 2340 2991 2387 sancta
3016 2330 3309 2386 vivendum
3339 2331 3428 2384 sit.
3465 2330 3646 2385 Sedet

383 2426 559 2489 ptum,
589 2419 643 2473 in
667 2419 812 2474 hunc
838 2423 1100 2474 mundum
1134 2421 1309 2476 videri
1340 2423 1545 2490 poterit
1576 2424 1644 2479 ad
1682 2423 1948 2479 illumina-

385 2510 591 2565 tionem
639 2520 963 2566 czeterorum
1016 2521 1178 2581 atque
1230 2514 1452 2568 humani
1506 2517 1726 2584 generis
1752 2515 1958 2571 instru-

389 2602 631 2659 ctionem
677 2617 706 2657 a
755 2604 1096 2672 providentia
1146 2604 1242 2661 Dei
1291 2619 1414 2661 esse
1442 2620 1744 2672 concessa,
1775 2618 1835 2662 ut
1863 2622 1962 2678 per

388 2706 485 2749 eos
536 2700 750 2748 caetera:
795 2693 992 2749 anima:
1063 2693 1382 2750 illuminatte
1427 2696 1770 2767 iuvarentur.
1826 2697 1963 2767 Ipsis

372 2781 535 2835 enim
582 2783 776 2851 primis
825 2796 1087 2839 concessa
1132 2792 1262 2839 sunt
1293 2785 1509 2855 eloquia
1543 2786 1676 2851 Dei,
1705 2787 1961 2857 quoniam

373 2870 566 2925 solum
604 2870 751 2926 istud
794 2881 878 2926 est
905 2887 1077 2940 genus
1112 2874 1256 2943 quod
1300 2874 1486 2930 videre
1510 2876 1714 2931 dicitur
1750 2877 1962 2942 Deum;

391 2959 501 3015 hoc
529 2960 672 3016 enim
724 2961 938 3016 Israelis
963 2976 1161 3019 nomen
1210 2964 1480 3036 signilicat
1522 2967 1964 3036 interpretatum.

391 3051 516 3110 Jam
544 3067 675 3108 vero
710 3068 1051 3125 consequens
1100 3066 1185 3112 est
1217 3066 1276 3111 ut
1313 3059 1612 3113 secundum
1650 3059 1766 3113 haec
1795 3059 1967 3128 aptari

395 3146 597 3201 debeat
647 3155 700 3201 et
750 3145 1103 3215 interpretari
1167 3147 1301 3203 illud
1351 3149 1497 3218 quod
1563 3148 1750 3205 decem
1796 3148 1969 3223 plagis

398 3234 668 3305 Egyptus
713 3236 1038 3291 verberatur
1095 3246 1158 3292 ut
1216 3237 1310 3293 Dei
1374 3238 1631 3309 pepulum
1688 3241 1972 3308 permittat

397 3325 574 3388 exire,
603 3323 688 3378 vel
721 3338 786 3378 ea
817 3338 939 3392 quae
965 3324 1018 3378 in
1053 3326 1267 3382 deserto
1289 3341 1410 3383 cum
1456 3327 1655 3397 popqu
1683 3336 1970 3398 geruntur,

398 3415 486 3469 vel
513 3414 657 3484 quod
689 3428 756 3470 ex
798 3414 1087 3473 collatione
1129 3419 1309 3475 omnis
1353 3420 1536 3490 populi
1566 3420 1972 3477 tabernaculum

400 3506 772 3574 construitur,
807 3508 892 3563 vel
942 3509 1322 3568 indumentum
1359 3513 1700 3569 sacerdotale
1731 3516 1978 3571 contexi-

399 3613 527 3670 tur,
560 3605 650 3685 vel
694 3603 942 3661 de'vasis
983 3602 1272 3658 ministerii
1318 3617 1652 3674 quaecunque
1690 3604 1967 3667 dicuntur,

401 3691 530 3759 quia
556 3704 705 3757 vere,
755 3691 901 3748 sicut
950 3690 1214 3759 scriptum
1267 3699 1390 3755 est,
1420 3691 1669 3745 umbram
1695 3692 1748 3746 in
1779 3706 1840 3746 se
1868 3692 1981 3748 for-

401 3795 660 3850 mamque
688 3782 991 3838 caelestium
1014 3783 1319 3839 continent.
1346 3782 1633 3837 Manifeste
1660 3783 1803 3837 enim
1837 3783 1980 3837 Pau-

402 3872 490 3927 lus
521 3872 598 3926 ait
624 3873 692 3927 de
721 3872 860 3939 illis,
894 3873 1022 3942 quia
1069 3893 1088 3926 ‹
1124 3874 1330 3929 umbra!
1358 3882 1414 3929 et
1442 3874 1744 3943 exemplari
1785 3876 1975 3929 deser-

406 3964 565 4018 viunt
588 3962 894 4019 ctelestium
921 3963 989 4021 “.
1029 3982 1048 4016 ι
1081 3965 1138 4019 In
1172 3966 1275 4020 hac
1299 3966 1488 4020 eadem
1538 3965 1654 4033 lege
1694 3966 1858 4020 etiam
1893 3966 1977 4020 ni-

2061 2424 2514 2480 comminaliones
2542 2424 2731 2494 positae
2758 2435 2884 2478 sunt
2918 2423 3003 2477 his
3031 2423 3123 2491 qui
3151 2422 3494 2492 praevaricati
3533 2422 3643 2477 fne-

2032 2506 2035 2507 ⁷
2062 2516 2173 2571 rint
2206 2517 2416 2586 legem,
2451 2528 2658 2571 necnon
2700 2524 2755 2570 et
2781 2514 2865 2569 his
2892 2513 2984 2582 qui
3020 2512 3401 2583 purificatione
3433 2514 3645 2583 indige-

2062 2608 2213 2672 bant,
2234 2600 2459 2663 "diversa
2492 2606 2939 2677 puriﬁcationum
2966 2619 3187 2676 genera,
3222 2604 3368 2660 velut
3396 2606 3487 2674 qui
3524 2604 3639 2659 fre-

2062 2699 2317 2766 quentius
2368 2705 2552 2753 essent
2577 2697 2879 2768 polluendi,
2925 2696 3250 2762 traduntur,
3302 2705 3363 2753 ut
3410 2711 3506 2765 per
3537 2697 3651 2750 haec

2069 2787 2282 2841 tandem
2320 2787 2388 2840 ad
2417 2786 2564 2841 illam
2591 2803 2754 2842 unam
2801 2785 3233 2856 puriﬁcationem
3261 2787 3502 2853 veniant,
3527 2796 3650 2855 post

2066 2892 2225 2947 quam
2284 2876 2447 2947 pollui
2488 2877 2631 2932 ultra
2665 2892 2768 2932 non
2812 2877 2960 2933 licet.
3001 2876 3107 2932 Sed
3161 2885 3214 2932 et
3242 2876 3306 2930 ad
3355 2892 3642 2931 numerum

2069 2970 2299 3039 populus
2328 2971 2443 3038 ipse
2475 2970 2760 3024 deducitur
2781 3010 2797 3036 ,
2842 2969 2970 3025 licet
2999 2983 3105 3023 non
3151 2983 3343 3024 omnes
3369 2987 3383 3035 ;
3412 2970 3651 3038 pueriles

2070 3075 2302 3128 namque
2346 3062 2542 3115 animae
2589 3061 2827 3115 nondum
2876 3071 3087 3129 tempus
3121 3059 3325 3114 habent
3357 3076 3425 3115 ex
3460 3061 3646 3115 divino

2070 3161 2341 3221 praecepto
2373 3153 2647 3206 numerari
2673 3170 2688 3219 ;
2722 3150 2817 3206 sed
2842 3166 2910 3205 ne
2933 3150 3035 3205 illae
3056 3150 3272 3219 quidem
3310 3152 3505 3205 animae
3528 3167 3648 3219 quae

2074 3258 2179 3298 non
2214 3254 2441 3312 possunt
2483 3244 2599 3298 ﬁeri
2634 3243 2860 3298 alterius
2895 3251 3095 3311 caput,
3127 3243 3220 3296 sed
3251 3243 3383 3309 ipsae
3415 3244 3650 3298 subdita:

2074 3340 2202 3388 sunt
2243 3332 2364 3387 aliis
2398 3332 2546 3387 velut
2590 3333 2750 3401 capiti
2794 3347 2810 3397 ;
2857 3346 2993 3401 quas
3027 3330 3283 3385 mulieres
3319 3332 3653 3398 nominavit,

2075 3439 2196 3495 qua:
2225 3426 2411 3494 utique
2444 3440 2549 3478 non
2579 3425 2924 3479 adducuntur
2952 3420 3063 3493 (29)
3094 3422 3149 3476 in
3168 3426 3464 3476 ‘numerum
3487 3424 3650 3503 illum

2076 3515 2169 3584 qui
2198 3530 2228 3569 a
2261 3514 2373 3569 Deo
2398 3514 2714 3584 praecipitur
2755 3532 2768 3567 :
2808 3513 2901 3569 sed
2933 3512 3010 3566 illi
3040 3512 3139 3567 soli
3169 3500 3653 3581 numera’ntu‘rzqui

2077 3605 2178 3659 vlri
2208 3605 2552 3675 appellantur
2573 3647 2587 3671 ,
2619 3620 2725 3673 quo
2751 3606 2961 3661 scilicet
3005 3607 3387 3661 ostenderetur
3415 3619 3520 3656 non
3558 3619 3657 3660 eas

2082 3708 2245 3766 posse
2276 3696 2618 3750 extrinsecus
2651 3697 2948 3760 numerari,
2982 3698 3075 3751 scd
3103 3699 3154 3750 in
3184 3698 3269 3749 his
3299 3697 3388 3764 qui
3428 3696 3530 3748 viri
3562 3712 3658 3763 ap-

2082 3785 2376 3854 pellantur,
2410 3786 2574 3840 ctiam
2605 3801 2700 3840 eas
2729 3788 3138 3853 camprehendi.
3169 3786 3445 3855 Przccipue
3475 3795 3653 3838 tamen

2081 3878 2149 3932 ad
2191 3885 2440 3932 sanctum
2488 3891 2772 3931 numerum
2819 3876 2930 3948 ('50)
2975 3878 3203 3931 veniunt
3251 3876 3303 3930 hi
3353 3875 3445 3945 qui
3478 3876 3657 3944 parati

2080 3978 2210 4025 sunt
2240 3969 2305 4023 ad
2337 3967 2635 4022 Israelitica
2668 3967 2807 4022 bella
2840 3969 3157 4037 procedere,
3182 3967 3273 4035 qui
3312 3976 3536 4035 possunt
3560 3967 3661 4020 ad-

408 4056 705 4136 bilominus
750 4058 1103 4125 continetur,
1151 4058 1351 4128 quibus
1394 4058 1628 4128 glegibus
1673 4059 1978 4126 quibusque
2006 4050 2050 4109 C
2084 4073 2273 4113 versus
2299 4058 2422 4137 iIlos
2438 4058 2622 4113 hostes
2652 4058 3019 4127 inimicosque
3053 4057 3256 4113 bellare
3287 4072 3422 4126 quos
3447 4056 3659 4112 sedenti

1669 4151 2222 4208 lNTERPRE'I‘ATlO
2254 4152 2461 4208 NOVA.

409 4266 562 4319 agro,
594 4264 754 4320 quem
777 4247 870 4318 qui
904 4247 1110 4320 invenit
1134 4248 1310 4320 homo
1330 4248 1633 4313 abscondit,
1662 4256 1717 4303 et
1742 4249 2067 4320 praegaudio
2096 4250 2239 4305 illius
2270 4252 2448 4313 vadit.
2486 4260 2540 4304 et
2574 4248 2761 4305 vendit
2789 4252 3040 4304 universa
3069 4264 3192 4320 quae
3221 4249 3393 4303 habet
3434 4257 3490 4302 et
3525 4249 3662 4320 emit

410 4318 459 4375 ei
483 4318 808 4374 rum'illum.
849 4337 869 4370 ι
905 4319 1263 4373 Attendamus
1300 4319 1466 4386 igitur
1493 4334 1560 4371 an
1598 4333 1702 4371 non
1732 4318 1874 4388 quod
1902 4320 2121 4375 obvium
2163 4330 2264 4382 est,
2299 4321 2442 4389 quod
2475 4320 2647 4374 oculis
2701 4322 2946 4373 cernitur
2972 4320 3026 4373 in
3060 4319 3364 4388 Scriptura,
3406 4319 3661 4387 quodque

411 4335 560 4443 illius
590 4389 757 4443 veluti
794 4388 1114 4443 superﬁcies
1145 4397 1247 4443 est.
1281 4389 1353 4443 sit
1376 4389 1554 4442 omnis
1584 4402 1712 4443 aster
1737 4386 1927 4443 plenus
1958 4389 2159 4443 plantis
2183 4390 2472 4443 cuiuslibet
2505 4390 2720 4443 ueneris
2743 4406 2758 4443 :
2783 4403 2924 4443 ’ouae
2960 4398 3140 4443 autem
3191 4390 3468 4443 recondita
3508 4397 3656 4443 sunt.

411 4386 560 4445 illius
590 4389 757 4460 veluti
794 4388 1114 4460 superﬁcies
1144 4397 1247 4460 est,
1281 4389 1712 4460 sitomnisager
1737 4386 1927 4460 plenus
1958 4389 2159 4457 plantis
2183 4386 2472 4460 cujuslibet
2505 4390 2758 4460 generis;
2783 4403 2924 4460 ’qute
2960 4398 3140 4443 autem
3168 4386 3468 4460 recondita
3499 4397 3656 4460 sunt,

411 4473 520 4515 nec
555 4459 810 4513 omnibus
844 4456 1256 4526 conspicabilia.
1288 4459 1381 4511 sed
1412 4457 1577 4511 veluti
1616 4456 1717 4512 sub
1738 4456 1855 4512 illis
1882 4456 2002 4527 quae
2040 4456 2335 4512 cernuntur
2358 4456 2559 4527 plantis
2589 4456 2831 4521 defossa,
2865 4459 3106 4512 thesauri
3137 4458 3246 4512 sint
3281 4457 3661 4527 sapientiatret

422 4529 671 4581 scientiae
701 4527 1025 4595 absconditi,
1066 4541 1199 4594 quos
1234 4527 1470 4595 Spiritus
1521 4541 1616 4594 per
1646 4527 1838 4581 Isaiam
1871 4528 2188 4582 Ienebrosos
2212 4566 2226 4590 ,
2271 4526 2574 4582 invisibiles
2619 4538 2673 4580 et
2707 4529 3053 4582 absconditos
3091 4540 3288 4589 vocat,
3340 4526 3460 4581 cum
3512 4526 3660 4581 solus

413 4596 561 4666 Deus
587 4597 778 4663 possit,
809 4609 930 4662 quae
959 4594 1106 4663 ipsos
1132 4594 1480 4666 concludunt,
1512 4605 1695 4664 portas
1721 4612 1890 4650 aereas
1919 4596 2289 4664 confringere,
2322 4608 2376 4652 et
2407 4598 2615 4651 ferreos
2642 4606 2823 4651 vectes
2846 4599 3016 4666 portis
3042 4598 3319 4664 appositos
3344 4605 3660 4659 conterere,

415 4672 475 4716 ut
504 4664 860 4718 inveniantur
894 4678 1229 4732 quaecunque
1266 4665 1318 4717 in
1347 4664 1542 4720 Genesi
1572 4668 1637 4719 de
1678 4666 1906 4719 diversis
1951 4676 2005 4721 et
2041 4668 2184 4719 veris
2233 4667 2540 4719 animarum
2589 4664 2879 4733 generibus
2908 4677 2960 4719 ct
3008 4667 3170 4719 veluti
3208 4667 3505 4719 seminibus
3541 4680 3661 4732 (λικε

417 4746 588 4807 prope
612 4733 787 4807 _ls_rae_l_
817 4732 900 4785 vel
927 4733 1117 4807 procul
1150 4740 1297 4797 sunt,
1336 4735 1705 4807 continentur;
1735 4734 1854 4807 sed“
1869 4743 1925 4788 et
1950 4737 2244 4807 descensus
2278 4737 2329 4788 in
2367 4732 2663 4807 [Egyptum
2713 4736 3054 4807 septuaginta
3094 4736 3399 4807 animarum
3430 4775 3445 4797 ,
3497 4744 3555 4786 ut
3586 4733 3660 4786 ibi

417 4802 487 4853 ad
519 4801 933 4872 Iitnltitudinemi
951 4801 1228 4856 stellarum
1281 4804 1404 4856 caeli
1455 4812 1778 4872 augeantur.
1814 4804 2013 4857 Verum
2045 4805 2305 4872 quoniam
2341 4801 2665 4858 non'oinnes
2703 4801 2791 4870 qui
2825 4820 2888 4857 ex
2913 4801 3045 4857 'illis
3091 4815 3215 4858 sunt
3243 4845 3255 4865 ,
3302 4804 3480 4856 lumen
3533 4812 3664 4856 sunt

420 4871 632 4934 mundi,
661 4888 680 4922 ι
715 4885 820 4943 non
850 4871 993 4923 enim
1025 4884 1211 4943 omnes
1241 4874 1331 4939 qui
1360 4885 1428 4925 ex
1452 4870 1630 4943 lsr‘ael
1658 4879 1802 4935 sunt,
1835 4874 1870 4943 ii
1901 4883 2028 4927 sunt
2054 4870 2335 4938 Israelitee,
2366 4892 2385 4925 ι
2421 4889 2489 4927 cx
2514 4874 2849 4942 septuaginta
2880 4876 3095 4943 quidam
3121 4876 3283 4928 etiam
3317 4873 3458 4927 sicut
3482 4888 3646 4926 arena

419 4956 539 5003 quae
571 4948 654 4993 est
680 4940 747 4992 ad
777 4939 932 4992 littus
959 4940 1129 4993 maris
1164 4941 1602 5005 innumerabilis,
1639 4942 2095 5011 multiplicantur.

489 5031 613 5063 ’θοδο
648 5029 751 5086 Isa.
788 5047 910 5087 XLV.
987 5035 1031 5065 “
1055 5033 1214 5089 Rotn.
1243 5050 1320 5098 ix,
1353 5034 1406 5088 6.
1481 5035 1528 5066 δ’
1549 5034 1716 5091 Hebr.
1754 5051 1875 5100 vm,
1905 5036 1961 5091 5.

495 5125 608 5197 (28)
639 5128 731 5182 Sic
764 5144 893 5185 mss.
927 5130 1062 5184 Editi
1090 5171 1106 5197 ,
1148 5149 1166 5181 ι
1210 5131 1647 5186 innumerabiles.
1684 5150 1703 5182 ι

496 5196 609 5265 (29)
643 5198 734 5252 Sic
767 5214 898 5253 mss.
941 5200 1101 5265 Editi,
1137 5219 1156 5252 ι
1195 5201 1482 5256 adduntur.
1522 5219 1541 5251 ι

496 5263 609 5336 (50)
640 5265 911 5337 Prwcipue
953 5263 1126 5323 tamen
1168 5270 1234 5322 ad
1265 5281 1503 5323 sanctum
1540 5286 1844 5334 numerum,
1875 5279 1985 5327 etc.

427 5333 661 5409 Sanctus
708 5333 1069 5409 Hieronymus
1119 5339 1276 5408 epist.
1322 5339 1391 5394 94
1453 5341 1518 5393 ad
1578 5341 1794 5394 Avitum
1834 5333 1990 5396 hunc

428 5405 604 5486 locum
631 5422 855 5486 carpere
881 5405 1090 5464 videtur
1112 5405 1197 5463 his
1217 5409 1398 5486 verbis
1425 5427 1438 5462 :
1466 5428 1484 5486 ς
1513 5410 1656 5486 Dicit
1685 5410 1989 5486 (Origenes)

429 5473 624 5549 inﬁde
650 5473 889 5533 orn-nium
926 5494 1129 5545 rerum,
1167 5480 1385 5549 quando
1419 5480 1486 5533 ad
1513 5473 1990 5535 cmlest'em'Jerul

432 5543 597 5599 salem
634 5550 907 5603 reversuri
926 5543 1134 5615 sumus,
1153 5543 1586 5603 adversariarum
1615 5549 1986 5605 fortitudinum

435 5623 626 5669 contra
671 5619 923 5686 populum
969 5619 1063 5674 Dei
1116 5619 1258 5675 bella
1293 5634 1641 5692 consurgere,
1695 5630 1751 5675 ut
1784 5636 1886 5675 non
1917 5623 1990 5675 sit

2022 5145 2068 5199 ι)
2099 5149 2284 5189 eorum
2315 5132 2491 5189 otiosa
2522 5133 2712 5195 virtus,
2745 5132 2838 5187 sed
2869 5140 3231 5186 exerceantur
3273 5130 3341 5185 ad
3375 5128 3578 5198 praelia,
3618 5139 3672 5181 et

2100 5206 2337 5259 habeant
2386 5204 2663 5256 materiam
2717 5204 2948 5269 roboris,
2979 5216 3141 5270 quam
3193 5201 3378 5269 utique
3402 5200 3670 5270 consequi

2100 5290 2204 5326 non
2235 5273 2468 5341 possint,
2496 5273 2598 5326 nisi
2630 5271 2796 5326 fortes
2828 5269 3423 5341 primumedversariis
3450 5269 3670 5341 instite-

2096 5338 2397 5410 riut,’quos
2431 5342 2640 5395 ratione
2670 5352 2723 5395 et
2749 5338 2947 5395 ordine
2969 5351 3024 5394 et
3051 5339 3267 5394 solertia
3305 5338 3668 5407 repugnandi.

2097 5413 2151 5465 in
2203 5413 2342 5466 libro
2399 5411 2751 5465 Numerorum
2821 5410 3046 5480 legimus
3107 5423 3228 5480 esse
3281 5417 3584 5480 superatos.
3647 5424 3666 5456 ι

2097 5479 2294 5535 Verum
2330 5482 2445 5535 haec
2474 5481 2651 5534 omnia
2685 5496 2803 5550 qua!
2841 5476 3041 5550 legerat
3083 5480 3138 5533 in
3172 5476 3371 5550 Graeco
3402 5477 3669 5543 Hierony-

2100 5566 2243 5620 mus,
2269 5562 2362 5624 ant
2387 5548 2743 5608 dissitttulavit
2780 5548 3027 5619 Rulinus,
3054 5548 3226 5606 autin
3249 5548 3412 5602 alium
3443 5558 3666 5624 sensum

2102 5622 2351 5677 detorsit.
2864 5630 2869 5633 ‘
