3974 6160
342 299 441 357 59⁷

1672 305 1872 359 LIBER
1906 303 2253 372 QUARTUS.

3471 310 3572 366 598

345 406 376 445 a
408 388 611 445 dextris
637 388 750 444 suis
783 388 920 445 Filio
950 388 1165 458 subiicit
1196 390 1390 458 Pater,
1438 401 1496 448 ut
1527 394 1771 450 destruat
1797 413 1907 450 om-
1934 403 1979 456 Α
2077 395 2169 452 25.
2201 395 2306 450 Sed
2338 393 2618 449 videndum
2664 401 2744 447 est
2780 407 2845 447 ne
2890 392 3026 449 forte
3065 393 3238 460 magis
3268 395 3398 450 illud
3432 399 3574 452 iudi-

342 495 460 536 netn
490 480 848 548 principatum
877 497 939 534 ac
966 492 1321 550 potestatem;
1354 493 1412 537 ut
1442 501 1537 554 per
1555 487 1651 540 hos
1677 488 1902 541 tnilittnn

343 587 560 627 suorum
593 587 847 628 numeros
875 575 964 642 qui
1014 575 1124 628 Deo
1157 575 1455 632 militantes
1493 590 1599 630 non
1634 593 1691 631 se
1725 579 1901 646 impli-

338 675 460 721 cant
496 663 731 733 negotiis
761 666 1132 733 smcularitus,
1165 669 1460 722 adversarii
1483 684 1644 739 regna
1679 672 1903 725 subver-

342 768 448 824 tat;
485 774 514 812 a
546 758 742 822 quibus
771 767 918 812 scuta
955 758 1078 811 fidei
1111 760 1580 824 eircumferantur,
1609 770 1663 814 et
1686 764 1902 830 sapien-

339 851 423 902 tim
448 849 552 902 tela
575 849 882 912 vibrentur,
903 851 1068 902 etiam
1091 851 1141 903 in
1163 853 1356 920 quibus
1377 851 1488 919 spei
1510 849 1618 922 (5t)
1637 864 1688 904 et
1705 852 1899 907 salutis

331 942 482 1011 galea
512 950 780 1004 coruscet,
805 956 865 994 ac
889 940 1056 995 lorica
1084 943 1349 996 claritatis
1382 941 1512 1014 (5l‘)
1547 942 1660 996 Deo
1685 943 1897 1013 plenum

332 1033 539 1085 muniat
569 1042 778 1100 peetus.
806 1032 965 1087 Tales
999 1036 1214 1102 quidem
1249 1035 1384 1088 mihi
1417 1035 1666 1088 videntur
1699 1035 1898 1088 milites

329 1122 585 1186 indicari,
618 1132 672 1176 et
701 1126 764 1177 ad
803 1124 1172 1191 hujuscemodi
1199 1126 1336 1179 bella
1367 1127 1685 1195 praeparari,
1719 1127 1772 1180 hi
1805 1126 1892 1194 qui

328 1213 379 1265 iu
419 1215 618 1267 divinis
668 1215 818 1268 libris
861 1230 961 1283 per
990 1214 1084 1270 Dei
1126 1228 1450 1285 praeceptum
1500 1219 1772 1272 numerari
1810 1219 1910 1288 ju-,

326 1306 540 1360 bentur.
575 1307 775 1360 Horum
803 1323 930 1364 vero
955 1311 1125 1363 multo
1157 1309 1415 1364 clariores
1439 1309 1898 1378 perfectioresque

327 1398 676 1468 designantur
708 1400 778 1452 illi
811 1416 1042 1470 quorum
1075 1403 1239 1456 etiam
1270 1401 1455 1470 capilli
1485 1401 1676 1468 capitis
1708 1417 1898 1456 nume-

325 1488 427 1540 rati
481 1505 602 1543 esse
647 1490 918 1543 dicuntur.
955 1489 1031 1543 Illi
1079 1505 1212 1544 sane
1262 1490 1354 1557 qui
1405 1491 1575 1558 puniti
1626 1499 1750 1544 sunt
1798 1506 1895 1559 pro

323 1582 594 1647 peccatis,
639 1596 867 1650 quorum
911 1596 1142 1651 corpora
1183 1583 1502 1637 ceciderunt
1550 1583 1603 1635 in
1655 1584 1892 1647 deserto,

320 1672 736 1726 similitudinem
767 1673 1020 1727 videntur
1053 1673 1256 1728 habere
1285 1689 1470 1728 eorum
1515 1675 1606 1743 qui
1646 1676 1890 1741 profece-

320 1775 444 1820 rant
473 1766 689 1834 quidem
723 1781 826 1820 non
859 1781 1080 1836 parum,
1113 1770 1206 1823 sed
1248 1769 1314 1820 ad
1345 1768 1504 1821 tinem
1538 1767 1892 1836 perfectionis

317 1859 607 1927 pervenire
667 1859 890 1913 minime
949 1869 1241 1928 potuerunt
1299 1862 1528 1916 diversis
1575 1876 1640 1914 ex
1686 1861 1885 1923 causis,

318 1952 462 2018 quod
497 1950 577 2003 vel
603 1966 990 2016 murmurasse,
1022 1953 1102 2006 vel
1137 1953 1276 2006 idola
1305 1953 1572 2019 coluisse,
1609 1953 1690 2006 vel
1723 1953 1893 2006 forni-

318 2041 422 2094 cati
458 2056 579 2096 esse
609 2042 879 2105 dicuntur,
899 2043 982 2096 vel
1020 2043 1125 2097 tale
1153 2043 1353 2113 aliquid
1380 2044 1545 2113 quale
1574 2044 1756 2111 utique
1781 2059 1887 2097 non

317 2131 507 2186 liceret
538 2141 716 2185 mente
747 2134 1052 2202 concipere.
1094 2134 1198 2188 Sed
1237 2149 1303 2189 ne
1357 2135 1485 2189 illud
1535 2136 1750 2204 quidem
1793 2151 1888 2189 sa-

315 2232 595 2279 cramento
625 2225 805 2293 aliqtto
846 2240 1072 2278 vacuum
1106 2235 1258 2292 puto,
1290 2229 1431 2294 quod
1465 2228 1682 2297 quidam
1717 2227 1885 2280 multa

315 2331 508 2385 pecora
536 2325 590 2370 et
628 2314 792 2369 multa
846 2316 1100 2370 animalia
1149 2318 1410 2372 habentes
1462 2318 1800 2385 praeveniunt
1834 2328 1889 2371 et

316 2409 634 2476 praeripiuut
651 2407 828 2461 locum
852 2416 1036 2476 aptum
1061 2409 1304 2476 pastibus
1331 2408 1442 2479 (52)
1461 2417 1513 2462 et
1537 2409 1889 2463 nutrimentis

310 2512 616 2565 pecorum,
645 2513 806 2566 quem
855 2497 1089 2563 primum
1139 2499 1378 2551 omnium
1428 2499 1711 2552 lsraelitici
1763 2498 1886 2552 belli

308 2590 505 2642 dextra
531 2587 864 2642 defenderat.
901 2587 1074 2652 Quem
1103 2587 1276 2639 locum
1309 2589 1470 2658 188
1505 2604 1534 2640 a
1575 2589 1757 2658 Moyse
1791 2591 1886 2642 (ιε.

310 2688 622 2747 poscentes,
663 2679 802 2733 ultra
835 2678 1090 2734 .lordanis
1122 2677 1318 2732 ﬂuenta
1344 2689 1689 2746 separantur,
1725 2687 1887 2746 atque

310 2785 344 2824 η
373 2778 537 2824 terrae
579 2780 778 2824 sanctae
810 2770 1149 2838 possessione
1196 2780 1574 2822 secernuntur.
1608 2769 1708 2834 Qui
1756 2769 1884 2823 Jor-

307 2861 470 2916 danis
518 2860 687 2915 videri
736 2869 912 2928 potest
955 2860 1248 2913 secundum
1301 2859 1604 2912 caelestium
1654 2860 1886 2912 formam

307 2953 491 3019 rigare
513 2957 566 3004 et
597 2950 859 3003 inundare
888 2951 1098 3004 animus
1123 2953 1396 3012 sitientes,
1424 2961 1478 3002 et
1507 2965 1700 3003 sensus
1732 2949 1882 3017 adja-

307 3051 496 3098 centes
528 3041 652 3095 sibi.
695 3039 794 3096 Ubi
845 3056 911 3094 ne
952 3041 1079 3094 illud
1124 3043 1341 3110 quidem
1373 3042 1607 3095 otiosum
1639 3043 1881 3100 videtur.
1912 3054 1953 3108 (ζ
1988 3096 1996 3108 ,

305 3131 454 3199 quod
486 3131 694 3201 Moyses
731 3131 944 3200 quidem
980 3131 1129 3184 aulit
1163 3148 1192 3184 a
1223 3132 1330 3186 Deo
1376 3148 1494 3201 quae
1545 3135 1596 3184 in
1644 3132 1873 3185 Levitiei
1905 3139 1910 3141 '

310 3222 426 3293 lege
455 3224 724 3293 descripta
757 3234 904 3286 sunt,
942 3225 1168 3293 populus
1200 3241 1330 3279 vero
1362 3227 1412 3276 in
1457 3225 1876 3277 Deuteronomio

305 3317 523 3370 auditor
566 3315 765 3386 Moysis
807 3315 1058 3377 ellicitur,
1105 3326 1160 3369 et
1197 3318 1263 3371 ab
1296 3317 1387 3369 illo
1428 3317 1583 3370 discit
1611 3332 1669 3369 ea
1695 3332 1814 3385 qua:
1853 3333 1882 3369 ει

307 3410 415 3463 Deo
446 3411 640 3462 audire
669 3424 777 3462 non
813 3409 986 3476 potuit
1013 3407 1146 3478 (55).
1195 3407 1489 3475 Proliterea
1539 3409 1683 3461 enim
1743 3407 1883 3461 velut

304 3501 548 3554 secunda
578 3499 661 3552 lex
691 3498 1165 3552 Deutet'onomium
1195 3498 1411 3562 dicitur,
1444 3497 1582 3566 quod
1608 3497 1879 3550 nonnullis

309 3590 624 3660 significare
653 3589 922 3643 videbitur
947 3589 1050 3644 hoc
1079 3588 1274 3655 ipsum,
1307 3588 1450 3655 quod
1481 3597 1730 3641 cessante
1759 3587 1877 3656 lege

307 3681 486 3748 prima
517 3695 636 3748 qua:
662 3695 756 3748 per
787 3678 1024 3747 Moysen]
1060 3677 1180 3733 data
1209 3686 1326 3740 est,
1361 3679 1612 3732 videatur
1639 3679 1876 3732 secunda

303 3769 574 3838 legislatio
621 3771 934 3834 deformari,
981 3787 1100 3840 qua:
1137 3769 1448 3847 specialiter
1491 3786 1519 3823 a
1557 3770 1737 3840 Moyse
1767 3779 1876 3823 tra-

305 3863 448 3916 ditur
479 3861 608 3917 Jesu
646 3863 952 3917 successori
981 3864 1130 3930 eius:
1163 3863 1258 3930 qui
1290 3862 1476 3931 utique
1509 3866 1736 3916 formam
1764 3866 1877 3916 scr-

303 3968 434 4008 vare
463 3955 708 4008 creditur
738 3955 1036 4008 Salvatoris
1062 3954 1253 4019 nostri,
1285 3952 1440 4023 cujus
1465 3953 1698 4007 secunda
1735 3954 1872 4024 lege,

305 4046 357 4098 id
401 4057 491 4100 est
529 4049 811 4117 praeceptis
852 4046 1179 4116 evangelicis
1225 4047 1296 4101 ad
1339 4046 1639 4116 perfectum
1687 4048 1873 4100 omnia

303 4137 702 4205 perducuntur.

2006 503 2129 542 care
2163 488 2424 549 videatur,
2445 487 2588 556 quod
2619 486 2757 540 sicut
2790 487 2840 538 in
2881 485 3307 539 Deuteronomio
3336 488 3570 541 eviden-

2004 565 2108 633 tior
2153 588 2208 633 et
2253 578 2597 632 mamfestinr
2627 576 2891 646 legislatio
2937 576 3270 642 declaratur,
3305 593 3470 644 quam
3518 579 3574 631 in

2003 673 2087 727 his
2121 686 2238 740 qua:
2274 671 2449 739 primo
2479 669 2589 737 (54)
2624 667 2825 736 scripta
2852 676 3021 731 sunt;
3055 667 3126 718 ita
3167 676 3220 720 ct
3268 667 3338 721 ab
3377 683 3442 721 eo
3480 669 3577 720 ad-

2004 772 2162 816 ventu
2188 761 2487 815 Salvatoris
2505 771 2666 826 quem
2698 758 2749 810 in
2783 756 3088 810 humilitate
3112 757 3424 824 complevit,
3452 773 3572 810 eum

2005 853 2229 907 formam
2258 853 2400 904 servi
2433 848 2674 916 suscepit
2693 887 2708 912 ,
2739 848 2940 901 clarior
2977 848 3066 902 ille
3092 857 3144 900 et
3172 848 3460 916 gloriosior
3488 864 3575 901 se-

2001 942 2208 997 cundus
2237 942 2290 995 in
2315 941 2485 1009 gloria
2519 939 2701 992 Patris
2753 936 2871 1004 ejus
2904 938 3175 992 indicetur
3208 939 3492 1001 adventus,
3521 946 3578 993 et

2001 1034 2053 1087 in
2094 1033 2188 1087 illo
2234 1032 2407 1085 forma
2452 1028 2860 1084 Deuteronomii
2909 1028 3282 1096 compleatur,
3325 1045 3448 1084 eum
3515 1032 3570 1082 in

2001 1140 2166 1195 regno
2189 1123 2450 1179 caelorum
2483 1120 2655 1175 sancti
2685 1131 2873 1172 omnes
2904 1119 3090 1172 aeterni
3122 1118 3264 1172 illius
3289 1121 3568 1190 Evangelii

2001 1215 2207 1286 legibus
2235 1211 2344 1284 (55)
2375 1211 2576 1273 vivent,
2620 1217 2672 1264 et
2720 1208 2862 1262 sicut
2891 1223 3033 1261 nunc
3082 1208 3376 1264 adveniens
3403 1210 3570 1281 legem

1999 1347 2225 1417 replevit
2269 1362 2388 1401 eam
2449 1360 2568 1412 quae
2627 1356 2746 1395 um-

1997 1439 2151 1492 bram
2226 1439 2389 1492 habet
2438 1438 2742 1491 futurorum

1996 1532 2303 1595 bonorum,
2372 1529 2445 1582 ita
2528 1519 2608 1582 et'
2648 1541 2745 1595 per

1997 1622 2142 1675 illum
2188 1621 2478 1690 gloriosum
2539 1618 2742 1672 adven-

1923 1731 1965 1784 Β
1998 1719 2107 1764 tttm
2153 1709 2265 1783 (56)
2315 1709 2625 1778 implebitur
2689 1717 2742 1763 et

1996 1804 2064 1858 ad
2101 1802 2400 1871 perfectum
2436 1801 2741 1856 adducetur

1996 1895 2152 1964 hujus
2200 1896 2462 1948 adventus
2525 1894 2739 1947 umbra.

1995 1985 2069 2039 Ita
2116 1987 2262 2040 enim
2293 1985 2426 2038 dixit
2477 1984 2741 2052 propheta

1994 2077 2059 2131 de
2090 2091 2155 2131 eo
2202 2093 2214 2128 :
2263 2095 2281 2126 ί
2341 2073 2577 2144 Spiritus
2628 2077 2736 2128 vul~

1996 2177 2079 2221 tus
2129 2167 2298 2224 nostri
2344 2167 2591 2220 (:hristus
2634 2166 2738 2220 Do-

1993 2257 2208 2321 minus,
2293 2257 2378 2312 cui
2464 2258 2736 2320 diximus,

1991 2346 2117 2415 quia
2167 2349 2219 2400 in
2266 2349 2456 2402 umbra
2511 2347 2626 2416 ejus
2654 2348 2736 2401 vi-

1991 2452 2180 2492 vemus
2224 2438 2277 2491 in
2326 2440 2576 2508 gentibus
2605 2438 2671 2504 ⁸³,
2712 2459 2731 2492 ι

1992 2544 2111 2583 cum
2169 2529 2375 2581 scilicet
2440 2529 2506 2582 ab
2562 2528 2740 2582 Evan-

1991 2616 2129 2683 gelio
2190 2617 2469 2686 temporali
2524 2616 2740 2686 dignius

1991 2723 2180 2762 omnes
2205 2719 2425 2763 sanctos
2455 2711 2523 2763 ad
2554 2710 2738 2762 Evan-

1991 2801 2189 2869 gelium
2219 2814 2476 2856 aeternum
2503 2800 2737 2855 transfe-

1993 2901 2093 2960 ret,
2118 2893 2568 2962 secuudumquod
2583 2892 2743 2948 Joan-

1992 3000 2088 3039 nes
2157 2985 2210 3038 in
2279 2985 2602 3055 Apocalypsi
2676 2986 2740 3039 de

1987 3085 2191 3131 aeterno
2243 3076 2537 3147 Evangelio
2591 3077 2734 3132 desi—

1981 3169 2169 3236 guavit
2198 3168 2263 3213 “o

1992 3302 2150 3356 Ἀλλὰ
2185 3303 2288 3356 κᾶν
2315 3305 2472 3374 μέχρι
2502 3304 2595 3358 τοῦ
2626 3305 2728 3358 πά-

1981 3393 2104 3456 θους
2144 3413 2228 3457 τις
2266 3394 2495 3466 ζητήσῃ,
2535 3395 2734 3466 τολμη-

1988 3485 2078 3554 ρὸν
2106 3483 2244 3546 δόξει
2281 3487 2451 3539 ποιεῖν
2477 3486 2605 3555 περὶ
2627 3485 2734 3538 τῶν

1983 3576 2247 3645 οὐρανίων
2275 3577 2453 3629 τόπων
2477 3577 2606 3630 αὐτὸ
2638 3575 2734 3648 ζη-

1984 3669 2110 3722 τῶν.
2166 3671 2302 3723 Ἀλλ’
2336 3675 2382 3724 ei
2427 3672 2541 3724 ἔστι
2577 3689 2738 3726 πνευ-

1991 3764 2191 3834 ματικὰ
2233 3765 2331 3835 τῆς
2377 3765 2636 3835 πονηρίας
2681 3768 2736 3821 ἐν

1984 3863 2094 3923 τοῖς
2152 3861 2456 3932 οὐρανίοις,
2522 3863 2630 3932 ἄρα
2688 3864 2736 3914 ει

1983 3952 2170 4025 ὥσπερ
2206 3953 2389 4008 ἐνθάδε
2437 3955 2534 4008 οὐκ
2559 3955 2736 4008 αἰδού-

1984 4043 2122 4113 μεθα
2162 4043 2556 4116 σταυρούμενον
2603 4047 2734 4114 ὁμο-ν

1981 4135 2159 4203 λογεῖν
2190 4137 2279 4189 ἐπὶ
2316 4137 2628 4208 καθαιρέσει
2659 4130 2734 4192 ὧν

1553 4227 2112 4284 INTERPRETATIO
2152 4229 2358 4285 NOVA.

375 4325 579 4378 Verum
613 4325 656 4377 si
692 4325 770 4377 vel
804 4325 870 4378 ad
903 4324 1207 4393 passionem
1261 4339 1431 4392 usque
1458 4325 1727 4391 quispiam
1772 4324 2042 4392 inquirat,
2087 4326 2348 4378 audacius
2388 4327 2634 4393 profecto
2668 4326 2940 4378 videbitur
2982 4325 3048 4378 de
3085 4325 3215 4379 locis
3246 4324 3553 4378 caelestibus

308 4393 357 4447 id
395 4396 694 4461 inquirere.
739 4394 843 4448 Sed
885 4398 927 4447 si
959 4395 1011 4446 in
1048 4393 1364 4447 coelestibus
1404 4404 1528 4446 sunt
1561 4395 1826 4462 spiritalia
1865 4395 2117 4462 nequitia:
2160 4409 2177 4458 ;
2211 4395 2355 4448 sicut
2385 4405 2532 4447 certe
2574 4396 2660 4448 hic
2693 4410 2797 4446 non
2829 4395 3202 4447 erubescimus
3236 4394 3392 4446 fateri
3425 4409 3550 4446 mu-

268 4526 270 4528 _
307 4464 523 4517 cifixutu
563 4467 627 4515 ad
678 4479 738 4516 ea
778 4464 1126 4526 destruenda,
1163 4478 1284 4531 quae
1318 4463 1570 4530 patiendo
1603 4465 2010 4526 destruxit,’ita
2068 4464 2175 4515 illic
2223 4477 2439 4530 quoque
2484 4464 2661 4517 simile
2709 4464 2910 4532 aliquid
2966 4463 3079 4517 fieri
3118 4463 3170 4516 in
3198 4463 3550 4531 sequentibus

307 4547 475 4602 usque
501 4534 567 4587 ad
599 4535 758 4587 totius
783 4533 966 4587 surculi
995 4533 1526 4586 consunnnationem
1557 4535 1853 4589 concedere
1878 4549 1982 4586 non
2013 4532 2446 4586 formidabimus.

384 4653 431 4683 ⁸³
455 4651 661 4704 Thren.
693 4667 768 4714 tv,
797 4650 887 4704 20.
961 4649 1006 4681 “
1027 4651 1198 4718 Apoc.
1229 4663 1342 4707 xw,
1367 4647 1420 4702 6.

377 4766 665 4838 (5i)_Spei.
700 4769 855 4820 Deest
881 4768 932 4820 in
963 4767 1138 4828 editis,
1170 4767 1262 4838 sed
1299 4765 1522 4838 habetur
1557 4764 1608 4816 in
1639 4777 1770 4817 mss.

386 4833 521 4907 (51⁷⁵)
555 4833 658 4890 Alii
685 4839 867 4904 legunt
893 4838 1187 4890 cliat'itatis.
1221 4835 1378 4889 Enrr.
1415 4833 1653 4887 PATBOL.

384 4901 776 4976 (5‘2)'Sic-ms§.
825 4907 960 4959 Editi
1010 4922 1136 4960 vero
1160 4947 1174 4972 ,
1211 4924 1230 4956 ‹
1272 4919 1464 4973 pecora
1481 4913 1546 4976 _et
1580 4902 1745 4956 multa
1771 4901 1873 4955 alia

312 4973 650 5043 poSsideutes
683 4978 1014 5045 praeveniunt
1045 4986 1100 5030 et
1128 4976 1444 5045 praicipiunt
1481 4973 1661 5027 locum
1692 4983 1875 5042 aptum

312 5045 588 5115 partubus.
631 5065 649 5096 ι

382 5115 494 5185 (55)
527 5113 617 5185 Sic
648 5129 775 5167 mss.
813 5114 1002 5185 Editi_.,
1047 5133 1065 5164 ι
1103 5131 1220 5168 eam
1266 5129 1428 5184 quam
1455 5126 1501 5185 _a__
1535 5111 1643 5164 Deo
1687 5112 1878 5185 antlire

314 5181 421 5236 non
459 5181 631 5251 potuit
668 5185 860 5252 legem.
898 5202 917 5235 ι
958 5183 1079 5238 Mox
1109 5201 1237 5239 mss.
1272 5181 1297 5235 ἱ
1330 5183 1636 5252 significare
1671 5181 1875 5235 videbi-

319 5262 422 5304 tur.
458 5270 478 5303 ι
513 5253 675 5314 Editi,
713 5273 731 5304 ι
763 5252 1071 5320 significare
1103 5255 1368 5308 videatur.
1407 5270 1425 5303 ι

319 5389 332 5401 .
385 5321 497 5393 (54)
543 5321 746 5377 Primo.
785 5319 942 5377 Deest
973 5324 1026 5377 in
1060 5334 1218 5379 antea
1262 5323 1458 5384 editis,
1508 5319 1602 5374 sed
1649 5319 1879 5374 habetur

319 5405 772 5532 Ψίὲἕῖοιεθὶειιιε.
807 5464 968 5516 Deest
995 5463 1047 5516 in
1078 5463 1267 5528 editis,
1304 5460 1576 5531 reperitur
1608 5467 1786 5515 autem
1822 5457 1874 5510 in

321 5544 498 5672 l“(55.6)
532 5602 841 5656 Adventum.
880 5602 1046 5654 Deest
1075 5601 1145 5672 in
1171 5600 1330 5672 editis
1355 5640 1370 5663 ,
1400 5601 1512 5672 .sed
1553 5598 1785 5654 habetur
1822 5596 1875 5650 in

323 5683 447 5740 mss.
477 5670 638 5725 Paulo
674 5681 796 5740 post
831 5686 960 5725 mss.
990 5711 1003 5733 ,
1037 5689 1055 5721 ι
1100 5670 1309 5738 dignius
1338 5670 1527 5730 omnes
1576 5677 1817 5725 SanClOS-
1853 5686 1870 5717 ι

326 5737 486 5805 Editi,
519 5757 539 5791 ι
572 5737 762 5811 dignos
795 5756 985 5796 omnes
1014 5737 1247 5794 sanetus.
1292 5766 1309 5798 ι

2895 1355 2947 1392 ι).
2981 1354 3198 1392 ΗΙΕΒΟΝ.
3228 1356 3482 1397 ιΝτΕιιΡιι.

2819 1429 2966 1485 Sicut
3011 1431 3146 1483 enim
3191 1447 3282 1497 per
3329 1435 3570 1486 umbram

2819 1522 3089 1592 Evangelii
3131 1523 3186 1592 (5
3199 1522 3248 1592 7)
3268 1561 3281 1586 ,
3331 1525 3569 1578 umbram

2817 1615 2942 1684 legis
2995 1616 3223 1682 implevit
3264 1633 3284 1680 ,°
3333 1617 3407 1668 sic
3441 1617 3570 1686 quia

2815 1708 2989 1760 omnis
3032 1708 3116 1761 lea:
3172 1708 3463 1776 exemplum
3517 1718 3565 1760 et

2815 1801 2999 1854 umbra
3027 1811 3100 1854 est
3129 1802 3566 1854 caeremoniarum

2815 1891 3118 1954 caelestium,
3145 1892 3448 1960 diligentius
3479 1908 3561 1944 re-

2814 1985 3160 2050 quirendum,
3212 1991 3390 2035 utrum
3430 1994 3567 2035 recte

2817 2073 3172 2141 intelligamus
3191 2074 3350 2141 legem
3364 2090 3567 2142 quoque

2815 2165 3069 2218 cwlestem
3113 2174 3164 2217 et
3222 2167 3563 2219 caeremonias

2812 2257 3022 2321 superni
3067 2256 3238 2308 cultus
3283 2255 3566 2322 plenitudi-

2812 2361 2923 2397 nem
2953 2361 3053 2398 non
3073 2345 3280 2411 habere,
3305 2346 3396 2398 sed
3422 2346 3564 2398 indi-

2813 2452 2930 2505 gere
2974 2435 3250 2505 Evangelii
3310 2437 3562 2498 veritate,

2809 2530 2949 2599 quod
2990 2531 3043 2582 in
3088 2528 3314 2582 Joannis
3351 2528 3558 2596 Apoca-
3615 2560 3617 2562 -

2814 2621 2948 2689 lgpsi
2972 2620 3314 2689 Evangelium
3343 2619 3562 2688 legimus

2815 2713 3217 2781 sempiternum,
3253 2711 3323 2764 ad
3351 2728 3558 2779 compav

2817 2804 3076 2856 rationem
3119 2803 3356 2857 videlicet
3387 2793 3563 2871 'ltujus

2817 2898 2982 2948 nostri
3038 2893 3354 2964 Evangelii,
3421 2898 3564 2966 quod

2812 2986 3098 3054 temporale
3119 2998 3216 3051 est,
3233 2997 3279 3039 et
3305 2988 3359 3040 in
3390 2997 3564 3040 trans-

2810 3080 2952 3131 itura
3002 3080 3198 3131 mundo
3246 3095 3308 3132 ac
3368 3079 3562 3133 swculo

2811 3173 3178 3238 praedicatum.

2907 3321 3095 3361 VERSIO
3129 3323 3419 3363 IIIEBONYMI
3432 3351 3446 3365 .

2808 3397 2961 3461 Quod
3051 3401 3261 3468 quidem
3350 3403 3559 3454 etiamsi

2809 3508 2968 3558 usque
3019 3494 3086 3544 ad
3121 3497 3414 3560 passionem
3454 3495 3562 3546 Do-

2810 3585 2938 3637 mini
2969 3582 3265 3638 Salvatoris
3300 3587 3562 3654 inquirere

2810 3679 3125 3734 voluerimus
3193 3680 3304 3750 (58)
3325 3722 3339 3747 ,
3395 3699 3560 3749 quan-

2808 3786 2964 3839 quam
3010 3779 3190 3824 audaa:
3237 3781 3286 3825 et
3337 3781 3560 3826 temere--

2808 3863 2943 3914 rium
2961 3865 3024 3916 sit
3048 3864 3100 3916 in
3127 3864 3254 3918 caelo
3281 3865 3394 3934 ejus
3415 3880 3561 3936 qua-

2806 3970 2917 4008 rere
2945 3955 3235 4022 passionem
3267 3972 3282 4010 :
3314 3965 3486 4010 tamen
3513 3961 3558 4009 si

2805 4050 3102 4117 spiritualia
3122 4051 3365 4119 nequitia:
3381 4051 3433 4104 in
3451 4067 3557 4104 cae-

2808 4140 3019 4194 lestibus
3044 4151 3184 4206 sunt,
3215 4151 3260 4194 et
3287 4158 3391 4194 non
3419 4141 3554 4212 ξενα-

2059 4761 2173 4830 (57)
2208 4760 2356 4833 Sicut
2381 4762 2514 4813 enim
2549 4778 2640 4829 per
2674 4767 2911 4815 umbram
2941 4763 3226 4833 Evangelii,
3263 4773 3367 4818 etc.
3396 4765 3554 4820 Com-

1989 4833 2284 4886 modiorem
2336 4832 2512 4885 locum
2577 4846 2682 4883 non
2745 4833 2920 4899 reperi
2976 4832 3336 4887 ubi’eelebre
3407 4836 3554 4890 ietud

1986 4902 2278 4971 insererem
2331 4900 2688 4968 fragmentum
2733 4903 2873 4969 quod
2919 4917 2949 4956 e
3011 4901 3105 4955 lib.
3162 4919 3212 4955 tv
3256 4903 3394 4970 Hepi
3447 4905 3550 4971 ἀρ-

1985 4972 2109 5039 χῶν
2141 4969 2297 5024 aﬁ'ert
2335 4971 2692 5038 Hieranymus
2732 4971 2782 5021 in
2829 4971 3053 5037 epistola
3094 4974 3156 5024 ad
3183 4969 3418 5026 Avitum.
3450 4969 3555 5026 Po-

1985 5051 2200 5094 stremm
2244 5041 2414 5108 partis
2477 5056 2595 5107 qum
2645 5039 2878 5092 futuram
2933 5042 2984 5092 in
3049 5041 3203 5093 melis
3254 5041 3553 5095 Salvatoris

1986 5111 2287 5180 passionem
2313 5110 2536 5163 innuere
2560 5110 2790 5172 videtur,
2815 5109 3002 5162 Graeca
3025 5113 3182 5164 verba
3200 5122 3553 5178 repraesentat

1985 5179 2322 5234 Justinianus
2348 5181 2414 5231 ad
2447 5180 2651 5232 calcem
2687 5180 2930 5243 epistolae
2959 5181 3024 5230 ad
3059 5181 3289 5232 Menam.
3323 5182 3392 5232 At
3421 5195 3552 5233 vero

1985 5249 2170 5302 ultima
2213 5250 2371 5302 verba
2406 5248 2509 5310 ἕως
2556 5247 2656 5316 τῆς
2699 5246 3001 5310 συντελείας
3047 5248 3139 5300 τοῦ
3181 5248 3380 5309 παντὸς
3423 5247 3554 5300 αἰῶ-

1983 5335 2072 5380 νος
2097 5361 2112 5384 ,
2149 5335 2270 5371 cum
2306 5321 2527 5372 verterit
2579 5327 2802 5370 sanctus
2838 5317 3198 5386 Hieronymus
3224 5356 3237 5378 ,
3279 5336 3296 5366 ι
3326 5318 3391 5386 iu
3419 5333 3552 5386 con-

1985 5383 2342 5441 summatione
2376 5386 2713 5448 s:eculorum,
2750 5404 2766 5435 ›
2803 5383 3139 5439 clarissimus
3176 5385 3402 5438 lluetius
3428 5383 3556 5436 Ori-

2017 5458 2325 5509 enianorum
2362 5456 2452 5509 ltb.
2491 5471 2561 5512 tt.
2600 5465 2792 5522 quiest.
2843 5455 2877 5507 5
2903 5495 2918 5518 ,
2975 5471 3124 5509 num.
3175 5455 3244 5506 25
3270 5493 3286 5518 ,
3321 5468 3420 5518 pro
3451 5452 3559 5514 ἕως·

2017 5474 2325 5509 emanarunt
2363 5474 2452 5509 nu.
2491 5474 2561 5512 tt.
2600 5474 2792 5522 quam.
2843 5474 2877 5507 ο
2903 5495 2918 5518 ,
2975 5474 3124 5509 num.
3175 5474 3244 5506 Ζ.)
3270 5493 3286 5518 ,
3323 5474 3420 5518 pro
3452 5474 3554 5514 εως

1983 5474 2265 5594 legendum
2303 5535 2454 5591 putat
2488 5525 2599 5577 ὲπί.
2635 5526 2898 5594 Caeterum
2931 5532 3108 5594 utrum
3130 5536 3332 5594 (revera
3363 5522 3555 5594 opina—

1991 5589 2080 5648 tu's
2109 5597 2180 5647 sit
2208 5589 2469 5662 Origenes
2494 5595 2773 5662 Christum
2803 5591 3096 5662 aliquando
3129 5593 3180 5644 in
3205 5589 3556 5662 SUPQI‘JIlSJD-

1987 5667 2065 5719 cis
2083 5657 2390 5730 passuru'tn,
2410 5660 3117 5732 disquiritiiuetiusibidetn
3140 5674 3291 5715 num.
3311 5657 3446 5710 25m
3462 5657 3551 5712 24.

2058 5732 2171 5805 (58)
2206 5732 2376 5788 Caute
2407 5733 2543 5801 lege.
