3974 6160
383 316 491 372 399

389 431 644 486 bescimus
678 445 882 483 crucem
929 423 1140 480 Domini

388 525 632 593 conﬁteri
677 532 891 591 propter
931 519 1139 571 destru-

389 621 614 673 ctionem
654 630 855 677 eorum,
897 626 1014 678 qua:
1043 625 1141 662 sua

1212 535 1321 582 ναι,
1347 514 1488 570 οὕτω
1519 517 1580 570 τὸ
1610 518 1770 570 κάκεῖ
1793 535 1970 590 παρα-

1213 610 1440 682 πλήσιον
1465 609 1695 674 διδόντες
1725 611 1970 679 γῖνεσοαι

389 713 638 780 passione
680 704 934 759 destruxit
979 717 999 755 .'
1046 718 1142 756 cur
1214 702 1283 756 τὰ
1305 704 1398 756 καὶ
1423 702 1547 774 ἑξῆς
1573 703 1677 766 ἕως
1716 704 1811 774 τῆς
1839 722 1967 756 συν-

391 805 666 856 timeamus
705 799 861 850 etiam
888 793 942 846 in
963 807 1144 859 super-
1215 795 1424 858 τελείας
1442 795 1534 848 τοῦ
1560 797 1757 859 παντὸς
1777 795 1971 860 αἰῶνος

393 891 477 942 nis
528 890 677 954 locis,
711 889 764 940 in
809 902 1144 938 consumma-
1217 886 1278 939 οὐ
1307 887 1743 960 φοϐηθησόμεθα.

391 982 530 1033 tione
565 977 879 1032 sreculorunt
909 975 1112 1044 aliquid
1137 975 1308 1029 simile
1334 979 1619 1046 suspicari,
1650 988 1702 1031 ut
1739 979 1971 1032 omnium

389 1073 625 1124 locorum
652 1076 827 1138 gentes
857 1067 1003 1120 illius
1032 1068 1279 1136 passione
1307 1068 1612 1121 solventur?

458 1161 549 1215 26.
587 1159 784 1213 Verum
809 1159 862 1212 in
896 1159 981 1213 his
1005 1159 1260 1213 omnibus
1297 1158 1532 1214 sufﬁciat
1565 1159 1722 1214 nobis
1749 1176 1966 1215 sensum

389 1261 640 1305 nostrum
691 1249 890 1319 regula:
937 1250 1161 1318 pietatis
1210 1260 1425 1319 aptare,
1469 1259 1522 1303 et
1557 1250 1631 1304 ita
1675 1251 1877 1304 sentire
1905 1252 1970 1305 de

307 1356 321 1364 '
393 1343 566 1397 sancti
607 1342 848 1408 Spiritus
879 1342 1078 1404 verbis,
1114 1344 1261 1410 quod
1297 1359 1402 1396 non
1441 1343 1740 1397 secundum
1776 1343 1969 1398 Imma-

394 1449 475 1488 me
527 1432 842 1503 fragilitatis
891 1433 1166 1503 eloquium
1203 1434 1339 1488 nitet
1385 1450 1564 1488 sermo
1615 1437 1967 1504 compositus,

390 1525 483 1578 sed
515 1527 656 1578 sicut
687 1524 950 1591 scriptum
981 1534 1084 1592 est,
1126 1542 1144 1574 ι
1184 1523 1372 1579 Omnis
1398 1525 1566 1594 gloria
1597 1526 1738 1594 regis
1775 1527 1972 1581 intrin-

391 1631 552 1671 secus
596 1626 679 1670 est
720 1615 765 1647 “
797 1654 812 1680 ,
854 1633 873 1667 ι
919 1623 975 1670 et
1029 1615 1338 1669 divinorum
1381 1629 1639 1669 sensuum
1682 1617 1970 1672 thesaurus

394 1709 538 1760 intra
571 1705 765 1776 fragile
793 1705 1076 1761 vasculum
1109 1705 1230 1758 vilis
1286 1705 1482 1776 litterae
1527 1708 1838 1761 continetur
1883 1708 1969 1762 in-

393 1798 596 1852 clusus.
634 1796 799 1851 Porro
829 1807 1011 1849 autem
1041 1796 1085 1849 si
1113 1783 1246 1862 quis-
1264 1797 1515 1851 curiosus
1537 1797 1969 1867 explanationem

1577 303 1899 359 ORIGENIS
1932 305 2090 357 ΠΕΡΙ
2124 303 2353 357 ΑΡΧΩΝ

1214 420 1429 475 καθεῖλε
1457 421 1544 473 διὰ
1579 421 1672 474 τοῦ
1711 422 1972 475 πεπονθέ-

2088 423 2229 486 Lium,
2263 435 2439 490 neque
2469 421 2591 476 linis
2622 421 2853 477 inveniri
2879 429 3075 492 potest,
3109 421 3183 475 ait
3211 439 3224 475 :
3258 440 3277 473 ι
3309 421 3497 477 Priora
3540 439 3660 492 quae

3553 305 3660 360 400

2075 514 2279 568 fuerint
2315 515 2496 579 dicite,
2539 521 2604 570 et'
2624 516 2826 570 scimus
2856 515 2982 584 quia
3026 515 3099 568 dii
3130 517 3293 576 estis;
3331 516 3417 569 vel
3459 517 3658 570 novis-

2074 605 2208 660 sima
2241 621 2360 675 quae
2387 614 2515 660 sunt
2545 607 2888 675 annuntiate,
2923 614 2980 660 et
3029 616 3156 660 tunc
3185 607 3492 661 videbimus
3534 607 3658 676 quia

2077 697 2147 750 dii
2179 697 2310 749 estis
2333 698 2400 752 ⁸⁸.
2427 716 2445 748 ι
2481 695 2614 749 Nam
2649 705 2704 751 et
2735 695 2993 752 Hebraeus
3042 699 3232 752 doctor
3259 697 3371 767 (41)
3417 699 3494 752 ita
3553 710 3661 752 tra-

2077 787 2238 840 debat
2264 805 2276 840 :
2307 803 2406 856 pro
2436 803 2502 842 eo
2529 787 2670 856 quod
2703 787 2920 841 initium
2971 787 3214 841 omnium
3240 787 3322 841 vel
3376 787 3500 840 linis
3557 804 3659 840 non

2076 879 2250 947 possit
2280 882 2345 932 ab
2376 879 2483 933 ullo
2513 879 2924 948 comprehendi,
2955 879 3054 932 nisi
3083 879 3461 933 tantummodo
3485 893 3515 932 a
3556 877 3661 930 Do-

2079 970 2227 1022 mino
2258 968 2383 1024 Jcsu
2416 969 2657 1036 Christo,
2693 979 2748 1024 et
2774 986 2803 1024 a
2833 970 3042 1038 Spiritu
3083 979 3296 1033 sancto,
3331 969 3516 1023 aiebat
3567 982 3664 1036 per

2077 1059 2300 1126 figuram
2321 1061 2546 1114 visionis
2570 1061 2762 1115 Isaiam
2787 1062 3014 1127 dixisse,
3048 1062 3182 1116 duos
3207 1062 3481 1130 seraphim
3512 1061 3654 1116 solos

2076 1167 2197 1205 esse
2229 1153 2317 1218 qui
2368 1153 2576 1207 duabus
2611 1153 2832 1223 quidem
2867 1154 2967 1208 alis
2999 1155 3249 1222 operiunt
3286 1152 3480 1207 faciem
3533 1155 3648 1214 Dei.

2077 1242 2286 1297 duabus
2315 1259 2444 1297 vero
2491 1245 2680 1312 pedes,
2718 1253 2773 1298 et
2803 1244 3012 1298 duabus
3043 1243 3228 1297 volant
3259 1243 3559 1298 clamantes
3589 1244 3655 1298 ad

2076 1331 2305 1386 invicem
2350 1334 2452 1387 sibi
2487 1344 2539 1387 et
2575 1335 2855 1388 dicentes:
2896 1336 3196 1398 (SanctuS.
3245 1343 3490 1398 Sanctus:
3522 1348 3653 1387 53""

2075 1433 2220 1486 ειιιε,
2266 1425 2523 1478 Dominus
2572 1426 2712 1479 Deus
2767 1425 3029 1489 Sabaoth,
3062 1426 3223 1493 plena
3273 1434 3356 1479 est
3401 1424 3656 1477 universa

2075 1523 2217 1568 terra
2254 1515 2424 1585 gloria
2462 1517 2635 1570 tua".
2663 1535 2680 1567 ι
2724 1516 2881 1582 Quod
2912 1531 3042 1586 ergo
3075 1516 3189 1570 sola
3221 1514 3501 1582 scraphim
3540 1513 3656 1585 (ιε)

2076 1615 2336 1675 utrasque
2362 1609 2477 1662 alas
2506 1623 2632 1662 suas
2663 1609 2865 1662 habent
2894 1609 2947 1662 in
2985 1609 3121 1662 facie
3148 1608 3237 1664 Dei
3273 1608 3403 1663 etin
3430 1606 3657 1677 pedibus

2077 1699 2220 1767 ejus,
2255 1700 2566 1752 audendum
2598 1709 2682 1752 est
2717 1699 3080 1767 pronuntiare
3108 1699 3251 1767 quod
3283 1713 3461 1766 neque
3491 1709 3656 1754 exer—

2078 1792 2220 1845 citus
2260 1799 2578 1844 sanctorum
2614 1790 2955 1860 angelorum,
3001 1806 3175 1860 neque
3215 1790 3376 1845 sedes
3427 1799 3653 1856 sanctae,

394 1891 730 1961 singulorum
781 1890 1073 1958 requirat,
1106 1890 1288 1944 veniat
1336 1899 1392 1944 et
1439 1891 1722 1945 nobiscum
1770 1893 1974 1960 pariter

2088 1897 2252 1952 aeque
2280 1881 2708 1946 dominationes,
2743 1895 2921 1950 neque
2963 1880 3326 1950 principatus,
3358 1897 3534 1950 neque
3561 1897 3659 1950 po-

396 1983 582 2037 audiat
627 1982 906 2052 quomodo
963 1981 1168 2036 Paulus
1226 1981 1508 2050 apostolus
1561 1999 1658 2052 per
1711 1983 1973 2051 Spiritum

393 2081 668 2139 sanctum,
692 2073 782 2142 qui
810 2083 1185 2143 perscrutatur
1217 2073 1383 2127 etiam
1421 2074 1684 2143 profunda
1717 2075 1808 2129 Dei
1838 2076 1972 2147 (59),

396 2163 734 2219 altitudinem
769 2163 964 2218 divinae
995 2165 1279 2232 sapientiae
1310 2181 1374 2219 ac
1407 2167 1654 2222 scientia:
1702 2179 1972 2236 scrutans,

395 2249 500 2309 nec
535 2264 712 2310 tamen
745 2255 812 2308 ad
845 2254 1028 2318 finem,
1052 2265 1126 2319 et,
1159 2265 1216 2309 ut
1244 2256 1318 2309 ita
1350 2256 1605 2320 dixerim,
1639 2258 1702 2312 ad
1733 2259 1972 2312 intimam

397 2347 765 2416 cognitionem
796 2346 1098 2416 praevalens
1125 2349 1417 2414 pervenire
1437 2387 1453 2410 ,
1489 2350 1868 2417 desperatione
1901 2353 1977 2405 rei

395 2451 449 2494 et
479 2448 704 2508 stupore
732 2439 931 2492 clamat
958 2447 1013 2492 et
1043 2438 1174 2492 dicit
1210 2457 1223 2493 :
1263 2457 1282 2489 ι
1323 2437 1366 2493 0
1401 2440 1630 2495 altitudo
1662 2441 1976 2497 divitiarum

397 2529 682 2597 sapientiae
728 2537 786 2583 et
813 2529 1056 2584 scientia:
1116 2527 1210 2582 Dei
1245 2529 1322 2583 “l
1369 2547 1388 2584 ι
1447 2532 1511 2584 Et
1543 2535 1685 2600 quod
1723 2534 1978 2602 despera-

402 2619 549 2682 tione
579 2620 838 2688 perfectte
862 2622 1374 2691 comprehensionis
1403 2623 1505 2678 hoc
1538 2623 1977 2692 proclamaverit,

399 2711 524 2764 andi
579 2712 756 2779 ipsmn
805 2713 1117 2767 dicentem:
1153 2731 1170 2764 ι
1214 2713 1387 2780 Quam
1440 2714 1814 2768 inscrutabilia
1858 2725 1983 2768 sunt

391 2801 604 2868 judicia
641 2804 734 2857 Dei
763 2845 778 2870 ,
809 2813 864 2856 et
892 2820 1054 2872 quam
1104 2805 1513 2874 investigabiles
1544 2807 1643 2859 via:
1690 2805 1807 2873 ejus
1837 2806 1913 2858 δτι
1959 2829 1976 2856 ν

399 2889 518 2945 Non
549 2893 695 2946 enim
732 2894 891 2954 dixit,
931 2894 1149 2948 difﬁcile
1178 2911 1339 2962 posse
1365 2896 1597 2949 scrutari
1626 2896 1828 2963 judicia
1863 2897 1981 2960 Dei,

399 2981 497 3035 sed
533 2982 754 3035 omnino
790 2998 896 3036 non
939 2997 1139 3052 posse;
1175 3000 1276 3039 nec
1301 2985 1438 3038 dixit
1489 2985 1705 3040 difﬁcile
1755 2987 1982 3041 investi-

402 3073 524 3142 gari
561 3086 720 3140 posse
754 3071 863 3143 (40)
918 3075 1037 3128 vias
1083 3073 1221 3141 ejus,
1275 3077 1369 3129 sed
1401 3092 1512 3130 non
1562 3091 1720 3147 posse
1757 3077 1983 3131 investi-

403 3164 544 3232 gari.
576 3162 1072 3231 Quantumcunque
1097 3166 1244 3218 enim
1286 3167 1408 3234 quis
1437 3169 1488 3220 in
1523 3169 1816 3221 scrutando
1857 3184 1983 3237 pro-

405 3261 625 3308 moveat
657 3262 713 3307 ει
745 3254 926 3307 studio
952 3255 1248 3309 intentiore
1275 3257 1738 3327 proficiat,gratia
1768 3275 1982 3330 quoque

404 3343 503 3398 Dei
535 3341 758 3411 adjutus
787 3358 1062 3411 sensuque
1096 3345 1456 3413 illmniuatus,
1489 3349 1554 3402 ad
1587 3348 1885 3416 perfectum
1923 3353 1985 3403 li-

404 3449 530 3488 nem
563 3448 750 3489 eorum
777 3449 898 3504 quae
929 3435 1282 3502 requiruntur
1305 3439 1594 3504 pervenire
1622 3455 1726 3493 non
1757 3443 1982 3508 poterit,

409 3525 574 3594 189
591 3539 692 3579 nec
711 3525 890 3579 onmis
908 3539 1061 3578 mens
1083 3539 1202 3593 quas
1221 3537 1403 3579 creata
1423 3537 1524 3593 est,
1547 3529 1803 3596 possibile
1825 3533 1985 3587 habet

403 3615 517 3670 ullo
546 3631 746 3686 genere
778 3616 1268 3684 comprehendere,
1306 3619 1398 3670 sed
1431 3627 1490 3671 nt
1526 3619 1799 3674 invenerit
1837 3639 1987 3690 quae—

399 3709 534 3764 dam
567 3724 634 3763 ex
663 3709 751 3762 his
782 3723 903 3776 quae
945 3717 1284 3776 quaeruntur,
1328 3709 1523 3763 iterum
1558 3712 1703 3765 videt
1734 3713 1834 3768 alia
1867 3731 1987 3784 quae

407 3801 697 3868 quaerenda
717 3807 866 3854 sunt.
892 3799 1045 3864 Quod
1073 3800 1175 3853 etsi
1204 3799 1269 3852 ad
1301 3802 1417 3868 ipsa
1447 3804 1778 3870 pervenerit,
1813 3807 1987 3862 multo

407 3890 608 3943 iterum
639 3888 793 3956 plura
820 3903 888 3941 ex
913 3888 1021 3940 illis
1052 3903 1174 3956 quae
1208 3888 1412 3956 requiri
1447 3891 1699 3954 debeant,
1739 3893 1989 3959 pervide-

409 3979 510 4033 bit.
544 3979 772 4048 Propter
801 3981 944 4047 quod
978 3992 1033 4033 et
1073 3981 1514 4048 sapientissimus
1543 3982 1800 4039 Salomon
1835 3997 1990 4039 natu-

413 4087 532 4125 ram
585 4085 767 4125 rerum
819 4085 917 4140 per
967 4071 1294 4140 sapientiam
1353 4075 1596 4139 intuens,
1639 4077 1762 4130 ait:
1804 4076 1986 4142 «Dixi,

413 4166 631 4236 sapiens
658 4164 889 4229 elliciar,
927 4175 983 4219 et
1016 4165 1130 4233 ipsa
1162 4164 1428 4232 sapientia
1469 4165 1629 4236 longe
1671 4167 1813 4222 facta
1846 4180 1926 4223 est
1959 4186 1985 4221 a

413 4275 519 4325 me,
557 4257 714 4327 longe
747 4259 865 4326 plus
893 4271 1055 4325 quam
1108 4265 1248 4319 erat,
1283 4265 1339 4310 et
1373 4256 1713 4313 altitudinem
1765 4261 1991 4329 profun-

411 4351 537 4404 dam
570 4349 691 4418 quis
719 4347 1059 4403 inveniet“?
1086 4365 1103 4399 ι
1143 4345 1250 4401 Sed
1282 4355 1335 4402 et
1383 4347 1553 4402 Isaias
1597 4348 1774 4404 sciens
1807 4365 1984 4405 rerum

411 4441 566 4495 initia
595 4457 626 4497 a
663 4451 858 4496 natura
907 4439 1124 4494 mortali
1175 4441 1405 4494 inveniri
1442 4454 1548 4494 non
1580 4456 1760 4509 posse,
1793 4445 1889 4498 sed
1927 4461 1991 4498 ne

2081 1984 2306 2029 testates
2357 1973 2500 2027 scire
2550 1980 2778 2041 possunt
2823 1973 3034 2042 integre
3082 1971 3299 2025 initium
3335 1972 3577 2026 omnium
3606 1977 3660 2024 et

2079 2069 2214 2122 fines
2261 2066 2658 2121 universitatis.
2701 2063 2807 2119 Sed
2853 2062 3267 2132 intelligendum
3317 2071 3399 2116 est
3435 2071 3659 2116 sanctos

2080 2161 2210 2213 istos
2243 2174 2380 2228 quos
2409 2156 2800 2212 annumeravit
2843 2155 3072 2224 spiritus
3118 2163 3174 2209 et
3202 2155 3436 2209 virtutes
3465 2155 3659 2223 proxi-

2079 2265 2192 2303 mas
2220 2250 2438 2318 quidem
2475 2263 2596 2302 esse
2645 2248 2777 2316 ipsis
2811 2247 3006 2309 initiis,
3043 2254 3100 2299 et
3131 2245 3402 2315 attingere
3441 2254 3651 2299 tantum

2078 2351 2336 2408 quantum
2368 2340 2624 2408 consequi
2659 2353 2764 2392 non
2798 2338 2972 2392 valent
3025 2336 3215 2406 reliqui
3244 2355 3256 2390 :
3283 2346 3660 2392 verumtamen

2079 2432 2438 2502 quodcunque
2488 2430 2618 2484 illud
2655 2439 2739 2484 est
2786 2430 2932 2498 quod
2984 2429 3264 2484 revelante
3310 2428 3447 2482 Filio
3482 2427 3576 2480 Dei
3605 2434 3662 2480 et

2080 2522 2283 2589 Spiritu
2307 2531 2494 2575 sancto
2519 2520 2814 2574 didicerint
2845 2521 2961 2575 istae
2986 2519 3238 2585 virtutes,
3263 2517 3660 2588 quamplurima

2078 2613 2295 2682 quidem
2349 2615 2572 2680 assequi
2625 2621 2883 2680 pctcrunt
2932 2621 2987 2665 et
3037 2611 3205 2665 multo
3251 2611 3409 2678 plura
3446 2609 3662 2678 priores

2082 2703 2454 2771 inferioribus,
2485 2703 2669 2758 omnia
2721 2714 2901 2756 tamen
2952 2701 3418 2770 comprehendere
3466 2701 3664 2767 impos-

2083 2792 2243 2848 sibile
2281 2794 2362 2848 eis
2396 2804 2498 2858 est,
2547 2794 2676 2861 quia
2725 2794 2986 2862 scriptum
3023 2803 3106 2846 est
3139 2809 3151 2845 :
3189 2809 3208 2842 ι
3249 2790 3662 2859 Quamplurima

2083 2900 2147 2938 ex
2175 2888 2431 2957 operibus
2457 2886 2552 2938 Dei
2579 2887 2632 2939 in
2657 2885 2884 2940 secretis
2910 2884 3119 2939 sunt".
3148 2903 3164 2934 ι
3186 2884 3340 2939 Unde
3357 2881 3664 2950 etoptabile

2085 2990 2167 3032 est
2195 2987 2254 3032 ιιι
2289 2994 2386 3048 pro
2418 2979 2623 3033 viribus
2654 2991 2712 3031 se
2741 2977 3117 3045 unusquisque
3162 2989 3378 3044 semper
3405 2973 3664 3028 extendat

2086 3070 2150 3121 ad
2177 3085 2238 3123 ca
2273 3085 2391 3136 qua:
2414 3069 2593 3138 priora
2626 3077 2776 3132 sunt,
2807 3081 2869 3121 ea
2900 3082 3019 3136 quae
3045 3075 3341 3120 retrorsum
3376 3071 3503 3119 sunt
3528 3062 3665 3116 oblio

2087 3161 2321 3227 viscens,
2353 3171 2458 3212 tam
2497 3161 2563 3214 ad
2591 3175 2756 3229 opera
2791 3157 3017 3212 meliora
3061 3172 3223 3226 quam
3255 3155 3416 3210 etiam
3445 3155 3510 3208 ad
3542 3168 3667 3206 senv

2086 3265 2204 3304 Sum
2243 3250 2692 3317 intellectumque
2729 3248 3006 3318 puriorem
3043 3261 3138 3315 per
3166 3243 3349 3299 Jesum
3382 3243 3663 3297 Christum

2087 3347 2427 3400 Salvatorem
2465 3354 2737 3410 nostrum,
2771 3342 2866 3396 cui
2903 3349 2988 3394 est
3016 3339 3189 3410 gloria
3220 3337 3272 3390 in
3302 3336 3523 3390 saecula.

2153 3441 2244 3494 27.
2282 3439 2472 3494 Omnis
2496 3451 2625 3506 ergo
2658 3437 2741 3490 cui
2779 3431 3026 3488 veritatis
3059 3445 3186 3484 cura
3225 3437 3328 3494 est,
3381 3441 3570 3496 parum
3599 3425 3666 3478 de

2087 3532 2398 3586 nominibus
2432 3539 2487 3583 et
2522 3527 2868 3583 sermonibus
2895 3530 3074 3585 curet,
3108 3521 3236 3590 quia
3283 3533 3377 3588 per
3425 3518 3668 3587 singulas

2087 3634 2272 3692 gentes
2303 3623 2531 3677 diversa:
2560 3619 2857 3672 verborum
2888 3612 3311 3671 consuetudines
3354 3610 3666 3675 habentur;

2087 3727 2141 3771 et
2172 3717 2274 3770 hoc
2299 3716 2470 3783 magis
2506 3712 2650 3781 quod
2680 3712 3044 3780 signiﬁcatur,
3079 3722 3242 3775 quam
3275 3705 3523 3774 qualibus
3544 3716 3668 3756 ver-

2089 3808 2172 3861 bis
2201 3804 2553 3876 significetur,
2583 3803 2862 3867 intendat;
2903 3801 3172 3870 prtecipue
3211 3799 3261 3850 in
3299 3807 3406 3849 tam
3453 3797 3667 3863 magnis

2087 3905 2143 3951 et
2172 3907 2279 3949 tam
2317 3893 2625 3948 difﬁcilibus
2651 3893 2848 3954 rebus;
2884 3892 3023 3945 sicut
3050 3904 3171 3942 eum
3204 3885 3490 3957 quaeritur,
3515 3881 3669 3937 verbi

2089 4002 2274 4049 causa,
2307 3987 2350 4039 si
2383 3986 2453 4039 sit
2483 3984 2663 4052 aliqua
2710 3984 3016 4037 substantia
3065 3982 3116 4035 in
3152 3997 3255 4050 qua
3298 3991 3474 4046 neque
3521 3973 3671 4028 color

2092 4095 2266 4149 neque
2290 4077 2507 4130 habitus
2526 4088 2703 4144 neque
2732 4085 2910 4128 tactus
2936 4088 3112 4141 neque
3136 4070 3449 4140 magnitudo
3468 4065 3672 4120 intelli-

2091 4168 2261 4236 genda
2315 4167 2405 4229 sit,
2457 4175 2641 4220 mente
2687 4165 2799 4218 sola
2851 4162 3253 4230 conspicabilis,
3301 4174 3465 4228 quam
3505 4165 3672 4226 prout

2093 4257 2206 4310 vult
2239 4257 2382 4326 quis,
2419 4257 2491 4310 ita
2541 4268 2596 4309 et
2649 4254 2928 4316 nominat;
2982 4268 3105 4306 nam
3149 4251 3325 4305 Graeci
3379 4247 3670 4318 ἀσώματον

2091 4365 2232 4416 eam,
2291 4349 2343 4402 id
2394 4358 2477 4402 est
2532 4347 2910 4416 incorporeum
2961 4343 3246 4407 dixerunt,
3295 4341 3492 4394 divina:
3541 4352 3671 4391 ve.o

2095 4443 2392 4511 Scriptura:
2441 4439 2770 4494 invisibilem
2800 4454 2921 4491 esse
2950 4435 3349 4505 pronuntiant:
3374 4425 3671 4498 imaginem

413 4532 482 4585 ab
507 4532 594 4586 his
617 4531 837 4600 quidem
879 4533 1088 4586 naturis
1122 4546 1241 4600 quae
1267 4531 1518 4600 quamvis
1546 4531 1846 4589 diviniores
1881 4535 1989 4589 sint
2025 4549 2069 4606 ι)
2095 4532 2241 4586 ειιίιιι
2265 4529 2554 4582 invisibilis
2574 4527 2666 4581 Dei
2687 4527 2888 4581 Paulus
2903 4524 3160 4594 dicit(45)
3185 4537 3303 4578 esse
3320 4518 3668 4576 Christum".

415 4636 581 4689 quam
631 4621 869 4675 humana
916 4630 1020 4687 est,
1058 4621 1218 4676 facta:
1249 4631 1430 4677 tamen
1484 4631 1542 4676 et
1577 4623 1710 4691 ipsa:
1743 4634 1870 4679 sunt
1909 4627 1988 4680 vel

418 4716 648 4774 creatte;
680 4709 858 4764 sciens
885 4724 1016 4781 ergo
1047 4709 1190 4778 quod
1217 4725 1247 4762 a
1278 4709 1424 4763 nulla
1451 4709 1644 4764 harum
1679 4726 1856 4781 neque
1889 4715 1993 4766 ini-

488 4840 534 4872 "
551 4839 641 4894 Ps.
659 4855 806 4903 xuv,
838 4841 925 4895 ﬂ.
1000 4841 1047 4874 δ⁸
1069 4841 1226 4894 Rom.
1253 4855 1330 4899 XI,
1362 4841 1451 4893 '53.
1528 4840 1570 4870 ⁸⁷
1592 4840 1726 4895 Ibid.

420 4925 530 4976 xvn,
562 4910 654 4964 22.
731 4912 776 4943 ⁵³
804 4911 1016 4966 Coloss.
1053 4926 1092 4975 ι,
1117 4912 1202 4964 15.
1307 4910 1352 4940 ⁵³
1381 4909 1515 4966 Ibid.
1545 4911 1629 4963 17.

489 5025 603 5095 ('59)
634 5027 752 5081 Dei.
783 5029 944 5082 Deest
971 5029 1022 5082 in
1057 5029 1240 5091 editis,
1281 5033 1374 5081 sed
1412 5029 1641 5084 habetur
1675 5031 1729 5085 in
1761 5046 1890 5086 mss.

487 5095 605 5164 (ιο)
637 5095 820 5152 Posse.
856 5098 1016 5152 Deest
1051 5099 1176 5150 item
1210 5099 1262 5151 in
1298 5100 1477 5153 editis.

493 5165 608 5234 (41)
649 5164 795 5221 Nam
830 5177 878 5221 et
924 5167 1172 5220 Ilebrazus
1216 5169 1424 5233 doctor,
1475 5176 1582 5223 etc.
1628 5167 1757 5224 Vide
1808 5170 1903 5224 lib.
1949 5187 1990 5232 ι,

422 5251 543 5310 ρει).
577 5237 633 5300 5,
660 5253 714 5289 ιι.
749 5238 806 5301 4,
839 5238 928 5292 ubi
961 5241 1151 5290 eadem
1200 5237 1313 5291 fere
1359 5238 1706 5310 reperiuntur
1748 5251 1802 5310 et
1829 5243 1992 5296 verba

423 5305 608 5376 Grmca
636 5317 1002 5376 apponuntur.
1423 5305 1439 5310 ⁷
1747 5309 1759 5315 ”

497 5375 610 5445 (42)
650 5373 946 5446 semp/tim.
982 5378 1138 5431 Deest
1169 5377 1222 5430 in
1255 5378 1437 5434 editis.
1467 5377 1666 5432 ibidem
1709 5393 1862 5444 mss.,
1898 5399 1915 5430 ι
1941 5382 1992 5434 ἰιι

429 5444 693 5517 Γιιειείῡεί
729 5444 860 5501 et-in
888 5447 1116 5517 pedibus
1143 5448 1280 5517 ejus.
1303 5469 1322 5502 ι
1351 5449 1516 5516 Editi,
1552 5467 1570 5499 ι
1593 5449 1645 5502 in
1677 5450 1869 5502 faciem
1901 5451 1993 5504 Dei

428 5525 483 5588 et
509 5516 614 5588 sub
637 5517 861 5588 pedibus
889 5516 1028 5585 ejus.
1055 5536 1074 5570 ι
1113 5516 1257 5573 Infra
1289 5535 1420 5574 mss.
1460 5537 1479 5570 ι
1502 5533 1636 5588 quos
1669 5533 1990 5574 annumera-

429 5586 508 5658 vit
538 5586 780 5658 spiritus.
806 5606 824 5639 ι
865 5588 1030 5651 Editi,
1068 5605 1087 5639 ι
1113 5589 1205 5658 qui
1238 5586 1667 5643 annumerantur
1697 5589 1943 5656 spiritus.
1970 5608 1988 5641 ι

433 5651 596 5733 Paulo
623 5666 741 5723 post
771 5672 926 5719 mss.,
983 5677 1002 5708 ι
1027 5651 1236 5733 assequi
1287 5669 1558 5733 poterunt.
1581 5677 1599 5709 ι
1652 5651 1816 5733 Editi,
1838 5729 1847 5733 _
1869 5677 1887 5710 ι
1908 5675 1995 5733 as-

433 5729 584 5790 sequi
631 5735 982 5791 potuerunt.»
1036 5729 1174 5782 Infra
1215 5745 1327 5784 mss
1355 5769 1370 5794 ,
1419 5732 1547 5785 «cui
1595 5738 1675 5786 εει
1715 5729 1883 5797 gloria
1939 5730 1991 5784 in

1806 4843 1850 4876 ’⁵⁸
1877 4849 2048 4904 Eccle.
2079 4867 2171 4910 vn,
2197 4849 2288 4900 Ἡ.

2100 4624 2204 4676 Sed
2228 4631 2281 4674 et
2311 4637 2521 4674 rursum
2546 4635 2642 4688 per
2668 4620 2945 4674 Christum
2971 4626 3155 4672 creata
3185 4615 3321 4670 dixit
3341 4629 3462 4669 esse
3489 4610 3671 4667 omnia

2100 4713 2339 4768 visibilia
2390 4725 2446 4766 et
2492 4711 2868 4767 invisibilia”.
2902 4710 3006 4764 Per
3032 4711 3176 4778 quod
3217 4709 3526 4762 declaratur
3552 4716 3672 4757 esse

2367 4847 2535 4901 "lsa.
2570 4863 2682 4914 xu,
2707 4847 2910 4912 22,25.
2987 4848 3150 4902 “lsa.
3185 4861 3262 4908 vt,
3299 4845 3354 4898 '5.
3431 4841 3669 4896 “Eccli.

2096 5030 2316 5084 ssecula.
2339 5049 2356 5082 ι
2376 5029 2539 5095 Editi,
2564 5049 2583 5082 ι
2605 5031 2691 5085 ευί
2717 5041 2799 5085 εει
2823 5031 2990 5097 gloria
3028 5030 3081 5098 in
3107 5030 3300 5084 satcula
3327 5029 3671 5090 saeculorum,

2100 5115 2278 5156 amen.
2317 5119 2335 5152 ι
2389 5099 2508 5154 Mox
2543 5115 2670 5155 mss.
2707 5119 2726 5152 ι
2758 5115 2944 5168 parum
2992 5101 3058 5155 de
3101 5099 3429 5154 nominibus.
3457 5118 3476 5151 ι
3509 5100 3672 5159 Editi,

2107 5189 2123 5222 ι
2163 5185 2352 5239 parum
2379 5173 2446 5226 de
2466 5171 2718 5225 (millibus
2743 5169 3069 5224 nominibus.
3104 5192 3123 5220 ο

2165 5240 2282 5364 ῥῶ)
2323 5238 2528 5294 Paulus
2557 5242 2702 5294 dicit.
2725 5239 2815 5294 Sic
2837 5255 2968 5294 mss.
2999 5239 3136 5293 Editi
3169 5253 3320 5303 vero,
3361 5257 3381 5290 ι
3419 5238 3624 5293 dicunt.
3651 5255 3670 5288 ι

2189 5327 2245 5364 ra
2301 5325 2456 5364 mss..
2519 5328 2536 5362 ι
2560 5324 2787 5364 quorum
2847 5309 3178 5364 signiﬁcatio
3234 5309 3452 5364 Dronrie
3511 5308 3670 5364 nullis

2101 5308 2456 5389 Infra'mss.,
2519 5324 2787 5389 tquorum
2847 5309 3178 5389 significatio
3233 5309 3452 5389 proprie
3511 5308 3678 5389 nullis

2095 5381 2315 5435 omnino
2362 5388 2535 5449 potest
2591 5384 2842 5433 htnnanas
2887 5377 2959 5433 lin
3001 5395 3081 5434 uae
3116 5377 3460 5433 sermonibus
3509 5377 3678 5446 expli-

2095 5452 2226 5503 cari.
2256 5469 2276 5501 ι
2309 5449 2472 5503 Editi.
2505 5467 2523 5500 ι
2545 5464 2778 5503 quorum
2814 5396 3274 5503 signiﬁcationem
3310 5449 3527 5503 Dronrie
3564 5447 3678 5498 nul-

2095 5452 2226 5505 eari.
2256 5469 2276 5501 ι
2309 5447 2472 5516 Editi,
2505 5467 2523 5500 ι
2545 5464 2778 5517 quorum
2814 5447 3274 5520 signiﬁcationem
3310 5449 3527 5520 proprie
3564 5447 3680 5498 nul-

2097 5521 2179 5573 lus
2209 5521 2429 5573 omnino
2461 5528 2642 5588 potest
2682 5518 2929 5574 humana:
2957 5519 3156 5589 linguae
3198 5518 3542 5573 sermonibus
3579 5530 3678 5570 ex-

2101 5590 2322 5659 plicare.
2359 5609 2378 5642 ι
2415 5591 2578 5644 Paulo
2604 5599 2723 5659 post
2757 5605 2888 5645 mss.
2919 5599 3067 5646 recte
3092 5591 3313 5643 omnino
3341 5603 3354 5640 :
3383 5606 3401 5638 ι
3425 5603 3558 5659 nou
3580 5601 3676 5655 pro

2102 5656 2642 5739 vilitatesermouis.
2669 5680 2689 5712 ο
2720 5660 2858 5717 Male
2914 5659 3066 5727 editi,
3107 5672 3256 5732 «nou
3294 5672 3394 5726 pro
3441 5656 3678 5711 utilitate

2102 5743 2391 5788 SCI'IIIOIIIS.
2421 5749 2439 5780 ι
