3974 6160
312 342 440 408 ’403

1535 346 1855 403 ORIGENIS
1894 345 2050 398 ΠΕΡΙ
2090 342 2314 397 ΔΡΧΩΝ

3468 335 3572 391 404

322 468 497 525 Filius
522 468 796 541 'splendor
831 471 968 527 lucis
1003 477 1217 526 aeterna:
1250 468 1318 525 sit
1341 468 1408 526 ⁸⁸.
1448 468 1601 523 Sicut
1646 483 1774 536 ergo
1809 467 1891 519 lnx

2005 474 2058 516 et
2085 465 2136 518 in
2168 463 2333 517 Paulo
2358 469 2474 515 erat
2501 458 2855 524 Christus,’in
2889 457 3146 514 Michaele
3171 471 3301 511 vero
3335 458 3569 511 archan-

322 575 604 630 nunquam
634 563 751 617 sine
780 563 1063 632 splendore
1097 575 1217 616 esse
1250 562 1444 631 potuit,
1475 562 1546 614 ita
1592 575 1693 614 nec
1727 559 1897 613 Filius

325 652 540 718 quidem
571 653 687 708 sine
717 653 876 707 Patre
907 652 1129 721 intelligi
1170 660 1362 721 potest,
1395 651 1488 720 qui
1517 661 1570 705 et
1607 649 1774 718 ﬁgura
1800 664 1898 702 ex-

321 755 508 810 pressa
536 743 845 797 substantia:
891 742 1028 810 ejus,
1057 755 1111 798 et
1146 744 1404 806 Verbum,
1437 754 1490 797 et
1520 742 1787 810 sapientia
1816 742 1896 793 di-

325 833 485 886 citur.
515 833 789 898 Quomodo
809 849 939 904 ergo
964 845 1137 905 potest
1159 836 1288 899 dici,
1317 834 1440 903 quia
1475 833 1577 888 fuit
1608 833 1898 900 aliquando

325 924 542 991 quando
577 941 680 980 non
711 926 814 979 fuit
844 927 1049 982 Filius?
1082 927 1224 980 Nihil
1251 929 1392 982 enim
1441 925 1583 979 aliud
1617 935 1700 979 cst
1736 924 1786 977 id
1815 925 1897 977 di-

323 1027 466 1079 cere,
507 1013 608 1070 nisi
642 1017 767 1085 quia
819 1017 921 1072 fuit
972 1017 1262 1087 aliquando
1308 1018 1524 1086 quando
1565 1017 1760 1071 veritas
1791 1030 1897 1070 non

323 1106 463 1168 erat,
500 1107 715 1173 quando
749 1108 1014 1176 sapientia
1059 1123 1164 1162 non
1203 1116 1340 1172 erat,
1389 1107 1603 1175 quando
1647 1107 1754 1160 vita
1793 1122 1894 1160 non

322 1194 506 1262 fuerit,
535 1213 657 1252 cum
691 1199 744 1251 in
785 1199 867 1253 his
898 1200 1146 1253 omnibus
1178 1199 1413 1268 perfecte
1447 1199 1539 1252 Dei
1575 1198 1747 1252 Patris
1772 1199 1898 1251 sub-

323 1289 520 1342 stantia
552 1300 862 1344 censeatur.
901 1290 1014 1345 Non
1049 1291 1190 1344 enim
1223 1291 1290 1344 ab
1319 1304 1385 1342 eo
1420 1289 1598 1343 dirimi
1642 1292 1776 1350 11100,
1813 1286 1895 1338 vel

322 1383 391 1436 ab
421 1382 536 1450 eius
564 1390 790 1450 possunt
841 1397 1074 1448 unquam
1129 1381 1430 1435 substantia
1478 1379 1738 1446 separari.
1770 1377 1898 1442 Qua:

324 1472 540 1540 quidem
572 1472 818 1540 quamvis
853 1470 1124 1523 intellectu
1159 1471 1325 1522 multa
1358 1485 1480 1523 esse
1525 1469 1798 1530 dicantur,
1841 1482 1898 1521 re

327 1573 503 1615 tamen
537 1571 590 1614 et
619 1561 918 1616 substantia
949 1577 1112 1613 unum
1144 1569 1290 1624 sunt,
1322 1561 1372 1613 in
1403 1561 1596 1628 quibus
1623 1559 1898 1628 plenitudo

324 1661 406 1706 est
433 1653 753 1705 divinitatis.
785 1651 894 1705 lloc
917 1659 1092 1704 autem
1123 1652 1298 1718 ipsum
1326 1651 1464 1718 quod
1494 1650 1746 1714 dicimus,
1769 1648 1896 1718 quia

326 1757 595 1810 nunquam
642 1741 739 1794 fuit
783 1742 995 1809 quando
1033 1756 1134 1794 non
1174 1741 1289 1804 fuit,
1326 1757 1448 1794 cum
1484 1741 1639 1794 venia
1673 1741 1898 1794 audien-

323 1834 448 1887 dum
475 1845 578 1888 est.
613 1832 746 1885 Nam
775 1842 829 1886 et
863 1833 974 1886 11100
1001 1833 1113 1901 ipsa
1144 1833 1358 1885 nomina
1395 1831 1706 1900 temporalis
1732 1846 1892 1885 voca-

325 1924 430 1978 buli
471 1924 886 1990 signilicantiam
931 1934 1146 1992 gerunt,
1191 1923 1240 1977 id
1272 1932 1353 1976 est
1392 1924 1604 1991 quando
1644 1922 1893 1976 1⁷01111111-

323 2031 519 2081 quam;
551 2030 710 2082 supra
743 2030 903 2067 omne
951 2024 1126 2068 autem
1170 2024 1401 2082 tempus,
1436 2022 1486 2067 el
1521 2029 1682 2082 supra
1709 2014 1890 2066 omnia

323 2109 537 2170 stecula,
567 2115 622 2160 et
665 2121 825 2174 supra
861 2121 1074 2158 omnem
1130 2105 1490 2158 :eternitatem
1547 2103 1890 2172 intelligenda

321 2204 448 2249 sunt
477 2210 540 2250 ea
570 2209 687 2263 quae
719 2196 782 2248 de
812 2196 968 2249 Patre
1003 2203 1056 2248 et
1086 2195 1220 2247 Filio
1253 2202 1308 2247 et
1349 2191 1549 2262 Spiritu
1591 2201 1780 2245 sancto
1809 2191 1859 2243 di
1881 2219 1892 2230 -

319 2297 536 2342 cuntur.
571 2287 697 2342 Haec
741 2288 882 2341 enim
931 2287 1044 2341 sola
1093 2285 1331 2340 Trinitas
1382 2293 1466 2340 est
1514 2299 1632 2352 qua:
1677 2299 1890 2337 omnem

320 2392 534 2432 sensum
570 2377 937 2447 intelligentia:
966 2391 1070 2430 non
1119 2375 1290 2428 solum
1339 2374 1676 2444 temporalis,
1703 2389 1892 2428 verum

319 2469 480 2522 etiam
511 2469 780 2523 πίει-1111115
807 2469 1036 2522 excedit.
1068 2467 1275 2521 Caetera
1322 2481 1453 2520 vero
1487 2481 1608 2534 quae
1641 2475 1766 2520 sunt
1792 2481 1890 2521 ex-

323 2572 403 2612 tra
437 2559 777 2627 Trinitatem,
828 2560 878 2613 111
927 2561 1145 2614 smcnlis
1195 2569 1248 2614 et
1299 2562 1348 2614 in
1400 2561 1731 2628 temporibus
1777 2577 1892 2614 me-

319 2651 498 2704 tienda
530 2662 675 2704 sunt.
713 2651 864 2705 Hunc
899 2651 1063 2720 igitur
1087 2649 1280 2703 Filium
1309 2651 1400 2704 Dei
1428 2651 1725 2705 secundum
1747 2652 1890 2722 quod

325 2742 559 2796 Verbum
595 2755 676 2796 est
696 2743 835 2796 Deus
860 2741 1001 2810 quod
1025 2741 1217 2794 eratin
1244 2741 1508 2809 principio
1534 2741 1672 2810 apud
1701 2742 1889 2806 Deum,

320 2847 479 2887 nemo
513 2843 909 2896 consequenter
936 2831 1047 2902 (46)
1079 2831 1290 2900 putabit
1318 2832 1369 2885 in
1403 2831 1520 2886 loco
1548 2833 1732 2902 aliquo
1763 2849 1891 2887 0011-

321 2924 502 2988 tineri,
533 2939 708 2992 neque
753 2925 1046 2978 secundum
1076 2923 1217 2990 quod
1261 2923 1527 2991 sapientia
1573 2934 1678 2990 est,
1717 2940 1892 2994 neque

321 3014 619 3066 secundum
650 3014 791 3081 quod
835 3015 1036 3066 veritas
1061 3023 1164 3076 est,
1209 3028 1386 3080 neque
1427 3016 1722 3068 secundum
1751 3016 1889 3081 quod

324 3105 432 3157 vita
465 3114 571 3168 est,
606 3103 688 3156 vel
732 3103 961 3172 justitia,
998 3102 1076 3156 vel
1125 3104 1503 3170 sanctilieatio,
1555 3105 1638 3159 vel
1682 3106 1892 3159 redem-

322 3194 458 3260 ptio.
490 3193 615 3246 111110
644 3194 786 3246 0111111
813 3194 992 3246 omnia
1024 3207 1128 3246 non
1177 3193 1421 3262 indigent
1453 3195 1591 3261 loco,
1632 3205 1690 3248 ut
1731 3211 1891 3266 agere

323 3282 453 3351 quid
488 3282 572 3335 vel
601 3283 810 3351 operari
857 3283 1084 3350 possint,
1131 3283 1225 3337 sed
1259 3298 1357 3352 pro
1407 3284 1492 3337 his
1543 3284 1634 3354 qui
1674 3285 1890 3342 virtutis

323 3374 441 3443 ejus
478 3373 972 3442 inoperationisque
1007 3373 1352 3442 participant,
1400 3374 1516 3428 haec
1559 3375 1890 3446 5109111110-

327 3464 608 3534 telligenda
641 3472 786 3518 sunt.

392 3554 481 3609 29.
518 3555 574 3608 Si
608 3569 737 3609 vero
766 3555 886 3624 quis
921 3555 1063 3611 dicet
1086 3572 1185 3625 per
1209 3571 1305 3611 eos
1330 3559 1419 3628 qui
1449 3559 1739 3630 participes
1766 3569 1892 3615 sunt

323 3645 492 3700 Verbi
545 3647 660 3708 Dei,
712 3647 795 3700 vel
849 3648 1130 3716 sapientia:
1175 3651 1311 3716 ejus,
1366 3651 1450 3704 vel
1505 3652 1771 3717 veritatis,
1806 3652 1890 3705 vel

319 3736 469 3801 vitae,
495 3737 660 3791 etiam
694 3737 866 3806 ipsum
911 3725 1148 3792 Verbum
1186 3747 1239 3794 et
1268 3740 1593 3808 sapientiam
1626 3743 1800 3796 videri
1835 3743 1887 3795 in

322 3828 442 3882 loco
464 3842 614 3891 esse;
649 3832 1074 3897 respondendum
1119 3840 1203 3884 est
1247 3831 1318 3898 ei,
1353 3834 1477 3901 quia
1527 3833 1747 3886 dubium
1781 3849 1886 3888 non

319 3929 407 3972 est
442 3919 581 3986 quod
613 3917 863 3973 Christus
895 3923 1188 3975 secundum
1236 3923 1380 3990 quod
1429 3921 1664 3977 Verbum
1709 3932 1763 3977 et
1799 3938 1884 3976 sa-

321 4006 528 4075 pientia
564 4018 648 4062 est
692 4009 774 4061 vel
821 4021 1014 4065 caetera
1046 4013 1249 4074 omnia,
1295 4022 1412 4064 erat
1452 4013 1502 4064 in
1535 4013 1721 4077 Paulo,
1767 4027 1890 4077 pro-

322 4107 444 4165 pter
487 4099 627 4167 quod
673 4099 930 4153 dicebat:
967 4103 1117 4155 «Aut
1171 4102 1602 4168 experimentum
1649 4101 1890 4168 quaeritis

320 4185 437 4253 ejus
478 4187 570 4256 qui
611 4187 661 4240 in
711 4203 797 4244 me
840 4189 1074 4257 loquitur
1115 4189 1495 4244 Cliristusas?»
1531 4189 1597 4242 Et
1648 4189 1841 4243 iterum
1875 4207 1888 4242 :

325 4296 345 4330 1
386 4276 516 4334 Vivo
551 4291 727 4334 autem
767 4281 877 4350 jam
913 4296 1016 4335 11011
1059 4297 1176 4350 ego,
1217 4283 1348 4336 vivit
1394 4298 1521 4337 vero
1553 4283 1807 4337 Christus
1839 4283 1890 4335 in

2003 555 2144 624 gelo,
2184 554 2316 607 etin
2353 551 2603 607 Gabriele
2650 567 2756 605 non
2808 559 2944 607 erat.
2999 549 3078 603 Ex
3133 564 3238 617 quo
3286 545 3574 603 manifeste

1999 645 2444 714 deprehenditur,
2474 643 2597 711 quia
2639 641 2900 696 divinitas
2937 641 3056 694 Filii
3106 640 3200 695 Dei
3235 655 3340 694 non
3369 641 3420 693 111
3449 640 3571 694 1000

2002 739 2183 804 aliquo
2210 734 2666 798 concludebatur;
2709 732 2946 797 alioquin
2975 734 3026 785 in
3055 731 3173 800 ipso
3201 741 3412 784 tantum
3440 730 3573 783 fuis-

2003 839 2107 888 set,
2141 834 2193 878 ct
2223 826 2275 878 in
2312 825 2418 877 alio
2447 839 2550 878 non
2586 824 2813 887 fuisset;
2852 823 2945 876 sed
2980 822 3278 876 secundum
3321 822 3572 890 incorpo-

2003 932 2107 968 rca:
2137 926 2343 968 natura:
2375 914 2704 981 majestatem
2735 928 2854 966 cum
2891 928 2917 964 a
2958 912 3100 965 nullo
3129 911 3248 965 loco
3279 911 3570 965 concluda-

2001 1015 2110 1068 tur,
2151 1007 2201 1058 in
2237 1006 2381 1058 nullo
2410 1019 2622 1059 rursum
2655 1005 2842 1057 deesse
2876 1005 3212 1071 intelligitur.
3249 1004 3442 1056 Verum
3477 1003 3565 1056 illa

2002 1099 2112 1152 sola
2149 1097 2451 1152 differentia
2486 1099 2829 1168 intelligenda
2857 1107 2964 1162 est,
2999 1097 3143 1166 quod
3175 1097 3386 1149 etiamsi
3420 1095 3490 1150 sit
3515 1095 3569 1149 in

2003 1189 2250 1252 diversis,
2290 1191 2430 1243 sicut
2483 1190 2743 1255 diximus,
2799 1189 2850 1242 in
2895 1189 3075 1252 Petro,
3128 1190 3210 1244 vel
3259 1189 3450 1257 Paulo,
3487 1191 3571 1243 vel

2000 1278 2277 1342 Michaelc,
2312 1282 2390 1333 vel
2427 1280 2695 1344 Gabrielc,
2733 1295 2836 1334 non
2893 1291 3068 1334 tamen
3107 1281 3353 1335 similiter
3393 1291 3476 1334 est
3515 1281 3568 1335 in

2000 1367 2288 1421 universis.
2320 1367 2535 1421 Plenius
2568 1369 2712 1420 enim
2748 1378 2801 1422 et
2850 1369 3070 1432 clarius,
3107 1378 3180 1435 et,
3213 1378 3267 1424 ut
3306 1370 3378 1422 ita
3413 1371 3570 1423 dixe-

2003 1453 2126 1519 rim,
2154 1457 2394 1526 apertius
2428 1457 2478 1508 in
2515 1458 2856 1528 archangelis
2888 1468 2972 1512 est
3021 1474 3182 1527 quam
3231 1460 3282 1511 in
3319 1459 3435 1512 aliis
3455 1460 3568 1530 (47)

1999 1550 2204 1603 sanctis
2250 1548 2400 1601 viris.
2441 1548 2594 1616 191
2648 1550 2797 1614 Quod
2847 1565 2911 1603 ex
2961 1566 3026 1603 eo
3069 1549 3413 1603 manifestmn
3463 1561 3570 1614 est,

1999 1643 2121 1710 quia
2151 1656 2270 1695 cum
2308 1641 2373 1693 ad
2398 1656 2664 1694 summam
2699 1641 3087 1708 perfectionem
3119 1643 3370 1695 venerint
3396 1643 3571 1696 sancti

1998 1733 2218 1799 quique,
2251 1732 2506 1786 dicuntur
2539 1731 2740 1785 similes
2771 1733 2979 1801 angelis
3008 1732 3170 1794 eliici,
3206 1735 3289 1786 vel
3315 1735 3574 1803 mquales,

2001 1821 2299 1874 secundum
2343 1821 2709 1888 evangelicum
2743 1823 3069 1875 sententiam
3121 1823 3186 1876 ⁵⁸.
3245 1822 3396 1878 Unde
3441 1839 3574 1878 con-

2003 1919 2109 1962 stat
2142 1913 2192 1963 in
2223 1910 2447 1978 singulis
2497 1911 2798 1978 quibusque
2832 1921 3036 1965 tantum
3089 1911 3227 1967 elIici
3272 1912 3570 1978 Christum,

2002 2012 2258 2067 quantum
2290 2001 2422 2051 ratio
2456 1999 2735 2052 indulserit
2767 2002 3104 2055 meritorum.

2071 2091 2158 2143 50.
2199 2091 2290 2143 llis
2331 2091 2491 2158 igitur
2528 2091 2681 2144 nobis
2726 2094 2790 2144 de
2842 2091 3124 2146 Trinitatis
3166 2095 3382 2148 ratione
3432 2094 3564 2150 bre-

2003 2181 2140 2235 viter
2172 2183 2438 2247 repetitis,
2471 2199 2810 2252 consequens
2837 2195 2918 2239 est
2955 2186 3084 2238 illud
3135 2187 3300 2239 etiam
3332 2188 3572 2242 breviter

2003 2275 2316 2337 admonere,
2346 2274 2486 2342 quod
2517 2289 2614 2342 per
2651 2275 2844 2328 Filium
2887 2293 2905 2327 1
2933 2287 3117 2330 creata
3161 2277 3413 2331 dicuntur
3455 2295 3577 2334 om-

2003 2365 2088 2415 nia
2123 2378 2241 2430 quae
2273 2363 2323 2416 in
2356 2365 2506 2419 caelis
2535 2377 2685 2431 sunt,
2715 2375 2769 2418 et
2799 2382 2917 2434 qua:
2961 2369 3013 2420 in
3047 2377 3211 2434 terra,
3249 2369 3479 2423 visibilia
3514 2378 3573 2423 et

2004 2454 2334 2519 invisibilia,
2391 2456 2508 2509 sive
2562 2458 2773 2523 throni,
2825 2459 2938 2513 sive
2985 2459 3409 2524 dominationes,
3459 2461 3574 2514 sive

2003 2547 2357 2616 principatus,
2391 2549 2504 2602 sive
2540 2559 2855 2618 potestates,
2884 2553 3064 2604 omnia
3098 2566 3192 2620 per
3228 2555 3400 2620 ipsum
3429 2562 3486 2606 et
3516 2554 3570 2606 in

2005 2639 2120 2706 ipso
2162 2649 2344 2692 creata
2381 2651 2524 2706 sunt,
2554 2651 2608 2694 et
2644 2642 2755 2710 ipse
2779 2653 2861 2694 est
2891 2651 3014 2695 ante
3053 2659 3265 2708 omnes,
3295 2652 3348 2697 et
3387 2645 3572 2698 omnia

2003 2729 2074 2782 illi
2129 2739 2375 2783 constant
2432 2731 2521 2799 qui
2581 2742 2666 2786 est
2718 2735 3023 2802 01111111⁵9.»
3076 2734 3282 2800 Quibus
3337 2751 3571 2789 consona

2001 2821 2162 2874 etiam
2197 2819 2432 2876 Joannes
2464 2822 2516 2874 in
2551 2823 2846 2892 Evangelio
2872 2825 3020 2888 dicit,
3051 2826 3173 2892 quia
3208 2844 3225 2875 1
3257 2827 3436 2877 omnia
3475 2841 3574 2893 per

2004 2910 2174 2974 ipsum
2206 2909 2346 2963 facta
2385 2921 2530 2974 sunt,
2558 2922 2611 2964 et
2645 2914 2763 2966 sine
2806 2915 2917 2982 ipso
2956 2913 3153 2968 factum
3199 2923 3281 2967 est
3313 2916 3444 2968 nihil
3468 2917 3570 2969 ⁵ο.»

2002 2999 2166 3055 David
2199 3017 2326 3055 vero
2370 3003 2538 3057 totius
2574 3003 2858 3059 Trinitatis
2896 3007 3210 3074 mysterium
3255 3005 3305 3057 in
3353 3007 3574 3061 univer-

2001 3106 2181 3145 sorum
2218 3093 2528 3147 conditione
2559 3094 2876 3162 significans
2907 3096 3015 3166 (48)
3053 3099 3127 3150 ait
3159 3121 3170 3156 :
3211 3118 3228 3151 1
3257 3101 3433 3157 Verbo
3471 3098 3576 3151 Do-

2005 3191 2136 3244 mini
2177 3191 2300 3245 cceli
2345 3191 2546 3247 ﬁrmati
2573 3203 2718 3260 sunt,
2764 3205 2822 3249 et
2857 3197 3049 3264 spiritu
3097 3198 3208 3254 oris
3235 3199 3350 3267 ejus
3397 3199 3575 3253 ontnis

2006 3283 2180 3338 virtus
2208 3287 2488 3340 eorum“.
2513 3305 2531 3337 1
2583 3287 2711 3342 Post
2745 3287 2856 3342 haec
2901 3305 3030 3343 vero
3064 3301 3433 3360 competenter
3469 3293 3568 3344 ad-

2004 3375 2341 3429 monebimus
2386 3377 2452 3431 de
2508 3379 2740 3432 adventu
2791 3381 3053 3450 corporali
3102 3391 3153 3436 et
3190 3383 3559 3436 incarnatione

2003 3466 2267 3536 unigeniti
2296 3467 2415 3521 Filii
2461 3469 2551 3522 Dei
2583 3486 2596 3523 :
2631 3470 2682 3523 in
2711 3486 2817 3539 quo
2851 3487 2954 3525 non
2987 3473 3057 3525 ita
3095 3473 3432 3527 sentiendum
3465 3482 3568 3534 est,

2003 3560 2145 3627 quod
2176 3562 2350 3613 omnis
2380 3561 2686 3617 divinitatis
2729 3564 2848 3633 ejus
2888 3564 3141 3633 majestas
3177 3565 3318 3617 intra
3365 3564 3571 3617 brevis-

1997 3651 2116 3704 simi
2170 3654 2414 3719 corporis
2463 3654 2698 3708 claustra
2755 3655 3014 3710 conclusa
3045 3664 3148 3719 est,
3191 3657 3262 3708 ita
3307 3665 3363 3707 ut
3409 3672 3574 3709 omne

1997 3741 2230 3795 Verbum
2257 3741 2347 3794 Dei
2377 3752 2429 3796 et
2455 3745 2717 3812 sapientia
2743 3746 2855 3813 ejus
2881 3763 2946 3802 ac
2969 3747 3338 3802 substantialis
3369 3749 3570 3803 veritas

1998 3845 2059 3883 ac
2104 3831 2245 3896 vita,
2289 3833 2368 3887 vel
2419 3849 2448 3886 a
2488 3833 2650 3889 Patre
2707 3837 2914 3892 divulsa
2965 3839 3070 3902 sit,
3122 3839 3203 3893 vel
3255 3841 3392 3914 intra
3445 3855 3568 3893 cor-

1997 3913 2141 3990 poris
2173 3921 2282 3992 (49)
2329 3923 2443 3991 ejus
2488 3928 2724 3980 coercita
2761 3939 2815 3981 et
2864 3932 3172 3999 conscripta
3225 3932 3565 3994 brevitatem,

1999 4028 2095 4065 nec
2132 4029 2359 4082 usquam
2416 4027 2674 4084 praeterea
2729 4027 2942 4087 putetur
2987 4029 3244 4086 Operata;
3292 4021 3384 4073 sed
3421 4022 3565 4074 inter

1999 4114 2286 4174 utrumque
2339 4119 2497 4160 cauta
2535 4110 2752 4176 pietatis
2803 4112 2961 4164 debet
3009 4127 3128 4166 esse
3171 4111 3465 4174 confessio,
3504 4121 3564 4164 ut

1999 4210 2173 4263 neque
2210 4197 2412 4267 aliquid
2456 4199 2758 4254 divinitatis
2809 4203 2859 4253 111
2891 4201 3107 4255 Christo
3153 4202 3393 4256 defuisse
3437 4217 3560 4255 cre-

2000 4287 2179 4355 datur,
2218 4297 2270 4341 et
2305 4289 2448 4342 nulla
2500 4293 2715 4359 penitus
2741 4307 2770 4344 a
2817 4304 3034 4360 paterna
3091 4295 3415 4356 substantia,
3448 4309 3568 4362 qute

319 4372 485 4424 me“.
509 4389 529 4424 1
559 4371 710 4427 Τ11110
734 4388 865 4442 ergo
893 4389 1012 4427 cum
1043 4383 1187 4427 esset
1219 4375 1270 4427 in
1307 4373 1492 4442 Paulo,
1527 4376 1648 4444 quis
1681 4375 1895 4429 dubita-
1925 4397 1970 4452 ι)
2001 4381 2198 4448 ubique
2224 4389 2324 4444 est,
2356 4381 2492 4434 facta
2525 4391 2743 4449 putetur
2773 4399 2891 4436 esse
2921 4385 3136 4438 divisio.
3168 4385 3296 4439 Tale
3328 4400 3560 4452 namque

320 4461 399 4514 bit
426 4463 567 4530 quod
599 4463 853 4518 similiter
878 4465 1069 4518 eratin
1103 4464 1283 4530 Petro,
1311 4475 1366 4519 et
1396 4467 1446 4518 in
1477 4467 1708 4529 Joanne,
1747 4477 1801 4520 et
1832 4466 1884 4519 in

320 4553 545 4621 singulis
571 4556 873 4624 quibusque
923 4568 1259 4623 sanctorum,
1287 4568 1469 4611 etnon
1496 4559 1671 4612 solum
1711 4561 1763 4610 in
1808 4558 1893 4610 bis

321 4643 413 4707 qui
437 4643 488 4694 in
519 4644 679 4698 terris
706 4656 852 4710 sunt,
876 4662 1062 4701 verum
1085 4649 1214 4702 etin
1242 4649 1326 4701 his
1359 4648 1447 4716 qui
1477 4648 1529 4700 111
1562 4648 1716 4701 caelis
1739 4649 1894 4704 sunt?

321 4731 626 4787 Absurdum
653 4750 887 4802 namque
912 4750 995 4790 est
1023 4738 1226 4804 dicere,
1259 4738 1384 4807 quia
1411 4739 1461 4791 in
1493 4737 1652 4792 Petro
1676 4738 1892 4808 quidem

393 4896 439 4928 ⁸⁵
463 4895 630 4951 Hebr.
665 4915 703 4953 1.
797 4898 842 4929 ⁵⁸
875 4897 918 4950 ll
949 4897 1078 4952 Cor.
1115 4913 1238 4965 xm,
1271 4900 1327 4952 5.

317 4981 361 5030 1,
390 4966 446 5021 5.
523 4967 566 4998 ⁶¹
593 4967 795 5022 Psalm.
824 4983 998 5033 11111111,
1031 4969 1086 5023 6.

1405 4898 1447 4928 ⁵⁷
1475 4897 1654 4956 Galat.
1691 4914 1753 4965 11,
1788 4898 1878 4953 20.

317 5131 472 5196 editi,
529 5128 750 5183 (Patris
804 5129 1040 5196 aliquam
1079 5131 1436 5185 substantiam
1466 5130 1558 5184 Dei
1596 5131 1648 5185 in
1693 5131 1887 5187 Filium

321 5215 533 5253 versam
571 5210 756 5253 11111011
791 5198 950 5252 nullis
984 5200 1425 5254 subsistentibus.
1459 5219 1476 5251 1

412 5269 502 5328 46)
546 5270 636 5322 Sic
661 5285 791 5324 mss.
817 5267 960 5320 Editi
987 5283 1140 5328 vero,
1181 5290 1198 5320 1
1226 5270 1629 5325 convenienter.
1659 5291 1677 5322 1

412 5270 481 5322 46
546 5270 636 5322 Sic
661 5285 791 5324 mss.
817 5270 960 5320 Editi
987 5283 1140 5328 vero,
1181 5290 1198 5320 1
1226 5270 1629 5325 convenienter.
1659 5291 1677 5322 1

391 5270 507 5409 ini
536 5339 691 5392 Aliis.
749 5339 908 5391 Deest
942 5337 994 5391 in
1037 5338 1216 5404 editis,
1256 5351 1310 5391 at
1351 5341 1615 5406 reperitur
1654 5343 1707 5393 in
1754 5357 1883 5398 mss.

322 5409 495 5462 Paulo
531 5418 652 5477 post
698 5424 828 5462 mss.
882 5409 1222 5460 (secundum
1263 5411 1627 5476 evangelicam
1673 5421 1885 5464 senten-

323 5482 506 5532 tiam.»
547 5477 710 5541 Editi,
750 5479 1082 5549 Lsccnndum
1120 5477 1835 5549 doctrinamevangelicum.
1861 5500 1879 5531 1

321 5549 441 5602 Mox
473 5563 640 5612 mss.,a
661 5549 726 5602 de
749 5545 1037 5602 Trinitatis
1071 5549 1302 5601 ratione.
1327 5567 1346 5598 1
1387 5546 1549 5612 Editi,
1591 5545 1698 5603 Ede
1733 5559 1887 5604 teter-

317 5620 502 5672 nilatis
528 5618 757 5670 ratione.
788 5636 804 5668 1

389 5687 498 5756 (18)
541 5687 631 5740 Sic
674 5701 806 5756 mss.
856 5685 1028 5752 Editi,
1079 5706 1096 5737 1
1130 5689 1505 5742 universorum
1548 5689 1887 5744 conditiones

318 5756 693 5826 signiﬁcans.)
751 5755 866 5810 Mox
905 5772 1055 5825 mss.,
1102 5777 1120 5809 1
1155 5771 1523 5825 competenter
1573 5761 1888 5815 admonebi-

1955 4903 2001 4932 ⁵⁸
2040 4904 2232 4959 Matth.
2266 4922 2412 4974 xxn;
2446 4907 2580 4963 Luc.
2607 4925 2698 4966 xx.

1995 4468 2197 4537 aliquid
2228 4472 2390 4524 etiam
2425 4471 2666 4541 Baptista
2713 4473 2949 4528 Joannes
2995 4476 3232 4538 indicat,
3282 4492 3402 4529 011111
3441 4490 3563 4529 cor-

1991 4563 2254 4631 poraliter
2289 4564 2516 4619 absente
2547 4566 2670 4620 Jesu
2704 4569 2907 4622 diceret
2938 4569 3003 4622 ad
3043 4569 3227 4622 turbas
3259 4587 3270 4622 :
3310 4587 3328 4629 1
3362 4570 3566 4624 Medius

1993 4663 2233 4708 vestrum
2264 4666 2372 4708 stat
2405 4671 2562 4724 quem
2600 4675 2695 4714 vos
2729 4662 2973 4725 nescitis,
3002 4663 3089 4729 qui
3127 4672 3249 4728 post
3277 4678 3360 4715 me
3394 4663 3559 4725 venit,

1996 4744 2150 4814 cujus
2199 4761 2304 4798 non
2353 4761 2471 4800 sum
2509 4749 2696 4817 dignus
2747 4752 2958 4806 solvere
3008 4753 3297 4820 corrigiam
3349 4753 3557 4808 calcea-

2779 4910 3050 4966 "Coloss.
3083 4927 3122 4976 1,
3154 4911 3238 4966 16.
3333 4912 3376 4944 ⁸ο
3402 4911 3556 4968 Joan.

1992 5147 2164 5187 mus.»
2198 5130 2362 5196 Editi,
2395 5149 2412 5182 1
2445 5142 2844 5200 consequenter
2887 5134 3316 5188 admonebimus.
3343 5152 3360 5184 1
3397 5132 3563 5189 Paulo

1993 5212 2112 5270 post
2145 5218 2300 5264 mss.,
2335 5219 2355 5272 1
2386 5201 2526 5254 intra
2556 5201 2856 5272 brevissimi
2886 5206 3130 5272 corporis
3163 5206 3400 5258 claustra
3433 5220 3561 5258 con-

1991 5273 2139 5327 clusa
2183 5283 2302 5342 est,
2331 5271 2402 5324 ita
2456 5281 2534 5324 ut.
2561 5289 2577 5320 1
2614 5271 2781 5337 Ε11111,
2822 5291 2840 5324 1
2872 5274 2923 5326 111
2957 5271 3263 5328 brevissimi
3315 5276 3560 5342 corporis

1990 5343 2230 5396 claustro
2260 5341 2443 5394 clausa
2477 5350 2579 5405 est,
2611 5351 2689 5394 ut.
2718 5361 2735 5391 1

2062 5412 2173 5482 (49)
2217 5412 2307 5482 Sic
2343 5420 2656 5482 rectemss.
2694 5411 2854 5482 Editi,
2889 5431 2908 5462 1
2940 5413 3136 5466 cordis.
3159 5430 3177 5464 1
3228 5412 3346 5464 Mox
3397 5426 3556 5477 mss.,

1998 5503 2015 5534 1
2049 5480 2208 5535 cauta
2243 5480 2459 5549 pietatis
2483 5480 2691 5535 debet.»
2722 5481 2884 5548 Editi,
2919 5501 2936 5530 1
2967 5498 3068 5534 111111
3100 5483 3318 5549 pictatis
3344 5482 3555 5535 debet.)

1996 5552 2163 5606 Paulo
2200 5559 2320 5617 post
2358 5563 2510 5610 mss.,
2562 5567 2579 5598 1
2605 5559 2822 5616 putetur
2869 5567 2990 5606 esse
3036 5552 3284 5605 di-vnlsio.
3310 5570 3327 5600 1
3382 5553 3554 5613 Editi,

2003 5642 2019 5673 1
2049 5631 2271 5690 putetur
2308 5633 2428 5672 esse
2473 5618 2681 5672 divisio.
2706 5638 2724 5670 1
2764 5620 2928 5673 Paulo
2961 5622 3101 5674 infra
3146 5636 3300 5683 mss.,
3341 5638 3361 5670 1
3384 5622 3558 5672 corri-

1998 5689 2139 5760 giam
2183 5689 2697 5754 calceamentorum.
2728 5709 2744 5742 1
2784 5690 2949 5757 Editi,
2990 5708 3008 5741 1
3035 5691 3319 5758 corrigiam
3351 5690 3557 5744 calcea-

1998 5770 2187 5815 11101111.
2215 5777 2232 5809 1
