3974 6160
406 309 513 366 405

1677 305 1876 359 LIBER
1905 301 2254 371 QUARTUS.

3549 300 3655 354 406

409 426 716 472 mentorum
743 415 809 469 ε’.
835 434 854 468 ι
908 414 1063 483 Quod
1116 416 1303 485 utique
1344 417 1448 471 dici
1498 431 1601 470 non
1663 428 1877 485 poterat
1918 420 1982 472 de
2012 427 2056 481 Α
2088 415 2369 472 vocabulis
2399 422 2757 486 nuncupatur,
2787 421 2840 469 et
2870 411 3024 469 Jesus
3051 412 3300 468 Christus
3328 399 3650 481 appellatur,

409 522 474 562 eo
504 506 597 574 qui
646 505 844 560 absens
882 516 1021 571 erat,
1067 516 1323 574 quantum
1354 507 1419 560 ad
1452 508 1791 576 corporalem
1849 523 1982 577 prae-

407 594 931 663 sentiamgpertinet,
975 595 1101 662 quia
1132 595 1341 649 medius
1385 604 1556 649 staret
1601 610 1789 649 eorum
1841 596 1983 650 inter

409 701 544 756 quos
574 701 684 740 non
709 686 895 740 aderat
921 685 1278 755 corporaliter
1306 685 1478 740 Filius
1504 686 1624 739 Dei.

475 779 566 833 51.
601 775 681 830 Ne
721 777 841 844 quis
877 784 1056 829 tamen
1107 791 1205 830 nos
1237 776 1511 829 existimet
1557 790 1651 845 per
1684 776 1799 830 haec
1849 776 1979 829 illud

410 866 698 930 aliirmare,
734 866 877 935 quod
917 881 1043 934 pars
1079 865 1190 936 (50)
1235 866 1417 934 aliqua
1469 865 1683 921 deitatis
1736 866 1853 920 Filii
1888 867 1979 921 Dei

406 954 571 1010 fuerit
619 956 673 1009 in
715 955 951 1018 Christo,
983 955 1189 1024 reliqua
1231 970 1360 1010 vero
1397 971 1523 1023 pars
1564 956 1688 1010 alibi
1735 956 1820 1010 vel
1861 955 1979 1009 ubi-

406 1060 548 1114 que:
584 1044 728 1113 quod
768 1044 840 1098 illi
891 1046 1095 1097 sentire
1142 1055 1366 1115 possunt
1414 1046 1506 1114 qui
1558 1056 1802 1099 naturam
1846 1047 1976 1101 sub—

404 1136 617 1191 stantiae
648 1136 982 1205 incorporea:
1029 1146 1191 1206 atque
1232 1137 1518 1190 invisibilis
1566 1138 1841 1205 ignorant.
1873 1137 1977 1192 lm-

403 1222 659 1291 possibile
692 1239 923 1292 namque
973 1234 1055 1278 est
1109 1225 1175 1278 de
1219 1224 1539 1292 incorporeo
1590 1236 1794 1294 partem
1836 1227 1975 1290 dici,

404 1320 499 1365 aut
532 1312 852 1366 divisionem
901 1314 1141 1382 aliquam
1183 1314 1335 1380 ﬁeri,
1386 1315 1477 1369 sed
1514 1315 1567 1368 in
1615 1316 1891 1381 omnibus,
1926 1325 1979 1370 et

403 1412 497 1465 per
525 1401 729 1463 omnia,
769 1410 824 1454 et
851 1415 1010 1469 super
1051 1402 1229 1455 omnia
1262 1411 1375 1468 est,
1422 1419 1487 1457 eo
1541 1406 1699 1458 modo
1731 1420 1837 1473 quo
1884 1421 1977 1460 su-

403 1489 586 1558 perius
625 1491 876 1552 diximus,
912 1493 963 1545 id
996 1501 1078 1545 est
1122 1508 1229 1561 quo
1262 1494 1345 1546 vel
1400 1495 1686 1561 sapientia,
1717 1497 1799 1550 vel
1846 1496 1973 1551 Ver-

402 1581 551 1647 bum,
593 1581 672 1637 vel
722 1583 850 1648 vita,
896 1584 978 1637 vel
1024 1586 1227 1639 veritas
1271 1585 1629 1654 intelligitur;
1678 1602 1773 1655 per
1812 1603 1972 1657 quem

401 1672 731 1728 intellectum
764 1676 937 1728 omnis
978 1677 1096 1730 sine
1126 1676 1288 1730 dubio
1325 1678 1602 1733 conclusio
1648 1679 1833 1734 localis
1880 1694 1974 1735 ex-

2086 522 2181 579 per
2213 523 2370 577 quem
2397 507 2578 563 omnia
2611 505 2753 562 facta
2775 520 2895 561 esse
2918 506 3187 560 dicuntur.
3215 503 3288 557 De
3316 518 3419 572 qua
3448 504 3650 568 anima,

2086 599 2340 667 quoniam
2383 605 2548 651 totam
2582 597 2634 650 in
2678 611 2736 651 se
2771 597 3090 666 sapientiam
3128 594 3219 650 Dei
3262 604 3318 648 et
3366 595 3652 648 veritatem

2083 689 2360 758 vitamque
2408 697 2721 756 receperat,
2770 689 2932 742 etiam
2980 687 3111 741 illud
3164 687 3400 741 arbitror
3450 686 3669 742 dixisse

2082 777 2422 845 Apostolum,
2449 776 2539 846 qui
2582 778 2658 830 ait
2692 779 2947 846 quoniam
2988 795 3005 827 (
3040 777 3160 832 Vita
3197 786 3379 832 nostra
3414 777 3510 831 abs
3527 792 3661 834 con-

2082 863 2192 917 dita
2220 873 2300 917 est
2331 880 2450 918 cum
2499 865 2715 919 Christo
2744 866 2797 919 in
2832 868 2970 933 Deo;
3005 882 3127 921 cum
3167 877 3351 923 autem
3396 867 3522 921 Chri
3547 878 3667 923 stus

2081 952 2523 1021 apparueritvita
2566 962 2773 1017 nostra,
2820 962 2946 1007 tunc
2992 962 3045 1007 et
3083 969 3182 1008 vos
3229 969 3351 1008 cum
3384 954 3499 1021 ipso
3550 954 3664 1022 (δὲ)

2079 1044 2409 1112 apparebitis
2445 1045 2499 1098 in
2532 1044 2702 1115 gloria
2732 1045 2795 1098 ⁸³.
2825 1062 2843 1095 ι
2894 1044 3025 1110 Quis
3075 1048 3216 1099 enim
3267 1046 3405 1100 alius
3439 1046 3530 1100 hic
3574 1047 3655 1096 in-

2085 1136 2404 1204 telligendus
2452 1144 2535 1190 est
2583 1135 2855 1201 Christus,
2901 1139 2990 1205 qui
3029 1137 3080 1189 in
3129 1136 3235 1190 Deo
3292 1136 3652 1191 absconditus

2080 1227 2274 1283 dicitur
2312 1238 2365 1281 et
2398 1236 2586 1296 postea
2623 1227 2991 1297 appariturus,
3023 1228 3125 1282 nisi
3159 1228 3249 1282 ille
3277 1228 3369 1296 qui
3404 1228 3524 1282 oleo
3561 1226 3652 1280 Ire-

2081 1318 2212 1373 titiae
2260 1328 2454 1375 unctus
2504 1319 2771 1384 refertur,
2814 1320 2870 1374 id
2920 1328 3002 1373 est
3048 1318 3481 1373 substantialiter
3537 1317 3649 1371 Deo

2080 1411 2344 1481 repletus,
2393 1412 2445 1463 in
2492 1426 2599 1481 quo
2637 1427 2778 1464 nunc
2832 1410 3184 1465 absconditus
3230 1409 3465 1463 dicitur?
3514 1408 3648 1461 Pro-

2078 1480 2262 1568 pterea
2290 1504 2432 1556 enim
2464 1480 2519 1557 et
2546 1504 2796 1557 omnibus
2819 1501 3169 1557 credentibus
3196 1500 3447 1555 Christus
3474 1515 3651 1554 exem-

2076 1594 2221 1661 plum
2254 1594 2495 1661 ponitur,
2526 1594 2649 1662 quia
2700 1595 2843 1649 sicut
2876 1593 2963 1648 ille
3012 1608 3225 1663 semper
3254 1603 3310 1647 et
3354 1601 3647 1662 antequam

2078 1681 2239 1735 sciret
2293 1682 2513 1735 omnino
2570 1683 2807 1749 malum,
2869 1683 3029 1752 elegit
3064 1684 3304 1747 bonum,
3352 1691 3409 1736 et
3458 1685 3651 1739 dilexit

401 1763 651 1817 cluditur.
691 1764 886 1820 Volens
940 1765 1100 1834 igitur
1133 1766 1302 1822 Filius
1348 1768 1441 1821 Dei
1493 1783 1590 1837 pro
1645 1768 1823 1823 salute
1877 1786 1971 1841 ge-
2001 1753 2365 1839 Bjustitiam,
2393 1778 2448 1825 et
2475 1770 2601 1825 odio
2633 1771 2821 1825 habuit
2853 1771 3228 1840 iniquitatem,
3258 1778 3309 1825 et
3358 1781 3649 1839 propterea

400 1858 549 1910 neris
577 1856 796 1910 humani
830 1871 1090 1925 apparere
1123 1857 1442 1913 hominibus
1469 1869 1521 1913 et
1551 1860 1692 1914 inter
1722 1861 1969 1916 homines

399 1953 741 2016 conversari,
774 1953 1013 2023 suscepit
1046 1969 1152 2008 non
1204 1954 1376 2009 solum
1420 1970 1613 2024 corpus
1646 1957 1964 2021 humanum,

398 2052 456 2097 ut
496 2044 711 2112 quidam
747 2052 959 2112 putant,
996 2046 1088 2098 sed
1122 2055 1176 2100 et
1207 2047 1468 2112 animam,
1504 2056 1812 2102 nostrarum
1846 2048 1967 2117 qui-

395 2137 513 2192 dem
536 2137 836 2191 animarum
862 2137 1089 2191 similem
1128 2152 1224 2206 per
1242 2148 1511 2204 naturam,
1538 2139 1816 2208 proposito
1836 2154 1965 2196 vero

393 2237 447 2282 et
473 2229 670 2282 virtute
709 2228 940 2281 similem
979 2228 1103 2294 sibi,
1138 2238 1189 2283 et
1227 2230 1387 2283 talem
1420 2230 1598 2299 qualis
1644 2246 1834 2287 omnes
1865 2246 1963 2286 vo-

392 2316 627 2372 luntates
667 2326 722 2371 et
767 2318 1203 2385 dispensationes
1238 2318 1398 2373 Verbi
1442 2336 1505 2375 ac
1555 2322 1836 2390 sapientia:
1877 2324 1962 2378 in-

391 2409 786 2465 declinabiliter
830 2412 1000 2477 possit
1030 2410 1275 2478 implere.
1306 2412 1457 2474 Quod
1498 2423 1677 2467 autem
1712 2414 1965 2470 habuerit

388 2501 653 2566 animam,
685 2502 1129 2555 manifestissime
1157 2501 1266 2572 (51)
1296 2504 1349 2555 in
1378 2503 1690 2575 Evangeliis
1716 2506 1967 2575 designat

390 2590 507 2660 ipse
546 2591 816 2657 Salvator,
851 2593 1077 2646 dicens:
1117 2613 1134 2643 ι
1166 2595 1336 2649 Nemo
1372 2596 1513 2649 tollit
1549 2612 1576 2649 a
1610 2612 1695 2651 me
1726 2601 1963 2653 animam

388 2692 591 2743 meam,
636 2680 727 2731 sed
759 2695 856 2748 ego
905 2696 1046 2748 pono
1078 2697 1195 2735 eam
1228 2683 1323 2737 abs
1362 2700 1466 2738 me.
1504 2684 1831 2741 Potestatem
1871 2688 1965 2742 ha-

385 2764 490 2818 beo
534 2757 761 2833 ponendi
798 2769 1034 2822 animam
1073 2760 1267 2835 meam,
1304 2781 1359 2825 et
1392 2773 1587 2827 iterum
1638 2784 1962 2844 potestatem

386 2852 558 2910 habeo
613 2857 919 2911 assumendi
981 2861 1237 2914 earnm.»
1290 2861 1353 2916 Et
1404 2879 1617 2916 rursum
1660 2883 1674 2919 ;
1717 2886 1734 2916 (
1765 2866 1958 2921 Tristis

384 2954 468 3000 est
506 2947 688 3000 anima
728 2963 845 3002 mea
898 2963 1068 3017 usque
1102 2951 1167 3003 ad
1216 2961 1445 3007 mortem
1475 2954 1539 3007 “.
1566 2974 1584 3006 ι
1622 2956 1683 3007 Ει
1722 2956 1955 3011 iterum:

2073 1862 2228 1915 unxit
2269 1876 2393 1915 eum
2440 1863 2586 1916 Deus
2636 1864 2756 1917 oleo
2804 1863 3038 1928 laetitiae;
3077 1863 3151 1916 ita
3189 1871 3244 1917 et
3275 1864 3650 1932 unusquisque

2070 1963 2193 2023 post
2223 1953 2427 2021 lapsum
2468 1954 2547 2007 vel
2580 1964 2700 2022 post
2732 1970 2975 2009 errorem
3007 1963 3268 2023 expurget
3300 1969 3359 2009 se
3392 1955 3643 2019 maculis,

2072 2044 2322 2114 exemplo
2367 2046 2660 2115 proposito,
2705 2054 2757 2099 et
2803 2045 3012 2099 habens
3060 2046 3271 2100 itineris
3311 2046 3503 2100 ducem
3555 2062 3646 2100 ar-

2069 2134 2229 2189 duam
2268 2135 2411 2189 viam
2455 2136 2672 2191 virtutis
2706 2137 2959 2203 incedat;
3008 2145 3067 2190 ut
3112 2137 3190 2191 sic
3231 2135 3369 2191 forte
3409 2152 3503 2206 per
3543 2137 3647 2190 hoe

2067 2226 2123 2280 in
2157 2238 2420 2297 quantum
2451 2226 2567 2283 ﬁeri
2600 2237 2775 2298 potest
2813 2242 2909 2298 per
2946 2229 3307 2283 imitationem
3338 2229 3455 2298 ejus
3486 2228 3644 2298 192

2066 2319 2361 2387 participes
2413 2317 2713 2373 elﬁeiamur
2775 2320 2975 2374 divina:
3032 2330 3282 2386 naturae,
3327 2322 3468 2374 sicut
3510 2323 3647 2375 scri-

2068 2417 2215 2476 ptum
2244 2419 2356 2476 est,
2388 2410 2514 2480 quia
2566 2426 2585 2460 ι
2616 2411 2707 2478 qui
2752 2411 2884 2464 dicit
2915 2424 2972 2465 se
3012 2409 3232 2465 Christo
3278 2410 3521 2471 credere,
3554 2412 3649 2462 de-

2068 2499 2183 2565 bet,
2212 2502 2354 2555 sicut
2386 2502 2475 2555 ille
2507 2502 2823 2568 ambulavit,
2853 2512 2906 2556 et
2931 2503 3045 2572 ipse
3079 2502 3360 2556 ambulare
3385 2503 3451 2555 "°.
3481 2522 3498 2553 I
3536 2502 3647 2555 [loc

2067 2609 2202 2664 ergo
2234 2596 2473 2651 Verbum
2516 2606 2572 2650 et
2619 2598 2733 2652 haec
2764 2599 3026 2666 sapientia
3064 2613 3159 2667 per
3189 2596 3340 2665 cujus
3389 2598 3651 2651 imitatio-

2067 2700 2189 2739 nem
2231 2685 2314 2740 vel
2368 2686 2639 2755 sapientes
2679 2686 2764 2741 vel
2819 2688 3167 2743 rationabilcs
3218 2688 3452 2743 dicimur
3493 2686 3642 2755 (55),

2065 2777 2316 2833 omnibus
2355 2777 2416 2831 ﬁt
2453 2779 2653 2843 omnia,
2683 2788 2742 2832 ut
2773 2793 2963 2834 omnes
3000 2780 3341 2846 lucrifaciat;
3370 2789 3426 2834 et
3464 2780 3523 2832 lit
3563 2780 3646 2832 in-

2066 2866 2254 2924 lirmus
2286 2867 2539 2934 inﬁrmis,
2573 2878 2633 2923 ut
2664 2870 2910 2925 infirmos
2935 2871 3280 2937 lucrifaciat;
3317 2882 3371 2927 et
3399 2872 3526 2941 quia
3560 2872 3647 2925 in-

2065 2958 2257 3014 ﬁrmus
2276 2958 2525 3029 elﬁcitur,
2559 2971 2781 3031 propter
2810 2963 2910 3017 hoc
2938 2961 3136 3017 dicitur
3159 2964 3226 3019 de
3249 2978 3344 3019 eo:
3372 2982 3390 3014 (
3417 2963 3647 3018 Etiamsi

390 3055 409 3088 ι
446 3037 598 3092 Nune
646 3040 825 3093 anima
873 3056 987 3095 mea
1036 3043 1249 3097 turbata
1300 3055 1382 3100 est
1409 3046 1472 3098 ⁸³.
1505 3067 1523 3098 ι
1581 3047 1762 3117 Neque
1808 3050 1952 3103 enim
1983 3079 2025 3134 ρ
2062 3049 2358 3105 cruciﬁxus
2395 3064 2478 3106 εει
2506 3067 2572 3106 ex
2629 3051 2968 3115 inﬁrmitate,
3021 3053 3116 3107 sed
3151 3052 3285 3106 vivit
3323 3068 3387 3108 ex
3445 3053 3643 3107 virtute

384 3129 553 3183 tristis
585 3140 638 3185 et
681 3133 890 3186 turbata
926 3133 1103 3187 anima
1144 3124 1379 3189 Verbum
1413 3138 1505 3191 Dei
1546 3140 1954 3207 intelligendum

383 3226 467 3271 est
513 3219 654 3285 quod
700 3234 766 3274 ex
799 3224 1129 3275 auctoritate
1179 3223 1482 3278 divinitatis
1530 3227 1704 3281 dicit:
1743 3249 1760 3283 (
1791 3228 1954 3284 Pote-

383 3319 578 3363 statem
610 3310 784 3366 habeo
815 3315 1046 3381 ponendi
1086 3315 1321 3368 animam
1359 3332 1555 3371 meam.
1582 3337 1600 3369 ι
1636 3319 1743 3376 Nec
1776 3330 1954 3378 tamen

384 3398 457 3453 ita
494 3402 725 3458 dicimus
778 3404 945 3460 fuisse
983 3406 1177 3460 Filium
1231 3410 1322 3462 Dei
1360 3411 1410 3463 in
1456 3412 1546 3464 illa
1580 3413 1779 3477 anima,
1815 3416 1957 3469 sicut

382 3488 484 3544 fuit
514 3492 566 3545 in
610 3495 787 3547 anima
831 3495 1006 3561 Pauli,
1038 3498 1122 3550 vel
1156 3498 1323 3563 Petri,
1368 3511 1798 3571 ceterorumque
1831 3520 1956 3558 san-

380 3590 630 3650 ctorum,
676 3586 727 3639 in
774 3589 970 3655 quibus
1013 3588 1258 3643 Christus
1299 3592 1551 3646 similiter
1595 3603 1652 3646 ut
1688 3595 1740 3647 in
1786 3594 1954 3651 Paulo

380 3669 523 3741 loqui
556 3676 819 3730 creditur.
858 3678 965 3731 Sed
997 3677 1064 3731 de
1112 3678 1215 3732 illis
1265 3680 1515 3735 omnibus
1551 3684 1676 3737 illud
1712 3687 1953 3739 sentien-

381 3764 503 3817 dum
539 3773 621 3819 est
648 3768 785 3832 quod
825 3768 1101 3837 Scriptura
1136 3770 1267 3823 dicit
1302 3773 1423 3839 quia
1461 3792 1479 3825 (
1512 3791 1672 3829 nemo
1721 3781 1952 3835 mundus

379 3867 406 3903 a
450 3856 629 3919 sorde,
668 3871 767 3909 nec
797 3858 839 3910 si
880 3859 1036 3912 unius
1062 3860 1163 3913 dici
1200 3862 1361 3917 fuerit
1394 3862 1503 3917 vita
1535 3864 1652 3932 ejus
1682 3866 1744 3918 ⁸⁸.
1774 3886 1792 3919 ι
1827 3868 1952 3926 Haec

379 3959 507 3999 vero
536 3948 714 3999 anima
748 3962 865 4015 quae
898 3949 1001 4002 fuit
1032 3950 1083 4003 in
1116 3950 1263 4013 Jesu.
1290 3956 1607 4025 priusquam
1636 3960 1798 4015 sciret
1833 3978 1950 4016 ma-

376 4034 506 4099 lum,
526 4038 685 4105 elegit
706 4038 906 4093 bonum
934 4042 978 4072 ⁸⁷
1006 4050 1088 4096 :et
1116 4045 1237 4111 quia
1260 4046 1451 4100 dilexit
1470 4049 1735 4117 justitiam
1760 4064 1811 4108 et
1834 4056 1949 4109 odit

376 4125 751 4197 iniquitatem,
793 4142 1078 4200 propterea
1125 4136 1279 4189 unxit
1318 4153 1436 4193 eam
1484 4141 1628 4196 Deus
1679 4144 1796 4198 oleo
1850 4147 1944 4200 lae-

374 4219 506 4271 titia:
540 4235 649 4288 prae
684 4224 1033 4291 participibus
1061 4209 1172 4279 suis
1195 4225 1259 4277 ⁸⁸.
1294 4226 1428 4282 Oleo
1456 4245 1586 4296 ergo
1615 4230 1814 4286 laetitiae
1848 4250 1945 4288 un-

372 4310 535 4377 gitur,
567 4327 688 4364 cum
716 4311 891 4367 Verbo
918 4315 1011 4369 Dei
1045 4316 1393 4372 immaculata
1422 4319 1780 4377 fmderatione
1812 4341 1945 4378 con-

2060 3142 2151 3195 Dei
2169 3142 2236 3195 τι.
2253 3160 2271 3193 ι
2296 3140 2540 3211 Denique
2562 3142 2861 3197 Corinthiis
2882 3144 2972 3212 qtti
3004 3144 3208 3198 inﬁrmi
3243 3152 3420 3209 erant,
3441 3144 3641 3199 Paulus

2057 3232 2190 3287 nihil
2217 3246 2275 3286 se
2303 3233 2505 3287 indicat
2538 3252 2554 3285 ι
2576 3235 2718 3288 scire
2748 3235 2850 3290 nisi
2878 3234 3153 3291 Christum
3178 3235 3388 3303 Jesutn,
3412 3245 3466 3292 et
3497 3237 3641 3292 hunc

2057 3324 2375 3377 cruciﬁxum
2402 3326 2469 3377 ⁷³.
2504 3343 2523 3376 ι

2127 3414 2212 3468 52;
2257 3415 2484 3482 Quidam
2530 3426 2708 3472 autem
2746 3419 2931 3472 volunt
2966 3421 3029 3473 de
3069 3424 3181 3488 ipsa
3211 3422 3390 3474 anima
3431 3421 3651 3474 dictum;

2057 3505 2260 3569 videri,
2294 3522 2413 3560 cum
2467 3509 2697 3573 primum
2740 3510 2804 3562 de
2854 3509 3016 3563 Maria
3064 3526 3260 3579 corpus
3304 3514 3633 3579 assumpsit,

2056 3587 2217 3647 etiam
2271 3595 2400 3650 illud
2452 3598 2595 3665 quod
2644 3599 2937 3673 Apostolus
2983 3601 3118 3653 dicit
3159 3618 3171 3653 :
3213 3619 3231 3651 (
3263 3601 3522 3666 Quicum
3581 3604 3636 3657 in

2057 3685 2231 3739 forma
2269 3688 2359 3742 Dei
2396 3701 2575 3753 esset,
2625 3705 2732 3745 non
2768 3693 3011 3760 rapinam
3062 3692 3363 3746 arbitratus
3404 3705 3638 3748 estesse

2054 3794 2113 3833 se
2161 3779 2426 3846 aequalem
2463 3779 2593 3849 Deo,
2628 3782 2722 3835 sed
2770 3783 3123 3851 semetipsum
3160 3783 3480 3850 exinanivit,
3526 3784 3636 3839 lor-

2056 3883 2195 3921 mam
2241 3869 2385 3923 servi
2432 3872 2805 3939 accipiens”;
2839 3891 2856 3924 ι
2897 3888 3020 3927 cum
3051 3889 3171 3927 eam
3205 3876 3321 3928 sine
3371 3876 3536 3931 dubio
3580 3878 3633 3929 in

2053 3956 2285 4011 formam
2324 3960 2415 4014 Dei
2463 3960 2783 4017 melioribus
2814 3964 3077 4033 exemplis
3112 3974 3168 4017 et
3198 3964 3633 4021 institutionibus

2055 4060 2353 4117 repararet,
2384 4060 2548 4121 atque
2578 4053 2630 4106 in
2664 4068 2782 4109 eam
2817 4056 3206 4123 plenitudinem
3242 4059 3383 4111 unde
3418 4074 3477 4112 se
3516 4059 3636 4112 exi-

2052 4142 2331 4195 naniverat
2362 4143 2504 4213 (51),
2548 4156 2850 4200 revocaret.
2898 4146 3051 4201 Sicut
3094 4158 3278 4202 autem
3330 4151 3634 4218 participa-
3671 4164 3676 4169 ‘

2052 4233 2195 4287 tione
2225 4233 2348 4289 Filii
2383 4237 2476 4289 Dei
2539 4238 2659 4305 quis
2694 4239 2747 4291 in
2798 4240 2965 4292 ﬁlium
3014 4241 3325 4307 adoptatur,
3370 4252 3424 4296 et
3459 4242 3634 4311 parti-

2049 4324 2324 4391 cipatione
2353 4328 2635 4394 sapientiae
2668 4328 2718 4381 in
2754 4328 2864 4383 Deo
2909 4329 3128 4396 sapiens
3168 4329 3419 4395 eﬂicitur,
3456 4331 3530 4384 ita
3575 4341 3630 4386 et

364 4408 554 4466 juncta
587 4409 689 4464 est,
716 4412 768 4454 et
801 4418 899 4469 per
933 4405 1031 4458 hnc
1062 4406 1173 4457 sola
1212 4408 1451 4460 omnium
1488 4409 1792 4464 animarum
1828 4428 1951 4480 pec-
1980 4407 2023 4459 D
2054 4419 2470 4488 participatione
2503 4422 2742 4490 Spiritus
2770 4424 2970 4487 sancti,
3009 4433 3233 4478 sanctus
3265 4432 3321 4477 et
3372 4424 3633 4493 spiritalis

370 4490 477 4542 cati
516 4491 743 4559 incapax
771 4492 892 4558 fuit,
921 4495 1043 4561 quia
1080 4497 1196 4549 Filii
1231 4497 1318 4550 Dei
1356 4500 1491 4552 bene
1514 4509 1567 4554 et
1592 4501 1748 4569 plene
1776 4520 1944 4571 capax

370 4578 505 4646 fuit;
552 4582 784 4652 ideoque
829 4596 880 4639 et
918 4603 1083 4639 unum
1120 4603 1240 4641 cum
1292 4590 1407 4658 ipso
1455 4600 1567 4658 est,
1623 4604 1786 4663 atque
1826 4598 1943 4666 ejus

2053 4508 2301 4565 etIicitur.
2329 4510 2510 4564 Unum
2540 4510 2682 4563 enim
2712 4524 2873 4580 atque
2903 4513 3043 4567 idem
3074 4525 3159 4569 est
3186 4514 3424 4582 Spiritus
3456 4517 3629 4572 sancti

2052 4599 2401 4668 participium
2481 4617 2732 4665 sumere,
2784 4604 2930 4670 quod
2984 4613 3067 4658 est
3113 4604 3292 4659 Patris
3340 4615 3393 4662 et
3454 4607 3619 4670 Filii;

435 4766 479 4855 ‘l:
510 4765 664 4855 Joan.
696 4784 730 4829 ι,
774 4771 864 4855 Siti.
913 4771 1195 4855 ““f‘Jean.
1228 4790 1283 4839 κ,
1306 4774 1406 4855 _18.
1435 4773 1525 4855 ηθξ
1552 4774 1741 4855 .'l_latlh.
1776 4792 1924 4855 xxvi,

2070 4850 2082 4855 _
2122 4782 2166 4855 ξ’
2188 4781 2345 4836 ³0³11·
2380 4801 2476 4849 κη’
2512 4785 2600 4840 27ο
2702 4788 2745 4819 ⁸⁸
2770 4786 2871 4842 ῙΟῘ)
2926 4804 3037 4855 XIV,
3066 4790 3119 4851 4.
3156 4790 3211 4849 5.
3298 4792 3340 4823 ⁸⁷
3368 4790 3492 4849 Isai.
3526 4812 3630 4851 vn.

363 4833 410 4865 ⁸⁸
439 4835 590 4892 Psal.
613 4854 756 4903 xuv,
782 4839 834 4892 8.
913 4839 957 4871 ⁶⁹
983 4842 1160 4895 Colos.
1194 4833 1280 4907 tu,
1305 4844 1357 4896 5.
1435 4842 1479 4874 '°
1510 4843 1526 4896 l
1563 4844 1717 4897 Joan.
1744 4862 1802 4909 ll,
1840 4849 1891 4900 6.

434 5004 548 5077 (50)
587 5006 681 5086 Sic
713 5024 840 5064 mss.
870 5009 1011 5086 Editi
1041 5028 1168 5086 vero
1195 5031 1209 5067 :
1244 5031 1261 5063 ι
1292 5028 1469 5083 neque
1495 5026 1682 5086 tamen
1711 5033 1806 5086 per
1831 5020 1933 5073 hoc

366 5073 817 5152 illtim’aﬂirmare
858 5082 1193 5152 credendum
1226 5095 1329 5148 est,
1363 5073 1505 5152 quod
1539 5073 1727 5151 parsJ
1765 5087 1934 5143 Paulo

365 5154 489 5210 post
522 5162 680 5220 mss.,
717 5166 735 5197 ι
761 5150 826 5205 de
854 5150 1177 5220 incorporeo
1218 5150 1423 5220 partem
1466 5150 1569 5208 dici
1597 5166 1688 5209 aut
1717 5158 1934 5213 divisio-

365 5230 485 5269 nem
518 5216 755 5295 aliquam
784 5221 920 5295 lteri,
941 5216 1055 5295 sed,
1084 5239 1100 5269 ι
1128 5216 1244 5295 (ξιοζΔ
1265 5222 1319 5275 1η
1346 5223 1526 5292 editis,
1554 5224 1750 5295 legitur
1774 5246 1793 5279 (
1817 5230 1883 5283 ab
1906 5248 1925 5281 ι

363 5296 460 5350 pro
491 5302 510 5335 ι
533 5286 619 5348 de,
646 5305 664 5337 ι
695 5295 750 5340 et
782 5290 1051 5342 omittitur
1083 5308 1100 5339 (
1132 5291 1267 5345 ﬁeri.
1308 5310 1326 5342 ι

435 5354 549 5430 (Si)
591 5355 666 5410 ita
724 5367 872 5430 recte
910 5374 1043 5412 mss.
1067 5359 1225 5430 _Editi
1254 5376 1448 5430 “vero,
1498 5379 1518 5412 (
1547 5365 1694 5430 quali
1742 5382 1929 5424 omnes

362 5423 673 5500 volt_t_rtta_t§s
702 5435 757 5479 et
782 5426 1214 5500 dispensationes
1251 5428 1411 5486 Verbi
1444 5446 1509 5485 ac
1536 5423 1818 5500 sapientiae
1847 5423 1928 5492 in?-

366 5491 715 5569 declinabilis
739 5491 952 5569 possint
986 5496 1221 5569 impleri.
1254 5500 1406 5567 Quod
1441 5491 1621 5555 autem
1658 5491 1926 5569 habuerit,

365 5563 866 5636 manifestissimis.»
917 5563 1085 5636 Paulo
1137 5563 1459 5636 post'mss"
1499 5591 1517 5622 c
1549 5572 1690 5626 sicut
1735 5574 1835 5628 fuit
1881 5563 1934 5631 in

366 5632 546 5701 anima
577 5628 750 5688 Pauli.
778 5655 796 5686 ι
832 5628 1174 5701 Editi,tsicut
1210 5637 1375 5691 fuerit
1404 5628 1455 5693 in
1488 5643 1666 5696 anima
1715 5628 1926 5697 Panli.i

365 5696 488 5753 Mox
521 5717 675 5770 ntss.,
714 5722 733 5756 ι
767 5704 901 5762 illud
931 5696 1271 5762 sentiendum
1310 5720 1409 5764 cst.
1449 5730 1465 5761 ›
1508 5706 1667 5780 Ediu,
1704 5733 1723 5765 ι
1757 5696 1934 5771 scien-

1969 4850 2010 4878 '“
2046 4848 2082 4902 ll
2113 4851 2238 4907 Cor.
2272 4869 2389 4920 xm,
2423 4848 2476 4908 4.

2554 4858 2598 4885 ⁷¹
2628 4855 2791 4913 lCor.
2826 4873 2886 4923 ιι,
2919 4859 2973 4913 2.
3053 4860 3101 4893 ⁷⁸
3128 4860 3360 4931 Philipp.
3403 4880 3464 4929 tt,
3498 4866 3550 4919 6.

2044 5025 2170 5079 dum
2204 5037 2307 5082 est.
2331 5048 2350 5081 ι

2115 5095 2229 5171 (52)
2269 5097 2411 5171 Ipso.
2446 5098 2521 5153 lta
2562 5116 2703 5171 mss.
2750 5102 2889 5157 Editi
2927 5119 3076 5171 vero,
3114 5125 3132 5158 (
3162 5106 3401 5164 Christo.
3425 5127 3445 5160 ι
3500 5106 3635 5161 Mox

2047 5167 2212 5245 editi,
2267 5184 2286 5218 (
2312 5170 2436 5245 quis
2484 5170 2627 5245 enim
2669 5172 2806 5227 alius
2835 5167 3212 5245 intelligendus
3258 5188 3342 5234 est
3373 5177 3638 5233 Christus

2041 5237 2130 5303 qtti
2169 5236 2220 5289 in
2250 5252 2316 5291 eo
2340 5236 2723 5295 absconditus.
2750 5261 2767 5293 ι

2112 5305 2224 5374 (55)
2266 5307 2356 5361 Sic
2386 5324 2519 5363 mss.
2548 5310 2712 5374 Editi,
2739 5330 2757 5363 (
2782 5312 3094 5371 dicuntur.)
3118 5316 3258 5369 lnl'ra
3288 5330 3419 5370 mss.
3447 5324 3617 5376 recte,

2044 5391 2062 5422 ‹
2092 5378 2158 5453 die
2208 5378 2555 5453 ip§a_an_it_na_
2592 5381 2795 5435 dictum
2832 5384 3026 5440 videri.
3056 5403 3073 5438 ι
3118 5386 3295 5453 Editi,
3335 5404 3354 5436 ι
3388 5387 3456 5438 de
3502 5384 3620 5453 ipsa

2040 5444 2343 5500 animaDei
2386 5449 2579 5503 videri.
2608 5469 2626 5501 ι

2108 5512 2359 5593 (54)___S_ic
2412 5534 2543 5593 mss.
2594 5519 2770 5589 Editi,
2810 5522 3401 5593 t_esiruzt'vt'c.:__ch
3444 5538 3619 5593 mssa

2045 5582 2146 5663 tin
2194 5585 2388 5643 Filium
2438 5582 2777 5659 adoptatur."
2835 5590 2981 5651 Editi
3055 5609 3074 5640 ε
3108 5594 3155 5648 in
3210 5585 3338 5652 Et}:
3391 5582 3617 5663 εωραὲ

2042 5662 2147 5708 tur.
2178 5673 2196 5705 ι

3244 5811 3257 5819 .
3317 5790 3333 5817 ι
3384 5797 3466 5824 ι...
