3974 6160
353 379 459 437 407

1551 375 1871 434 ORIGENIS
1902 379 2057 431 ΠΕΡΙ
2091 380 2318 432 ΑΡΧΩΝ

3480 381 3589 435 408

353 494 553 562 quippe
585 509 707 547 cum
758 509 861 548 una
895 503 949 547 et
985 493 1297 560 incorporea
1330 499 1524 545 natura
1561 493 1631 544 sit
1681 491 1919 545 Trinita-
1945 493 1993 550 Α
2023 497 2260 561 genitam
2302 491 2385 545 vel
2446 490 2698 544 infectam
2751 487 2854 541 dici
2905 489 3186 543 materiam
3221 491 3448 556 debere,
3499 509 3590 550 se-

352 585 441 638 tis.
477 582 670 640 Verum
712 599 830 653 quae
869 567 932 637 de
964 581 1383 651 participatione
1424 581 1619 635 anima:
1655 581 1912 644 diximus,

351 677 513 728 simili
549 677 754 729 ratione
785 684 840 726 ut
871 675 936 726 de
965 674 1275 738 animabus,
1305 673 1374 726 ita
1418 681 1474 727 et
1507 673 1576 728 de
1615 674 1818 743 angelis
1862 684 1916 727 et

349 767 656 821 caelestibus
707 775 834 818 sunt
887 763 1234 834 intelligenda
1281 764 1610 830 virtutibus;
1657 764 1912 833 quoniam

348 857 524 909 inuitis
575 855 911 909 rationabilis
947 865 1197 909 creatura
1235 855 1519 924 participio
1560 856 1761 925 indiget
1796 857 1915 908 'l‘ri-

346 948 548 1000 uitatis.
587 946 690 1001 Sed
714 957 769 1000 et
799 947 983 1002 mundi
1021 949 1180 1015 hujus
1205 947 1433 1000 visibilis
1469 947 1626 1011 ratio,
1658 948 1911 1015 quoniam

341 1037 425 1090 vel
477 1039 713 1092 maxima
765 1041 925 1092 etiam
977 1039 1042 1092 de
1093 1039 1176 1092 his
1221 1037 1407 1090 haberi
1463 1039 1695 1105 quaestio
1736 1039 1910 1104 solet,

340 1129 570 1196 qualiter
596 1145 654 1183 se
685 1131 908 1190 habeat.
950 1140 1110 1197 prout
1143 1131 1420 1196 potuimus
1453 1129 1505 1181 in
1541 1129 1912 1197 superioribus

340 1219 577 1274 diximus
610 1235 707 1288 pro
755 1220 820 1272 iis
857 1221 944 1287 qui
991 1221 1043 1272 in
1083 1219 1185 1272 ﬁde
1219 1227 1398 1272 nostra
1446 1219 1605 1272 etiam
1655 1219 1908 1272 credendi

341 1310 607 1363 rationem
652 1312 970 1378 perquirere
1009 1311 1218 1370 solent,
1267 1320 1320 1363 et
1353 1325 1450 1378 pro
1488 1311 1552 1364 iis
1592 1309 1682 1378 qui
1737 1309 1911 1363 luere-

341 1402 444 1454 tica
485 1406 768 1454 adversum
804 1418 904 1455 nos
938 1403 1234 1455 certamina
1287 1411 1660 1463 commovent,
1694 1413 1746 1454 et
1791 1417 1908 1454 ma-

339 1493 490 1544 teria:
537 1507 730 1548 nomen
765 1493 906 1560 quod
941 1509 1006 1545 ne
1043 1492 1140 1560 ipsi
1174 1493 1390 1561 quidem
1426 1493 1580 1559 quale
1611 1495 1700 1554 sit,
1733 1493 1910 1545 adhuc

337 1581 642 1650 intelligere
685 1592 998 1649 potuerunt,
1027 1583 1203 1637 solent
1236 1581 1571 1650 frequentius
1605 1584 1866 1638 ventilare
1893 1602 1906 1636 :

334 1672 400 1725 de
427 1688 534 1741 quo
569 1675 931 1727 necessarium
962 1682 1093 1740 puto
1121 1674 1284 1726 etiam
1321 1688 1462 1726 nunc
1500 1673 1735 1726 breviter
1767 1689 1911 1726 cem-

335 1775 576 1814 monere.

403 1851 494 1906 55.
538 1853 601 1906 Ει
633 1852 806 1920 primo
837 1853 1054 1920 quidem
1085 1853 1364 1908 sciendum
1418 1863 1503 1907 est
1540 1854 1680 1920 quod
1706 1869 1904 1908 nomen

335 1943 510 2010 ipsum
556 1943 798 1996 materia:
823 1958 921 2010 pro
949 1957 1011 1998 ea
1049 1945 1355 1997 substantia
1385 1959 1506 2012 qum
1536 1945 1761 1998 subesse
1788 1960 1906 2000 cor-

333 2033 554 2100 poribus
586 2032 700 2103 (55)
741 2034 963 2097 dicitur,
1011 2034 1244 2104 positum
1292 2034 1345 2088 in
1387 2034 1688 2104 Scripturis
1735 2050 1904 2090 cauo-

333 2123 470 2176 uicis
501 2138 767 2191 nusquam
813 2137 986 2192 usque
1018 2124 1086 2177 ad
1131 2139 1368 2192 praisens
1412 2125 1738 2178 invenimus.
1772 2126 1906 2180 Illud

329 2213 475 2266 enim
510 2213 651 2281 quod
688 2213 819 2267 dicit
851 2213 1015 2267 Isaias
1044 2231 1058 2267 :
1099 2231 1117 2265 ι
1143 2214 1205 2267 Ει
1234 2215 1486 2270 comedet
1519 2218 1660 2269 sicut
1699 2216 1902 2270 frenum

329 2300 555 2373 ὕληντδ,
583 2320 603 2353 ι
640 2302 693 2355 id
745 2311 828 2356 est
872 2304 1156 2358 materiam
1200 2305 1432 2358 :dicens
1478 2306 1543 2360 de
1591 2307 1666 2360 eis
1708 2306 1902 2374 qui.in

327 2393 609 2462 suppliciis
636 2395 917 2448 constituti
946 2406 1095 2460 sunt,
1123 2398 1410 2451 materiam
1441 2398 1622 2466 posuit
1649 2414 1746 2466 pro
1779 2415 1904 2468 pec-

326 2482 484 2538 catis.
541 2481 647 2538 Sed
701 2493 756 2537 et
803 2485 975 2538 sicubi
1028 2486 1080 2538 in
1136 2487 1243 2541 alio
1278 2487 1396 2542 loco
1446 2489 1707 2557 scriptum
1767 2490 1905 2544 forte

326 2574 567 2626 materiae
598 2589 792 2628 nomen
829 2584 932 2638 est,
969 2591 1254 2644 nusquam,
1293 2589 1352 2632 ut
1386 2579 1640 2642 arbitror,
1674 2579 1800 2643 hoc,
1835 2580 1900 2632 de

325 2676 434 2732 quo
485 2677 628 2716 nunc
683 2662 997 2731 quaerimus,
1060 2665 1370 2734 signiﬁcare
1413 2667 1744 2731 invenietur,
1797 2667 1900 2720 nisi

327 2753 702 2807 tantummodo
739 2753 794 2807 in
829 2753 1109 2821 Sapientia
1159 2769 1280 2823 qua:
1332 2755 1534 2810 dicitur
1570 2757 1901 2822 Salomonis,

323 2847 414 2912 qui
469 2849 654 2915 utique
705 2846 841 2901 liber
898 2863 1007 2902 non
1043 2849 1112 2902 ab
1160 2848 1415 2903 omnibus
1464 2850 1518 2902 in
1577 2849 1904 2904 auctoritate

325 2937 580 2992 habetur.
609 2938 682 2992 lbi
719 2947 896 2992 tamen
929 2939 1187 3006 scriptum
1227 2939 1538 2994 invenimus
1569 2941 1672 2994 hoc
1702 2941 1900 2996 modo:

337 3046 355 3078 ι
380 3026 494 3081 Non
523 3027 692 3093 enim,
722 3027 898 3095 inquit
926 3027 1064 3098 (56),
1102 3030 1292 3082 deerat
1320 3029 1683 3096 omnipotenti
1717 3030 1898 3083 Inanui

2019 579 2252 632 cundum
2303 580 2417 633 haec
2458 594 2577 648 qua:
2613 580 2664 631 in
2718 576 3033 646 prioribus,
3081 589 3240 646 prout
3292 584 3588 650 potuimus,

2015 671 2374 734 ostendimus,
2404 685 2525 724 eum
2559 669 2720 722 etiam
2752 684 2816 722 ex
2852 684 3015 737 aqua,
3041 679 3094 722 et
3130 679 3294 734 terra,
3323 686 3467 734 aere,
3500 671 3585 726 vel

2015 759 2228 823 calore,
2277 776 2372 829 per
2419 761 2631 815 diversa
2673 761 2926 813 arborum
2967 775 3163 828 genera
3212 759 3455 816 diversos
3497 778 3591 817 os-

2019 845 2288 900 tendimus
2320 847 2550 914 proferri
2595 848 2831 911 frnctus;
2868 847 2948 902 vel
2989 862 3108 900 cum
3147 849 3348 917 ignem,
3379 865 3587 922 aerem,

2014 954 2232 1004 aquam,
2272 950 2576 1006 terramque
2609 942 2800 992 mutari
2837 942 2887 992 in
2921 944 3208 1009 semetipsa
3249 941 3474 995 invicem
3523 958 3587 995 ac

2018 1026 2211 1080 resolvi
2255 1027 2397 1079 aliud
2450 1029 2500 1080 in
2543 1027 2688 1082 aliud
2739 1031 3063 1085 elementum
3119 1043 3300 1084 mutua
3350 1033 3584 1101 quadam

2015 1119 2486 1186 consanguinitate
2514 1120 2825 1185 docuimus;
2860 1124 2952 1176 sed
2981 1134 3030 1176 et
3063 1139 3182 1175 cum
3233 1125 3297 1177 de
3327 1125 3469 1178 escis
3499 1125 3583 1179 vel

2017 1209 2292 1262 hominum
2340 1211 2420 1262 vel
2468 1211 2780 1264 animalium
2833 1213 3180 1280 probavimus
3225 1213 3582 1267 substantiam

2013 1303 2193 1354 Carnis
2247 1304 2542 1364 exsistere,
2591 1302 2673 1354 vel
2721 1302 3000 1355 humorem
3048 1303 3269 1357 seminis
3322 1305 3586 1359 naturalis

2016 1391 2066 1444 in
2116 1407 2332 1445 carnem
2367 1393 2591 1447 solidam
2633 1407 2863 1459 ossaque
2895 1394 3164 1447 converti.
3214 1393 3343 1459 Quae
3395 1397 3580 1448 omnia

2013 1485 2333 1537 doctuncuto
2386 1494 2512 1538 sunt
2550 1486 2692 1551 quod
2741 1483 3043 1536 substantia
3108 1484 3404 1552 corporalis
3453 1499 3582 1554 per-

2013 1575 2290 1628 mutabilis
2321 1577 2412 1638 sit,
2443 1585 2498 1629 et
2527 1591 2590 1628 ex
2625 1575 2770 1628 onini
2809 1575 2860 1627 in
2897 1590 3110 1628 omnem
3157 1574 3410 1629 deveniat
3448 1591 3583 1644 qua-

2013 1664 2244 1718 litatem.

2037 1744 2043 1750 ’
2083 1754 2174 1808 54.
2215 1754 2593 1806 Verumtamen
2640 1753 2764 1806 illud
2797 1754 2938 1808 scire
2981 1763 3218 1822 oportet,
3251 1754 3394 1824 quod
3437 1771 3576 1810 nun-

2009 1859 2172 1911 quam
2203 1845 2500 1897 substantia
2537 1843 2656 1897 sine
2695 1844 2955 1911 qualitate
2989 1846 3254 1910 Subsistit,
3287 1847 3384 1900 sed
3416 1847 3582 1902 intel-

2007 1931 2147 1984 lectu
2172 1931 2286 1985 solo
2317 1932 2641 1985 discernitur
2672 1933 2774 1986 hoc
2803 1934 2944 2004 quod
2977 1935 3223 2004 subjacet
3255 1937 3581 2005 corporibus

2007 2031 2062 2075 et
2092 2023 2232 2091 quod
2284 2038 2458 2091 capax
2507 2032 2590 2078 est
2639 2024 2942 2093 qualitatis,
2984 2041 3106 2080 esse
3154 2027 3268 2098 (58)
3323 2029 3579 2082 materia.

2007 2113 2237 2180 Quidam
2282 2115 2441 2168 altius
2472 2131 2600 2184 ergo
2631 2115 2696 2169 de
2734 2117 2816 2169 his
2849 2118 3090 2173 volentes
3128 2119 3422 2188 inquirere,
3457 2120 3578 2174 ausi

2006 2214 2133 2259 sunt
2175 2205 2357 2259 dicere
2403 2205 2534 2258 nihil
2587 2205 2730 2260 aliud
2775 2223 2894 2262 esse
2953 2219 3198 2262 naturam
3256 2224 3575 2280 corpoream

2005 2312 2165 2364 quam
2211 2297 2523 2365 qualitates.
2559 2297 2617 2351 Si
2647 2298 2790 2352 enim
2829 2299 3026 2353 duritia
3059 2311 3114 2354 et
3161 2300 3436 2365 mollities,
3485 2317 3579 2355 ca-

2006 2387 2171 2440 lidmn
2217 2397 2269 2440 et
2320 2386 2607 2456 frigidum,
2657 2389 2938 2442 humidum
2974 2400 3028 2442 et
3081 2391 3288 2443 aridum
3339 2392 3579 2460 qualitas

2006 2487 2118 2542 est,
2177 2478 2260 2532 his
2303 2487 2477 2532 autem
2517 2478 2598 2533 vel
2647 2480 2861 2533 caeteris
2920 2481 3224 2549 hujusuiodi
3285 2485 3578 2550 amputatis

2008 2568 2139 2622 nihil
2184 2569 2328 2622 aliud
2377 2569 2698 2638 intelligitur
2727 2570 3038 2638 subiacere,
3084 2572 3408 2626 videbuntur
3438 2589 3574 2641 qua-

2008 2658 2188 2713 litates
2220 2674 2338 2713 esse
2384 2661 2589 2716 omnia.
2643 2661 2796 2716 Unde
2825 2671 2879 2715 et
2918 2663 2968 2716 hi
3009 2663 3098 2730 qui
3141 2663 3254 2717 haec
3298 2676 3573 2733 asserunt,

2007 2764 2324 2804 asseverare
2351 2753 2530 2804 conati
2561 2763 2711 2815 sunt,
2747 2762 2802 2805 ut
2828 2753 3084 2822 quoniam
3115 2769 3304 2808 omnes
3331 2755 3422 2823 qui
3459 2773 3573 2807 ma-

2007 2840 2200 2892 teriam
2253 2839 2508 2894 infectam
2559 2841 2782 2907 dicunt,
2838 2842 3127 2910 qualitates
3159 2858 3189 2896 a
3244 2844 3354 2898 Deo
3401 2843 3576 2899 factas

2004 2940 2124 2981 esse
2162 2930 2514 2993 conﬁtentur,
2560 2931 2865 2984 inveniatur
2897 2947 2994 3000 per
3037 2934 3138 2986 hoc
3167 2934 3332 2987 etiam
3374 2949 3572 2987 secun-

2007 3019 2133 3072 dum
2190 3020 2334 3088 ipsos
2386 3036 2487 3074 nec
2547 3022 2774 3074 materia
2833 3038 2953 3076 esse
3007 3022 3258 3080 infecta:
3305 3025 3572 3093 siquidem

326 3134 433 3172 tuae
475 3133 594 3186 quze
635 3129 918 3174 creaverat
957 3121 1214 3173 mundum
1249 3134 1317 3173 ex
1369 3119 1588 3174 informi
1639 3121 1897 3187 materia,

2006 3109 2296 3178 qualitates
2339 3111 2449 3163 sint
2482 3110 2697 3174 omnia,
2749 3127 2869 3177 quae
2914 3114 3104 3182 utique
3135 3114 3250 3168 sine
3299 3116 3574 3169 contradi-

324 3206 620 3260 inunittere
647 3207 728 3260 eis
775 3207 1176 3261 multitudinem
1222 3224 1497 3271 ursorum,
1548 3209 1632 3262 vel
1687 3208 1898 3264 feroces

322 3293 508 3346 leones
527 3293 594 3344 ⁷⁵.
627 3312 647 3345 ι
683 3291 1074 3362 Quamplurimi
1125 3310 1254 3349 sane
1282 3307 1474 3364 putant
1513 3312 1694 3351 rerum
1727 3299 1897 3368 ipsam

324 3383 608 3436 materiam
646 3383 943 3452 signiﬁcari
973 3383 1028 3437 in
1082 3399 1147 3438 eo
1186 3385 1330 3454 quod
1382 3385 1434 3439 in
1488 3387 1756 3456 principio
1791 3388 1897 3444 Ge-

321 3476 470 3530 nesis
514 3476 778 3546 scriptum
821 3485 903 3530 est
941 3491 969 3529 a
1020 3477 1201 3549 Moyse
1244 3497 1257 3532 :
1301 3498 1318 3530 ‹
1351 3477 1406 3532 In
1458 3480 1726 3548 principio
1765 3481 1894 3537 fecit

320 3565 463 3622 Deus
493 3567 690 3623 cmlum
727 3577 781 3622 et
813 3577 1040 3633 terram,
1072 3578 1211 3623 terra
1246 3579 1424 3624 autem
1449 3580 1570 3625 erat
1607 3571 1896 3626 invisibilis

318 3668 374 3712 et
405 3658 763 3728 incomposita
791 3660 858 3712 ⁷⁸.
888 3679 906 3710 ι
947 3659 1276 3714 Invisibilem
1313 3676 1548 3730 namque
1585 3671 1640 3717 et
1686 3663 1894 3718 incom-

317 3750 549 3819 positam
597 3758 801 3804 terram
843 3766 949 3804 non
997 3750 1146 3806 aliud
1192 3751 1272 3806 eis
1317 3751 1428 3821 (57)
1475 3752 1686 3822 Moyses
1732 3768 1891 3822 quam

317 3839 610 3894 informem
662 3843 946 3895 materiam
1004 3844 1152 3896 visus
1205 3851 1288 3896 est
1336 3843 1600 3897 indicare.
1641 3843 1793 3909 Quod
1845 3843 1891 3899 si

316 3945 450 3985 vere
482 3931 596 3985 haec
637 3941 722 3986 est
769 3934 1017 3999 materia,
1049 3942 1263 3987 constat
1317 3933 1513 3987 exinde
1558 3935 1891 3989 inconverti-

317 4017 447 4073 bilia
485 4035 590 4073 non
639 4034 762 4074 esse
797 4021 946 4074 initia
992 4036 1301 4090 corporum.
1349 4023 1482 4074 Nam
1525 4024 1577 4076 hi
1627 4024 1715 4090 qui
1769 4005 1890 4076 ato-

316 4126 456 4177 mos,
501 4111 583 4166 vel
616 4127 680 4165 ea
709 4129 827 4182 qua:
858 4115 908 4166 in
944 4123 1125 4181 partes
1156 4115 1341 4168 venire
1375 4131 1480 4168 non
1529 4125 1778 4184 possunt,
1808 4116 1890 4169 vel

315 4218 377 4256 ea
421 4220 543 4273 qua:
575 4203 626 4257 in
671 4205 904 4273 aequales
936 4216 1120 4273 partes
1170 4207 1418 4273 veniunt,
1463 4207 1550 4260 vel
1591 4223 1753 4260 unum
1787 4207 1875 4262 ali-

315 4294 457 4360 quod
490 4291 816 4347 elementum
856 4309 1039 4347 rcrum
1075 4295 1442 4362 corporalium
1495 4295 1758 4364 principia
1799 4313 1890 4366 po-

313 4389 562 4445 suerunt,
600 4398 796 4436 nomen
835 4383 1098 4446 materne,
1137 4382 1190 4437 id
1219 4393 1299 4437 est
1332 4386 1476 4454 quod
1511 4385 1888 4456 principaliter

2006 3202 2185 3256 ctione
2234 3203 2302 3256 ab
2340 3202 2588 3256 omnibus
2631 3218 2660 3256 a
2700 3205 2806 3257 Deo
2845 3203 3003 3258 factae
3048 3220 3166 3259 esse
3219 3209 3574 3273 pronuntian-

2003 3301 2109 3349 tur.
2144 3291 2205 3346 lli
2253 3309 2384 3348 vero
2420 3295 2509 3362 qui
2544 3295 2842 3364 suhjaeenti
2889 3295 3100 3349 cuidam
3145 3300 3382 3352 materia:
3415 3297 3575 3368 193

2003 3384 2215 3439 additas
2267 3387 2608 3439 extrinsecus
2655 3386 2946 3453 qualitates
3015 3387 3202 3440 volunt
3243 3391 3568 3452 ostendere,

1999 3474 2372 3541 hujuscemodi
2401 3485 2625 3529 utuntur
2653 3477 2932 3545 exemplis,
2959 3478 3111 3531 verbi
3137 3479 3341 3546 gratia:
3371 3477 3574 3533 Paulus

1997 3568 2115 3622 sine
2147 3567 2311 3622 dubio
2356 3579 2451 3622 aut
2489 3577 2656 3633 tacet,
2691 3579 2784 3622 aut
2826 3571 3086 3638 loquitur,
3115 3579 3212 3624 aut
3245 3571 3448 3639 vigilat,
3479 3584 3573 3624 aut

1999 3658 2232 3724 dormit,
2279 3659 2364 3712 vel
2399 3671 2550 3714 certo
2593 3659 2825 3727 quodam
2881 3665 3126 3729 corporis
3161 3661 3344 3714 habitu
3393 3664 3572 3717 consi-

1996 3749 2124 3814 stit;
2163 3759 2254 3803 aut
2286 3752 2429 3804 enim
2460 3751 2634 3816 sedet,
2667 3763 2762 3804 aut
2795 3760 2922 3817 stat,
2953 3753 3234 3820 autjacet.
3265 3753 3390 3809 llarc
3426 3757 3569 3810 enim

1997 3847 2124 3893 sunt
2169 3840 2480 3893 hominibus
2513 3841 2845 3906 accidentia,
2899 3842 3019 3896 sine
3059 3843 3256 3912 quibus
3290 3859 3566 3914 nunquam

1995 3929 2112 3984 fere
2151 3923 2523 3984 inveniuntur.
2565 3931 2675 3986 Nec
2715 3942 2898 3987 tamen
2937 3948 3130 3989 sensus
3158 3947 3344 3989 noster
3390 3938 3569 3990 mani—

1995 4021 2134 4076 feste
2165 4024 2231 4075 de
2261 4037 2326 4074 eo
2356 4022 2554 4090 aliquid
2590 4024 2776 4076 horum
2809 4024 3036 4089 deﬁnit,
3079 4029 3171 4080 sed
3209 4027 3281 4079 ita
3313 4042 3435 4081 eum
3475 4043 3570 4096 per

1993 4112 2108 4167 haec
2143 4112 2490 4180 intelligimus
2519 4113 2596 4166 vel
2643 4115 3072 4176 consideramus,
3113 4124 3170 4168 ut
3199 4131 3303 4170 non
3344 4118 3571 4171 omnino

1994 4202 2256 4256 rationem
2305 4212 2478 4257 status
2533 4204 2648 4270 ejus
2693 4204 3240 4273 comprehendamus,
3279 4206 3361 4260 vel
3407 4207 3459 4260 in
3503 4222 3569 4262 eo

1993 4294 2137 4362 quod
2180 4293 2366 4364 vigilat
2404 4293 2536 4364 (59),
2581 4294 2666 4348 vel
2710 4295 2764 4347 in
2793 4310 2857 4348 eo
2901 4294 3043 4361 quod
3090 4295 3324 4361 dormit,
3372 4304 3466 4350 aut
3510 4297 3565 4352 in

1994 4398 2102 4451 quo
2151 4382 2414 4451 loquitur,
2458 4383 2542 4437 vel
2589 4392 2762 4449 tacet,
2808 4393 2862 4436 et
2901 4384 2946 4436 si
2991 4398 3100 4452 qua
3140 4385 3244 4438 alia
3287 4396 3413 4440 sunt
3447 4403 3572 4456 qua:

313 4471 594 4525 materiam
643 4471 942 4540 signiﬁcat,
994 4474 1138 4526 inter
1173 4473 1435 4541 principia
1488 4483 1730 4528 statuere
1784 4491 1888 4530 non
1925 4481 1966 4535 ι)
1997 4473 2247 4527 accidere
2285 4487 2510 4526 necesse
2537 4482 2621 4526 est
2649 4473 2978 4527 hominibus.
3010 4474 3064 4527 Si
3107 4489 3238 4542 ergo
3270 4476 3392 4544 quis
3429 4474 3572 4531 Pau-

313 4571 626 4626 potuerunl.
673 4563 858 4631 Neque
893 4565 1034 4616 enim
1083 4578 1205 4616 cum
1257 4565 1546 4620 materiam
1594 4565 1893 4634 subjiciunt

314 4651 462 4702 omni
497 4653 710 4720 corpori
747 4667 839 4720 per
863 4655 1046 4707 omnia
1075 4656 1486 4710 convertibilem
1527 4658 1888 4712 substantiam

314 4739 401 4791 vel
433 4740 747 4796 mutabilem
774 4743 854 4796 vel
887 4744 1238 4806 divisibilem,
1264 4755 1421 4801 extra
1449 4747 1736 4814 qualitates
1766 4763 1887 4801 eam

315 4830 613 4884 secundum
672 4833 1057 4900 proprietatem
1102 4837 1416 4907 su‘bjicicnt.
1460 4836 1665 4902 Quibus
1723 4838 1888 4891 etiam

315 4935 412 4975 nos
449 4924 862 4991 acquiescimus,
897 4927 992 4993 qui
1035 4929 1182 4981 omni
1237 4942 1434 4996 genere
1470 4927 1755 4981 abnuimus
1800 4929 1883 4981 in-

386 5080 430 5112 "
456 5080 557 5134 lsa.
593 5097 646 5145 κ,
684 5081 768 5133 l7.
862 5083 907 5112 ⁷⁵
931 5085 1056 5152 Sap.
1087 5099 1160 5148 XI,
1191 5084 1274 5139 18.
1353 5086 1397 5116 ⁷⁸
1432 5085 1567 5140 Gen.
1599 5103 1634 5150 ι,
1673 5088 1722 5141 l.

383 5219 630 5302 (55)mSic
665 5235 794 5300 mss.
829 5221 993 5302 Editi,
1025 5241 1043 5273 ι
1075 5223 1513 5302 οοξρᾳνᾳιὶὺυε.)
1549 5224 1692 5280 Infra
1725 5244 1878 5302 ωδε..

318 5290 672 5372 «signiﬁcare
736 5292 1062 5346 invenietur.
1099 5312 1117 5343 ι
1154 5290 1331 5358 Editi,
1406 5315 1424 5346 ι
1455 5296 1670 5367 signare
1734 5290 1881 5351 inve;

312 5370 734 5501 ωῗὲὲςίῖηίιυὶι.
769 5428 927 5482 Deest
957 5431 1007 5483 in
1034 5440 1188 5486 antea
1213 5432 1396 5488 editis.
1427 5433 1544 5490 Mox
1570 5451 1698 5490 mss.
1720 5446 1887 5501 recte,

315 5517 335 5548 ι
367 5499 768 5553 multitudinem
828 5515 1098 5555 ursorum.
1130 5521 1148 5553 ι
1202 5503 1376 5570 Editi,
1434 5523 1451 5555 ι
1481 5499 1886 5561 similitudinem

315 5583 590 5622 III'SOI'IIID.
623 5588 643 5621 ι

382 5638 494 5710 (57)
537 5641 626 5712 sic
665 5654 793 5712 mss.
842 5639 1015 5712 Editi,
1051 5659 1068 5690 ι
1099 5658 1241 5697 esse.
1272 5663 1289 5692 ι
1328 5643 1496 5697 Paulo
1544 5654 1669 5712 post
1715 5660 1879 5712 mss.,

313 5723 337 5759 ι
365 5723 528 5761 unum
561 5709 775 5779 aliquod
812 5711 1193 5764 elementum.»
1237 5715 1398 5779 Editi,
1431 5733 1449 5766 ε
1480 5709 1644 5768 unum
1675 5714 1740 5767 ad
1773 5709 1882 5769 eleé

313 5785 576 5833 mentum.
603 5797 621 5831 ι
674 5778 843 5836 Paulo
894 5791 1015 5852 post
1060 5798 1220 5854 mss,
1260 5804 1278 5838 ‹
1307 5778 1718 5842 convertibilcm
1756 5787 1882 5842 sub-

1999 4565 2106 4618 lnm
2136 4566 2256 4620 sine
2291 4565 2378 4619 his
2422 4565 2674 4620 omnibus
2701 4579 2823 4620 esse
2852 4566 3160 4620 consideret
3192 4583 3311 4635 qua:
3344 4574 3572 4636 possunt

1995 4654 2279 4718 accidere,
2323 4655 2395 4706 ita
2430 4665 2488 4708 et
2520 4655 2572 4708 id
2621 4654 2764 4722 quod
2809 4655 3053 4722 suhjacet
3096 4657 3216 4724 quis
3263 4657 3568 4726 intelligere

1994 4745 2114 4799 sine
2153 4743 2508 4812 qualitatibus
2539 4745 2755 4814 poterit.
2803 4745 2934 4798 Cum
2976 4759 3105 4815 ergo
3142 4762 3338 4801 sensus
3374 4756 3560 4801 noster

1996 4835 2143 4891 omni
2193 4835 2454 4905 qualitate
2509 4839 2575 4890 ab
2627 4836 2901 4890 intellectu
2953 4852 3050 4890 suo
3117 4847 3321 4891 remota
3391 4839 3566 4908 ipsum

1996 4928 2343 4996 subiacentis:
2393 4932 2580 4995 solius,
2611 4941 2669 4986 ut
2715 4933 2786 4984 ita
2816 4931 3078 4996 dixerim,
3125 4943 3384 5001 punctum
3430 4948 3563 4987 con-

1992 5228 2250 5282 stantiam
2292 5227 2373 5280 vel
2407 5222 2717 5278 mutabilem
2748 5221 2833 5275 vel
2876 5221 3218 5276 divisibilem.
3248 5244 3266 5276 ι
3304 5223 3360 5277 In
3407 5223 3566 5277 editis

1991 5299 2176 5358 deest,
2215 5313 2234 5346 ς
2267 5295 2663 5358 substantiam,
2686 5311 2704 5343 ι
2747 5302 2801 5345 et
2845 5313 2862 5342 ι
2897 5291 2979 5346 vel
3013 5293 3362 5347 divisibilem.
3388 5311 3406 5343 ι
3442 5293 3569 5347 Post

1990 5366 2266 5434 paululum
2299 5380 2465 5434 mss.,
2485 5379 2503 5411 ι
2530 5362 2824 5434 secundum
2857 5362 2972 5415 haec
3001 5377 3118 5434 qua:
3146 5362 3206 5434 in
3234 5363 3561 5432 prioribus.»

1999 5431 2135 5490 Editi
2159 5475 2174 5499 ,
2213 5453 2230 5486 ι
2265 5433 2565 5488 secundum
2597 5431 2710 5484 haec
2739 5432 2882 5485 enim
2909 5434 2961 5484 in
2989 5431 3284 5500 prioribus.
3312 5451 3331 5484 ι

2068 5504 2180 5577 (58)
2221 5503 2387 5558 Recte
2423 5517 2578 5577 mss.,
2599 5519 2632 5577 _g
2656 5514 2796 5577 esse.
2824 5520 2842 5552 ι
2869 5501 3006 5555 Male
3037 5515 3163 5555 vero
3192 5501 3346 5566 editi,
3385 5517 3405 5550 ι
3424 5509 3561 5554 εει..

1997 5571 2120 5630 Μοίι
2158 5571 2312 5638 mss.,
2347 5591 2364 5623 ι
2397 5571 2528 5624 nihil
2561 5571 2704 5624 aliud
2735 5587 2856 5626 esse
2880 5582 3131 5625 naturam
3166 5585 3504 5640 corpoream.
3538 5592 3558 5622 ι

1989 5646 2156 5710 ΕιΙίιί,
2191 5663 2208 5695 ι
2241 5643 2373 5698 nihil
2403 5641 2546 5695 aliud
2579 5657 2701 5696 esse
2731 5642 3012 5695 materiam
3043 5655 3379 5708 corpoream.
3403 5659 3419 5689 ι

2063 5709 2174 5784 (59)
2214 5714 2308 5769 Sic
2336 5727 2523 5784 omnes
2550 5728 2681 5766 mss.
2713 5712 2876 5776 Editi,
2909 5728 2927 5760 ι
2948 5711 3008 5784 in
3035 5725 3100 5763 eo
3127 5710 3222 5784 qui
3259 5710 3450 5778 vigilat
3483 5709 3564 5764 vel

1988 5787 2042 5841 in
2072 5780 2260 5854 coqui
2299 5782 2534 5851 dormit,
2569 5791 2661 5837 aut
2694 5784 2747 5837 in
2780 5795 2843 5836 eo
2869 5782 2962 5850 qui
2993 5780 3252 5850 loquitur.
3279 5797 3298 5829 ι
