3974 6160
434 335 536 393 409

1698 329 1896 383 LIBER
1931 324 2275 394 QUARTUS.

3568 325 3673 382 410

437 457 641 508 tuetur,
687 451 741 498 et
785 444 886 513 ipsi
925 443 1171 510 inhaeret,
1207 457 1544 512 nequaquam
1595 445 1897 512 respiciens
1929 446 1994 498 ad
2024 448 2070 504 Α
2100 449 2202 494 tem
2269 439 2784 508 comprehensionem
2811 454 2920 492 cam
2973 439 3195 492 dicimus
3220 482 3233 506 ,
3278 447 3331 491 ut
3364 455 3466 493 non
3495 441 3670 494 solum

2109 548 2261 586 sensu
2290 532 2405 600 quis
2430 541 2475 583 et
2505 530 2759 598 sapientia
2800 531 3229 595 comprehendat,
3268 530 3356 583 sed
3396 539 3444 583 et
3482 531 3671 585 virtute

2102 633 2150 676 et
2177 622 2407 690 potentia
2440 631 2630 675 cuncta
2661 629 2830 675 teneat
2857 619 2947 689 qui
2973 620 3233 689 cognovit,
3265 637 3367 674 non
3389 637 3666 690 possumus

2103 714 2296 776 dicere,
2321 713 2458 777 quod
2485 711 2882 776 comprehendat
2907 709 3082 765 Filius
3111 711 3347 766 Patrem.

436 535 749 598 mollitiem,
794 535 876 588 vel
912 535 1202 598 duritiem,
1251 533 1333 587 vel
1389 533 1658 598 calidum,
1703 535 1788 589 vel
1843 535 1996 603 l‘rigi-

433 625 594 686 dum.
630 623 713 678 vel
755 625 1032 677 humidum
1059 661 1074 687 ,
1108 623 1191 678 vel
1233 623 1444 676 aridum
1478 623 1818 688 substantia).
1869 633 1998 677 tunc

435 715 684 774 suuulata
733 709 1134 782 quodammodo
1175 711 1536 780 cogitatione,
1596 713 1680 767 his
1749 715 1999 767 omnibus

433 805 781 871 qualitatibus
850 802 1048 856 nudam
1099 801 1373 856 videbitur
1427 802 1619 856 intueri
1695 803 1995 857 materiam.

503 896 594 948 55.
655 895 760 947 Sed
805 892 1035 946 fortasse
1063 892 1307 961 requiret
1341 891 1576 960 aliquis,
1627 893 1669 946 si
1715 908 1999 961 possumus

433 988 597 1040 etiam
630 987 694 1038 de
725 983 1022 1052 Scripturis
1044 983 1386 1037 occasionem
1434 982 1665 1050 aliquam
1699 983 2000 1052 intelligen-

439 1075 527 1127 lite
559 1074 719 1142 hujus
753 1074 1020 1141 accipere.
1057 1069 1282 1124 Videtur
1310 1067 1438 1122 mihi
1473 1070 1578 1124 tale
1601 1070 1802 1138 aliquid
1831 1069 1999 1139 signi-

441 1165 589 1220 ﬁcari
617 1166 669 1219 in
695 1163 940 1226 Psalmis,
974 1178 1093 1217 cum
1122 1163 1321 1217 dicitur
1348 1179 1375 1216 a
1401 1161 1670 1229 Propheta
1698 1181 1709 1214 :
1744 1182 1761 1214 ι
1789 1163 1994 1230 Imper-

439 1258 758 1326 fectum(60)
781 1266 926 1310 tuum
945 1257 1190 1310 viderunt
1207 1255 1344 1308 oculi
1367 1257 1471 1309 mei
1486 1257 1552 1310 ".
1566 1276 1584 1308 ι
1607 1257 1661 1309 lu
1677 1271 1780 1323 quo
1793 1255 2003 1308 videtur

443 1362 600 1403 mens
630 1347 917 1416 Prophetas
950 1362 1129 1402 rerum
1164 1348 1316 1403 initia
1368 1349 1562 1404 intuitu
1604 1347 2000 1418 perspicaciore

443 1439 740 1492 discutiens
766 1478 780 1502 ,
839 1447 893 1492 et.
944 1439 1230 1492 materiam
1266 1453 1426 1494 sensu
1464 1438 1579 1494 solo
1624 1452 1688 1491 ac
1733 1437 1942 1491 ratione
1975 1452 2002 1489 a

445 1527 798 1598 qualitatibus
851 1529 1134 1592 dividens,
1173 1529 1550 1598 imperfectum
1589 1529 1682 1582 Dei
1742 1530 2002 1592 sensisse,

445 1622 585 1690 quod
616 1622 803 1690 utique
837 1621 1064 1689 adjectis
1103 1622 1454 1689 qualitatibus
1503 1619 1824 1688 intelligitur
1870 1633 2002 1671 con-

443 1721 791 1766 summatum.
843 1711 946 1766 Sed
1001 1722 1056 1766 et
1108 1713 1160 1766 in
1197 1712 1338 1764 libro
1393 1725 1494 1765 suo
1539 1711 1721 1764 Enoch
1759 1711 1829 1762 ita
1873 1709 1948 1762 ait
1989 1728 2001 1764 :

2163 801 2290 853 Εἰδὲ
2305 803 2331 851 ὁ
2345 799 2528 868 Πατὴρ
2541 799 2856 869 ἐμπεριέχει

2101 894 2167 948 τὰ
2206 893 2398 956 πάντα,
2424 892 2530 943 τῶν
2563 893 2616 944 δὲ
2643 893 2856 946 πάντων

2100 985 2162 1036 τέ
2223 984 2369 1034 ἐστιν
2413 983 2440 1034 ὁ
2480 982 2644 1044 Υἱὸς,
2699 982 2856 1051 δῆλον

2101 1073 2184 1125 ὅτι
2220 1074 2313 1125 καὶ
2344 1073 2434 1126 τὸν
2472 1072 2620 1124 Υἱόν.
2669 1069 2856 1131 ’Ἄλλος

2101 1164 2159 1217 δέ
2196 1183 2276 1228 τις
2317 1165 2538 1236 ζητήσει
2577 1164 2624 1214 εἰ
2662 1161 2857 1230 ἀληθὲς

2101 1257 2162 1308 τὸ
2217 1256 2417 1326 ὁμοίως
2463 1256 2553 1308 τὸν
2593 1254 2722 1306 Θεὸν
2768 1255 2856 1322 ὑφ’

2106 1351 2299 1406 ἑαυτοῦ
2337 1349 2736 1422 γινώσκεσθαι,
2782 1349 2859 1420 τῷ

2106 1444 2468 1514 γινώσκεσθαι
2535 1443 2698 1496 αὐτὸν
2758 1444 2862 1496 ὑπὸ

2105 1539 2196 1592 τοῦ
2221 1538 2552 1608 Μονογενοῦς
2569 1556 2581 1568 ·
2618 1539 2712 1590 καὶ
2736 1537 2862 1589 ἀπο-

2109 1631 2356 1697 φανεῖται
2402 1629 2482 1679 ὅτι
2529 1627 2588 1678 τὸ
2634 1625 2860 1696 εἰρημέ-

2106 1735 2193 1770 νον
2213 1734 2225 1746 ’
2261 1717 2314 1768 Ὁ
2334 1716 2533 1783 Πατὴρ
2565 1717 2596 1768 ό
2622 1715 2861 1784 πέμψας

450 1820 468 1852 ι
484 1799 755 1854 Ambulavi
779 1815 946 1869 usque
967 1802 1032 1855 ad
1060 1799 1489 1869 imperfectum,»
1512 1799 1651 1869 quod
1677 1800 1850 1869 ipsum
1872 1808 2000 1866 puto

2128 1810 2173 1863 ιὲ
2199 1808 2408 1880 μείζων
2437 1828 2551 1879 μου
2581 1809 2769 1870 ἐστὶν.
2804 1811 2860 1860 ὲν

443 1905 600 1959 posse
640 1892 897 1944 similiter
933 1892 1196 1962 intelligi,
1232 1893 1371 1960 quod
1405 1891 1613 1944 scilicet
1648 1890 2004 1943 ambulaverit

446 1995 594 2036 mens
616 1983 889 2051 prophetat
913 1993 1261 2051 perscrutans
1280 1991 1333 2036 et
1352 1982 1622 2036 disserens
1641 1982 1848 2050 singula
1867 1996 2006 2048 quaa-

445 2087 549 2140 que
577 2086 755 2125 rerum
802 2071 1092 2127 visibilium
1130 2070 1239 2144 (61)
1275 2084 1554 2140 usquequo
1582 2070 1650 2124 ad
1683 2071 2003 2140 principium

445 2162 654 2218 venerit
681 2161 810 2217 illud
843 2163 896 2216 in
927 2179 1036 2233 quo
1068 2162 1438 2232 imperfectam
1480 2161 1763 2215 materiam
1805 2159 2007 2229 absque

445 2253 797 2322 qualitatibus
832 2256 1132 2324 perviderit
1180 2269 1196 2308 :
1251 2256 1510 2326 scriptum
1548 2270 1780 2325 namque
1815 2263 1901 2309 est
1953 2254 2005 2307 in

446 2343 632 2396 eodem
673 2343 893 2410 libello,
928 2344 1140 2401 dicente
1181 2345 1365 2401 Enoch
1402 2364 1415 2400 :
1459 2365 1478 2398 ‹
1505 2347 1793 2402 Universas
1841 2353 2008 2399 mate-

447 2436 558 2486 rias
592 2435 864 2503 perspexi.
893 2454 912 2488 ι
961 2437 1116 2502 Quod
1173 2439 1360 2507 utique
1416 2439 1486 2492 ita
1543 2441 1795 2502 sentitur,
1832 2438 2008 2506 quasi,

447 2523 648 2579 Omnes
676 2527 918 2580 materiae
953 2527 1242 2587 divisimes
1274 2530 1477 2596 pervidi
1504 2571 1519 2595 ,
1551 2544 1669 2598 qua:
1704 2531 1772 2584 ab
1806 2544 1910 2582 una
1958 2530 2010 2582 in

451 2615 690 2683 singulas
724 2630 967 2683 quasque
1013 2615 1238 2684 dirupta:
1275 2626 1399 2672 sunt
1444 2619 1677 2688 Species,
1709 2619 1760 2673 id
1795 2629 1880 2673 est
1909 2623 2012 2673 ho-

453 2706 690 2769 minum,
740 2705 822 2760 vel
858 2707 1204 2774 animalium,
1249 2709 1332 2763 vel
1379 2709 1539 2776 εαξη,
1592 2709 1677 2764 vel
1725 2709 1889 2775 solis,
1934 2710 2012 2764 vel

449 2797 692 2850 omnium
718 2812 836 2866 qua:
887 2799 940 2851 in
974 2799 1077 2853 hoc
1129 2804 1330 2854 mundo
1361 2809 1505 2854 sunt.
1569 2799 1696 2856 Post
1741 2801 1856 2855 haec
1903 2800 2012 2869 jam

449 2886 632 2940 omnia
651 2901 771 2955 qua:
792 2896 919 2941 sunt
945 2902 974 2940 a
1007 2887 1114 2942 Deo
1143 2888 1286 2942 facta
1318 2903 1460 2954 esse,
1487 2897 1544 2942 et
1570 2889 1700 2942 nihil
1729 2904 1846 2943 esse
1872 2890 2014 2957 quod

449 2979 650 3032 factum
699 2993 803 3033 non
856 2980 926 3033 sit
974 2987 1171 3048 printer
1217 2988 1466 3034 naturam
1499 2978 1683 3034 Patris
1726 2991 1781 3034 et
1808 2979 1934 3035 Filii
1962 2991 2017 3034 et

452 3069 686 3138 Spiritus
736 3070 946 3134 sancti,
997 3077 1158 3136 prout
1211 3073 1487 3140 potuimus
1538 3071 1591 3124 in
1645 3072 2016 3140 superioribus

454 3159 994 3215 demonstravimus:
1038 3169 1092 3214 et
1119 3163 1261 3230 quod
1294 3161 1477 3216 volens
1523 3160 1661 3216 Deus
1688 3163 1780 3230 qui
1828 3170 2017 3216 natura

454 3251 626 3304 bonus
657 3248 767 3322 (62)
796 3259 910 3314 est,
943 3251 1145 3305 habere
1169 3252 1368 3320 quibus
1399 3253 1536 3305 bene
1565 3250 1806 3315 faceret,
1844 3263 1897 3306 et
1927 3253 2016 3321 qui

457 3340 668 3410 adeptis
695 3341 972 3396 beneﬁciis
1020 3343 1136 3396 suis
1185 3343 1536 3406 laetarentur,
1582 3340 1800 3396 fecisset
1831 3343 2020 3410 dignas

457 3441 767 3500 creaturas,
810 3433 860 3486 id
910 3442 993 3488 est
1024 3449 1142 3503 quae
1185 3448 1308 3488 eum
1358 3435 1519 3503 digne
1552 3449 1750 3502 capere
1777 3444 2018 3502 possent,

458 3538 593 3593 quos
624 3533 678 3578 et
703 3524 954 3593 genuisse
992 3540 1050 3580 se
1089 3525 1227 3579 ﬁlios
1256 3525 1405 3579 dicit.
1449 3525 1601 3579 Fecit
1637 3535 1813 3578 autem
1839 3527 2022 3578 omnia

460 3616 513 3669 in
565 3631 796 3670 numero
847 3625 900 3669 et
948 3631 1224 3671 mensura.
1266 3616 1408 3672 Nihil
1461 3619 1605 3671 enim
1640 3619 1749 3672 Deo
1785 3618 1868 3671 vel
1907 3619 2024 3671 sine

462 3707 587 3771 ﬁne,
622 3706 705 3761 vel
741 3708 861 3762 sine
887 3722 1137 3762 mensura
1165 3717 1266 3763 est.
1314 3709 1528 3762 Virtute
1560 3709 1703 3762 enim
1729 3724 1822 3762 sua
1845 3710 2024 3762 omnia

393 3805 413 3809 “
461 3797 904 3865 comprehendit,

2109 1904 2272 1955 πᾶσιν
2316 1900 2531 1969 ἀληθές.
2575 1901 2735 1950 Ὥστε
2767 1900 2858 1951 καὶ

2107 1997 2164 2046 ὲν
2193 1992 2268 2062 τῷ
2299 1995 2437 2044 νοεῖν
2472 1994 2500 2044 ὁ
2528 1991 2718 2061 Πατὴρ
2744 2007 2859 2059 μει-

2109 2083 2274 2147 ζόνως
2297 2083 2390 2134 καὶ
2413 2079 2634 2153 τρανοτέ
2644 2097 2748 2149 ρως
2768 2080 2862 2132 καὶ

2107 2176 2453 2243 τελειοτέρως
2518 2177 2714 2228 νοεῖται
2772 2173 2860 2240 ὑφ’

2108 2266 2299 2322 ἑαυτοῦ
2320 2305 2334 2330 ,
2365 2267 2397 2336 ἢ
2426 2265 2529 2317 ὑπὸ
2577 2263 2668 2316 τοῦ
2711 2262 2859 2315 Υἱοῦ.

3004 801 3162 854 Pater
3185 819 3302 855 vero
3325 803 3497 855 omnia
3527 817 3672 854 com-

2926 891 3242 959 prehendit;
3303 894 3437 944 inter
3497 893 3672 944 omnia

2928 989 3098 1031 autem
3174 991 3220 1034 et
3292 981 3467 1035 Filius
3529 990 3604 1035 est
3654 999 3672 1036 .-

2928 1084 3050 1136 ergo
3091 1078 3137 1122 et
3185 1068 3385 1124 Filium
3437 1087 3673 1140 compre-

2931 1161 3131 1212 hendit.
3254 1159 3511 1215 Curiosus
3599 1165 3674 1215 le-

2928 1262 3038 1304 ctor
3076 1250 3186 1323 (64)
3218 1250 3464 1320 inquirat,
3500 1261 3674 1305 utrum

2930 1344 3004 1396 ita
3035 1360 3065 1394 a
3092 1344 3364 1408 semetipso
3395 1359 3675 1412 cognosca-

2933 1447 3022 1489 tur
3059 1433 3240 1501 Pater,
3280 1437 3540 1506 quomodo
3587 1452 3677 1490 co-

2931 1532 3196 1598 gnoscilur
3219 1549 3250 1583 a
3291 1529 3460 1591 Filio;
3480 1529 3676 1583 sciens-

2927 1638 3025 1690 que
3084 1625 3216 1677 illud
3243 1624 3380 1691 quod
3426 1623 3676 1690 scriptum

2932 1725 3005 1770 est
3034 1731 3052 1767 :
3087 1712 3246 1767 Pater
3267 1714 3355 1780 qui
3395 1725 3480 1766 me
3507 1710 3672 1773 misit,

2935 1808 3105 1876 major
3133 1816 3209 1860 est
3238 1804 3488 1858 onmibus
3515 1801 3673 1872 (64⁸),

2931 1918 3104 1955 vei-itm
3143 1915 3252 1952 esse
3294 1896 3588 1960 contendet,
3620 1902 3676 1946 ut

2929 1995 3090 2057 dicat,
3113 2003 3160 2045 et
3184 1992 3236 2043 in
3260 1990 3554 2058 cognitione
3577 1985 3676 2040 Fi—

2931 2081 3001 2135 lio
3027 2080 3240 2134 Patrem
3271 2096 3378 2133 esse
3399 2078 3675 2147 majorem,

2933 2176 3057 2226 dum
3098 2173 3375 2242 perfectius
3413 2181 3459 2224 et
3492 2170 3677 2239 purius

2935 2279 2966 2316 a
3005 2263 3275 2325 semetipso
3320 2263 3674 2330 cognoscitur,

2940 2369 3094 2422 quam
3135 2370 3166 2403 a
3201 2349 3364 2403 Filio.

459 3898 516 3944 et
561 3889 675 3958 ipse
719 3888 914 3941 nullius
946 3899 1207 3941 creatura:

461 3993 622 4033 sensu
657 3981 1078 4043 comprehensus
1104 3989 1203 4032 est.

460 4069 557 4122 Illa
583 4068 725 4123 enim
755 4077 949 4122 natura
975 4068 1072 4122 soli
1106 4069 1209 4123 sibi

463 4163 678 4229 cognita
715 4171 816 4216 est.
871 4160 1028 4215 Solus
1064 4163 1209 4214 enim

464 4253 626 4308 Pater
676 4253 826 4307 novit
875 4252 1110 4316 Filium,
1159 4261 1212 4306 et

1385 3905 1575 3944 VERSIO
1609 3904 1916 3945 HIERONYII.

1351 3980 1413 4035 Si
1465 3984 1604 4035 enim
1676 3980 1885 4035 Patrem
1938 4000 2026 4036 co-

1282 4073 1482 4139 gnoscit
1511 4071 1683 4126 Filius
1702 4072 1810 4144 (65)
1839 4061 2027 4137 ,ὐίιιε-

1285 4175 1371 4217 tur
1395 4166 1450 4217 in
1479 4180 1538 4219 eo
1574 4166 1714 4234 quod
1749 4167 1884 4219 novit
1914 4162 2023 4218 Pa-

1283 4265 1433 4318 trem,
1462 4272 1611 4323 posse
1635 4272 1752 4308 eum
1794 4271 2028 4323 compre-

465 4345 614 4399 solus
670 4344 840 4400 Filius
907 4347 1056 4398 novit
1112 4342 1212 4396 Pa-
1284 4345 1506 4398 hendere
1548 4358 1566 4395 :
1611 4352 1669 4396 ut
1715 4346 1760 4397 si
1808 4345 2028 4398 dicimus

469 4444 636 4504 trem,
681 4445 737 4490 et
783 4435 933 4491 solus
979 4433 1213 4504 Spiritus

468 4536 702 4580 sanctus-
748 4535 1120 4595 perscrutatur
1157 4540 1218 4578 e-
1284 4526 1418 4579 scire
1445 4540 1760 4578 mensuram.
1797 4521 1906 4578 Nec
1929 4525 2028 4578 du-

473 4618 596 4670 tiam
623 4619 727 4671 alta
763 4619 875 4672 Dei.
1285 4617 1446 4681 binm,
1476 4617 1599 4684 quin
1623 4616 1668 4670 si
1696 4612 1852 4670 Pater
1880 4619 1945 4671 sit
1974 4619 2028 4671 in

471 4711 634 4775 Filio,
679 4721 724 4763 et
753 4707 1205 4776 comprehendatur
1243 4709 1305 4758 ab
1338 4723 1396 4759 eo
1427 4707 1482 4759 in
1528 4723 1628 4775 quo
1666 4717 1762 4760 est.
1804 4705 1903 4760 Sin
1929 4724 2027 4760 au-

539 4808 582 4840 "
611 4805 752 4861 Psal.
777 4818 1036 4865 cxxxvm,
1078 4801 1162 4853 16.

541 4896 653 4967 (60)
691 4895 768 4967 ita
796 4893 998 4960 optime
1046 4906 1176 4967 mss.
1219 4885 1355 4967 Male
1386 4884 1554 4951 editi,
1613 4903 1632 4935 ι
1657 4881 2034 4967 imperfectum]

473 4953 649 5021 meum
681 4953 933 5016 viderunt
982 4961 1122 5014 oculi
1169 4959 1330 5019 tuin
1382 4969 1449 5008 ex
1509 4953 1860 5021 sequentibus
1892 4953 2036 5004 enim

474 5020 640 5105 liquet
676 5031 966 5105 Origenem
995 5030 1189 5105 vitiosa
1249 5025 1484 5105 lectione
1513 5020 1794 5105 deceptum
1839 5020 2033 5101 .existi-

476 5093 652 5159 masse
677 5093 978 5170 nou'Deum
1012 5099 1310 5170 prephette,
1337 5095 1430 5150 sed
1456 5093 1770 5160 prophetam
1797 5109 1814 5141 ι
1839 5093 2037 5170 imper-

475 5175 674 5229 fectum
702 5191 720 5223 ι
755 5170 848 5224 Dei
883 5159 1129 5222 vidissef
1168 5165 1332 5218 Paulo
1364 5171 1487 5230 post
1519 5159 1684 5224 mss.;
1745 5178 1762 5209 ι
1789 5175 1818 5211 a
1858 5159 2039 5227 quali-

475 5244 676 5298 tatibus
697 5240 964 5294 dividens.
990 5257 1006 5289 ι
1043 5236 1268 5300 Editi,«a
1298 5230 1688 5301 quantitatibus
1714 5230 1989 5301 dividens.
2007 5247 2026 5279 ι

546 5309 656 5383 (61)
693 5309 922 5383 Quamne
976 5322 1150 5383 rerum
1195 5297 1500 5383 risib'ilium.
1559 5297 2031 5383 illazcdesuntdin

476 5366 651 5437 attica,
677 5366 873 5441 editis,
910 5377 1003 5431 sed
1054 5376 1322 5448 habentur
1349 5372 1442 5448 in”
1466 5382 1607 5448 mss..
1639 5366 1840 5448 Ibidem
1866 5381 2028 5446 _mss.,

482 5470 500 5502 ι
535 5451 599 5504 ad
655 5438 980 5516 principium
1028 5443 1254 5496 venerit.
1282 5459 1309 5516 i_
1347 5438 1488 5494 Editi
1510 5477 1526 5504 ,
1563 5453 1581 5487 ι
1609 5438 1677 5516 ad
1707 5438 2029 5516 principium

478 5505 706 5574 veniret.
737 5534 757 5569 ι
833 5505 955 5571 Mox
1006 5527 1161 5584 Inss.,
1217 5511 1474 5584 «absque
1515 5505 2034 5584 qualitatibus_pcr-

483 5573 693 5642 viderit.
716 5606 735 5638 ι
799 5586 970 5648 Editi,
1010 5601 1028 5634 ‹
1052 5573 1259 5652 οὺδίιιιο
1287 5573 1686 5652 quantitatibus
1717 5573 2031 5652 pervidet.)

550 5655 662 5727 (6‘2)
694 5655 893 5710 Bonus.
930 5645 1088 5710 “eest
1117 5645 1358 5706 itt'antéa
1387 5645 1547 5702 editis
1566 5685 1581 5712 ,
1613 5655 1666 5700 at
1691 5645 1959 5714 reperitur
1986 5645 2039 5693 iu

463 5727 738 5805 'omuihus
764 5741 891 5780 mss.

1284 4435 1501 4502 artiﬁcis
1583 4434 1818 4488 animum
1896 4438 2025 4488 artis
2057 4457 2101 4510 ι)

2110 2491 2301 2547 Omnis
2374 2492 2540 2558 igitur
2611 2499 2858 2545 creatura
2911 2489 3050 2538 intra
3103 2490 3316 2539 certum
3366 2478 3508 2547 apud
3555 2492 3678 2531 eum

2115 2595 2401 2634 numerum
2459 2593 2876 2646 mensuramque
2925 2574 3301 2643 distinguitur,
3356 2571 3408 2625 id
3459 2578 3542 2624 est
3594 2569 3681 2622 vei

2117 2670 2521 2724 rationabilium
2560 2683 2817 2722 numerus
2838 2705 2853 2727 .
2883 2667 2966 2719 vel
3004 2677 3259 2718 mensura
3287 2659 3527 2714 materiae
3553 2673 3679 2720 cor-

2117 2759 2369 2829 poralis:
2421 2769 2481 2812 ut
2529 2760 2787 2827 quoniam
2823 2769 3044 2810 necesse
3079 2762 3196 2808 erat
3239 2751 3313 2811 uti
3363 2750 3684 2818 corporibus

2117 2847 2540 2902 intellectualem
2579 2856 2865 2909 naturam,
2909 2859 3029 2912 quae
3075 2850 3128 2895 et
3176 2837 3579 2894 commutabilis
3626 2844 3682 2890 et

2117 2938 2490 2993 convertibilis
2528 2935 2951 3007 deprehenditur
2976 2949 3036 2986 ea
3083 2933 3199 3000 ipsa
3231 2929 3541 2983 conditione
3577 2941 3682 2994 qua

2119 3028 2258 3083 facta
2286 3037 2371 3082 est
2399 3029 2562 3096 (quod
2591 3027 2738 3080 enim
2767 3041 2871 3080 non
2902 3024 3000 3076 fuit
3021 3063 3036 3090 ,
3065 3031 3122 3076 et
3145 3037 3271 3076 esse
3295 3020 3488 3089 coepit,
3519 3019 3683 3072 etiam

2048 3135 2091 3190 α
2130 3120 2232 3174 hoc
2277 3121 2393 3189 ipso
2457 3128 2663 3172 natura:
2702 3118 2982 3172 mutabilis
3017 3113 3376 3186 designatur),
3412 3112 3535 3166 ideo
3586 3123 3687 3162 nec

2123 3210 2530 3265 substantialem
2588 3210 2782 3263 habeat
2829 3208 2912 3262 vel
2945 3209 3202 3261 virtutem
3257 3203 3342 3259 vel
3397 3201 3684 3263 malitiam,

2123 3302 2216 3356 sed
2245 3303 2604 3356 accidentem.
2644 3301 2911 3365 Quoniam
2936 3314 3088 3367 ergo,
3122 3307 3180 3351 ut
3207 3296 3443 3349 diximus
3463 3331 3478 3357 ,
3507 3287 3689 3344 muta-

2126 3392 2250 3446 bilis
2279 3400 2332 3445 et
2361 3391 2734 3446 convertibilis
2759 3398 2877 3443 erat
2907 3397 3100 3441 natura
3131 3383 3491 3446 rationabilis,
3521 3381 3597 3434 ita
3628 3387 3690 3433 ut

2125 3496 2221 3550 pro
2265 3482 2476 3535 meritis
2516 3482 2680 3534 etiam
2717 3480 2934 3533 diverso
2963 3475 3210 3544 corporis
3255 3482 3496 3526 uteretur
3529 3470 3686 3522 indu-

2127 3583 2308 3626 mento
2339 3572 2478 3624 illius
2513 3571 2598 3622 vel
2647 3569 2792 3622 illius
2821 3567 3132 3636 qualitatis,
3176 3561 3546 3616 necessarium
3589 3557 3690 3611 fuit

2123 3670 2186 3727 ut
2218 3663 2364 3716 sicut
2414 3660 2758 3713 diversitates
2789 3655 3160 3724 praenoscebat
3195 3653 3332 3704 Deus
3365 3650 3575 3703 futuras
3606 3647 3688 3700 vel

2127 3753 2428 3805 animarum
2460 3750 2540 3803 vel
2573 3750 2833 3801 virtutum
2887 3745 3209 3813 spiritalium
3234 3779 3248 3805 ,
3295 3741 3364 3794 ita
3399 3739 3561 3794 etiam
3596 3751 3691 3790 na-

2128 3853 2302 3898 turam
2328 3855 2648 3910 corpoream
2677 3837 2912 3905 faceret,
2943 3853 3062 3906 quae
3094 3834 3490 3904 permutatione
3519 3829 3694 3898 quali-

2128 3943 2294 3987 tatum
2324 3933 2376 3986 in
2404 3932 2586 3986 omnia
2607 3946 2726 4000 qua:
2755 3944 2840 3984 res
2869 3935 3117 3998 posceret
3138 3923 3438 3980 conditoris
3465 3920 3692 3975 arbitrio

2129 4033 2453 4080 mutaretur.
2498 4022 2669 4089 Quam
2717 4022 2900 4076 tandiu
2955 4032 3176 4073 necesse
3220 4024 3304 4070 est
3350 4024 3690 4083 permanere,

2127 4118 2366 4186 quandiu
2424 4122 2749 4184 permanent
2797 4129 2860 4166 ea
2915 4127 3033 4181 qua:
3087 4108 3330 4176 indigent
3371 4105 3489 4173 ejus
3539 4103 3693 4157 indu-

2129 4218 2310 4264 mento
2347 4225 2360 4261 :
2401 4205 2561 4276 194
2588 4218 2800 4272 semper
2824 4214 3003 4256 autem
3031 4208 3191 4254 erunt
3221 4195 3574 4249 rationabiles
3601 4209 3696 4247 na-

2132 4306 2266 4353 tura:
2314 4313 2434 4366 quas
2483 4297 2724 4366 indigent
2774 4293 3088 4345 indumento
3119 4301 3383 4355 corporeo
3421 4303 3436 4340 :
3485 4298 3696 4353 semper

2133 4404 2261 4458 ergo
2297 4389 2404 4442 erit
2429 4393 2622 4441 natura
2647 4395 2907 4450 corporea
2942 4379 3096 4447 cujus
3133 4376 3462 4432 indumentis
3502 4375 3577 4428 uti
3607 4389 3698 4428 nc-

2131 4494 2286 4536 cesse
2311 4488 2397 4533 est
2429 4476 2782 4532 rationabiles
2810 4481 3088 4529 creaturas
3119 4488 3134 4524 :

3064 4615 3251 4660 VERSIO
3283 4616 3589 4657 HIERONYII.

3023 4701 3080 4756 Si
3112 4703 3226 4769 quis
3257 4712 3430 4756 autem
3454 4700 3696 4767 potuerit

2136 4612 2237 4666 nisi
2275 4611 2396 4681 quis
2445 4617 2592 4679 putet
2629 4623 2788 4679 posse
2820 4623 2878 4662 se

2136 4706 2257 4761 ullis
2283 4706 2673 4762 assertionibus
2699 4712 2881 4758 osten-

2207 4884 2320 4952 (65)
2359 4883 2420 4939 Si
2456 4885 2594 4937 enim
2634 4879 2840 4938 Patrem
2872 4884 3135 4952 cognoscit
3161 4879 3358 4952 Filius,
3395 4890 3503 4935 etc.
3563 4881 3702 4952 Sanj

2135 4951 2255 5008 rtus
2280 4954 2643 5024 Hieronymus
2667 4951 2946 5024 epist.r94’
2962 4955 3026 5006 ad
3052 4951 3270 5024 Avitum
3327 4951 3442 5024 haec
3484 4967 3616 5024 qua:
3639 4951 3701 5024 ad

2137 5025 2279 5092 hunc
2298 5019 2784 5092 locanti-pertinere
2809 5023 3078 5086 videntur,
3103 5019 3262 5092 affert
3290 5036 3320 5073 e
3353 5020 3446 5092 lib.
3471 5035 3535 5092 _tv
3563 5019 3700 5086 Περι

2133 5091 2353 5161 ἀρχῶν,
2385 5093 2478 5146 sed
2506 5089 2732 5146 ltuiinus
2760 5092 3015 5161 quoniam
3054 5089 3334 5144 catholicas
3357 5089 3484 5161 gtidci
3518 5104 3583 5161 ea
3617 5105 3703 5161 re-

2136 5157 2376 5231 pugnare
2432 5161 2695 5230 putabat,
2742 5157 2793 5214 in
2845 5160 3096 5214 versione
3132 5175 3226 5213 sua
3261 5159 3465 5212 omisit.
3531 5157 3701 5209 Verba

2137 5231 2324 5285 Grmca
2351 5247 2470 5290 quae
2497 5241 2783 5290 postrema:
2814 5229 2970 5290 hujus
3004 5229 3284 5290 fragmenti
3314 5227 3454 5290 parti
3483 5229 3704 5290 respon-

2138 5243 2324 5285 Uracca
2351 5247 2470 5299 quae
2496 5243 2783 5298 postremae
2815 5243 2970 5295 nujus
3004 5243 3284 5299 Iragmenu
3314 5243 3454 5296 parti
3483 5243 3703 5290 respon-

2138 5302 2302 5370 dent,
2333 5301 2552 5370 exhibet
2594 5299 2942 5370 Justiuianus
2994 5300 3065 5370 ad
3095 5299 3296 5352 calcem
3345 5293 3588 5370 epistola:
3636 5293 3703 5370 ad

2136 5359 2366 5424 Menam.
2434 5369 2562 5424 Vide
2592 5369 2686 5424 lib.
2720 5383 2761 5422 ιι
2796 5368 3263 5438 Origenianorum,
3332 5359 3619 5433 question.
3648 5359 3703 5412 2.

2213 5457 2266 5528 (6
2279 5459 2326 5529 ί)
2365 5459 2530 5513 Caute
2570 5459 2703 5527 lege.

2213 5546 2348 5620 (64⁸)
2379 5547 2580 5620 Sensus
2628 5547 2800 5620 Graeci
2851 5543 3143 5620 Justi-niau.
3188 5549 3312 5620 est:
3353 5533 3584 5620 mugiit:
3625 5547 3716 5620 ne:

2149 5602 2264 5670 runt
2291 5602 2401 5671 es'sc
2439 5617 2724 5668 declarabit
2757 5618 2895 5682 quod
2949 5615 3147 5682 dictum
3199 5618 3272 5660 est
3299 5622 3317 5658 :
3353 5624 3373 5658 ι
3417 5602 3584 5656 Pater
3627 5605 3718 5667 qui

2148 5686 2285 5740 misit
2310 5703 2391 5740 me
2419 5684 2592 5753 major
2619 5701 2700 5738 me
2725 5679 2822 5736 est.
2857 5702 2874 5734 ι
2915 5683 3069 5734 Enn.
3102 5679 3336 5732 l’nnon.
3385 5728 3393 5735 .
