3974 6160
327 289 428 346 411

1790 288 2106 346 ORIGENIS

3471 295 3579 351 ΗΞ

332 405 464 460 dere
494 402 606 474 (65)
629 402 774 471 quod
797 403 964 472 possit
987 415 1085 456 na-
1158 404 1431 459 ostendere
1461 405 1571 475 (66)
1605 409 1906 476 incorpora-
1941 417 1978 469 Α
2011 407 2208 460 stantia
2239 406 2377 476 (70).
2432 405 2546 460 Νοη
2591 404 2764 462 solum
2793 413 3002 472 autem,
3040 407 3133 463 sed
3164 411 3416 478 quoniam
3460 414 3575 483 ipsa

330 503 449 548 tura
493 494 831 548 rationabilis
873 493 1077 564 absque

332 583 443 637 ullo
491 596 726 651 corpore
763 583 930 636 vitam
986 582 1081 634 de-

331 692 480 745 gere.
526 678 630 730 Sed
665 690 824 745 quam
859 675 1083 730 difficile

332 766 426 828 sit,
451 774 504 819 et
526 779 687 834 quam
717 778 854 832 pene
876 764 1082 831 impos-

333 858 491 912 sibile
537 857 830 912 intellectui
868 867 1077 918 nostro,

1155 493 1255 548 lem
1296 497 1761 568 rationabilemqne
1805 515 1901 552 ua-

1156 595 1348 654 turam,
1393 605 1510 641 cum
1543 590 1901 658 exspoliaverit

1153 693 1206 730 se
1231 693 1466 745 corpore,
1493 678 1659 732 vivere
1693 696 1785 747 per
1824 697 1905 732 se-

1155 769 1467 834 metipsum,
1527 777 1575 822 et
1631 770 1683 823 in
1738 769 1905 838 pejori

1157 859 1458 912 conditione
1519 875 1628 912 esse
1695 860 1903 928 quando

332 951 385 1005 in
442 950 814 1019 superioribus
868 951 1081 1019 singula
1156 952 1457 1013 corporibus
1516 953 1776 1016 vestitur;
1848 953 1904 1005 in

331 1047 664 1100 disserentes
719 1045 1078 1098 ostendimus.
1155 1042 1397 1108 meliori,
1430 1042 1636 1111 quando
1670 1041 1762 1094 illa
1815 1043 1905 1095 de-

329 1143 476 1207 ponit
521 1148 541 1186 :
588 1135 720 1188 nulli
770 1135 982 1187 dubium
1024 1143 1097 1186 est
1140 1150 1357 1202 corpora
1396 1149 1497 1185 non
1545 1133 1905 1200 principaliter

327 1227 629 1288 subsistere,
669 1208 760 1278 sed
801 1241 892 1292 per
920 1225 1199 1277 intervalla
1232 1231 1280 1275 et
1325 1223 1386 1275 ob
1415 1222 1585 1275 varios
1613 1230 1782 1276 motus
1823 1239 1904 1276 ra-

326 1316 658 1370 tionabilium
687 1326 1051 1369 creaturarum
1082 1331 1218 1367 nunc
1259 1314 1398 1380 ﬁeri,
1437 1322 1492 1366 ut
1519 1314 1608 1382 qui
1641 1313 1723 1366 Itis
1761 1314 1906 1366 indi-

326 1419 468 1478 gout,
521 1410 812 1463 vestiantur
843 1425 862 1462 .'
909 1417 957 1462 et
1000 1423 1207 1459 rursum
1239 1423 1355 1459 cum
1390 1406 1482 1460 illa
1536 1406 1904 1474 depravatione

326 1503 571 1571 lapsuum
603 1519 658 1556 se
685 1503 753 1556 ad
797 1501 1012 1554 meliora
1037 1501 1392 1560 correxerint.
1427 1499 1640 1554 dissolvi
1672 1502 1726 1553 in
1775 1500 1905 1553 nilti-

328 1597 437 1647 lnm
479 1611 496 1648 :
537 1603 583 1647 et
614 1595 713 1646 Itac
736 1610 936 1660 semper
965 1592 1292 1645 successione
1322 1592 1546 1644 variari.

401 1686 492 1741 56.
528 1685 669 1738 Puto
709 1699 837 1738 sane
870 1687 1020 1752 operi
1049 1683 1174 1736 huic
1220 1693 1404 1737 nostro
1435 1685 1767 1740 contrarium
1795 1700 1901 1740 non

325 1776 497 1830 videri
534 1776 576 1829 si
607 1775 771 1829 etiam
810 1776 874 1828 de
921 1774 1330 1828 immortalitate
1363 1775 1768 1828 rationabilium
1817 1791 1906 1829 na-

330 1879 577 1922 turarum
599 1882 755 1934 quam
787 1882 1069 1935 possumus
1091 1865 1328 1920 breviter
1346 1877 1677 1935 repetamus.
1717 1863 1904 1920 Omnis

327 1958 421 2026 qui
478 1957 767 2025 participat
809 1955 1034 2024 alicujus
1089 1972 1209 2011 cum
1264 1971 1330 2010 eo
1376 1957 1466 2026 qui
1531 1956 1769 2024 ejusdem
1824 1956 1901 2008 rei

327 2047 596 2115 particeps
644 2053 763 2110 est,
817 2045 935 2098 sine
982 2045 1146 2099 dubio
1206 2046 1366 2099 unius
1416 2045 1734 2099 substantia:
1783 2054 1898 2109 est,

326 2139 593 2202 utriusque
643 2145 846 2188 natura:
898 2133 1029 2203 (67).
1067 2136 1137 2190 Ut
1174 2143 1298 2203 puta
1353 2149 1542 2188 omnes
1611 2133 1750 2187 oculi
1819 2134 1902 2187 lu-

325 2231 404 2283 cis
441 2229 801 2294 participant,
848 2237 901 2279 et
957 2226 1076 2278 ideo
1125 2241 1315 2280 omnes
1344 2226 1518 2284 oculi,
1556 2226 1646 2293 qui
1683 2227 1747 2279 de
1782 2224 1900 2277 luce

322 2320 686 2388 participant,
729 2320 884 2371 unius
937 2327 1142 2371 naturte
1187 2327 1332 2371 sunt.
1404 2317 1508 2370 Sed
1555 2316 1679 2368 licet
1723 2315 1900 2368 omnis

323 2409 388 2463 de
419 2408 534 2462 luce
585 2408 876 2476 participet
936 2407 1158 2471 oculus,
1223 2417 1403 2460 tamen
1453 2405 1712 2473 quoniam
1761 2404 1898 2458 alius

323 2500 568 2561 acutius,
627 2497 765 2551 alius
799 2498 1046 2551 obtusius
1090 2497 1270 2561 videt,
1309 2511 1414 2550 non
1476 2497 1653 2550 omnis
1710 2495 1898 2550 oculus

318 2590 598 2658 aequaliter
634 2589 701 2644 de
745 2589 863 2642 luce
910 2589 1214 2656 participat.
1282 2587 1348 2640 Et
1388 2602 1606 2641 rursum
1647 2606 1660 2640 :
1703 2586 1894 2642 Omnis

321 2680 536 2734 auditus
568 2695 752 2733 vocem
781 2680 866 2733 vel
900 2695 1089 2734 sonum
1126 2679 1340 2747 recipit,
1365 2688 1420 2733 et
1449 2678 1569 2732 ideo
1591 2679 1771 2733 omnis
1801 2693 1898 2730 au-

320 2771 465 2826 ditus
504 2771 665 2824 unius
698 2779 904 2823 naturae
933 2778 1035 2823 est.
1089 2770 1284 2823 Verum
1335 2782 1433 2836 pro
1471 2767 1730 2836 qualitate
1775 2767 1891 2835 puri

319 2871 376 2916 et
419 2861 619 2916 sinceri
654 2862 867 2914 auditus
899 2861 1270 2928 unusquisque
1315 2859 1555 2912 velocius
1598 2859 1781 2923 audit,
1810 2857 1893 2912 vel

323 2953 552 3004 tardius.
592 2951 960 3004 Transeamus
985 2965 1116 3018 ergo
1145 2951 1210 3001 ab
1237 2950 1321 3002 his
1339 2947 1685 3003 sensibilibus
1707 2963 1886 3002 exem-

323 3040 429 3109 plis
460 3041 526 3093 ad
563 3039 1003 3093 intellectualium
1039 3039 1573 3106 contemplationem.

394 3130 583 3185 Omnis
631 3144 782 3182 mens
831 3145 950 3196 quae
1005 3129 1072 3182 de
1247 3144 1438 3182 vensro
1477 3141 1788 3181 IIIERONYII.

324 3219 675 3274 intellectuali
724 3219 844 3272 luce
897 3219 1071 3286 parti-
1217 3220 1637 3274 lntellectualem
1736 3219 1896 3272 ratio-

321 3317 464 3384 cipat
489 3357 504 3380 ,
549 3331 670 3369 cum
704 3315 850 3370 omni
894 3324 1074 3369 mente
1147 3312 1471 3376 nobilemque
1507 3321 1752 3364 naturam
1785 3310 1893 3379 (68)

323 3427 443 3479 quin
476 3412 635 3465 simili
671 3412 831 3465 modo
871 3410 938 3463 de
991 3411 1076 3463 in-
1145 3408 1298 3461 sentit
1330 3409 1468 3461 Deus
1507 3418 1555 3460 et
1601 3407 1894 3476 unigenitus

325 3505 620 3558 tellectuali
681 3505 800 3558 luce
842 3503 1073 3572 partici-
1148 3495 1325 3549 Filius
1383 3499 1498 3566 ejus
1556 3505 1603 3550 et
1662 3496 1894 3564 Spiritus

320 3605 448 3662 pat,
503 3593 662 3646 unius
725 3593 844 3647 sine
907 3591 1073 3646 dubio
1143 3589 1664 3642 sanctus:sentiunt
1713 3587 1894 3654 Angeli

321 3691 480 3742 debet
513 3704 631 3743 esse
666 3697 890 3742 naturae.
1144 3692 1189 3736 et
1235 3682 1546 3743 Potestates,
1593 3691 1896 3745 (ceteraque

332 3777 602 3843 Virtutes;
650 3781 804 3832 sentit
855 3779 1075 3830 interior
1112 3779 1264 3828 homo
1305 3774 1393 3841 qui
1430 3773 1497 3825 ad
1532 3773 1812 3839 imaginem
1848 3778 1893 3820 et

319 3868 724 3922 similitudinem
767 3866 860 3918 Dei
885 3867 1126 3919 conditus
1167 3875 1262 3916 est.
1312 3863 1395 3916 Ea:
1434 3878 1535 3930 quo
1565 3861 1895 3917 concluditur

320 3959 490 4014 Deum
523 3969 569 4012 et
611 3960 720 4011 ltwc
771 3958 1158 4025 quodammodo
1210 3956 1368 4008 unius
1406 3970 1516 4006 esse
1562 3954 1891 4008 substantiw.

393 4051 454 4105 Si
487 4066 617 4119 ergo
652 4049 901 4104 etelestes
931 4049 1164 4101 virtutes
1211 4043 1596 4098 intellectualis
1625 4045 1761 4097 lucis
1784 4082 1798 4106 ,
1843 4045 1896 4098 id

320 4152 435 4207 est,
473 4143 667 4196 divina:
703 4151 909 4195 natum
949 4155 1046 4207 per
1080 4141 1183 4192 hoc
1213 4137 1356 4205 quod
1387 4135 1666 4202 sapientia:
1695 4144 1747 4188 et
1772 4149 1896 4187 san-

319 4235 637 4290 ctilicationi
698 4231 1071 4302 participant,
1129 4227 1475 4298 participium
1531 4233 1787 4287 sumunt,
1841 4232 1896 4278 et

323 4326 568 4379 lmmana:
596 4325 791 4378 animze
821 4322 1063 4388 ejusdem
1095 4319 1234 4373 lucis
1269 4328 1318 4372 et
1353 4315 1633 4385 sapientiae
1663 4316 1888 4384 partici-

2006 501 2185 554 I’atris
2209 510 2261 553 et
2290 500 2406 554 Filii
2438 510 2491 555 et
2521 499 2758 569 Spiritus
2796 501 2966 554 sancti
2998 511 3207 565 natura,
3233 503 3385 571 cujus
3411 507 3578 563 solius

2008 591 2386 645 intellectualis
2439 591 2572 646 lucis
2633 593 2884 647 universa
2935 591 3184 647 creatura
3232 595 3575 665 participium

2011 683 2214 746 trahit,
2246 683 2560 751 incorrupta
2593 691 2756 738 estet
2785 693 3013 749 :eterna,
3045 685 3202 739 valde
3233 701 3579 755 consequens

2009 783 2064 825 et
2103 775 2475 828 necessarium
2510 783 2589 827 est
2623 775 2783 828 etiam
2816 791 3033 830 omnem
3062 777 3419 832 substantiam
3460 796 3580 849 qua:

2005 875 2225 920 aeterna:
2250 866 2390 920 illius
2429 876 2640 920 naturae
2669 867 3014 935 participium
3050 870 3250 934 trahit,
3281 872 3580 938 perdurare

2006 957 2169 1010 etiam
2206 972 2442 1026 semper,
2471 966 2524 1011 et
2557 959 3026 1028 incorruptibilem
3057 976 3177 1016 esse
3211 971 3266 1013 et
3292 974 3579 1026 :eternam,

2006 1058 2065 1102 ut
2101 1048 2298 1102 divina:
2335 1049 2596 1104 bonitatis
2622 1050 2898 1105 aeternitas
2938 1053 3102 1106 etiam
3136 1053 3187 1106 in
3217 1069 3279 1108 ea
3311 1054 3579 1123 intelliga-

2008 1147 2113 1202 tur,
2147 1140 2271 1194 dum
2298 1149 2352 1194 et
2397 1143 2583 1196 aeterni
2629 1151 2754 1197 sunt
2798 1143 2853 1196 hi
2883 1144 2973 1212 qui
3006 1143 3122 1210 ejus
3152 1144 3414 1202 beneficia
3445 1161 3578 1200 con-

2006 1241 2332 1297 sequuntur.
2375 1231 2481 1287 Sed
2522 1234 2662 1287 sicut
2693 1235 3056 1302 percipienda:
3103 1235 3236 1288 lucis
3283 1236 3577 1291 diversitas

2006 1331 2220 1375 servata
2257 1333 2341 1376 est
2375 1323 2428 1376 in
2455 1323 2718 1390 exemplis
2738 1364 2752 1388 ,
2781 1338 2902 1378 cum
2933 1323 3019 1378 vel
3049 1324 3290 1379 obtusior
3329 1325 3412 1380 vel
3449 1340 3578 1380 acu-

2007 1413 2111 1465 tior
2140 1415 2364 1468 obtutus
2399 1415 2714 1483 designatus
2755 1425 2838 1470 est
2863 1415 3126 1470 intuentis
3155 1430 3170 1468 :
3208 1416 3280 1469 ita
3307 1417 3470 1470 etiam
3511 1415 3577 1471 de

2006 1505 2183 1559 Patris
2210 1512 2264 1558 et
2288 1503 2406 1558 Filii
2446 1513 2500 1560 et
2539 1505 2718 1560 sancti
2754 1505 2988 1574 Spiritus
3016 1507 3432 1576 participatione
3460 1523 3578 1563 ser—

2005 1595 2178 1649 vanda
2209 1605 2293 1648 est
2327 1608 2422 1660 pro
2455 1594 2760 1649 intentione
2789 1611 2982 1650 sensus
3018 1596 3100 1650 vel
3135 1596 3335 1650 mentis
3370 1597 3579 1666 capaci-

2005 1691 2115 1736 tate
2134 1682 2440 1735 diversitas.
2474 1682 2727 1750 Alioquin
2759 1683 3189 1748 consideremus,
3215 1684 3260 1737 si
3285 1698 3389 1738 non
3408 1684 3573 1739 etiam

2014 1773 2234 1839 impium
2277 1772 2491 1826 videtur
2522 1780 2580 1826 ιιι
2614 1786 2766 1825 mens
2802 1786 2921 1839 qua:
2960 1771 3054 1825 Dei
3085 1786 3257 1841 capax
3289 1782 3406 1837 est,
3445 1775 3577 1828 sub-

2012 1863 2319 1916 stantialem
2352 1862 2578 1931 recipiat
2609 1862 2890 1915 interitum
2929 1879 2942 1915 :
2974 1870 3232 1930 tanquam
3265 1862 3367 1917 hoc
3403 1864 3576 1932 ipsum

2011 1951 2152 2020 quod
2204 1951 2503 2021 intelligere
2558 1950 2728 2005 Deum
2782 1959 2958 2020 potest
3003 1959 3056 2004 et
3089 1952 3321 2017 sentire,
3369 1969 3476 2008 non
3526 1954 3575 2008 ei

2011 2041 2260 2095 sufﬁcere
2317 2041 2487 2110 possit
2538 2042 2604 2095 ad
2652 2041 3108 2110 perpetuitatem,
3165 2044 3403 2098 maxime
3450 2059 3575 2099 cum

2008 2132 2220 2186 etiamsi
2266 2146 2362 2200 per
2391 2131 2772 2201 negligentiam
2814 2133 3031 2188 decidat
3063 2148 3216 2188 mens
3248 2148 3313 2188 ne
3357 2149 3491 2203 pure
3522 2150 3577 2190 et

2009 2225 2216 2295 integre
2246 2225 2298 2278 in
2332 2241 2392 2280 se
2424 2226 2647 2296 recipiat
2676 2227 2876 2292 Deum,
2904 2242 3115 2296 semper
3151 2236 3327 2282 tamen
3378 2229 3576 2283 habeat

2009 2316 2062 2368 in
2093 2331 2152 2370 se
2180 2316 2325 2370 velut
2357 2317 2562 2370 semina
2589 2319 2836 2387 quaedam
2873 2319 3158 2387 reparaudi
3184 2334 3248 2372 ac
3275 2320 3574 2374 renovandi

2007 2407 2246 2461 melioris
2280 2408 2609 2474 intellectus,
2644 2422 2769 2462 cum
2800 2410 2866 2462 ad
2909 2406 3197 2480 imaginem
3228 2419 3282 2465 et
3309 2410 3571 2464 similitu-

2003 2497 2185 2552 dinem
2223 2499 2318 2554 Dei
2351 2500 2442 2568 qui
2481 2501 2687 2554 creavit
2715 2517 2876 2569 eum,
2927 2503 3156 2556 interior
3185 2500 3346 2554 homo
3373 2502 3464 2568 qui
3516 2509 3572 2554 et

2003 2589 2284 2643 rationalis
2319 2589 2536 2654 dicitur,
2569 2601 2881 2648 renovatur.
2924 2593 3151 2661 Propter
3179 2593 3322 2660 quod
3355 2600 3410 2645 et
3451 2607 3574 2660 pro-

2001 2675 2164 2744 pheta
2197 2676 2328 2729 dicit
2377 2694 2389 2729 :
2451 2695 2468 2728 t
2509 2676 2947 2733 Reminisceutur
2979 2689 3032 2733 et
3080 2686 3467 2732 convertentur
3503 2679 3571 2732 ad

2003 2764 2286 2818 Dominum
2312 2781 2502 2820 omnes
2534 2767 2668 2822 lines
2695 2776 2869 2833 terrae,
2915 2777 2969 2822 et
2999 2768 3305 2822 adorabunt
3336 2766 3391 2820 in
3435 2780 3572 2821 cono

2002 2863 2188 2923 spectu
2217 2856 2333 2924 ejus
2362 2855 2578 2910 familiae
2602 2873 2794 2913 omnes
2818 2858 3056 2928 gentium
3077 2858 3146 2910 ".
3183 2876 3202 2909 ι

2069 2950 2161 3004 57.
2203 2949 2260 3002 Si
2293 2950 2414 3018 quis
2440 2965 2570 3004 vero
2606 2952 2767 3004 audet
2815 2949 3232 3005 substantialem
3264 2948 3572 3019 corruptio-

1923 3075 1967 3135 ο
2003 3057 2124 3097 nem
2157 3044 2286 3096 dare
2312 3043 2358 3121 ei
2401 3043 2491 3110 qui
2528 3043 2822 3097 secundum
2853 3043 3142 3111 imaginem
3173 3050 3227 3096 et
3257 3042 3570 3096 similitudi-

2001 3146 2120 3187 nem
2155 3133 2247 3186 Dei
2286 3117 2460 3186 fttcttts
2511 3142 2622 3195 est,
2677 3143 2734 3185 ut
2765 3147 2864 3200 ego
2902 3142 3051 3199 puto,
3085 3133 3247 3186 etiam
3297 3132 3350 3185 in
3387 3132 3564 3201 ipsum

1997 3222 2195 3276 Filium
2264 3223 2356 3276 Dei
2415 3237 2634 3276 causam
2704 3223 2996 3292 impietatis
3052 3222 3318 3277 extendit.
3386 3222 3572 3292 Imago

2000 3329 2229 3383 namque
2251 3314 2340 3368 Dei
2365 3313 2475 3384 (7f)
2500 3315 2658 3366 etiam
2681 3314 2792 3380 ipse
2813 3314 3108 3384 appellatus
3138 3322 3221 3368 est
3250 3313 3301 3366 in
3323 3313 3572 3382 Scriptu-

2000 3408 2096 3460 ris.
2138 3408 2244 3458 Aut
2277 3415 2424 3458 certe
2467 3414 2690 3458 accuset
2715 3405 2804 3472 qui
2841 3405 2951 3458 hzec
2981 3405 3050 3456 ita
3085 3403 3217 3469 vult,
3269 3403 3566 3472 Scriptura:

1999 3500 2381 3552 auctoritatem
2413 3513 2534 3568 qum
2577 3499 2709 3552 dicit
2766 3499 2833 3552 ad
2891 3498 3180 3566 imaginem
3219 3498 3308 3552 Dei
3363 3497 3562 3551 factuut

2001 3605 2119 3643 esse
2142 3590 2412 3643 hominem
2451 3608 2463 3642 :
2495 3589 2545 3642 in
2569 3605 2677 3656 quo
2697 3597 2750 3643 et
2780 3588 3064 3642 manifeste
3087 3589 3284 3641 divina:
3311 3587 3564 3655 imaginis

1999 3688 2408 3748 cognoscuntur
2441 3679 2670 3743 indicia,
2739 3695 2851 3734 non
2910 3692 3008 3746 per
3050 3676 3283 3747 efﬁgiem
3319 3679 3571 3746 corporis

1998 3784 2117 3838 quae
2163 3769 2553 3835 corrumpitur,
2603 3769 2696 3822 sed
2729 3783 2825 3837 per
2849 3767 3014 3820 animi
3059 3769 3398 3836 prudentiam
3420 3807 3435 3831 ,
3466 3783 3567 3836 per

1992 3860 2258 3927 justitiam
2286 3899 2301 3924 ,
2349 3874 2446 3928 per
2482 3859 2929 3921 moderationem,
2975 3873 3071 3927 per
3120 3860 3374 3912 virtutem
3405 3900 3420 3924 ,
3471 3874 3569 3926 per

1998 3947 2336 4015 sapientiam,
2358 3962 2451 4015 per
2469 3945 2824 4016 disciplinam,
2859 3961 2952 4015 per
2969 3962 3182 4001 onmem
3206 3948 3439 4015 denique
3456 3949 3568 4001 vir-

2001 4045 2171 4090 tutum
2189 4039 2439 4106 chorum,
2459 4054 2576 4107 qua:
2593 4053 2711 4092 cum
2737 4039 2846 4092 Deo
2875 4037 3035 4091 insint
3067 4054 3161 4107 per
3177 4038 3564 4103 substantiam,

1999 4130 2052 4183 in
2082 4131 2300 4184 homine
2331 4139 2556 4200 possunt
2586 4146 2704 4185 esse
2731 4147 2824 4199 per
2860 4130 3202 4194 industriam,
3231 4141 3285 4185 et
3319 4145 3412 4198 per
3439 4132 3565 4184 imi-

2000 4224 2258 4274 tationem
2293 4221 2418 4285 Dei,
2461 4222 2602 4274 sicut
2633 4231 2686 4273 et
2714 4220 2971 4273 Dominus
3003 4217 3250 4286 designat
3295 4217 3348 4271 in
3387 4217 3564 4281 Evan-

1997 4312 2159 4382 gelio,
2185 4313 2370 4367 dicens
2403 4331 2416 4366 :
2458 4331 2476 4362 ‹
2509 4312 2692 4366 Estote
2721 4325 2850 4380 ergo
2890 4309 3276 4363 misericordes
3311 4309 3455 4363 sicut
3503 4315 3560 4360 et

320 4420 462 4486 pium
482 4415 1044 4486 sumpserunt(69),et
1066 4415 1136 4468 ita
1160 4421 1280 4467 sunt
1302 4413 1462 4466 unius
1489 4420 1697 4464 natura;
1719 4410 1786 4463 ad
1807 4409 1890 4462 in-
1922 4399 1969 4457 D
2000 4402 2157 4456 Pater
2185 4412 2361 4456 vester
2389 4403 2696 4457 misericors
2717 4403 2880 4456 est".
2909 4420 2927 4451 ι
2961 4401 3048 4463 Ει,
3079 4418 3096 4449 ‹
3127 4399 3309 4454 Eslote
3335 4399 3560 4468 perfecti

322 4508 490 4560 vicem
523 4508 791 4574 uniusque
823 4503 1164 4558 substantiae.
1201 4503 1537 4570 lncorruptat
1564 4506 1740 4554 autem
1766 4506 1896 4553 sunt

323 4604 376 4648 et
431 4596 765 4650 immortales
808 4596 1059 4649 cmlestes
1100 4594 1362 4657 virtutes,
1410 4592 1733 4646 immortalis
1777 4591 1895 4644 sine

323 4686 488 4740 dubio
517 4696 571 4740 et
600 4687 914 4755 incorrupta
939 4686 1046 4739 erit
1069 4684 1232 4738 etiam
1264 4684 1456 4736 animae
1483 4684 1736 4736 humana:
1764 4681 1892 4735 sub-

388 4795 435 4829 ⁷⁸
453 4795 545 4850 Ps.
579 4813 720 4854 xxu.
749 4797 840 4850 27.
929 4798 973 4828 ⁷⁸
994 4796 1128 4850 Luc.
1160 4811 1232 4859 vt,
1260 4795 1346 4849 56.
1439 4795 1482 4825 ⁸ο
1516 4794 1706 4847 Matth.
1731 4809 1780 4859 v,
1813 4793 1900 4846 48.

391 4914 505 4982 (65)
540 4915 710 4966 Caute
741 4915 878 4980 lege.

391 4979 505 5057 (66)
541 4983 603 5036 Si
645 4984 757 5052 quis
788 4979 1224 5057 autempotuerit
1261 4982 1570 5057 ostendere,
1599 4990 1704 5035 etc.
1769 4979 1883 5057 [ioc

316 5050 452 5109 item
481 5050 840 5118 fragmentum
865 5053 1086 5106 exhibet
1113 5053 1307 5105 ibidem
1343 5051 1702 5120 Hieronymus
1731 5065 1762 5104 e
1789 5050 1880 5102 lib.

315 5139 368 5176 tv
408 5122 548 5189 Περὶ
577 5121 801 5189 ἀρχῶν,
852 5138 880 5174 a
916 5121 1114 5174 Rufino
1145 5129 1554 5189 autem_utpote
1597 5134 1883 5174 erroneum

313 5187 723 5247 dissimulatum
758 5199 861 5244 est.
921 5191 1050 5245 Vide
1101 5191 1195 5244 lib.
1239 5205 1275 5243 ll
1323 5187 1652 5258 Origenian.,
1698 5205 1754 5258 q.
1795 5190 1882 5256 11,

312 5261 637 5401 Πυέἓῆ)9ἒίο
661 5343 854 5401 omnes
875 5329 1030 5386 codd.
1059 5344 1196 5401 mss.
1228 5328 1392 5393 Editi,
1426 5345 1446 5380 ι
1482 5335 1669 5397 utputa
1699 5325 1887 5401 omnes

323 5396 462 5455 oculi
480 5396 570 5468 qui
590 5400 726 5453 lueis
743 5401 1090 5467 participant,
1112 5400 1270 5454 unius
1294 5408 1503 5452 natura:
1531 5396 1677 5452 sunt.
1693 5396 1886 5468 rjnfra

324 5466 537 5533 mss.,]
570 5470 730 5522 unius
746 5466 866 5522 Sine
889 5469 1049 5522 dubio
1075 5470 1237 5524 debet
1263 5483 1386 5523 esse
1413 5477 1636 5521 naturae.
1665 5486 1683 5518 ι
1718 5466 1887 5531 Editi,

326 5557 344 5588 ι
367 5539 606 5602 ejusdem
629 5539 746 5592 sine
763 5539 926 5593 dubio
943 5539 1102 5594 debet
1129 5551 1251 5594 esse
1275 5551 1400 5591 natu
1412 5553 1503 5592 rae.
1531 5555 1548 5588 ι
1583 5535 1701 5591 Mox
1729 5551 1882 5599 mss.,

326 5607 645 5674 «sapientiae
677 5618 731 5662 et
780 5608 1202 5663 sanctiﬁcationi
1245 5607 1594 5676 participant.
1641 5625 1661 5660 ι
1711 5605 1883 5672 Editi,

326 5694 344 5727 ι
369 5679 432 5730 de
463 5677 575 5745 ipsa
607 5679 1038 5735 sanctificatione
1075 5679 1422 5750 participant.
1451 5697 1469 5731 ι

1995 4496 2135 4548 sicut
2153 4503 2207 4549 et
2226 4494 2387 4547 Pater
2400 4504 2574 4548 vester
2595 4493 2864 4562 perfectus
2885 4492 3079 4548 cst”.r
3107 4492 3259 4547 Unde
3279 4491 3561 4544 evidenter

1998 4587 2310 4640 ostenditur
2333 4585 2476 4653 quod
2511 4585 2562 4638 in
2603 4586 2713 4639 Deo
2744 4585 2965 4654 quidem
2997 4585 3078 4639 hac
3103 4597 3291 4637 omnes
3331 4582 3560 4635 virtutes

1994 4689 2208 4744 semper
2240 4685 2404 4744 sunt,
2462 4689 2562 4730 nec
2598 4691 2831 4745 unquam
2880 4677 3137 4732 accedere
3189 4682 3414 4744 possunt
3466 4679 3560 4724 aut

2065 4907 2177 4978 (68)
2219 4902 2636 4979 Intellectualem
2666 4901 3130 4979 ratﬁmabilemque
3154 4908 3424 4979 naturane,
3449 4909 3554 4955 etc.

1989 4969 2112 5030 nec
2134 4969 2250 5042 qua:
2281 4991 2312 5029 e
2346 4975 2484 5028 libro
2515 4985 2708 5042 quarto
2733 4973 2870 5039 Περὶ
2904 4969 3105 5039 ἀρχῶν
3134 4969 3558 5042 profert_lliero-

1987 5038 2182 5116 nymus
2215 5045 2266 5097 in
2311 5045 2468 5110 cpist.
2501 5038 2568 5096 ad
2607 5038 2822 5097 Avitum
2843 5081 2858 5105 ,
2889 5038 3090 5094 omissa
3120 5050 3246 5093 sunt
3277 5054 3304 5092 a
3331 5038 3546 5094 Ruﬁno.

1987 5118 2120 5160 Vide.
2158 5115 2247 5160 lih-
2279 5131 2315 5160 ιι
2348 5113 2677 5160 Brittaniam-
2705 5128 2759 5160 α.
2793 5113 2846 5160 Ι.
2879 5126 3027 5160 num.
3051 5111 3103 5160 5.
3134 5110 3186 5160 6.
3219 5109 3272 5160 7.

1987 5110 2120 5170 Vide
2157 5115 2247 5168 lib.
2279 5131 2317 5166 ιι
2348 5113 2677 5182 Origenian.,
2705 5128 2759 5180 q.
2793 5113 2846 5176 Ι,
2879 5126 3027 5163 num.
3051 5111 3103 5173 5,
3134 5110 3186 5174 6,
3219 5110 3272 5162 7.

2061 5184 2173 5261 (69)
2208 5186 2299 5261 Sic
2334 5199 2487 5261 mss._
2521 5185 2577 5261 ln_
2617 5184 2776 5235 editis
2804 5181 3072 5261 omittitur
3114 5197 3188 5261 ιη(
3212 5188 3280 5260 .ct_
3306 5180 3557 5236 humanae

1991 5256 2182 5309 animat:
2205 5255 2446 5322 ejusdem
2475 5253 2609 5307 lucis
2637 5261 2690 5305 et
2725 5253 3004 5318 sapientia:
3034 5253 3377 5316 participium
3411 5264 3557 5302 sum-

1987 5335 2449 5465 ?bFi‘iiillSiémss.
2483 5389 2634 5465 Editi
2651 5402 2778 5465 vero
2806 5404 2819 5442 :
2854 5403 2874 5437 ι
2909 5402 3014 5465 non
3044 5387 3399 5465 autem_sicut
3436 5388 3548 5454 ipsa

1985 5457 2166 5518 Patris
2193 5472 2246 5516 et
2270 5462 2460 5515 Filii...
2501 5458 2840 5528 participium
2869 5458 3068 5528 trahit,
3089 5472 3206 5524 quae
3234 5457 3554 5524 incorrupta

1985 5543 2067 5588 est
2094 5542 2149 5587 et
2193 5542 2415 5586 aeterna.
2473 5525 2622 5584 Unde
2656 5525 2810 5580 valde
2845 5527 3174 5582 conveniens
3207 5535 3258 5579 et
3303 5541 3556 5581 necessa-

1985 5611 2324 5755 ""(r-i'tiiiiei.
2379 5669 2536 5725 Deest
2585 5671 2638 5723 in
2681 5665 2874 5733 editis,
2927 5666 3020 5722 sed
3050 5665 3282 5720 habetur
3313 5663 3367 5720 in
3421 5678 3550 5719 mss.
