3974 6160
443 285 550 347 tte
1917 269 2240 343 ORIGEﬁlS
3574 302 3678 357 ιεο

445 417 698 455 consensu
737 402 806 454 ad
849 408 1067 468 tempus,
1127 408 1181 451 ut
1222 399 1409 452 vacetis
1447 402 1694 468 orationi,
1738 414 1783 456 et
1813 402 2001 457 iterum

2108 403 2290 474 μεῖζον
2335 401 2751 474 ἀναπέμπεσθαι
2799 404 3020 460 δύναται
3062 406 3295 473 εὐώδους
3328 410 3484 482 λόγου
3520 418 3680 488 εὐχῆς

448 493 770 547 revertimini
794 493 846 544 in
870 492 1118 559 idipsum,
1155 506 1215 542 ne
1237 499 1393 543 tentet
1424 507 1511 545 vos
1535 493 1766 547 Satanas
1799 504 2007 562 propter

2112 493 2562 563 προσφερομένης
2607 494 2715 546 ἀπὸ
2750 497 3048 561 συνειδότος
3088 499 3162 568 μὴ
3199 500 3412 570 ἔχοντος
3449 505 3680 572 δυσῶδες

446 583 870 636 incontinentiam
897 589 1116 634 vestram
1145 579 1318 634 ‘.'His
1352 582 1497 635 enim
1527 583 1714 637 modus
1745 585 2007 638 orationis

2110 581 2215 634 ἀπὸ
2255 582 2353 651 τῆς
2385 582 2688 652 ἁμαρτίας;
2728 585 2882 637 Ἔστι
2937 585 2992 638 δὲ
3017 586 3107 639 τοῦ
3138 588 3248 657 (90)
3282 591 3416 644 καθὸ
3452 595 3550 660 δεῖ,
3599 598 3675 650 τό·

447 674 658 727 debitus
693 671 999 739 impeditur,
1034 670 1134 724 nisi
1178 671 1342 724 etiam
1404 672 1492 727 ille
1543 682 1702 728 actus
1753 675 2009 742 nuptialis

444 764 634 819 secreti
657 764 719 816 de
745 776 850 830 quo
885 762 1120 816 maxime
1148 763 1310 818 silere
1333 765 1507 827 decet,
1533 774 1584 817 et
1632 765 1829 830 rarius,
1855 767 2008 820 seda-

446 855 690 921 tioreque
713 853 895 906 animo
923 868 985 907 ac
1017 853 1197 906 minus
1225 854 1503 922 impotenti
1537 854 1666 907 ﬁat:
1698 869 1818 908 cum
1844 855 1888 909 is
1914 857 2006 923 qui

442 946 530 999 hic
563 933 761 998 dicitur
796 959 1090 999 consensus
1129 945 1458 999 discordiam
1505 945 1670 998 animi
1719 945 2006 1000 allectuum

438 1042 725 1094 evanidam
769 1043 976 1106 reddat,
1009 1051 1294 1094 consumat
1354 1040 1824 1103 incontinentiam,
1878 1054 2007 1108 gau-

439 1134 762 1201 dentemque
790 1132 946 1186 ntalis
987 1133 1191 1186 nostris
1228 1131 1480 1185 Satanam
1513 1133 1812 1196 prohibeat.
1862 1132 2004 1184 Prze-

439 1235 585 1278 terea
619 1226 891 1291 quomodo
934 1227 1010 1279 sit
1046 1224 1423 1287 orandum,.et
1459 1221 1586 1274 illud
1642 1222 1835 1275 docet:
1875 1221 2006 1274 Cum

438 1314 642 1366 stabitis
683 1316 750 1365 ad
779 1313 1057 1379 orandum,
1099 1314 1348 1365 dimittite
1376 1315 1564 1381 siquid
1603 1315 1800 1366 habetis
1825 1314 2008 1366 adver-

434 1421 521 1456 sus
550 1404 775 1475 aliquem
812 1406 854 1456 ².
875 1405 940 1457 Ει
964 1405 1104 1472 quod
1128 1405 1284 1457 habet
1306 1404 1533 1457 Paulus:
1565 1403 2005 1474 Omnisvirorans

435 1505 524 1546 aut
565 1494 876 1561 prophetaus
904 1493 1068 1546 velato
1125 1497 1312 1560 capite,
1347 1495 1583 1562 deturpat
1632 1505 1784 1560 caput
1816 1512 2004 1560 suum;

436 1583 604 1634 omnis
633 1589 810 1634 autem
839 1581 1026 1634 mulier
1053 1596 1210 1633 orans
1233 1590 1321 1632 aut
1363 1582 1679 1648 prophetans
1709 1596 1813 1632 non
1840 1580 2004 1632 velato

435 1671 623 1735 capite,
674 1670 912 1736 deturpat
969 1679 1122 1736 caput
1177 1670 1417 1734 suum’;
1465 1670 1518 1723 id
1566 1671 1784 1724 modum
1814 1671 2001 1723 orandi

434 1760 654 1826 praebet.
692 1759 968 1834 Quacum
988 1761 1166 1812 omnia
1189 1763 1356 1814 sciret
1392 1760 1590 1814 Paulus
1617 1761 1810 1828 hisque
1837 1761 2004 1816 multo
2039 1747 2076 1800 Β

433 1849 586 1916 plura
615 1859 666 1903 et
697 1865 726 1903 a
753 1849 869 1918 lege
901 1858 954 1903 et.
979 1866 1006 1901 ιι
1043 1850 1320 1918 prophetis
1348 1859 1401 1903 et
1425 1850 1492 1904 ab
1539 1851 1848 1919 evangeliea
1887 1850 2002 1920 ple-

436 1939 678 1993 nitudine
732 1940 1056 2008 depromere
1105 1949 1309 2007 posset,
1355 1950 1409 1994 et
1483 1942 1633 1995 varie
1676 1943 1886 2010 singula
1943 1958 2006 1998 ac

433 2032 650 2100 copiose
678 2045 989 2100 exponere;
1025 2047 1132 2086 non
1173 2032 1416 2085 modesta
1463 2041 1671 2086 tantum
1713 2043 1888 2087 mente
1913 2036 2003 2089 scd

431 2124 630 2188 veraci,
657 2123 846 2178 videns
869 2132 986 2192 post
1023 2124 1136 2177 haec
1172 2122 1333 2192 199
1363 2125 1540 2178 omnia
1572 2135 1830 2194 quantum
1864 2125 2004 2178 absit

432 2212 558 2278 quin
599 2211 736 2265 sciat
760 2212 888 2278 quid
921 2212 1185 2266 orandum
1212 2215 1286 2267 sit
1309 2213 1448 2267 sicut
1480 2225 1710 2282 oportet,
1735 2215 1836 2269 ait:
1865 2215 2003 2280 Quid

430 2319 634 2357 oremus
659 2304 794 2356 sicut
830 2313 1031 2371 oportet
1060 2307 1316 2358 nescimus
1351 2305 1393 2359 ⁸.
1424 2304 1479 2358 1d
1504 2315 1684 2359 autem
1713 2307 1837 2361 huic
1884 2323 2000 2361 ser-

429 2393 573 2447 moni
603 2391 898 2462 subiungit,
924 2392 1063 2446 unde
1095 2393 1343 2447 defectus
1369 2393 1458 2448 ille
1490 2394 1727 2460 suppleri
1764 2397 1931 2463 possit
1954 2397 1999 2448 ei

428 2485 519 2554 qui
571 2487 742 2538 nescit
809 2484 1048 2554 quidem,
1109 2499 1170 2541 se
1225 2493 1406 2540 tamen
1470 2487 1726 2543 exhibere
1773 2501 2002 2542 conatur

429 2577 649 2643 dignum
683 2573 837 2644 cujus
869 2575 1110 2630 defectus
1161 2576 1496 2646 suppleatur.
1537 2578 1627 2632 Ait
1661 2580 1801 2634 enim
1830 2597 1844 2634 :
1884 2579 1999 2648 Ipse

428 2667 657 2735 Spiritus
696 2667 921 2736 postulat
956 2668 1095 2736 apud
1131 2667 1298 2722 Deum
1323 2669 1595 2738 gemitibus
1627 2670 1998 2724 inenarrabili-

429 2761 544 2814 bus.
599 2758 706 2824 Qui
727 2768 902 2813 autem
948 2769 1219 2813 scrutatur
1239 2761 1420 2825 corda,
1443 2763 1539 2815 scit
1565 2762 1694 2830 quid
1742 2762 1999 2816 desideret

429 2848 686 2916 Spiritus,
719 2851 842 2918 quia
869 2850 1152 2904 secundum
1177 2850 1343 2903 Deum
1372 2852 1598 2918 postulat
1627 2868 1720 2918 pro
1737 2855 1928 2905 sanctis
1953 2853 1994 2907 '.

431 2944 534 3010 Qui
598 2954 773 2998 autem
822 2947 874 2998 in
945 2949 1229 3001 beatorum
1282 2949 1533 3002 cordibus
1586 2947 1802 3010 clamat,
1853 2946 1996 2998 Abba

2107 673 2203 738 Μὴ
2234 675 2616 742 ἀποστερεῖτε
2638 677 2970 743 ἀλλήλους,
3003 679 3114 732 ἐὰν
3138 679 3224 751 μή
3259 699 3314 734 τι
3336 685 3407 737 ἐκ
3436 702 3678 756 συμφω-

2107 761 2241 826 νίας
2254 760 2402 828 πρὸς
2417 763 2643 830 καιρὸν,
2661 765 2761 818 ἵνα
2776 767 3122 835 σχολάσητε
3139 769 3248 841 (91)
3263 771 3338 840 τῇ
3349 777 3678 848 προσευχῇ,

2109 855 2206 906 καὶ
2235 853 2423 908 πάλιν
2454 855 2550 908 ἐπὶ
2577 854 2643 908 τὸ
2672 857 2817 910 αὐτὸ
2859 854 2985 927 ἦτε,
3013 860 3112 913 ἵνα
3142 861 3228 930 μὴ
3261 863 3517 934 ἐπιχαρῆ
3541 869 3681 937 ὑμῖν

2108 947 2141 996 ὁ
2158 943 2426 1010 Σατανᾶς
2441 945 2539 998 διὰ
2555 947 2667 1014 τὴν
2687 949 2986 1015 ἀκρασίαν
3004 949 3170 1018 ὑμῶν
3184 956 3213 982 ·’
3229 953 3316 1006 διὰ
3335 955 3536 1009 τούτων
3571 959 3676 1028 (92)

2108 1035 2213 1106 γὰρ
2246 1037 2592 1106 ὲμποδίζεται
2627 1039 2686 1092 τὸ
2725 1041 2857 1094 καθὸ
2889 1042 2988 1106 δεῖ,
3022 1043 3114 1097 ἐὰν
3149 1045 3221 1116 μὴ
3257 1047 3361 1111 καὶ,
3395 1048 3503 1101 τῶν
3540 1049 3680 1104 κατά
3741 1053 3744 1055 ’

2118 1123 2199 1174 τὸν
2226 1128 2398 1194 γάμον
2431 1127 2734 1181 σιωπᾶσθαι
2775 1129 2939 1195 ἀξίων
2969 1132 3278 1202 μυστηρίων
3311 1132 3370 1186 τὸ
3397 1133 3554 1203 ἔργον
3581 1149 3672 1185 σε⁴

2113 1216 2368 1287 μνότερον
2400 1219 2492 1269 καὶ
2523 1218 2842 1289 βραδύτερον
2873 1221 2984 1290 (95)
3012 1223 3104 1274 καὶ
3127 1222 3494 1292 ὰπαθέστερον
3516 1223 3672 1296 γίνη-

2109 1324 2224 1360 ται·
2256 1309 2353 1377 τῆς
2399 1309 2690 1380 λεγομένης
2721 1311 2954 1366 ἐνθαῦθα
2985 1315 3299 1382 συμφωνίας
3324 1315 3384 1367 τὸ
3414 1315 3674 1386 ἀσύμφω-

2109 1413 2196 1450 νον
2227 1398 2317 1450 τοῦ
2351 1397 2555 1462 πάθους
2586 1399 2970 1471 ἀφανιζούσης,
3012 1403 3105 1454 καὶ
3147 1403 3245 1474 τὴν
3278 1404 3545 1474 ἀκρασίαν
3583 1407 3674 1457 ἀν-

2109 1490 2330 1543 αλισκού
2338 1508 2401 1562 ση
2409 1509 2455 1554 ς,
2469 1491 2559 1543 τοῦ
2571 1509 2629 1543 τε
2642 1493 2850 1545 Σατανᾶ
2869 1493 2927 1545 τὸ
2939 1497 3097 1564 ἐπιχα
3108 1495 3423 1564 ιρησίκακον
3447 1495 3676 1549 κωλυούο

2108 1596 2206 1652 σης
2231 1580 2358 1652 (9.4).
2383 1583 2525 1652 Πρὸς
2544 1581 2750 1644 τούτοις
2774 1581 2864 1634 τοῦ
2886 1582 3020 1634 καθὸ
3043 1583 3123 1634 δεῖ
3141 1586 3255 1636 ἐστι
3279 1582 3674 1651 διδασκαλικὸν,

2105 1673 2182 1723 τό·
2220 1674 2360 1726 Ἐὰν
2381 1673 2643 1742 στήκητε
2668 1676 3168 1742 προσευχόμενοι,
3199 1675 3419 1743 ἀφίετε,
3445 1677 3502 1729 εἴ
3525 1695 3580 1730 τι
3602 1677 3677 1730 ἂν

2105 1760 2281 1828 ἔχητε
2302 1761 2450 1815 κατά
2479 1780 2658 1828 τινος.
2689 1763 2798 1814 Καὶ
2831 1762 2889 1814 τὸ
2919 1761 3071 1832 παρὰ
3100 1763 3177 1832 τῷ
3203 1763 3396 1834 Παύλῳ
3423 1765 3480 1817 δέ
3500 1781 3513 1794 ⁶
3549 1767 3676 1831 Πᾶς

2105 1853 2262 1920 ἀνὴρ
2310 1854 2633 1922 εὐχόμενος
2685 1853 2724 1920 ἣ
2779 1854 3168 1921 προφητεύων
3217 1853 3366 1906 κατὰ
3409 1855 3674 1924 κεφαλῆς

2105 1945 2278 2012 ἔχων,
2309 1947 2691 2013 καταισχύνει
2719 1945 2832 2012 τὴν
2856 1945 3132 2012 κεφαλὴν
3168 1947 3352 2000 αὑτοῦ
3376 1964 3388 1976 ’
3423 1947 3590 2002 πᾶσα
3610 1949 3676 2001 δὲ

2104 2036 2280 2104 γυνὴ,
2320 2034 2774 2103 προσευχομένη
2805 2035 2843 2104 ἢ
2881 2036 3340 2103 προφητεύουσα
3381 2037 3676 2090 ἀκατακα-

2103 2127 2306 2188 λύπτῳ
2330 2126 2438 2196 (95)
2464 2125 2539 2193 τῇ
2569 2125 2822 2193 κεφαλῇ,
2859 2125 3244 2194 καταισχύνει
3267 2125 3382 2194 τὴν
3404 2126 3677 2194 κεφαλὴν

2104 2217 2338 2284 ἑαυτῆς,
2365 2216 2458 2269 τοῦ
2476 2216 2609 2269 καθὸ
2625 2217 2707 2268 δεῖ
2727 2218 2843 2268 ἐστι
2866 2217 3289 2286 παραστατικόν.
3327 2216 3483 2270 Ἀλλά
3506 2218 3677 2272 ταῦτα

2105 2309 2278 2361 πάντα
2298 2308 2658 2376 ἐπιστάμενος
2679 2305 2908 2370 Παῦλος,
2925 2305 3232 2359 καὶτούτων
3248 2306 3676 2361 πολλαπλασίονα

2102 2400 2209 2452 ἀπὸ
2228 2400 2390 2470 νόμου
2407 2401 2498 2453 καὶ
2516 2399 2804 2470 προφητῶν
2824 2398 2916 2450 τοῦ
2929 2413 2987 2448 τε
3002 2398 3352 2467 εὐαγγελικοῦ
3375 2397 3674 2470 πληρώμα-
3740 2448 3744 2453 .

2100 2507 2190 2553 τος
2224 2491 2561 2561 παραθέσθαι
2593 2491 2884 2561 δυνάμενος
2920 2491 3054 2559 μετὰ
3074 2489 3438 2558 ποικιλότητος
3471 2490 3566 2557 τῆς
3598 2491 3679 2553 είς

2100 2583 2325 2635 ἕκαστον
2340 2582 2656 2652 διηγήσεως,
2673 2580 2780 2632 ἀπὸ
2797 2579 3086 2642 διαθέσεως
3104 2581 3163 2633 οὺ
3184 2579 3575 2651 μετριαζούσης
3590 2579 3677 2649 μό-

2099 2688 2208 2736 νον,
2243 2670 2376 2722 ἀλλὰ
2405 2670 2498 2722 καὶ
2531 2668 2896 2740 ἀληθευούσης
2931 2667 3090 2739 φησίν
3110 2667 3292 2740 ’ὁρῶν
3323 2666 3378 2718 δὲ
3412 2667 3506 2720 καὶ
3541 2665 3674 2736 μετὰ

2099 2760 2271 2815 ταῦτα
2290 2760 2464 2812 πάντα
2497 2761 2618 2814 ὅσον
2653 2758 3006 2812 ἀπολείπεται
3042 2757 3133 2810 τοῦ
3160 2758 3355 2812 εἰδέναι
3388 2755 3676 2829 προσεύξα-

2102 2853 2223 2905 σθαι
2244 2851 2296 2904 τί
2319 2851 2398 2904 δεῖ
2415 2850 2546 2904 καθὸ
2565 2851 2662 2902 δεῖ·
2682 2851 2742 2902 τὸ
2762 2851 2819 2902 δὲ
2843 2849 2930 2903 ὅτι
2955 2849 3394 2918 προσεύξασθαι
3417 2847 3512 2900 δεῖ
3527 2847 3670 2903 καθὸ

2101 2941 2195 2995 δεῖ
2220 2942 2332 2995 οὐκ
2355 2939 2618 3007 οἴδαμεν.
2655 2940 2764 2992 Καὶ
2789 2937 2946 2991 τοῦτο
2981 2937 3088 3008 (96)
3116 2936 3193 3006 τῷ
3223 2936 3364 3006 λόγῳ
3394 2935 3676 3006 προστίθη-

427 3046 575 3104 pater
598 3036 639 3099 ⁸,
670 3036 926 3105 Spiritus,
959 3039 1138 3092 sciens
1171 3040 1414 3107 apprime
1445 3054 1538 3095 eos
1565 3041 1654 3108 qui
1686 3041 1998 3094 ceciderunt

2106 3047 2207 3092 σιν,
2234 3031 2353 3084 ὅθεν
2377 3028 2782 3099 ἀναπληροῦται
2807 3029 2868 3080 τὸ
2892 3028 3134 3081 ἐλλεῖπον
3154 3027 3232 3098 τῷ
3261 3027 3333 3096 μὴ
3368 3026 3528 3078 εἰδότι
3553 3025 3668 3096 μὲν,

429 3137 522 3181 aut.
550 3130 871 3196 transgressi
899 3139 1044 3194 sunt,
1097 3130 1260 3182 editis
1295 3131 1348 3182 in
1379 3131 1480 3183 hoc
1522 3130 1873 3184 tabernaculo
1909 3145 1999 3198 ge-

428 3218 649 3273 mitibus
693 3219 970 3288 aggravari
1024 3220 1216 3287 magis,
1255 3235 1416 3288 quam
1466 3220 1655 3283 levari,
1709 3221 1999 3290 gemitibus

426 3309 883 3363 inenarrabilibus
926 3295 1159 3376 postulat
1193 3310 1330 3376 apud
1387 3309 1577 3372 Deum,
1615 3321 1831 3364 nostros
1883 3310 1999 3379 ipse

425 3399 657 3468 gemitus
691 3414 790 3468 pro
829 3413 924 3452 sua
951 3399 1286 3452 humanitate
1319 3413 1383 3452 ac
1425 3399 1795 3453 misericordia
1827 3399 2000 3452 susci-

423 3489 596 3557 piens.
643 3472 844 3541 Videns
873 3497 1051 3541 autem
1090 3503 1188 3556 pro
1219 3503 1314 3541 sua
1357 3488 1618 3556 sapientia
1654 3489 1996 3541 humiliatam

425 3579 482 3631 in
521 3589 658 3632 terra
692 3580 923 3632 animam
973 3579 1241 3632 nostram"
1281 3588 1336 3633 et
1367 3594 1582 3646 corpore
1645 3579 1998 3634 humilitatis“

427 3670 757 3734 conclusam,
791 3669 1078 3736 gemitibus
1098 3669 1234 3737 apud
1263 3669 1430 3723 Deum
1466 3669 1700 3736 postulat
1743 3686 1847 3723 non
1879 3671 1998 3739 qui-

424 3761 684 3826 buslibet,
738 3763 829 3815 sed
862 3762 1317 3816 inenarrabilibus
1359 3763 1702 3830 quibusdam,
1752 3760 1998 3815 alIinihus

426 3851 634 3906 scilicet
667 3868 983 3905 arcanorum
1040 3853 1315 3904 verborum
1347 3867 1462 3920 qua:
1505 3868 1608 3905 non
1638 3853 1755 3904 licet
1798 3851 1996 3904 homini

423 3943 566 4009 loqui
599 3943 638 3995 '.
671 3942 768 3995 Hic
791 3953 971 3995 autem
992 3943 1225 4012 Spiritus
1255 3957 1360 3994 non
1391 3950 1673 3996 contentus
1700 3943 1991 4010 postulare,

423 4032 721 4087 intensiore
749 4033 995 4086 oratione
1026 4033 1193 4085 utitur
1226 4042 1282 4086 et
1300 4031 1722 4099 superpostulat,
1765 4045 1862 4098 pro
1908 4031 1994 4094 iis,

423 4138 541 4177 mea
583 4123 798 4192 quidem
851 4123 1138 4186 sententia,
1199 4123 1288 4192 qui
1343 4130 1625 4190 superant,
1668 4121 1844 4188 qualis
1878 4131 1996 4173 erat

419 4215 618 4270 Paulus
647 4231 768 4269 cum
797 4216 1002 4269 diceret
1019 4232 1031 4267 :
1055 4213 1159 4266 Sed
1180 4215 1234 4266 in
1253 4214 1333 4265 his
1351 4212 1587 4265 omnibus
1603 4227 1909 4279 superamus
1928 4211 1990 4264 ³ο.

417 4307 704 4362 Probabile
764 4316 844 4360 est
902 4315 1080 4360 autem
1132 4319 1231 4371 pro
1275 4305 1357 4356 his
1409 4312 1618 4356 tantum
1657 4317 1779 4355 eum
1835 4317 1995 4356 orare

420 4397 511 4464 qui
550 4412 649 4451 nec
681 4397 818 4451 tales
847 4406 970 4451 sunt
999 4407 1052 4449 ut
1078 4403 1356 4465 superent,
1408 4408 1507 4447 nec
1543 4393 1676 4446 tales
1710 4393 1874 4446 etiam
1933 4401 1990 4445 ut

419 4487 728 4550 vincantur,
763 4487 855 4541 sed
903 4487 991 4554 qui
1029 4487 1274 4539 vincunt.
1310 4483 1476 4538 Porro
1504 4485 1632 4536 huic
1663 4483 1818 4536 loco:
1849 4480 1987 4545 Quid

419 4591 622 4630 oremus
650 4579 782 4630 sicut
815 4585 1007 4645 Oportet
1053 4580 1306 4630 nescimus
1331 4592 1349 4640 ;
1379 4577 1467 4628 sed
1494 4576 1600 4644 ipse
1632 4574 1860 4644 Spiritus
1895 4591 1988 4640 po-

500 4727 515 4754 ²
549 4726 567 4778 l
600 4726 723 4780 Cor.
758 4743 851 4785 νιι,
889 4727 940 4778 5.
1036 4728 1056 4757 ³
1083 4725 1243 4777 Marc.
1276 4741 1348 4787 ιιι,
1377 4726 1466 4779 25.

422 4809 573 4861 mu,
603 4797 693 4850 25.

421 4943 821 5069 ἐτι(ξ)ς()ὲ)τὲιὲστι
845 4946 913 5000 δὲ
943 4948 1067 5002 τοῦ.
1106 4947 1348 5002 Benlloio
1379 4948 1727 5005 scribendum
1761 4951 1988 5015 videtur,

451 5034 502 5070 τι
539 5034 594 5068 οε
624 5034 738 5068 του.

498 5086 610 5156 (91)
650 5086 1039 5156 Σχολάσητεη
1075 5086 1165 5141 Sic
1220 5096 1366 5142 recte
1423 5089 1584 5143 habet
1640 5089 1807 5143 codex
1854 5106 1987 5156 ms.;

427 5155 568 5228 male
604 5168 788 5228 autem
819 5157 983 5210 editio
1014 5155 1335 5228 Omuiensis
1378 5159 1694 5228 σχολάζητε.
1729 5157 1849 5210 Mn:
1900 5155 1988 5211 ea?

427 5226 547 5281 dem
581 5226 747 5281 editio
778 5227 961 5298 habet,
993 5229 1058 5297 τῇ
1093 5227 1314 5296 νηστείᾳ
1340 5226 1442 5280 καῖ
1465 5231 1531 5298 τῇ
1563 5226 1855 5298 προσευχῇ,
1905 5245 1993 5282 νϐ·

431 5311 612 5368 ruma
641 5311 741 5349 ms.
771 5296 957 5368 codice
989 5299 1140 5368 abest
1167 5299 1232 5368 τῇ
1263 5298 1483 5368 νηστείᾳ
1507 5296 1630 5352 καί.
1667 5296 1833 5368 Paulo
1870 5308 1989 5365 post

427 5380 526 5432 pro
558 5365 972 5437 enixapﬁup‘t’v,
1022 5365 1230 5434 legitur'
1263 5367 1314 5419 in
1355 5365 1501 5422 textu
1552 5367 1812 5435 vulgato]
1860 5369 1981 5421 Cor.

426 5435 620 5508 νιιιηξἰ
638 5435 871 5508 πειράζῃ
909 5437 1071 5504 ὑμᾶς.

497 5503 629 5575 (9:!)
669 5503 771 5559 Διῖι
823 5503 1067 5559 τούτων.
1112 5504 1206 5575 lta_
1238 5505 1405 5558 codex
1458 5522 1557 5558 ms.
1599 5507 1651 5559 in
1695 5522 1802 5575 quo
1850 5505 1986 5561 male

426 5585 580 5645 antea
610 5573 818 5630 lectum
846 5586 957 5641 est,
986 5575 1072 5628 διὰ
1116 5573 1290 5628 τοῦτο.
1332 5575 1498 5628 Paulo
1541 5587 1663 5645 post
1702 5573 1903 5643 optime
1935 5578 1986 5630 in

423 5644 609 5726 codice
647 5660 744 5699 ms.
775 5646 1008 5726 degitur,
1038 5644 1136 5726 εὰν
1173 5645 1246 5726 μὴ
1287 5644 1556 5726 καὶήτῶν,
1591 5661 1687 5726 nec
1718 5647 1988 5703 omittitur

424 5712 525 5780 μή,
557 5712 1090 5788 quemadmbdumhin
1121 5712 1356 5774 editione
1381 5714 1697 5774 Oxoniensi.

1561 4723 1581 4752 ³
1610 4723 1631 4774 l
1661 4722 1786 4776 Cor.
1821 4739 1894 4784 ιιι,
1927 4725 1977 4786 4,
2017 4725 2066 4777 5.
2143 4724 2163 4755 ⁸
2189 4725 2348 4778 Rom.
2379 4740 2494 4790 vm,
2527 4726 2602 4783 26.
2693 4726 2713 4756 ⁸
2745 4725 2872 4781 ibid.

768 4796 790 4825 ⁸
813 4794 1046 4864 Philipp.
1075 4811 1155 4856 ιιι,
1185 4795 1274 4846 2i.
1348 4796 1368 4825 °
1402 4795 1449 4847 ll
1481 4792 1606 4848 Cor.
1638 4807 1736 4857 xu,
1770 4793 1822 4846 4.
1904 4793 1944 4824 ¹⁰
1975 4793 2132 4848 Rom.
2165 4811 2280 4859 νιιι,
2315 4796 2403 4850 57.

2101 3122 2290 3178 ἑαυτὸν
2324 3121 2381 3174 δὲ
2414 3121 2562 3184 ἄξιον
2601 3119 2696 3172 τοῦ
2732 3119 3190 3190 ἀναπληρωθῆναι
3224 3121 3282 3172 ὲν
3315 3116 3462 3186 αὑτῷ
3494 3116 3553 3168 τὸ
3586 3115 3674 3168 ὲλ-

2099 3214 2304 3275 λεῖπον,
2361 3210 2876 3282 παρασκευάσαντι·
2928 3210 3076 3277 λέγει
3117 3211 3242 3280 γὰρ,
3289 3211 3369 3262 ὅτι
3401 3207 3548 3262 Αὐτὸ
3607 3196 3673 3262 τὸ

2097 3304 2338 3372 Πνεῦμα
2390 3300 2744 3370 στεναγμοῖς
2794 3299 3121 3364 ἀλαλήτοις
3166 3298 3669 3368 ὑπερεντυγχάνει

2099 3393 2178 3459 τῷ
2214 3392 2367 3457 Θεῷ·
2418 3395 2451 3445 ό
2496 3391 2564 3443 δὲ
2600 3389 2861 3457 ἐρευνῶν
2892 3389 2997 3455 τὰς
3045 3389 3291 3455 καρδίας
3337 3389 3459 3441 οἵδε
3500 3390 3556 3442 τί
3605 3389 3670 3441 τὸ

2097 3489 2372 3554 φρόνημα
2401 3483 2506 3538 τοῦ
2526 3484 2889 3551 Πνεύματος,
2915 3481 3004 3534 ὅτι
3031 3483 3178 3535 κατὰ
3209 3480 3354 3534 Θεὸν
3375 3480 3667 3550 ἐντυγχά-

2097 3594 2184 3631 νει
2205 3575 2357 3647 ὑπὲρ
2381 3576 2585 3643 ἁγίων.
2603 3574 2676 3626 Τὸ
2701 3573 2758 3625 δὲ
2778 3574 2834 3625 ὲν
2859 3575 2977 3634 ταῖς
2998 3572 3242 3643 καρδίαις
3262 3571 3366 3624 τῶν
3389 3573 3669 3641 μακαρίων

2097 3666 2320 3739 κράζον,
2367 3664 2529 3719 Ἁϐϐᾶ
2563 3667 2594 3717 ό
2628 3663 2844 3731 πατὴρ,
2874 3662 3120 3732 Πνεῦμα,
3156 3663 3514 3732 ἐπιστάμενον
3552 3664 3672 3714 ἑπισ-

2099 3757 2276 3829 μελῶς
2306 3759 2431 3820 τοὺς
2457 3759 2513 3809 ὲν
2543 3755 2619 3825 τῷ
2651 3757 2837 3825 σκήνει
2873 3757 3229 3824 στεναγμοὺς,
3260 3755 3441 3820 ἀξίους
3467 3755 3667 3824 τυγχά-

2098 3863 2285 3906 νοντας
2309 3847 2390 3907 εἰς
2412 3845 2470 3897 τὸ
2505 3843 2731 3916 βαρῦναι
2755 3843 2864 3914 (97)
2894 3844 3019 3906 τοὺς
3044 3844 3397 3906 πεπτωκότας
3426 3845 3457 3914 ἢ
3487 3861 3670 3914 παρα-

2097 3934 2418 4006 ϐεϐηκότας,
2452 3934 2772 4001 στεναγμοῖς
2794 3931 3079 4001 ἀλαλήτοις
3101 3932 3557 4001 ὑπερεντυγχάνει
3589 3930 3668 4000 τῷ

2096 4025 2241 4094 Θεῷ·
2278 4025 2404 4086 τοὺς
2445 4023 2746 4093 ἡμετέρους
2779 4021 2866 4074 διὰ
2899 4021 2995 4092 τὴν
3036 4021 3229 4090 πολλὴν
3264 4021 3668 4092 φιλανθρωπίαν

2098 4117 2190 4169 καὶ
2227 4114 2569 4185 συμπάθειαν
2602 4113 2996 4184 ἀναδεχόμενον
3032 4113 3385 4182 στεναγμούς.
3417 4113 3574 4166 Κατά
3609 4114 3667 4166 δὲ

2097 4207 2192 4278 τὴν
2239 4209 2296 4258 ὲν
2329 4205 2478 4274 αὐτῴ
2526 4204 2715 4284 σοφίαν
2750 4203 2889 4274 ὀρῶν
2921 4203 3036 4271 τὴν
3083 4202 3548 4257 ταπεινωθεῖσαν
3579 4207 3667 4268 εἰς

2097 4298 2248 4368 χοῦν
2273 4296 2484 4366 ψυχὴν
2515 4296 2702 4362 ἡβῶν,
2739 4295 2837 4347 καὶ
2867 4295 2937 4347 ἐν
2969 4293 3047 4357 τῷ
3077 4291 3299 4361 σώματι
3329 4291 3440 4360 τῆς
3473 4305 3667 4346 ταπει-

2097 4389 2332 4453 νώσεως
2365 4384 2811 4454 καθειργμένην,
2853 4384 2912 4436 οὺ
2954 4386 3064 4445 τοῖς
3091 4382 3308 4452 τυχοῦσι
3343 4384 3663 4451 στεναγμοῖς

2097 4480 2373 4553 χρώμενον
2399 4479 2855 4550 ὑπερεντυγχάνει
2881 4476 2959 4545 τῷ
2981 4475 3118 4544 Θεῷ,
3138 4474 3272 4529 ἀλλά
3293 4492 3434 4528 τισιν
3459 4473 3626 4548 ἀλαλή
3640 4502 3663 4512 -

2095 4588 2205 4634 τοις
2242 4570 2520 4640 ἐχομένοις
2552 4568 2670 4621 τῶν
2695 4567 2966 4636 ἀρρήτων
2997 4569 3212 4636 λόγων,
3241 4560 3328 4620 ὧν
3358 4567 3469 4620 οὐκ
3493 4567 3663 4619 ἔστιν

2968 4727 2989 4759 ⁸
3021 4728 3192 4784 Galat.
3229 4745 3302 4794 tv,
3339 4725 3391 4781 6.
3467 4727 3488 4759 ⁷
3516 4726 3666 4783 Psal.

2323 4953 2708 5027 Βραδύτερον.
2749 4953 2905 5027 lmgit
2928 4953 3204 5027 Bentleius
3233 4953 3581 5027 βραχύτερον.

2169 5022 2280 5094 (94)
2304 5025 2703 5094 ΔΙίωλιλούσης.
2754 5023 2996 5079 Bentleio
3029 5022 3245 5079 videtur
3269 5022 3631 5081 scribet-tilum
3650 5072 3664 5094 ,

2097 5091 2440 5161 κολουούσης.

2167 5162 2280 5232 (95)
2335 5161 2842 5232 Ἀκατακαλύπτῳ.
2889 5161 2966 5215 ita
3020 5170 3170 5216 recte
3225 5177 3293 5216 ex
3333 5177 3435 5217 ms.
3478 5163 3668 5219 codice

2095 5233 2416 5302 emendatur
2460 5232 2680 5302 σφάλμα
2718 5231 2972 5287 editionis
2998 5232 3323 5288 Oxoniensis
3352 5233 3404 5286 in
3437 5249 3542 5302 qua
3582 5235 3659 5302 le-_

2095 5301 2256 5370 gitur,
2288 5297 2670 5370 ἀκαταλῦπτω.
2892 5338 2894 5340 τ
3224 5341 3229 5344 .
3455 5297 3468 5302 ’
3645 5297 3652 5311 ”

2164 5368 2275 5439 (96)
2324 5369 2518 5422 Τοῦτο.
2568 5368 2658 5422 Sic
2687 5370 2852 5424 codex
2905 5386 3039 5434 ms.;
3089 5370 3231 5424 male
3279 5380 3460 5425 autem
3496 5371 3664 5425 editio

2094 5437 2441 5509 Oxioniensis,
2481 5441 2672 5509 τούτῳ.
2719 5440 2859 5496 Infra
2907 5442 3092 5495 eadem
3145 5440 3312 5494 editio
3362 5440 3526 5493 habet
3578 5442 3662 5494 ὅτι

2094 5508 2223 5560 αὐτὸ
2257 5507 2491 5576 πνεῦμα,
2535 5507 2736 5562 omisso
2772 5509 3003 5564 articulo
3032 5510 3110 5562 τό.

2166 5576 2277 5646 (97)
2330 5575 2554 5643 Ἀξίους
2583 5577 2991 5646 τυγχάνοντας
3013 5581 3100 5644 εὶς
3117 5578 3179 5631 τὸ
3202 5575 3482 5643 βαρῦναι.
3509 5575 3667 5628 Bent-

2096 5645 2554 5721 leiosCriliendutu
2583 5645 2816 5716 videtur,
2849 5649 2947 5701 οὐκ
2974 5649 3158 5712 ἀξίους
3185 5645 3547 5716 τυγχάνοντας
3577 5646 3662 5710 εἰς

2098 5716 2156 5768 τὸ
2189 5715 2472 5786 θαρρῦναι.

2098 5730 2156 5768 το
2189 5730 2472 5769 υαοουναι.
