3974 6160
326 341 422 398 ΗΛ
1498 348 1783 405 LIBELLU
1796 348 1832 402 S
1871 347 1959 402 DE
1996 347 2366 405 ORATIONE.
3460 359 3566 413 4‘22

323 463 601 531 ἀνθρώπῳ
632 462 863 516 λαλεῖν.
899 464 1068 517 Τοῦτο
1111 465 1166 517 δὲ
1197 464 1255 518 τὸ
1301 464 1527 536 Πνεῦμα
1569 469 1667 521 οὐκ
1699 471 1892 537 ἀρκού-

1999 470 2158 522 stulat
2187 486 2281 539 pro
2314 470 2459 523 nobis
2510 471 2781 539 gemitibus
2833 470 3264 525 inenarrabilibus
3295 472 3362 537 “,
3395 471 3567 528 aﬂinis

324 575 475 627 μενον
497 555 572 625 τῷ
595 558 943 626 ἐντυγχάνειν
973 557 1049 626 τῷ
1075 557 1211 628 Θεῷ,
1235 560 1502 614 ἐπιτεῖνον
1532 562 1626 631 τὴν
1651 561 1885 629 ἔντευξιν

1998 559 2083 612 ille
2100 568 2215 612 est:
2255 558 2430 614 Orabo
2453 561 2665 626 spiritu,
2709 560 2867 615 orabo
2892 571 2940 614 et
2972 574 3156 627 mente,
3203 562 3427 632 psallam
3458 567 3567 634 spi-

321 647 794 717 ὐπερεντυγχάνειθ
832 647 942 715 ἐγὼ
974 645 1125 719 οἶμαι
1149 653 1230 702 ὅτι
1262 654 1389 723 περὶ
1419 653 1527 704 τῶν
1553 652 1884 723 ύπερνικών-

1996 650 2122 715 ritu,
2151 649 2374 718 psallam
2402 657 2452 703 et
2476 658 2644 703 mente
2679 651 2740 702 ".
2794 651 2976 719 Neque
3020 653 3164 705 enim
3193 667 3352 708 orare
3412 671 3565 711 mens

316 754 445 790 των’
476 740 658 800 ὁποῖος
703 737 918 801 Παῦλος
956 735 1023 810 ἦν
1071 741 1275 808 λέγων·
1344 745 1506 798 Ἀλλ’
1550 745 1621 797 ἐν
1656 745 1885 808 τούτοις

1994 748 2178 792 nostra
2206 747 2389 808 potest
2418 739 2520 791 nisi
2555 749 2680 792 ante
2705 741 2893 808 ipsam,
2921 756 3091 810 eaque
3115 744 3269 810 quasi
3291 745 3562 812 audiente,

313 829 497 882 πᾶσιν
523 831 957 900 ὑπερνικῶμεν.
996 833 1156 894 Εἰκὸς
1183 833 1226 884 δ’
1257 835 1337 887 ὅτι
1372 837 1686 906 ἐντυγχάνει
1727 837 1882 907 μόνον

1998 838 2111 883 oret
2152 829 2388 897 Spiritus
2427 849 2438 882 :
2484 841 2540 882 ut
2596 845 2768 898 neque
2808 832 3036 899 psallere
3091 841 3144 886 et
3177 835 3447 890 modulato
3502 852 3567 892 ac

313 920 435 992 περὶ
464 920 573 974 τῶν
601 922 662 974 ού
689 920 1019 992 τηλικούτων
1048 924 1166 993 μὲν,
1194 925 1268 988 ὡς
1291 927 1610 998 ύπερνικᾷν,
1633 929 1692 980 ού
1720 929 1882 981 τοιού-

1996 932 2280 971 numeroso
2335 918 2577 971 carmine
2645 921 3080 988 consonantique
3127 928 3274 991 ,voce
3344 923 3565 980 laudare

305 1029 408 1065 των
443 1011 498 1064 δέ
533 1012 696 1067 πάλιν
729 1013 870 1066 ὥστε
906 1015 1176 1080 νικᾶσθαι,
1216 1017 1349 1071 ἀλλὰ
1383 1018 1674 1073 νικώντων.
1735 1021 1874 1089 Ἐχό-

1996 1005 2202 1060 Patrem
2236 1007 2288 1059 in
2315 1007 2557 1074 Christo,
2584 1009 2686 1062 nisi
2712 1007 2942 1076 Spirtt'us
2976 1011 3066 1077 qui
3097 1014 3270 1064 omnia
3299 1023 3565 1066 scrutatur

308 1119 464 1170 μενον
490 1103 548 1154 δέ
571 1103 689 1156 τοῦ·
726 1106 786 1158 Τί
808 1104 876 1157 δὲ
901 1105 994 1158 δεῖ
1012 1109 1460 1178 προσεύξασθαι
1491 1111 1635 1166 καθὸ
1661 1111 1752 1164 δεῖ
1772 1115 1877 1165 οὐκ

1991 1098 2148 1149 etiam
2173 1097 2438 1166 profunda
2473 1098 2568 1151 Dei
2604 1098 2646 1127 ¹³
2675 1100 2824 1166 prius
2876 1100 3056 1154 laudet
3082 1111 3134 1156 et
3167 1102 3402 1156 celebret
3437 1119 3559 1157 eum

304 1189 550 1260 οἴδαμεν
569 1209 582 1221 ·
619 1194 780 1247 ἀλλὰ
807 1193 870 1246 τὸ
905 1197 1146 1265 Πνεῦμα
1177 1199 1532 1266 στεναγμοῖς
1559 1198 1873 1266 ἀλαλήτοις

1994 1187 2145 1254 cujus
2175 1187 2439 1256 profunda
2474 1197 2749 1254 scrutatus
2777 1200 2875 1254 εει,
2907 1199 2979 1253 et,
3005 1199 3064 1242 ut
3095 1191 3280 1258 valuit,
3315 1207 3563 1263 compre-

303 1282 804 1353 ὑπερεντυγχάνει
826 1284 905 1349 τῷ
924 1285 1063 1350 Θεῷ,
1083 1287 1160 1338 τό”
1184 1288 1591 1356 Προσεύξομαι
1610 1290 1687 1353 τῷ
1706 1292 1872 1342 πνεύ-

1993 1279 2199 1333 hendit.
2227 1279 2505 1346 Equidem
2536 1280 2787 1335 existimo
2814 1281 3126 1349 quempiam
3164 1298 3194 1336 e
3217 1283 3340 1338 Jesu
3398 1286 3561 1341 disci-

300 1389 456 1440 ματι,
484 1374 887 1442 προσεύξομαι
922 1369 989 1426 δὲ
1019 1377 1115 1429 καὶ
1145 1376 1224 1441 τῷ
1252 1379 1364 1441 νοῒ,
1393 1377 1568 1445 ψαλῶ
1594 1377 1671 1443 τῷ
1699 1383 1869 1431 πνεύ-

1990 1369 2164 1436 pulis,
2208 1386 2328 1423 cum
2381 1371 2483 1425 sibi
2521 1372 2770 1426 conscius
2814 1383 2957 1427 esset
3003 1383 3266 1442 quantum
3323 1378 3559 1432 humana

299 1478 454 1529 ματι,
497 1462 674 1530 ψαλῶ
706 1463 904 1528 καὶτῷ
939 1466 1064 1517 ναῖ’
1102 1466 1223 1518 οὐδὲ
1258 1467 1367 1537 γὰρ
1401 1467 1620 1521 δύναται
1657 1468 1812 1538 ἡμῶν
1854 1474 1868 1520 ί

1992 1459 2330 1514 imbecillitas
2374 1462 2589 1516 abesset
2639 1478 2666 1514 a
2713 1473 2860 1517 recto
2904 1465 3093 1518 orandi
3147 1468 3341 1534 modo;
3397 1471 3561 1538 idque

303 1552 422 1615 νοῦς
462 1553 900 1625 προσεύξασθαι,
952 1556 1046 1610 ἐὰν
1090 1557 1165 1626 μὴ
1214 1558 1318 1627 πρὸ
1348 1557 1511 1610 αὐτοῦ
1553 1559 1612 1610 τὸ
1657 1559 1872 1629 Πνεῦμα

1993 1553 2222 1604 maxime
2245 1555 2583 1621 cognovisset
2614 1554 2813 1608 auditis
2841 1556 3016 1611 doctis
3051 1566 3104 1611 et
3131 1562 3338 1627 magnis
3360 1574 3562 1616 sermo-

301 1646 662 1716 προσεύξηται
686 1645 814 1717 (98),
831 1649 992 1700 οἱονεὶ
1015 1650 1070 1700 ἐν
1095 1648 1318 1717 ὑπηκόῳ
1338 1647 1443 1719 (99)
1467 1648 1658 1701 αὑτοῦ·
1693 1649 1870 1720 ὥσπερ

1988 1641 2145 1695 nibus
2174 1655 2312 1709 quos
2344 1643 2591 1696 Salvator
2638 1639 2903 1699 habuerat
2951 1647 3007 1699 in
3070 1663 3163 1701 sua
3215 1651 3283 1703 ad
3341 1649 3557 1706 Patrem

292 1733 418 1793 ὀὐδὲ
442 1739 611 1808 ψάλαι
639 1737 734 1790 καὶ
757 1737 1046 1809 εὐρύθμως
1073 1739 1164 1792 καὶ
1191 1740 1442 1809 ἐμμελῶς
1468 1742 1562 1793 καὶ
1588 1743 1861 1813 ἐμμέτρως

1991 1733 2246 1795 oratione,
2314 1733 2542 1788 Domino
2580 1736 2827 1791 oratione
2866 1738 3129 1807 completa
3166 1740 3366 1794 dixisse
3403 1759 3415 1794 :
3454 1741 3560 1795 Do-

300 1831 390 1884 καὶ
421 1829 728 1899 συμφώνως
771 1831 1008 1900 ὑμνῆσαι
1039 1830 1128 1882 τὸν
1158 1831 1373 1903 Πατέρα
1407 1833 1464 1886 ἐν
1498 1832 1739 1902 Χριστῷ,
1775 1834 1868 1886 ἐὰν
1901 1831 1942 1884 Β
1973 1825 2143 1889 mille:
2175 1824 2337 1893 200
2369 1825 2492 1877 doce
2530 1842 2621 1878 ηοδ
2663 1843 2836 1893 στανδ,
2864 1830 3000 1881 δέεαι
3023 1838 3070 1883 εί
3109 1827 3344 1884 Joannes
3378 1834 3559 1888 (λοι-ὐἷε

302 1922 374 1991 μὴ
410 1921 477 1974 τὸ
506 1921 747 1989 Πνεῦμα
774 1920 839 1973 τὸ
866 1920 1062 1974 πάντα
1081 1921 1340 1988 ἐρευνῶν
1362 1923 1458 1975 καὶ
1488 1923 1559 1975 τὰ
1578 1923 1740 1990 ,βάθη
1769 1926 1871 1996 τοῦ

1980 1917 2261 1984 discipulos
2292 1933 2434 1969 suos.
2468 1917 2655 1971 Omnis
2690 1928 2868 1973 autem
2891 1921 2994 1976 loci
3021 1922 3187 1978 series
3218 1925 3296 1978 sic
3350 1925 3549 1981 habet:

300 2012 466 2075 θεοῦ,
507 2012 767 2082 πρότερον
798 2011 998 2067 αἰνέσει
1030 2013 1124 2066 καὶ
1148 2013 1377 2081 ὑμνήσει
1405 2011 1496 2064 τοῦ
1523 2013 1614 2065 νοῦ
1642 2015 1707 2067 τὰ
1737 2015 1872 2086 βάθη
1978 2005 2044 2058 Ει
2078 2007 2278 2074 factum
2317 2017 2414 2071 est,
2450 2023 2566 2059 cum
2611 2019 2744 2062 esset
2775 2010 2828 2062 in
2858 2014 3085 2079 quodam
3115 2013 3227 2066 loco
3270 2032 3449 2081 orans,
3497 2027 3553 2070 ut

295 2103 568 2174 ἡρεύνηκε
598 2104 694 2174 (1),
730 2103 823 2156 καὶ
855 2103 931 2166 ὡς
956 2102 1205 2173 ἐξίσχυσε
1242 2104 1583 2175 κατείληφεν.
1635 2105 1776 2173 Ἐγὼ
1817 2107 1864 2158 δὲ

1981 2100 2214 2163 cessavit,
2237 2099 2368 2152 dixit
2384 2115 2520 2153 unus
2542 2116 2605 2153 ex
2631 2101 2744 2167 ejus
2761 2102 3037 2170 discipulis
3063 2104 3132 2157 ad
3155 2121 3271 2159 eum
3285 2106 3550 2174 :Domine,

294 2193 475 2262 οἴομαι
501 2193 572 2264 (2)
616 2182 1039 2264 συναισθὸμὲνόν
1073 2209 1194 2246 τινα
1228 2193 1334 2248 τῶν
1361 2194 1454 2245 τοῦ
1495 2194 1666 2264 Ἰησοῦ
1701 2195 1863 2264 μαθη-

1980 2188 2101 2241 doce
2130 2206 2220 2243 nos
2270 2206 2422 2244 orare
2481 2196 2615 2245 sicut
2663 2195 2842 2246 docuit
2891 2203 2940 2248 et
2983 2195 3216 2252 Joannes
3266 2201 3549 2266 discipulos

293 2282 399 2336 τῶν
426 2284 524 2352 τῆς
545 2283 890 2354 ἀνθρωπίνης
919 2281 1202 2346 ἀσθενείας
1224 2284 1667 2355 ἀπολειπομένης
1690 2286 1782 2337 τοῦ
1813 2286 1862 2337 ὃν

1980 2294 2094 2331 suos
2135 2277 2266 2333 "‘....
2299 2281 2454 2334 Anne
2504 2281 2669 2350 igitur
2724 2281 2884 2337 homo
2925 2284 3081 2354 legali
3129 2288 3426 2344 innutritus
3466 2290 3549 2344 di-

289 2375 490 2445 τρόπον
536 2375 786 2444 εὔχεσθαι
823 2375 920 2439 δεῖ,
970 2378 1062 2428 καὶ
1103 2376 1337 2445 μάλιστα
1381 2377 1522 2444 τοῦτξ
1570 2378 1858 2445 ἐγνωκότα,

1977 2369 2235 2438 εοίριίιιαζ,
2257 2373 2600 2441 propheticor
2611 2390 2699 2430 um
2727 2374 2985 2446 frequens
3006 2380 3221 2434 auditor
3238 2395 3546 2437 sermonum

289 2465 378 2518 ὅτε
410 2467 788 2536 ἐπιστημόνων
818 2468 909 2519 καὶ
941 2466 1188 2536 μεγάλων
1213 2467 1405 2534 λόγων,
1441 2466 1482 2536 ἢ”
1511 2468 1603 2518 καὶ
1630 2468 1858 2533 εύεπαγ-

1977 2468 2028 2515 et
2056 2461 2112 2514 in
2139 2466 2430 2534 synagogis
2461 2467 2734 2534 assiduus,
2759 2479 3031 2539 utcunque
3055 2485 3214 2526 orare
3247 2475 3546 2538 nesciebat,

287 2558 627 2627 γελλομένων
677 2559 752 2628 (5)
802 2558 905 2610 ὑπὸ
953 2559 1045 2611 τοῦ
1091 2559 1340 2627 Σωτῆρος
1383 2561 1439 2611 ἐν
1480 2561 1543 2627 τῇ
1597 2559 1732 2629 πρὸς
1778 2559 1856 2610 τὸν

1979 2550 2145 2605 donec
2180 2563 2427 2609 orantem
2465 2559 2702 2625 quodam
2731 2558 2785 2612 in
2818 2558 2938 2614 loco
2975 2560 3259 2616 Dominum
3295 2565 3548 2620 vidisset?

290 2649 516 2718 Πατέρα
537 2650 687 2719 εὐχῇ,
711 2650 1044 2719 παυσαμένῳ
1062 2649 1154 2700 τοῦ
1175 2649 1571 2718 προσεύχεσθαι
1592 2648 1666 2718 τῷ
1682 2650 1859 2720 Κυρίῳ

1978 2643 2050 2694 At-
2068 2642 2171 2696 hoc
2202 2643 2493 2699 absurdum
2526 2647 2672 2701 dictu
2711 2658 2794 2703 est
2831 2668 2845 2703 :
2886 2651 3077 2705 orabat
3107 2654 3250 2708 enim
3318 2654 3547 2712 Judaico

287 2740 612 2810 εἰρηκέναι·
657 2743 869 2808 Κύριε,
907 2740 1157 2803 δίδαξον
1205 2742 1360 2808 ἡμᾶς
1410 2741 1856 2809 προσεύχεσθαι1

1978 2746 2152 2795 more;
2185 2732 2389 2800 majore
2415 2750 2546 2790 vero
2585 2737 2814 2792 scientia
2851 2739 3096 2808 indigere
3118 2756 3174 2797 se
3214 2744 3267 2796 in
3300 2744 3452 2798 illum
3483 2747 3547 2799 de

285 2829 485 2893 καθὼς
508 2831 605 2882 καὶ
653 2829 932 2896 Ἰωάννης
961 2829 1196 2893 ἐδίδαξε
1226 2829 1366 2894 τοὺς
1379 2829 1646 2897 μαθητὰς
1662 2831 1854 2883 αὑτοῦ

1977 2824 2216 2877 oratione
2246 2823 2425 2878 locum
2480 2826 2718 2880 videbat.
2767 2828 2908 2895 Quid
2939 2841 3121 2885 autem
3170 2833 3286 2901 ipse
3311 2833 3546 2892 Joannes

288 2917 451 2980 Ὅλος
485 2917 539 2969 δὲ
575 2920 602 2970 ὁ
635 2919 825 2989 είρμὸς
870 2918 962 2970 τοῦ
999 2918 1164 2990 ῥητοῦ
1197 2918 1369 2980 οὕτως
1407 2919 1553 2988 ἔχει·
1593 2919 1707 2972 Καὶ
1746 2919 1857 2988 ἐγέε

1973 2911 2258 2980 discipulos
2288 2927 2416 2968 suos
2454 2915 2519 2968 de
2545 2918 2795 2973 oratione
2830 2920 3060 2976 docebat
3081 2938 3199 2977 cum
3227 2923 3295 2977 ab
3325 2923 3542 2981 Jeroso-

282 3023 419 3064 νετο
452 3011 523 3062 ἐν
546 3009 624 3074 τῷ
660 3006 812 3063 εἶναι
850 3008 1036 3061 αὑτὸν
1085 3011 1574 3077 προσευχόμενον
1609 3010 1679 3062 ἐν
1707 3012 1850 3076 τόπρ

1968 3003 2125 3073 lymis
2146 3014 2200 3058 et
2228 3006 2375 3060 omni
2393 3005 2575 3061 Judma
2596 3016 2649 3062 et
2676 3012 2823 3064 omni
2845 3014 3060 3080 regione
3085 3015 3230 3068 circa
3243 3014 3537 3071 Iordanem

284 3102 402 3154 τινὶ
441 3103 521 3165 ὼς
549 3101 875 3163 ἐπαύσατο,
921 3097 1049 3153 εἶπέ
1093 3117 1183 3163 τις
1215 3099 1333 3150 τῶν
1365 3099 1647 3167 μαθητῶν
1675 3101 1853 3153 αὐτοῦ

1972 3097 2232 3164 venirent,
2285 3107 2342 3154 ut
2388 3101 2796 3168 baptizarentur
2842 3105 2910 3158 ab
2947 3104 3048 3158 eo?
3104 3104 3215 3160 Nisi
3251 3108 3541 3163 credamus

282 3190 432 3257 πρὸς
458 3148 674 3243 αύτόν·
712 3190 906 3256 Κύριε,
934 3188 1181 3252 δίδαξον
1212 3187 1367 3256 ἡμᾶς
1390 3190 1851 3258 προσεύχεσθαι,

2289 3148 2341 3154 __
2388 3148 2784 3168 -ﬂ,--__-----_-
2842 3148 2908 3158 ,υ
2949 3148 3042 3158 π.
3104 3148 3215 3160 -..-.
3252 3148 3539 3163 ν..,.........σ

1970 3205 2114 3255 ευιη,
2147 3191 2288 3258 quod
2320 3192 2440 3260 plus
2467 3202 2614 3249 esset
2644 3208 2804 3262 quam
2837 3197 3120 3264 propheta,
3157 3199 3351 3254 vidisse
3397 3201 3539 3255 circa

283 3284 477 3348 καθὼς
513 3284 608 3336 καὶ
652 3282 932 3349 Ἰωάννης
957 3282 1193 3345 ἐδίδαξε
1225 3285 1668 3356 προσεύχεσθαι
1713 3288 1852 3354 τοὺς

1970 3280 2264 3336 arationem
2314 3284 2600 3349 nonnulla,
2640 3300 2758 3353 qua:
2785 3287 3062 3355 probabile
3100 3290 3170 3343 sit
3211 3306 3320 3346 non
3352 3293 3421 3347 iis
3447 3295 3539 3361 qui

275 3374 548 3444 μαθητὰς
572 3374 756 3428 αὑτοῦ
970 3374 1076 3444 ἄρα
1109 3374 1213 3444 γὰρ
1248 3373 1529 3449 ἄνθρωπος
1565 3379 1844 3450 ἐντεθραμ-

1970 3373 2377 3441 baptizabantur
2429 3377 2713 3456 omnibus,
2773 3378 2867 3430 sed
2927 3379 3018 3446 qui
3073 3394 3134 3433 se
3188 3390 3313 3436 ante
3364 3383 3539 3452 bapti-

282 3466 442 3535 μένος
468 3469 536 3537 τῇ
562 3468 756 3535 νομικῇ
783 3465 1082 3533 κατηχήσει
1109 3468 1202 3522 καὶ
1225 3472 1288 3538 τῇ
1315 3469 1575 3541 ἀκροάσει
1601 3469 1706 3521 τῶν
1731 3487 1851 3540 προ-

1965 3475 2136 3515 smum
2183 3463 2507 3519 erudiendos
2559 3468 2941 3535 praebuissent,
2981 3482 3192 3526 secreto
3228 3474 3534 3530 tradidisse.

202 3594 217 3608 .
279 3554 524 3626 φητικῶν
543 3555 735 3624 λόγων,
754 3555 859 3606 τῶν
876 3572 933 3608 τε
952 3559 1282 3627 συναγωγῶν
1305 3559 1378 3628 μὴ
1403 3558 1663 3611 ἁπολειπό
1671 3577 1767 3628 μεν

1965 3552 2272 3623 Hujusmodi
2340 3559 2614 3614 orationes
2654 3575 2780 3614 vere
2829 3563 3161 3630 spirituales,
3229 3578 3421 3621 orante
3480 3573 3534 3623 in

277 3646 374 3698 οὐκ
399 3647 672 3715 ἠπίστατο
691 3650 1040 3721 ὁπωσδήποτε
1069 3649 1341 3719 εὕχεσθαι,
1369 3650 1558 3722 μέχρις
1579 3643 1638 3702 οῦ
1666 3650 1748 3720 ἴδῃ
1764 3650 1846 3702 τὸν

1957 3647 2210 3719 cordibus
2239 3656 2551 3703 sanctorum
2587 3650 2813 3718 Spiritu,
2836 3654 3006 3720 plenae
3043 3656 3320 3710 recondita
3357 3659 3524 3712 mira-

277 3737 474 3808 Κύριον
511 3739 799 3810 εὐχόμενον
824 3743 881 3795 ἐν
922 3740 1068 3810 τόπῳ
1100 3741 1240 3806 τινί;
1280 3739 1438 3792 Ἀλλὰ
1469 3739 1627 3792 τοῦτο
1653 3740 1846 3793 ἄτοπον

1961 3735 2166 3805 bilique
2222 3738 2478 3791 doctrina.
2511 3740 2796 3808 descriptae
2838 3749 2985 3795 sunt.
3023 3743 3076 3794 In
3109 3744 3284 3812 primo
3324 3745 3530 3816 Regum

279 3829 540 3895 φάσκειν·
587 3829 781 3900 ηὔχετο
831 3830 928 3900 μὲν
974 3830 1084 3900 γὰρ
1119 3829 1259 3881 κατὰ
1303 3828 1369 3880 τὰ
1417 3828 1681 3881 Ἰουδαίων
1728 3827 1846 3898 ἔθη,

1963 3827 2127 3880 oratio
2150 3825 2318 3881 Anna:
2340 3842 2406 3880 ex
2433 3838 2603 3896 parte.
2633 3829 2770 3885 lluic
2805 3831 2971 3897 enim,
2998 3848 3115 3885 cum
3150 3833 3532 3902 multiplicaret

275 3919 418 3992 ἐώρα
448 3919 510 3972 δὲ
541 3918 781 3988 μείζονος
808 3919 1116 3988 ἐπιστήμης
1149 3917 1337 3970 ἐαυτὸν
1368 3917 1618 3986 δεόμενον
1646 3917 1725 3979 είς
1757 3919 1844 3969 τὸν

1954 3931 2123 3983 preces
2166 3932 2340 3970 coram
2392 3917 2617 3972 Domino
2663 3929 2711 3974 et
2741 3920 3041 3986 loqueretur
3065 3923 3121 3976 in
3151 3926 3308 3979 corde
3331 3943 3428 3982 suo
3463 3928 3523 3994 ⁸⁵,

275 4011 531 4080 περὶτῆς
563 4009 726 4079 εύχῆς
751 4010 936 4063 τόπον.
966 4009 1108 4060 Τίδέ
1140 4009 1233 4061 καὶ
1261 4009 1288 4059 ὁ
1323 4008 1574 4077 Ἰωάννης
1606 4007 1844 4060 ἐδίδασκε

1958 4019 2058 4058 non
2095 4020 2233 4074 opus
2260 4004 2361 4060 fuit
2389 4007 2680 4077 scriptura.
2720 4009 2776 4063 In
2808 4008 3040 4066 Psalmis
3071 4024 3255 4067 autem
3286 4017 3527 4084 psalmus

271 4102 393 4165 τοὺς
416 4101 672 4173 μαθητὰς
699 4100 826 4170 περὶ
863 4099 961 4168 τῆς
988 4100 1168 4169 εὐχῆς,
1198 4098 1304 4151 ἀπὸ
1341 4097 1722 4168 Ἱεροσολύμων
1753 4098 1840 4148 κα)

1958 4095 2191 4150 decimus
2223 4105 2410 4152 sextus
2441 4096 2625 4152 Oratio
2683 4099 2852 4153 David
2883 4100 3175 4168 inscriptus
3227 4111 3342 4168 est;
3372 4116 3527 4159 octo-

284 4192 459 4262 πάσης
495 4193 597 4260 τῆς
635 4191 893 4252 Ἰουδαίας
929 4191 1021 4242 καὶ
1050 4189 1148 4258 τῆς
1183 4187 1490 4260 περιχώρου
1523 4188 1848 4258 ἐρχομένους

1957 4187 2182 4255 gesimus
2211 4204 2382 4243 nonus
2419 4188 2602 4243 Oratio
2633 4190 2802 4259 Moysi
2839 4192 3039 4244 homini
3070 4191 3212 4256 Dei;
3249 4202 3303 4248 et
3342 4206 3526 4250 cente-

277 4283 634 4352 βαπτίζεσθαι
661 4284 794 4353 πρὸς
819 4283 1009 4346 αύτόν;
1035 4283 1081 4333 εἰ
1107 4283 1179 4352 μή
1211 4299 1346 4343 τινα,
1367 4280 1504 4332 κατὰ
1528 4280 1587 4331 τὸ
1605 4280 1846 4349 περισσό-

1955 4280 2118 4333 simus
2149 4279 2375 4349 primus,
2413 4280 2596 4333 Oratio
2637 4281 2880 4347 pauperi,
2911 4297 3031 4334 cum
3060 4284 3253 4336 anxius
3285 4283 3443 4348 fuerit
3475 4297 3524 4339 et

270 4393 422 4447 τερον
461 4371 606 4428 εἶναι
632 4376 937 4445 προφήτου,
974 4373 1166 4424 ἒϐλεπε
1201 4372 1326 4440 περὶ
1359 4372 1455 4440 τῆς
1484 4371 1672 4440 εὐχῆς,
1703 4369 1839 4440 ειπερ

1956 4370 2000 4423 in
2051 4379 2321 4436 conspectu
2365 4371 2573 4423 Domini
2622 4372 2865 4439 effuderit
2918 4388 3118 4440 precem
3161 4390 3329 4427 suam.
3395 4375 3525 4441 Qua:

271 4466 410 4530 εἰκὸς
433 4469 520 4521 ὅτι
554 4467 613 4518 οὐ
639 4467 765 4518 πᾶσι
813 4468 924 4526 τοῖς
955 4461 1385 4533 βαπτιζομένοις,
1416 4461 1550 4515 ἀλλὰ
1575 4464 1684 4524 τοῖς
1712 4460 1840 4531 πρὸς

1954 4461 2224 4514 orationes
2241 4475 2362 4515 cum
2385 4475 2508 4513 vere
2526 4460 2726 4530 Spiritu
2746 4461 2902 4516 facta:
2921 4475 2974 4516 et
2993 4465 3229 4518 recitatae
3250 4468 3523 4523 orationes

269 4557 328 4608 τὸ
354 4556 711 4626 βαπτίζεσθαι
739 4556 814 4625 (5)
843 4555 1301 4625 μαθητευομένοις
1317 4555 1372 4606 ἐν
1390 4553 1685 4622 ἀπορρήτῳ
1711 4569 1838 4622 παρ-

1961 4551 2181 4615 fuerint,
2216 4551 2378 4605 etiam
2433 4551 2629 4604 divinae
2679 4553 2968 4622 Sapientiae
3021 4561 3304 4627 praeceptis
3351 4560 3521 4630 plena:

273 4648 456 4701 εδίδου.
510 4649 574 4701 Al
601 4648 846 4701 τοιαῦται
893 4648 949 4699 δὲ
982 4648 1136 4716 εὐχαὶ
1170 4647 1224 4697 αἱ
1258 4645 1426 4708 ὅντως
1460 4645 1842 4714 πνευματικαὶ,

1958 4651 2106 4708 sunt,
2167 4649 2224 4694 ut
2275 4642 2342 4696 de
2396 4641 2460 4696 iis
2491 4657 2609 4710 quae
2644 4643 2698 4696 in
2752 4644 2883 4712 ipsis
2934 4647 3337 4717 promittuntur,
3413 4651 3516 4705 dici

271 4740 702 4812 προσευχομένου
726 4742 781 4792 ἐν
795 4741 860 4810 τῇ
879 4739 1075 4810 καρδία
1092 4737 1198 4790 τῶν
1221 4737 1384 4805 ἁγίων
1405 4736 1496 4789 τοῦ
1512 4736 1648 4788 Πνεύ
1659 4753 1840 4806 ματος,

1957 4734 2156 4802 possit:
2183 4733 2312 4796 Quis
2341 4734 2548 4802 sapiens
2592 4745 2640 4788 et
2683 4736 2936 4804 intelliget
2981 4739 3515 4812 ista?intelligens'et

339 4877 378 4905 “
402 4876 556 4930 Rom.
592 4892 705 4943 vm,
735 4877 822 4929 26.
902 4877 942 4905 ¹¹
971 4877 991 4928 ι
1021 4875 1145 4930 Cor.
1170 4874 1388 4940 x1v,15.
1466 4876 1508 4904 ¹³
1531 4874 1549 4926 l
1573 4875 1698 4929 Cor.
1729 4891 1812 4939 ιιι,
1855 4874 1908 4928 ιι]

1377 4913 1388 4925 .
1466 4874 1698 4929 “lCor.
1729 4891 1812 4939 ιιι,
1855 4874 1938 4928 it).
2019 4873 2063 4903 “
2089 4871 2219 4927 Luc.
2256 4888 2332 4939 It,
2367 4873 2415 4926 l.
2493 4873 2535 4904 ¹⁵
2561 4873 2582 4926 ι
2611 4873 2748 4944 Reg.
2779 4891 2827 4939 ι,
2861 4875 2946 4929 12.

335 5013 654 5088 (L98)70138§‘_
697 5013 804 5088 γὰρ
855 5014 1100 5088 δύναται
1353 5017 1385 5066 ό
1435 5014 1582 5088 νοῦς
1640 5030 1829 5088 προσ-

1520 5014 1582 5078 Dr;
1640 5030 1829 5088 προσ·
2005 5013 2081 5083 (2)
2125 5013 2882 5082 Oi'opat.Bentleius,scribit,
2915 5013 3089 5088 οἶμαι.

266 5083 1180 5179 studuisti
1207 5083 1290 5179 3‘3.
1312 5083 1828 5179 ξξξῆξιξξίτερτές
2001 5108 2090 5179 (ελ
2116 5105 2338 5179 Mrem
2366 5105 2427 5179 ,ἢ
2463 5105 2560 5158 και
2603 5083 3198 5179 mammam.
3235 5110 3509 5179 υρρηι

269 5141 454 5219 ﬁniat.
483 5141 788 5233 Diligenter
805 5141 1187 5234 :ub'scrvandus
1212 5163 1295 5206 est
1326 5153 1412 5244 hic
1441 5141 1586 5206 lucus
1610 5141 1670 5206 in
1717 5170 1826 5244 quo

2001 5141 2076 5175 ιν]
2116 5141 2338 5172 ιιυιιυιν
2394 5141 2426 5175 ἰ
2463 5141 2560 5158 ’νυνν
2603 5141 2784 5176 συυνωι
2807 5141 3198 5177 ιονινιυιιιυινό
3235 5141 3505 5179 νυνιωιι·

1936 5185 2040 5228 tam
2081 5178 2218 5228 hanc
2253 5175 2537 5230 lectionem
2574 5177 2794 5229 sanitati
2839 5181 3080 5232 restituit
3106 5177 3402 5244 Bentleius,
3426 5181 3505 5231 in-

267 5223 644 5320 praivenicn‘tis
683 5225 1295 5320 gratia:“necessitatﬁm
1325 5223 1392 5320 ad
1417 5226 1798 5320 orandumnldni

1932 5223 2334 5320 genio-suistac
2365 5245 2724 5312 correctione,
2769 5246 2940 5315 λόγων
2984 5250 3180 5320 ἤκουεν
3230 5223 3501 5314 ἐπαγγελ-

268 5292 423 5384 sertis
464 5291 1166 5384 verbis“.traditOrigenes.
1202 5291 1400 5384 Ptrunlt
1425 5301 1600 5384 autem
1639 5296 1828 5384 czitlto-
1928 5291 2332 5384 ῖξέλὲῖθξνς”“
2369 5291 2539 5331 “““⁷Ἳ

268 5357 368 5412 Iice
397 5376 610 5427 semper
641 5361 706 5414 de
739 5365 910 5429 gratia
955 5357 1173 5424 seintiat,
1201 5362 1316 5414 fuse
1351 5361 1661 5428 disputatur
1703 5361 1827 5413 Ori-

268 5399 368 5412 ..-,,
397 5399 598 5414 συηυυ.
641 5399 706 5414 νυ
757 5399 910 5414 πη...
955 5399 1155 5416 οων...
1201 5399 1311 5414 ,μοι
1351 5399 1433 5414 ...υ
1704 5399 1823 5413 νηί

266 5399 602 5496 genianorhm
632 5399 810 5492 lihﬁt,
840 5399 1468 5498 quasstione’scptima."
1507 5497 1510 5498 ν

2004 5405 2077 5477 (4)
2115 5405 2170 5458 ln
2209 5405 2530 5498 c0dicerms.
2554 5402 2656 5456 hoc
2689 5402 2808 5498 lpco
2841 5404 3131 5498 est'hilatus
3163 5399 3228 5451 ad
3261 5400 3495 5498 spatium

333 5472 1662 5569 ξὸῦῖίὶῖὲὲᾶπᾶὶέἑρῖ’ἰςὲιῖίῑὲἷὸζὲἷιὖέῧῖἱὶιῖιῖ’νίιιειιιη
1690 5499 1824 5566 ἐπηο

1933 5472 2094 5527 trium
2136 5476 2352 5528 circiter
2391 5474 2675 5532 linearum,
2711 5476 2837 5527 licet
2879 5473 3014 5525 nihil
3058 5472 3123 5523 ad
3154 5482 3370 5521 sensum
3405 5472 3496 5519 de-

1931 5546 2158 5598 siderari
2195 5545 2458 5597 videatur.

445 5637 738 5720 Πρότερον
775 5638 1001 5720 αἰνέσει
1042 5637 1141 5720 καὶ
1171 5637 1427 5720 ὑμνήσει
1465 5635 1738 5720 τοῦ-νοῦ.
1761 5637 1829 5716 τὰ

1931 5565 2158 5598 ΒΙΟΕΙἪΙΊ
2195 5565 2458 5597 νιιιυίιιιιγ.

1970 5636 2078 5720 Λεξ)
2117 5633 2272 5720 "eis
2301 5633 2365 5720 ξι)
2406 5620 3494 5720 βαπτίζεσκθξεεὴ..ξςξίιέἓὲξξὶῑοίξὶὶιπέὲξ

473 5691 785 5776 τῖρεύνηκε.
837 5710 1000 5759 Valde
1051 5691 1537 5776 placeicorrectio
1589 5705 1826 5776 Bentlci,

1929 5691 2017 5776 τῷ
2035 5691 2422 5776 β’ᾳπέεςέσθαιῖ
2454 5691 2712 5758 Dominus
2739 5691 2997 5754 elationis
3027 5695 3228 5759 Fleuri,
3264 5691 3370 5758 πρὸ
3399 5691 3494 5745 τοῦ

269 5771 521 5846 πρότερον
537 5771 724 5847 αἰνέση
742 5779 832 5831 καὶ
851 5771 1067 5848 ὑμνήσῂ
1083 5778 1172 5829 τὸν
1197 5771 1255 5828 οἶ)
1281 5775 1344 5828 τὰ
1371 5776 1504 5844 βάθη
1533 5774 1824 5846 ἡρεύνηκε.
1933 5771 2305 5844 βαπτίζεσθαι.
