3974 6160
456 248 566 307 ηδ
1368 294 1373 303 ,
1968 240 2289 299 οιιιειεΝιε
3615 252 3716 307 tet

459 365 587 419 sciet
615 364 724 419 lucc
747 364 822 419 "‘17
851 361 983 419 Cum
1009 361 1172 434 igitur
1206 369 1314 416 tam
1350 358 1574 414 difﬁcile
1599 359 1670 414 sit
1698 358 1763 414 de
1787 358 2014 413 oratiom

2135 358 2542 428 ἀνεγράφησαν,
2572 358 3002 431 πεπληρωμέναι
3028 362 3358 435 ἀπορρήτων
3388 363 3483 417 καὶ
3507 364 3711 435 θαυμα-

459 456 751 520 disserere,
787 463 845 509 ut
876 467 1009 524 opus
1030 453 1101 506 sit
1122 460 1176 506 ct
1195 448 1537 505 illuminante
1562 448 1724 504 Patre
1745 458 1798 504 et
1831 448 2007 518 primo

2135 449 2264 503 σίων
2295 447 2598 519 δογμάτων.
2637 451 2725 503 Ἐν
2761 450 2858 520 μὲν
2898 453 3006 524 γὰρ
3052 456 3116 523 τῇ
3169 453 3357 527 πρώτῃ
3405 455 3517 510 τῶν
3550 456 3710 511 Βασι-

457 545 643 615 genito
701 542 878 598 Verbo
918 544 1144 598 docente
1192 550 1248 596 et
1303 553 1631 610 cooperante
1691 539 1926 611 Spiritu,
1978 557 2007 592 ιι

2130 537 2309 603 λειῶν,
2343 540 2407 591 ἐκ
2441 539 2640 611 μέρους
2662 542 2695 610 ή
2728 542 2828 612 τῆς
2856 543 3083 613 Ἀννηςο
3114 547 3180 614 τῇ
3204 545 3333 615 γὰρ,
3366 547 3504 600 Ὅτε
3523 547 3707 612 έπλτ)-

459 637 675 705 dignum
728 634 928 704 aliquid
983 642 1132 689 tanto
1176 641 1499 703 argumento
1538 631 1762 701 intelligi
1818 644 1883 685 ac
1927 632 2010 686 dic

2130 629 2274 683 θυνε
2306 630 2762 700 προσευχομένη
2788 633 3044 687 ἐνώπιον
3064 636 3305 703 Κυρίου,
3339 637 3619 692 λαλοῦσα
3643 639 3710 690 ἐν

458 727 647 796 possit,
674 738 870 795 precor
919 733 977 779 ut
1010 723 1174 778 homo
1206 715 1435 794 (neque
1480 723 1627 777 enim
1658 722 1791 775 mihi
1824 730 2014 774 lantun‘

2129 717 2201 788 τῇ
2244 720 2457 788 καρδίᾳ
2504 719 2711 788 αὐτῆς,
2759 722 2859 775 οὐκ
2901 724 3073 795 ἐχάρη
3137 729 3320 797 γραφῇ
3368 727 3461 798 (6).
3521 729 3608 783 Ἕν
3655 730 3709 784 δέ

456 816 635 869 tribuo
690 823 748 866 ut
790 827 949 866 orare
982 812 1034 866 in
1086 827 1174 866 me
1206 811 1473 881 Spiritum
1512 820 1696 880 putem
1744 816 2014 872 antequau

2141 811 2425 882 Ψαλμοῖς,
2487 814 2517 865 ό
2565 813 2952 878 ἑκκαιδέκατος
2994 816 3206 887 ψαλμὸς
3248 819 3565 889 Προσευχὴ
3605 821 3708 875 τοῦ

396 966 403 975 ο
452 907 629 959 oratio
658 905 784 972 quid
830 905 901 958 sit
942 911 1225 958 assecutus
1284 902 1456 971 sim),
1515 916 1730 970 precor,
1784 899 2014 968 inquam,

2142 901 2317 955 Δαόὶδ
2348 903 2773 975 ἐπιγέγραπται,
2802 907 2895 959 καὶ
2919 908 2947 958 ὁ
2981 906 3195 971 ἐννατος
3212 909 3305 961 καὶ
3333 909 3705 981 ὀγδοηκοστὸς,

404 1046 407 1051 ι
453 994 785 1049 uberrimam
823 1010 888 1049 ac
938 995 1274 1064 spiritualem
1306 995 1463 1047 nobis
1508 991 1624 1061 ejus
1665 991 2014 1059 cognitiouen:

2134 994 2453 1064 Προσευχὴ
2496 995 2576 1059 τῷ
2602 995 2830 1065 Μωῦσῇ
2867 998 3153 1065 ἀνθρώπῳ
3182 1000 3289 1054 τοῦ
3323 1002 3490 1055 Θεοῦ.
3532 1001 3643 1054 Καὶ
3681 1005 3709 1055 ό
3738 1051 3744 1055 .

449 1084 586 1148 dari,
615 1094 667 1141 et
690 1085 890 1155 aperiri
939 1085 1244 1152 descriptas
1291 1084 1344 1137 in
1384 1082 1694 1150 Evangeliis
1726 1080 2014 1133 orationes.

2134 1084 2347 1155 πρῶτος
2389 1085 2482 1138 καὶ
2515 1088 2824 1152 ἐκατοστὸς,
2852 1090 3169 1159 Προσευχὴ
3196 1089 3276 1156 τῷ
3305 1092 3536 1161 πτωχῷ,
3566 1092 3710 1149 ὅταν

449 1181 637 1249 Itaque
659 1181 771 1250 jam
815 1183 882 1237 de
916 1183 1165 1237 oratione
1211 1182 1398 1236 dicere
1433 1180 1876 1234 instituamus...

2134 1174 2456 1245 ἀκηδιάσῃ,
2482 1178 2577 1231 καὶ
2615 1177 2894 1234 ἐναντίον
2914 1182 3134 1248 Κυρίου
3157 1182 3338 1251 ἐκχέῃ
3364 1184 3481 1251 τὴν
3498 1185 3709 1254 δέησιν

447 1274 663 1328 αὐτοῦ’
700 1274 902 1339 αἵτινες
931 1274 1227 1347 προσευχαὶ
1254 1274 1374 1329 ἐπεὶ
1400 1272 1612 1344 ἀληθῶς
1635 1268 1775 1343 ἦσαν
1820 1268 2117 1341 προσευχαὶ
2168 1271 2451 1340 γινόμεναι
2476 1271 2752 1342 Πνεύματι
2799 1275 3086 1345 λεγόμεναι
3113 1293 3194 1339 τε,
3222 1278 3316 1331 καὶ
3361 1278 3467 1333 τῶν
3513 1280 3709 1351 δογμά-

447 1381 555 1418 των
588 1364 685 1434 τῆς
736 1362 829 1417 τοῦ
859 1363 994 1417 Θεοῦ
1044 1364 1233 1432 σοφίας
1280 1363 1682 1435 πεπλήρωνται,
1724 1359 1866 1412 ὥστε
1906 1358 2077 1412 εἰπεῖν
2120 1357 2185 1412 ἀν
2219 1375 2339 1412 τινα
2377 1359 2505 1430 περὶ
2530 1361 2636 1414 τῶν
2666 1364 2722 1415 ἐν
2747 1364 2933 1427 αὐταῖς
2966 1367 3447 1438 ἐπαγγελλομένων
3480 1370 3575 1443 (7)ο
3617 1375 3706 1441 Τίς

446 1458 659 1526 σοφὸς,
695 1456 795 1509 καὶ
840 1454 1099 1523 συνήσει
1134 1457 1352 1522 ταύτας
1371 1472 1390 1520 ;
1434 1454 1535 1509 καὶ
1592 1450 1846 1515 συνετὸς
1894 1447 1992 1500 καὶ
2043 1447 2434 1517 ἐπιγνώσεται
2474 1449 2697 1517 αὐτάς;
2734 1454 2885 1506 Ἐπεὶ
2917 1455 3092 1509 τοίνυν
3133 1457 3446 1527 τηλικοῦτόν
3488 1464 3605 1516 ἐστι
3643 1467 3703 1519 τὸ

447 1549 574 1620 περὶ
612 1550 711 1619 τῆς
744 1548 910 1618 εὐχῆς
950 1547 1222 1603 διαλαϐεῖν
1246 1588 1261 1613 ,
1301 1549 1376 1613 ὡς
1415 1547 1620 1601 δεῖσθαι
1664 1542 1756 1598 τοῦ
1809 1540 1902 1595 καὶ
1947 1541 2028 1604 είς
2058 1539 2215 1592 τοῦτο
2251 1540 2578 1609 φωτίζοντος
2617 1545 2852 1616 Πατρός,
2899 1546 2993 1599 κα)⁸
3039 1548 3202 1602 αὐτοῦ
3231 1550 3325 1603 τοῦ
3357 1555 3700 1623 πρωτοτόκου

446 1640 623 1707 Λόγου
648 1639 1010 1703 διδάσκοντος,
1050 1638 1142 1692 τοῦ
1169 1657 1228 1692 τε
1251 1641 1564 1712 Πνεύματος
1602 1632 1950 1707 ἐνεργοῦντος
1988 1634 2069 1695 εἰς
2107 1632 2167 1685 τὸ
2211 1636 2352 1687 νοεῖν
2388 1637 2482 1688 κα)⁸
2513 1634 2692 1704 λέγειν
2723 1637 2888 1703 ἀξίως
2921 1639 3014 1692 τοῦ
3041 1641 3353 1712 τηλικούτου
3390 1646 3704 1719 προϐλήμα-

444 1749 568 1796 τος,
608 1730 901 1802 εὐξάμενος
922 1730 998 1794 ὡς
1022 1730 1335 1804 ἄνθρωπος·
1358 1732 1439 1803 (οὐ
1476 1733 1585 1802 γάρ
1618 1748 1719 1783 που
1769 1723 1989 1800 ἐμαυτῷ
2027 1721 2102 1794 (8)
2136 1722 2328 1794 δίδωμι
2373 1729 2571 1796 χωρεῖν
2619 1728 2715 1799 τὴν
2764 1731 3072 1802 προσευχὴν
3108 1733 3201 1786 τοῦ
3235 1734 3553 1805 Πνεύματος
3600 1740 3703 1809 πρὸ

442 1823 536 1876 τοῦ
569 1823 724 1892 λόγου
760 1825 942 1895 τυχεῖν
971 1823 1069 1894 τῆς
1097 1825 1259 1895 εὐχῆς
1280 1825 1317 1892 ο)
1364 1822 1498 1889 ἀξιῶ
1542 1824 1630 1877 ἵνα
1675 1822 1832 1889 λόγος
1878 1814 2249 1888 πληρέστατος
2296 1818 2389 1869 καὶ
2430 1821 2798 1890 πνευματικὸς
2830 1822 2966 1892 ἡμῖν
3012 1823 3252 1894 δωρηθῇ,
3287 1825 3381 1878 καὶ
3411 1829 3465 1879 αἱ
3495 1830 3553 1881 ἐν
3593 1832 3701 1894 τοῖς

443 1915 792 1985 Εὐαγγελίοις
826 1918 1314 1990 ἀναγεγραμμέναι
1365 1915 1766 1987 σαφηνισθῶσιν
1812 1908 1989 1981 εὐχαί.
2033 1907 2287 1977 Ἀρκτέον
2319 1905 2411 1966 οὖν
2443 1911 2541 1983 ῆδη
2567 1911 2659 1965 τοῦ
2690 1913 2940 1983 περὶτῆς
2968 1913 3135 1984 εὐχῆς
3161 1915 3320 1984 λόγου
3356 1916 3454 1989 (9).

513 2012 671 2081 20],
709 2012 764 2067 '5.
801 2011 1042 2069 Primum
1087 2013 1252 2083 εὐχῆς
1309 2025 1522 2076 nomen,
1574 2010 1713 2079 quod
1760 2007 2007 2077 equidem

2182 2002 2402 2074 Πρῶτον
2431 2005 2493 2077 δὴ
2533 2005 2596 2058 τὸ
2622 2005 2792 2076 ὄνομα
2826 2007 2924 2078 τῆς
2955 2007 3138 2077 εὐχῆς,
3173 2009 3294 2062 ὅσον
3324 2011 3416 2063 ἐπὶ
3445 2028 3699 2084 παρατη-

449 2104 818 2168 observarim,
871 2104 943 2159 ibi
981 2105 1213 2172 positum
1249 2103 1493 2167 invenio,
1528 2117 1650 2155 cum
1699 2098 1866 2156 Jacoh
1908 2098 2014 2151 fra-

2127 2094 2282 2164 ρήσει
2326 2098 2392 2166 τῇ
2443 2097 2573 2167 ἐμῇ,
2623 2096 2864 2167 εὑρίσκω
2911 2098 3183 2168 κείμενον,
3227 2100 3390 2171 ἡνίκα
3423 2105 3452 2156 ό
3509 2104 3702 2158 Ἰακὼϐ

442 2195 543 2250 tris
595 2194 736 2249 Esau
772 2194 912 2249 iram
949 2195 1158 2263 fugiens
1185 2196 1239 2249 in
1279 2194 1724 2264 Mesopotamiam
1772 2199 2014 2261 pergeret

2127 2183 2304 2252 φυγὰς
2364 2186 2653 2256 γενόμενος
2714 2189 2814 2258 τῆς
2867 2174 3047 2260 ὀργῆς
3082 2189 3176 2242 τοῦ
3223 2191 3454 2263 ἀδελφοῦ
3506 2195 3700 2249 ἑαυτοῦ

434 2285 593 2351 juxta
649 2284 802 2343 lsaae
848 2301 913 2341 ac
964 2286 1225 2341 Rebeccae
1257 2287 1480 2340 monita.
1517 2286 1608 2340 Sic
1649 2294 1826 2337 autent
1858 2283 2022 2337 habet

449 2378 606 2431 locus
638 2377 797 2448 ipse:
836 2377 904 2432 Et
960 2378 1095 2433 norit
1136 2378 1303 2433 Jacob
1332 2388 1505 2432 votum
1555 2374 1761 2448 (εὐχήν)
1802 2374 2018 2428 dicens:

440 2467 503 2523 Si
539 2470 696 2538 fuerit
724 2467 984 2524 Dominus
1013 2468 1150 2524 Deus
1194 2485 1394 2523 mecum
1423 2478 1470 2523 et
1514 2467 1818 2523 custodierit
1852 2482 1929 2519 me
1964 2464 2019 2520 iu

438 2559 523 2613 uia
551 2560 650 2612 hac
671 2574 762 2628 per
798 2575 957 2626 quant
989 2559 1228 2622 ambulo,
1259 2568 1305 2613 et
1327 2558 1535 2613 dederit
1561 2558 1692 2611 mihi
1736 2571 1921 2627 panem
1950 2555 2017 2607 ad

436 2651 775 2716 vescendum,
826 2658 877 2703 et
930 2650 1291 2705 uestimentum
1341 2651 1410 2703 ad
1443 2648 1790 2711 induendum,
1848 2661 2018 2700 rever-

435 2758 631 2813 susque
678 2740 828 2810 [uero
860 2756 1112 2811 prospere
1153 2741 1223 2796 ad
1271 2742 1490 2795 domum
1532 2740 1701 2810 patris
1730 2738 1833 2794 mei
1864 2752 1885 2791 :
1915 2740 2016 2792 erit

436 2835 570 2888 mihi
599 2833 858 2889 Dominus
906 2836 960 2886 in
1007 2832 1193 2898 Deum,
1227 2844 1273 2887 et
1316 2833 1449 2899 lapis
1482 2835 1579 2886 iste
1616 2848 1766 2901 quem
1796 2832 1937 2885 erexi
1962 2831 2015 2883 in

439 2923 655 2977 titulum
718 2924 991 2978 vocabitur
1035 2923 1221 2976 domus
1276 2922 1406 2989 Dei,
1455 2933 1862 2991 cunctarumque
1901 2937 2017 2989 qua:

437 3012 649 3067 dederis
687 3013 841 3076 mihi,
875 3011 1105 3065 decimas
1135 3012 1355 3080 offeram
1383 3013 1474 3065 tibi
1508 3012 1672 3067 ".....
1717 3012 1816 3066 Ubi
1849 3010 2014 3065 etiam

437 3103 738 3158 notandum
768 3112 852 3156 est
886 3117 1082 3179 nomen
1132 3101 1298 3174 εὐχῆς
1329 3117 1471 3171 saepe
1500 3103 1609 3157 alio
1642 3117 1804 3157 sensu
1844 3103 2014 3170 accipi

436 3207 597 3261 quam
660 3192 1003 3263 προσευχῆς,
1058 3192 1124 3246 de
1181 3207 1248 3247 eo
1308 3207 1499 3260 nempe
1557 3192 1650 3263 qui
1706 3206 1827 3246 cum
1891 3203 2016 3249 voto

436 3288 617 3360 (εὐχῇ)
659 3287 781 3345 talia
815 3303 873 3344 se
921 3287 1194 3342 facturum
1239 3287 1530 3356 promittit,
1576 3289 1621 3341 si
1658 3287 1782 3341 talia
1818 3304 1847 3342 a
1908 3289 2014 3343 Deo

435 3380 511 3434 sit
546 3390 895 3435 consecutus.
932 3377 1160 3432 Ponitur
1194 3387 1373 3430 tamen
1423 3375 1552 3430 illud
1600 3375 1923 3431 vocabulum
1960 3387 2014 3430 et

435 3480 697 3528 consueto
752 3470 1008 3538 loquendi
1060 3470 1216 3525 modo
1273 3468 1410 3539 (pro
1464 3470 1784 3537 oratione),
1840 3477 1898 3522 ut
1959 3468 2014 3521 in

437 3564 620 3618 Exodo
672 3562 785 3617 haec
817 3560 1123 3614 invenimus
1170 3568 1290 3629 post
1337 3546 1592 3614 ranarum
1645 3559 1857 3629 plagam
1891 3573 2012 3628 qua:

436 3656 582 3709 inter
606 3654 792 3708 decem
823 3660 907 3707 est
942 3652 1134 3711 ordine
1178 3650 1532 3706 secunda.....
1582 3648 1793 3703 Vocnvit
1837 3659 2013 3703 autem

438 3746 655 3799 Pharao
691 3744 927 3814 Moysem
951 3752 1001 3797 et
1030 3742 1211 3796 Aaron
1248 3752 1294 3795 et
1324 3742 1455 3795 dixit
1487 3744 1560 3797 eis
1583 3759 1602 3796 :
1638 3741 1797 3797 Orate
1829 3742 2012 3795 Domi-

437 3851 563 3889 num
613 3845 669 3889 ut
712 3833 919 3903 auferat
963 3850 1122 3888 ranas
1169 3850 1203 3886 ιι
1237 3850 1317 3886 me
1370 3844 1416 3887 et
1455 3852 1487 3886 a
1531 3833 1722 3903 populo
1769 3850 1881 3887 meo
1897 3850 1917 3898 ;
1965 3843 2012 3885 et

437 3925 704 3979 dimittam
735 3923 984 3994 populum
1012 3935 1068 3976 ut
1120 3922 1381 3991 sacriﬁcet
1406 3923 1634 3976 Domino
1681 3923 1745 3976 ³⁸.
1778 3920 1835 3976 Si
1889 3923 2012 3991 quis

438 4026 623 4069 autem
672 4029 738 4068 eo
766 4013 915 4084 quod
959 4011 1265 4066 Pharaonis
1312 4011 1384 4064 sit
1437 4010 1525 4065 illa
1564 4024 1671 4063 vox
1725 4019 1870 4062 orate
1901 4006 2013 4076 (εὐ-

434 4103 649 4178 ξασθε),
684 4102 902 4159 diﬁicile
938 4101 1039 4157 sibi
1087 4099 1420 4170 persuaserit
1465 4112 1585 4157 eam
1632 4107 1830 4168 praeter
1868 4098 2016 4167 prio-

435 4215 553 4254 rem
598 4198 711 4253 voti
740 4196 1215 4267 signiﬁcationem,
1249 4193 1413 4248 etiam
1447 4200 1767 4246 consuetam
1806 4189 2014 4244 oratio-

432 4270 520 4345 nis
568 4290 787 4352 habere,
816 4288 1221 4345 observandum
1255 4294 1339 4340 est
1371 4284 1515 4353 quod
1562 4284 1808 4354 sequitur
1838 4291 1889 4336 et
1933 4282 2011 4335 sic

437 4383 641 4436 habet:
671 4381 919 4450 Dixitque
964 4378 1173 4449 Moyses
1209 4378 1278 4430 ad
1323 4375 1656 4429 Pharaonem
1689 4390 1706 4428 :
1738 4372 2013 4428 Constitue

2139 2274 2329 2340 Ἡσαῦ,
2360 2276 2525 2347 ἀπῄει
2559 2280 2638 2343 εἰς
2665 2280 2763 2350 τὴν
2793 2280 3213 2353 Μεσοποταμίαν
3251 2282 3392 2336 κατά
3428 2285 3527 2348 τάς
3566 2287 3699 2340 ὐπο-

2120 2364 2293 2438 θήκας
2337 2367 2521 2421 Ἰσαὰκ
2547 2369 2641 2422 καὶ
2687 2370 3003 2436 Ῥεϐέκκας.
3043 2372 3199 2427 Οὕτω
3236 2373 3293 2427 δὲ
3321 2374 3431 2445 ἔχει
3466 2376 3695 2446 ήλέξις·

2117 2458 2225 2511 Καὶ
2267 2458 2493 2525 ηὔξατο
2544 2460 2748 2515 Ἰακὼϐ
2788 2463 3001 2532 εὐχὴν,
3048 2465 3273 2535 λέγων·
3331 2467 3465 2522 Ἐὰν
3505 2464 3547 2540 ᾖ
3582 2471 3698 2523 Κύ-

2108 2566 2243 2616 ριος
2285 2553 2319 2603 ὁ
2360 2549 2503 2617 Θεὸς
2526 2552 2655 2621 μετ’
2694 2553 2860 2622 ἐμοῦ,
2897 2556 2994 2609 καὶ
3025 2555 3366 2629 διαφυλάξῃ
3393 2578 3472 2629 με
3517 2561 3588 2614 ἐν
3623 2559 3697 2631 τῇ

2117 2638 2234 2721 οδῷ
2260 2642 2444 2711 ταύτῃ
2475 2636 2516 2714 ᾗ
2542 2642 2656 2712 ἐγὼ
2679 2645 3135 2714 πορεύομαι,καὶ
3163 2647 3246 2713 δῷ
3264 2666 3365 2717 μοι
3392 2649 3571 2718 ἄρτον
3586 2668 3696 2721 φα-

2121 2733 2267 2802 γεῖν,
2291 2734 2387 2788 καὶ
2417 2733 2649 2804 ἱμάτιον
2665 2736 3104 2803 περιϐαλέσθαι,
3134 2739 3230 2792 καὶ
3256 2739 3611 2811 ἀποστρέψῃ
3622 2760 3697 2811 με

2118 2823 2269 2892 μετὰ
2294 2825 2590 2892 σωτηρίας
2618 2827 2706 2892 εὶς
2736 2826 2844 2880 τόν
2872 2823 3041 2881 οἷκον
3059 2828 3166 2882 τοῦ
3198 2831 3420 2899 πατρός
3435 2848 3574 2900 μου*
3600 2833 3697 2886 καὶ

2115 2917 2285 2969 ἔσται
2312 2918 2524 2984 Κύριός
2545 2935 2648 2987 μοι
2689 2921 2776 2986 εὶς
2808 2920 2977 2986 Θεὸν,
3012 2921 3110 2974 καὶ
3146 2924 3180 2975 ό
3205 2922 3380 2989 λίθος
3420 2921 3600 2991 οὗτος
3627 2926 3698 2978 ὂν

2114 3009 2348 3077 ἐστησα
2372 3009 2633 3079 στήλην,
2667 3014 2839 3069 ἔσται
2871 3032 2973 3083 μοι
3003 3011 3168 3081 οἶκος
3211 3015 3379 3079 Θεοῦ,
3404 3016 3501 3069 καὶ
3551 3016 3719 3078 πάν-,

2116 3117 2233 3153 των
2286 3095 2373 3153 ὧν
2417 3101 2527 3155 ἐάν
2573 3121 2676 3172 μοι
2742 3104 2881 3170 δῷς,
2943 3106 3203 3175 δεκάτην
3266 3107 3697 3163 ἀποδεκατώσω

2120 3190 2274 3245 αὐτά
2316 3207 2415 3245 σοι
2728 3195 2896 3250 Ἔνθα
2926 3197 3019 3249 καὶ
3048 3200 3378 3267 σημειωτέον
3408 3201 3574 3265 ἐστὶν,
3617 3201 3695 3254 ὅτι

2121 3281 2181 3350 τὸ
2227 3281 2397 3354 ὄνομα
2442 3284 2542 3355 τῆς
2592 3285 2781 3355 εὐχῆς
2822 3286 3142 3358 παρελήφθη
3194 3290 3457 3361 πολλαχοῦ
3507 3293 3697 3365 ἐτέρας

2118 3372 2283 3445 οὔσης
2325 3374 2474 3446 παρά
2503 3375 2599 3447 τὴν
2633 3377 3004 3447 προσευχὴν,
3062 3379 3154 3431 ἐπὶ
3200 3379 3294 3433 τοῦ
3347 3382 3486 3452 μετά
3507 3383 3697 3453 εὐχῆς

2119 3467 2588 3538 ἐπαγγελλομένου
2641 3470 2765 3524 τάδε
2821 3469 2942 3525 τινὰ
2989 3474 3236 3545 ποιήσειν
3276 3474 3409 3547 (Η),
3472 3479 3523 3543 εί
3558 3477 3695 3550 τύχῃ

2116 3559 2227 3613 ἀπὸ
2278 3560 2409 3613 Θεοῦ
2463 3559 2646 3614 τῶνδε.
2717 3561 2983 3616 Τάσσεται
3066 3564 3245 3634 μέντοι
3308 3567 3400 3619 καὶ
3453 3568 3547 3621 ἐπὶ
3602 3569 3694 3621 τοῦ

2115 3649 2254 3702 κατά
2314 3650 2603 3721 συνήθειαν
2642 3649 2799 3720 ἡμῶν
2827 3650 3119 3723 λεγομένου
3157 3655 3189 3724 ή
3253 3655 3544 3726 ὀνομασίαο
3586 3657 3694 3711 ὧσ-

2116 3758 2219 3811 περ
2262 3742 2320 3792 ἐν
2371 3740 2565 3811 Ἑξόδῳ
2615 3742 2848 3814 εὕρομεν
2892 3742 3086 3809 οὕτως,
3126 3745 3263 3816 μετὰ
3311 3746 3409 3818 τὴν
3457 3749 3547 3801 ἐπὶ
3583 3753 3695 3813 τοῖς

2117 3831 2410 3903 βατράχοις
2450 3832 2687 3903 μάστιγα
2720 3835 2786 3904 τῇ
2827 3833 2977 3900 τάξει
3004 3833 3115 3887 τῶν
3150 3835 3280 3890 δέκα
3321 3834 3486 3891 οὖσαν
3516 3839 3696 3892 δευτέ-

2120 3940 2219 3996 ραν
2247 3923 2471 3992 (12).....
2490 3922 2771 3977 Ἐκάλεσε
2796 3923 3004 3992 Φαραὼ
3027 3923 3290 3992 Μωῦσῆν
3314 3920 3411 3977 καὶ
3441 3922 3681 3991 Ἀαρὼν,

2117 4012 2217 4066 καὶ
2254 4008 2424 4065 εἶπεν
2462 4013 2686 4078 αὐτοῖς·
2723 4013 2997 4077 Εὕξασθε
3027 4013 3158 4080 περὶ
3190 4014 3334 4082 ἐμοῦ
3376 4012 3525 4081 πρὸς
3571 4013 3683 4066 Κύ-

2111 4120 2270 4171 ριον,
2307 4104 2404 4158 καὶ
2449 4103 2763 4172 περιελέτω
2808 4105 2948 4171 τοὺς
2985 4104 3328 4174 βατράχους
3374 4104 3474 4158 ἀπ’
3516 4103 3682 4172 ἐμοῦ,

2116 4196 2215 4250 καὶ
2247 4197 2365 4250 ἀπὸ
2392 4197 2497 4251 τοῦ
2518 4182 2671 4250 λαοῦ
2688 4212 2825 4266 μου
2851 4197 2945 4251 καὶ
2974 4195 3358 4260 ἐξαποστελῶ
3383 4195 3490 4247 τὸν
3509 4194 3683 4255 λαὸν,

2117 4287 2215 4341 καὶ
2243 4289 2502 4342 θύσουσι
2532 4289 2747 4355 Κυρίῳ.
2786 4288 2907 4340 Ἐὰν
2933 4288 2989 4341 δὲ
3017 4288 3319 4351 δυσπειθῶς
3344 4306 3425 4350 τις
3455 4288 3573 4359 ἔχῃ,
3601 4287 3686 4339 διὰ

2116 4380 2176 4433 τὸ
2197 4379 2291 4432 τοῦ
2316 4379 2513 4447 Φαραὼ
2542 4374 2679 4431 εἶναι
2710 4379 2891 4448 φωνὴν
2911 4379 3008 4450 τὴν
3038 4379 3314 4443 εὔξασθε,
3350 4380 3483 4447 πρὸς
3504 4380 3565 4431 τὸ
3588 4396 3685 4448 ση-

434 4466 565 4519 milti
596 4466 806 4536 quando
841 4466 1087 4536 deprecer
1121 4481 1215 4533 pro
1246 4473 1296 4518 te
1322 4472 1371 4517 et
1410 4479 1502 4531 pro
1530 4464 1690 4517 servis
1721 4464 1820 4516 luis
1845 4473 1890 4515 et
1914 4479 2009 4531 pro

2127 4469 2399 4523 ιαίνεσθαι
2429 4469 2535 4522 ἀπὸ
2565 4468 2663 4538 τῆς
2695 4466 2858 4536 εὐχῆς
2902 4467 3036 4537 πρὸς
3067 4465 3145 4536 τῷ
3174 4467 3423 4539 προτέρῳ
3457 4468 3569 4539 (15)
3596 4470 3690 4521 καὶ

432 4556 630 4626 populo
657 4567 773 4622 tuo,
799 4565 855 4611 ut
881 4558 1161 4626 abigantur
1205 4570 1350 4608 ranae
1379 4573 1411 4608 a
1456 4564 1502 4608 te
1533 4563 1581 4607 et
1608 4572 1639 4607 a
1677 4555 1871 4622 populo
1919 4564 2008 4607 tuo

2127 4564 2174 4619 τὸ
2202 4561 2430 4631 σύνηθες
2450 4578 2462 4590 ο
2500 4557 2909 4631 παρατηρητέον
2948 4558 3044 4611 καὶ
3067 4558 3128 4610 τὸ
3154 4557 3282 4627 ἐξῆς
3321 4559 3495 4623 οὕτως
3527 4561 3651 4631 ἔχον
3670 4577 3684 4590 ·

426 4657 487 4703 ιι
514 4663 563 4719 ,α
609 4648 849 4704 domibus
890 4648 1074 4702 uestris
1125 4655 1174 4699 et
1216 4653 1423 4699 tantum
1472 4646 1528 4700 in
1574 4647 1791 4714 ﬂumine
1835 4663 2007 4700 rema—

2127 4651 2263 4709 Εῖπε
2306 4653 2373 4705 δὲ
2406 4648 2666 4717 Μωῦσῆς
2696 4648 2846 4718 πρὸς
2888 4647 3131 4717 Φαραώο
3179 4647 3356 4713 Τάξαι
3399 4649 3549 4718 πρὸς
3585 4650 3686 4719 μὲ,

508 4783 554 4815 ⁸⁸
586 4781 712 4838 Ose.
771 4794 885 4848 xiv,
915 4780 1002 4835 10.
1080 4780 1122 4812 ³⁷
1143 4778 1278 4835 Gen.
1314 4794 1471 4842 xvnt,
1491 4778 1584 4842 ΞΟ,
1614 4779 1704 4844 21,
1736 4779 1826 4833 22.
1905 4785 1947 4819 ιε
1979 4789 2014 4841 Ε

2132 4834 2142 4842 .
2174 4806 2324 4852 XVIII,
2358 4788 2409 4840 8.

506 4902 604 4974 (6)
661 4904 784 4974 Οὐκ
825 4900 1023 4974 ,ἐχάρη
1059 4972 1067 4974 Α
1114 4900 1332 4974 τραφῇ.
1382 4901 1628 4974 Bentleii)
1664 4905 2008 4962 scribendum

436 4971 676 5055 videtur,
721 4971 853 5043 εὐχὴ
900 4972 999 5024 οὐκ
1046 4971 1361 5043 ἀνεγράφη,
1410 4971 1493 5026 vel
1538 4975 1639 5026 οὐκ
1684 4974 1816 5047 έχρη
1866 4993 2004 5047 γρα-

509 5109 587 5183 (7)
604 5109 824 5176 Αὐταῖς
850 5110 1401 5183 ἐπαγγελλομένων,
1421 5119 1529 5165 etc.
1553 5111 1626 5183 Ita
1657 5116 1816 5167 habet
1842 5118 2009 5171 codex

438 5181 636 5254 ms._’in
667 5196 784 5254 quo
797 5181 1141 5254 _male_antea
1177 5184 1377 5254 lectum
1405 5194 1525 5254 εειζ
1540 5182 1720 5246 αὐτοῖς
1747 5185 2013 5254 ἐπαγγελ-

436 5249 709 5323 λομένωνίο
742 5250 839 5323 Τίς
867 5249 1145 5323 σοφὸς,καὶ
1178 5252 1396 5322 συνήσει
1429 5250 1631 5318 caiisa;
1665 5254 1758 5307 καὶ
1796 5249 2034 5323 συνετὸς,

439 5319 535 5374 καὶ
574 5319 951 5390 ἐπιγνώσεται
968 5319 1138 5387 αὐτάς

511 5390 587 5463 (8)
607 5389 688 5445 Οὔ
704 5389 816 5461 γάρ
836 5390 1227 5463 πουέμαυτῷ,
1249 5401 1353 5445 etc.
1369 5389 1604 5463 corrigit
1632 5391 2014 5460 Bentleius,06

438 5460 666 5543 rapum
706 5460 924 5543 ἐμαυτιῖ)
956 5460 1145 5543 δίδωμι
1172 5463 1368 5543 χωρεῖν
1411 5461 1510 5531 τὴν
1553 5464 1863 5536 προσευχὴν
1906 5465 2015 5536 πρὸ

441 5529 722 5602 τοῦλόγου
742 5529 924 5602 τυχεῖν
942 5530 1043 5600 τῆς
1072 5529 1253 5602 εὐχῆς.

515 5598 761 5720 ξὲιέι
789 5598 970 5670 λόγου,
1001 5598 1309 5658 οοιιείὶίιιε.
1342 5603 1504 5658 habet
1533 5602 1739 5659 hiatum
1771 5605 1931 5659 unius
1960 5615 2016 5661 et

606 5685 617 5720 I

445 5681 739 5723 semmnca:

2194 4913 2304 4981 (10)
2346 4912 2471 4965 Post
2509 4923 2667 4981 voces
2706 4908 2844 4981 αὐτά
2890 4926 2990 4973 σοι,
3043 4908 3225 4981 hiatus
3264 4913 3343 4958 est
3394 4904 3447 4957 in
3504 4905 3693 4981 codice

2118 4975 2222 5036 ms.
2252 4975 2476 5035 duarum
2509 4978 2727 5032 circiter
2777 4980 3064 5033 linearum.
3125 4977 3513 5031 Verumtamen
3547 4975 3688 5028 nihil

2120 5053 2331 5106 videtur
2359 5052 2563 5103 deesse.

2190 5119 2301 5192 (Η)
2339 5117 2641 5185 Ποιήσειν.
2700 5117 2791 5192 Sic
2837 5126 2980 5172 recte
3027 5116 3190 5171 habet
3236 5113 3407 5192 c_odex
3458 5127 3588 5180 ms.,
3634 5114 3689 5166 in

2119 5185 2226 5260 quo
2252 5185 2530 5260 perperam
2571 5201 2727 5242 antea
2753 5187 2964 5260 _lectnm
2993 5199 3078 5241 est
3109 5203 3122 5239 :
3156 5185 3476 5260 ποιήσομεν.

2191 5249 2304 5331 (ιέ)
2341 5249 2467 5313 Post
2497 5273 2698 5331 _vocem
2740 5257 3025 5331 δευτέραν,
3064 5249 3366 5331 _cornparet'
3396 5254 3450 5331 in
3499 5249 3694 5304 codice

2122 5322 2226 5386 ms.
2269 5322 2450 5384 hiatus
2481 5327 2706 5381 duarum
2738 5322 3025 5381 linearum.
3061 5325 3168 5380 Sed
3200 5322 3335 5378 nihil
3363 5322 3432 5375 ad
3464 5333 3689 5374 sensum

2121 5401 2334 5454 videtur
2359 5396 2675 5453 desiderari.

2190 5468 2301 5540 (13)
2342 5466 2499 5536 Πρὸς
2522 5464 2621 5540 ,τῷ
2647 5465 2928 5540 ςιτροτιιέρῳἵ
2961 5463 3036 5540 _lta
3066 5473 3211 5540 recte
3236 5462 3466 5540 habetur
3502 5458 3691 5540 in‘CO:

2120 5527 2239 5593 dice
2265 5527 2406 5602 ms.;'
2433 5527 2571 5592 male
2590 5527 2727 5592 ’νοινό
2762 5527 3081 5593 in'e'ditione
3111 5529 3433 5591 Oxoniensi,
3475 5527 3584 5599 πρὸ
3610 5527 3694 5598 τῷ

2117 5609 2398 5678 πρότερον.
