3974 6160
323 272 420 328 ιῖὕ
773 319 779 323 .
1496 265 1783 322 LIBELLU
1800 266 1837 320 S
1866 265 1877 317 Ι

1985 260 2360 318 ORATIONE.
3457 263 3562 318 426

319 397 456 450 πότε
485 392 730 461 εὔξομαι
765 391 898 461 περὶ
921 390 1038 446 σοῦ
1067 391 1162 444 καὶ
1197 390 1329 454 περὶ
1365 389 1488 442 τῶν
1511 391 1877 457 θεραπόντων

1989 395 2144 438 neunt
2183 385 2242 438 ".
2289 383 2706 437 Observavimus
2735 390 2910 435 autem
2943 384 3008 437 de
3043 381 3404 450 sciniphibns,
3435 398 3558 452 quae

317 502 429 540 σου
477 485 574 537 καὶ
618 483 725 537 τοῦ
764 483 917 537 λαοῦ
976 498 1112 545 σου,
1157 482 1445 550 ἀφανίσαι
1483 482 1623 544 τοὺς
1667 479 1877 547 ,βατρά-

1989 481 2142 533 tertia
2180 479 2334 549 plaga
2367 478 2486 542 fuit,
2526 493 2699 545 neque
2734 478 3064 532 Pharaonem
3107 478 3409 533 orationem
3436 479 3556 532 fieri

316 591 460 644 κους
505 573 626 627 ἀπὸ
665 572 782 626 σοῦ
831 572 930 626 καὶ
973 572 1090 626 ἀπὸ
1139 570 1245 624 τοῦ
1309 571 1461 624 λαοῦ
1497 585 1636 632 σου,
1683 571 1778 622 καὶ
1821 571 1877 622 ἐκ

1986 571 2277 638 postulare,
2331 584 2508 639 neque
2545 569 2778 635 Moysem
2820 585 2978 622 orare
3008 571 3070 622 ²⁰.
3125 571 3194 623 At
3224 571 3291 622 de
3328 570 3552 633 muscis,

313 663 429 719 τῶν
470 661 672 718 οἰκιῶν
711 663 908 731 ὑμῶν·
951 661 1116 730 πλὴν
1147 662 1218 715 ἐν
1255 659 1334 725 τῷ
1376 659 1616 728 ποταμῷ
1648 662 1887 713 ὑπολει-

313 756 667 826 φθήσονται.
716 755 933 824 Παρετη
945 755 1183 824 ρήσαμεν
1241 751 1296 803 δὲ
1339 751 1432 802 ἐπὶ
1481 753 1600 812 ταῖς
1659 749 1843 816 σκνιψὶ
1867 786 1882 811 ,

313 848 376 917 τῇ
407 846 567 916 τρίτῃ
595 844 837 915 μάστιγι,
872 842 993 896 οὔτε
1020 840 1216 912 Φαραὼ
1247 841 1409 912 εὐχὴν
1435 838 1688 909 γενέσθαι
1720 837 1881 902 ἀξιοῖ,

311 937 433 992 οὔτε
493 935 733 1004 Μωῦσῆς
795 933 1030 1004 εὔχεται.
1093 933 1201 986 Καὶ
1255 933 1346 985 ἐπὶ
1404 934 1499 1003 τῇη
1523 930 1792 1001 κυνομυίᾳ
1829 929 1883 982 δὲ

312 1026 448 1100 οὔσῃ
515 1024 749 1097 τετάρτῃ
820 1023 999 1090 λέγει·
1052 1021 1327 1084 Εῦξασθε
1395 1013 1506 1072 οὖν
1549 1019 1679 1085 περὶ
1739 1014 1884 1085 ἐμοῦ

313 1119 466 1187 πρὸς
487 1119 722 1184 Κύριον.
767 1116 893 1168 Ὅτε
934 1114 1027 1166 καὶ
1068 1108 1185 1165 εἷπε
1215 1110 1450 1180 Μωῡσῆς
1473 1109 1578 1174 ,ὅτι
1603 1107 1749 1176 Ἐγὼ
1772 1107 1816 1176 (1
1829 1106 1880 1175 τί)

312 1209 705 1275 ἑξελεύσομαι
750 1204 867 1258 ἀπὸ
912 1203 1063 1266 σοῦ,
1113 1201 1209 1254 καὶ
1261 1200 1506 1268 εὔξομαι
1572 1198 1721 1264 πρὸς
1776 1197 1885 1249 rios

317 1300 484 1362 Θεὸν,
532 1297 631 1348 καὶ
675 1295 1066 1349 ἀπελεύσεται
1116 1293 1152 1358 ἡ
1201 1293 1490 1357 κυνόμυια
1529 1289 1644 1342 ἀπὸ
1680 1278 1884 1354 Φαρὰὼ

317 1377 416 1430 καὶ
445 1375 563 1428 τῶν
592 1373 968 1440 θεραπόντων
994 1369 1179 1424 αὑτοῦ
1214 1373 1314 1427 καὶ
1338 1372 1454 1424 ἀπὸ
1481 1371 1586 1423 τοῦ
1607 1370 1757 1424 λαοῦ
1784 1372 1891 1422 αὺ-

318 1472 426 1526 τοῦ
459 1470 687 1539 αὔριον.
732 1469 840 1521 Καὶ
884 1467 999 1536 μετ’
1026 1467 1210 1536 ὀλίγοιο
1241 1465 1495 1535 Ἐξῆλθε
1529 1467 1596 1520 δὲ
1631 1465 1889 1533 Μωὶῗισῆς

317 1561 438 1617 ἀπὸ
467 1559 674 1628 Φαραὼ
700 1560 796 1612 καὶ
825 1557 1050 1625 ηὔξατο
1078 1559 1187 1628 (15)
1226 1559 1374 1626 πρὸς
1400 1561 1505 1612 τὸν
1531 1559 1693 1612 Θεόν.
1720 1558 1889 1611 Πάλιν

317 1654 373 1708 δὲ
409 1654 504 1706 ἐπὶ
525 1653 622 1724 τῆς
646 1652 902 1722 πέμπτης
926 1652 1020 1704 καὶ
1046 1652 1208 1721 ἕκτης
1238 1651 1515 1721 μάστιγος,
1549 1649 1670 1703 οὔτε
1691 1648 1889 1722 Φαρὼα

1988 675 2109 730 qum
2154 669 2343 729 quarta
2389 655 2510 724 fuit,
2557 662 2675 713 ait:
2713 659 2908 728 Rogata
2949 678 3042 725 pro
3090 677 3186 714 me.
3226 661 3452 726 Quando
3501 671 3559 717 et

1985 752 2062 804 ait
2109 750 2318 821 Moyses
2353 768 2366 803 :
2404 749 2656 818 Egressus
2687 766 2717 802 a
2757 762 2804 802 ιε
2848 750 3008 802 orabo
3053 750 3318 821 (εὖξομαι)
3364 751 3550 805 Domi-

1984 859 2127 904 num,
2155 850 2202 894 et
2241 842 2438 893 recedet
2464 856 2642 891 musca
2686 857 2716 888 α
2765 837 3044 893 Pharaone
3081 852 3127 894 et
3163 859 3195 896 a
3238 844 3397 895 servis
3438 842 3554 912 ejus

1981 942 2029 985 et
2061 951 2090 984 α
2133 930 2323 998 populo
2366 930 2479 998 ejus
2517 946 2634 981 cras
2665 930 2728 981 “.
2762 929 2826 982 Et
2865 932 3025 998 paulo
3056 943 3174 999 post
3209 951 3222 986 :
3263 933 3553 1003 Egressus-

1981 1039 2078 1090 que
2123 1020 2335 1090 Moyses
2387 1037 2416 1073 a
2461 1017 2744 1072 Pharaone
2795 1021 2961 1074 oravit
3009 1021 3178 1075 Deum
3233 1025 3298 1077 ".
3355 1024 3560 1078 llnrsus

1981 1129 2106 1168 cum
2146 1113 2212 1166 ad
2238 1113 2480 1181 quintam
2535 1120 2588 1164 et
2620 1119 2832 1165 sextam
2880 1111 3088 1179 plagam
3139 1129 3312 1182 neque
3344 1115 3556 1170 Pharao

1982 1202 2340 1274 postulaverit
2386 1201 2685 1256 orationem
2724 1199 2860 1263 ﬁeri,
2895 1215 3070 1270 neque
3119 1203 3328 1274 Moyses
3369 1221 3561 1261 orave-

1985 1294 2069 1351 rit.
2129 1293 2194 1346 ad
2238 1289 2520 1360 septimam
2574 1293 2712 1345 misit
2752 1290 2966 1344 Pharao
3005 1301 3054 1344 et
3086 1305 3284 1347 vocavit
3325 1295 3556 1366 Moysem

1982 1394 2028 1436 et
2079 1383 2258 1436 Aaron
2298 1384 2472 1436 dicens
2515 1385 2584 1434 ad
2632 1399 2715 1435 eos
2744 1396 2762 1434 .'
2795 1381 3012 1435 Peccavi
3045 1385 3199 1436 etiam
3242 1403 3400 1451 nunc,
3449 1389 3555 1441 Do-

1983 1475 2155 1526 minus
2170 1473 2388 1542 justus;
2421 1489 2512 1542 ego
2541 1482 2589 1525 et
2610 1473 2830 1540 populus
2893 1489 3036 1524 meus
3063 1475 3226 1541 impii.
3262 1475 3426 1530 Orate
3456 1481 3557 1546 igi-

1981 1576 2067 1617 tur
2111 1563 2435 1626 Dominum;
2482 1574 2526 1615 et
2572 1564 2813 1616 desinant
2859 1563 2976 1629 fieri
3008 1565 3239 1617 tonitrua
3273 1577 3320 1617 et
3353 1571 3553 1635 grando

1981 1665 2028 1706 et
2071 1654 2208 1722 ignis
2253 1654 2318 1704 ³³.
2357 1654 2423 1708 Et
2470 1664 2587 1720 post
2634 1668 2802 1721 pauca
2835 1673 2846 1707 :
2887 1653 3240 1722 Egressusque
3278 1656 3484 1726 Moyses
3522 1679 3551 1712 a

307 1747 637 1815 ἀξιώσαντος
659 1747 818 1817 εὐχὴν
829 1745 1098 1814 γενέσθαι,
1122 1745 1243 1799 οὔτε
1259 1745 1534 1809 Μωῦσέως
1559 1745 1875 1814 εὐξαμένου,

1983 1743 2255 1798 Pharaone
2271 1760 2334 1796 ea:
2363 1744 2507 1805 urbe,
2536 1743 2694 1811 202
2724 1747 2936 1796 tetendit
2969 1761 3154 1798 manus
3179 1748 3247 1798 ad
3272 1746 3550 1801 Dominum

308 1841 403 1892 ἐπὶ
462 1839 561 1908 τῆς
611 1839 845 1909 ἑϐδόμης
896 1839 1262 1902 ἀποστείλας
1323 1836 1563 1905 Φαραὼ,
1617 1837 1873 1892 ἐκάλεσε

308 1927 577 1996 Μωῦσῆν
611 1929 708 1981 καὶ
757 1927 988 1996 Ἀαρὼν,
1026 1926 1124 1979 καὶ
1169 1924 1337 1980 εἶπεν
1373 1927 1608 1992 αὐτοῖς’
1672 1927 1882 1996 Ἠμάρ-

311 2037 461 2087 tanta
503 2019 570 2072 τὸ
617 2019 760 2073 νῦν’
813 2022 845 2071 ὁ
893 2019 1106 2086 Κύριος
1136 2018 1382 2084 δίκαιος,
1599 2017 1666 2071 δὲ
1707 2020 1804 2071 καὶ
1846 2022 1878 2072 ὁ

307 2111 458 2175 λαός
475 2128 594 2179 μου
619 2108 873 2174 ἀσεϐεῖς.
902 2109 1177 2172 Εὕξασθε
1209 2104 1322 2162 οὖν
1346 2107 1494 2175 πρὸς
1521 2111 1757 2176 Κύριον,
1780 2111 1875 2162 καὶ

307 2198 644 2252 παυσάσθω
685 2198 790 2251 τοῦ
835 2196 1158 2265 γενηθῆναι
1202 2197 1403 2266 φωνὰς
1438 2198 1584 2251 Θεοῦ
1627 2199 1726 2252 καὶ
1775 2198 1879 2266 χά-

305 2290 494 2350 λαζτςιν
537 2288 636 2342 καὶ
677 2289 815 2356 πῦρ.
860 2289 968 2340 Καὶ
1022 2289 1137 2358 μετ’
1180 2287 1366 2354 ὀλίγα·
1425 2287 1678 2355 Ἐξῆλθε
1712 2291 1876 2340 Mani)-

307 2381 429 2449 σῆς
480 2381 598 2435 ἀπὸ
636 2379 844 2448 Φαραὼ
881 2379 1055 2445 ἐκτὸς
1098 2378 1210 2448 τῆς
1249 2379 1498 2445 πόλεως,
1530 2379 1629 2435 καὶ
1675 2378 1880 2438 ἐξεπέ-

304 2486 455 2527 τασε
500 2473 607 2535 τὰς
663 2470 873 2539 χεῖρας
928 2469 1076 2538 πρὸς
1124 2471 1375 2537 Κύριον,
1428 2469 1528 2522 καὶ
1573 2473 1632 2522 al
1691 2471 1879 2537 φωναὶ

302 2560 673 2615 ἐπαύσαντο.
702 2559 799 2611 Διὰ
825 2559 876 2611 τί
907 2559 962 2611 δὲ
991 2560 1092 2611 οὐκ
1128 2559 1360 2628 εἴρηται,
1394 2560 1492 2612 καὶ
1509 2560 1756 2627 ηὔξατο,
1804 2561 1879 2623 ὼς

305 2652 405 2704 ἐπὶ
453 2649 562 2703 τῶν
623 2649 939 2720 προτέρων,
995 2649 1109 2702 ἀλλ’
1151 2647 1475 2713 ἐξεπέτασε
1523 2649 1628 2714 τὰς
1676 2649 1881 2719 χεῖρας

307 2740 464 2809 πρὸς
503 2742 753 2809 Κύριον,
795 2739 1176 2812 εὐκαιρότερον
1220 2741 1276 2792 ὲν
1325 2739 1503 2802 ἄλλοις
1547 2738 1876 2803 ἐξεταστέον.

308 2832 421 2884 Καὶ
470 2833 560 2883 ἐπὶ
607 2833 703 2900 τῆς
739 2831 931 2902 ὀγδόης
967 2832 1023 2884 δε
1049 2819 1322 2901 ’μάστιγος
1372 2830 1534 2899 φησὶν
1570 2835 1599 2885 ὁ
1645 2831 1876 2903 Φαραώο

303 2923 419 2976 Καὶ
438 2922 852 2992 προσεύξασθε
874 2923 1020 2990 πρὸς
1047 2924 1266 2991 Κύριον
1284 2925 1390 2979 τὸν
1412 2925 1559 2978 Θεὸν
1580 2924 1763 2994 ὑμῶν,
1782 2925 1880 2978 καὶ

304 3012 618 3081 περιελέτω
647 3013 746 3067 ἀπ’
775 3014 920 3083 ἐμοῦ
949 3014 1057 3067 τὸν
1080 3016 1338 3094 θάνατον
1362 3016 1596 3070 τοῦτον.
1627 3015 1879 3083 Ἐξῆλθε

301 3101 374 3157 δὲ
393 3101 647 3181 Μωϋσῆς
673 3103 789 3158 ἀπὸ
808 3104 1035 3172 Φαραὼ,
1055 3105 1154 3158 καὶ
1169 3105 1393 3172 ηὔξατο
1409 3108 1556 3174 πρὸς
1583 3107 1690 3161 τὸν
1707 3109 1872 3160 Θεόν.

304 3195 582 3264 Πολλαχοῦ
618 3196 674 3248 δὲ
725 3197 949 3267 εἴπομεν
983 3196 1093 3268 (16)
1123 3196 1182 3249 τὸ
1228 3197 1398 3268 ὄνομα
1447 3198 1543 3268 τῆς
1589 3198 1752 3268 εὐχῆς
1801 3199 1874 3268 μὴ

302 3284 448 3338 κατὰ
481 3284 540 3337 τὸ
582 3284 808 3354 σύνηθες
839 3284 1113 3354 τετάχθαι,
1147 3284 1334 3356 ὥσπερ
1367 3286 1459 3338 ἐπὶ
1507 3286 1598 3339 τοῦ
1662 3283 1871 3338 Ἰακώϐ.

313 3373 478 3426 Ἀλλὰ
531 3373 624 3426 καὶ
658 3375 713 3425 ὲν
761 3374 1075 3438 Λευιτικιῖν
1136 3374 1433 3442 Ἐλάλησε
1475 3377 1688 3443 Κύριος
1729 3376 1876 3444 πρὸς

301 3463 569 3532 Μωῦσῆν
605 3465 829 3533 λέγων·
889 3464 1176 3532 Λιὶλησον
1224 3465 1346 3531 τοῖς
1384 3465 1535 3530 υἱοῖς
1596 3465 1872 3533 Ἰσραὴλ,

300 3553 400 3606 καὶ
443 3553 596 3621 ἐρεῖς
643 3553 790 3620 πρὸς
841 3554 1088 3619 αὐτούς’
1125 3557 1228 3618 Ὃς
1261 3554 1503 3620 εὔξηται
1536 3553 1646 3625 (17)
1683 3555 1875 3623 εὐχὴν

298 3643 458 3698 ὥστε
494 3644 675 3713 τιμὴν
720 3644 828 3711 τῆς
867 3645 1074 3714 ψυχῆς
1111 3645 1294 3699 αὑτοῦ
1337 3645 1417 3710 τῷ
1455 3647 1666 3712 Κιιοίῳ,
1704 3645 1873 3698 ἔσται

301 3739 338 3805 7i
389 3734 528 3804 τιμὴ
558 3737 664 3789 τοῦ
712 3736 958 3803 ἄρρενος
1005 3734 1123 3789 ἀπὸ
1165 3735 1545 3802 εὶκοσαετοῦς
1588 3735 1698 3801 ἕως
1738 3735 1874 3803 ἐξη-

301 3826 679 3893 κονταετοῦς,
714 3828 882 3881 ἔσται
914 3826 1100 3882 αὐτοῦ
1141 3829 1179 3896 ἡ
1205 3829 1340 3897 τιμὴ
1371 3828 1747 3895 πεντήκοντα
1790 3827 1874 3880 δί-

299 3915 538 3985 δραχμα
566 3917 851 3985 ἀργυρίου
886 3917 965 3982 τῷ
999 3919 1262 3988 σταθμίῳ
1290 3918 1400 3989 (18)
1444 3918 1523 3984 τῷ
1555 3920 1716 3989 ἁγίῳ.
1763 3919 1874 3971 Καὶ

300 4006 359 4057 ἐν
400 4007 710 4075 Ἀριθμοῖςο
736 4007 846 4060 Καὶ
867 4007 1131 4076 ἐλάλησε
1155 4007 1373 4076 Κύριος
1398 4009 1545 4077 πρὸς
1583 4009 1869 4078 Μωϋσῆν,

299 4095 498 4166 λέγων
525 4114 540 4128 ο
573 4095 857 4165 Λάλησον
897 4098 1019 4164 τοῖς
1054 4099 1204 4164 υἱοῖς
1262 4100 1527 4168 Ἰσραὴλ,
1575 4101 1672 4154 καὶ
1721 4102 1875 4168 ἐρεῖς

301 4187 455 4256 πρὸς
476 4189 726 4253 αὐτούς·
776 4188 944 4255 Ἀνὴρ
966 4188 1004 4256 ἢ
1025 4188 1178 4257 γυνὴ
1213 4188 1281 4255 ὃς
1319 4189 1428 4242 ἐὰν
1459 4189 1567 4258 (19)
1595 4189 1871 4260 μεγάλως
1915 4189 1917 4191 ’

300 4279 546 4346 εὔξηται
591 4280 781 4349 εὐχὴν
840 4281 1286 4351 ἀφαγνίσασθαι
1345 4281 1589 4349 ἁγνείαν
1628 4282 1869 4348 Κυρίῳ,

1905 3065 1946 3121 C

1981 1847 2027 1890 et
2065 1844 2387 1889 cessaverunt
2434 1835 2670 1887 tonitrua
2713 1832 2776 1884 ’⁵.
2813 1833 2990 1898 Quare
3040 1847 3218 1889 autem
3261 1852 3364 1890 non
3405 1838 3556 1892 dica-

1983 1938 2068 1980 tur
2105 1926 2294 1988 oravit,
2339 1933 2395 1976 ut
2445 1925 2498 1976 in
2534 1925 2928 1992 superioribus,
2965 1927 3058 1980 sed
3105 1929 3324 1982 tetendit
3366 1947 3552 1984 manus

1980 2018 2048 2068 ad
2097 2015 2413 2090 Dominum,
2468 2017 2806 2082 expendetur
2860 2015 2988 2069 alibi
3043 2022 3420 2088 opportunius.
3473 2026 3550 2077 Ad

1991 2117 2237 2161 octavam
2280 2106 2492 2175 plagam
2526 2106 2601 2158 ait
2645 2103 2897 2159 Pharao:
2937 2105 3006 2159 Et
3048 2121 3228 2178 rogate
3270 2111 3552 2167 Dominum

1982 2195 2146 2249 Deum
2193 2207 2452 2258 vestrum,
2504 2206 2557 2246 ut
2614 2194 2825 2260 auferat
2878 2213 2908 2249 a
2972 2215 3050 2251 me
3104 2211 3320 2253 mortem
3372 2202 3547 2257 istaut.

1980 2285 2334 2353 Egressusque
2367 2284 2575 2353 Moyses
2623 2286 2686 2337 de
2719 2297 2998 2355 conspectu
3043 2287 3340 2344 Pharaonis
3387 2295 3551 2346 oravit

1985 2374 2263 2428 Dominum
2297 2379 2362 2428 ³⁵.
2405 2376 2649 2430 Diximus
2691 2391 2887 2430 nomen
2922 2378 3086 2450 εὐχῆς
3120 2394 3259 2448 szepe
3293 2397 3395 2433 non
3429 2383 3550 2434 vul-

1981 2465 2092 2531 gari
2123 2480 2282 2518 sensu
2313 2466 2506 2534 accipi,
2557 2474 2614 2519 ut
2647 2468 2712 2520 de
2751 2466 2919 2522 Jacob
2949 2469 3204 2521 vidimus.
3255 2469 3358 2524 Sed
3393 2478 3444 2525 et
3489 2473 3542 2524 in

1978 2553 2222 2611 LeVitico
2254 2573 2266 2609 :
2301 2553 2533 2608 Locutus
2562 2567 2636 2609 est
2661 2557 2928 2612 Dominus
2956 2561 3025 2611 ad
3066 2559 3297 2628 Moysent
3329 2562 3506 2616 dicens
3533 2580 3551 2617 :

1937 2710 1941 2716 ,
1980 2650 2212 2719 Loquere
2266 2648 2393 2716 ﬁliis
2437 2646 2610 2701 Israel
2640 2658 2688 2702 et
2715 2651 2852 2704 dices
2885 2653 2954 2704 ad
2981 2667 3107 2706 eos:
3137 2651 3239 2716 Qui
3265 2663 3436 2707 votum
3469 2655 3549 2722 fe-

1980 2745 2106 2797 cerit
2135 2753 2181 2796 et
2214 2743 2544 2810 spoponderit
2578 2741 2806 2796 Domino
2841 2745 3076 2798 animum
3105 2762 3276 2812 suam,
3308 2747 3355 2801 si
3392 2747 3552 2815 fuerit

1980 2833 2243 2887 masculus
2291 2851 2322 2885 a
2373 2833 2612 2887 vicesimo
2661 2849 2802 2888 anno
2848 2851 3008 2904 usque
3062 2837 3128 2888 ad
3171 2840 3550 2906 sexagesimum

1980 2940 2210 2987 annum,
2255 2925 2399 2977 dabit
2443 2926 2821 2995 quinquaginta
2856 2926 3012 2980 siclos
3053 2931 3259 2996 argenti
3299 2931 3369 2982 ad
3408 2947 3551 2984 men—

1979 3029 2156 3067 suram
2181 3015 2469 3067 sanctuarii
2503 3015 2568 3068 ".
2609 3015 2676 3068 Et
2701 3017 2752 3069 in
2782 3015 3031 3071 Numeris
3060 3035 3074 3070 :
3103 3017 3435 3089 Locutusque
3469 3033 3548 3075 est

1982 3103 2238 3158 Dominus
2293 3104 2364 3157 ad
2418 3104 2689 3174 Mog/sem,
2744 3107 2920 3160 dicens
2961 3121 2980 3158 :
3019 3107 3246 3177 Loquere
3287 3111 3356 3162 ad
3410 3109 3547 3179 ﬁlio:

1983 3193 2177 3260 Israel,
2207 3205 2254 3248 et
2279 3195 2418 3248 dices
2459 3197 2528 3248 ad
2555 3212 2641 3250 eos
2666 3209 2685 3248 :
2715 3195 2809 3250 Vir
2845 3199 2948 3251 sive
2975 3198 3162 3252 mulier
3196 3217 3310 3253 cum
3335 3201 3548 3270 fecerint

1982 3292 2156 3336 votum
2195 3282 2401 3356 (εὐχήν)
2442 3293 2500 3337 ut
2524 3286 2940 3354 sanctiﬁcentur,
2973 3298 3020 3339 et
3057 3303 3112 3362 se
3143 3289 3398 3343 voluerint
3443 3291 3548 3344 Do-

1976 3376 2117 3428 mino
2144 3391 2470 3439 consecrare,
2497 3392 2529 3428 a
2566 3378 2683 3430 vino
2713 3387 2761 3431 et
2800 3379 2942 3432 omni
2971 3380 3113 3448 quod
3153 3381 3411 3436 inebriare
3451 3401 3549 3450 po-

1979 3474 2098 3529 test,
2127 3466 2459 3521 abstinebant
2488 3468 2558 3532 ",
2589 3477 2644 3521 et
2694 3467 2894 3535 reliqua
2929 3469 2996 3523 de
3035 3484 3100 3524 eo
3135 3472 3223 3538 qui
3261 3472 3546 3527 Nazaraeus

1977 3553 2276 3609 dicebatur.
2314 3557 2518 3611 Deinde
2557 3567 2677 3626 post
2721 3574 2936 3626 pauca:
2975 3557 3042 3611 Et
3083 3562 3430 3628 sancti/icabit
3457 3580 3547 3617 ca-

1977 3659 2066 3714 put
2091 3663 2242 3700 suum
2285 3648 2341 3700 in
2383 3649 2469 3700 die
2501 3648 2594 3702 illa
2630 3665 2734 3716 qua
2766 3649 3128 3718 sanctiﬁcatus
3173 3660 3248 3702 est
3293 3651 3540 3714 Domino,

1977 3738 2088 3790 dies
2115 3738 2223 3789 voti
2247 3737 2315 3790 ⁸⁸.
2349 3737 2546 3790 lterum
2583 3746 2702 3806 post
2737 3751 2902 3805 pauca
2937 3756 2948 3791 :
2981 3738 3047 3791 Et
3073 3740 3184 3792 haec
3211 3750 3284 3794 est
3311 3740 3396 3795 lea:
3427 3743 3541 3812 ejus

1975 3829 2062 3897 qui
2087 3828 2251 3880 vovit:
2275 3813 2583 3896 quacunque
2595 3827 2679 3880 die
2699 3827 2978 3902 impleverit
2992 3830 3098 3883 dies
3117 3832 3220 3884 voti
3234 3833 3339 3896 sui,
3361 3835 3538 3889 etcf“.

1979 3919 2044 3971 Et
2072 3917 2230 3988 paulo
2262 3926 2379 3986 post
2413 3934 2426 3970 :
2461 3917 2528 3970 Et
2551 3927 2668 3986 post
2703 3919 2813 3972 haec
2839 3919 2994 3986 bibet,
3024 3924 3112 3990 qui
3151 3925 3307 3989 vovit,
3341 3926 3538 3979 vinum.

1977 4006 2110 4063 Hac
2131 4018 2204 4062 est
2232 4008 2318 4062 lea:
2341 4009 2456 4078 ejus
2482 4010 2567 4077 qui
2599 4011 2759 4075 vovit,
2798 4012 3091 4081 quicunque
3123 4017 3313 4068 voverit
3349 4033 3540 4070 munus

1976 4115 2128 4154 suum
2180 4100 2400 4153 Domino
2449 4116 2545 4168 pro
2593 4111 2746 4165 voto,
2791 4101 2986 4169 absque
3025 4103 3091 4155 iis
3131 4119 3248 4172 quae
3286 4105 3540 4160 invenerit

1978 4205 2167 4241 manus
2220 4189 2354 4258 ejus,
2411 4189 2701 4242 secundum
2762 4191 3047 4256 potentiam
3088 4193 3191 4243 voti
3246 4195 3358 4254 sui,
3400 4195 3541 4260 quod

1976 4281 2154 4347 utique
2177 4280 2373 4331 voverit
2402 4281 2563 4347 juxta
2596 4278 2756 4346 legem
2789 4279 3036 4343 puritatis
3080 4278 3145 4330 ³⁰.
3182 4279 3248 4332 Ει
3280 4281 3346 4334 ad
3378 4284 3536 4336 linem

301 4369 419 4424 ἀπὸ
457 4370 623 4423 οἴνου
658 4371 754 4423 καὶ
789 4372 998 4438 σίκερα
1027 4369 1486 4437 ἁτνισθήσεται·
1525 4370 1613 4422 καὶ
1650 4369 1717 4422 τὰ
1747 4369 1868 4440 ἑξῆς

1983 4366 2334 4420 Numerorum
2371 4383 2384 4417 :
2421 4366 2486 4418 Et
2515 4365 2718 4418 locutus
2761 4377 2833 4418 est
2887 4365 3092 4434 Moyses
3154 4369 3222 4418 ad
3275 4370 3540 4438 principes

303 4465 431 4537 περὶ
486 4463 579 4516 τοῦ
639 4463 965 4532 καλουμένου
1022 4462 1319 4531 Ναζιραίου
1378 4461 1509 4531 (9.0).
1570 4458 1698 4513 Εἶτα
1756 4463 1870 4530 μετ’

305 4555 459 4623 ὀλίγα
478 4570 491 4582 °
528 4555 635 4608 Kal
679 4553 895 4623 ἁγιάσῃ
938 4553 1053 4622 τὴν
1077 4553 1350 4623 κεφαλὴν
1367 4553 1552 4607 αὑτοῦ
1577 4554 1647 4606 ἐν
1671 4553 1871 4620 ἐκείνῃ

305 4644 379 4714 τῇ
417 4646 623 4714 ἡμέραν
664 4640 702 4717 ᾗ
727 4645 980 4714 ἡγιάσθη
1011 4647 1224 4712 Κυρίῳ,
1259 4645 1365 4709 τὰς
1392 4645 1613 4713 ἡμέρας
1639 4643 1746 4712 τῆς
1772 4646 1872 4698 εὐ-

308 4735 440 4804 χῆς.
488 4738 599 4790 Καὶ
647 4737 804 4791 πάλιν
853 4739 968 4808 μετ’
1000 4737 1188 4804 ὀλίγαο
1235 4733 1421 4801 Οὗτος
1469 4739 1499 4788 ό
1535 4737 1714 4804 νόμος
1763 4735 1870 4788 τοῦ

307 4826 664 4896 εὐξαμένου’
699 4823 737 4900 ᾖ
771 4826 846 4881 ἂν
872 4828 1062 4896 ἡμέρᾳ
1086 4825 1376 4894 πληρώσῃ
1417 4824 1636 4895 ἡμέρας
1683 4824 1870 4893 εὐχῆς

379 4965 421 4996 ¹⁹
446 4964 611 5019 Exod.
675 4980 790 5030 vm,
817 4963 868 5018 9.
948 4965 993 4996 ὀ
1021 4964 1179 5025 lhid.,
1214 4965 1278 5016 17
1371 4965 1413 4994 ’ί
1444 4964 1594 5025 Inid.,
1623 4964 1711 5015 9.8.
1743 4963 1835 5015 29.

393 5033 477 5085 17.
551 5033 596 5064 ’⁸
622 5033 748 5085 Lev.
781 5050 954 5085 xxvu.
983 5036 1032 5085 1.
1132 5035 1174 5064 ’⁷
1203 5035 1358 5085 Num.
1400 5049 1470 5085 γι.
1513 5035 1554 5084 1.
1670 5033 1714 5062 η
1740 5034 1868 5085 Ibid.

1983 4961 2141 5023 lbid.,
2177 4959 2268 5012 '50.
2341 4958 2390 4993 ⁸³
2417 4958 2584 5012 Exod.
2614 4973 2688 5023 Ix,
2715 4957 2804 5012 27.
2883 4960 2928 4991 “
2953 4960 3105 5026 Ibid.,
3132 4961 3220 5016 29.

2001 5073 2014 5084 .
2137 5029 2363 5085 "Ihid..
2397 5029 2480 5080 15.
2583 5028 2626 5057 ³⁰
2652 5026 2810 5085 lbid..
2847 5028 2936 5083 21.

311 5051 361 5098 x,
393 5033 477 5089 17.
551 5033 596 5064 ’⁸
622 5033 748 5090 Lev.
781 5050 954 5099 xxvu,
983 5036 1032 5086 1.
1132 5035 1174 5064 ’⁷
1203 5035 1358 5086 Num.
1400 5049 1470 5094 γι,
1513 5035 1554 5084 1.

1976 4456 2205 4511 tribuum
2254 4454 2483 4522 ﬁliorum
2531 4453 2720 4517 Israel,
2766 4454 2943 4508 dicens
2986 4471 3002 4506 :
3056 4455 3165 4508 Hoc
3206 4466 3284 4510 est
3327 4461 3538 4512 verbum

1974 4548 2112 4616 quod
2155 4546 2400 4613 praecepit
2459 4543 2711 4598 Dominus
2741 4566 2757 4600 :
2786 4544 2958 4612 homo,
3004 4547 3298 4618 quicunque
3348 4562 3536 4605 vovent

1977 4651 2149 4692 votum
2194 4637 2438 4701 Domino,
2473 4647 2564 4688 aut
2603 4637 2849 4701 iuraverit
2887 4638 3269 4708 juramentum,
3303 4651 3394 4694 aut
3443 4645 3537 4696 de-

1975 4729 2170 4797 ﬁnierit
2228 4726 2532 4794 deﬁnitione
2575 4727 2638 4778 de
2685 4726 2861 4780 anima
2911 4743 3042 4792 sua;
3090 4744 3193 4782 non
3236 4730 3536 4797 profanavit

1976 4821 2186 4874 verbum
2233 4833 2425 4882 suum;
2466 4819 2659 4880 omnia,
2711 4833 3031 4889 quascunque
3081 4821 3302 4874 exierint
3360 4823 3425 4876 de
3453 4839 3541 4876 ore

3295 4966 3339 4996 ’⁸
3369 4963 3543 5022 ΕΣΟιΙς

2137 5029 2363 5094 "Ibid,
2397 5029 2480 5080 ts.
2583 5028 2626 5057 ³ο
2652 5026 2810 5092 lbid.,
2847 5028 2936 5083 at.

378 5178 663 5259 (1.4):0‘t't'
686 5177 936 5259 ἐγῴηξῑο
974 5178 1134 5259 habet
1163 5177 1331 5231 codex
1366 5191 1504 5240 ms.;
1557 5175 1693 5229 male
1737 5191 1863 5229 vero

1983 5173 2094 5259 5013‘;
2112 5189 2126 5201 ·
2156 5173 2249 5254 Ὣς
2269 5170 2340 5256 κᾶν
2371 5169 2609 5259 εἰξξηται.
2628 5169 2817 5259 'EAdiItio
2844 5170 3164 5259 Oxor‘t‘iensirs
3191 5188 3300 5240 pra:
3328 5188 3385 5225 se
3419 5174 3542 5239 fert,

310 5248 474 5302 editio
496 5248 836 5309 Oxonicnsis.
867 5250 954 5300 ὅτε
985 5248 1115 5315 ἐγώ.

381 5318 488 5389 (15)
527 5318 786 5389 Ηῦξατο.
818 5319 908 5372 Sic
943 5313 1112 5372 codex
1155 5331 1289 5382 1:25.;
1324 5315 1460 5370 male
1498 5323 1675 5369 autem
1700 5313 1864 5368 editio

311 5386 644 5453 Oxnnicnsis,
677 5388 884 5452 εὖξατο.

404 5457 486 5530 16)
519 5452 798 5528 Εἴπομεν.
857 5455 1133 5511 Bentleius
1174 5456 1430 5525 corrigit,
1483 5452 1727 5523 εἴδομεν,
1784 5453 1865 5507 vel

251 5633 254 5637 .
313 5523 676 5668 εὗῗῗίῖἷνὶιρὸς
714 5596 966 5660 αὐτούς·
999 5594 1066 5668 eg
1091 5593 1353 5668 εὔξηται.
1381 5595 1481 5668 δῖα
1501 5593 1675 5668 habet
1694 5591 1859 5668 codex

317 5662 413 5719 ms.
440 5662 682 5723 Bentleii)
704 5678 883 5721 autem
925 5665 1270 5718 scribendum
1310 5666 1543 5730 videtur,
1589 5662 1720 5733 πρὸς
1765 5662 1860 5713 αι’·-

622 5761 898 5822 Pn'noc.
945 5758 1063 5819 GR.
1112 5756 1220 5816 XI.

1974 5241 2347 5313 npboubtohg,
2380 5238 2552 5313 λέγων
2571 5256 2583 5268 ·
2628 5238 2945 5313 ’ᾼνεᾷρωπος
2973 5241 3032 5303 ὃς
3059 5238 3299 5313 εὔξηται.

2046 5310 2155 5382 (18)
2192 5309 2480 5382 Σταθμίῳ.
2536 5309 2608 5382 Ita
2654 5309 2846 5382 legitur
2895 5311 2947 5362 in
2984 5309 3184 5382 codice
3213 5325 3354 5372 tns.;
3402 5310 3546 5364 male

1977 5378 2154 5434 autem
2190 5381 2239 5431 in
2276 5379 2511 5432 editione
2541 5379 2856 5441 Oxoniensi,
2888 5378 3131 5447 σταθμῷ.

2048 5447 2156 5519 (19)
2211 5447 2368 5503 Ἐάν.
2401 5448 2477 5502 lta
2504 5448 2676 5503 codex
2708 5462 2810 5501 ms.
2845 5441 3040 5502 Editio‘
3061 5441 3242 5499 autem
3270 5441 3545 5498 Oxonien-

1972 5523 2070 5580 sis,
2104 5519 2187 5573 ἄν.

2043 5576 2153 5652 (90)
2193 5586 2519 5655 Naé‘rpalov.
2561 5585 2640 5641 ιω
2665 5586 2834 5642 codex
2861 5601 2963 5641 ms.
2989 5583 3164 5637 Editio
3185 5593 3314 5633 vero
3338 5576 3547 5646 0mm,

3161 5739 3228 5798 th

1969 5657 2315 5728 Ναζωραίου.
