3974 6160
427 254 539 320 637
1870 260 1958 317 0R

2076 263 2191 319 ,NIS
3586 268 3691 324 ‘28

430 376 571 443 ejus,
605 374 781 443 faciet.
810 374 869 430 Si
903 385 1077 430 autem
1103 376 1288 429 voveri!
1321 374 1507 428 mulier
1536 385 1709 428 votum
1758 376 1961 433 Domim

2076 379 2309 444 acroi}.
2355 381 2465 434 Kal
2514 382 2675 437 πάλιν
2725 384 2844 453 μετ’
2878 382 3090 451 ὀλίγον·
3140 381 3251 441 Καὶ
3295 384 3446 453 μετὰ
3494 382 3687 440 ταῦτα

429 474 526 519 aut
551 465 811 534 deﬁnierit
837 465 1190 532 deﬁnitionem
1225 464 1279 517 in
1321 464 1476 518 domo
1508 468 1676 532 patris
1717 467 1801 520 sui
1837 469 1891 521 in
1917 469 1961 536 il

2103 474 2296 526 πίεται
2343 476 2376 526 ό
2431 474 2730 542 ηῠγμένος
2780 470 2968 529 οἶνον.
3027 469 3215 540 Οὗτος
3260 478 3296 530 ό
3345 475 3531 545 νόμος
3580 477 3690 532 τοῦ

431 565 641 611 venlute
674 572 794 622 sua,
848 566 915 610 et—
941 554 1168 608 audierit
1196 564 1359 623 pater.
1395 556 1510 624 ejus
1538 565 1656 610 vota
1684 558 1798 625 ejus
1834 568 1883 611 et
1913 559 1961 613 ἀι

2105 560 2453 630 «εὐξαμένου,
2485 562 2553 628 ὃς
2598 562 2708 617 ἐὰν
2749 563 2993 631 εὔξηται
3025 565 3221 633 Κυρίῳ
3261 563 3455 633 δῶρον
3498 565 3688 623 αὑτοῦ

352 712 368 733 ο
428 644 695 715 ﬁnitiones
721 645 853 714 ejus,
872 661 999 713 quas
1030 645 1263 714 deﬁnivit
1289 646 1538 700 adversus
1561 646 1794 700 animam
1816 664 1961 701 suam

2103 654 2235 719 περὶ
2258 651 2368 721 τῆς
2399 652 2607 726 εὐχῆς,
2642 655 2823 723 χωρίς
2844 649 2933 708 ὧν
2956 655 3035 710 ἂν
3059 655 3204 725 εὕρῃ
3233 658 3272 725 ὴ
3310 655 3456 730 χεὶρ¹
3475 638 3686 719 αὐτσῦ.

427 743 481 789 et
499 735 720 790 tacuerit
749 742 897 803 pater
931 734 1083 800 ejus;
1113 745 1160 788 et
1189 735 1400 789 stabunt
1428 737 1606 790 omnia
1630 746 1749 790 vota
1777 737 1931 803 eius;
1955 766 1961 792 l

2103 744 2251 798 κατὰ
2292 744 2553 815 δύναμιν
2592 746 2703 814 τῆς
2748 746 2938 816 εὐχῆς
2985 746 3194 812 αὐτοῦ,
3227 741 3305 819 ᾗς
3340 748 3418 803 ἂν
3436 748 3682 817 εὔξηται

428 841 608 880 omnes
660 823 993 892 deﬁnitiones
1014 864 1030 890 ,
1058 836 1187 894 quas
1220 825 1453 904 deﬁnivit
1483 826 1733 882 adversus
1773 829 1961 883 animm

2102 834 2254 889 κατὰ
2275 837 2465 905 νόμον
2492 838 2751 907 ἁγνείας.
2787 838 2900 892 Καὶ
2926 840 3062 909 πρὸς
3090 838 3168 910 τῷ
3194 838 3338 893 τέλει
3363 840 3472 896 τῶν
3512 841 3689 910 Ἀριθ-

422 932 596 984 suatn,
623 917 904 970 manebunt
935 919 982 969 ei
1003 915 1067 969 ³⁸.
1102 914 1171 970 Et
1198 928 1597 985 consequenter
1639 918 1898 972 nonnulla
1932 918 1961 971 d

2095 926 2229 997 μῶν
2250 942 2268 955 ”
2301 929 2413 982 Καὶ
2453 928 2722 997 ἐλάλησε
2753 929 3016 999 Μωῡσῆς
3047 931 3197 1000 πρὸς
3220 931 3363 998 τοὺς
3385 928 3685 1000 ἄρχοντας

422 1007 686 1076 ejusmodi
738 1006 943 1062 femina
992 1006 1075 1061 lex
1112 1006 1440 1077 praescribit.
1488 1008 1691 1065 Eadem
1732 1011 1961 1081 signiﬁca

2098 1015 2217 1070 τῶν
2273 1017 2486 1086 φυλῶν
2541 1018 2689 1074 υἱῶν
2754 1019 3030 1088 Ἰσραὴλ,
3092 1020 3317 1090 λέγων’
3375 1022 3558 1077 Τοῦτο
3616 1021 3684 1076 τὸ
3724 1054 3729 1058 ο

423 1099 572 1155 tione
625 1098 677 1152 in
729 1098 1038 1154 Proverbiis
1091 1094 1353 1166 sé‘i'iptum
1406 1106 1492 1153 est
1536 1122 1549 1155 ε
1594 1099 1835 1170 Laqueus
1890 1105 1961 1158 vir

2088 1105 2255 1176 ῥῆμα
2305 1108 2337 1162 ὃ
2398 1108 2698 1174 συνέταξε
2752 1111 2966 1179 Κύριος
2986 1128 2999 1141 ·
3049 1113 3388 1179 Ἀνθρωπος
3441 1112 3512 1179 ὃς
3574 1112 3684 1167 ἐὰν

418 1192 524 1257 cito
553 1190 679 1259 quid
716 1205 781 1245 ex
807 1191 1037 1259 propriis
1062 1191 1394 1259 sanctiﬁcare
1410 1209 1431 1257 ;
1456 1203 1634 1260 postea
1672 1194 1812 1249 enim
1839 1212 1961 1266 qua:

2097 1198 2344 1268 εὔξηται
2379 1200 2573 1269 εὐχὴν
2599 1201 2813 1269 Κυρίῳ,
2842 1201 2882 1269 ἢ
2911 1201 3107 1270 ὀμόσῃ
3144 1200 3325 1268 ὅρκον
3360 1202 3399 1270 ἢ
3457 1203 3682 1273 ὁρισμῷ

416 1282 632 1346 voverit,
668 1280 894 1334 evenerit
922 1281 1169 1347 paenitere
1194 1280 1262 1335 ³³.
1292 1281 1358 1335 Et
1389 1282 1442 1336 in
1473 1282 1803 1340 Ecclesiaste
1833 1302 1848 1341 :
1885 1286 1961 1340 Bo

2096 1291 2368 1358 ὀρίσηται
2397 1291 2508 1362 (21)
2535 1292 2667 1361 περὶ
2694 1290 2803 1360 τῆς
2826 1291 3039 1360 ψυχῆς
3063 1292 3270 1354 αὐτοῦ,
3307 1294 3380 1347 οὐ
3410 1294 3682 1361 ,ϐεϐηλώ-

416 1390 542 1427 num
568 1383 643 1427 est
678 1389 780 1427 non
820 1388 1020 1435 vovere,
1042 1387 1201 1441 quam
1253 1388 1432 1426 vovere
1464 1373 1624 1444 203
1661 1383 1711 1428 et
1742 1392 1844 1429 non
1875 1379 1961 1430 red

2096 1395 2191 1434 σει
2229 1381 2293 1435 τὸ
2318 1381 2485 1452 ῥῆμα
2510 1384 2697 1438 αὐτοῦ
2721 1400 2734 1413 ·
2766 1384 2963 1437 πάντα
2987 1384 3104 1439 ὅσα
3129 1383 3205 1438 ἂν
3226 1383 3443 1453 ἐξέλθῃ
3474 1385 3544 1438 ἐκ
3570 1385 3680 1440 τοῦ

413 1465 540 1519 dere
565 1463 634 1518 ⁸³.
675 1463 743 1517 Ει
778 1463 831 1517 in
865 1463 1090 1517 Actibus
1118 1463 1488 1531 apostolorum
1516 1482 1531 1520 :
1563 1464 1697 1519 Sunt
1728 1468 1872 1523 nobis
1898 1471 1961 1523 vit

2100 1474 2393 1542 στόματος
2434 1474 2620 1528 αὐτοῦ
2661 1474 2920 1541 ποιήσει.
2967 1475 3100 1530 Ἐὰν
3142 1474 3211 1528 δὲ
3251 1473 3405 1544 »γυνὴ
3432 1475 3678 1543 εὔξηται

413 1565 641 1625 quatuor
666 1567 839 1608 votum
875 1553 1126 1607 Ital-entes
1165 1569 1323 1620 super
1352 1570 1406 1608 se
1436 1554 1503 1607 “.

2098 1562 2292 1634 εὐχὴν
2322 1566 2535 1634 Κυρίῳ,
2569 1566 2610 1634 ἣ
2662 1567 2937 1634 ὁρίσηται
2983 1567 3235 1635 ὁρισμὸν
3279 1566 3350 1620 ἐν
3398 1565 3474 1636 τῇ
3521 1569 3680 1635 οικίᾳ

411 1651 521 1706 τοῦ
588 1650 813 1719 πατρὸς
866 1646 1053 1716 αὐτῆς
1080 1649 1179 1702 ’ἐν
1246 1647 1320 1717 τῇ
1386 1649 1617 1718 νεότητι
1663 1651 1887 1720 αὐτῆς,
1941 1655 2038 1710 καὶ
2097 1659 2331 1728 ἀκούσῃ
2383 1664 2417 1714 ό
2471 1661 2668 1729 πατὴρ
2705 1659 2896 1729 αὐτῆς
2946 1660 3052 1727 τὰς
3097 1660 3284 1730 εὐχὰς
3331 1660 3540 1731 αὐτῆς,
3579 1661 3673 1715 καὶ

412 1742 555 1808 τοὺς
606 1742 894 1813 ὁρισμοὺς
960 1739 1174 1809 αὐτῆς,
1214 1741 1323 1808 οὓς
1368 1744 1624 1811 ἀιοίσατο
1674 1747 1823 1801 κατὰ
1879 1747 1984 1816 τῆς
2039 1751 2245 1822 ⁸ψυχῆς
2294 1754 2505 1824 αὐτῆς,
2553 1756 2649 1809 καί
2687 1755 3125 1825 παρασιωπήσῃ
3155 1760 3188 1811 ό
3219 1756 3416 1824 πατὴρ
3461 1759 3671 1826 αὐτῆς,

411 1836 744 1933 στήσρνται
792 1835 1005 1933 ccci-0a:
1034 1836 1093 1933 αἱ
1126 1833 1307 1933 εύχαὶ
1347 1832 1534 1933 αὐτῆς
1557 1853 1569 1866 ·
1646 1838 1746 1933 οιαὶ
1795 1839 2017 1907 πάντες
2055 1845 2108 1897 ol
2146 1846 2400 1914 ὀρισμοὶ,
2446 1847 2554 1913 οὓς
2592 1848 2852 1915 ὡρίσατο
2890 1847 3038 1901 κατὰ
3078 1845 3185 1915 τῆς
3219 1848 3428 1918 ψυχῆς
3453 1850 3671 1933 αὐτῆς,

409 1928 703 1999 μενοῦσιν
738 1926 912 1995 αὐτῇ.
962 1927 1074 1981 Καὶ⁸
1120 1925 1247 1997 ἑξῆς
1293 1926 1503 1990 τούτοις
1552 1930 1673 1983 τινὰ
1725 1934 1851 2003 περὶ
1890 1933 1988 2005 τῆς
2056 1935 2310 2008 τοιαύτης
2364 1937 2661 2009 νομοθετεῖ.
2696 1938 2853 1992 Κατὰ
2896 1938 3053 1993 τοῦτο
3091 1939 3152 1992 τὸ
3189 1940 3582 2011 σημαινόμενον
3611 1925 3671 1994 ὲν

410 2027 531 2086 ταῖς
560 2021 908 2092 Παροιμίαις
929 2020 1240 2092 γέγραπται
1262 2021 1486 2092 (22).....
1533 2021 1762 2098 [Παγὶς]
1798 2028 1971 2096 ἀνδρὶ
2002 2033 2157 2101 ταχύ
2184 2050 2238 2087 τι
2257 2033 2376 2087 τῶν
2398 2035 2563 2089 ἰδίων
2619 2033 2893 2105 ἁγιάσαι·
2938 2034 3089 2104 μετὰ
3120 2034 3228 2104 γὰρ
3254 2034 3321 2087 τὸ
3379 2035 3670 2100 εὔξασθαι

406 2116 720 2185 μετανοεῖν
775 2115 1018 2185 γίνεται.
1083 2114 1194 2194 Καὶτ
1260 2115 1318 2167 ὲν
1363 2114 1440 2186 τῷ
1493 2116 1948 2191 Ἐκκλησιαστῇ
1976 2140 1991 2154 ο
2046 2124 2293 2195 Ἀγαθὸν
2323 2126 2388 2179 τὸ
2425 2126 2512 2196 μὴ
2556 2126 2845 2192 εὔξασθαι
2891 2126 2929 2195 ἣ
2986 2126 3053 2180 τὸ
3109 2126 3399 2191 εὔξασθαι
3444 2127 3543 2181 καὶ
3580 2129 3666 2198 μὴ

408 2212 758 2289 ἀποδοῦναι.
793 2210 904 2264 Καὶ
940 2209 998 2262 ἐν
1039 2211 1158 2271 ταῖς
1201 2208 1462 2277 Πράξεσι
1489 2210 1596 2264 τῶν
1629 2213 1942 2270 ἀποστόλων
1961 2234 1976 2248 ·
2008 2219 2206 2275 ιΕίσὶν
2243 2220 2459 2289 ἄνδρες
2508 2222 2645 2289 παρ’
2695 2220 2839 2292 ἡμῖν
2870 2220 3166 2289 τέσσαρες
3202 2219 3397 2289 εὐχὴν
3424 2222 3669 2291 ἔχοντες

406 2308 498 2376 ἐφ’
524 2306 753 2361 ἑαυτῶν
780 2304 917 2377 (25).

474 2398 531 2452 4.
563 2398 813 2474 Alienum
861 2397 1027 2467 igitur
1066 2412 1098 2452 a
1134 2398 1344 2451 ratione
1373 2397 1505 2453 mihi
1538 2399 1715 2453 visum
1744 2413 1850 2467 non
1889 2408 1961 2455 εει

2148 2405 2263 2459 Οὐκ
2295 2405 2485 2475 ἄλογον
2508 2405 2571 2476 δή
2600 2423 2688 2477 μοι
2719 2406 2888 2476 ἐφάνη
2921 2405 2981 2458 τὸ
3010 2405 3149 2460 κατὰ
3185 2405 3284 2470 τὰς
3308 2406 3529 2477 Γραφὰς
3568 2422 3666 2477 ση-

404 2492 641 2562 primum
663 2506 694 2546 e
719 2491 929 2546 duobus
959 2505 1083 2561 qua:
1113 2491 1278 2561 εὐχῆς
1310 2491 1981 2569 ηοωὶηθξείεηίίὶοεηιᾳῐθ
2083 2496 2406 2567 μαινόμενον
2437 2497 2651 2569 πρῶτον
2679 2496 3086 2552 διαστείλασθαι
3121 2497 3219 2569 τῆς
3254 2498 3417 2569 εὐχῆς
3443 2499 3537 2552 δύο
3569 2517 3664 2572 ση-

406 2583 706 2653 Scripturis
732 2584 1086 2655 distinguere.
1119 2584 1265 2638 ldetn
1288 2595 1344 2639 et
1375 2585 1442 2640 de
1473 2588 1749 2657 προσευχῇ
1774 2586 1961 2643 facien-

2082 2584 2399 2656 μαινούσης.
2440 2585 2673 2656 Ὁμοίως
2705 2587 2761 2641 δὲ
2789 2587 2882 2640 καὶ
2918 2588 3015 2659 τῆς
3042 2590 3381 2661 προσευχῆς·
3419 2591 3512 2644 καὶ
3554 2592 3664 2662 γὰρ

403 2680 551 2733 dum.
574 2676 706 2731 Nam
729 2686 784 2732 et
818 2678 923 2731 hoc
946 2680 1143 2731 nomen
1172 2686 1367 2746 praeter
1394 2691 1739 2733 communem
1766 2685 1822 2733 et
1850 2694 1979 2734 con-

401 2782 612 2826 suetam
666 2769 1038 2839 acceptionem
1097 2785 1203 2839 qua
1262 2784 1407 2839 saepe
1458 2772 1714 2836 sumitur,
1755 2772 1978 2842 ponitur

403 2864 570 2917 etiam
628 2876 694 2916 eo
738 2875 897 2917 sensu
923 2875 1034 2930 quo
1062 2862 1203 2918 solet
1232 2861 1366 2932 εὐχή
1400 2862 1649 2931 usurpari
1683 2862 1735 2914 in
1762 2861 1830 2916 iis
1854 2878 1978 2931 quae

402 2954 470 3007 de
500 2952 655 3005 Anna
686 2952 938 3006 dicuntur
969 2954 1024 3006 in
1055 2953 1233 3020 primo
1264 2951 1469 3022 Regum
1502 2969 1515 3006 :
1546 2950 1615 3005 Et
1645 2950 1772 3006 Heli
1801 2970 1978 3008 sacer-

400 3044 523 3097 dote
556 3043 762 3096 sedente
788 3058 945 3112 super
972 3042 1154 3096 sellam
1183 3052 1305 3095 ante
1329 3052 1500 3112 postes
1527 3042 1706 3110 templi
1742 3042 1973 3107 Domini,

401 3147 520 3184 cum
559 3141 686 3185 esset
726 3129 881 3184 Anna
931 3147 1113 3184 amaro
1145 3131 1348 3196 animo,
1380 3132 1544 3186 oravit
1576 3131 1967 3203 (προσηύξατο)

400 3225 471 3278 ad
500 3223 779 3277 Dominum
810 3224 940 3292 ﬂens
969 3222 1208 3292 largiter,
1239 3230 1287 3275 et
1337 3233 1518 3276 votum
1567 3224 1697 3277 vovit
1750 3222 1974 3295 (ηὔξατο

401 3315 589 3386 εὐχήν)
644 3314 822 3368 dicens
858 3328 878 3368 :
918 3312 1143 3367 Domine
1192 3314 1541 3380 exercituum,
1591 3314 1638 3367 si
1692 3316 1972 3383 respiciens

399 3408 591 3461 videris
644 3406 973 3476 omit-tionem
1018 3405 1236 3474 famula:
1280 3417 1407 3470 tuw,
1446 3418 1494 3459 et
1528 3407 1833 3461 recordatus
1871 3406 1972 3460 mei

399 3499 589 3566 fueris,
625 3514 716 3552 nec
749 3498 939 3553 oblitus
963 3497 1171 3553 ancilla
1201 3508 1325 3561 tute,
1353 3498 1662 3566 dederisque
1683 3513 1842 3553 servre
1865 3507 1970 3552 tua:

398 3608 579 3645 sexum
618 3590 858 3657 virilem;
902 3591 1041 3644 dabo
1074 3607 1190 3644 eum
1230 3590 1459 3645 Domino
1502 3590 1743 3645 omnibus
1786 3589 1968 3644 diebus

396 3681 517 3734 vita:
556 3680 692 3743 eius,
745 3689 794 3732 et
851 3678 1108 3733 novacula
1159 3696 1262 3733 non
1313 3679 1554 3733 ascendet
1613 3694 1770 3747 super
1811 3687 1969 3748 caput

397 3773 512 3841 ejus
535 3772 598 3823 ³⁵.
629 3772 819 3827 Posset
872 3781 1054 3825 tamen
1107 3771 1304 3840 aliquis
1352 3785 1459 3824 non
1495 3770 1842 3840 improbabili
1882 3784 1970 3824 ra-

399 3864 548 3918 tione
580 3863 849 3918 insistens
898 3863 985 3918 liis
1015 3864 1200 3918 verbis
1234 3882 1250 3918 :
1281 3860 1468 3917 Oravit
1500 3863 1570 3916 ad
1610 3862 1890 3916 Dominum
1920 3874 1968 3916 et

2078 2674 2234 2729 τοῦτο
2257 2673 2318 2727 τὸ
2356 2674 2527 2745 ὄνομα
2560 2675 2696 2748 πρὸς
2725 2674 2802 2746 τῷ
2836 2675 2998 2747 κοινῷ
3030 2677 3124 2730 καὶ
3149 2678 3367 2749 συνήθει
3395 2679 3661 2751 πολλαχοῦ

2077 2765 2316 2837 κειμένῳ
2371 2766 2631 2821 τέτακται
2659 2768 2753 2820 καὶ
2778 2769 2871 2821 ἐπὶ
2901 2768 2998 2839 τῆς
3027 2770 3169 2823 κατὰ
3197 2769 3256 2822 τὸ
3278 2768 3507 2840 σύνηθες
3527 2773 3661 2843 ἡμῖν

2079 2856 2475 2928 σημαινόμενον
2506 2858 2604 2929 τῆς
2641 2858 2806 2929 εὐχῆς
2838 2856 2895 2912 ἔν
2937 2876 2998 2912 τε
3032 2860 3161 2930 περὶ
3192 2859 3292 2928 τῆς
3313 2860 3423 2931 (ΕΜ)
3456 2862 3657 2933 Ἀννης

2076 2944 2386 3015 λεγομένοις
2457 2949 2515 3000 ὲν
2565 2949 2631 3017 τῇ
2696 2946 2887 3020 πρώτῃ
2944 2947 3053 3001 τῶν
3129 2949 3425 3005 Βασιλειῶν
3449 2968 3464 2983 ο
3541 2951 3654 3006 Kal

2090 3038 2249 3091 Ἠλεὶ
2280 3041 2314 3092 ὁ
2344 3039 2535 3105 ἱερεὺς
2584 3037 2835 3106 ἐκάθητο
2883 3038 2983 3092 ἐπὶ
3025 3040 3240 3107 θρόνου
3294 3041 3393 3094 ἐπὶ
3462 3040 3658 3112 φλιῶν

2073 3128 2222 3181 ναοῦ
2248 3129 2489 3195 Κυρίου,
2544 3128 2644 3181 καὶ
2674 3127 2827 3197 αὑτὴ
2860 3127 3035 3198 ψυχῇ
3063 3128 3245 3197 πικρᾷ
3264 3146 3278 3160 ·
3323 3131 3422 3185 καὶ
3461 3148 3656 3200 προσ-

2072 3216 2299 3283 ηύξατο
2352 3215 2503 3284 πρός
2545 3217 2765 3285 Κύριον
2785 3232 2798 3246 ’
2852 3218 2950 3271 καὶ
3022 3219 3306 3289 κλαυθμῷ
3362 3221 3652 3287 ἕκλαυσε,

2073 3307 2171 3361 καὶ
2198 3307 2424 3376 ηὔξατο
2452 3308 2644 3378 εὐχὴν
2661 3308 2759 3362 καὶ
2789 3308 2920 3362 εἷπε
2935 3326 2948 3339 ο
2971 3310 3149 3378 Κύριε
3172 3310 3290 3364 τῶν
3313 3311 3647 3383 δυνάμεων,

2071 3399 2471 3470 ἐὰνέςοοράσει
2494 3400 2710 3471 ἐπίδῃς
2738 3401 2836 3454 ἐπὶ
2869 3401 2984 3470 τὴν
3015 3404 3375 3458 ταπείνωσιν
3393 3406 3504 3475 τῆς
3514 3405 3653 3461 δούς

2069 3492 2186 3557 λης
2218 3505 2358 3554 σου,
2389 3490 2487 3545 καὶ
2511 3491 2793 3562 μνησθῇς
2825 3510 2967 3563 μου,
3001 3495 3101 3548 καὶ
3128 3493 3214 3562 μὴ
3249 3494 3511 3564 ἐπιλάϐῃ
3539 3494 3650 3565 τῆς

2070 3579 2295 3650 δούλης
2323 3596 2461 3647 σου,
2492 3584 2591 3638 καὶ
2633 3584 2751 3651 δῷς
2779 3584 2855 3654 τῇ
2885 3584 3076 3655 δούλῃ
3114 3601 3232 3640 σου
3270 3587 3507 3657 σπέρμα
3538 3589 3648 3645 άν-

2073 3669 2233 3737 spec,
2281 3673 2379 3726 καὶ
2423 3673 2594 3729 δώσω
2643 3675 2832 3730 αὐτὸν
2877 3676 2958 3743 τῷ
3008 3679 3205 3746 Κυρίῳ
3232 3677 3411 3732 δοτὸν
3444 3679 3649 3746 πάσας

2072 3761 2179 3828 τὰς
2225 3763 2451 3832 ἡμέρας
2497 3764 2610 3834 τῆς
2658 3764 2804 3836 ζωῆς
2859 3769 3044 3822 αὐτοῦ
3066 3787 3079 3800 ’
3114 3771 3213 3823 καὶ
3251 3770 3503 3840 σίδηρος
3530 3762 3646 3825 οὐκ

2070 3853 2434 3921 ἀναϐήσεται
2484 3856 2584 3909 ἐπὶ
2644 3856 2760 3925 τὴν
2815 3859 3090 3929 κεφαλὴν
3145 3862 3351 3916 αὐτοῦ.
3412 3864 3646 3917 Δύναται

394 3963 568 4008 votum
599 3954 754 4016 vovit,
783 3954 983 4019 dicere,
1013 3953 1059 4006 si
1094 3961 1386 4020 utrumque
1421 3952 1507 4005 illa
1549 3950 1699 4018 fecit,
1734 3952 1836 4006 hoc
1859 3960 1961 4018 est,

2076 3943 2255 4014 μέντοι
2275 3945 2344 4012 γέ
2370 3961 2455 4009 τις
2476 3948 2577 4002 οὐκ
2606 3948 2882 4015 ἀπιθάνως
2923 3951 3175 4016 ἐνταῦθα,
3212 3954 3512 4024 ἐπιστήσας
3542 3955 3642 4026 τῷ,

392 4046 570 4101 oravit
622 4046 689 4100 ad
749 4044 1037 4100 Dominum
1089 4052 1144 4097 et
1192 4051 1373 4097 votum
1406 4042 1576 4107 vovit,
1606 4041 1967 4096 vocemhanc

2066 4035 2461 4103 Προσηύξατο
2520 4038 2671 4106 πρὸς
2717 4042 2958 4110 Κύριον,
3007 4042 3105 4096 καὶ
3149 4043 3375 4111 ηὔξατο
3423 4045 3641 4115 εὐχὴν,

392 4135 736 4208 προσηύξατο
783 4135 923 4191 forte
971 4148 1067 4203 pro
1111 4132 1362 4186 oratione
1398 4132 1568 4201 accipi
1612 4147 1773 4199 quum
1801 4130 1961 4201 εὐχήν

2076 4130 2265 4181 είπεῖν·
2301 4128 2381 4182 ὅτι
2415 4131 2463 4182 εί
2495 4129 2564 4183 τα
2594 4129 2686 4183 δύο
2702 4133 2987 4203 πεποίηκε,
3019 4133 3262 4187 τουτέστι
3296 4135 3643 4205 προσηύξατο

393 4229 676 4282 nominare
729 4227 1143 4291 consuevimus;
1178 4224 1296 4278 [nec
1337 4233 1519 4277 autem
1553 4223 1719 4276 verba
1756 4221 1960 4292 ηὔξατο

390 4319 554 4389 εὐχήν
585 4319 773 4373 eodem
802 4333 961 4373 sensu
994 4330 1102 4387 quo
1132 4314 1185 4369 in
1237 4313 1485 4369 Levitico
1512 4322 1568 4367 et
1602 4314 1653 4368 in
1689 4311 1957 4369 Numeris.

392 4407 525 4462 Illud
556 4411 701 4463 enim
732 4427 745 4462 :
778 4406 925 4461 Dabo
945 4424 1062 4462 eum
1091 4406 1318 4461 Domino
1346 4406 1590 4458 omnibus
1628 4405 1813 4458 diebus
1841 4405 1959 4458 vita:

387 4500 522 4566 ejus,
571 4508 620 4552 et
674 4500 934 4552 novacula
981 4514 1082 4551 non
1134 4496 1379 4550 ascendet
1429 4511 1584 4561 super
1633 4506 1788 4563 caput
1820 4496 1956 4564 ejus,

387 4588 606 4656 proprie
671 4602 779 4641 non
840 4595 923 4642 est
976 4587 1278 4656 προσευχὴ,
1311 4586 1404 4640 sed
1461 4585 1728 4652 ejusmodi
1775 4596 1955 4642 votum

389 4676 588 4749 (εὐχή),
615 4674 917 4744 cuiusmodi
947 4672 1358 4748 Jephtltevovit,
1375 4679 1467 4734 ubi
1501 4676 1735 4729 dicitur:
1768 4674 1955 4729 Votum

384 4762 519 4814 vovit
555 4759 780 4813 Domino
809 4761 984 4813 dicens
1012 4774 1028 4811 :
1058 4760 1117 4815 Si
1155 4762 1447 4815 tradideris
1470 4762 1610 4828 ﬁlios
1639 4762 1863 4817 Ammon
1901 4765 1954 4816 in

384 4865 572 4904 manus
623 4865 788 4913 meas,
823 4852 1122 4919 quicunque
1159 4852 1362 4916 priutus
1426 4852 1583 4919 fuerit
1615 4868 1851 4921 egressus
1888 4857 1953 4906 de

384 4939 585 5008 foribus
635 4941 818 4993 domus
858 4955 1003 5005 mew,
1054 4941 1282 5008 mihique
1336 4943 1621 4995 occurrerit
1681 4944 1951 4996 revertenti

410 5055 455 5087 “
476 5053 635 5109 Num.
663 5067 791 5120 xxx,
821 5055 875 5108 2.
977 5055 1021 5085 ³²
1049 5053 1208 5108 Prov.
1239 5070 1331 5120 xx,
1362 5054 1455 5109 25.

1549 5055 1594 5087 ³³
1618 5055 1797 5112 Eccle.
1834 5072 1886 5122 ν,
1921 5059 1975 5112 4.

2068 4216 2204 4288 πρὸς
2220 4217 2550 4289 Κύριον,καὶ
2573 4219 2775 4289 ηὔξατο
2802 4221 2984 4292 εὐχὴν,
3009 4223 3214 4293 μήποτε
3231 4222 3291 4274 τὸ
3321 4223 3421 4293 μὲν
3453 4216 3641 4291 προσ-ἐ

2067 4308 2290 4375 ηὐξατο
2307 4310 2398 4363 ἐπὶ
2417 4311 2516 4381 τῆς
2541 4310 2781 4383 συνήθως
2795 4313 2926 4383 ἡμῖν
2950 4312 3355 4386 ὀνομαζομένης
3383 4313 3638 4370 τέτακται

2067 4401 2260 4472 εὐχῆς,
2292 4402 2353 4454 τὸ
2408 4402 2464 4454 δὲ
2497 4402 2724 4470 ηὔξατο
2746 4403 2960 4471 εὐχὴν,
2990 4404 3084 4457 ἐπὶ
3131 4404 3223 4459 τοῦ
3251 4406 3307 4460 ὲν
3368 4408 3637 4479 Λευῖτικῷ

2066 4492 2161 4543 καὶ
2175 4491 2230 4542 Ἀ
2240 4490 2321 4562 ριθ
2329 4493 2448 4561 μοῖς
2465 4492 2797 4562 τεταγμένου
2833 4494 3232 4566 σημαινομένου
3263 4495 3397 4566 (25).
3417 4493 3632 4573 Τὸγὰρ,

2064 4579 2240 4633 Δώσω
2262 4580 2448 4633 αὐτὸν
2469 4582 2662 4648 Κυρίῳ
2692 4580 2871 4634 δοτὸν
2897 4581 3098 4648 πάσας
3127 4583 3233 4650 τὰς
3262 4586 3481 4655 ἡμέρας
3525 4589 3634 4659 τῆς

2065 4668 2213 4737 ζωῆς
2230 4670 2436 4733 αὑτοῦ,
2467 4671 2563 4724 καὶ
2595 4671 2843 4739 σίδηρος
2872 4675 2983 4727 οὐκ
3010 4674 3487 4743 άναϐήσετᾱιέπὶ
3520 4680 3633 4748 τὴν

2062 4759 2336 4827 κεφαλὴν
2364 4758 2570 4823 αὑτοῦ,
2604 4762 2806 4833 κυρίως
2857 4763 2958 4816 οὐκ
2995 4763 3108 4816 ἔστι
3148 4768 3479 4837 προσευχὴ,
3515 4770 3631 4823 ἀλλ’

2057 4852 2237 4922 ἐκείνη
2263 4853 2296 4922 ἡ
2325 4850 2498 4920 εὐχὴ,
2528 4853 2719 4922 ἥντινα
2747 4856 2835 4908 καὶ
2873 4855 3079 4924 Ἰεφθάε
3100 4856 3302 4927 ηὔξατο
3317 4862 3375 4912 ὲν
3390 4861 3621 4926 τούτοις

2055 4942 2167 4995 Kal
2212 4941 2435 5009 ηὔξατο
2481 4940 2697 5012 Ἰεφθάε
2732 4946 2924 5015 εὐχὴν
2954 4945 3034 5012 τῷ
3064 4950 3279 5020 Κιφίῳ,
3298 4951 3395 5023 καὶ
3422 4949 3624 5007 εἶπενο

2085 5057 2133 5090 ⁸⁸
2151 5059 2274 5113 Act.
2304 5074 2420 5123 ut.
2451 5059 2541 5115 23.
2638 5060 2725 5115 ³⁸1
2766 5060 2897 5130 Reg.
2933 5076 2972 5128 ι,
3001 5063 3055 5127 9,
3086 5062 3175 5129 10,
3216 5062 3305 5118 11.

452 5170 566 5242 (21)
590 5171 811 5249 ’ρρκον
831 5168 1425 5249 ἢεόρισμῷορίσηταα
1456 5171 1510 5249 |_n
1530 5170 1713 5249 codice
1744 5172 1958 5249 quidem

2076 5170 2242 5249 μεθίη-
2381 5174 2750 5249 manuscripto
2790 5175 3307 5249 codiceninclusam
3351 5182 3626 5239 uncinulis

276 5272 282 5296 ι
378 5238 749 5307 manuscripm
789 5238 1004 5308 legitur,
1034 5241 1194 5311 ὅρκον
1221 5239 1432 5311 ὁρισμῷ
1465 5240 1804 5311 ἢᾼὸρίσηται,
1855 5244 1948 5295 sed

376 5312 671 5378 genuinum
726 5312 1014 5363 verborum
1066 5308 1313 5363 ordinem
1351 5308 1432 5363 'ad
1487 5308 1652 5363 tidem
1695 5312 1948 5364 editionis

379 5380 736 5451 Septuaginta
784 5379 1138 5448 luterpretum
1203 5380 1487 5433 restituere
1556 5380 1711 5433 nobis
1773 5381 1945 5434 visum

377 5460 481 5502 cst.

448 5519 560 5591 (22)
601 5519 732 5591 Post
762 5518 1087 5589 γέγραπται,
1122 5516 1195 5591 iu__
1227 5517 1413 5571 codice
1454 5519 1819 5591 manuscripto
1862 5518 1943 5571 la-

379 5586 510 5657 cuna
541 5586 654 5644 ἐει
703 5586 930 5641 duarum
980 5602 1113 5657 pene
1162 5586 1468 5657 linearum;
1518 5587 1695 5640 editor
1757 5601 1939 5642 autem

378 5654 701 5713 Oxouieusis
743 5674 805 5710 ex
835 5654 1087 5712 Proverb.
1126 5673 1212 5724 xx,
1238 5656 1325 5722 25,
1357 5672 1567 5721 vocem,
1603 5658 1786 5726 παγίς,
1821 5674 1939 5725 qum

2067 5240 2498 5321 hichaddiditnut
2522 5243 2856 5321 compleatur
2878 5243 2982 5321 l_oc_i
3011 5244 3309 5321 Scripturae
3336 5263 3548 5321 sensus.

2128 5310 2240 5380 (25)
2309 5309 2431 5380 Ἐφῖ
2472 5309 2718 5364 ἑαυτῶν.
2753 5311 2845 5366 Sic
2891 5314 3053 5368 habet
3100 5309 3268 5372 codex
3332 5334 3435 5372 ms.
3485 5319 3625 5375 Male

2056 5379 2380 5452 vero‘etlitio
2408 5379 2757 5452 Oxouieusis,
2787 5383 2880 5452 ἀφ’
2911 5384 3139 5439 ἑαυτῶν.

2126 5448 2479 5522 (ἐϋξΕνιτε
2503 5451 2635 5518 περὶ
2685 5448 3219 5519 τῆς.’5ςνίὶ›ειιι1ιιω
3269 5454 3506 5522 videtur,
3561 5467 3621 5512 ut

2052 5517 2235 5593 monet
2256 5517 2553 5593 genucius.
2572 5517 2630 5593 εν
2649 5517 2912 5593 τοῖςπερὶ
2945 5522 3063 5592 τῆς.

2121 5586 2235 5665 ((25)
2261 5588 2723 5665 ζημαινομέξνου..
2757 5586 3050 5665 Sic'codex
3094 5607 3195 5646 ms.
3226 5594 3278 5647 in
3320 5607 3429 5663 quo
3482 5595 3622 5652 male

2050 5658 2175 5727 legit
2223 5657 2396 5711 editor
2425 5656 2765 5732 Oxoniensis,
2788 5661 3201 5731 σημαινόμενον.
