3974 6160
441 260 540 319 Kal

1938 262 2258 321 ORIGENIS

3595 269 3697 328 432

440 365 524 409 est
559 368 752 424 preces
806 355 872 408 ad
922 367 1045 408 cum
1097 351 1311 406 mittere
1336 354 1426 422 qui
1469 362 1758 422 antequam
1791 358 1976 409 orcmn

2114 373 2205 408 ται
2243 357 2318 420 ὡς
2352 357 2456 427 πρὸ
2484 356 2675 409 τούτου
2713 355 2787 427 μὴ
2817 356 3078 424 γνωσθέν.
3116 358 3212 422 Τίς
3241 351 3336 413 οὖν
3369 357 3525 430 χρεία
3561 361 3694 416 ἀνα-

440 445 549 502 scit
590 443 790 513 quibus
843 444 1220 513 indigeamus?
1261 444 1371 499 Scit
1407 445 1545 499 enim
1575 443 1743 499 Pater
1788 446 2005 499 calcatis

438 534 570 605 quid
630 550 760 602 opus
810 534 884 588 sit
936 534 1080 587 nobis
1129 541 1412 604 antequam
1493 546 1733 604 petamus
1804 538 2000 591 eum".

440 623 682 695 Equum
734 633 818 678 est
869 632 1050 677 autem
1103 639 1228 679 eum
1252 625 1343 692 qui
1391 635 1446 679 et
1489 634 1644 692 pater
1675 626 1918 680 omnium
1950 636 2005 681 et

440 715 623 785 opifex
657 724 760 775 est,
796 713 1069 782 diligitque
1100 716 1277 768 omnia
1311 732 1426 785 qua:
1454 724 1596 783 sunt,
1630 724 1679 770 et
1721 716 1853 770 nihil
1893 717 2002 770 odit

435 820 618 862 eorum
645 820 760 874 qua:
786 803 904 871 fecit
921 804 989 868 ³³,
1013 804 1305 859 salubriter
1341 821 1461 874 qua:
1492 807 1556 858 ad
1594 807 1835 875 singulos
1867 809 2001 862 atti-

435 907 588 963 nent,
619 897 837 951 etiamsi
878 912 984 953 non
1017 905 1197 961 orent,
1222 896 1564 966 dispensare,
1623 899 1793 966 patris
1852 914 2002 955 more

433 988 524 1057 qui
575 1000 697 1041 cum
729 985 969 1042 infantes
1002 986 1163 1057 regit,
1208 1001 1314 1040 non
1359 1000 1546 1040 eorum
1581 1001 1770 1055 preces
1806 1001 2002 1058 exspe-

432 1084 541 1132 ctat
570 1077 663 1147 qui
704 1076 785 1131 vel
830 1078 1054 1132 omnino
1100 1087 1283 1146 petere
1328 1087 1728 1145 non'possunt,
1755 1079 1839 1132 vel
1891 1094 1999 1148 pra:

431 1166 648 1221 inscitia
681 1180 823 1235 saepe
857 1181 946 1222 res
980 1165 1204 1221 utilibus
1237 1153 1668 1235 opportunisque
1695 1169 2000 1224 contrarias

430 1270 628 1325 capere
684 1256 897 1311 volunt.
944 1255 1073 1310 Plus
1129 1263 1311 1310 autem
1365 1270 1465 1310 nos
1518 1256 1766 1311 homines
1812 1272 1841 1310 a
1902 1258 1997 1312 Dei

433 1357 618 1401 mente
673 1344 939 1401 distamus
990 1361 1149 1414 quam
1209 1346 1313 1400 ulla
1363 1362 1655 1417 puerorum
1707 1347 1933 1402 infantia
1965 1364 1995 1403 a

428 1447 613 1491 mente
637 1448 946 1507 parentum.
977 1438 1248 1493 Credibile
1268 1448 1350 1493 est
1379 1439 1543 1495 Deum
1570 1455 1676 1494 non
1701 1441 1997 1509 praevidere

434 1536 644 1581 tantum
705 1541 826 1596 quae
888 1526 1066 1581 futura
1099 1540 1246 1594 sunt,
1274 1529 1369 1584 sed
1396 1537 1450 1583 et
1473 1530 1862 1598 praeordinare,
1896 1546 1996 1587 nec

427 1619 725 1689 quidquam
755 1620 1003 1674 accidere
1037 1629 1235 1690 praeter
1256 1635 1316 1676 ea
1347 1636 1466 1691 quae
1489 1623 1557 1677 ab
1594 1623 1710 1691 ipso
1732 1623 1882 1693 prius
1906 1639 1996 1679 or-

2106 443 2419 514 πέμπεσθαι
2435 446 2599 515 εὐχὴν
2614 445 2690 516 τῷ
2705 447 2799 499 καὶ
2819 448 2949 517 πρὶν
2965 446 3223 513 εὔξασθαι
3246 449 3598 520 ἐπισταμένῳ
3616 445 3692 507 ὧν

2106 532 2376 604 χρῄζομεν
2395 551 2410 599 ;
2444 531 2578 588 Οἵδε
2604 535 2791 604 γὰρὋ
2809 534 3013 603 Πατὴρ
3035 538 3069 588 ό
3090 535 3366 604 οὐράνιος
3384 531 3474 591 ὧν
3488 540 3696 606 χρείαν

2103 623 2320 692 ἔχομεν
2349 624 2461 691 πρὸ
2498 624 2605 677 τοῦ
2627 625 2784 694 ἡμᾶς
2830 625 3069 694 αἰτῆσαι
3111 627 3314 680 αὐτόν.
3354 625 3588 697 Εὐλογον
3632 630 3691 685 δέ

2103 711 2323 782 Πατέρα
2351 711 2444 766 καὶ
2461 712 2787 785 δημιουργὸν
2819 715 2982 768 αὐτὸν
3012 716 3141 769 ὄντα
3169 715 3262 769 τοῦ
3292 718 3516 784 παντὸς,
3545 720 3689 790 ἀγα-

2101 798 2304 853 πῶντα
2323 801 2395 855 τὰ
2430 800 2575 855 ὄντα
2604 802 2800 856 πάντα
2829 803 3147 871 καὶμηδὲν
3172 805 3691 875 ,βδελυσσόμενον

2104 882 2192 941 ὧν
2237 892 2548 959 πεποίηκε,
2579 893 2859 964 σωτηρίως
2886 893 2956 947 τὰ
2986 895 3115 966 περὶ
3146 895 3373 949 ἕκαστον
3404 901 3499 952 καὶ
3523 899 3689 970 χωρὶς

2108 977 2202 1031 τοῦ
2238 979 2500 1045 εὔξασθαι
2522 983 2844 1053 οἰκονομεῖν,
2862 982 3016 1054 δίκην
3044 985 3279 1055 πατέρος
3305 987 3513 1057 νηπίων
3538 993 3690 1059 προῖ-
3758 1051 3763 1055 η

2104 1071 2395 1140 σταμένου,
2440 1073 2532 1126 καὶ
2574 1073 2648 1143 μὴ
2682 1073 3066 1147 περιμένοντος
3111 1075 3337 1129 ἐκείνων
3392 1079 3490 1150 τὴν
3520 1077 3683 1144 ἀξίω-

2101 1178 2184 1214 σιν
2207 1200 2223 1225 ,
2264 1162 2383 1233 ἤτοι
2427 1164 2547 1234 μηδ’
2576 1165 2711 1227 ὅλως
2737 1165 3047 1236 δυναμένων
3071 1168 3264 1234 αἰτεῖν,
3291 1168 3323 1240 ἢ
3349 1170 3436 1222 διὰ
3464 1171 3684 1238 ἄγνοιαν

2099 1251 2356 1316 πολλάκις
2402 1254 2470 1308 τὰ
2516 1257 2741 1309 ἐναντία
2798 1260 2908 1321 τοῖς
2962 1260 3298 1331 συμφέρουσι
3339 1261 3434 1314 καὶ
3476 1261 3685 1314 λυσιτε-

2096 1342 2248 1396 λοῦσι
2280 1344 2542 1399 θελόντων
2569 1347 2771 1401 λαϐεῖν.
2819 1349 3255 1422 Ἀπολειπόμεθα
3298 1353 3356 1405 δὲ
3383 1355 3434 1406 οἱ
3475 1353 3684 1427 ἄνθρω-

2097 1450 2187 1487 ποι
2228 1434 2406 1488 πλεῖον
2432 1434 2525 1487 τοῦ
2552 1435 2686 1489 Θεοῦ
2723 1435 2831 1508 (29)
2874 1439 3019 1509 ἥπερ
3048 1439 3117 1492 τὰ
3144 1442 3339 1512 κομιδῇ
3372 1443 3557 1497 παιδία
3586 1443 3678 1497 τοῦ

2093 1525 2185 1577 νοῦ
2226 1524 2332 1577 τῶν
2364 1527 2794 1597 γεγεννηκότων.
2831 1529 2992 1591 Εἰκὸς
3015 1528 3094 1599 τῷ
3120 1529 3237 1601 Θεῷ
3262 1532 3321 1583 οὐ
3357 1532 3517 1602 μόνον
3542 1550 3677 1606 προ-

2094 1615 2362 1683 εγνῶσθαι
2387 1616 2455 1669 τὰ
2492 1618 2743 1689 ἐσόμενα,
2774 1618 2910 1672 ἀλλὰ
2937 1620 3030 1673 καὶ
3064 1622 3542 1694 προδιατετάχθαι,
3580 1626 3678 1680 καὶ

430 1712 620 1768 diuata
646 1719 792 1765 sunt.
825 1709 897 1767 Ut
936 1710 1103 1782 igitur
1127 1712 1171 1765 si
1199 1712 1322 1781 quis
1348 1714 1477 1768 oriri
1531 1714 1698 1770 solem
1740 1729 1982 1783 precare-

2101 1707 2267 1778 μηδὲν
2293 1707 2441 1778 αὐτῷ
2466 1709 2619 1779 παρὰ
2647 1709 2715 1762 τὰ
2746 1710 3253 1784 προδιατεταγμένα
3279 1715 3385 1786 (50)
3408 1716 3672 1782 γίνεσθαι.

430 1811 539 1869 tur,
597 1803 790 1859 stultus
851 1803 1146 1859 haberetur
1176 1819 1297 1858 cum
1328 1805 1380 1859 id
1423 1806 1536 1860 suis
1574 1805 1710 1860 eﬂici
1743 1808 1982 1875 precibus

2103 1798 2315 1871 Ὠσπερ
2344 1795 2437 1854 οὖν
2464 1800 2518 1852 εἴ
2545 1817 2630 1864 τις
2669 1800 2878 1871 εὔχοιτο
2910 1804 3225 1857 ἀνατέλλειν
3240 1805 3331 1859 τὸν
3355 1806 3525 1877 ἥλιον,
3552 1809 3671 1878 ἠλί-

390 1906 395 1910 ‘
426 1905 659 1967 peteret,
695 1895 838 1965 quod
890 1896 1054 1949 etiam
1104 1897 1225 1951 sine
1258 1896 1509 1965 precibus
1548 1897 1790 1951 futurum
1820 1907 1941 1953 erat
1975 1918 1982 1952 :

2100 1887 2214 1952 θιος
2235 1889 2301 1943 ἂν
2324 1887 2616 1960 νομίζοιτο,
2643 1889 2703 1942 τὸ
2732 1889 2827 1943 καὶ
2847 1892 3014 1961 χωρὶς
3038 1891 3142 1962 τῆς
3169 1893 3336 1963 εὐχῆς
3365 1893 3529 1947 αὐτοῦ
3556 1896 3674 1948 ἐσό-

427 1988 508 2042 sic
580 1986 814 2041 amens'
861 1982 953 2040 ille
1025 1985 1169 2040 foret
1240 1988 1330 2055 qui
1405 1997 1626 2058 propter
1688 1988 1982 2045 orationem

2104 1997 2263 2049 μενον
2292 1980 2379 2034 διὰ
2420 1982 2519 2052 τῆς
2539 1982 2704 2052 εὐχῆς
2735 1981 2988 2050 γενέσθαι
3012 1982 3209 2047 ἀξιῶν*
3243 1983 3417 2049 οὕτως
3444 1986 3671 2057 ἀνόητος

424 2091 577 2130 suam
604 2075 721 2131 fieri
753 2084 987 2144 putaret,
1024 2076 1189 2144 quod,
1219 2076 1323 2130 etsi
1371 2092 1475 2131 non
1503 2087 1736 2141 orasset,
1770 2080 1982 2133 omnino

2093 2070 2162 2125 ἂν
2221 2071 2308 2141 εἴη
2360 2071 2645 2143 ἄνθρωπος
2696 2073 2844 2136 ὅστις
2883 2072 3056 2126 οἴεται
3086 2073 3174 2127 διὰ
3208 2074 3307 2145 τὴν
3349 2074 3541 2129 ἑαυτοῦ
3575 2077 3668 2130 εὐ-

427 2167 668 2222 Ριιιυνιιιη
743 2176 879 2224 erat.
958 2166 1165 2222 Rursus
1207 2177 1266 2222 ut
1324 2182 1537 2223 omnem
1596 2169 1684 2223 ille
1722 2171 1982 2225 insaniam

2091 2159 2189 2231 χὴν
2233 2159 2473 2228 γίνεσθαι
2517 2160 2584 2213 τὰ
2628 2162 2721 2214 καὶ
2765 2161 2839 2232 μὴ
2876 2161 3178 2233 εὐξαμένου
3229 2163 3392 2217 αὐτοῦ
3452 2164 3669 2230 πάντως

424 2261 714 2315 excederet
762 2261 880 2328 qui,
937 2260 1081 2329 quod
1136 2259 1217 2315 sol
1263 2261 1317 2314 in
1360 2260 1548 2315 aestivo
1589 2260 1823 2317 solstitio
1877 2278 1982 2315 ιιιο-

2093 2250 2328 2320 ἐσόμενα
2393 2250 2480 2304 ἄν.
2539 2251 2707 2305 Πάλιν
2770 2269 2831 2305 τε
2907 2249 2972 2306 αὖ
3057 2253 3244 2324 ὥσπερ
3306 2255 3487 2309 πᾶσαν
3564 2274 3667 2335 μα-

420 2348 591 2404 lestus
635 2351 707 2404 sit
766 2358 821 2404 et
855 2349 1070 2415 adurat,
1107 2349 1361 2418 precibus
1395 2350 1507 2403 suis
1557 2359 1776 2420 putaret
1824 2349 1982 2420 205

2089 2339 2205 2397 νίαν
2274 2341 2599 2412 ὑπερϐάλλει
2643 2340 2754 2412 (51)
2817 2345 2846 2394 ὁ
2907 2343 2995 2397 διά
3058 2343 3119 2396 τὸ
3176 2345 3506 2415 ἐνοχλεῖσθαι
3561 2348 3665 2401 ὑπὸ

420 2439 591 2493 solem
645 2439 713 2493 ad
765 2452 932 2493 verna
996 2439 1146 2507 signa
1213 2437 1685 2504 transferendum,
1744 2448 1805 2493 ut
1871 2440 1982 2506 ipse

2088 2429 2180 2483 τοιέι⁹
2248 2431 2400 2501 ἡλίου
2457 2430 2749 2501 γενομένου
2831 2435 2889 2486 ἐν
2972 2432 3212 2504 θεριναῖς
3277 2437 3507 2505 τροπαῖς
3571 2437 3666 2492 καὶ

417 2530 703 2585 commoda
739 2530 949 2583 fruatur
970 2530 1110 2585 aeris
1144 2524 1402 2597 temperie
1438 2529 1556 2584 :sic
1582 2545 1702 2600 qua:
1747 2531 1982 2585 humano

2085 2520 2439 2586 καυσοῢσθαι,
2471 2523 2715 2592 οἰόμενος
2752 2522 2839 2576 διὰ
2879 2523 2977 2594 τῆς
3019 2524 3185 2595 εὐχῆς
3229 2527 3661 2598 μεταστήσεσθαι

416 2621 600 2691 generi
635 2619 972 2674 incommoda
1000 2616 1311 2675 necessario
1337 2618 1589 2673 accidunt
1627 2618 1671 2672 si
1705 2619 1826 2687 quis
1859 2633 1981 2687 pre-

417 2712 572 2766 cibus
601 2710 714 2763 lieri
747 2718 899 2779 putat
923 2724 1084 2778 posse
1135 2723 1203 2763 ne
1236 2709 1495 2778 patiatur,
1528 2723 1744 2764 omnem
1776 2711 1864 2765 ille
1894 2727 1985 2764 su-

415 2800 692 2870 peraverit
737 2798 1026 2853 insaniam.
1066 2797 1222 2865 Quod
1252 2798 1300 2853 si
1336 2796 1556 2853 alienati
1588 2806 1709 2852 sunt
1737 2809 1979 2867 peccato-

419 2907 499 2945 res
531 2907 562 2944 a
594 2888 744 2943 vulva
774 2889 842 2952 ³⁸,
872 2895 927 2942 et
950 2898 1263 2957 segregatus
1288 2896 1371 2941 est
1396 2886 1578 2953 justus
1606 2902 1671 2941 ea:
1694 2896 1838 2942 utero
1868 2905 1980 2940 ma-

2082 2611 2174 2664 τὸν
2202 2610 2354 2681 ἥλιον
2391 2612 2486 2665 ἐπὶ
2521 2610 2591 2671 τὰ
2629 2612 2823 2685 ἐαρινὰ
2851 2616 3071 2684 σημεῖα,
3111 2614 3196 2668 ἵνα
3227 2614 3489 2685 εὐκράτου
3524 2618 3659 2670 ἀπο-

2084 2699 2222 2773 λαύῃ
2259 2700 2353 2753 τοῦ
2402 2702 2582 2772 ἀέρος’
2613 2702 2783 2766 οὕτως
2832 2701 2903 2755 τὰ
2943 2702 3255 2770 ἀναγκαίως
3297 2703 3662 2774 συμϐαίνοντα

2082 2790 2441 2863 περιστατικά
2477 2791 2554 2862 τῷ
2581 2792 2688 2846 τῶν
2726 2790 3026 2864 ἀνθρώπων
3079 2792 3245 2860 γένει,
3276 2791 3331 2844 εἴ
3367 2810 3450 2856 τις
3495 2792 3661 2847 οἴοιτο

2085 2881 2254 2935 διὰτὸ
2276 2882 2527 2952 εὔχεσθαι
2563 2882 2637 2953 μὴ
2666 2883 2968 2947 πείσεσθαι,
3009 2884 3188 2937 πᾶσαν
3227 2880 3523 2955 ὑπερϐάλοι
3561 2901 3659 2955 με*

417 2981 512 3033 tris
538 2980 692 3045 ‘°;et
729 2996 742 3032 :
776 2977 908 3035 Cum
945 2975 1178 3030 nondum
1214 2975 1326 3028 nuti
1370 2974 1611 3043 fuissent,
1645 2982 1737 3027 aut
1775 2973 1977 3042 aliquid

2087 2973 2390 3043 λαγχολίαν.
2436 2974 2499 3026 Εἰ
2549 2972 2605 3025 δὲ
2653 2973 2744 3027 καὶ
2786 2973 3276 3042 ἠλλοτριώθησαν
3322 2974 3655 3044 ἁμαρτωλοὶ

418 3073 540 3126 boni
570 3072 792 3140 egissent
823 3078 914 3122 aut
945 3068 1092 3131 mali,
1126 3076 1182 3120 ut
1218 3066 1502 3120 secundant
1525 3066 1827 3122 electionem
1857 3083 1980 3132 pro-

413 3163 643 3231 positum
677 3160 775 3214 Dei
828 3166 1084 3222 maneret,
1127 3173 1228 3211 non
1270 3173 1335 3210 ex
1366 3158 1624 3225 operibus,
1668 3158 1758 3209 sed
1803 3172 1865 3210 ea:
1896 3174 1979 3209 vo-

412 3260 568 3306 cante
592 3250 810 3314 dicitur,
842 3247 1172 3318 quia‘major
1220 3247 1404 3301 serviet
1453 3247 1643 3299 minori
1671 3245 1747 3312 “;
1778 3245 1980 3299 frustra

412 3356 515 3410 pro
536 3339 863 3395 remissione
889 3345 1240 3408 peccatorum
1284 3351 1524 3400 oramus,
1572 3345 1666 3390 aut
1699 3344 1757 3389 ut
1807 3333 1979 3405 Spiri-

414 3442 528 3486 tum
569 3431 909 3487 fortitudinis
970 3427 1329 3497 accipiamus.
1368 3434 1434 3483 ‘et
1478 3429 1656 3482 Omnia
1710 3427 1979 3496 possimus

411 3522 749 3578 confortante
772 3534 872 3576 nos
900 3520 1121 3575 Christo
1148 3517 1218 3569 δ’.
1252 3516 1312 3572 Si
1344 3517 1491 3571 enim
1539 3526 1853 3584 peccatores
1885 3532 1979 3571 su-

406 3628 551 3678 mus,
581 3612 798 3667 alienati
849 3626 1037 3667 sumus
1084 3624 1111 3661 a
1152 3608 1339 3673 vulva;
1383 3608 1427 3661 si
1476 3621 1542 3662 ex
1583 3614 1739 3661 utero
1786 3607 1977 3662 matris

410 3710 612 3757 nostra:
658 3714 845 3755 sumus
899 3697 1209 3769 segregati,
1266 3697 1468 3765 optima
1528 3709 1755 3765 quaeque
1823 3695 1976 3750 nobis

408 3794 572 3847 etiam
603 3806 708 3846 non
755 3794 1037 3856 orantibus
1096 3798 1404 3847 occurrent.
1434 3787 1579 3856 Quas
1609 3789 1753 3843 enim
1788 3802 1975 3855 preces

406 3881 677 3936 obtulerat
701 3880 866 3937 Jacob
890 3882 958 3936 de
990 3897 1120 3952 quo,
1148 3888 1439 3950 antequam
1471 3887 1806 3943 nasceretur,
1833 3891 1974 3946 prae-

409 3971 614 4027 dictum
647 3980 731 4026 est
762 3969 877 4026 fore
898 3980 958 4025 ut
987 3979 1267 4040 superaret
1298 3971 1460 4036 Esau,
1491 3970 1593 4040 ipsi
1618 3983 1829 4038 quoque
1856 3984 1974 4023 ser-

406 4061 548 4115 viret
574 4061 741 4115 frater
766 4060 1015 4128 ἰδῖρυίιὶ
1058 4060 1221 4130 impie
1257 4066 1499 4129 gesserat
1544 4059 1686 4113 Esau
1739 4068 1799 4113 ut
1847 4060 1973 4115 odio

403 4152 702 4209 haberetur
738 4151 977 4206 nondum
1026 4152 1226 4205 natus“!
1253 4149 1362 4204 Cur
1394 4158 1515 4202 orat
1558 4149 1790 4220 Moyses,
1823 4159 1881 4203 ut
1919 4151 1970 4203 in

405 4245 735 4313 octogesimo
783 4243 1014 4312 septimo
1061 4242 1269 4311 psalmo
1321 4239 1565 4303 habetur,
1610 4240 1655 4294 si
1702 4239 1962 4310 refugium

2081 3065 2198 3120 ἀπὸ
2227 3064 2478 3134 μήτρας,
2510 3065 2605 3117 καὶ
2642 3064 2944 3138 ἀφώρισται
2990 3067 3019 3118 ὁ
3054 3066 3261 3132 δίκαιος
3301 3067 3369 3122 ἐκ
3416 3069 3654 3135 κοιλίας

2076 3155 2323 3224 μητρός,
2347 3154 2526 3223 μήπω
2558 3153 2666 3225 (59.)
2693 3155 2846 3225 μήτε
2871 3156 3291 3226 γεννηθέντων,
3326 3157 3478 3228 μήτε
3509 3173 3654 3227 πρα-

2081 3245 2313 3310 ξάντων
2337 3263 2390 3299 τι
2417 3246 2640 3315 ἀγαθὸν
2666 3246 2704 3315 ἣ
2729 3247 2988 3315 φαῦλον,
3024 3248 3124 3302 ἵνα
3156 3250 3195 3316 ἡ
3224 3251 3353 3302 κατ’
3383 3244 3652 3319 ἐκλογὴν

2080 3339 2363 3405 πρόθεσις
2396 3340 2501 3392 τοῦ
2543 3339 2692 3394 Θεοῦ
2718 3340 2897 3408 μένῃ,
2930 3341 3040 3392 οὐκ
3071 3339 3140 3404 ἐξ
3167 3341 3371 3410 ἔργων,
3406 3342 3543 3395 ἀλλ’
3582 3343 3649 3395 ἐκ

2077 3429 2184 3483 τοῦ
2223 3429 2559 3495 καλοῦντος
2610 3429 2842 3498 λέγεται
2863 3468 2879 3493 ,
2914 3432 2948 3482 ὀ
2961 3429 3171 3498 μείζων
3217 3430 3531 3485 δουλεύσει
3569 3430 3651 3497 τῷ

2076 3517 2367 3571 ἐλάττονι·
2405 3517 2580 3588 μάτην
2605 3520 2732 3589 περὶ
2767 3518 3012 3588 ἀφέσεως
3031 3521 3439 3590 ἁμαρτημάτων
3470 3520 3653 3586 ἀξιοῦ-

2081 3620 2198 3678 μεν,
2230 3608 2263 3681 ἢ
2295 3607 2544 3681 περὶτοῦ
2596 3609 2821 3680 Πνεῦμα
2865 3609 3046 3679 ἰσχύος
3089 3610 3294 3676 λαϐεῖν,
3342 3612 3428 3665 ἵνα
3470 3613 3648 3666 πάντα

2080 3697 2382 3769 ἰσχύσωμεν
2408 3697 2826 3768 ἐνδυναμοῦντος
2855 3700 3002 3770 ἡμᾶς
3034 3699 3288 3771 Χριστοῦ.
3319 3701 3381 3753 Εἰ
3410 3702 3507 3772 μὲν
3537 3703 3646 3776 γὰρ

2076 3791 2388 3861 ἁμαρτωλοί
2411 3792 2601 3861 ἐσμεν,
2634 3789 2740 3843 ἀπὸ
2778 3789 2987 3860 μήτρας
3019 3790 3445 3863 ὴλλοτριώμεθα·
3489 3796 3540 3847 εἰ
3587 3794 3645 3849 δέ

2075 3874 2463 3946 ἀφωρίσθημεν
2482 3877 2546 3929 ἐκ
2578 3875 2793 3938 κοιλίας
2830 3875 3033 3947 μητρὸς
3074 3877 3250 3948 ἡμῶν,
3285 3878 3357 3932 τὰ
3385 3880 3644 3935 κάλλιστα

2076 3966 2168 4019 καὶ
2221 3966 2295 4037 μὴ
2338 3966 2648 4037 εὐχομένοις
2685 3967 3072 4037 ἀπαντήσεται.
3131 3969 3297 4024 Ποίαν
3331 3969 3438 4043 γὰρ
3478 3972 3642 4044 εὐχὴν

2074 4055 2434 4126 προσαγαγὼν
2470 4054 2679 4121 Ἰακὼϐ,
2710 4056 2837 4129 πρὶν
2858 4052 3203 4127 γεννηθῆναι,
3222 4060 3639 4130 προφητεύεται,

2064 4147 2153 4200 ’ὅτι
2188 4147 2435 4218 ὑπερέξει
2457 4146 2552 4200 τοῦ
2604 4149 2805 4214 Ἠσαῦ,’
2840 4150 2936 4203 καὶ
2959 4148 3229 4203 δουλεύσει
3259 4150 3407 4221 αὐτῷ
3434 4153 3463 4204 ὁ
3490 4152 3644 4205 ἀδελ-

2074 4239 2209 4306 φός;
2244 4240 2309 4291 Τί
2339 4239 2397 4293 δὲ
2424 4239 2699 4310 ἀσεϐήσας
2733 4242 2762 4292 ὁ
2806 4240 2975 4293 Ἦσαῦ
3017 4243 3247 4310 μισεῖται
3290 4241 3420 4312 πρὶν
3449 4257 3640 4314 γεννη-

401 4333 520 4398 ejus
551 4344 634 4389 est
665 4333 810 4388 Deus
829 4343 1110 4403 antequam
1129 4342 1332 4387 montes
1370 4333 1556 4401 ﬁerent
1582 4342 1673 4386 aut
1700 4333 1953 4402 [armare-

2082 4330 2253 4399 lﬁvat;
2283 4330 2398 4383 Ἰνα
2422 4330 2473 4383 τί
2498 4330 2555 4382 δὲ
2593 4330 2808 4400 εὔχεται
2836 4332 3074 4401 Μωῡσῆς
3097 4331 3171 4394 ὡς
3201 4334 3258 4387 ἐν
3299 4332 3633 4406 ὀγδοηκοστῷ

401 4429 489 4472 tur
520 4429 661 4472 terra
687 4429 736 4472 et
765 4420 903 4473 orbis
930 4420 1074 4475 “....
1112 4420 1219 4474 Sed
1243 4430 1297 4475 et
1316 4421 1383 4475 de
1409 4420 1683 4476 salvandis
1713 4422 1967 4475 omnibus

2082 4421 2279 4492 ἑϐδόμῳ
2319 4420 2431 4490 (‘55)
2469 4418 2696 4490 εὕρηται
2752 4421 2970 4491 ψαλμῷ,
3002 4423 3050 4473 εἰ
3100 4423 3411 4493 καταφυγὴ
3467 4424 3630 4478 αὐτοῦ

401 4511 711 4579 ἰηιὶρίειοιε
735 4511 801 4563 ad
833 4511 1095 4579 Ephesios
1145 4511 1408 4578 scriptum
1455 4519 1562 4575 est,
1606 4511 1833 4582 elegisse
1869 4526 1964 4567 eos

2082 4518 2212 4565 ἐστιν
2244 4513 2272 4564 ὁ
2304 4510 2435 4573 Θεὸς
2478 4511 2590 4579 πρὸ
2620 4511 2726 4565 τοῦ
2772 4512 2879 4580 ὅρη
2927 4513 3286 4581 ἑδρασθῆναι
3334 4514 3442 4568 καὶ·
3481 4519 3631 4570 πλα-

400 4600 620 4654 Patrem
659 4601 712 4652 in
748 4600 885 4667 ipso,
918 4616 1109 4669 nempe
1136 4601 1188 4653 in
1217 4601 1457 4664 Christo,
1487 4612 1608 4655 ante
1635 4604 1814 4655 mundi
1844 4618 1963 4656 ron-

2082 4600 2284 4667 γθῆναι
2336 4598 2449 4666 τὴν
2504 4598 2621 4668 γῆν
2673 4602 2770 4654 καὶ
2830 4600 2944 4669 τὴν
2997 4601 3356 4671 οἰκουμένην
3409 4603 3624 4677 (54)....

399 4690 720 4742 vitationem
753 4700 807 4741 ut
837 4678 1025 4742 essent
1064 4690 1233 4741 sancti
1287 4698 1335 4741 et
1378 4690 1709 4743 immaculati
1752 4690 1809 4742 in
1838 4706 1963 4743 con-

2082 4687 2236 4741 Ἀλλὰ
2276 4688 2371 4742 καί
2412 4688 2540 4759 περὶ
2593 4689 2811 4744 πάντων
2854 4690 2964 4744 τῶν
3012 4691 3404 4764 σωθησομένων
3453 4699 3513 4750 ἐν
3559 4701 3625 4770 τῇ

399 4789 575 4847 spectet
606 4780 719 4848 ejus
748 4780 803 4833 in
853 4780 1131 4847 cliaritate.
1186 4779 1291 4842 Qui
1333 4779 1722 4845 prwdestinavit
1765 4795 1861 4834 eos
1902 4781 1958 4833 in

2082 4784 2199 4855 τρὸς
2248 4783 2525 4852 Ἐφεσίους
2572 4784 3004 4855 ἀναγέγραπται,
3058 4787 3140 4840 ὅτι
3181 4788 3293 4861 (55)
3348 4788 3630 4855 ἐξελέξατο

394 4872 730 4939 adoptionem
775 4871 1005 4936 ﬁliorum
1072 4885 1164 4923 uer
1206 4868 1389 4922 Jesum
1450 4867 1716 4922 Christum
1765 4869 1819 4921 in
1870 4870 1953 4937 ip-

2082 4873 2255 4936 ιύτούς
2269 4871 2510 4937 ἐναύτῷ
2535 4872 2611 4942 (ἐν
2637 4873 2856 4945 Χριστῷ
2876 4875 2923 4945 ό)
2953 4875 3140 4947 Πατὴρ
3155 4878 3267 4946 πρὸ
3291 4879 3629 4950 καταϐολῆς

470 5000 513 5089 ς]
541 4999 729 5054 Matth.
758 5018 846 5089 vri;
862 5003 914 5057 8.
945 5002 1187 5089 “'g‘sap.
1221 5003 1408 5089 x1,_25.
1502 5004 1544 5036 θ’
1574 5004 1712 5059 Psal.
1750 5023 1876 5074 Lvu,
1906 5009 1962 5063 1.

2082 5009 2103 5041 °
2134 5008 2305 5064 Galat.
2334 5025 2372 5075 ι,
2403 5010 2487 5064 15.
2564 5009 2607 5041 ⁸⁸
2634 5009 2792 5066 Rom.
2826 5026 2899 5075 rx,
2935 5011 3020 5065 H.
3097 5010 3141 5043 “
3165 5011 3396 5083 Philipp.
3439 5031 3518 5089 ιν,
3549 5023 3630 5082 {3,

380 5071 442 5123 ,⁵³
467 5069 603 5124 Gen.
632 5087 751 5131 xxv,
780 5072 869 5126 225.
944 5071 989 5102 “
1014 5069 1156 5126 Psal.
1190 5088 1271 5136 xc,
1301 5075 1350 5126 l.
1865 5069 1874 5074 ⁷
2356 5069 2367 5075 ⁷
2732 5124 2737 5128 .

2026 5205 2154 5275 legit
2186 5203 2362 5258 editor
2398 5202 2746 5268 Oxoniensis,
2795 5205 3021 5275 ἐννάτῳ.
3078 5206 3233 5262 Nunc
3286 5209 3339 5262 in
3391 5209 3596 5268 Omnis

2026 5274 2324 5356 Bibliorum
2391 5275 2676 5330 codicibus
2735 5274 3016 5343 impressis
3062 5275 3277 5332 initium
3313 5289 3396 5334 est
3445 5283 3591 5351 psal-

2028 5360 2355 5484 ΠηβῒῦῬοει
2393 5413 2738 5485 οἰκουμένην,
2791 5412 2844 5466 in
2894 5413 3081 5471 codice
3119 5431 3218 5470 ms.
3276 5416 3454 5474 hiatus
3508 5430 3594 5478 est

2026 5487 2182 5537 unius
2205 5494 2258 5537 et
2281 5486 2597 5539 semilinew.

2100 5554 2211 5623 (⁸55)
2239 5554 2380 5607 Ὅτι.
2406 5553 2497 5607 Sic
2527 5554 2688 5609 habet
2724 5553 2891 5609 codex
2947 5567 3049 5608 ms.
3099 5552 3235 5611 Male
3264 5571 3391 5611 vero
3420 5558 3590 5613 editio

2025 5622 2270 5678 Osuuien
2280 5624 2376 5687 sis,
2416 5623 2530 5678 ὅτε.

425 5202 708 5287 (29)-Τοιῖ
744 5203 918 5287 ρεορ.
984 5201 1231 5260 Bentleio
1263 5205 1607 5261 scribendum
1665 5204 1926 5260 videtur:

368 5270 455 5333 τοῦ
497 5270 588 5326 νοῦ
617 5274 710 5327 τοῦ
741 5270 896 5327 Θεοῦ.

434 5343 544 5416 (50)
591 5344 769 5416 Αὐτῷ,
796 5344 957 5416 παρά
994 5343 1060 5397 τὰ
1095 5340 1649 5416 ξτροδιατετᾳκιιένα.
1665 5338 1936 5400 Bentleius

364 5412 694 5486 leg'it,:rtap&
720 5414 786 5469 τὰ
817 5413 964 5485 αὐτῷ
994 5412 1655 5486 προδιατεταγμέναδριο.

433 5477 546 5556 (51)
575 5477 1235 5556 Μὶινίιινξύπὲρϐἂλλει.
1279 5477 1460 5537 Μὲιίιει
1510 5477 1801 5542 Bentleius,
1825 5496 1929 5550 μα-

366 5553 484 5626 νίαν
602 5555 705 5626 ὑπε
713 5554 948 5626 ρϐάλλοι.

436 5619 546 5694 (τε)
576 5618 785 5694 Μήσξω.
822 5624 974 5693 Legit
1018 5618 1293 5694 Bentleius
1327 5660 1343 5694 _.
1375 5621 1468 5673 ttat
1500 5619 1686 5690 μήπω.

434 5689 545 5762 (55)
588 5689 864 5762 Ἑϐδόμῳ.
901 5689 1003 5749 Sic
1039 5693 1199 5745 ha'het
1239 5692 1409 5746 codex
1437 5689 1539 5745 ms.
1563 5705 1616 5743 ιιι
1642 5703 1748 5757 quo
1782 5689 1920 5743 tnale
