3974 6160
377 283 480 340 455

1569 263 1902 325 LIBELLUS
1934 261 2021 317 DE
2059 259 2423 317 ORATIONE.

373 381 604 446 κόσμου
637 379 724 443 εἰς
745 374 812 430 τὸ
844 369 995 428 εἶναι
1039 371 1258 437 αὐτοὺς
1303 369 1507 438 ἁγίους
1544 366 1635 421 καὶ
1661 363 1928 433 ἀμώμους

2045 374 2160 412 sum
2191 357 2257 413 ⁸⁸.
2285 357 2391 410 Αυι
2416 353 2577 424 igitur
2601 367 2669 407 ex
2697 353 2764 407 iis
2798 349 2994 419 aliquis
3025 349 3123 402 'est
3149 347 3240 417 qui
3267 349 3420 402 electi
3480 357 3602 402 sunt

373 468 496 522 κατ’
525 465 783 520 ἐνώπιον
810 466 993 519 αὑτοῦ
1025 465 1094 518 ἑν
1123 460 1345 532 ἀγάπῃ·
1379 457 1700 526 προορίσας
1721 451 1940 515 αὐτοὺς

369 563 454 625 sic;
486 559 795 613 υἱοθεσίαν
825 557 924 611 διὰ
949 554 1203 626 Χριστοῦ
1227 555 1315 618 εὶς
1335 549 1700 605 αὑτόν.Ἥτοι
1735 540 1826 598 οὖν
1857 561 1940 606 τις

369 654 433 704 ἐκ
483 651 592 704 τῶν
647 649 757 721 πρὸ
817 646 1118 716 καταϐολῆς
1175 645 1378 714 κόσμου
1433 641 1580 692 ἐστὶν
1634 633 1941 704 ἐξειλεγμέ-

368 759 456 804 vo;
491 740 625 809 (36),
663 740 757 793 κα)⁸
787 740 1066 810 ἀμήχανον
1101 735 1260 788 αὐτὸν
1287 733 1388 803 τῆς
1407 730 1634 799 ἐκλογῆς
1665 729 1937 788 ἐκπεσεῖν,

365 832 554 901 διόπερ
613 830 673 881 οὐ
722 828 878 898 χρεία
930 826 1105 894 τούτῳ
1151 824 1329 894 εὐχῆς·
1371 821 1404 891 ἦ
1456 820 1556 872 οὐκ
1611 815 1934 881 ἐξείλεκται,

365 921 486 974 οὐδὲ
522 918 877 991 προώρισται,
923 917 1014 969 καὶ
1047 916 1221 986 μάτην
1263 911 1498 982 εὔχεται,
1543 906 1644 960 κᾶν
1683 904 1938 975 μυριάκις

364 1007 584 1078 εὔξηται
630 1006 773 1076 ('57),
841 1007 942 1058 οὐκ
1005 1001 1574 1072 ἐπακουσθησόμενος·
1661 995 1778 1060 Οὓς
1827 994 1938 1062 γὰρ

363 1099 632 1168 προέγνω
665 1100 698 1150 ό
722 1095 883 1160 Θεὸς,
918 1096 1168 1159 τούτους
1211 1092 1308 1145 καὶ
1345 1088 1634 1158 προώρισε
1676 1085 1938 1154 συμμόρ-

361 1204 516 1257 φους
577 1185 685 1253 τῆς
739 1184 972 1248 εἰκόνος
1011 1181 1122 1249 τῆς
1161 1179 1344 1246 δόξης
1386 1177 1492 1231 τοῦ
1541 1175 1675 1228 Υἱοῦ
1727 1169 1931 1227 αὑτοῦ·

360 1278 472 1343 οὓς
505 1276 575 1329 δὲ
599 1275 909 1344 προώρισε,
956 1275 1206 1336 τούτους
1240 1269 1338 1323 καὶ
1381 1269 1656 1331 ἐκάλεσε,
1701 1265 1796 1318 καὶ
1831 1263 1936 1326 οὓς

358 1367 641 1430 ἐκάλεσε,
675 1367 927 1429 τούτους
980 1363 1076 1416 καὶ
1136 1361 1506 1419 ἐδικαίωσεν,
1559 1355 1666 1420 οὓς
1711 1353 1778 1407 δὲ
1820 1352 1936 1404 ἐδι-

359 1459 606 1520 καίωσε,
640 1457 887 1520 τούτους
919 1452 1017 1505 καὶ
1045 1451 1318 1515 ἐδόξασε.
1348 1448 1412 1500 Τί
1446 1447 1554 1519 γὰρ
1587 1446 1782 1514 κάμνει
1819 1444 1933 1495 ἰω-

357 1548 504 1611 σίας,
533 1547 566 1617 ἢ
596 1547 683 1599 διὰ
703 1545 753 1598 τί
777 1545 1063 1615 εὐχόμενος
1090 1541 1412 1612 πεφρόντικε
1444 1539 1570 1607 περὶ
1597 1533 1932 1605 τοῦνπότερόν

2043 456 2169 501 ante
2200 444 2384 500 mundi
2420 441 2882 503 constitutionem,
2928 451 3028 491 nec
3055 435 3171 490 fieri
3211 442 3389 503 potest
3424 445 3479 488 ιιι
3509 451 3605 488 ex-

2039 539 2184 594 cidat
2212 534 2392 606 abfilla
2422 535 2702 597 electione,
2724 532 2962 599 adeoque
2989 530 3236 583 oratione
3267 526 3354 579 hic
3380 539 3486 579 non
3519 527 3605 578 in-

2039 629 2212 699 diget;
2241 637 2332 681 aut
2361 627 2570 682 electus
2616 638 2719 676 non
2764 631 2873 685 εει,
2926 632 3100 688 neque
3149 616 3599 684 praedestinatus,

2040 721 2193 788 isque
2223 718 2420 771 frustra
2449 725 2590 780 orat,
2633 727 2754 769 cum
2804 712 2920 780 ejus
2964 708 3134 762 oratio
3167 706 3251 760 vel
3292 705 3488 759 millies
3518 721 3592 758 rev

2039 809 2202 876 petita
2251 804 2587 859 exaudientia
2639 817 2746 855 non
2791 801 2862 855 sit
2910 817 2924 851 :
2978 797 3120 850 Nam
3162 812 3290 866 quos
3343 794 3601 861 prwscivit

2040 897 2202 956 Deus.
2229 904 2275 948 et
2306 893 2700 960 pt'tedestinavit
2730 888 3024 956 conformes
3067 886 3180 954 ﬁeri
3207 885 3454 953 imaginis
3491 882 3601 951 gia-

2036 987 2132 1039 ria:
2165 982 2300 1036 Filii
2325 984 2428 1036 sui.
2463 980 2606 1046 Quos
2639 987 2812 1032 autem
2851 976 3261 1044 praedestinavit,
3301 977 3393 1028 hos
3427 983 3474 1026 et
3510 989 3598 1026 vo-

2036 1076 2191 1141 cavit,
2217 1084 2263 1128 et
2293 1089 2421 1142 quos
2455 1070 2676 1132 vocavit,
2708 1067 2800 1120 hos
2823 1076 2868 1120 et
2893 1066 3241 1132 justi/ienuit;
3267 1079 3394 1133 quos
3425 1073 3599 1116 autem

2030 1166 2365 1236 justiﬁcavit,
2398 1161 2519 1214 illos
2554 1169 2600 1214 et
2623 1156 2931 1229 gloriﬁcavit
2968 1154 3035 1209 "°.
3074 1154 3214 1219 Quid
3259 1154 3471 1208 laborat
3510 1149 3602 1206 Jo-

2035 1259 2165 1321 sias,
2209 1254 2336 1324 quid
2380 1252 2584 1308 orando
2627 1248 2822 1302 anxius
2877 1255 2960 1300 est
3009 1259 3077 1297 an
3145 1241 3264 1310 ejus
3320 1243 3599 1296 orationes

2035 1344 2387 1402 cxaudiendaa
2421 1343 2548 1406 sint,
2589 1352 2782 1401 necne,
2833 1335 3020 1390 multis
3056 1345 3181 1387 ante
3230 1332 3599 1401 generationi-

2035 1441 2134 1495 bus
2163 1452 2192 1490 a
2222 1433 2485 1505 propheta
2521 1429 2838 1484 nominatim
2871 1426 3204 1494 designatus,
3233 1423 3300 1477 de
3321 1438 3427 1492 quo
3472 1424 3600 1492 quid

2037 1530 2276 1584 facturus
2305 1534 2470 1587 esset,
2499 1537 2607 1576 non
2645 1519 2932 1589 praevisum
2972 1515 3158 1580 modo,
3195 1515 3289 1568 sed
3330 1523 3383 1568 et
3414 1515 3599 1569 multis

357 1605 994 1704 xoss'si'catxousiiﬁo‘esat
1018 1633 1050 1702 ἢ
1085 1605 1184 1701 μὴ,
1203 1605 1312 1700 πρὸ
1344 1605 1552 1681 πολλῶν
1582 1625 1783 1694 γενεῶν
1809 1623 1926 1674 ὀνο-

2031 1617 2369 1677 audientibus
2395 1612 2704 1682 praedictum
2721 1609 2840 1664 est?
2871 1607 3046 1673 Quare
3069 1614 3248 1661 autem
3271 1605 3436 1660 Judas
3457 1613 3597 1666 orat,

360 1726 566 1800 μαστὸς
585 1725 695 1795 (58)
713 1722 1122 1795 προφητευθεὶς,
1141 1722 1236 1775 καὶ
1274 1719 1510 1791 περὶτοῦ
1531 1720 1558 1772 ὅ
1573 1719 1624 1770 τί
1645 1734 1774 1770 ποτε
1790 1715 1930 1785 πρά·

356 1817 441 1884 ξει
473 1819 533 1871 ού
585 1817 740 1887 μόνον
763 1813 1153 1884 προγνωσθεὶς,
1179 1811 1313 1866 ἀλλὰ
1344 1812 1399 1864 δὲ
1434 1812 1513 1872 είς
1542 1809 1771 1878 ἐπήκοον
1801 1807 1931 1860 πολ-

355 1905 467 1960 λῶν
498 1906 859 1978 προρῤηθείς;
895 1904 982 1957 ἵνα
1010 1903 1060 1956 τί
1087 1902 1142 1955 δὲ
1173 1905 1265 1956 καὶ
1313 1901 1511 1963 Ἰούδας
1551 1898 1928 1969 προσεύχεται,

355 1993 499 2046 ὥστε
534 1995 627 2047 xa‘t
656 1993 754 2064 τὴν
783 1991 1090 2063 προσευχὴν
1119 1989 1287 2044 αὑτοῦ
1330 1987 1621 2059 γενηθῆναι
1653 1988 1732 2050 είς
1758 1989 1933 2058 ἀμαρ-

355 2085 500 2146 τίαν,
532 2083 640 2137 ἀπὸ
659 2083 766 2135 τῶν
791 2083 953 2135 Δαυὶδ
999 2081 1201 2153 χρόνων
1235 2079 1634 2150 προκηρυχθεὶς
1684 2079 1760 2141 ὡς
1807 2079 1932 2131 ἀπο-

355 2171 531 2225 λέσων
561 2171 658 2242 τὴν
687 2168 1011 2240 ἐπισκοπὴν,
1052 2169 1236 2241 ἐτέρου
1280 2167 1584 2238 ληψομένου
1619 2168 1732 2220 ἀντ’
1765 2165 1928 2219 αὐτοῦ

1941 2243 1954 2254 “
2031 2249 2229 2304 mutari
2269 2254 2570 2318 putaretur,
2627 2250 2722 2297 aut
2753 2241 2906 2311 quasi
2955 2255 3058 2295 non
3107 2249 3231 2294 ante
3263 2237 3598 2307 disposuerit

354 2264 529 2334 αὐτήν
557 2279 571 2327 ;
607 2261 841 2314 Αύτόθεν
877 2260 935 2313 δὲ
964 2261 1317 2329 ἀπεμφαίνει,
1353 2258 1622 2330 άτρέπτου
1654 2257 1805 2321 ὄντος
1834 2257 1928 2310 τοῦ

352 2354 491 2408 Θεοῦ
535 2354 628 2408 καὶ
672 2354 740 2407 τὰ
776 2351 872 2405 δλα
919 2351 1429 2422 προκατειληφότος,
1485 2350 1732 2420 μένοντός
1772 2367 1831 2402 τε
1871 2353 1928 2403 ἐν

351 2449 468 2509 τοῖς
515 2443 1093 2515 προδιατεταγμένοις,
1141 2441 1413 2511 εὒχεσθαι,
1465 2441 1705 2510 οἰόμενον
1761 2459 1926 2511 μετα-

351 2532 574 2605 τρέψειν
604 2532 716 2602 (59)
750 2531 839 2584 διὰ
871 2533 970 2600 τῆς
1008 2531 1171 2599 εὐχῆς
1216 2530 1383 2583 αὐτοῦ
1418 2529 1514 2599 τὴν
1560 2530 1834 2600 πρόθεσιν,
1881 2534 1928 2584 εί

353 2625 434 2684 ὡς
462 2622 536 2692 μὴ
564 2619 1065 2692 προδιαταξαμένῳ,
1103 2618 1238 2671 ἀλλὰ
1274 2621 1618 2689 περιμένοντι
1656 2620 1754 2691 τὴν
1801 2621 1928 2674 ἐκά-

358 2729 486 2765 στου
511 2709 675 2781 εὐχὴν
707 2711 1070 2778 ἐντυγχάνειν,
1106 2710 1192 2762 ἵνα
1220 2709 1310 2762 διὰ
1336 2708 1432 2779 τὴν
1463 2709 1627 2780 εὐχὴν
1668 2709 1926 2780 διατάξη-

350 2821 443 2859 ται
467 2803 528 2857 τδ
557 2802 769 2874 πρέπον
783 2799 863 2870 τῷ
891 2800 1185 2871 εὐχομένω,
1220 2800 1342 2853 τότε
1373 2800 1585 2853 τάσσων
1625 2800 1685 2852 τὺ
1715 2801 1932 2871 δοκιμάο

351 2895 444 2958 ζον
472 2890 582 2962 (80)
615 2886 753 2943 εῖναι
780 2887 997 2956 εῢλογον
1020 2888 1081 2940 οὐ
1115 2887 1376 2958 πρότερον
1411 2887 1558 2958 αὐτῷ
1588 2887 1928 2959 τεθεωρημέ-

2036 1721 2094 1766 υι
2122 1709 2285 1764 etiam
2311 1704 2488 1760 oratio
2507 1703 2623 1771 ejus
2652 1700 2746 1753 tiat
2769 1700 2820 1752 in
2849 1705 3149 1766 peccatum,
3175 1711 3294 1750 cum
3330 1694 3600 1749 a-Davidis

2037 1795 2364 1868 temporibus
2392 1793 2702 1863 praedictum
2735 1790 2804 1842 sit
2833 1788 2877 1820 ³⁷
2900 1786 3254 1841 amittendum
3282 1784 3360 1848 .ab
3390 1797 3456 1839 eo
3479 1784 3596 1851 epi-

2034 1899 2317 1958 scopatum
2346 1893 2402 1941 et
2427 1883 2492 1937 ab
2532 1881 2702 1936 altero
2725 1878 3098 1948 accipiendum
3127 1875 3244 1944 ejus
3269 1875 3422 1932 loco?
3445 1874 3597 1930 Unde

2034 1997 2143 2036 non
2174 1976 2425 2034 convenit
2449 1974 2642 2039 Deum,
2679 1987 2800 2026 cum
2838 1971 2908 2024 sit
2937 1967 3286 2023 immutabilis
3310 1976 3362 2022 et
3399 1966 3598 2036 praevi-

2033 2071 2158 2125 deat
2214 2068 2396 2123 omnia
2445 2073 2500 2120 et
2548 2063 2662 2118 suis
2730 2060 2957 2114 ﬁrmiter
3018 2059 3253 2114 decretis
3309 2057 3594 2120 inhaereat,

2032 2175 2194 2214 orare
2217 2159 2367 2228 quasi
2400 2155 2564 2226 206
2591 2163 2688 2208 aut
2719 2152 2978 2209 voluntas
3005 2149 3124 2218 ejus
3161 2149 3408 2204 oratione
3435 2161 3596 2216 posse

2031 2339 2232 2402 omnia,
2257 2337 2348 2392 sed
2372 2335 2707 2406 singulorum
2739 2339 3018 2400 exspectet
3049 2343 3256 2398 preces,
3279 2327 3594 2386 obsecrare,

2030 2441 2090 2482 ιιι
2120 2436 2339 2498 propter
2361 2437 2549 2494 preces
2579 2422 2653 2476 ita
2685 2431 2918 2489 quaeque
2949 2416 3198 2484 disponat
3229 2420 3390 2482 prout
3415 2411 3596 2465 oranti

2031 2518 2306 2580 convenit,
2362 2526 2597 2582 tuncque
2665 2510 2878 2566 ordinet
2933 2507 3074 2576 quod
3133 2511 3336 2558 rectum
3398 2501 3598 2570 proba-

2032 2611 2168 2664 verit
2218 2622 2315 2662 nec
2367 2615 2493 2660 ante
2561 2601 2886 2672 praeviderit.
2929 2597 3133 2653 Ponam
3187 2604 3362 2650 autem
3403 2592 3598 2661 bicip-

2032 2703 2108 2755 sis
2123 2699 2303 2754 verbis
2327 2711 2448 2766 quae
2484 2694 2590 2747 tuis
2621 2694 2686 2746 ad
2727 2707 2813 2745 me
2849 2690 3046 2744 litteris
3083 2685 3381 2741 inseruisti.
3410 2683 3483 2737 Ea
3515 2684 3598 2736 sic

2032 2791 2234 2845 habent
2280 2786 2393 2850 :,‘l°
2432 2785 2488 2840 Si
2532 2785 2672 2839 Deus
2735 2781 3036 2835 futurorum
3087 2777 3350 2847 praescius
3401 2785 3503 2840 est,
3545 2781 3599 2830 et

2033 2881 2147 2948 ipsa
2186 2883 2402 2946 oportet
2442 2874 2600 2928 ﬁeri:
2643 2888 2778 2926 vana
2839 2881 2921 2925 est
2964 2872 3158 2925 oratio.
3204 2868 3262 2921 2ο
3313 2867 3369 2922 Si
3415 2866 3595 2921 omnia

347 2949 706 3037 vov.‘Kslio'0to
728 2979 786 3032 δὲ
808 2980 866 3032 ἐν
896 2949 1009 3041 τοῖς
1033 2949 1299 3048 παροῦσιν
1325 2949 1925 3049 αὐταῖς’λέξεσιν’ἆπερ

2031 2969 2181 3038 iuxta
2210 2966 2540 3021 voluntatem
2596 2961 2686 3015 Dei
2720 2964 2877 3026 liunt,
2911 2969 2966 3014 et
2999 2957 3212 3015 stabilia
3249 2965 3374 3012 sunt
3422 2956 3596 3024 ipsius

348 3072 438 3126 διὰ
465 3069 571 3122 τῶν
603 3067 738 3140 πρὸς
773 3068 840 3138 μὲ
871 3066 1213 3138 γραμμάτων
1262 3065 1456 3132 ἔταξας
1496 3066 1667 3128 οὕτως
1712 3065 1921 3137 ἔχοντα·

349 3161 592 3232 Πρῶτον,
611 3161 658 3212 εί
685 3156 1042 3228 προγνώσει-ης
1063 3157 1210 3210 ἐστὶν
1240 3157 1268 3208 ό
1296 3156 1429 3219 Θεὸς
1467 3157 1574 3208 τῶν
1599 3155 1918 3226 μελλόντων,

349 3251 445 3304 καὶ
477 3249 715 3304 δεῖαὺτὰ
743 3247 1010 3317 γίνεσθαι,
1043 3245 1245 3317 ματαία
1265 3247 1298 3316 ἡ
1320 3246 1614 3316 προσευχήο
1648 3245 1919 3317 δεύτερον,

349 3343 398 3395 εί
432 3342 608 3394 πάντα
640 3338 779 3394 κατὰ
819 3337 1072 3408 βούλησιν
1110 3336 1504 3415 Θεοῦηγίνεται,
1549 3337 1642 3389 καὶ
1678 3338 1920 3407 ἀραρότα

2032 3063 2269 3120 decreta,
2305 3070 2403 3110 nec
2431 3054 2728 3123 quidquam
2759 3065 2944 3104 eorum
2973 3064 3092 3118 qua:
3115 3040 3246 3110 vult,
3277 3047 3474 3102 mutari
3509 3059 3596 3114 po-

2029 3164 2157 3221 test,
2187 3166 2325 3207 vana
2372 3159 2456 3206 est
2505 3148 2704 3203 oratio.
2745 3146 2867 3200 Haec
2896 3136 3024 3200 vero
3063 3152 3188 3199 sunt
3228 3160 3349 3214 qua:
3390 3145 3455 3198 ad
3491 3145 3594 3198 ob-

2021 3244 2162 3314 jecta
2193 3241 2534 3298 dissolvenda
2577 3254 2697 3309 qua:
2735 3239 3012 3293 hominem
3057 3237 3294 3291 reddunt
3325 3236 3392 3289 ad
3433 3250 3596 3291 oran-

2027 3336 2154 3390 dum
2179 3334 2508 3402 segniorem,
2541 3330 2750 3384 utiliter
2791 3338 2922 3398 puto
2951 3327 3203 3398 praemitti
3229 3341 3408 3394 posse.

346 3433 513 3490 αύτοῦ
566 3435 684 3486 ἐστι
719 3431 787 3484 τὰ
841 3430 1201 3502 βουλεύματα,
1253 3430 1346 3482 καὶ
1397 3429 1546 3482 οὐδὲν
1581 3431 1855 3501 τραπῆναι
1901 3424 1975 3485 ὧν
2029 3429 2273 3500 βούλεται
2305 3426 2547 3487 δύναται,
2589 3424 2788 3496 ματαία
2816 3426 2848 3494 ἡ
2875 3425 3166 3494 προσευχὴ.
3215 3423 3477 3492 Χρήσιμα
3514 3419 3592 3483 δὲ,

343 3527 424 3591 ὡς
455 3522 627 3595 οἶμαι,
676 3525 848 3577 ταῦτα
899 3521 1037 3593 πρὸς
1089 3521 1241 3577 λύσιν
1267 3523 1374 3576 τῶν
1419 3524 1732 3594 ἀποναρκᾷν
1769 3525 1904 3595 πρὸς
1930 3524 1991 3578 τὸ
2016 3523 2268 3594 εὔχεσθαι
2298 3521 2592 3575 ποιούντων
2619 3518 3060 3591 προδιαληπτὲον.

419 3618 539 3672 Τῶν
561 3619 892 3688 κινουμένων
922 3617 1031 3687 (41)
1060 3617 1130 3670 τὰ
1160 3617 1258 3688 μέν
1275 3635 1396 3670 τινα
1420 3617 1480 3670 τὸ
1511 3619 1692 3672 κινοῦν
1721 3618 1916 3686 ἔξωθεν

345 3707 480 3779 εχει,
513 3706 700 3778 ὥσπερ
719 3705 790 3760 τὰ
819 3706 1018 3777 ἄψυχα,
1047 3706 1142 3760 καὶ
1173 3706 1278 3759 ὑπὸ
1303 3706 1466 3772 ἕξεως
1503 3708 1669 3778 μόνης
1701 3710 1918 3779 συνεχό-

348 3813 506 3869 μενα·
537 3797 631 3851 καὶ
649 3797 716 3850 τὰ
746 3797 849 3849 ὑπὸ
878 3797 1088 3864 φύσεως
1127 3797 1218 3850 κα).
1256 3796 1430 3867 ψυχῆς
1476 3798 1784 3870 κινούμενα,
1821 3801 1916 3870 οὐχ

344 3886 378 3962 ᾖ
405 3889 626 3943 τοιαῦτα
662 3889 774 3942 ἔσθ’
803 3890 890 3942 ὅτε
928 3889 1238 3960 κινούμενα,
1276 3888 1388 3942 ἀλλ’
1421 3891 1621 3960 ὁμοίως
1654 3894 1766 3956 τοῖς
1809 3891 1914 3944 ὑπὸ

343 3982 510 4046 ἕξεως
566 3983 732 4053 μόνης
770 3982 1165 4052 συνεχομένοις·
1209 3982 1353 4045 λίθος
1384 3983 1492 4052 γὰρ
1541 3984 1633 4036 καὶ
1676 3983 1806 4050 ξύλα
1846 3985 1913 4038 τὰ

345 4073 648 4128 ἐκκοπέντα
685 4074 778 4127 τοῦ
826 4074 1106 4145 μετάλλου,
1160 4074 1193 4144 ἢ
1238 4074 1299 4126 τὸ
1343 4075 1497 4144 φύειν
1544 4075 1924 4131 ἀπολωλεκότα

345 4167 452 4218 ὑπὸ
474 4165 641 4231 ἕξεως
683 4165 852 4236 μόνης
887 4164 1237 4235 συνεχόμενα,
1271 4165 1331 4216 τδ
1355 4164 1535 4218 κινοῦν
1561 4165 1759 4232 ἔξωθεν
1786 4166 1917 4237 ἔχει.

359 4255 517 4308 Ἀλλὰ
539 4255 632 4307 κα)¹
652 4254 720 4307 τὰ
746 4254 854 4307 τῶν
886 4253 1038 4317 ζώων
1070 4253 1294 4324 σώματα
1330 4255 1421 4307 καὶ
1457 4254 1526 4308 τὰ
1559 4256 1771 4327 φορητὰ
1810 4257 1917 4309 τῶν

349 4343 765 4413 πεφυτευμένων
810 4343 913 4394 ὑπό
958 4358 1103 4406 τινος
1141 4341 1530 4412 μετατιθέμενα
1584 4342 1682 4411 οὐχ
1803 4342 1917 4406 ζῶα

347 4431 440 4486 καὶ
473 4431 614 4500 φυτὰ
646 4431 1006 4501 μετατίθεται,
1053 4431 1168 4484 ἀλλ’
1195 4431 1397 4501 ὁμοίως
1427 4430 1594 4494 λίθοις
1622 4433 1716 4484 καὶ
1744 4430 1918 4497 ξύλοις

345 4525 455 4585 τοῖς
474 4523 536 4574 τὸ
563 4522 717 4590 φύειν
739 4523 1125 4586 ἀπολωλεκόσι,
1149 4521 1252 4577 κᾶν
1276 4524 1460 4592 κινῆτε
1479 4521 1762 4577 καὶταῦτα
1780 4522 1916 4594 (42),

345 4612 646 4686 τῷ’ῥευστὰ
670 4610 808 4667 εἶναι
837 4614 1014 4667 πάντα
1045 4612 1114 4666 τὰ
1149 4612 1392 4683 σώματα,
1425 4613 1708 4683 φθίνονται
1739 4631 1918 4685 παρα-

349 4703 736 4778 κολουθητικὴν
760 4704 872 4775 ἔχει
897 4705 994 4776 τὴν
1023 4706 1080 4758 ἐν
1107 4704 1185 4775 τῷ
1215 4705 1422 4773 φθίνειν
1453 4706 1688 4777 κίνησιν.
1723 4706 1915 4760 Δεύτε-

351 4811 418 4866 ρα
443 4794 550 4866 (43)
573 4795 632 4848 δέ
666 4795 816 4867 παρὰ
863 4795 1038 4848 ταῦτά
1071 4797 1186 4848 ἐστι
1224 4796 1535 4867 κινούμενα,
1573 4797 1642 4850 τὰ
1687 4799 1792 4852 ὑπὸ
1816 4799 1916 4870 τῆς

2093 3619 2145 3673 6.
2181 3617 2380 3672 Eorum
2405 3631 2524 3686 qua:
2559 3624 2846 3669 moventur
2876 3615 3121 3682 quaedam
3175 3620 3438 3666 motorem
3491 3612 3592 3665 ha-

2023 3712 2152 3767 bent
2179 3719 2359 3775 extra,
2399 3719 2459 3764 ut
2488 3723 2610 3777 quae
2650 3707 2830 3761 anima
2874 3713 3085 3771 carent,
3134 3713 3190 3760 et
3237 3705 3424 3760 habitu
3473 3703 3593 3760 solo

2021 3803 2385 3864 continentur,
2417 3808 2477 3853 ut
2499 3800 2661 3853 etiam
2701 3812 2762 3853 ea
2796 3811 2916 3865 quae
2956 3811 2984 3849 a
3014 3804 3206 3850 natura
3243 3795 3327 3849 vel
3367 3795 3435 3849 ab
3464 3795 3586 3849 ani-

2023 3907 2110 3946 ma
2145 3901 2453 3958 moventur,
2501 3903 2622 3944 cum
2654 3903 2760 3942 non
2808 3902 2912 3956 qua
2945 3885 3067 3939 talia
3107 3895 3235 3940 sunt
3281 3895 3586 3955 moventur,

2023 3983 2118 4036 sed
2161 3980 2536 4036 eodem'modo
2557 3993 2621 4033 ac
2649 3977 2741 4032 illa
2772 3992 2891 4045 qua:
2923 3975 3107 4030 habitu
3151 3976 3268 4030 solo
3310 3977 3589 4030 continen-

2022 4082 2139 4137 tur',
2167 4073 2374 4142 lapides
2411 4072 2556 4126 enim
2591 4086 2622 4125 a
2668 4069 2962 4138 lapicidiua
2996 4068 3165 4123 excisi
3201 4078 3291 4122 aut
3330 4085 3360 4121 ιι
3409 4069 3591 4122 radice

2017 4164 2182 4236 ligna,
2220 4165 2401 4218 habitu
2435 4163 2552 4219 solo
2585 4162 2948 4221 continentur.
2980 4170 3034 4213 et
3065 4169 3351 4214 moventur
3394 4160 3458 4213 ab
3493 4173 3588 4212 ex-

2022 4265 2158 4310 tero.
2211 4255 2322 4309 imo
2356 4263 2412 4308 et
2464 4255 2576 4322 ipsa
2633 4251 2949 4305 animalium
2987 4264 3236 4317 corpora,
3303 4259 3359 4302 et
3390 4248 3591 4316 planta

1951 4327 1996 4384 ί)
2022 4363 2140 4415 qua:
2173 4345 2303 4400 ferri
2333 4352 2582 4414 possunt,
2625 4356 2751 4396 cum
2804 4341 2872 4394 ab
2927 4340 3108 4408 aliquo
3167 4339 3584 4405 transferuntur,

2021 4454 2125 4491 non
2156 4451 2260 4506 qua
2300 4435 2499 4504 plantae
2551 4441 2646 4486 aut
2699 4431 2957 4486 animalia
3011 4430 3434 4496 transferuntur,
3490 4433 3588 4486 sed

2017 4527 2238 4596 perlnth
2268 4541 2332 4580 ac
2360 4525 2562 4594 lapides
2615 4532 2710 4576 aut
2765 4521 2908 4588 ligna
2957 4536 3074 4591 qua:
3111 4520 3294 4576 excisa
3341 4535 3591 4576 crescere

2009 4621 2122 4687 jam
2159 4633 2222 4671 ac
2257 4617 2451 4671 nutriri
2489 4632 2592 4670 non
2626 4624 2889 4686 possunt;
2921 4631 2987 4671 ac
3014 4617 3058 4668 si
3089 4623 3433 4680 moveantur,
3459 4629 3586 4669 eum

2015 4709 2157 4762 ﬂuxa
2213 4709 2323 4762 sint
2379 4708 2561 4761 omnia
2611 4721 2863 4777 corpora,
2919 4715 3360 4775 corrumpuntur,
3403 4705 3590 4775 sequi-

2024 4810 2217 4869 turque
2242 4800 2286 4853 is
2316 4806 2490 4852 motus
2519 4799 2609 4866 qui
2649 4799 2702 4850 in
2757 4796 3105 4866 corruptione
3163 4796 3244 4849 ﬁt.
3300 4796 3585 4851 Secundus

413 4909 459 4943 ’⁵³
483 4910 681 4980 Ephes.
707 4927 745 4975 ι,
769 4910 822 4966 5.
897 4911 943 4942 ⁸⁸
964 4910 1121 4966 Rom.
1153 4926 1269 4978 vm,
1299 4911 1392 4981 29,
1413 4911 1502 4966 50.
1567 4913 1612 4945 ⁸⁷
1635 4911 1778 4973 Psal.
1809 4899 1962 4976 cvm,
2025 4908 2053 4960 7

415 5031 525 5104 (56)
559 5032 1023 5102 Ἐξειλεγμένος.
1049 5031 1289 5103 Corrigit
1305 5031 1914 5105 Βεηιιεὶιις,ὲξειλεγμέ-

346 5119 468 5155 ικον.

415 5169 913 5247 (δηξῦξηταιίιιο
948 5173 1136 5247 _codex
1184 5169 1391 5236 ms.,in
1441 5186 1551 5240 quo
1600 5173 1740 5228 male
1779 5171 1912 5244 legit

345 5239 515 5312 editor
544 5243 885 5312 onniensis,
916 5239 1164 5312 εὓρηται.

413 5311 524 5380 (58)
568 5311 943 5378 Ὀνομαστός.
971 5307 1115 5380 Lego
1135 5307 1827 5380 ctthcnlleio.tlvouats'ri.

415 5375 526 5447 (59)
555 5375 987 5447 Μετὰτρέψειν,
1010 5375 1118 5432 οἷο.
1167 5375 1410 5433 Bentleio
1434 5375 1780 5432 scribendum
1816 5380 1898 5432 vi-

347 5447 517 5537 detur,
548 5451 589 5537 ᾗ
622 5449 985 5537 μετατρέψειε)
1026 5449 1116 5537 διά
1143 5448 1242 5537 τῆις
1273 5449 1435 5519 εὐχῆς
1465 5447 1629 5501 αὑτοῦ
1658 5447 1754 5519 τὴν
1787 5450 1920 5520 πρό-

347 5517 511 5590 θεσιν,
605 5517 684 5582 ὡς
710 5517 1322 5590 μὴςιπροδιαταξαμένῳ.

417 5589 526 5658 (40)
565 5585 920 5656 ’Δοκιμᾶζοόα
987 5585 1170 5658 ιιεςπ
1202 5585 1502 5656 Bentleius,
1549 5586 1916 5658 δοκιμαζόμε-

351 5673 454 5710 νον.

2091 5033 2202 5101 (ΔΗ)
2242 5028 2777 5101 Τῶνᾼκινουμέτνων,
2801 5038 2905 5082 etc.
2924 5027 3132 5101 Qoul‘er
3161 5039 3327 5101 caput
3353 5033 3586 5100 primum

2023 5098 2145 5157 libri
2184 5098 2330 5155 tertii
2366 5099 2444 5171 De
2476 5101 2772 5170 principiis,
2823 5106 2878 5152 ct
2920 5098 3116 5153 librum
3154 5113 3193 5152 It
3231 5098 3587 5171 ’Origeuiauo-

2020 5189 2157 5234 rum,
2186 5179 2375 5239 quaest.
2405 5169 2457 5223 ’7.

2083 5235 2437 5312 (42)“Κινῆτε
2454 5239 2558 5312 καὶ
2593 5237 2798 5312 ταῦτα,
2825 5237 3220 5312 etc.|_3entleius
3242 5239 3388 5312 legit,
3419 5235 3584 5312 «petyn

2005 5327 2064 5363 τε
2087 5304 2184 5364 καῖ
2202 5304 2711 5379 ταῦτασῷλρευστὰ
2743 5305 2878 5379 εἶναι
2899 5309 3076 5379 πάντα
3093 5312 3160 5359 τὰ
3187 5304 3441 5379 σώματα,
3468 5304 3586 5379 φοιῑ

2003 5396 2145 5452 νρντι
2177 5375 2718 5452 παρακολουθητικὴν
2747 5377 3019 5452 ext-3,310.
3051 5375 3306 5429 Dominus
3329 5375 3584 5428 Claudius

2020 5449 2234 5521 Fleury,
2259 5447 2361 5521 pro
2395 5447 2603 5521 κινῆτε,
2638 5447 3041 5521 ίιέεὶικινῆται,
3088 5457 3142 5499 et
3187 5451 3312 5496 ante
3348 5457 3567 5510 παρακο

2017 5518 2340 5588 λουθῆτικήν
2375 5519 2521 5571 atldit
2552 5518 2668 5588 καίῗ

2545 5557 2817 5638 ἓίῖίιοῢοι
2843 5583 3013 5636 codex
3043 5595 3139 5634 ms.
3177 5579 3358 5649 Editio
3403 5585 3584 5631 autem

2020 5658 2364 5722 Oxonicnsis,
2394 5656 2659 5713 δεύτερον.
