3974 6160
405 300 508 356 455

1849 299 2168 357 ORIGENIS

3545 313 3651 369 456

404 429 487 474 est
512 433 702 475 eorum
730 421 862 477 ordo
890 435 1010 490 quae
1031 427 1311 475 moventur
1355 417 1422 472 ab
1469 419 1844 480 incxsistcntel
1866 437 1963 476 na-

2068 420 2481 492 ὲνυπαρχούσης
2524 421 2737 490 φύσεως
2766 421 2798 492 ἢ
2829 422 3009 494 ψυχῆς
3039 422 3350 492 κινούμενα·
3395 427 3430 478 ἃ
3463 427 3558 480 καὶ
3592 427 3651 494 ἐξ

407 521 531 566 tura
557 521 650 565 aut
677 495 892 576 anima;
926 525 1044 580 quae
1081 500 1244 564 etiam
1272 525 1337 564 ex
1369 525 1426 565 se
1457 512 1665 566 moveri
1706 512 1892 567 dicunt
1930 515 1965 568 ii

403 603 495 672 qui
532 604 702 673 magis
741 605 956 672 proprie
1001 601 1276 657 vocabulis
1335 612 1583 656 utuntur.
1613 603 1832 658 Tertius
1885 616 1969 660 est

406 704 585 750 motus
615 695 957 757 animalium;
1021 695 1110 761 qui
1141 691 1320 748 mo‘tus
1378 710 1405 748 ιι
1462 709 1523 750 se
1562 696 1696 764 ipsis
1741 697 1964 750 dicitur.

407 784 604 838 Eorum
637 793 814 838 autem
837 800 955 852 quae
988 787 1200 840 ratione
1232 794 1459 841 utuntur
1479 796 1687 842 motum
1722 799 1851 856 puto
1874 804 1968 857 per

407 889 460 930 se
493 874 606 943 ipsa
643 888 762 928 esse
787 886 1015 928 motum.
1046 875 1198 942 Quod
1236 877 1281 931 si
1315 879 1382 931 ab
1411 878 1635 931 animali
1665 889 1866 933 motum
1904 881 1968 934 i-l-

401 967 512 1023 lum
548 983 576 1020 a
601 980 658 1020 se
689 968 806 1034 ipso
835 967 1244 1030 abstulerimus,
1271 965 1382 1032 jam
1417 982 1483 1021 ne
1514 968 1714 1021 animal
1744 969 1967 1037 quidem

400 1075 525 1115 esse
551 1059 1005 1127 iutelligijpotest,
1025 1060 1116 1114 sed
1131 1060 1436 1125 simileferit
1452 1069 1545 1114 aut
1569 1060 1764 1128 plantae
1797 1076 1914 1130 quae
1937 1077 1968 1116 a

402 1158 595 1202 natura
613 1149 726 1204 sola
748 1159 1019 1217 movetur,
1037 1159 1128 1204 aut
1144 1151 1306 1220 lapidi
1330 1152 1420 1221 qui
1446 1152 1513 1205 ab
1527 1162 1716 1208 extero
1739 1154 1967 1223 impelli-

402 1249 508 1294 tur.
527 1240 682 1306 Quod
708 1240 756 1293 si
776 1237 907 1308 qnid
927 1242 1202 1310 proprium
1235 1251 1495 1310 sequatur
1513 1253 1736 1312 motum,
1760 1260 1883 1299 cum
1915 1247 1968 1302 id

400 1329 702 1383 dixerimus
719 1343 816 1396 per
833 1343 892 1383 se
911 1330 1083 1398 ipsum
1106 1333 1334 1397 moveri,
1357 1333 1621 1387 rationale
1637 1334 1690 1387 id
1725 1349 1845 1389 esse
1875 1350 1968 1390 ne-

397 1430 555 1472 cesse
587 1426 692 1474 est.
725 1417 896 1487 Igitur
917 1418 1007 1486 qui
1027 1418 1295 1473 nihilesse
1323 1420 1510 1474 volunt
1530 1421 1580 1474 in
1601 1430 1785 1476 nostra
1814 1433 1968 1490 pote-

398 1516 562 1573 state,
583 1521 679 1561 eos
704 1507 1105 1576 ineptissimum
1130 1508 1258 1562 illud
1283 1509 1572 1564 admittere
1605 1525 1825 1566 necesse
1842 1523 1924 1567 est
1949 1529 1962 1564 :

397 1600 637 1668 primum
660 1611 759 1651 nos
777 1600 1082 1652 animantes
1113 1612 1221 1651 non
1240 1613 1385 1663 esse,
1404 1598 1595 1654 deinde
1611 1615 1788 1668 neque
1804 1603 1967 1657 ratio-

395 1689 574 1753 nales,
609 1691 703 1744 sed
723 1689 877 1758 quasi
893 1689 962 1744 ab
981 1699 1170 1744 extero
1191 1700 1385 1756 motos,
1410 1705 1587 1760 neque
1606 1695 1966 1763 nosmetipsos

2071 509 2246 564 αὐτῶν
2276 510 2542 565 κινεῖσθαι
2575 512 2787 581 λέγεται
2823 513 2973 583 παρὰ
3010 516 3122 576 τοῖς
3155 512 3484 587 κυριώτερον
3507 536 3649 589 χρω-

2073 601 2252 670 μένοις
2308 607 2419 666 τοῖς
2479 603 2718 673 ὀνόμασι.
2771 603 2939 674 Τρίτη
2994 604 3051 657 δέ
3080 605 3195 657 ἐστι
3246 605 3458 676 κίνησις
3502 612 3536 679 ή
3590 611 3649 664 ἐν

2069 695 2180 755 τοῖς
2215 691 2392 758 ζώοις,
2419 697 2539 765 ἥτις
2570 695 2892 765 ὀνομάζεται
2935 698 2968 766 ἡ
3014 697 3108 749 ἀπ’
3143 696 3306 749 αὑτοῦ
3347 698 3458 769 (44)
3503 701 3650 771 κίνη-

2071 799 2173 846 σις.
2211 779 2376 853 Οἶμαι
2409 786 2464 837 δὲ
2497 787 2578 837 ὅτι
2609 787 2642 856 ἡ
2673 788 2779 841 τῶν
2823 786 3054 853 λογικῶν
3107 789 3318 859 κίνησις
3355 791 3422 842 δι’
3469 793 3647 846 αὐτῶν

2069 873 2184 924 ἐστι
2219 874 2450 943 κίνησις.
2494 874 2618 928 Ἐὰν
2644 875 2699 927 δὲ
2728 875 3062 946 περιέλωμεν
3097 876 3205 928 ἀπὸ
3233 876 3324 928 τοῦ
3369 877 3508 942 ζώου
3551 880 3648 950 τὴν

2069 965 2162 1015 ἀπ’
2192 964 2355 1016 αὐτοῦ
2393 966 2604 1034 κίνησιν
2640 965 2773 1034 (45),
2808 965 2927 1017 οὐδὲ
2973 967 3110 1029 ζῶον
3142 967 3222 1018 ἔτι
3259 967 3318 1021 ὃν
3347 968 3648 1040 ὑπονοηθῆ-
3731 1043 3734 1045 _

2069 1071 2154 1106 ναι
2178 1053 2418 1118 δύναται,
2450 1054 2583 1107 ἀλλά
2607 1054 2757 1107 ἔσται
2784 1056 2966 1125 ὅμοιον
2988 1058 3107 1126 ἦτοι
3130 1057 3280 1127 φυτῷ
3306 1057 3410 1110 ὑπὸ
3433 1059 3647 1126 φύσεως

2072 1145 2239 1214 μόνης
2259 1145 2580 1215 κινουμένῳ,
2613 1145 2644 1214 ἢ
2675 1146 2804 1215 λίθῳ
2823 1147 2926 1198 ὑπό
2951 1164 3094 1210 τινος
3118 1146 3313 1212 ἔξωθεν
3339 1150 3641 1220 φερομένῳ.

2081 1233 2205 1286 Ἐάν
2237 1234 2294 1286 δὲ
2331 1234 2707 1305 παρακολουθῇ
2739 1253 2820 1298 τις
2854 1241 2918 1306 τῇ
2963 1234 3072 1308 (46)
3114 1236 3218 1306 ἰδίᾳ
3268 1239 3496 1308 κινήσει,
3527 1242 3646 1294 ἐπεὶ

2067 1324 2222 1378 τοῦτο
2247 1324 2310 1377 δι’
2345 1325 2508 1378 αὐτοῦ
2539 1327 2800 1380 κινεῖσθαι
2839 1328 3446 1400 ὠνομάσαμεν,ἁνάγκη
3488 1330 3646 1384 τοῦτο

2067 1411 2205 1467 εἶναι
2228 1414 2459 1483 λογικόν.
2479 1419 2540 1469 Oi
2564 1418 2740 1470 τοίνυν
2770 1418 3010 1481 θέλοντες
3038 1420 3202 1489 μηδὲν
3226 1417 3364 1473 εἶναι
3388 1421 3471 1490 ἐφ’
3491 1424 3642 1491 ἡμῖν,

2068 1508 2373 1576 ἀναγκαίως
2445 1508 2792 1577 ἡλιθιώτατόν
2850 1528 2903 1562 τι
2969 1512 3379 1581 παραδέξονται,
3427 1516 3642 1584 πρῶτον

2073 1599 2167 1668 μὲν
2194 1598 2304 1669 (47)
2328 1600 2408 1651 ὅτι
2430 1600 2529 1651 οὐκ
2562 1600 2727 1670 ἐσμὲν
2763 1601 2896 1664 ζῶα,
2926 1601 3176 1672 δεύτερον
3205 1604 3262 1656 δὲ
3289 1605 3370 1657 ὅτι
3413 1605 3533 1658 οὐδὲ
3560 1607 3644 1660 λο-

2068 1687 2216 1754 γικά·
2265 1686 2378 1740 ἀλλ’
2438 1682 2548 1740 οἷον
2593 1688 2699 1740 ὑπὸ
2741 1689 2938 1752 ἔξωθεν
2985 1689 3260 1755 κινοῦντος
3297 1694 3453 1746 αὐτοὶ
3494 1696 3643 1750 οὐδα-

397 1779 671 1832 ullatenus
707 1787 1007 1841 moventes,
1035 1777 1109 1830 ita
1142 1788 1201 1830 ut
1225 1778 1292 1831 ab
1323 1777 1415 1833 illo
1456 1776 1572 1830 ﬁeri
1598 1778 1823 1833 dicenda
1859 1780 1964 1834 sint

2071 1777 2186 1846 μῶς
2230 1777 2560 1847 κινούμενοι,
2607 1783 2782 1832 ποιεῖν
2839 1781 2931 1833 ὑπ’
2991 1781 3200 1835 ἐκείνου
3259 1784 3569 1854 λεγοίμεθα,
3605 1785 3643 1840 ἃ.

397 1882 517 1936 qua:
551 1868 732 1921 facere
761 1866 1050 1921 credimur.
1089 1867 1357 1922 Praeterea
1394 1869 1641 1922 attendat
1675 1869 1869 1937 aliquis
1903 1870 1970 1924 iis

394 1971 519 2025 qua:
549 1956 601 2009 in
624 1971 684 2010 se
704 1954 887 2018 sentit,
915 1966 967 2010 et
990 1956 1172 2009 videat
1206 1970 1274 2008 an
1301 1956 1419 2010 sine
1445 1957 1773 2026 impudentia
1807 1973 1968 2028 nega-

395 2062 457 2102 re
475 2046 634 2116 207
654 2044 892 2115 possitse
917 2046 1088 2114 ipsum
1108 2045 1344 2110 velle,se
1373 2045 1546 2115 ipsum
1577 2049 1885 2114 comedere,
1910 2063 1969 2104 se

393 2137 574 2206 ipsum
601 2135 900 2201 ambulare,
930 2150 988 2190 se
1013 2136 1185 2204 ipsum
1211 2135 1464 2190 assentiri
1484 2144 1539 2191 et
1559 2137 1830 2206 quaslibet
1849 2138 1967 2208 opi-

393 2228 588 2281 niones
614 2227 879 2294 accipere,
912 2241 972 2280 se
1002 2226 1176 2294 ipsum
1207 2225 1314 2279 alia
1341 2227 1581 2282 abnuere
1610 2236 1670 2282 ut
1701 2227 1860 2282 falsa.
1899 2227 1967 2285 Ut

391 2318 565 2386 igitur
600 2317 848 2386 quadam
881 2317 1165 2372 sententia:
1201 2327 1329 2373 sunt
1353 2319 1551 2386 quibus
1579 2332 1854 2387 nunquam
1879 2320 1968 2374 ad-

391 2411 516 2465 duci
547 2411 750 2482 poterit
791 2410 952 2464 homo
986 2420 1046 2465 ut
1075 2411 1413 2466 assentiatur
1447 2413 1797 2478 quantumvis
1829 2411 1967 2465 mul-

391 2501 465 2558 tis
493 2500 907 2572 probationibus
935 2509 1143 2566 utatur,
1171 2511 1224 2554 et
1251 2501 1604 2570 quantumvis
1630 2502 1796 2556 multa
1820 2502 1967 2556 dicat

392 2595 462 2646 ad
501 2593 936 2664 persuadendmn
987 2591 1337 2661 conquisita:
1372 2592 1451 2646 sic
1479 2592 1594 2647 ﬁeri
1643 2607 1747 2667 non
1789 2602 1966 2663 potest

390 2694 456 2738 ut
485 2685 560 2738 ita
602 2685 891 2754 quisquam
935 2683 1003 2738 de
1055 2683 1217 2737 rebus
1247 2683 1499 2737 humanis
1529 2684 1770 2749 sentiat,
1807 2684 1964 2752 quasi

390 2776 533 2830 nihil
565 2783 783 2830 maneat
813 2775 864 2828 in
894 2784 1080 2829 nostra
1119 2781 1409 2845 potestate.
1446 2772 1578 2838 Quis
1613 2775 1758 2828 enim
1789 2774 1964 2829 credit

391 2869 531 2926 nihil
572 2877 754 2923 mente
783 2867 1176 2936 comprehendi
1205 2881 1389 2936 posse,
1421 2877 1514 2920 aut
1548 2867 1621 2920 ita
1656 2867 1788 2920 vivit
1814 2877 1871 2920 ut
1900 2869 1964 2922 de

388 2960 554 3015 rebus
576 2960 848 3021 erunibus,
873 2973 1210 3026 quaecunque
1235 2958 1450 3012 tandem
1465 2956 1569 3011 illa:
1583 2958 1712 3021 sint,
1733 2958 1964 3014 dubitet?

391 3051 530 3118 Quis
559 3067 666 3105 non
709 3053 956 3118 increpat
1009 3049 1271 3102 famulum
1323 3064 1443 3102 cum
1493 3048 1768 3116 peccantis
1820 3051 1959 3104 servi

2069 1870 2240 1920 ποιεῖν
2265 1868 2616 1937 νομιζόμεθα.
2653 1867 2859 1930 Ἄλλως
2888 1886 2945 1921 τε
2970 1871 3062 1923 καὶ
3089 1874 3201 1933 τοῖς
3233 1871 3380 1935 ίδίοις
3409 1873 3638 1927 πάθεσιν

2068 1957 2368 2025 ἐπιστήσας
2393 1974 2475 2020 τις
2505 1958 2704 2028 ὁράτω,
2747 1959 2796 2009 εί
2838 1959 2912 2030 μὴ
2957 1959 3188 2024 ἀναιδῶς
3221 1963 3336 2032 ἐρεῖ
3372 1963 3447 2033 μὴ
3480 1965 3642 2028 αὐτὸς

2069 2049 2270 2116 θέλειν,
2300 2051 2392 2103 καὶ
2423 2049 2496 2121 μὴ
2519 2051 2678 2114 αὐτὸς
2705 2051 2924 2115 ἐσθίειν,
2956 2054 3050 2106 καὶ
3074 2054 3166 2125 ιμὴ
3203 2057 3364 2119 αὐτὸς
3391 2074 3630 2128 περιπα-

2067 2145 2201 2205 τεῖν,
2234 2142 2370 2212 μηδέ
2402 2143 2563 2204 αὐτὸς
2596 2144 3084 2212 συγκατατίθεσθαι
3111 2147 3208 2199 καὶ
3236 2149 3639 2220 παραδέχεσθαι

2067 2232 2435 2304 ὁποιαδήποτε
2479 2233 2586 2287 τῶν
2634 2234 2924 2304 δογμάτων
2947 2276 2962 2301 ,
3015 2237 3150 2307 μηδὲ
3174 2239 3337 2303 αὐτὸς
3363 2241 3642 2298 ἀνανεύειν

2067 2325 2204 2396 πρὸς
2228 2324 2391 2395 ἕτερα
2417 2325 2492 2388 ὡς
2515 2325 2706 2396 ψευδῆ.
2737 2327 2947 2398 Ὥσπερ
2971 2324 3062 2383 οὖν
3088 2331 3224 2401 πρός
3245 2350 3367 2387 τινα
3397 2334 3642 2405 δόγματα

2067 2413 2347 2484 ἀμήχανον
2373 2414 2736 2469 διατεθεῖσθαι
2763 2415 2874 2486 (48)
2907 2416 3214 2489 ἄνθρωπον,
3247 2421 3352 2476 κᾶν
3381 2425 3642 2494 μυριάκις

2065 2503 2204 2556 αὐτὰ
2232 2503 2612 2575 κατασκευάζῃ
2664 2505 3041 2576 εὑρεσιλογῶν,
3071 2510 3164 2561 καὶ
3197 2510 3439 2576 πιθανοῖς
3466 2513 3641 2582 λόγοις

2065 2595 2377 2664 χρώμενος’
2414 2597 2590 2660 οὕτως
2636 2599 2894 2656 ἀδύνατον
2943 2601 3300 2654 διατεθεῖσθαί
3338 2621 3458 2656 τινα
3514 2605 3642 2676 περὶ

2064 2683 2170 2738 τῶν
2200 2686 2549 2757 ἀνθρωπίνων
2585 2689 2660 2752 ὡς
2697 2691 2962 2761 μηδαμῶς
2991 2691 3084 2744 τοῦ
3119 2695 3352 2764 ἐφ’ήμῖν
3395 2695 3638 2766 σωζομέ-

2064 2792 2174 2826 νου.
2209 2777 2305 2839 Τίς
2359 2778 2468 2850 γὰρ
2503 2779 2769 2833 διάκειται
2813 2782 2940 2852 περὶ
2970 2783 3062 2834 τοῦ
3100 2783 3263 2853 μηδὲν
3295 2780 3432 2838 εἶναι
3474 2803 3641 2840 κατα.-

2064 2864 2264 2934 ληπτὸν
2284 2905 2298 2930 ,
2335 2867 2365 2937 ἢ
2397 2869 2570 2931 οὕτως
2616 2870 2721 2938 βιοῖ
2751 2871 2827 2934 ὡς
2852 2872 3061 2941 ἐπέχων
3107 2875 3232 2942 περὶ
3275 2876 3472 2939 παντὸς
3497 2879 3640 2930 οὑτι-

2064 2952 2279 3018 νοσὸῦν;
2305 2955 2399 3016 Τίς
2414 2955 2468 3007 δέ
2485 2958 2583 3009 οὐκ
2605 2958 2940 3029 ἐπιπλήττει,
2967 2962 3262 3028 φαντασίαν
3288 2964 3637 3035 ἁμαρτήσαν-

2065 3060 2154 3106 τος
2180 3044 2386 3097 οἰκέτου
2431 3045 2630 3111 λαϐὼν,
2663 3048 2738 3118 τῷ
2774 3049 3096 3120 θεράποντι;
3145 3054 3250 3104 Καὶ
3283 3053 3364 3116 τίς
3397 3056 3541 3108 ἐστιν
3570 3056 3629 3118 ὃς

391 3141 631 3209 speciem
663 3141 848 3193 animo
897 3139 1247 3208 perceperit?
1279 3137 1408 3202 Quis
1450 3138 1617 3193 lilium
1655 3156 1759 3194 non
1800 3156 1960 3195 accu-

2067 3133 2140 3205 μὴ
2170 3135 2408 3188 αἰτιᾶται
2439 3137 2553 3188 υἱὸν
2586 3139 2645 3190 τὸ
2675 3112 2812 3209 πρὸς
2841 3112 3033 3208 ’γονεῖς
3062 3112 3300 3212 καθῆκον
3453 3112 3638 3198 ἁποδιζ

391 3241 481 3287 sat
509 3231 690 3287 debita
719 3230 1039 3298 parentibus
1064 3230 1326 3299 obsequia
1352 3245 1457 3285 non
1483 3231 1832 3284 reddentem?
1858 3233 1962 3284 Aut

390 3337 504 3378 non
536 3324 784 3391 queritur
810 3332 865 3375 et
912 3322 1183 3389 vituperat
1232 3322 1384 3389 quasi
1437 3322 1668 3389 turpiter
1712 3333 1959 3391 agentem

395 3415 680 3469 mulierem
727 3413 1070 3467 adulteram?
1106 3412 1221 3466 Vim
1257 3413 1398 3466 enim
1432 3412 1562 3466 facit
1610 3414 1724 3481 ipsa
1763 3415 1962 3470 veritas

390 3516 446 3560 et
471 3506 638 3574 cogit,
669 3505 1026 3575 quantumvis
1055 3503 1299 3559 cavillari
1352 3505 1552 3569 libeat,
1587 3504 1788 3574 impetu
1819 3520 1959 3574 quo-

391 3599 517 3652 dam
548 3598 602 3652 in
633 3597 818 3653 laudes
849 3606 904 3651 et
934 3597 988 3651 in
1020 3597 1289 3666 vituperia
1317 3597 1482 3659 ferri,
1537 3598 1679 3666 quod
1735 3613 1860 3652 vere
1890 3600 1961 3653 sit

391 3690 602 3758 aliquid
653 3690 704 3744 in
741 3697 927 3745 nostra
962 3696 1232 3758 potestate
1259 3731 1274 3757 ,
1327 3689 1494 3757 idque
1544 3689 1629 3742 vel
1679 3689 1837 3741 laude
1878 3690 1961 3744 vel

390 3781 716 3835 contumelia
752 3782 996 3850 dignum.
1035 3780 1204 3848 Igitur
1247 3780 1292 3833 si
1328 3790 1576 3833 nostrum
1611 3789 1864 3832 servatur
1891 3780 1958 3834 li-

391 3872 584 3926 berum
617 3870 904 3925 arbitrium
939 3886 1050 3938 quo
1084 3872 1385 3925 innumeris
1417 3871 1592 3924 modis
1631 3869 1714 3922 vel
1751 3873 1818 3924 ad
1846 3872 1960 3923 vir-

391 3972 536 4017 tutes
585 3962 669 4016 vel
704 3963 770 4015 ad
803 3963 1063 4028 vitia,vel
1095 3964 1162 4015 ad
1192 3977 1257 4016 ea
1287 3976 1402 4030 quae
1434 3963 1653 4025 decent,
1685 3962 1771 4016 vel
1801 3963 1868 4016 ad
1898 3978 1960 4018 ea

391 4069 514 4123 quae
555 4056 624 4108 ab
653 4053 824 4108 otIicio
855 4063 980 4108 sunt
1023 4053 1304 4119 aberrant,
1329 4057 1746 4124 propendemus,
1780 4055 1864 4108 vel
1893 4055 1960 4108 ab

393 4146 583 4200 iisdem
636 4144 1014 4204 declinamus:
1059 4157 1285 4200 necesse
1311 4146 1532 4200 esthoc
1577 4160 1701 4198 cum
1741 4144 1962 4213 reliquis

391 4249 680 4309 antequam
741 4238 830 4302 sit,
888 4237 997 4292 Deo
1033 4245 1226 4290 notum
1251 4252 1372 4292 esse
1395 4250 1423 4289 a
1455 4236 1730 4292 creatione
1757 4246 1811 4290 et
1833 4252 1961 4291 con-

391 4330 675 4386 stitutione
711 4329 897 4383 mundi
937 4329 1097 4398 quale
1126 4327 1368 4390 futurum
1393 4328 1501 4394 sit;
1533 4337 1587 4383 et
1619 4329 1672 4382 in
1707 4329 1960 4384 omnibus

390 4436 511 4490 quae
564 4420 953 4491 praeordinavit
999 4420 1140 4474 Deus
1171 4459 1186 4484 ,
1221 4430 1619 4489 consequenter
1651 4428 1710 4474 ut
1759 4436 1956 4474 unum—
1990 4444 2036 4498 ι)

392 4513 644 4581 quodque
674 4513 813 4567 vidit
854 4513 906 4565 in
937 4521 1122 4566 nostra
1147 4512 1389 4568 futurum
1423 4522 1717 4581 potestate,
1758 4528 1960 4582 prazor-

394 4600 611 4656 tlinasse
634 4603 794 4655 etiam
851 4611 1012 4669 prout
1062 4602 1230 4670 exigit
1259 4604 1486 4672 quilibet
1520 4605 1690 4659 nostri
1746 4605 1959 4659 arbitrii

393 4702 598 4756 motus,
635 4691 767 4759 quid
818 4692 917 4759 ipsi
965 4693 1158 4746 debeat
1187 4707 1252 4745 ex
1285 4695 1634 4760 providentiae
1681 4705 1834 4764 parte
1870 4711 1958 4750 re-

394 4781 688 4849 spondere,
712 4781 838 4848 quid
875 4780 1026 4848 juxta
1081 4785 1472 4837 connexionem
1513 4801 1692 4839 rerum
1745 4783 1957 4838 futura-

397 4886 514 4924 rum
539 4872 819 4926 accidere:
853 4888 956 4926 non
991 4874 1135 4941 quod
1179 4875 1519 4942 praescientia
1561 4877 1656 4930 Dei
1694 4892 1858 4932 causa
1888 4880 1960 4933 sit

395 4976 585 5015 eorum
615 4963 856 5016 omnium
909 4977 1030 5030 quae
1083 4963 1256 5018 futura
1295 4975 1421 5020 sunt
1474 4976 1530 5019 et
1562 4981 1682 5035 qua:
1737 4971 1958 5038 proprio

435 5072 578 5154 _(lr!t)
635 5073 749 5124 Ἀπ’
799 5074 1003 5128 αὑτοῦ.
1055 5075 1198 5144 Lego
1247 5092 1365 5129 cum
1420 5075 1684 5144 Bentleio,
1725 5080 1819 5132 ἀπ’
1861 5082 1958 5134 αὐ-

427 5161 521 5195 ων.

390 5159 424 5198 τ
464 5211 596 5282 (45)-
639 5211 754 5282 Ἀπ’
788 5211 984 5282 (αὑτοῦ
1033 5214 1294 5279 κίνησιν.
1352 5212 1448 5267 llic
1512 5215 1706 5270 iterum
1770 5219 1957 5276 mallet

393 5277 689 5352 Bentleius,
705 5281 799 5331 ἀπ’
816 5281 992 5335 αὐτῶν
1011 5277 1252 5352 κίνησιν.

466 5350 577 5422 (46)
605 5351 1032 5420 Παρακολουθῇ
1076 5350 1164 5416 τις
1191 5351 1284 5420 τῇ,
1319 5362 1424 5405 etc.
1465 5351 1616 5420 Legit
1659 5355 1950 5422 Bentleius,

396 5421 778 5506 παρακολουθῇ
811 5439 864 5474 τι
885 5425 950 5493 τῇ
984 5421 1090 5492 ίδίᾳ
1117 5424 1348 5492 κινήσει,
1376 5423 1498 5476 ἐπεὶ
1518 5423 1674 5477 τοῦτο
1702 5425 1746 5476 δ’
1776 5421 1954 5484 αὐτῶν

396 5491 850 5631 έιίῗξίὶοίῖρῶτον
867 5562 1004 5631 μέν,
1043 5569 1149 5615 etc.
1175 5558 1644 5631 Bentleiuslocum
1687 5562 1952 5631 integrum

397 5629 473 5704 sic
486 5629 902 5704 legit_:_ﬂptbccv
918 5632 1026 5704 per;
1055 5633 1135 5704 ὅτι
1159 5632 1272 5704 ούκὲ
1288 5633 1452 5704 ἐσμεν
1469 5630 1686 5704 λογικὰ,
1704 5629 1952 5704 δεύτερον

396 5698 454 5752 δὲ
482 5696 564 5753 ὃτί
588 5701 707 5754 οὐδὲ
734 5696 878 5769 ζῶα,
906 5696 1017 5755 ἀλλ’
1048 5696 1155 5759 οἷον
1185 5702 1288 5756 ὑπὸ
1316 5696 1832 5770 ἔξωθενκινοῦντος,
1858 5696 1953 5757 αὺ-

2064 3221 2252 3288 δόντα;
2291 3226 2360 3276 Ἢ
2407 3226 2480 3297 μὴ
2531 3226 2803 3296 μέμφεται
2844 3232 2938 3282 καὶ
2989 3229 3144 3298 ψέγει
3177 3232 3248 3294 ὡς
3289 3232 3508 3302 αἰσχρὸν
3543 3250 3638 3286 πε-

2064 3319 2352 3384 ποιηκυῖαν
2393 3317 2491 3388 τὴν
2518 3320 2984 3392 μεμοιχευμένην;
3015 3323 3271 3386 Βιάζεται
3298 3325 3406 3397 γὰρ
3436 3329 3469 3396 ή
3501 3325 3634 3398 ἀλή-

2065 3408 2184 3463 θεια
2216 3413 2310 3465 καὶ
2339 3414 2660 3483 ἀναγκάζει,
2707 3416 2808 3470 κᾶν
2858 3417 3118 3487 μυριάκις
3167 3437 3253 3482 τις
3287 3421 3632 3492 εὑρεσιλογῇ,

2062 3501 2238 3570 ὀρμᾷν
2267 3504 2357 3555 καὶ
2387 3505 2629 3558 ἐπαινεῖν
2661 3505 2754 3558 καὶ
2785 3504 2972 3574 ψέγειν
2991 3524 3004 3536 °
3057 3509 3133 3570 ὡς
3177 3508 3508 3579 τηρουμένου
3540 3511 3632 3564 τοῦ

2062 3589 2147 3657 ἐφ’
2201 3592 2330 3660 ἡμῖν
2363 3593 2458 3644 καὶ
2503 3591 2692 3646 τούτου
2743 3595 3022 3648 ἐπαινετοῦ
3053 3597 3084 3666 ἢ
3114 3597 3312 3666 ψεκτοῦ
3349 3599 3632 3669 γινομένου

2063 3684 2193 3751 παρ’
2219 3684 2384 3753 ἡμᾶς.
2419 3685 2482 3736 Εἰ
2524 3683 2587 3754 δὴ
2619 3686 2678 3737 τὸ
2718 3687 2803 3755 ἐφ’
2831 3689 2965 3757 ἡμῖν
2988 3687 3218 3752 σώζεται
3259 3691 3456 3760 μυρίας
3503 3692 3634 3756 ὅσας

2063 3773 2380 3837 ἀπονεύσεις
2416 3774 2526 3844 (49)
2569 3776 2690 3845 ἕχον
2737 3777 2873 3848 πρὸς
2927 3778 3130 3850 ἀρετὴν
3177 3779 3208 3850 ἢ
3258 3781 3482 3844 κακίαν,
3541 3783 3632 3835 καὶ

2064 3863 2222 3917 πάλιν
2255 3865 2287 3936 ἢ
2320 3865 2455 3934 πρὸς
2484 3866 2542 3918 τὸ
2593 3867 2831 3937 καθῆκον
2866 3869 2898 3938 ἢ
2933 3869 3067 3938 πρὸς
3093 3871 3152 3922 τὸ
3185 3871 3333 3942 παρὰ
3361 3872 3420 3924 τὸ
3460 3873 3630 3943 καθῆ-

2063 3971 2154 4008 κον
2172 3971 2184 3983 ·
2212 3955 2524 4022 ἀναγκαίως
2545 3957 2701 4010 τοῦτο
2734 3959 2868 4028 μετὰ
2894 3959 2998 4014 τῶν
3027 3961 3226 4016 λοιπῶν
3256 3965 3383 4034 πρὶν
3410 3964 3631 4035 γένηται

2062 4045 2137 4115 τῷ
2160 4045 2278 4116 Θεῷ
2298 4046 2559 4115 ἔγνωσται
2586 4048 2694 4101 ἀπὸ
2715 4050 2944 4114 κτίσεως
2968 4053 3059 4105 καὶ
3081 4055 3383 4126 καταϐολῆς
3403 4055 3628 4126 κόσμου,

2062 4138 2244 4192 ὁποῖον
2291 4137 2481 4190 ἔσται’
2535 4140 2629 4192 καὶ¹
2659 4141 2716 4193 ἐν
2765 4143 2928 4194 πᾶσιν
2968 4137 3050 4206 οἷς
3102 4146 3553 4214 προδιατάσσεται
3602 4149 3632 4200 ὁ

2062 4226 2195 4290 Θεὸς
2225 4228 2530 4293 ἀκολούθως
2559 4230 2635 4294 ὡς
2665 4230 2877 4303 ἑώρακε
2912 4232 3022 4303 (50)
3058 4237 3184 4304 περὶ
3215 4237 3444 4291 ἑκάστου
3468 4238 3630 4309 ἔργου

2061 4319 2168 4373 τῶν
2215 4322 2299 4389 ἐφ’
2326 4324 2455 4392 ἡμῖν
2491 4323 2944 4393 προδιατέτακται
2973 4327 3092 4379 κατ’
3133 4327 3286 4392 ἀξίαν
3314 4332 3528 4402 ἑκάστῳ
3555 4349 3633 4385 κι-

2061 4414 2259 4484 νήματι
2311 4414 2417 4468 τῶν
2456 4417 2540 4482 ἐφ’
2589 4419 2721 4487 ἡμῖν
2773 4419 2833 4470 τὸ
2858 4419 2951 4471 καὶ
2980 4419 3086 4471 ἀπὸ
3116 4421 3212 4490 τῆς
3246 4423 3498 4492 προνοίας
3530 4425 3630 4477 αὺ-

2060 4501 2138 4571 τῶ
2183 4503 2651 4574 ἀπαντησόμενον,
2691 4507 2771 4560 ἔτι
2806 4507 2862 4560 δέ
2888 4508 2980 4561 καὶ
3003 4509 3142 4562 κατά
3173 4511 3261 4564 τὸν
3307 4513 3494 4582 εἱρμὸν
3523 4513 3630 4568 τῶν

2061 4595 2333 4665 ἐσομένων
2387 4596 2826 4668 συμϐησόμενον·
2866 4601 2988 4674 οὐχ).
3021 4601 3118 4670 τῆς
3149 4604 3507 4671 προγνώσεως
3537 4606 3629 4658 τοῦ

2060 4685 2193 4738 Θεοῦ
2226 4687 2401 4750 αἰτίας
2450 4689 2742 4761 γινομένης
2791 4695 2901 4754 τοῖς
2933 4691 3210 4762 ἐσομένοις
3253 4697 3406 4760 πᾶσι,
3446 4698 3539 4750 καὶ
3568 4699 3630 4752 ὲκ

2058 4778 2152 4832 τοῦ
2176 4780 2258 4848 ἐφ’
2281 4781 2410 4849 ἡμῖν
2430 4780 2572 4833 κατὰ
2593 4781 2688 4852 τὴν
2715 4783 2888 4854 ὁρμὴν
2912 4785 3066 4854 ἡμῶν
3090 4787 3626 4858 ἐνεργηθησομένοις.

2058 4869 2120 4920 Εἰ
2147 4868 2254 4939 γὰρ
2282 4871 2375 4922 καὶ
2397 4869 2514 4922 καθ’
2541 4872 2791 4926 ὑπόθεσιν
2828 4875 2901 4945 μὴ
2929 4874 3182 4944 γινώσκοι
3207 4879 3235 4930 ὁ
3257 4878 3390 4943 Θεὸς
3417 4880 3484 4932 τὰ
3512 4881 3628 4935 ἐσό·

2062 4973 2196 5025 μενα
2223 4997 2237 5022 ,
2264 4959 2323 5010 ού
2357 4959 2504 5029 παρὰ
2536 4960 2692 5014 τοῦτο
2739 4961 3064 5033 ἀπειλοῦμεν
3110 4962 3220 5036 (51)
3265 4966 3323 5018 τὸ
3355 4967 3478 5020 τάδε
3510 4969 3626 5024 τινὰ

2057 5089 2146 5163 τοὶ,
2165 5088 2324 5163 «ἀπ’
2352 5089 2527 5163 αὐτῶν
2549 5092 2796 5163 οὐδαμῶς
2819 5093 2966 5146 κινού
2976 5111 3144 5162 μενοι.

2131 5157 2242 5227 (48)
2271 5157 2694 5215 Διατεθεῖσθαιξ
2730 5163 2821 5215 Sic
2851 5157 3008 5214 habet
3045 5165 3145 5217 hoc
3203 5164 3323 5220 loco
3375 5175 3430 5219 et
3480 5165 3618 5220 infra

2060 5229 2229 5303 cedes
2259 5246 2396 5303 ms.,
2451 5245 2729 5303 perperam
2764 5247 2890 5285 vero
2922 5233 3212 5303 utrobique
3263 5235 3431 5298 editio
3477 5236 3624 5290 Oxo-

2059 5296 2282 5368 niensis,
2297 5296 2640 5368 (διατεθῆναι.

2295 5365 2691 5442 Ἀπρι·εὐσεις.
2761 5369 3093 5432 Ἐπινεύσεις
3161 5372 3194 5442 ἣ
3267 5373 3624 5442 ἀπονεύσεις,

2057 5433 2187 5504 legit
2217 5433 2515 5489 Bentleius.

2265 5505 2627 5577 Ἀ-κογῖρύθως
2655 5504 2732 5570 ὡς
2755 5505 2989 5572 ἑώρακε.
3019 5505 3173 5575 Legit
3185 5508 3482 5577 Bentleius,
3499 5514 3621 5569 ἁκο-

2055 5571 2256 5637 λούθως
2285 5571 2364 5636 οἷς
2393 5573 2620 5644 ἑώρακε.

2128 5645 2239 5715 (51)
2285 5642 2687 5711 Ἀπειλοῦμεν.
2722 5644 2867 5704 Idem
2901 5647 3060 5717 legit,
3097 5649 3425 5719 ἀπολοῦμεν.
