3974 6160
366 269 466 323 457

1563 261 1893 319 LIBELLUS
1926 260 2013 314 DE
2053 256 2426 314 OR'ATIONE.

3520 256 3624 311 4⁸53

361 390 673 460 ὲνεργήσειν
704 389 797 443 καὶ
818 390 942 443 τάδε
969 387 1244 459 θελήσειν·
1285 385 1443 438 πλέον
1468 384 1523 437 δὲ
1553 385 1659 437 ἀπὸ
1687 384 1785 455 τῆς
1820 400 1942 454 προ

2051 391 2195 434 motu
2222 379 2560 446 arbitrioque
2595 384 2780 430 nostro
2812 374 3060 430 effecturi
3088 389 3300 431 sumus.
3325 376 3445 433 Etsi
3480 380 3621 433 enim

362 480 616 544 γνώσεως
645 483 855 551 γίνεται
881 482 940 534 τὸ
971 481 1262 546 κατάταξιν
1285 477 1582 548 λαμϐάνειν
1617 478 1695 540 εἰς
1725 476 1820 547 τὴν
1851 475 1943 528 τοῦ

361 572 561 635 παντὸς
591 573 855 645 διοίκησιν
883 572 1114 644 χρειώδη
1151 573 1217 641 τῇ
1248 570 1339 624 τοῦ
1374 570 1583 639 κόσμου
1616 567 1944 623 καταστάσει

360 662 421 717 τὸ
451 664 681 717 ἑκάστου
724 666 976 735 ἐφ’ήμῖν.
1013 666 1075 717 Εἰ
1108 664 1289 718 τοίνυν
1322 662 1382 715 τὸ
1412 661 1643 714 ἑκάστου
1698 660 1783 729 ἐφ’
1815 660 1943 728 ἡμῖν

362 754 511 826 αὐτῷ
555 755 839 825 ἔγνωσται,
876 757 968 809 καὶ
1015 756 1101 807 διὰ
1132 753 1286 807 τοῦτο
1308 749 1726 824 προεωραμένον
1756 747 1901 817 αὐτῷ
1927 788 1941 811 ,

361 845 699 899 διατάττεται
730 846 839 917 (52)
863 847 970 900 ἀπὸ
988 847 1086 916 τῆς
1110 845 1363 915 προνοίας
1381 843 1441 895 τὸ
1461 842 1578 895 κατ’
1598 840 1751 907 ἀξίαν
1785 840 1944 891 παντὶ

361 936 423 990 τὸ
446 935 665 1005 εὔλογον
685 954 698 969 °
734 939 827 991 καὶ
856 938 915 990 τὸ
946 937 997 989 τί
1030 935 1250 1005 εὔξηται
1271 952 1284 964 ·
1327 935 1487 987 ποίαν
1515 931 1752 1011 διάθεσιν
1804 929 1941 999 ἔχων

360 1028 392 1081 6
414 1028 560 1082 δεῖνα
588 1028 761 1092 οὕτως
783 1029 1083 1082 πιστεύων·
1112 1029 1206 1080 καὶ
1234 1027 1286 1079 τί
1318 1025 1637 1096 βουλόμενος
1667 1021 1815 1091 αύτῷ
1846 1038 1940 1088 γε-

360 1117 548 1173 νέσθαι
572 1159 586 1184 ,
624 1120 1085 1190 προκατείληπται
1104 1136 1116 1148 ·
1154 1112 1213 1172 οὗ
1239 1114 1781 1187 προκαταληφθέντπ
1802 1154 1816 1177 ,
1848 1113 1941 1165 καὶ

359 1211 600 1266 τοιοῦτόν
630 1230 682 1263 τι
717 1211 1022 1274 ἀκολούθως
1060 1212 1116 1263 ὲν
1148 1213 1213 1281 τῇ
1261 1208 1500 1274 διατάξει
1529 1206 1829 1271 τετάξεται,
1862 1208 1941 1259 ὅτι

361 1302 514 1357 τοῦδε
569 1304 669 1375 μὲν
699 1304 1074 1374 ὲπακούσομαι
1107 1301 1338 1365 συνετῶς
1372 1300 1480 1372 (55)
1513 1299 1803 1369 εὐξομένου
1828 1338 1842 1362 ,
1874 1298 1940 1350 δι’

359 1395 532 1466 αὐτὴν
561 1395 658 1464 τὴν
694 1396 861 1466 εὐχὴν
898 1396 964 1466 ἣν
1025 1394 1239 1461 εὔξεται
1260 1411 1272 1423 ·
1309 1393 1463 1446 τοῦδε
1497 1391 1553 1444 δὲ
1581 1394 1680 1445 οὐκ
1708 1390 1940 1443 ἐπακού-

364 1503 548 1555 σομαι,
609 1486 726 1557 ἤτοι
750 1486 839 1537 διὰ
865 1486 923 1538 τὸ
962 1486 1178 1551 ἀνάξιον
1217 1484 1433 1537 ἔσεσθαι
1466 1482 1557 1535 τοῦ
1603 1482 1942 1551 ὲπακουσθή-

361 1576 583 1640 σεσθαι,
638 1576 672 1646 ἢ
702 1575 789 1628 διὰ
818 1576 877 1627 τὸ
910 1576 1082 1629 ταῦτα
1110 1573 1560 1641 αὐτὸν-εὖξασθαι
1586 1573 1719 1643 (54),
1745 1573 1779 1626 ἃ
1801 1576 1938 1643 μήτε

358 1668 438 1737 τῷ
486 1666 761 1737 εὐχομένω
794 1667 1059 1719 λυσιτελεῖ
1100 1665 1320 1729 λαϐεῖν,
1384 1666 1519 1735 μήτε
1562 1666 1685 1734 ἐμοὶ
1732 1664 1938 1735 πρέπον

361 1763 681 1830 παρασχεῖν·
699 1760 790 1811 καὶ
812 1760 949 1812 κατὰ
970 1759 1123 1829 τήνδε
1146 1759 1241 1828 μὲν
1263 1758 1359 1828 τὴν
1380 1757 1562 1828 εὐχὴν,
1590 1757 1721 1826 φέρε
1744 1758 1936 1821 εἰπεῖν,

358 1848 451 1900 τοῦ
482 1849 673 1911 δεῖνος,
702 1850 801 1901 ούκ
836 1847 1213 1918 ὲπακούσομαι
1253 1845 1415 1900 αὐτοῦ
1436 1865 1447 1876 ⁸
1473 1846 1612 1899 κατά
1662 1845 1817 1898 τοῦδε
1861 1845 1936 1909 δὲ,

360 1938 737 2009 ἐπακούσομαι
786 1940 919 2008 (55).
961 1940 1085 1993 Ἐάν
1131 1938 1187 1991 δέ
1247 1956 1329 2001 τις
1371 1940 1707 2009 ταράττηται
1754 1937 1842 1989 διὰ
1881 1937 1939 1988 τὸ

364 2031 438 2100 μὴ
463 2031 523 2082 οὐ
553 2030 861 2100 ψεύσασθαι
884 2031 975 2085 τὸν
999 2031 1132 2085 Θεὸν
1154 2030 1221 2083 τὰ
1248 2030 1506 2100 μέλλοντα
1527 2028 1935 2100 προεγνωκότα,

358 2121 433 2183 ὡς
459 2120 566 2176 τῶν
596 2122 935 2193 πραγμάτων
961 2122 1503 2193 κατηναγκασμένων
1522 2139 1535 2152 ·
1564 2121 1782 2175 λεκτέον
1805 2119 1939 2189 πρὸς

358 2217 448 2270 τὸν
476 2215 736 2279 τοιοῦτον,
769 2216 853 2269 ὅτι
892 2216 1026 2270 αὐτὸ
1057 2215 1216 2269 τοῦτο
1246 2215 1322 2286 τῷ
1350 2215 1469 2285 Θεῷ
1501 2214 1766 2282 ἔγνωσται
1798 2214 1937 2284 ἀρα-

360 2307 530 2377 ρότως
562 2308 621 2360 τὸ
658 2306 733 2378 μὴ
765 2309 1050 2378 ἀραρότως
1078 2308 1226 2363 τόνδε
1255 2307 1376 2361 τινὰ
1402 2305 1511 2378 (56)
1538 2308 1627 2361 τὸν
1654 2305 1937 2376 ἄνθρωπον

358 2400 452 2451 καὶ
479 2397 709 2469 βεϐαίως
735 2399 1017 2469 βούλεσθαι
1037 2400 1103 2452 τά
1132 2400 1435 2470 κρείττονα,
1464 2399 1497 2467 ἢ
1519 2398 1663 2451 οὕτω
1692 2398 1938 2469 θελήσειν

356 2489 426 2542 τὰ
458 2491 697 2560 χείρονα,
731 2489 874 2542 ὥστε
905 2489 1253 2543 ἀνεπίδεκτον
1274 2489 1435 2542 αὑτὸν
1463 2489 1679 2541 ἔσεσθαι
1710 2489 1938 2558 μεταϐο-

356 2577 457 2646 λῆς
478 2578 576 2647 τῆς
596 2578 688 2630 ἐπὶ
714 2577 781 2630 τά
809 2578 1173 2648 συμφέροντα.
1204 2578 1314 2629 Καὶ
1344 2578 1505 2633 πάλιν
1531 2579 1656 2631 τάδε
1690 2578 1788 2647 μέν
1818 2595 1939 2631 τινα

361 2666 573 2735 ποιήσω
609 2665 744 2735 τῷδε
773 2666 1045 2737 εύξομένῳ
1079 2665 1211 2737 (57),
1244 2668 1365 2736 ἐμοὶ
1403 2668 1509 2737 γάρ
1540 2666 1698 2719 τοῦτο
1732 2666 1940 2735 πρέπον

363 2758 538 2819 ἐστὶν,
566 2758 626 2809 οὐ
661 2757 877 2826 ψεκτῶς
930 2774 1019 2828 μοι
1052 2757 1357 2828 εύξομένῳ,
1399 2759 1520 2811 οὐδὲ
1565 2759 1781 2828 ἀμελῶς
1813 2759 1941 2828 περὶ

360 2846 460 2915 τὴν
493 2848 656 2918 εὐχὴν
684 2849 1225 2920 άναστραφησομένῳ
1251 2866 1263 2880 ·
1312 2848 1389 2918 τῷ
1421 2850 1479 2901 δὲ
1510 2852 1601 2902 ἐπὶ
1632 2851 1792 2903 ποσὸν
1828 2848 1938 2921 (58)

359 2935 634 3007 εύξομένῳ
668 2980 683 3005 ,
735 2940 1257 3006 ὑπερεκπερισσοῦ
1299 2935 1385 2994 ὦν
1431 2941 1675 2993 αἰτεῖται
1731 2941 1769 3008 ἢ
1816 2941 1949 2994 ’νοεῖ

359 3029 672 3099 δωρήσομαι
700 3028 827 3086 τάδε
877 3030 1027 3083 τινά·
1061 3031 1185 3101 ἐμοὶ
1216 3030 1323 3101 γὰρ
1366 3032 1515 3085 τόνδε
1550 3032 1749 3103 πρέπει
1783 3034 1937 3103 νικᾷν
1967 3046 2008 3103 (ζ

361 3122 417 3176 ὲν
451 3124 570 3185 ταῖς
600 3122 867 3184 εύποιίαις
900 3121 995 3175 καὶ
1035 3124 1291 3192 χορηγεῖν
1346 3123 1569 3177 πλείονα
1600 3117 1675 3177 ὧν
1716 3125 1939 3194 αἰτῆσαι

361 3213 643 3284 κεχώρηκε
669 3230 681 3244 ο
715 3214 810 3267 καὶ
842 3212 978 3283 τῷδε
1031 3214 1129 3283 μέν
1168 3233 1271 3268 τινι
1304 3214 1492 3285 τοιῷδε
1521 3216 1763 3287 ἐσομένῳ
1793 3218 1940 3270 τόνδε

362 3306 459 3367 τὸν
482 3307 710 3375 ἄγγελον
742 3307 1055 3377 λειτουργὸν
1089 3307 1416 3377 ὲπιπέμψω,
1449 3308 1557 3361 ἀπὸ
1597 3307 1750 3362 τοῦδε
1783 3309 1941 3380 ἀρξό-

367 3410 524 3463 μενον
581 3393 672 3446 τοῦ
704 3394 898 3466 χρόνου
936 3398 1216 3465 συνεργεῖν
1270 3395 1436 3449 αὑτοῦ
1469 3399 1535 3467 τῇ
1577 3399 1821 3469 σωτηρίᾳ
1852 3400 1942 3451 καὶ

369 3483 524 3554 μέχρι
550 3485 705 3538 τοῦδε
728 3486 1081 3556 συνεσόμενον
1099 3503 1112 3517 ’
1149 3486 1285 3556 τῷδε
1309 3488 1366 3540 δὲ
1386 3488 1558 3553 τόνδε,
1587 3480 1720 3560 ιρέρε
1747 3492 1939 3555 εἰπεῖν,

364 3574 453 3629 τὸν
496 3574 650 3629 τοῦδε
701 3575 1023 3648 τιμιώτερον
1071 3577 1148 3647 τῷ
1178 3577 1329 3631 τοῦδε
1372 3580 1615 3650 ἐσομένῳ
1641 3582 1937 3653 κρείττονιο

366 3661 517 3715 τοῦδε
568 3663 626 3716 δέ
659 3682 801 3727 τινος
838 3666 975 3735 μετὰ
1008 3666 1069 3719 τὸ
1118 3666 1502 3722 ἐπιδεδωκέναι
1528 3669 1718 3724 ἑαυτὸν
1765 3669 1944 3738 λόγοις

365 3758 477 3819 τοῖς
516 3755 863 3828 διαφέρουσιν
895 3757 1406 3830 ύπεκλυθησομένου
1434 3762 1527 3813 καὶ
1574 3762 1943 3836 παλινδρομή-

370 3862 550 3909 ωντος
585 3845 697 3917 (59)
727 3847 819 3898 ἐπὶ
846 3846 912 3899 τὰ
942 3846 1245 3919 ὑλικώτερα
1265 3892 1279 3914 ,
1331 3849 1629 3920 ἀποστήσω
1659 3851 1813 3907 τόνδε
1853 3853 1944 3908 τὸν

368 3937 648 4008 κρείττονα
685 3938 943 4008 συνεργόν
967 3955 980 3968 ⁸
1017 3932 1077 3991 οὗ
1123 3940 1458 4004 ἀποστάντος
1498 3943 1619 3995 κατ’
1648 3942 1803 4010 ἀξίαν
1850 3946 1946 3997 αύ-

367 4026 547 4098 τόχειρ
582 4028 657 4082 ὢν
706 4015 789 4091 τις
824 4027 935 4099 (60)
966 4028 1061 4098 ἥδε
1092 4030 1126 4099 ή
1159 4029 1385 4099 δύναμις
1439 4034 1630 4103 καιρὸν
1678 4035 1943 4106 εὑρηκυῖα

368 4118 461 4171 τοῦ
489 4119 791 4174 ἐπιϐαίνειν
817 4123 884 4191 τῇ
924 4120 1164 4191 ῥαθυμίᾳ
1185 4162 1199 4186 ,
1232 4124 1503 4175 ἐπιστᾶσα
1548 4124 1639 4178 ἐπὶ
1670 4124 1798 4179 τάδε
1826 4126 1946 4178 τινὰ

370 4208 436 4261 τὰ
466 4210 838 4281 ἁμαρτήματα
867 4210 1051 4274 αὐτὸν,
1072 4211 1287 4281 ἕτοιμον
1305 4213 1498 4266 ἑαυτὸν
1529 4215 1663 4285 πρὸς
1689 4214 1749 4267 τὸ
1768 4218 1947 4287 ἀμαρ-

368 4302 548 4357 τάνείν
576 4304 867 4369 δεδωκότα,
884 4302 1297 4374 προκαλέσεται.
1326 4303 1513 4368 Οὕτως
1538 4302 1629 4360 οὖν
1654 4306 1753 4378 ἤδη
1787 4310 1946 4362 οἱονεὶ

2051 472 2068 543 (
2102 473 2151 527 id
2188 471 2346 525 modo
2378 481 2681 538 supponere
2717 466 2921 537 liceat)
2955 465 3133 521 futura
3184 467 3325 543 Deus
3374 483 3476 521 non
3532 484 3617 522 eu-

2048 571 2356 632 gnosceret,
2401 575 2507 614 non
2539 573 2604 613 eo
2642 559 2819 613 minus
2849 558 2963 611 haec
2991 572 3178 613 sumus
3209 556 3480 621 etl‘ecturi,
3508 559 3623 613 hinc

2048 652 2310 719 volituri;
2344 652 2506 706 rebus
2539 660 2720 705 tamen
2756 651 2806 704 id
2837 649 3037 703 accidit
3069 663 3136 703 ex
3164 650 3502 719 praescientia
3536 651 3625 702 di-

2047 745 2195 807 vina,
2230 753 2286 797 ut
2311 742 2508 797 ordine
2532 743 2596 796 ad
2621 741 2860 795 universi
2891 741 3340 809 gubernationem
3367 742 3625 812 orbisque

2047 842 2249 887 statum
2274 832 2566 886 utilissimo
2592 831 2953 900 disponantur
2976 829 3188 901 singula
3212 846 3331 900 quae
3352 831 3405 885 in
3436 844 3623 888 nostra

2046 930 2177 977 sunt
2205 928 2497 990 potestate.
2548 918 2608 973 Si
2646 934 2774 989 ergo
2802 920 3035 987 quodvis
3068 935 3256 975 eorum
3283 936 3402 990 quae
3453 922 3624 977 nostri

2047 1023 2174 1068 sunt
2227 1012 2443 1066 arbitrii
2482 1011 2760 1080 cognitum
2818 1018 2902 1064 est
2952 1011 3078 1078 ipsi,
3108 1012 3406 1066 ordinaria
3441 1012 3623 1081 provi-

2047 1106 2229 1159 dentia
2262 1107 2388 1174 quid
2419 1104 2617 1173 cuique
2648 1117 2747 1171 pro
2776 1102 3043 1172 dignitate
3077 1104 3383 1171 conveniat,
3422 1104 3621 1159 rationi

2046 1198 2315 1268 congruit,
2364 1205 2417 1251 et
2454 1195 2583 1264 quid
2621 1193 2709 1247 ille
2743 1193 2940 1262 aliquis
2986 1205 3124 1258 oret,
3174 1197 3445 1264 quomodo
3489 1196 3621 1252 aﬂ‘e-

2046 1298 2165 1343 ctus
2209 1290 2297 1351 sit,
2359 1287 2487 1355 quid
2533 1287 2736 1349 credat,
2778 1285 2905 1354 quid
2954 1285 3057 1339 sibi
3125 1285 3240 1339 ﬁeri
3300 1287 3448 1352 velit,
3475 1302 3620 1357 prae-

2049 1381 2349 1447 cognosci;
2412 1394 2516 1447 quo
2586 1377 2958 1446 praecognito,
3024 1376 3127 1429 tale
3184 1376 3385 1444 aliquid
3432 1395 3625 1435 conse-

2048 1482 2276 1538 quenter
2330 1470 2685 1539 providentiae
2730 1469 2923 1523 ordine
2974 1468 3355 1536 comprehendi
3396 1487 3409 1523 :
3468 1471 3624 1526 lluuc

2046 1572 2293 1615 orantem
2329 1562 2569 1624 assidue,
2597 1569 2818 1629 prepter
2861 1558 3009 1611 illam
3039 1559 3210 1626 ipsam
3236 1574 3400 1627 quam
3431 1561 3622 1616 fundet

2047 1654 2371 1717 orationem,
2401 1653 2738 1715 exaudiam;
2774 1651 2921 1703 hunc
2971 1664 3103 1702 vero
3148 1664 3253 1703 non
3290 1652 3619 1718 exaudiam,

2044 1755 2137 1797 aut
2176 1745 2319 1813 quod
2351 1743 2608 1812 indiguus
2640 1743 2712 1795 sit
2740 1740 2835 1810 qui
2869 1742 3219 1810 exaudiatur,
3253 1753 3341 1797 aut
3373 1745 3520 1814 quod
3553 1761 3619 1800 ea

2043 1835 2318 1904 petiturus
2341 1836 2414 1889 sit
2444 1849 2565 1899 qua:
2605 1847 2707 1888 nec
2740 1834 2839 1903 ipsi
2876 1850 3073 1903 capere
3120 1836 3360 1904 expedit,
3394 1852 3493 1891 nec
3533 1853 3620 1890 me

2043 1929 2175 1981 dare
2206 1929 2383 1981 decet.
2418 1926 2549 1979 ltcm
2581 1934 2803 1993 prepter
2835 1926 2975 1979 hanc
3008 1926 3182 1991 istius,
3241 1927 3390 1981 verbi
3422 1928 3619 1996 gratia,

2040 2021 2343 2074 orationem
2374 2019 2548 2088 ipsum
2574 2033 2680 2073 non
2710 2018 2876 2086 208
2895 2018 3201 2081 exaudiam,
3232 2026 3452 2086 prepter
3476 2018 3620 2072 illam

2041 2110 2350 2165 exaudiam.
2393 2111 2545 2177 Quod
2588 2110 2632 2163 si
2666 2109 2788 2178 quis
2816 2124 2881 2163 eo
2916 2108 3165 2163 turbetur
3198 2110 3341 2177 quod
3369 2124 3492 2163 cum
3527 2110 3625 2163 Dei

2042 2200 2109 2252 de
2141 2199 2303 2253 rebus
2332 2199 2529 2254 futuris
2566 2199 2906 2268 praescieutia
2947 2198 3059 2251 falli
3092 2212 3196 2251 non
3234 2199 3428 2266 possit,
3462 2200 3620 2269 quasi

2042 2290 2341 2344 necessitas
2370 2290 2531 2345 rebus
2563 2290 2846 2352 afferatur,
2878 2290 3003 2344 huic
3036 2286 3471 2359 respondendqu
3520 2291 3622 2347 hoc

2042 2382 2219 2449 ipsum
2256 2398 2285 2437 a
2323 2383 2433 2438 Deo
2460 2382 2772 2438 necessario
2806 2381 3085 2449 cognoui,
3115 2396 3305 2449 nempe
3339 2382 3491 2435 illum
3518 2381 3618 2439 bo-

2045 2474 2245 2528 minem
2272 2490 2378 2528 non
2433 2475 2746 2529 necessario
2775 2489 2875 2529 nec
2922 2473 3154 2526 ﬁrmiter
3192 2472 3333 2528 velle
3372 2472 3619 2535 meliora,

2044 2572 2135 2616 aut
2164 2566 2242 2619 sie
2289 2569 2473 2634 pejora
2507 2566 2824 2631 voliturum,
2872 2574 2932 2619 ut
2966 2564 3284 2617 mutationis
3318 2564 3370 2618 in
3426 2563 3623 2617 melius

2044 2652 2275 2722 ineaan
2326 2656 2543 2709 luturus
2581 2656 2673 2709 sit.
2712 2655 2925 2710 Rursus
2975 2656 3091 2710 ιιωο
3150 2654 3263 2726 (ait
3320 2652 3501 2723 Deus)
3534 2654 3623 2707 illo

2046 2756 2238 2800 orante
2275 2746 2501 2809 faciam,
2535 2747 2695 2800 decet
2728 2747 2872 2799 enim
2912 2761 3021 2809 me,
3064 2761 3184 2801 cum
3221 2760 3320 2800 nec
3370 2755 3625 2799 oraturus

2045 2839 2117 2892 sit
2141 2837 2382 2906 indigne,
2415 2851 2592 2905 neque
2617 2837 2957 2906 negligenter
2986 2839 3131 2893 circa
3160 2840 3463 2895 orationem
3493 2856 3615 2892 να·-

2044 2940 2283 2985 saturus.
2349 2928 2503 2992 lluic,
2555 2943 2675 2981 cum
2722 2927 3115 2996 aliquantulum
3177 2929 3621 2996 oraverit,supcr-

2046 3019 2378 3073 abundanter
2437 3036 2596 3088 quam
2658 3019 2788 3087 petit
2844 3028 2933 3071 aut
2982 3019 3227 3089 intelligit
3276 3020 3340 3085 ⁸⁸,
3371 3019 3459 3073 illa
3508 3019 3621 3071 lar-

2044 3112 2200 3181 giar:
2235 3113 2395 3167 decet
2445 3113 2591 3167 enim
2634 3122 2722 3166 me
2776 3109 3061 3166 bcneticiis
3108 3112 3255 3166 illum
3298 3112 3517 3166 vincere
3567 3121 3621 3164 et

2043 3203 2197 3270 plura
2232 3204 2472 3261 tribuere
2502 3218 2664 3272 quam
2713 3210 2901 3271 petere
2944 3202 3016 3256 sit
3063 3217 3258 3272 capax.
3311 3203 3449 3259 lluic
3496 3217 3620 3257 cum

2046 3295 2169 3349 talis
2200 3294 2418 3350 futurus
2449 3296 2538 3359 sit,
2572 3296 2831 3366 angelum
2864 3296 3013 3350 illum
3053 3297 3264 3351 mittam
3309 3296 3625 3351 ministrum

2043 3386 2136 3454 qui
2168 3387 2235 3441 ab
2262 3387 2366 3442 hoc
2393 3396 2641 3457 tempore
2672 3387 2835 3444 saluti
2862 3388 2983 3457 ejus
3010 3388 3348 3443 collaborare
3374 3388 3619 3456 incipiat,

2043 3489 2098 3535 et
2129 3481 2235 3535 huc
2262 3496 2438 3551 usque
2470 3482 2644 3545 adsit;
2678 3485 2753 3537 illi
2785 3486 2971 3549 istum,
2998 3484 3148 3537 verbi
3178 3482 3374 3553 gratia,
3396 3481 3497 3536 illo
3533 3481 3620 3534 di-

2046 3573 2314 3643 gniorem,
2349 3590 2472 3630 cum
2510 3575 2599 3629 ille
2632 3576 2734 3631 hoc
2779 3575 2974 3631 melior
3012 3574 3231 3628 futurus
3265 3575 3353 3629 sit.
3406 3574 3488 3627 Ab
3516 3571 3622 3627 hoc

2048 3664 2156 3718 alio
2205 3665 2296 3734 qui
2325 3704 2341 3731 ,
2375 3675 2665 3735 postquam
2699 3679 2759 3719 se
2794 3665 3174 3720 excellentiori
3208 3663 3491 3719 tradiderit
3523 3666 3622 3718 do-

2047 3756 2261 3821 ctrinae,
2286 3755 2491 3811 fractus
2515 3757 2621 3812 erit
2647 3764 2703 3811 et
2730 3765 2975 3812 recurret
2997 3757 3061 3809 ad
3093 3765 3329 3821 terrena,
3357 3755 3620 3824 optimum

2048 3847 2198 3902 illum
2231 3846 2535 3917 adjutorem
2566 3856 2809 3903 avertam
2831 3865 2873 3915 ;,
2905 3864 3014 3918 quo
3067 3846 3372 3912 recedente,
3420 3854 3477 3899 ut
3503 3859 3619 3899 me-

2051 3943 2247 4007 ruerit,
2281 3942 2521 4010 pessima
2548 3942 2800 4011 quaedam
2836 3942 3017 3997 hazcce
3038 3949 3302 4012 potestas,
3340 3949 3498 3994 nacta
3530 3954 3621 3993 oc-

2048 4032 2325 4087 casionem
2381 4041 2440 4085 ut
2479 4032 2651 4101 ipsius
2704 4030 2993 4087 insidietur
3043 4030 3317 4100 ignaviae,
3370 4038 3623 4099 prompta

2048 4124 2225 4179 aderit
2250 4132 2303 4178 et
2330 4124 2395 4178 ad
2432 4123 2519 4178 illa
2548 4136 2774 4194 peccata
2830 4121 3194 4192 provocabit,
3238 4134 3362 4174 cum
3418 4132 3475 4173 se
3508 4119 3624 4186 ipse

2050 4227 2305 4285 paratum
2358 4218 2426 4271 ad
2484 4216 2822 4286 peccandum
2888 4213 3200 4282 praebuerit.
3270 4213 3365 4266 Sic
3438 4211 3625 4278 itaque

2053 4309 2301 4362 dicturus
2337 4307 2431 4361 ille
2482 4307 2761 4375 putandus
2792 4312 2875 4359 est
2907 4304 2998 4371 qui
3033 4302 3366 4371 praeordiuat
3418 4300 3622 4354 omnia.

372 4396 484 4465 ἐρεῖ
510 4398 537 4447 ὁ
570 4393 1097 4464 προδιατασσόμενος
1121 4395 1188 4447 τὰ
1214 4395 1308 4447 ὅλα
1334 4412 1347 4424 ·
1373 4397 1455 4449 ὅτι
1485 4395 1666 4465 Ἀμὼς
1697 4399 1942 4469 γεννήσει

2053 4398 2219 4451 Amos
2271 4397 2457 4467 giguet
2489 4395 2695 4451 Josiam
2749 4393 2842 4463 qui
2900 4405 3004 4443 non
3056 4389 3402 4443 atmulabitur
3452 4386 3625 4456 patris

369 4487 460 4542 τὸν
543 4488 752 4542 Ἰωσίαν
792 4528 805 4553 ,
867 4488 1013 4551 ὅστις
1062 4490 1121 4540 οὐ
1176 4487 1405 4558 ζηλώσει
1469 4489 1536 4541 τὰ
1598 4489 1693 4542 τοῦ
1747 4491 1949 4562 πατρὸς

371 4581 710 4650 πταίσματα,
746 4581 881 4633 ἀλλά
907 4579 1083 4650 τυχὼν
1115 4581 1277 4651 τῆσδε
1319 4582 1417 4651 τῆς
1457 4581 1546 4635 ἐπ’
1572 4582 1773 4654 ἀρετὴν
1817 4602 1949 4655 προ-

372 4672 683 4744 τρεπούσης
712 4672 833 4724 ὀδοῦ
868 4672 956 4725 διὰ
997 4672 1164 4728 τῶνδε
1206 4673 1313 4727 τῶν
1347 4674 1751 4744 συνεσομένων,
1788 4675 1951 4739 καλὸς

374 4762 524 4817 ἔσται
550 4764 646 4818 καὶ
675 4764 893 4832 ἀγαθὸς,
919 4764 1067 4826 ὅστις
1095 4763 1436 4833 κατασκάψει
1460 4765 1520 4817 τὸ
1545 4766 1637 4818 τοῦ
1666 4766 1949 4837 Ὶεροϐοάμ
1976 4826 1979 4831 ι

376 4859 559 4923 κακῶς
592 4858 942 4930 οἰκοδομηθὲν
985 4858 1384 4929 θυσιαστήριον.
1415 4855 1548 4912 Οἶδα
1581 4861 1637 4914 δὲ
1692 4862 1783 4915 καὶ
1821 4861 1949 4915 Ἰού-

447 4978 494 5012 ¹⁴⁸
525 4978 723 5048 Ephcs.
764 4994 845 5043 ιιι,
878 4978 972 5031 20.

447 5093 981 5164 (52)Διατάττεται,
1017 5103 1123 5164 etc.
1153 5092 1357 5147 Lucum
1393 5094 1665 5164 integrum
1708 5094 1785 5148 sic
1816 5093 1947 5164 legit

378 5158 679 5219 Bentleius:
722 5163 1114 5233 Διατάττεσθαι
1160 5164 1269 5216 ἀπὸ
1309 5165 1408 5233 τῆς
1442 5158 1698 5233 προνοίας
1735 5164 1795 5215 τὸ
1831 5158 1947 5233 κατ’

379 5232 532 5299 ἀξίαν
574 5234 735 5287 παντί
765 5252 841 5303 τῳ
874 5232 1092 5302 εὔλογον
1113 5253 1124 5264 ·
1164 5233 1258 5287 καὶ
1285 5233 1345 5286 τὸ
1370 5232 1441 5285 τί
1463 5232 1739 5304 εὔξηται·
1788 5232 1951 5304 ποίαν

376 5304 616 5373 διάθεσιν
647 5304 786 5373 ἔχων
816 5302 846 5357 6
877 5305 1054 5359 δεῖνα·
1103 5304 1221 5367 πῶς
1283 5303 1554 5357 πιστεύων
1573 5321 1585 5332 ’
1604 5302 1717 5356 καὶ
1746 5302 1797 5354 τί
1830 5302 1951 5371 βου-

375 5372 597 5444 λόμενος
625 5374 773 5444 αὐτῷ
803 5375 1053 5444 γενέσθαι
1073 5414 1087 5437 ,
1120 5373 1605 5444 προκατειλῆφθαι.

450 5443 565 5579 (55)
588 5442 880 5510 Συνετῶς.
919 5444 1079 5498 Forte
1112 5442 1419 5512 legendum,
1444 5442 1705 5512 συνεχῶς.

452 5515 541 5577 (54
590 5513 915 5578 Εὔξασθαι.
950 5512 1090 5579 Lege
1118 5529 1241 5567 cum
1271 5511 1705 5577 Βοηιιρίο,εῠξεσ

452 5511 565 5579 (Si)
590 5513 915 5578 Εὕξασθαι.
950 5512 1090 5581 Lege
1118 5511 1241 5567 cum
1271 5511 1816 5577 Βοηιιρίο,εὔξεσθαι.

452 5582 564 5651 (55)
598 5586 761 5639 Κατὰ
801 5582 977 5637 τοῦδε
1002 5583 1070 5635 δὲ
1098 5584 1528 5653 ἐπακούσομαι.
1572 5584 1772 5639 Scribit
1803 5583 1940 5637 Beu-

382 5652 561 5723 tleius,
581 5653 722 5706 κατὰ
738 5654 893 5723 τήνδε
926 5653 982 5723 δὲ
1007 5652 1399 5722 ἐπακούσομαι.

456 5722 565 5795 (56)
602 5722 965 5778 Τόνδετινά.
1001 5723 1089 5779 Sic
1130 5735 1277 5778 recte
1308 5725 1467 5778 habet
1497 5722 1663 5779 codex
1725 5740 1824 5779 ms.
1888 5726 1945 5776 ιιι

2053 4500 2278 4560 peccata
2306 4529 2321 4555 ,
2372 4489 2464 4543 sed
2507 4490 2711 4542 hancce
2758 4486 2897 4539 viam
2930 4485 2997 4540 ad
3026 4483 3280 4537 virtutem
3313 4481 3622 4545 ducentem,

2055 4583 2271 4638 illorqu
2299 4598 2401 4651 ope
2430 4582 2521 4651 qui
2556 4580 2655 4650 ipsi
2675 4579 2925 4643 aderunt,
2958 4574 3267 4639 nactus,vir
3298 4573 3470 4628 bonus
3499 4571 3624 4637 erit;

2054 4674 2145 4743 qui
2198 4685 2251 4728 et
2288 4674 2457 4727 altare
2505 4674 2788 4728 subvertet
2824 4687 2853 4725 a
2887 4670 3179 4727 Jeroboam
3219 4665 3358 4720 male
3385 4664 3624 4719 :edilica-
3723 4668 3731 4674 '

2058 4776 2191 4820 tum.
2230 4765 2424 4821 Judam
2479 4768 2602 4821 novi
2640 4781 2760 4821 cum
2814 4766 2956 4820 inter
2990 4764 3237 4820 homines
3268 4760 3440 4815 Filius
3472 4773 3626 4814 meus

2058 4858 2385 4925 versabitur,
2414 4859 2614 4914 bonum
2640 4861 2794 4915 initio
2822 4861 3060 4915 futurum
3086 4875 3101 4925 ;
3127 4864 3180 4912 al
3210 4869 3528 4927 perversum
3563 4852 3626 4904 iri

2059 5107 2168 5161 quo
2199 5092 2335 5145 male
2360 5090 2492 5162 legit,
2516 5090 2694 5162 editor
2721 5088 3063 5162 Oxoniensis,
3101 5091 3191 5144 τὸν
3216 5091 3278 5162 δή
3308 5108 3450 5162 τινα.

2129 5159 2600 5232 (5Ἶ)Εὺξομένῳ.
2630 5159 2844 5232 ltalioc
2892 5161 3012 5217 loco
3065 5168 3121 5217 et
3155 5159 3293 5232 infra
3353 5161 3435 5213 bis
3488 5160 3628 5232 scri-

2060 5228 2503 5300 ptum'reperitur
2532 5233 2582 5283 in
2623 5230 2821 5300 codice
2840 5231 3236 5300 manuscripto,
3266 5230 3319 5282 in
3346 5243 3454 5296 quo
3491 5228 3633 5282 male

2062 5298 2220 5357 antea
2252 5298 2447 5355 lectum
2482 5312 2585 5363 est,
2620 5298 2924 5370 εὐξαμένῳ.

2134 5374 2247 5439 (58)
2285 5370 2415 5424 Ἐπὶ
2445 5371 2660 5439 ποσόν.
2690 5365 3182 5439 ΜςίΙΙειΒεηιιοίυε.
3207 5365 3503 5439 ἐπί-τόσον.

2134 5433 2247 5511 (59)
2277 5438 2898 5509 Πωλινδρομήσοντος.
2928 5439 3065 5492 Male
3093 5435 3257 5489 editio
3283 5433 3630 5501 Oxonieusis,

2051 5512 2308 5582 παλινδρο
2316 5514 2386 5581 μή
2394 5528 2603 5582 σαντος.

2125 5568 2257 5653 (60)’
2280 5568 2683 5653 ’Ᾱεέοστάνιξτος
2714 5577 2837 5653 κατ’
2865 5574 3043 5653 (iam:
3063 5572 3348 5653 αύτόχενρ
3375 5568 3476 5646 ..ὢν
3504 5584 3631 5653 τις.

2057 5641 2533 5722 ΙλθξὶίΒοιιιιρὶιιε,
2556 5645 2885 5705 ἀποστάντος
2914 5644 3031 5696 κατ’
3052 5641 3208 5705 ἀξίαν
3238 5641 3404 5691 αὐτοῦ
3432 5641 3635 5711 χείρων

2057 5740 2157 5784 τις.
