3974 6160
335 208 441 266 459

1806 197 1965 256 οιιιε
1974 197 2129 254 ENlS

3483 193 3588 246 «ΗΟ

339 323 538 379 deinde
567 321 698 377 etin
727 319 964 376 humana
993 318 1300 372 decisurum
1330 325 1573 386 peccata,
1601 330 1757 385 quem
1787 331 1901 386 pro-

2021 317 2121 380 ἴαν,
2157 311 2597 384 ἐπιδημήσαντός
2629 328 2728 381 μου
2763 306 2856 361 τοῦ
2887 307 3018 361 Υἱοῦ
3047 306 3124 378 τῷ
3155 325 3260 362 των
3284 307 3586 378 ἀνθρώπων

340 425 528 484 pterea
569 426 780 480 acquum
813 409 919 464 erit
953 409 1078 462 talia
1131 408 1375 474 quadam
1405 408 1539 476 pati.
1573 407 1723 460 Hanc
1772 423 1909 476 prac-

342 503 630 561 scientiam
663 500 803 554 forte
843 500 906 553 de
937 497 1213 564 omnibus,
1250 508 1400 554 certe
1429 498 1497 553 de
1537 497 1670 552 Juda
1709 507 1762 551 et
1790 513 1910 568 my.

341 593 527 651 stet-iis
556 590 679 644 aliis
711 591 871 643 etiam
907 588 1000 640 Dei
1030 587 1201 642 Filius
1236 587 1421 653 habet,
1454 588 1543 656 qui
1579 603 1760 640 rerum
1820 587 1908 641 lu-

345 697 592 740 turarum
624 680 984 733 evolutioncm
1033 679 1390 747 perspiciens,
1433 679 1578 732 videt
1611 677 1826 742 Judam,
1856 687 1912 733 et

343 791 464 844 quae
498 771 835 827 admissurus
886 778 973 824 est
1026 778 1286 839 peccata;
1342 769 1413 822 ita
1463 777 1521 822 IIl
1561 769 1682 822 haec
1730 769 1914 822 animo

343 857 824 930 comprehenderis,
853 859 1020 912 etiam
1046 866 1172 911 ante
1205 865 1388 910 natum
1421 855 1616 912 Judam
1644 873 1738 926 per
1765 857 1915 912 Davi-

343 955 464 1008 dem
493 949 732 1004 dixerit:
767 947 906 1001 Deus
934 947 1149 1000 Iaudem
1179 962 1349 1000 meam
1383 964 1444 1000 ne
1479 949 1709 1002 tacueris
1761 948 1828 1014 ",
1861 955 1915 1000 et

343 1041 573 1108 reliqua.
604 1039 800 1093 Sciens
835 1038 1022 1107 itaque
1051 1036 1235 1090 futura
1267 1038 1410 1091 Deus
1449 1051 1504 1093 et
1535 1039 1752 1107 qualem
1786 1052 1916 1093 con-

344 1131 642 1185 tentionem
692 1129 978 1183 habiturus
1006 1125 1078 1178 sit
1109 1126 1174 1179 ad
1225 1127 1481 1195 pietatem
1516 1127 1747 1181 Paulus:
1777 1126 1916 1196 apud

341 1221 603 1289 meipsum
635 1219 654 1291 (
682 1217 901 1288 inquit)
933 1229 1062 1272 ante
1094 1219 1307 1272 initium
1358 1232 1536 1270 rerum
1581 1232 1703 1271 cum
1733 1219 1914 1272 mundi

339 1311 614 1382 Opiﬁcium
650 1311 954 1381 aggrediar,
1013 1310 1185 1378 ipsum
1233 1308 1397 1379 209
1424 1309 1674 1379 seligam.
1706 1319 1759 1363 et
1796 1309 1918 1364 istis

341 1402 618 1457 hominum
649 1401 838 1457 salutis
873 1399 1250 1471 adjutricibus,
1307 1401 1466 1453 simul
1500 1415 1564 1452 ac
1593 1408 1752 1453 natus
1779 1401 1914 1463 erit,

339 1492 705 1562 potestatibus
729 1489 1141 1553 commendabo,
1175 1504 1469 1560 segregans
1494 1491 1642 1544 illum
1667 1505 1731 1545 ex
1765 1499 1920 1546 utero

341 1584 570 1638 matris:
604 1584 1022 1652 permittamque
1045 1583 1203 1638 initio
1233 1585 1284 1636 in
1310 1583 1599 1650 juventute
1649 1581 1768 1636 zelo
1797 1596 1918 1636 cum

2010 406 2189 474 γένει,
2220 403 2360 456 κατά
2397 402 2496 472 μὲν
2530 401 2628 464 τὰς
2658 401 2830 471 ἀρχὰς
2853 399 3110 470 ἐσόμενον
3143 399 3308 454 καλὸν
3339 400 3437 453 καὶ
3457 402 3587 470 ἁγὼ

2012 496 2102 550 Θὸν
2127 534 2141 559 ,
2191 494 2414 565 ὕστερον
2448 494 2505 546 δὲ
2546 495 3027 566 ἐκτραπησόμενον
3051 493 3144 546 καὶ
3175 495 3256 556 si;
3283 492 3350 546 τὰ
3375 493 3587 566 ἀνθρώ-

2011 604 2142 640 πινα
2170 586 2543 656 ἁμαρτήματα
2569 584 2799 637 ὲκπεσού
2811 603 2968 654 μενον
2987 601 3000 614 ³
3036 585 3218 637 ὅντινα
3243 583 3334 636 ἐπὶ
3378 583 3586 648 τούτοις

2013 677 2231 745 εὖλογον
2289 677 2440 729 ἔσται
2498 676 2688 729 παθεῖν
2718 675 2843 729 τάδε
2887 673 3027 728 τινά.
3069 675 3130 725 Ἡ
3185 673 3244 725 δὲ
3279 673 3586 744 πρόγνωσις

2013 769 2152 838 αὕτη
2177 768 2314 837 τάχα
2346 767 2444 837 μὲν
2479 768 2572 819 ἐπὶ
2622 767 2872 828 πάντων,
2918 765 3134 827 πάντως
3181 763 3238 815 δὲ
3286 763 3378 815 επ).
3420 763 3588 817 Ἰούδα

2013 859 2108 913 καὶ
2133 857 2334 928 ἑτέρων
2370 856 2699 928 μυστηρίων,
2725 854 2818 907 καὶ
2841 856 2896 907 ἐν
2922 852 2997 924 τῷ
3015 851 3129 923 Υίῷ
3162 852 3255 904 τοῦ
3279 852 3412 905 Θεοῦ
3447 853 3590 921 γίνε-

2014 969 2134 1014 ται,
2165 948 2429 1020 ἑωρακότι
2457 950 2522 1018 τῇ
2551 947 2872 1016 κατανοήσει
2900 945 2992 1000 τοῦ
3020 942 3312 1014 ὲξελεγμοῦ
3337 943 3447 1015 (61)
3483 946 3590 1000 τῶν
3687 967 3690 969 ν

2015 1039 2288 1112 ἐσομένων
2316 1038 2407 1092 τὸν
2447 1033 2648 1090 Ἰούδαν
2681 1036 2773 1088 καὶ
2803 1034 2869 1088 τὰ
2898 1035 3275 1104 ἁμαρτήματα
3312 1034 3378 1087 τὰ
3407 1035 3588 1105 ἀμαρ-

2015 1131 2358 1203 τηθησόμενα
2387 1127 2534 1197 αὐτῷ
2577 1125 2715 1179 ὥστε
2761 1125 2897 1196 μετά
2923 1124 3278 1194 καταλήψεως
3313 1125 3478 1179 αὑτὸν
3502 1127 3592 1178 καὶ

2018 1223 2146 1292 πρὶν
2169 1220 2420 1290 γενέσθαι
2444 1219 2536 1272 τὸν
2565 1216 2760 1270 Ἰούδαν
2779 1216 2867 1269 διὰ
2887 1214 2978 1268 τοῦ
3001 1213 3163 1266 Δαυὶδ
3185 1214 3465 1285 εἰρηκέναι
3486 1232 3498 1246 ⁸
3531 1216 3592 1267 Ὃ

2021 1312 2164 1379 Θεὸς
2191 1313 2306 1380 τὴν
2332 1311 2570 1364 αἴγεσιν
2593 1327 2712 1378 μου
2739 1307 2825 1377 μὴ
2859 1303 3339 1373 παρασιωπ-ήσῃς
3357 1347 3372 1371 ,
3404 1306 3499 1358 καὶ
3525 1306 3593 1360 τά

2020 1399 2167 1469 ἑξῆς.
2191 1399 2359 1462 Είδὼς
2377 1399 2433 1451 δὲ
2455 1398 2520 1452 τὰ
2544 1397 2823 1468 μέλλοντα,
2844 1395 2937 1448 καὶ
2955 1395 3136 1446 ὁποῖον
3160 1394 3310 1447 τόνον
3331 1394 3441 1459 ἕξει
3459 1395 3594 1466 πρὸς

2018 1491 2116 1561 τὴν
2147 1489 2454 1544 Θεοσέϐειαν
2499 1491 2528 1541 ὁ
2557 1487 2767 1550 Παῦλος
2790 1504 2802 1516 ο
2847 1488 2903 1540 ὲν
2949 1483 3164 1555 ἐμαυτῷ
3208 1485 3305 1554 μὲν
3326 1487 3452 1557 πρὶν
3477 1487 3594 1539 κτί-

2024 1599 2110 1636 σαι
2141 1581 2230 1635 τὸν
2287 1581 2490 1652 κόσμον
2539 1577 2960 1647 ἐπιϐαλλόμενος
3004 1577 3068 1644 τῇ
3098 1574 3236 1645 ἀρχῇ
3269 1574 3366 1644 τῆς
3395 1591 3594 1645 κοσμο-

341 1671 651 1741 ignorautia
682 1671 967 1739 conjuncta
991 1672 1276 1742 agitatum,
1300 1672 1518 1740 pietatis
1539 1677 1802 1739 praetextu
1825 1685 1920 1724 eos

2024 1673 2209 1734 ποιίας
2241 1670 2406 1726 αὐτὸν
2444 1668 2795 1738 ὲπιλέξομαιο
2846 1668 2940 1719 καὶ
2990 1663 3171 1718 ταῖσδε
3211 1665 3595 1738 συνεργούσαις

341 1763 601 1834 persequi
631 1763 722 1832 qui
751 1764 801 1817 in
835 1764 1114 1819 Christum
1147 1780 1324 1819 meum
1351 1765 1710 1828 crediderint,
1743 1774 1795 1818 et
1822 1781 1916 1818 cu-

347 1853 557 1908 stodire
599 1853 928 1908 vestimenta
970 1853 1328 1922 lapidantium
1367 1868 1584 1908 servum
1626 1868 1804 1908 meum
1860 1863 1918 1909 et

345 1946 539 1993 testem
561 1938 898 2007 Stephanum
922 1939 990 2008 ⁵⁰;
1012 1940 1510 2010 utpostjuvenilem
1537 1941 1915 2012 petulantiam,

342 2025 602 2097 deinceps
643 2030 937 2086 occasione
982 2041 1140 2098 capta
1188 2033 1243 2086 in
1291 2032 1515 2087 meliora
1544 2041 1782 2087 mutatus
1812 2049 1919 2087 non

343 2118 608 2189 glorietur
622 2135 804 2175 coram
825 2136 930 2181 me.
953 2123 1048 2177 sed
1070 2124 1246 2178 dicat:
1274 2124 1325 2178 Ν
1330 2141 1397 2178 οη
1410 2141 1522 2178 sum
1543 2125 1731 2195 dignus
1748 2127 1921 2180 vocari

343 2207 609 2277 apostolus
627 2250 642 2275 ,
665 2210 912 2279 quoniam
937 2221 1238 2280 persecutus
1255 2229 1368 2266 sum
1392 2211 1683 2267 Ecclesium
1713 2213 1809 2266 Dei
1842 2214 1920 2276 ⁸¹;

341 2299 700 2368 sentiensque
731 2300 909 2354 futura
957 2301 1009 2356 in
1040 2317 1164 2356 eum
1212 2302 1474 2358 beneﬁcia
1503 2319 1620 2358 mea
1648 2321 1769 2373 post
1796 2320 1923 2360 suos

342 2389 400 2443 in
418 2388 706 2454 iuventute
727 2391 949 2461 pietatis
967 2393 1150 2461 specie
1174 2393 1378 2463 lapsus.
1406 2394 1604 2448 addat:
1627 2397 1801 2464 gratia
1824 2412 1922 2448 au.

341 2487 448 2532 tem
469 2478 565 2533 Dei
589 2495 705 2533 sum
729 2480 785 2533 id
808 2483 948 2550 quod
969 2498 1084 2535 sum
1106 2483 1186 2550 5';
1213 2483 1620 2553 prohibitusque
1643 2484 1922 2538 conscien-

345 2566 420 2620 tia
447 2582 636 2621 eorum
661 2583 780 2636 quae
809 2585 930 2623 cum
975 2571 1156 2625 adhuc
1191 2571 1406 2639 juvenis
1435 2581 1613 2639 esset,
1659 2574 1920 2628 adversus

344 2656 620 2713 Christum
651 2663 909 2729 patravit,
938 2676 1041 2714 non
1067 2662 1356 2715 extollatur
1380 2664 1750 2734 magnitudine
1774 2679 1924 2716 reve-

343 2749 607 2805 lationum
651 2766 787 2819 quas
818 2767 936 2806 meo
983 2752 1246 2806 beneficio
1281 2764 1601 2822 accepturus
1625 2763 1708 2809 est
1738 2752 1804 2806 ⁸³.

2023 1759 2323 1831 ἀνθρώπων
2341 1759 2582 1830 σωτηρίᾳ
2598 1757 2887 1827 δυνάμεσιν
2912 1756 3027 1826 ἅμα
3052 1756 3127 1826 τῷ
3151 1756 3473 1827 γεννηθῆναι
3496 1772 3597 1807 πα-

2027 1853 2332 1925 ραθήσομαι
2357 1889 2372 1915 ,
2405 1849 2676 1921 ἀφορίζων
2721 1848 2883 1902 αὐτὸν
2912 1849 2976 1900 ὲκ
3009 1848 3214 1910 κοιλίας
3247 1847 3472 1918 μητρὸς,
3503 1846 3598 1899 καὶ

2026 1941 2331 2012 ἐπιτρέπων
2362 1939 2500 1993 κατὰ
2549 1937 2648 2000 τὰς
2677 1935 2868 2008 ἀρχὰς,
2905 1938 2961 1991 εν
2983 1936 3230 2017 νεότητι,
3276 1934 3422 2004 ζήλῳ
3462 1933 3597 2004 μετά

2027 2036 2248 2104 ἀγνοίας
2301 2031 2665 2102 ὲγγινομένῳ,
2717 2031 2984 2102 προφάσει
3038 2015 3344 2092 Θεοσεϐείας
3384 2028 3597 2082 διώκειν
3646 2015 3652 2022 ’

2027 2129 2154 2190 τοὺς
2180 2127 2258 2189 είς
2283 2124 2374 2178 τὸν
2405 2123 2639 2194 Χριστόν
2667 2139 2767 2192 μου
2797 2120 3226 2181 πεπιστευκότας
3244 2159 3258 2183 ,
3290 2118 3384 2171 καὶ
3413 2119 3596 2189 τηρεῖν

2027 2217 2094 2271 τὰ
2118 2216 2309 2288 ἱμάτια
2335 2215 2441 2269 τῶν
2461 2213 2874 2268 λιθοϐολούντων
2898 2212 2988 2266 τὸν
3010 2211 3348 2282 θεραπευτήν
3373 2228 3472 2281 μου
3505 2211 3598 2264 καὶ

2031 2309 2283 2378 μάρτυρα
2305 2305 2588 2374 Στέφανον’
2609 2305 2696 2357 ἵνα
2715 2303 3179 2373 νεανιευσάμενος,
3203 2301 3422 2371 ὕστερον
3439 2302 3599 2369 ἀφορ-

2029 2399 2135 2469 μῆς
2171 2395 2465 2466 λαϐόμενος
2495 2395 2587 2447 καὶ
2618 2392 3081 2463 μεταϐαλλόμενος
3113 2393 3203 2444 ἐπὶ
3234 2391 3300 2445 τὰ
3328 2390 3595 2460 βέλτιστα,

2029 2488 2103 2558 μὴ
2126 2489 2464 2557 καυχήσηται
2495 2483 2718 2537 ἐνώπιον
2743 2483 2874 2553 ἐμοῦ
2896 2522 2911 2546 ,
2960 2482 3095 2535 ἀλλά
3119 2481 3264 2550 λέγει
3294 2479 3402 2551 (6'2)
3423 2497 3436 2510 ·
3478 2482 3598 2534 Οὐκ

2025 2579 2140 2647 είμὶ
2172 2575 2378 2641 ἱκανὸς
2425 2575 2736 2629 καλεῖσθαι
2779 2575 3144 2638 ἀπόστολος,
3195 2572 3344 2626 διότι
3382 2570 3599 2635 ἐδίωξα

2026 2669 2142 2736 τὴν
2175 2667 2544 2733 Ἐκκλησίαν
2570 2664 2677 2719 τοῦ
2703 2663 2847 2718 Θεοῦ
2867 2681 2878 2692 ·
2903 2665 2996 2716 καὶ
3024 2663 3340 2733 αἰσθόμενος
3364 2663 3461 2732 τῆς
3481 2664 3598 2714 ἐσο-

2033 2754 2201 2826 μένης
2235 2772 2333 2825 μου
2361 2755 2440 2816 είς
2472 2754 2632 2807 αὑτὸν
2669 2752 2985 2823 εὐεργεσίας
3031 2753 3164 2823 μετά
3202 2753 3268 2805 τὰ
3295 2755 3351 2806 ὲν
3384 2751 3595 2822 νεότητι

343 2846 614 2915 προφάσει
643 2847 950 2910 θεοσεϐείας
984 2849 1297 2918 πταίσματα
1317 2887 1332 2910 ,
1361 2848 1492 2921 εἴπῃ
1520 2847 1649 2921 (65)’
1686 2848 1884 2916 Χάριτι
1913 2850 1980 2903 δὲ
2006 2849 2152 2904 Θεοῦ
2171 2853 2286 2918 ειμι
2319 2850 2352 2902 ὅ
2381 2851 2496 2918 εἰμι
2515 2866 2527 2879 ο
2563 2849 2658 2902 καὶ
2684 2847 3026 2919 κωλυόμενος
3084 2847 3141 2899 δὲ
3190 2848 3294 2900 ὑπὸ
3337 2847 3428 2900 τοῦ
3475 2865 3601 2900 συν-

345 2935 546 3004 ειδότος
590 2942 677 2994 διὰ
704 2943 772 2996 τὰ
797 2943 902 2994 ὑπὸ
931 2943 1140 2997 νεανίου
1189 2942 1352 2994 αὑτοῦ
1402 2942 1480 2995 ἔτι
1530 2943 1886 3012 τυγχάνοντος
1942 2942 2303 3014 πεπραγμένα
2357 2941 2496 2995 κατὰ
2545 2939 2817 3012 Χριστοῦ,
2875 2941 2974 3011 οὐχ
3006 2938 3601 3011 ὑπερεπαρθὴσεταιτῇ

347 3031 618 3103 ὑπερϐολῇ
646 3032 752 3086 τῶν
775 3034 859 3085 ἐπ’
875 3033 1163 3103 εὐεργεσίᾳ.
1192 3032 1724 3105 φανερωθησομένων
1749 3032 1894 3102 αὐτῷ
1923 3033 2332 3102 ἀποκαλύψεων.

420 3127 474 3180 7.
511 3127 593 3180 Ad
633 3140 696 3180 ea
731 3135 908 3179 autem
947 3141 1067 3193 quae
1091 3127 1298 3195 objecta
1327 3134 1454 3180 sunt
1484 3127 1550 3181 de
1583 3127 1831 3182 oratione
1860 3135 1916 3180 ut

2089 3127 2198 3180 Καὶ
2233 3128 2366 3198 πρὸς
2403 3128 2463 3180 τὸ
2497 3129 2624 3199 περὶ
2655 3127 2754 3197 τῆς
2787 3128 2879 3181 ἐπὶ
2922 3127 2998 3198 τῷ
3027 3127 3333 3196 ἀνατέλλειν
3368 3127 3478 3199 (64)
3508 3129 3596 3181 τὸν

347 3218 430 3274 sol
451 3218 679 3282 oriatur,
707 3219 822 3270 haec
846 3217 1094 3270 dicenda.
1120 3216 1217 3270 Est
1239 3231 1392 3270 suum
1417 3217 1582 3274 ctsoli
1609 3217 1922 3283 arbitrium,

346 3309 792 3378 quandoquidem
853 3307 969 3377 ipse
1020 3309 1188 3362 Deum
1241 3323 1363 3362 cum
1407 3309 1530 3363 luna
1588 3309 1790 3362 laudat.
1832 3309 1923 3361 Ait

349 3400 493 3452 enim
527 3416 540 3451 :
573 3397 812 3451 Laudate
839 3414 981 3466 eum,
1011 3399 1088 3452 sol
1118 3409 1164 3451 et
1195 3399 1321 3452 luna
1347 3399 1414 3452 “.
1448 3399 1537 3454 Sic
1559 3409 1614 3453 et
1639 3399 1920 3453 arbitrium

349 3489 533 3542 lunam
567 3495 622 3541 et
648 3499 1049 3557 consequenter
1081 3488 1266 3543 stellas
1295 3503 1486 3544 omnes
1518 3490 1717 3544 habere
1748 3491 1924 3544 Inani-

349 3577 547 3631 festum
578 3587 664 3632 est
693 3591 707 3630 :
743 3575 984 3632 Laudate
1013 3578 1157 3632 enim
1185 3595 1324 3643 eum,
1355 3581 1518 3633 stella:
1550 3593 1595 3633 et
1626 3582 1823 3638 lumen.
1859 3585 1926 3639 Ut

349 3667 518 3737 igitur
550 3667 789 3723 diximus
813 3680 1000 3723 nostro
1026 3668 1365 3740 singulorum
1397 3672 1488 3739 qui
1531 3672 1585 3725 in
1623 3683 1766 3728 terra
1800 3691 1935 3730 ver-

347 3770 537 3810 samur
561 3755 790 3810 arbitrio
824 3757 898 3810 uti
930 3757 1116 3824 Deum,
1149 3767 1203 3812 et
1231 3757 1286 3812 in
1317 3758 1556 3828 aliquam
1585 3769 1923 3817 terrenarum
1960 3773 1962 3775 '

350 3862 533 3900 rerum
583 3849 875 3902 utilitatem
926 3851 1315 3905 convenienter
1360 3852 1448 3905 illa
1492 3855 1793 3919 ordinasse,
1843 3860 1926 3913 sic

347 3938 513 3993 etiam
538 3939 956 3992 existimandum
987 3950 1088 4002 est,
1119 3941 1348 3994 arbitrio
1372 3941 1502 3996 solis
1517 3955 1571 3998 et
1605 3944 1747 4000 luna:
1773 3949 1922 4001 etsi-

347 4032 558 4096 derum,
588 4032 895 4086 necessario
927 4031 1018 4085 illo
1041 4041 1095 4086 et
1127 4031 1282 4084 ﬁrmo
1299 4037 1354 4085 et
1383 4033 1638 4088 stabiliet
1674 4041 1921 4108 sapiente

346 4135 530 4187 usum,
560 4119 846 4174 ordinasse
872 4129 1121 4174 ornatum
1145 4137 1357 4177 omnem
1383 4121 1504 4177 cteli
1539 4134 1928 4193 congruentes-

343 4224 455 4279 que
498 4211 754 4265 universo
787 4210 1026 4264 siderum
1062 4200 1468 4268 coriversiones.
1506 4211 1657 4279 Quod
1686 4215 1730 4269 si
1766 4215 1832 4270 de
1860 4217 1927 4273 iis

343 4313 468 4369 quae
511 4314 542 4353 a
583 4309 772 4354 nostro
825 4301 1053 4370 arbitrio
1095 4303 1355 4370 pendent,
1407 4318 1510 4357 non
1558 4302 1758 4359 frustra
1804 4321 1924 4373 oro,

2023 3219 2173 3290 ἥλιον
2208 3219 2372 3289 εὐχῆς
2400 3219 2570 3272 ταῦτα
2597 3218 2832 3271 λεκτέονο
2863 3218 2976 3271 ἔστι
3009 3235 3060 3271 τι
3094 3219 3185 3271 καὶ
3214 3219 3305 3272 τοῦ
3341 3217 3488 3289 ἡλίου
3511 3218 3594 3287 ἐφ’

2024 3312 2189 3382 ἡμῖν,
2242 3312 2336 3365 καὶ
2383 3310 2545 3364 αὐτοῦ
2588 3309 2863 3374 αἰνοῦντος
2907 3311 3047 3382 μετά
3093 3312 3190 3382 τῆς
3240 3309 3467 3380 σελήνης
3509 3309 3598 3363 τὸν

2022 3402 2173 3456 Θεόνε
2200 3400 2425 3455 Αἰνεῖτε
2445 3401 2554 3472 γὰρ
2581 3401 2783 3464 αὑτὸν,
2811 3401 2993 3472 φησιν,
3021 3400 3193 3468 ἥλιος
3215 3400 3310 3452 καί
3342 3399 3593 3465 σελήνη.

2023 3495 2188 3566 Δῆλον
2232 3495 2277 3547 δ’
2305 3495 2387 3547 ὅτι
2434 3495 2527 3548 καὶ
2564 3491 2665 3561 τῆς
2703 3491 2930 3563 σελήνης
2976 3491 3069 3545 καὶ
3114 3490 3418 3552 ἀκολούθως
3458 3489 3583 3542 πάν-

2022 3605 2128 3640 των
2174 3586 2278 3639 τῶν
2329 3587 2591 3656 ἀστέρωψ
2646 3583 2874 3639 Αἰνεῖτε
2913 3582 3019 3654 γὰρ
3065 3582 3254 3636 αὑτὸν
3297 3579 3492 3634 πάντα
3526 3580 3598 3632 τὰ

2023 3679 2211 3746 ἄστρα
2263 3677 2356 3730 καὶ
2410 3677 2474 3729 τὸ
2523 3676 2668 3745 φῶς.
2719 3677 2930 3746 Ὥσπερ
2967 3669 3060 3727 οὖν
3096 3674 3394 3744 εἰρήκαμεν
3420 3671 3479 3724 τὺ
3511 3672 3595 3739 ἐφ’

2025 3770 2154 3840 ἡμῖν
2180 3767 2290 3839 (65)
2318 3768 2545 3820 ἑκάστου
2592 3767 2698 3820 τῶν
2745 3767 2837 3819 ἐπὶ
2889 3765 2993 3834 γῆς
3045 3762 3463 3836 καταχρώμενον
3508 3762 3595 3814 τὸν

2023 3861 2175 3926 Θεὸν,
2210 3858 2288 3922 εἷς
2313 3876 2435 3912 τινα
2465 3858 2648 3928 χρείαν
2676 3857 2781 3909 τῶν
2813 3857 2903 3908 ἐπὶ
2931 3856 3033 3925 γῆς
3067 3855 3486 3924 κατατεταχέναι
3519 3855 3596 3912 είς

2023 3949 2142 4002 δέον
2163 3949 2318 4002 αὐτά·
2361 3949 2532 4011 οὕτως
2565 3947 2898 4017 ὑποληπτέον
2929 3946 3006 4016 τῷ
3039 3946 3121 4014 ἐφ’
3155 3947 3287 4015 ἡμῖν
3319 3943 3466 4014 ἡλίου
3501 3943 3595 3997 καὶ

2027 4041 2256 4111 σελήνης
2279 4041 2371 4093 καὶ
2390 4040 2623 4112 ἄστρων,
2641 4039 2969 4111 ἀραρότικαὶ
2988 4037 3188 4107 βεϐαίῳ
3211 4037 3322 4089 ὄντι
3346 4035 3442 4089 καὶ
3469 4052 3598 4088 στα-

2024 4131 2176 4203 θηρῷ
2208 4132 2300 4185 καὶ
2332 4129 2880 4202 σοφῷ,διατεταχέναι
2928 4129 3101 4182 πάντα
3136 4129 3228 4180 ’τὸν
3266 4129 3468 4197 κόσμον
3500 4123 3593 4179 τοῦ

2023 4223 2252 4294 οὐρανοῦ
2285 4223 2380 4276 καὶ
2409 4222 2504 4294 τὴν
2535 4221 2642 4275 τῶν
2675 4221 2886 4291 ἄστρων
2907 4219 3175 4292 ἁρμονίως
3200 4218 3308 4289 (66)
3335 4216 3408 4287 τῷ
3435 4215 3596 4269 παντὶ

2023 4315 2250 4386 πορείαν
2283 4315 2376 4368 καὶ
2417 4314 2648 4385 κίνησιν.
2695 4313 2803 4364 Καὶ
2841 4312 2888 4362 εί
2923 4310 3048 4379 περὶ
3080 4309 3171 4362 τοῦ
3209 4310 3291 4378 ἐφ’
3324 4310 3454 4378 ἡμῖν
3477 4307 3594 4360 ἑτέ-

345 4392 516 4446 multo
540 4393 722 4447 minus
755 4391 822 4446 de
845 4391 911 4446 iis
942 4407 1061 4461 quae
1094 4392 1146 4446 in
1182 4392 1408 4447 arbitrio
1447 4403 1574 4449 sunt
1617 4396 1920 4452 caelestium

2029 4423 2122 4477 ρου
2150 4405 2257 4477 (67)
2293 4406 2366 4476 μὴ
2415 4405 2594 4474 μάτην
2635 4402 2883 4474 εὔχομαι,
2928 4401 3105 4472 πολλῷ
3140 4400 3298 4454 πλέον
3337 4399 3463 4470 περὶ
3499 4397 3590 4451 τοῦ

348 4482 558 4536 illorum
617 4483 854 4536 siderum
897 4497 1128 4551 quorum
1177 4485 1462 4540 ordinatus
1517 4499 1712 4545 cursus
1760 4492 1920 4546 rebus

2024 4498 2108 4566 ἐφ’
2134 4498 2264 4572 ημῖν
2298 4494 2405 4548 τῶν
2429 4497 2485 4547 ὲν
2518 4492 2731 4564 οὐρανῷ
2764 4493 3046 4564 σωτηρίως
3073 4491 3148 4563 τῷ
3167 4491 3329 4543 παντὶ
3350 4490 3593 4560 χορευόν-

345 4573 496 4626 utilis
524 4581 607 4626 est
646 4572 937 4626 universis.
972 4572 1293 4641 Quanquam
1330 4577 1395 4631 de
1432 4583 1664 4634 terrenis
1699 4582 1916 4649 quidem

2023 4605 2130 4641 των
2163 4586 2424 4656 ἀστέρων·
2484 4583 2726 4652 καίτοιγε
2772 4582 2915 4636 ἔστιν
2956 4583 3129 4635 εἰπεῖν
3167 4581 3296 4650 περὶ
3358 4580 3470 4632 τῶν
3501 4577 3593 4631 ἐπὶ

346 4665 511 4718 rebus
539 4663 642 4718 dici
667 4671 861 4732 potest,
889 4673 1068 4718 certas
1091 4667 1350 4734 quasdam
1383 4684 1410 4720 a
1437 4672 1917 4729 circumstantibus

2024 4675 2128 4747 γῆς
2157 4677 2236 4729 ὅτι
2270 4675 2470 4729 τοιαίδε
2514 4675 2658 4736 τινὲς
2696 4673 3089 4744 προγενόμεναι
3123 4671 3230 4742 (68)
3265 4672 3330 4723 ἐκ
3356 4669 3464 4722 τῶν
3495 4687 3590 4722 πε-

344 4751 560 4819 species
587 4751 804 4804 immitti
839 4767 961 4821 quae
986 4764 1283 4822 provocent
1311 4756 1360 4810 id
1391 4759 1536 4825 quod
1570 4759 1623 4813 in
1646 4761 1804 4815 nobis
1832 4763 1917 4814 in-

2025 4763 2328 4836 ριεστώτων
2394 4762 2682 4832 φαντασίαι
2758 4759 3151 4831 προκαλοῦνται
3225 4756 3284 4808 τὸ
3342 4755 3592 4808 ἀϐέϐαιον

347 4841 567 4898 ﬁrmum
599 4849 705 4906 est,
737 4850 829 4894 aut
863 4856 1091 4910 pronum
1137 4845 1202 4898 ad
1251 4847 1551 4915 deteriora,
1600 4859 1660 4903 ut
1692 4851 1808 4904 haec
1834 4851 1917 4905 vel

2022 4853 2199 4924 ἡμῶν,
2230 4853 2261 4924 ἢ
2296 4853 2354 4906 τὸ
2374 4853 2464 4906 ἐπὶ
2493 4853 2553 4904 τὸ
2584 4853 2824 4922 κρεῖττον
2855 4849 2960 4920 (69)
2997 4850 3248 4921 ρεπτικὸν
3280 4848 3433 4919 ἡμῶν
3459 4847 3592 4918 πρὸς

415 4951 677 5008 “Psalm.
703 4965 851 5018 CVlll,
879 4954 932 5007 4.
1009 4954 1055 4986 ⁵ο
1090 4955 1212 5012 Act.
1245 4960 1489 5024 xxn,20.
1565 4962 1610 4993 ⁵¹
1637 4959 1656 5013 1
1681 4963 1804 5017 Cor.
1838 4979 1920 5027 xv,

2084 4965 2131 4996 ⁵³
2157 4965 2423 5032 lbid.,10.
2497 4964 2542 4994 ⁸⁸
2572 4964 2612 5018 ll
2635 4962 2761 5017 Cor.
2797 4978 2894 5027 λιι,
2921 4963 2973 5014 7.
3050 4961 3096 4992 3"
3125 4959 3264 5015 Psal.
3285 4974 3508 5022 CXLVIII,
3533 4957 3584 5011 '5.

416 5113 530 5185 (61)
575 5115 1100 5240 Ἐξελείμοῦλιίεηι
1140 5120 1287 5184 legit,
1321 5119 1627 5191 ὲξελιγμοῦ.

416 5184 528 5240 (62)
561 5185 753 5240 Λέγει.
832 5183 1418 5240 εςιίιΒεηιΙείυεΛέγη.

832 5203 895 5255 ⁸8

2019 5122 2162 5195 [unae
2187 5123 2463 5195 stellisque
2498 5125 2750 5180 omnibus
2772 5127 3006 5180 animam
3032 5125 3348 5180 rationalem
3379 5124 3585 5181 tribuit.

439 5184 528 5323 62)
561 5185 753 5256 Λέγει.
784 5183 1248 5266 ΒεεὶιΒεηιΙείυίε,
1267 5183 1418 5263 λέγῖῃ.

439 5254 506 5308 65
558 5257 736 5323 Eum.
794 5257 884 5311 Sic
939 5258 1102 5311 habet
1153 5262 1319 5315 codex
1382 5277 1418 5314 II

2021 5191 2628 5266 VideOrigen'ianorum
2667 5196 2760 5266 lib.
2798 5213 2858 5262 II,
2888 5213 2941 5266 q.
2974 5199 3005 5251 8

544 5237 752 5339 ξίὰᾐ.
784 5237 1483 5339 ἐἶδ”ιεούέῖἔόὰέῗῗίιε.
1541 5259 1679 5314 Male
1731 5271 1910 5316 autem

2041 5237 2225 5339 "(sisi
2242 5237 2628 5339 "etaim;
2659 5237 3132 5339 pil‘ééii'iié'xiuve'ius,
3151 5265 3226 5339 τῷ
3255 5265 3340 5335 ἐφ’
3365 5267 3517 5339 ἡμῖν.

343 5324 512 5408 ειιξιξο
540 5323 890 5408 (λὶοιιίεηξίε,
911 5323 1073 5408 ,εἶπες
1319 5395 1374 5408 ,..
1524 5399 1538 5408 .
1777 5398 1822 5408 --

2255 5323 2580 5408 ᾎριὶοιηίῶς.
2615 5323 2767 5408 Ideni
2790 5323 2940 5405 legit,
2968 5323 3261 5408 αρμοδίισῖς.

419 5395 532 5463 (64)
568 5396 705 5478 ﬁeri.
737 5396 835 5478 Et?)
890 5396 1269 5478 άνᾳτᾴλᾴειν.
1319 5395 1410 5478 Sic
1441 5399 1608 5478 codex
1643 5415 1745 5478 In_s.
1777 5398 1913 5454 Male

2255 5395 2504 5478 'E'e'épov.
2538 5395 2687 5459 idem
2718 5395 3188 5478 legitiﬂpérspou.

2185 5267 2204 5468 ί

346 5476 486 5543 νει-ᾳ.
517 5467 683 5543 editio
733 5464 932 5543 Oxon._,
977 5467 1068 5543 ἐπι
1093 5469 1154 5521 τὸ
1186 5467 1510 5543 ἀνατέλλειν.
1538 5469 1700 5543 Quod
1732 5479 1911 5543 autem

2086 5464 2174 5543 (es

347 5476 474 5543 vero
517 5474 683 5519 editio
733 5474 932 5530 Uxon.,
977 5474 1068 5520 ἐπὶ
1093 5474 1154 5521 τὸ
1186 5474 1510 5523 ἀνατέλλειν.
1547 5474 1700 5532 Quod
1732 5479 1911 5522 autem
2086 5474 2174 5543 (68

347 5532 566 5614 sIIineit
591 5535 948 5614 ergenesde
971 5538 1101 5593 solis
1123 5547 1179 5614 et
1197 5540 1425 5614 aliarum
1449 5539 1728 5614 stellarum
1744 5539 1914 5614 libero
2089 5474 2197 5614 (69)

344 5602 596 5673 arbitrio,
619 5605 676 5662 id
696 5602 804 5665 hon
827 5608 1100 5685 discrepat
1130 5611 1194 5664 ah
1217 5611 1332 5679 ejus
1361 5609 1628 5665 sententia
1656 5623 1761 5684 qua
1793 5609 1911 5676 soli,

2236 5474 2681 5547 Προγεττόμενᾳι.
2718 5474 2860 5547 Iden:
2885 5474 3033 5545 legit,
3059 5474 3514 5547 παραγενόμεναι.

2249 5545 2371 5597 Ἐπὶ
2407 5545 2470 5598 τὸ
2505 5545 2788 5613 κρεῖττον.
2819 5544 2962 5601 Ideni
2997 5547 3121 5613 legit
3141 5544 3237 5598 ἐπὶ
3268 5544 3330 5597 τὸ
3362 5547 3558 5616 χεῖρον.
