3974 6160
275 302 372 362 441

1474 297 1811 355 LIBELLUS
1839 295 1926 351 DE
1959 294 2329 352 OBATIONE.

3422 304 3527 358 442

276 421 337 477 τὸ
363 435 581 489 ποιησαι
606 419 639 490 ἢ
671 419 843 472 εἰπεῖν
865 418 989 472 τάδε
1018 419 1161 486 τινὰ,
1192 421 1226 491 ἥ
1265 419 1410 474 τάδε’
1440 420 1532 472 ἐπὶ
1563 420 1618 473 δὲ
1647 419 1754 472 τῶν
1789 421 1846 472 ἐν

1953 416 2036 470 illa
2056 417 2295 470 dicamus
2314 421 2402 468 aut
2417 413 2680 469 faciamus
2695 432 2710 481 ;
2728 412 2780 468 in
2800 414 3115 470 cmlestibus
3132 430 3259 470 vero
3277 431 3523 485 quaenam

276 510 483 583 οὐρανῷ
516 511 642 563 ποία
665 510 885 564 δύναται
917 512 1247 583 ἐγγενομένη
1284 511 1550 580 φαντασία
1583 511 1844 580 ἐκστῆσαι

1948 519 2125 579 potest
2149 510 2387 562 immissa
2415 507 2625 575 species
2652 507 2719 564 ab
2747 522 2813 562 eo
2844 522 3008 563 cursu
3037 508 3130 576 qui
3159 509 3357 562 mundo
3377 511 3526 564 utilis

281 603 369 656 καὶ
417 601 772 672 μετακινῆσαι
819 601 927 654 ἀπὺ
957 603 1053 672 τῆς
1093 603 1366 672 ὠφελίμου
1400 601 1476 671 τῷ
1518 602 1706 670 κόσμῳ
1744 617 1844 652 πο-

1953 613 2030 656 est
2057 612 2301 655 avertere
2326 617 2390 656 ac
2422 599 2741 654 dimovere?
2785 614 2906 653 cum
2941 599 3152 669 singula
3187 601 3351 654 etiam
3388 601 3526 654 citra

286 695 461 766 ρείας;
495 693 725 746 ἕκαστον
761 693 872 746 τῶν
913 693 1168 764 τοιαύτην
1205 692 1314 764 (Ἱο)
1348 693 1524 764 ψυχὴν
1557 692 1660 745 ὐπὸ
1687 691 1842 760 λόγου

279 782 712 852 κατηρτισμένην
751 783 997 854 καὶπερὶ
1028 783 1126 853 τὴν
1170 781 1346 835 αὐτῶν
1394 767 1572 834 αἰτίαν
1592 780 1841 850 ἐχόντων,

178 922 182 926 .
280 875 368 927 καὶ
398 874 624 944 τοιούτῳ
656 873 867 945 σώματι
901 873 1125 944 αἰθερίῳ
1166 874 1260 926 καὶ
1299 871 1669 943 καθαρωτάτῳ
1702 887 1846 940 χρω-

283 965 472 1036 μένων.

349 1138 467 1190 Ἔτι
498 1134 561 1190 δέ
590 1137 690 1190 οὐκ
714 1137 905 1207 ἄλογον
938 1139 1032 1192 καὶ
1063 1138 1286 1209 τοιούτῳ
1311 1139 1416 1192 τινὶ
1451 1137 1849 1208 παραδείγματι

278 1227 580 1298 χρήσασθαι
627 1229 765 1300 πρὸς
809 1230 870 1282 τὸ
907 1229 1317 1301 προτρέψασθαι
1365 1230 1456 1282 ἐπὶ
1498 1230 1558 1281 τὸ
1595 1227 1851 1294 εὖξασθαι

277 1319 367 1372 καὶ
422 1319 836 1390 ἀποτρέψασθαι
898 1320 994 1374 τοῦ
1064 1320 1286 1389 ἀμελεῖν
1335 1321 1434 1390 τὴν
1495 1320 1658 1389 εὐχήν
1717 1318 1847 1389 (71).

279 1408 482 1478 Ὥσπερ
501 1409 608 1460 οὐκ
632 1408 746 1460 ἐστι
773 1408 1263 1479 παιδοποιήσασθαι
1290 1409 1458 1478 χωρὶς
1483 1405 1737 1474 γυναικὸς
1760 1406 1853 1458 καὶ

273 1499 370 1568 τῆς
419 1501 498 1562 είς
565 1499 905 1553 παιδοποιίαν
959 1500 1229 1570 χρησίμου
1292 1497 1854 1568 παραλαμϐανομένης

273 1591 573 1662 ἐνεργείας·
623 1590 795 1654 οὕτως
843 1589 1010 1643 τῶνδε
1065 1589 1222 1642 τινῶν
1255 1590 1356 1642 οὐκ
1391 1589 1455 1641 ἄν
1490 1606 1570 1650 τις
1603 1587 1750 1657 τύχοι
1781 1587 1853 1657 μὴ

270 1681 438 1745 οὕτως
469 1681 790 1751 εὐξάμενος,
829 1680 967 1751 μετὰ
1001 1679 1291 1742 διαθέσεως
1321 1679 1554 1743 τοιᾶσδε,
1588 1677 1852 1731 πιστεύων

1948 694 2204 748 harumce
2244 695 2544 763 specierum
2593 708 2813 748 causam
2859 691 3124 760 ejusmodi
3162 693 3396 746 animam
3429 693 3525 746 ha-

1951 785 2112 838 beant
2157 785 2370 837 ratione
2425 783 2804 852 compositam,
2864 791 2919 836 et
2973 781 3236 851 ejusmodi
3298 797 3526 851 corpore

1948 874 2180 928 aethereo
2204 875 2604 944 purissimoque
2642 884 2888 929 utantur.

2017 963 2070 1018 8.
2125 963 2395 1018 Praeterea
2441 979 2547 1017 non
2603 965 2899 1017 absurdum
2948 965 3055 1018 erit
3107 964 3182 1018 uti
3219 961 3524 1034 ltujusmodi

1950 1054 2180 1120 quodam
2213 1051 2462 1121 exemplo
2491 1061 2550 1105 ut
2582 1053 2830 1116 homines
2863 1054 2930 1106 ad
2976 1055 3242 1107 orandum
3284 1053 3528 1122 impella-

1953 1158 2090 1205 mus,
2121 1151 2176 1196 et
2203 1150 2513 1196 avertamus
2539 1141 2607 1195 ab
2629 1143 2879 1194 oratione
2905 1143 3249 1212 negligenda.
3274 1142 3343 1196 Ut
3368 1142 3524 1196 liberi

1950 1234 2226 1302 procreari
2258 1247 2361 1286 non
2395 1233 2555 1300 210
2595 1241 2823 1299 possunt
2878 1231 2980 1284 nisi
3021 1233 3265 1285 adhibita
3299 1233 3526 1286 muliere

1953 1340 2125 1392 eoque
2166 1335 2288 1377 actu
2336 1325 2427 1390 qui
2464 1324 2528 1377 ad
2566 1338 2684 1376 eam
2718 1337 2831 1377 rem
2865 1322 3016 1376 utilis
3044 1331 3162 1388 est;
3195 1322 3274 1376 sic
3306 1323 3395 1376 ille
3420 1323 3524 1376 ali-

1955 1415 2074 1484 quis
2106 1415 2219 1467 ltzec
2252 1413 2335 1468 vel
2373 1413 2459 1466 illa
2489 1430 2594 1468 non
2624 1413 2854 1482 accipiet
2900 1412 3000 1465 nisi
3049 1412 3127 1465 sic
3156 1413 3393 1466 oraverit
3423 1415 3525 1468 hoc

1956 1505 2179 1560 affectus
2207 1505 2388 1570 modo,
2419 1506 2519 1560 hac
2548 1505 2669 1570 fide,
2699 1513 2747 1558 et
2779 1505 2879 1558 nisi
2906 1505 3048 1559 hanc
3073 1514 3198 1557 ante
3226 1505 3524 1558 oralionem

1956 1598 2122 1651 vitam
2148 1595 2384 1650 duxerit.
2416 1595 2604 1664 Itaque
2635 1610 2740 1649 non
2785 1604 2866 1649 est
2914 1596 3140 1648 multum
3177 1593 3522 1662 loquendum,

1958 1703 2063 1741 non
2097 1687 2289 1752 exigua
2315 1688 2569 1754 petenda,
2601 1701 2697 1741 uec
2729 1687 2794 1739 de
2821 1687 3051 1740 terrenis
3079 1687 3397 1754 rogandum,
3427 1701 3526 1740 nec

271 1773 459 1836 οὓτως,
503 1774 569 1825 οὐ
602 1773 708 1844 πρὸ
742 1773 838 1843 τῆς
879 1773 1042 1842 εὐχῆς
1084 1772 1231 1825 τόνδε
1269 1771 1470 1842 βιώσας
1502 1770 1592 1823 τὸν
1633 1771 1847 1840 τρόπον.

1954 1793 2076 1832 cum
2111 1778 2188 1832 ira
2224 1786 2316 1831 aut
2362 1778 2544 1831 animo
2594 1776 2912 1845 perturbato
2947 1777 3010 1828 ad
3045 1777 3341 1829 orationem
3371 1789 3525 1829 acce-

274 1866 346 1917 Οὐ
397 1865 820 1935 βαττολογητέον
867 1861 980 1928 οὖν,
1036 1863 1155 1917 οὐδέ
1208 1862 1379 1934 μικρά
1423 1863 1690 1932 αἰτητέον,
1736 1861 1854 1913 οὐδέ

272 1959 398 2028 περὶ
444 1958 704 2026 ἐπιγείων
767 1958 1152 2030 προσευκτέον,
1209 1955 1328 2008 οὐδέ
1373 1954 1511 2026 μετά
1556 1955 1722 2025 ὀργῆς
1763 1953 1856 2006 καὶ

269 2049 690 2120 τεταραγμένων
718 2049 992 2120 λογισμῶν
1014 2049 1107 2100 ἐπὶ
1135 2047 1234 2119 τὴν
1260 2045 1565 2117 προσευχὴν
1592 2044 1850 2097 ἐλθετέον·

271 2141 382 2194 ἀλλ’
399 2142 524 2194 οὐδὲ
548 2141 715 2213 χωρὶς
737 2140 1123 2214 καθαρεύσεως
1152 2140 1302 2193 ἐστιν
1335 2138 1619 2208 ἐπινοῆσαι
1647 2135 1855 2207 γινομέ-

272 2249 369 2304 νην
398 2235 466 2304 τῇ
507 2236 778 2304 προσευχῇ
817 2233 1032 2305 σχολήν⁸
1077 2233 1190 2286 ἀλλ’
1237 2232 1359 2286 οὐδὲ
1397 2231 1645 2301 ἀφέσεως
1678 2229 1856 2299 ἁμαρ-

271 2325 530 2393 τημάτων
567 2318 677 2376 οἷόν
720 2341 780 2376 τε
828 2326 1008 2394 τυχεῖν
1051 2324 1142 2376 τὸν
1174 2322 1496 2393 εὐχόμενον,
1524 2321 1596 2392 μὴ
1625 2321 1732 2374 ἀπὺ
1755 2320 1853 2388 τῆς

269 2415 498 2485 καρδίας
531 2415 756 2483 ἀφιέντα
787 2413 866 2485 τῷ
898 2414 1382 2485 πεπλημμεληκὸτι
1415 2414 1506 2467 καὶ
1528 2411 1852 2482 συγγνώμης

266 2509 449 2577 τυχεῖν
479 2507 717 2569 ἀξιοῦντι
758 2504 990 2574 ἀδελφῷ.
1044 2505 1323 2574 Ὠφέλειαν
1355 2505 1412 2557 δὲ
1447 2503 1753 2571 ἐγγίνεσθαι
1779 2502 1854 2572 τῷ

263 2597 326 2651 ὃν
347 2597 430 2649 δεῖ
447 2597 648 2666 τρόπον
676 2596 973 2666 εὐχομένῳ,
1003 2596 1037 2666 ἢ
1066 2597 1159 2648 ἐπὶ
1186 2595 1344 2647 τοῦτο
1371 2595 1512 2648 κατὰ
1544 2595 1602 2647 τὸ
1634 2592 1855 2645 δυνατὸν

267 2687 646 2758 ἐπειγομένῳ,
702 2686 984 2757 πολλαχῶς
1043 2685 1284 2758 ἡγοῦμαι
1349 2684 1684 2754 συμϐαίνειν.
1748 2686 1856 2738 Καὶ

268 2778 490 2850 πρῶτόν
522 2796 584 2846 γε
620 2779 835 2842 πάντως
867 2777 1041 2832 ῶνατό
1065 2795 1116 2832 τι
1149 2779 1178 2830 ὁ
1205 2778 1339 2848 πρὸς
1364 2777 1424 2830 τὸ
1464 2775 1720 2843 εὔξασθαι
1744 2775 1854 2846 (72)

265 2867 456 2930 ταθεὶς
489 2868 630 2922 κατά
661 2869 752 2921 τὸν
783 2866 928 2932 νοῦν,
955 2868 1020 2921 δι’
1054 2869 1221 2939 αὐτῆς
1267 2869 1364 2938 τῆς
1404 2871 1461 2920 ἐν
1493 2866 1570 2937 τῷ
1603 2865 1854 2937 εὔχεσθαι

267 2960 657 3024 καταστάσεως
719 2959 836 3030 Θεῷ
887 2959 1225 3030 παρεστάναι
1273 2959 1463 3012 ἐαυτὸν
1518 2959 1612 3011 καὶ
1662 2958 1854 3028 ἐκείνῳ

268 3052 452 3120 λέγειν
478 3051 837 3122 σχηματίσας,
872 3051 947 3114 ὡς
971 3050 1234 3121 ἐφορῶντι
1270 3050 1362 3102 καὶ
1387 3049 1634 3120 παρόντι·
1661 3049 1850 3120 ὥσπερ

265 3143 377 3214 γὰρ
408 3143 468 3195 αἱ
493 3141 691 3195 τοιαίδε
724 3141 1013 3211 φαντασίαι
1046 3143 1138 3194 καὶ
1171 3142 1522 3210 ὑπομνήσεις,
1562 3140 1728 3193 τῶνδέ
1763 3157 1846 3192 τι-

271 3251 376 3288 νων
409 3234 540 3305 περὶ¹
571 3232 640 3286 τὰ
665 3226 740 3286 ὧν
772 3234 1056 3301 γεγόνασιν
1089 3234 1146 3285 αἱ
1175 3234 1528 3303 ὑπομνήσεις,
1568 3232 1849 3303 μολύνουσι

267 3326 391 3388 τοὺς
412 3325 706 3396 λογισμοὺς
738 3326 863 3389 τοὺς
898 3326 954 3378 ἐν
980 3324 1159 3378 ταῖσδε
1191 3327 1310 3386 ταῖς
1344 3325 1661 3393 φαντασίαις
1689 3340 1848 3392 γεγε-

268 3421 553 3492 νημένους⁸
609 3420 699 3473 τὸν
749 3419 909 3472 αὐτὸν
966 3419 1164 3492 τρόπον
1210 3419 1477 3480 πειστέον,
1533 3417 1850 3488 ὀνησιφόρον

268 3509 404 3567 εἶναι
445 3513 670 3584 μνήμην
705 3509 1138 3580 πεπιστευμένου
1164 3509 1272 3580 (75)
1307 3507 1399 3561 τοῦ
1427 3508 1582 3572 Θεοῦ,
1618 3509 1712 3560 καὶ
1746 3523 1848 3561 κα-

267 3604 582 3666 τανοοῦντος
633 3601 703 3654 τὰ
737 3603 794 3654 ἐν
828 3599 906 3670 τῷ
951 3599 1129 3670 ἀδύτῳ
1183 3600 1280 3671 τῆς
1331 3599 1506 3670 ψυχῆς
1552 3601 1845 3670 κινήματα’

270 3690 638 3762 ῥυθμιζούσης
691 3690 889 3761 ἑαυτὴν
935 3689 1190 3759 ἀρέσκειν
1225 3689 1301 3752 ὡς
1337 3689 1566 3759 παρόντι
1600 3691 1693 3743 καὶ
1725 3692 1851 3744 ἐπο-

267 3782 520 3835 πτεύοντι
553 3781 650 3836 καλ⁴
691 3779 943 3849 φθάνοντι
968 3781 1060 3832 ἐπὶ
1100 3781 1278 3834 πάντα
1312 3779 1456 3843 νοῦν,
1492 3779 1570 3850 τῷ
1604 3781 1848 3845 ἐτάζοντι

265 3874 490 3946 καρδίας
525 3874 618 3926 καὶ
651 3872 936 3945 ἐρευνῶντι
970 3873 1218 3943 νεφρούς.
1275 3874 1392 3925 ’Ἱνα
1423 3872 1531 3944 γὰρ
1570 3875 1692 3928 καθ’
1715 3875 1849 3929 ὑπό..

267 3963 409 4018 θεσιν
445 3964 690 4036 μηδεμία
737 3962 816 4016 ἔτι
839 3963 988 4035 παρὰ
1021 3965 1220 4034 ταύτην
1253 3964 1488 4033 ὠφέλεια
1519 3965 1739 4034 γένηται
1772 3964 1848 4034 τῷ

266 4055 666 4125 καταστήσαντι
692 4053 854 4107 αὐτοῦ
888 4054 977 4107 τὸν
1009 4055 1268 4123 λογισμὸν
1301 4057 1379 4118 είς
1407 4055 1466 4107 τὸ
1492 4053 1763 4124 εὔχεσθαι,
1784 4057 1844 4108 οὐ

266 4143 324 4196 τὸ
353 4144 518 4214 τυχὸν
539 4141 816 4212 ἐννοητέον
835 4140 1023 4193 λαϐεῖν
1071 4141 1160 4193 τὸν
1189 4139 1360 4204 οὕτως
1385 4139 1625 4203 εὐλαϐῶς
1659 4141 1846 4194 ἑαυτὸν

267 4235 607 4306 ρυθμίσαντα
650 4237 708 4287 ἐν
739 4234 818 4304 τῷ
841 4234 942 4304 τῆς
989 4233 1154 4303 εὐχῆς
1182 4231 1376 4302 καιρῷ.
1415 4231 1584 4284 Τοῦτο
1605 4232 1662 4284 δέ
1699 4233 1844 4299 γινό-

269 4343 423 4397 μενον
471 4326 733 4389 πολλάκις
776 4325 914 4378 ὅσων
962 4323 1251 4393 ἀφίστησιν
1284 4321 1717 4392 ἁμαρτημάτων,
1754 4323 1846 4375 καὶ

1955 1867 2211 1922 dentium.
2257 1867 2362 1921 Sed
2415 1883 2588 1937 neque
2635 1868 2752 1920 sine
2798 1867 3036 1936 puritate
3067 1866 3368 1935 intelligere
3399 1865 3525 1920 licet

1954 1958 2226 2026 quomodo
2255 1959 2378 2026 quis
2409 1958 2646 2012 orationi
2679 1972 2873 2012 vacare
2903 1958 3098 2028 possit,
3130 1972 3230 2010 nec
3252 1956 3525 2010 remissio-

1955 2063 2079 2101 nem
2107 2057 2455 2117 peccatorum
2479 2056 2656 2115 potest
2677 2063 2839 2102 oraus
2865 2047 3120 2116 consequi
3147 2046 3249 2100 nisi
3273 2061 3334 2099 ex
3361 2049 3526 2100 corde

1955 2141 2229 2195 remiserit
2263 2141 2422 2194 fratri
2471 2141 2636 2194 illatae
2692 2141 2906 2194 veniam
2952 2140 3165 2210 injuriae
3207 2139 3520 2209 postulanti.

1953 2230 2070 2286 Jam
2106 2233 2249 2299 quod
2279 2239 2526 2286 orantem
2559 2246 2624 2285 eo
2657 2245 2766 2299 quo
2806 2237 3020 2299 oportet
3057 2231 3216 2283 modo
3259 2229 3338 2284 vel
3365 2231 3430 2284 ad
3473 2231 3524 2286 id

1955 2337 2054 2393 pro
2103 2323 2306 2377 viribus
2351 2332 2731 2392 properantem
2777 2322 3017 2389 adjuvet,
3065 2321 3248 2376 multis
3289 2322 3525 2376 arbitror

1956 2415 2130 2470 modis
2161 2416 2379 2470 evenire
2431 2428 2609 2485 posse.
2657 2415 2736 2468 Ac
2783 2416 3016 2484 primum
3061 2415 3275 2482 quidem
3304 2414 3526 2470 omnino

1953 2507 2086 2561 utile
2129 2508 2235 2560 erit
2272 2508 2316 2561 si
2355 2508 2478 2576 quis
2508 2507 2574 2560 ad
2607 2507 2871 2561 orandum
2899 2514 3079 2559 mente
3120 2507 3380 2567 intentus,
3430 2519 3526 2571 per

1956 2601 2129 2668 ipsum
2163 2615 2321 2669 quem
2366 2601 2509 2655 inter
2544 2601 2809 2655 orandum
2844 2599 3064 2655 habebit
3097 2609 3298 2654 statum
3345 2600 3416 2652 ita
3466 2615 3526 2653 se

1953 2691 2320 2758 composuerit
2346 2691 2504 2759 quasi
2525 2691 2616 2759 qui
2651 2691 2761 2745 Deo
2793 2700 2936 2745 astet
2967 2701 3162 2745 etcum
3197 2691 3312 2758 ipso
3341 2693 3526 2758 loqua-

1953 2788 2042 2834 tur
2069 2790 2321 2850 tanquam
2360 2781 2681 2850 inspiciente
2725 2797 2788 2835 ac
2837 2789 3125 2850 praesente.
3179 2781 3332 2834 Sicut
3377 2779 3522 2836 enim

1953 2879 2113 2925 certae
2147 2873 2391 2940 quaedam
2432 2872 2696 2941 imagines
2744 2887 2922 2926 rerum
2981 2873 3240 2926 memoria
3285 2871 3523 2940 repetitae

1953 2975 2046 3015 eas
2075 2961 2362 3030 inquinant
2384 2963 2747 3032 cogitationes
2776 2978 2895 3031 quae
2921 2963 3241 3016 oboriuntur
3267 2977 3386 3017 cum
3421 2962 3523 3015 illte

1953 3051 2161 3119 species
2191 3052 2374 3107 animo
2419 3054 2801 3118 obversantur,
2844 3053 3030 3106 eodem
3077 3052 3235 3106 modo
3263 3052 3524 3106 credibile

1952 3153 2037 3199 est
2071 3145 2253 3199 utilem
2289 3161 2412 3201 esse
2455 3146 2881 3201 recordationem
2920 3146 3010 3200 Dei
3039 3146 3128 3215 qui
3154 3160 3392 3214 praesens
3417 3154 3519 3206 est,

1951 3233 2153 3301 quique
2189 3243 2367 3287 motus
2390 3235 2587 3289 anima:
2613 3250 2805 3290 omnes
2833 3236 2999 3289 etiam
3030 3236 3399 3306 penitissimos
3429 3237 3523 3289 den

1950 3324 2233 3390 prehendit
2264 3342 2277 3378 :
2307 3325 2431 3377 dum
2467 3339 2526 3378 se
2565 3325 2651 3378 illa
2685 3327 2982 3396 componit,
3017 3335 3075 3379 ut
3109 3337 3363 3394 tauquam
3392 3340 3524 3394 prte-

1949 3414 2110 3477 seuti,
2134 3415 2466 3482 inspieieuti,
2492 3424 2546 3470 et
2571 3417 2636 3471 ad
2663 3431 2878 3471 omnem
2911 3428 3146 3471 mentem
3181 3416 3521 3482 pervenienti

1949 3504 2156 3570 placeat
2189 3504 2236 3558 ei
2270 3506 2364 3574 qui
2397 3506 2675 3559 examinat
2715 3509 2879 3561 corda
2923 3517 2978 3562 et
3022 3516 3297 3560 scrutatur
3335 3521 3520 3562 renes.

1951 3591 2023 3646 Ut
2046 3593 2188 3646 enim
2214 3607 2583 3663 supponamus
2609 3597 2808 3650 nullam
2842 3597 2999 3650 aliam
3029 3598 3315 3652 utilitatem
3332 3612 3522 3653 acces-

1949 3697 2131 3736 suram
2162 3683 2209 3737 ei
2241 3684 2330 3752 qui
2357 3685 2436 3738 sic
2465 3695 2697 3739 mentem
2719 3685 2781 3739 ad
2808 3688 3109 3742 orationem
3133 3688 3518 3756 composuerit,

1948 3787 2055 3826 non
2090 3774 2358 3827 modicum
2399 3775 2643 3829 fructum
2677 3791 2878 3846 capere
2911 3778 3290 3845 intelligendus
3321 3782 3520 3846 estqui

1948 3862 2066 3931 ipso
2088 3864 2352 3920 orationis
2386 3874 2628 3935 tempore
2669 3867 2744 3921 ita
2778 3880 2836 3921 se
2869 3867 2956 3936 pie
2988 3871 3376 3937 composuerit.
3408 3870 3520 3927 lloc

1947 3971 2079 4010 vero
2101 3959 2144 4009 si
2177 3956 2492 4026 frequenter
2521 3959 2638 4023 fiat,
2663 3968 2796 4028 quot
2822 3976 2850 4014 a
2876 3961 3114 4030 peccatis
3138 3971 3366 4026 avertat,
3389 3971 3522 4030 quot

1949 4049 2014 4100 ad
2053 4047 2282 4102 virtutes
2311 4049 2572 4118 impellat,
2606 4052 2941 4119 experientia
2972 4063 3170 4106 norunt
3205 4052 3239 4105 ii
3275 4053 3363 4121 qui
3395 4067 3520 4106 ora-

1950 4139 2078 4193 tioni
2111 4155 2169 4194 sc
2200 4141 2414 4196 assidue
2440 4143 2784 4198 dediderunt.
2815 4143 2871 4196 Si
2902 4143 3048 4197 enim
3070 4145 3277 4197 cordati
3302 4143 3519 4211 sapien-

1949 4229 2125 4297 tisque
2161 4230 2258 4284 viri
2301 4233 2579 4286 recordari
2609 4231 2834 4302 ejusque
2868 4236 3102 4303 speciem
3131 4244 3310 4288 mente
3341 4235 3518 4286 revol-

1949 4335 2093 4385 vere,
2126 4322 2470 4376 aemulatioue
2500 4337 2598 4378 nos
2623 4333 2902 4392 provocat,
2929 4334 3252 4391 nostrosque
3282 4324 3334 4385 in
3371 4325 3520 4378 dete-

267 4419 349 4486 ἐφ’
375 4419 476 4470 ὅσα
507 4417 662 4486 φέρει
694 4415 802 4468 τῶν
841 4413 1302 4484 κατορθωμάτων,
1335 4413 1488 4466 -ἵσασι
1517 4415 1582 4484 τῇ
1606 4413 1770 4484 πείρᾳ.
1797 4413 1843 4465 οἱ

1953 4409 2094 4464 riora
2138 4410 2373 4480 impetus
2425 4426 2567 4479 saepe
2614 4414 2856 4466 retardat
2893 4431 2906 4466 :
2939 4421 3142 4481 quanto
3197 4411 3367 4479 magis
3422 4409 3516 4464 Dei

269 4507 650 4578 συνεχέστερον
681 4504 758 4575 τῷ
790 4503 1042 4575 εὔχεσθαι
1083 4505 1309 4567 ἑαυτοὺς
1345 4502 1748 4566 ἐπιδεδωκότες.
1780 4503 1843 4554 Εἰ

265 4593 371 4666 γὰρ
418 4595 724 4666 ὑπόμνησις
775 4594 869 4647 καὶ
928 4592 1262 4664 ἀναπόλησις
1323 4591 1606 4663 ἐλλογίμου
1654 4590 1846 4662 ἀνδρὸς

266 4686 357 4739 καὶ
382 4685 731 4756 ὠφελημένου
765 4686 824 4738 ἐν
859 4684 1040 4756 σοφίᾳ,
1061 4684 1152 4736 ἐπὶ
1175 4683 1333 4754 ζῆλον
1357 4685 1504 4754 ἡμᾶς
1524 4681 1688 4736 αὐτοῦ
1711 4700 1846 4754 προ-

1950 4503 2192 4558 omnium
2229 4505 2472 4573 parentis
2495 4505 2730 4560 orationi
2765 4505 3052 4574 conjuncta
3086 4505 3390 4560 recordatio
3424 4518 3518 4558 eos

1951 4595 2167 4661 adjuvat
2221 4598 2311 4665 qui
2355 4597 2457 4652 sibi
2501 4609 2888 4666 persuaserunt
2918 4599 3172 4668 prtcsenli
3210 4613 3270 4654 se
3312 4612 3374 4653 ac
3415 4613 3515 4651 au-

1954 4687 2119 4740 dienti
2152 4688 2260 4743 Deo
2289 4699 2343 4744 et
2371 4699 2551 4744 astare
2577 4697 2631 4744 et
2658 4689 2821 4759 loqui.

266 4777 526 4842 καλεῖται,
571 4777 665 4831 καὶ
710 4775 967 4840 πολλάκις
1008 4774 1286 4846 ἐμποδίζει
1324 4774 1499 4845 ὁρμάς
1525 4775 1624 4838 τὰς
1661 4775 1754 4827 ἐπὶ
1792 4775 1853 4828 τὸ
1889 4780 2090 4849 χεῖροψ
2127 4779 2278 4848 πόσῳ
2322 4779 2483 4834 πλέον
2532 4779 2666 4834 Θεοῦ
2698 4779 2789 4834 τοῦ
2823 4779 2928 4834 τῶν
2961 4780 3097 4834 ὅλων
3127 4778 3340 4852 Πατρδς
3379 4775 3513 4832 ὑπό-

270 4887 460 4941 μνησις
497 4870 638 4942 μετὰ
665 4871 764 4942 τῆς
806 4871 941 4940 πρὸς
983 4869 1144 4925 αὐτὸν
1186 4869 1349 4941 εὐχῆς
1397 4869 1604 4941 ὀνίνησι
1641 4869 1766 4932 τοὺς
1818 4871 2108 4938 πείσαντας
2158 4876 2401 4942 ἑαυτοὺς,
2443 4877 2524 4930 ὅτι
2563 4876 2788 4949 παρόντι
2827 4877 2921 4930 καὶ
2954 4875 3202 4930 ἀκούοντι
3236 4873 3511 4946 παρεστή-

267 4979 394 5017 κασι
427 4963 521 5016 καὶ
551 4962 769 5032 λέγουσι
803 4962 952 5034 Θεῷ.

335 5059 814 5112 Κατασκευαστέον
845 5059 901 5112 δέ
933 5059 1040 5113 ἀπὸ
1072 5058 1179 5112 τῶν
1212 5057 1370 5112 θείων
1400 5060 1628 5128 Γραφῶν
1660 5059 1726 5113 τὰ
1759 5060 1839 5113 εί-

269 5147 495 5215 ρημένα,
539 5147 726 5202 τοῦτον
759 5149 849 5202 τὸν
894 5149 1124 5220 τρόπον·
1164 5149 1410 5220 ἐπαίρειν
1441 5149 1522 5202 δεῖ
1547 5151 1696 5214 ὁσίας
1728 5151 1838 5222 (74)

265 5237 447 5306 χεῖρας
493 5239 583 5290 τὸν
631 5240 941 5310 εὐχόμενον,
976 5239 1064 5294 διὰ
1093 5237 1189 5292 τοῦ
1225 5239 1444 5309 ἀφιέναι
1489 5241 1700 5310 ἑκάστῳ
1732 5239 1840 5295 τῶν

335 5415 781 5493 (Ἰολᾜκαστον
819 5419 1278 5493 τῶινλτοιαύτην.
1319 5421 1464 5477 Idem
1509 5424 1670 5493 legit,
1707 5424 1836 5478 ἐκά-

271 5486 398 5565 ore!
414 5486 588 5565 αὐτῶν
611 5489 886 5560 τοιαύτην.
929 5489 1094 5546 Paulo
1125 5486 1244 5562 post
1267 5492 1411 5564 lego,
1437 5493 1534 5547 καὶ
1558 5486 1709 5564 παρὰ
1739 5494 1836 5565 την

270 5555 439 5608 αὐτῶν
465 5557 658 5610 αἰτίαν.

338 5622 446 5763 ἓΉζ
490 5627 609 5695 Τὴν
638 5628 849 5697 εὐχή-ν.
879 5628 1020 5682 Idem
1052 5629 1199 5696 legit,
1218 5631 1314 5701 τῆς
1334 5632 1516 5703 εὐχῆς.

363 5695 426 5748 7‘2
484 5697 639 5763 Πρὸς
672 5701 736 5754 τὸ
772 5699 1080 5762 εὔξασθαι.
1103 5701 1516 5763 Legitlientleiu

363 5695 445 5765 7⁶2)
484 5697 639 5765 Πρὸς
672 5695 743 5754 τόί
772 5699 1080 5762 εὔξασθαι.
1103 5695 1250 5777 Legit
1271 5695 1562 5772 lietttleius,
1594 5701 1726 5770 πρὸς
1760 5701 1833 5771 τῷ

2012 5058 2064 5114 9.
2095 5057 2291 5113 Verum
2325 5073 2388 5112 ea
2435 5073 2556 5128 quae
2597 5059 2738 5114 dicta
2786 5068 2930 5124 sunt,
2971 5059 3170 5114 divinis
3212 5059 3512 5129 Scripturis

1943 5150 2223 5219 probanda
2254 5158 2378 5204 sunt
2410 5151 2515 5205 hoc
2553 5153 2712 5206 modo
2746 5158 3000 5219 :oportet
3041 5159 3284 5205 orantem
3329 5150 3512 5206 levare

1941 5255 2104 5309 puras
2132 5257 2346 5308 manus,
2366 5252 2614 5313 acceptas
2636 5242 2890 5297 omnibus
2909 5240 3138 5311 injurias
3161 5239 3510 5304 remittendo,

1942 5419 2600 5488 ebEanat.Scribendum
2640 5422 2760 5476 aliis
2797 5422 3030 5486 videtur,
3081 5409 3190 5486 πρὸ
3221 5416 3316 5470 τοῦ
3349 5414 3510 5481 εὔξα-

1945 5491 2124 5633 cogi)
2161 5560 2662 5631 Πεπισ-τευμένου.
2698 5560 3004 5629 Legendum
3030 5560 3239 5618 videtur
3257 5557 3522 5624 Bentleio,

1943 5633 2302 5701 ἐφισταμένου
2329 5633 2409 5683 vel
2446 5633 2822 5701 ἐπισταμένου.

2015 5697 2152 5772 (ω’
2182 5703 2392 5766 Ὁσίας.
2423 5701 2625 5754 'l'extus
2645 5697 2915 5763 vulgatus,
2943 5697 3143 5761 ὁσίους.
