3974 6160
429 309 535 368 M5

1898 300 2219 356 ORIGENIS

3567 299 3680 353 ’444

430 436 759 492 omnemque
785 437 851 476 ex
889 420 1070 474 animo
1105 418 1176 474 ita
1217 416 1682 487 perturbationem
1716 404 2001 483 ejiciendo,

2129 416 2186 478 ,ίς
2237 413 2398 468 αὐτὸν
2439 413 2999 485 πεπλημμεληκότων,
3053 411 3114 464 τὸ
3155 410 3254 481 τῆς
3299 411 3464 482 ὀργῆς
3514 411 3684 477 πάθος

433 528 498 572 ιιι
523 513 723 570 nemini
755 513 824 566 sit
856 511 1046 565 iratus.
1092 508 1222 562 Item
1269 523 1335 561 ne
1371 507 1561 562 alienis
1587 506 2007 576 cogitationibus

436 621 594 660 mens
627 601 961 662 obfuscetur,
998 605 1213 666 Oportet
1245 598 1514 653 orationis
1551 608 1790 666 tempore
1821 612 2007 651 eorum

435 696 678 750 omnium
701 689 946 748 oblivisci
971 703 1091 757 quin
1113 689 1179 742 ab
1204 689 1449 742 oratione
1476 689 1650 743 aliena
1669 699 1813 745 sunt.
1838 688 2006 756 Quem

438 787 608 840 animi
649 791 844 838 statum
888 780 1011 848 quis
1039 779 1197 847 211
1227 778 1434 833 dubitet
1466 779 1834 835 felicissimum
1863 794 2005 844 esse,

439 889 499 930 ut
527 876 682 928 docet
711 871 904 925 Paulus
949 870 1003 922 in
1034 870 1207 936 prima
1250 869 1316 922 ad
1361 867 1709 924 Timotheum
1764 869 2008 938 Epistola

439 970 626 1023 dicens
656 983 669 1018 :
715 963 844 1017 Volo
873 978 993 1031 ergo
1026 962 1161 1015 viros
1193 977 1349 1015 orare
1378 962 1432 1014 in
1463 963 1758 1028 omniloco,
1787 963 2009 1018 levantes

438 1074 602 1127 puras
631 1071 822 1109 manus
853 1055 966 1108 sine
997 1054 1078 1106 ira
1122 1063 1168 1106 et
1203 1053 1582 1123 disceptatione
1605 1055 1675 1106 ⁵⁵.
1726 1055 2008 1110 Mulierem

440 1159 726 1218 prmterea,
752 1145 987 1200 maxime
1017 1160 1140 1198 cum
1168 1153 1321 1206 orat,
1374 1154 1590 1212 oportet
1644 1148 2011 1214 compositam

438 1251 496 1296 ct
517 1249 766 1296 ornatam
797 1255 918 1294 esse
947 1238 1128 1292 animo
1159 1246 1212 1292 et
1245 1252 1495 1306 corpore,
1522 1249 1706 1307 atque,
1741 1239 2012 1308 imprimis

441 1345 563 1385 cum
580 1339 722 1395 orat,
748 1329 916 1383 Deum
945 1328 1206 1393 revereri,
1231 1343 1294 1382 ac
1316 1342 1528 1383 onmem
1564 1328 2012 1398 intemperantem

441 1419 873 1486 muliebremque
906 1418 1338 1472 recordationem
1377 1430 1445 1471 ex
1496 1418 1695 1472 animae
1737 1419 2012 1487 praecipua

445 1517 598 1576 parte
631 1507 943 1575 expellere;
972 1507 1156 1561 ornari
1180 1521 1308 1561 vero
1340 1520 1448 1561 non
1481 1507 1533 1561 in
1578 1508 1735 1563 tortis
1775 1508 2014 1563 crinibus

443 1607 498 1652 ct
527 1613 660 1652 auro
685 1611 739 1652 et
773 1599 1088 1668 margaritis
1112 1607 1208 1653 aut
1236 1609 1388 1654 veste
1410 1600 1668 1668 pretiosa,
1702 1599 1794 1655 sed
1819 1599 2015 1668 quibus

445 1691 602 1743 decet
659 1688 945 1744 mulierem
996 1691 1256 1758 pietatem
1327 1693 1732 1758 promittentem
1799 1691 2009 1743 ornari.

445 1778 614 1834 Miror
641 1791 823 1834 autem
855 1782 899 1834 si
928 1781 1054 1849 quis
1079 1780 1289 1835 dubitet
1317 1782 1531 1837 beatam
1563 1780 1647 1836 vel
1679 1796 1744 1835 ex
1775 1780 1867 1834 illa
1895 1781 2013 1835 sola

447 1870 654 1926 mentis
689 1871 1003 1927 habitudine
1035 1874 1330 1942 praedicare
1359 1873 1644 1929 mulierem
1684 1889 1804 1944 qum.
1833 1888 1890 1928 se
1934 1882 2016 1928 ta-

449 1965 551 2018 lem
576 1964 641 2018 ad
669 1965 973 2019 orationem
1007 1966 1322 2020 exhibuerit
1352 1982 1366 2020 :
1392 1967 1535 2034 quod
1570 1967 1625 2019 in
1670 1967 1858 2021 eadem
1887 1967 2017 2034 Epi--

448 2053 589 2108 stola
613 2053 1012 2109 docuitPaulus
1036 2055 1120 2108 his
1148 2053 1332 2109 verbis
1363 2068 1377 2106 :
1413 2052 1671 2107 Similiter
1701 2063 1748 2108 et
1775 2053 2017 2107 mulieres

449 2145 508 2197 in
545 2145 727 2198 habitu
773 2153 958 2197 ornato
992 2161 1110 2197 cum
1149 2145 1459 2199 verecundia
1503 2154 1550 2198 et
1597 2145 1878 2199 sobrietate
1926 2160 2018 2197 or-

450 2245 632 2290 nantes
661 2251 735 2302 se,
760 2251 862 2289 non
897 2236 950 2288 in
987 2237 1135 2288 tortis
1155 2236 1389 2289 crinibus
1420 2245 1513 2289 aut
1544 2251 1676 2288 auro
1717 2244 1769 2288 et
1805 2251 2017 2305 marga-

454 2325 572 2377 ritis
601 2334 646 2378 et
676 2334 813 2378 veste
838 2325 1065 2392 pretiosa
1089 2341 1108 2389 ;
1145 2325 1234 2378 sed
1264 2325 1404 2394 quod
1437 2325 1582 2379 decet
1617 2325 1864 2380 mulieres
1897 2343 2022 2395 pro-

447 2414 709 2469 mittentes
739 2415 985 2483 pietatem
1016 2432 1108 2486 per
1133 2417 1266 2471 bona
1299 2433 1455 2486 opera
1475 2416 1543 2472 ⁸⁸.
1582 2415 1721 2484 Quin
1764 2426 1820 2472 et
1852 2418 2020 2474 David

450 2508 718 2576 propheta
750 2507 918 2561 multa
958 2507 1066 2562 alia
1119 2508 1255 2563 dicit
1293 2509 1499 2563 habere
1539 2518 1791 2584 sanctum
1840 2512 2019 2566 virum

451 2604 699 2652 orantem
725 2615 738 2651 :
767 2613 887 2666 quae
913 2612 1019 2652 non
1043 2597 1354 2668 importune
1381 2615 1738 2671 apponemus,
1771 2616 1878 2672 quo
1907 2617 2023 2657 ma—

450 2689 534 2757 gis
564 2698 825 2758 appareat
852 2690 1175 2746 utilissimus
1201 2706 1344 2760 esse,
1392 2693 1478 2748 vel
1527 2695 1574 2750 si
1628 2695 1777 2750 solus
1831 2696 2022 2751 adesse

450 2779 806 2850 intelligatur,
836 2782 1052 2838 habitus
1075 2793 1132 2839 et
1161 2787 1228 2839 ad
1252 2785 1521 2839 orandum
1549 2795 1846 2855 apparatus
1876 2786 2022 2841 illius

450 2870 545 2938 qui
578 2885 636 2925 se
666 2880 837 2925 totum
868 2872 980 2928 Deo
1018 2875 1374 2929 commiserit.
1416 2875 1507 2928 Ait
1545 2890 1674 2945 ergo
1710 2895 1723 2930 :
1763 2876 1845 2929 Ad
1876 2861 1923 2929 te
1951 2876 2024 2930 le-

451 2964 566 3018 vavi
601 2963 780 3017 oculos
823 2981 962 3018 meos
993 2966 1083 3034 qui
1113 2967 1324 3020 habitas
1359 2967 1414 3020 in
1455 2968 1597 3020 caelis
1615 2967 1696 3033 57;
1727 2975 1783 3020 et
1861 2966 1942 3018 Ad
1977 2976 2024 3019 te

2111 504 2510 574 ὲξαφανίσαντα
2540 505 2647 559 ἀπὸ
2681 506 2779 575 τῆς
2818 503 2995 574 ψυχῆς
3033 503 3126 556 καὶ
3175 503 3362 573 μηδενὶ
3411 502 3686 574 θυμούμει

2112 612 2232 648 νον·
2270 595 2430 648 πάλιν
2461 612 2520 647 τε
2551 595 2631 647 δεῖ
2654 595 2791 664 ὑπὲρ
2823 594 2916 646 τοῦ
2946 593 3018 664 μὴ
3044 592 3419 646 ἐπιθολοῦσθαι
3449 591 3542 645 τὸν
3562 592 3684 646 νοῦν

2112 687 2218 739 ὑπὸ
2249 686 2449 756 ἐτέρων
2491 685 2784 757 λογισμῶν,
2809 687 3025 740 πάντων
3064 683 3416 753 ἐπιλελῆσθαι.
3442 683 3550 736 τῶν
3583 683 3686 749 ἔξω

2111 778 2208 847 τῆς
2237 777 2401 848 εὐχῆς
2429 776 2569 830 κατά
2592 779 2682 831 τὸν
2704 778 2891 849 καιρὸν
2911 780 2967 830 έν
3060 795 3143 840 τις
3173 775 3405 846 εὔχεται.
3435 775 3686 830 Τοιοῦτον

2111 871 2167 924 δὲ
2202 866 2363 934 εἶναι,
2400 869 2514 933 πῶς
2551 871 2649 922 οὐκ
2687 869 2798 922 ἔστι
2839 867 3277 938 μακαριώτατον,
3331 867 3406 929 ὡς
3441 867 3683 919 διδάσκει

2113 959 2323 1023 Παῦλος
2356 961 2412 1013 ὲν
2443 963 2509 1031 τῇ
2545 964 2784 1030 προτέρᾳ
2825 959 2960 1030 πρὸς
2993 958 3285 1028 Τιμόθεον,
3320 957 3513 1025 λέγων·
3541 959 3692 1010 Βού-

2112 1056 2290 1120 λομαι
2336 1047 2449 1106 οὖν
2497 1051 2938 1120 προσεύχεσθαι
2971 1049 3113 1114 τοὺς
3136 1048 3357 1115 ἄνδρας
3402 1048 3472 1101 ὲν
3512 1047 3693 1101 παντί

2114 1144 2291 1207 τόπῳ,
2305 1142 2660 1210 ἐπαίροντας
2673 1142 2848 1206 ὁσίας
2859 1141 2969 1212 (75)
2983 1141 3184 1210 χεῖρας
3199 1140 3379 1215 χωρὶς
3395 1138 3577 1208 ὀργῆς
3595 1139 3693 1191 καὶ

2115 1233 2534 1302 διαλογισμῶν.
2580 1233 2739 1286 Ἀλλά
2769 1234 2907 1303 πρὸς
2929 1233 3136 1295 τούτοις
3162 1231 3260 1300 τὴν
3300 1231 3537 1297 γυναῖκα
3585 1231 3691 1301 Χρὴ

2115 1325 2278 1394 ἔχειν,
2310 1324 2543 1394 μάλιστα
2584 1324 2903 1394 εὐχομένην,
2933 1322 2994 1376 τὸ
3019 1321 3448 1391 κατεσταλμένον
3496 1322 3589 1374 καὶ
3633 1319 3696 1374 τὸ

2115 1417 2339 1488 κόσμιον
2366 1415 2508 1486 ψυχῇ
2538 1417 2633 1469 καὶ
2658 1416 2889 1486 σώματι,
2913 1415 3128 1468 πάντων
3163 1413 3365 1485 μᾶλλον
3397 1412 3692 1483 ἐξαιρέτως

2116 1510 2208 1562 καὶ
2233 1511 2321 1562 ὅτε
2350 1507 2566 1579 εὔχεται
2595 1507 2916 1577 αἰδουμένην
2939 1507 3029 1559 τὸν
3053 1505 3184 1559 Θεὸν
3218 1505 3312 1559 καλ⁵
3345 1506 3525 1557 πᾶσαν
3559 1503 3690 1556 ἀκό-

2117 1600 2308 1651 λαστον
2338 1600 2431 1651 καὶ
2458 1599 2774 1667 γυναικείαν
2800 1597 3104 1666 ὑπόμνησιν
3135 1595 3454 1665 ὲξορίσασαν
3481 1593 3692 1647 ἀπὸτοῦ

2119 1688 2469 1760 ἡγεμονικοῦ,
2503 1689 2597 1740 καὶ
2630 1687 3052 1758 κεκοσμημένην
3077 1687 3176 1739 οὐκ
3205 1687 3262 1739 ὲν
3297 1686 3573 1755 πλέγμασι
3601 1687 3694 1738 καὶ

2122 1780 2303 1851 χρυσῷ
2346 1781 2379 1851 ἢ
2421 1779 2848 1850 μαργαρίταιςῆ
2894 1777 3173 1848 ἱματισμῴ
3215 1777 3524 1842 πολυτελεῖ,
3582 1776 3693 1829 ἀλλ’

2119 1869 2200 1936 οἷς
2223 1874 2430 1943 πρέπον
2457 1873 2568 1942 (76)
2594 1873 2710 1924 ἐστὶ
2735 1870 3107 1942 κεκοσμῆσθαι
3135 1872 3369 1938 γυναῖκα
3390 1869 3697 1923 θεοσέϐειαν

2123 1964 2615 2035 ἐπαγγελλομένην.
2642 1963 2918 2033 Θαυμάζω
2949 1962 3006 2015 δὲ
3043 1963 3090 2014 εἰ
3117 1960 3360 2027 διστάξαι
3385 1977 3468 2023 τις
3498 1960 3562 2013 ἂν
3596 1976 3698 2030 μα-

2121 2057 2316 2127 καρίαν
2338 2057 2401 2108 ἐκ
2434 2056 2600 2126 μόνης
2621 2055 2720 2125 τῆς
2741 2053 2995 2125 τοιαύτης
3017 2051 3402 2115 καταστάσεως
3427 2051 3699 2120 ἀποφήνα-

2125 2149 2244 2202 σθαι
2280 2148 2378 2218 τὴν
2409 2148 2487 2209 εἰς
2510 2146 2571 2198 τὸ
2597 2144 2847 2216 εὔχεσθαι
2878 2143 3136 2214 τοιαύτην
3177 2141 3375 2212 ἑαυτὴν
3416 2141 3698 2212 παραστή-

2122 2237 2401 2303 σασαν,ὠς
2429 2236 2663 2302 ἐδίδαξεν
2691 2239 2747 2290 έν
2771 2239 2836 2307 τῇ
2869 2238 3004 2308 αὐτῇ
3023 2236 3304 2308 Ἐπιστολῇ
3327 2239 3356 2289 ὁ
3374 2234 3586 2298 Παῦλος
3610 2233 3697 2287 λέ-

2124 2343 2255 2396 γων⁶
2335 2327 2640 2392 Γυναῖκας
2709 2327 2993 2394 ὡσαύτως
3046 2327 3116 2380 ἐν
3176 2323 3526 2393 καταστολῇ
3602 2341 3698 2376 κο-

2123 2418 2312 2487 σμίως
2357 2417 2468 2487 (77)
2481 2416 2629 2484 μετὰ
2655 2416 2861 2481 αἰδοῦς
2885 2414 2984 2468 καὶ
3010 2415 3408 2484 σωφροσύνης
3451 2411 3699 2482 κοσμεῖν

2124 2509 2359 2576 ἐαυτάς”
2385 2509 2470 2578 μὴ
2497 2509 2568 2562 ἐν
2593 2510 2913 2578 πλέγμασι,
2945 2508 3042 2561 καὶ
3076 2506 3311 2577 χρυσῷ,
3354 2505 3392 2574 ἢ
3417 2504 3702 2574 μαργαρι-

2122 2619 2272 2667 ταις,
2303 2601 2340 2670 ἣ
2377 2599 2667 2669 ἱματισμῷ
2710 2598 3049 2653 πολυτελεῖ·
3097 2599 3234 2652 ἀλλ’
3267 2599 3298 2652 ὃ
3348 2598 3560 2667 πρέπει
3600 2615 3700 2667 γυ-

2124 2691 2323 2755 ναιξὶν
2385 2689 2936 2761 ἐπαγγελλομέναις
2981 2689 3320 2744 θεοσέϐειαν
3378 2690 3451 2742 δι’
3512 2690 3700 2758 ἔργων

2125 2780 2380 2852 ἀγαθῶν.
2413 2782 2522 2834 Καὶ
2567 2783 2595 2834 ὁ
2628 2782 2912 2852 προφήτης
2963 2781 3018 2835 δὲ
3053 2779 3214 2833 Δαυὶδ
3256 2779 3426 2833 πολλά
3471 2780 3569 2850 μὲν
3610 2779 3702 2832 καὶ

2127 2872 2258 2927 ἄλλα
2285 2875 2447 2945 φησὶν
2484 2873 2627 2944 ἔχειν
2651 2873 2942 2944 εὐχόμενον
2981 2872 3070 2925 τὸν
3103 2873 3274 2942 ἅγιον·
3311 2871 3405 2924 καὶ
3435 2871 3608 2924 ταῦτα
3646 2869 3700 2922 δὲ

2127 2967 2226 3019 οὐκ
2251 2967 2490 3037 ἀκαίρως
2517 2965 2870 3037 παραθετέον,
2897 2967 2982 3019 ἵνα
3011 2969 3218 3036 φανερά
3237 2966 3366 3036 ἡμῖν
3388 2964 3610 3033 γένηται
3633 2961 3701 3015 τὰ

451 3056 620 3109 levavi
655 3057 886 3109 animam
928 3073 1122 3121 meam,
1163 3058 1300 3111 Deus
1323 3059 1388 3111 ³⁸.
1441 3057 1578 3112 Cum
1624 3059 1770 3113 enim
1827 3059 2023 3115 mentis

2134 3057 2362 3126 μέγιστα
2392 3055 2693 3124 ὠφελοῦσα,
2730 3056 2832 3108 κᾶν
2865 3056 2998 3125 μόνη
3027 3055 3262 3125 νοηθῇ,ὴ
3300 3055 3480 3124 σχέσις
3515 3054 3606 3107 καὶ
3625 3055 3704 3116 είς

454 3147 598 3202 oculi
629 3150 708 3203 sic
731 3148 928 3203 eievati
960 3157 1086 3203 sunt
1112 3158 1172 3202 ut
1201 3151 1313 3218 jam
1340 3151 1569 3204 terrenis
1596 3166 1704 3204 non
1729 3152 2026 3205 immoren-

454 3248 564 3304 tur,
604 3254 704 3295 nec
732 3255 918 3295 eorum
964 3256 1082 3309 quae
1123 3241 1351 3295 materia
1386 3250 1680 3306 constant,
1740 3242 2031 3310 speciebus

455 3333 808 3403 impleantur,
867 3343 1102 3403 suntque
1149 3337 1283 3390 adeo
1316 3334 1604 3401 sublimes,
1655 3345 1713 3389 ut
1747 3337 2026 3405 corrupti-

455 3425 586 3480 bilia
615 3441 847 3495 quaeque
869 3427 1194 3496 despiciant,
1223 3427 1384 3494 eique
1412 3426 1505 3479 uni
1544 3436 1737 3480 vacent
1765 3434 1824 3480 ut
1864 3428 2030 3481 Deum

456 3517 718 3588 cogitent,
748 3519 1168 3588 audientemque
1197 3526 1509 3573 reverenter
1535 3531 1600 3572 ac
1631 3518 1873 3572 modeste
1903 3519 2034 3572 allo-

455 3617 751 3678 quantur:
809 3609 997 3677 quidni
1055 3609 1346 3679 plurimum
1394 3609 1507 3677 jam
1562 3608 1897 3678 profecerim
1952 3609 2030 3663 illi

457 3699 627 3765 oculi,
656 3700 882 3754 revelata
912 3700 1052 3768 [acie
1086 3700 1312 3768 gloriam
1358 3697 1574 3753 Domini
1620 3699 1954 3769 speculantes
1985 3711 2032 3752 et

461 3794 520 3843 in
573 3793 806 3844 eamdem
844 3794 1126 3862 imaginem
1175 3790 1549 3858 transformati
1602 3807 1634 3843 a
1681 3790 1926 3845 claritate
1980 3791 2036 3844 in

460 3881 856 3938 claritatem“?
911 3883 1064 3940 Tunc
1109 3886 1256 3939 enim
1286 3883 1574 3938 divinioris
1619 3883 1904 3954 cujusdam
1956 3882 2037 3937 ef—

462 3972 669 4026 lluxum
703 3972 1071 4041 intelligentiae
1094 3975 1460 4044 participant,
1499 3984 1560 4027 ut
1584 3988 1651 4027 ex
1686 3974 1772 4027 his
1814 3974 1987 4042 liquet
2019 3990 2032 4027 :

463 4059 749 4129 Signatum
771 4071 844 4114 est
878 4077 1033 4128 super
1061 4077 1153 4115 nos
1179 4062 1355 4115 lumen
1380 4062 1552 4116 vultus
1593 4063 1691 4129 tui,
1720 4062 1943 4118 Domine
1963 4064 2033 4118 ⁸ο.

458 4151 582 4208 Jam
623 4169 753 4208 vero
785 4153 965 4206 anima
997 4152 1205 4206 elevata
1230 4193 1246 4220 ,
1278 4152 1538 4221 Spiritum
1579 4163 1762 4208 secuta
1788 4195 1802 4221 ,
1841 4171 1869 4210 a
1913 4170 2036 4211 cor-

461 4262 594 4316 pore
614 4253 914 4316 segregata,
943 4259 1043 4300 ncc
1071 4257 1256 4301 secuta
1299 4255 1508 4301 tantum
1539 4244 1823 4316 Spiritum,
1855 4249 1949 4302 sed
1981 4257 2037 4304 et

464 4340 516 4394 in
548 4340 724 4410 ipsum
749 4346 955 4393 mutata
985 4339 1152 4408 (quod
1187 4339 1274 4393 illa
1293 4340 1490 4394 docent
1518 4357 1531 4393 :
1557 4339 1640 4392 Ad
1669 4350 1716 4393 te
1737 4339 1899 4394 levavi
1926 4341 2038 4394 ani-

2131 3149 2192 3200 τὸ
2211 3147 2462 3216 εῠχεσθαι
2499 3147 2824 3219 παρασκευὴ
2851 3148 2944 3200 τοῦ
2971 3148 3382 3211 ἀνατεθεικότος
3417 3147 3604 3199 ἑαυτὸν
3630 3147 3704 3217 τῷ

2131 3235 2268 3306 Θεῷ.
2299 3237 2465 3305 Φησὶν
2485 3231 2595 3289 οὖν’
2628 3237 2783 3304 Πρὸς
2813 3236 2888 3289 σὲ
2908 3234 3020 3307 ἦρα
3047 3238 3187 3303 τοὺς
3225 3237 3564 3306 ὀφθαλμούς
3586 3254 3702 3306 μου

2131 3329 2239 3380 τὸν
2270 3329 2660 3382 κατοικοῦντα
2689 3329 2758 3381 ὲν
2785 3329 2864 3394 τῷ
2892 3327 3148 3396 οἰιρανίῖν
3171 3328 3282 3381 καί·
3309 3327 3466 3395 Πρὸς
3494 3328 3569 3381 σὲ
3593 3325 3707 3398 ἤρα

2132 3419 2246 3486 τὴν
2261 3417 2470 3488 ψυχήν
2479 3435 2625 3486 μου,
2641 3421 2672 3471 ὁ
2689 3417 3084 3488 Θεὸς.Ἐπαιρό
3091 3435 3239 3487 μενοι
3255 3420 3362 3488 γὰρ
3379 3420 3428 3470 οἱ
3441 3417 3709 3487 ὀφθαλμοὶ

2132 3509 2225 3562 τοῦ
2259 3508 2600 3580 διανοητικοῦ
2635 3509 2742 3562 ἀπὸ
2770 3508 2863 3561 τοῦ
2909 3509 3346 3580 προσδιατρίὸειν
3367 3514 3478 3574 τοῖς
3502 3511 3709 3580 γηῒνοις

2134 3603 2230 3654 καὶ
2258 3599 2595 3672 πληροῦσθαι
2621 3600 2919 3670 φαντασίας
2939 3601 3040 3670 τῆς
3062 3601 3168 3654 ἀπὸ
3199 3601 3308 3654 τῶν
3334 3602 3674 3673 ὑλικωτέρων
3692 3642 3708 3667 ,

2137 3694 2232 3747 καὶ
2260 3693 2353 3744 ἐπὶ
2394 3692 2644 3745 τοσοῦτον
2676 3692 2966 3762 ὑψούμενοι
3012 3691 3152 3746 ὥστε
3205 3694 3300 3746 καὶ
3343 3695 3713 3765 ὑπερκύπτειν

2136 3782 2204 3836 τὰ
2222 3781 2455 3851 γεννητά
2486 3783 2580 3835 καὶ
2606 3781 2742 3853 πρὸς
2781 3781 2924 3852 μόνῳ
2955 3780 3032 3852 τῷ
3075 3785 3277 3836 ἐννοεῖν
3317 3785 3406 3837 τὸν
3432 3783 3585 3846 Θεὸν,
3614 3786 3713 3838 κά-

2139 3874 2302 3944 κείνῳ
2337 3873 2551 3944 σεμνῶς
2589 3874 2684 3926 καὶ
2711 3873 3030 3946 πρεπόντως
3079 3876 3155 3946 τῷ
3209 3876 3458 3929 ἀκούοντι
3506 3876 3712 3946 ὁμιλεῖν

2138 3967 2405 4034 γίνεσθαι,
2434 3966 2551 4030 πῶς
2583 3968 2702 4038 οὐχ).
2732 3968 2800 4022 τὰ
2845 3967 3076 4038 μέγιστα
3120 3969 3220 4039 ἤδη
3260 3968 3473 4040 ὤνησαν
3519 3971 3714 4033 αὐτοὺς

2138 4058 2265 4120 τοὺς
2313 4055 2622 4127 ὀφθαλμοὺς
2654 4057 2762 4127 (78)
2817 4057 3364 4125 ἀνακεκαλυμμένῳ
3419 4055 3717 4125 προσώπῳ

2138 4149 2252 4215 τὴν
2277 4148 2464 4214 δόξαν
2489 4150 2709 4218 Κυρίου
2734 4149 3320 4219 κατοπτριζομένους,
3351 4149 3451 4202 καὶ
3477 4148 3593 4216 τὴν
3615 4151 3718 4203 αὺ-

2138 4242 2254 4310 τὴν
2266 4244 2468 4296 εἰκόνα
2474 4241 3046 4313 μεταμορφουμένην
3061 4240 3169 4312 (79)
3187 4241 3303 4295 ἀπὸ
3320 4240 3504 4309 δόξης
3523 4243 3611 4306 είς
3625 4240 3719 4294 6d-

2140 4338 2290 4402 liar;
2318 4337 2595 4410 ἀπορροῆς
2620 4336 2729 4408 γὰρ
2751 4334 2940 4406 νοητοῦ
2972 4351 3116 4396 τινος
3142 4333 3414 4405 θειοτέρου
3445 4333 3719 4403 μεταλαμ-

459 4447 604 4485 mam
633 4431 854 4502 meam),
883 4430 1354 4500 quidni,deposita
1384 4433 1583 4487 animae
1615 4441 1834 4500 natura,
1868 4434 2023 4503 spiri-

2142 4432 2364 4484 ϐάνουσι
2395 4430 2536 4483 τότε·
2582 4430 2718 4500 ὅπερ
2753 4427 3003 4499 δηλοῦται
3056 4426 3120 4479 ἐκ
3171 4424 3287 4490 τοῦ,
3357 4427 3717 4496 Ἐσημειὼθη

465 4525 628 4578 tualis
651 4523 956 4578 efﬁciatur?
983 4522 1137 4589 Quod
1168 4524 1214 4578 si
1249 4527 1513 4594 praeclara
1558 4540 1649 4581 res
1682 4537 1766 4580 est
1806 4525 2034 4594 injuria-

464 4633 584 4671 rum
608 4619 828 4683 oblivio,
860 4618 998 4672 adeo
1026 4628 1084 4671 ut
1104 4619 1284 4673 omnis
1315 4620 1367 4674 in
1393 4635 1458 4674 ea
1483 4620 1569 4675 lex
1593 4621 1751 4690 quasi
1783 4635 2039 4688 compen-

464 4709 555 4762 dio
577 4710 922 4764 contineatur
967 4713 1119 4782 juxta
1175 4711 1471 4767 Jeremiam
1521 4712 1875 4781 prophetam,
1911 4725 2035 4764 cum

466 4802 545 4856 ait
580 4818 595 4854 :
633 4801 757 4854 Non
791 4804 901 4857 Itazc
938 4805 1186 4858 mandavi
1222 4805 1462 4873 patribus
1507 4805 1692 4857 vestris
1726 4804 2040 4857 eaeuntibus

462 4893 528 4946 de
559 4893 826 4962 Egypto,
871 4895 958 4948 sed
993 4895 1088 4949 hoc
1129 4897 1378 4949 mandavi
1410 4913 1428 4950 :
1473 4896 1635 4964 212
1663 4893 2030 4966 Unusquisque

463 4985 703 5050 proximo
725 5002 821 5040 suo
845 4985 900 5038 in
930 4987 1086 5040 corde
1114 4987 1373 5056 injuriam
1401 5003 1505 5041 non
1528 4985 1919 5049 recordetur“;
1969 4987 2033 5038 ad

463 5075 763 5130 orationem
792 5091 920 5130 vero
957 5093 1080 5132 cum
1108 5079 1426 5148 injuriarum
1459 5079 1736 5136 oblivione
1763 5080 2034 5135 acceden-

563 5194 650 5250 ⁵⁵1
688 5194 829 5249 Tim.
860 5211 925 5260 tl,
952 5197 1004 5252 8.
1101 5197 1146 5229 "
1232 5191 1366 5252 ιιιῑᾱ.
1426 5195 1482 5260 9,

463 5283 536 5333 tv,
570 5266 623 5320 7.
700 5267 742 5298 °'
769 5263 969 5322 Jerem.
1007 5267 1216 5330 νωθῆ,
1248 5267 1317 5321 25
1344 5268 1548 5331 ;Zach.
1586 5287 1681 5333 vn,
1713 5270 1768 5324 9.

535 5358 648 5432 (75)
687 5361 904 5430 Ὀσίας.
953 5361 1045 5418 Sic
1095 5364 1259 5419 habet
1301 5371 1469 5419 codex
1524 5380 1628 5418 ms.
1664 5365 1845 5420 Editio
1895 5366 2042 5421 Oxo-

464 5432 690 5496 niettsis,
721 5433 915 5497 ὁσίους.

541 5501 840 5572 (76)_‘A.1..1‘
875 5499 961 5570 οἷς
996 5504 1244 5572 πρέπον.
1273 5504 1344 5556 Ita
1372 5515 1543 5557 codex
1581 5519 1682 5557 ms.
1740 5502 1866 5560 llale
1910 5520 2036 5560 vero

467 5569 644 5646 edi‘tjg
662 5569 1154 5646 Qixoniensisgdn’
1187 5575 1261 5638 ὡς
1284 5575 1509 5646 πρέπον.

513 5639 654 5720 ,(⁷7)
680 5645 974 5720 Κοσμίως.
1012 5645 1084 5700 Ita
1121 5648 1290 5703 codex
1327 5639 1425 5700 ius.
1472 5645 1653 5700 Editio
1679 5653 1857 5700 autem
1889 5644 2034 5700 Oxo-

473 5714 700 5778 mensis,
731 5714 957 5784 κοσμίῳ.

1559 5198 1646 5254 10.
1722 5199 1766 5229 ⁸⁷
1798 5198 1940 5253 Psal.
1981 5215 2149 5264 cxxtt,
2189 5201 2237 5255 l.

2134 4524 2225 4592 ἐφ’
2254 4521 2412 4592 ἡμᾶς
2439 4521 2505 4574 τὸ
2536 4521 2661 4591 φῶς
2689 4521 2794 4575 τοῦ
2829 4520 3151 4589 προσώπου
3175 4534 3312 4582 σου,
3332 4520 3528 4588 Κύριε.
3552 4521 3663 4572 Καὶ
3683 4521 3716 4589 ἡ

2134 4617 2280 4688 ψυχὴ
2312 4616 2369 4669 δὲ
2396 4613 2729 4686 ὲπαιρομένη
2757 4613 2852 4667 καὶ
2875 4612 2954 4683 τῷ
2997 4613 3273 4684 Πνεύματι
3313 4613 3551 4683 ἑπομένη
3577 4652 3593 4676 ,
3625 4611 3718 4665 τοῦ

2138 4723 2198 4758 τε
2229 4705 2477 4776 σώματος
2503 4703 2841 4774 χωριζομένη
2862 4744 2876 4766 ,
2915 4702 3008 4755 καὶ
3041 4704 3102 4756 οὐ
3139 4703 3298 4774 μόνον
3352 4703 3595 4774 ἑπομένη
3643 4701 3712 4772 τᾷ

2140 4799 2436 4868 Πνεῦματι,
2475 4796 2608 4849 ἀλλά
2639 4796 2731 4849 καὶ
2756 4797 2814 4848 ὲν
2841 4795 2988 4865 αὐτῷ
3027 4795 3304 4866 γινομένη·
3345 4796 3501 4866 (ὅπερ
3528 4795 3718 4866 δηλοῦ-

2137 4904 2226 4942 ται
2263 4889 2327 4940 ὲκ
2356 4886 2473 4951 τοῦ,
2506 4886 2662 4956 Πρὸς
2708 4886 2783 4940 σὲ
2815 4883 2928 4956 ἦρα
2963 4885 3080 4955 τὴν
3126 4887 3339 4956 ψυχήν
3385 4891 3550 4959 μου·)
3603 4889 3719 4952 πῶς

2143 4983 2260 5052 οὐχὶ
2281 4983 2381 5053 ἤδη
2401 4979 2768 5051 ἀποτιθεμένη
2789 4980 2850 5032 τὸ
2868 4975 3006 5033 εἶναι
3022 4977 3186 5052 ψυχὴ,
3207 4981 3548 5052 πνευματικὴ
3572 4981 3721 5049 γίνε-

2142 5100 2230 5135 ται
2249 5081 2356 5152 (80)
2376 5097 2389 5145 ;
2409 5082 2470 5134 El
2487 5081 2543 5134 δὲ
2571 5080 2822 5150 μέγιστόν
2838 5080 2952 5132 ἐστι
2969 5079 3300 5153 κατόρθωμα
3322 5081 3719 5152 ἀμνησικακία,

2329 5200 2374 5232 ⁸⁸
2409 5198 2550 5255 Psal.
2586 5214 2735 5262 χειν,
2762 5199 2815 5252 1.
2892 5199 2935 5226 "9
2970 5196 3013 5251 ll
3047 5196 3171 5252 Cor.
3201 5214 3282 5263 ιιι,
3325 5200 3410 5255 18.
3489 5199 3533 5229 ⁸ο
3567 5198 3718 5255 Psal.

2221 5364 2331 5436 (78)
2386 5364 2619 5436 Αὐτοὺς
2676 5363 2820 5430 τοὺς
2860 5366 3236 5436 ὀφθαλμούς.
3267 5359 3546 5436 Bentleius
3578 5365 3721 5421 delet

2146 5434 2271 5496 τοὺς
2306 5435 2634 5505 ὀφθαλμούς,
2673 5446 2726 5487 et
2759 5451 2856 5505 pro
2889 5434 3106 5505 αὐτούς,
3140 5435 3268 5502 legit
3300 5435 3540 5498 ἑαυτούς.

2218 5506 2328 5575 (79)
2350 5503 2951 5574 Μεταμορφουμένην.
2979 5504 3123 5558 ltlctn
3148 5505 3300 5574 legit,
3336 5521 3717 5579 μεταμορφου-

2147 5578 2356 5646 μένους.

2217 5648 2329 5716 (80)
2366 5647 2514 5702 Vide.
2548 5648 2582 5701 Ι.
2613 5663 2648 5702 ιι
2689 5644 3024 5716 0rigenian.,
3061 5655 3255 5713 quaest.
3281 5643 3338 5700 6.
