3974 6160
270 318 383 406 ’με

1503 339 1841 395 LIBELLUS
1871 338 1958 394 DE
1990 338 2370 395 ORATIONE.

3423 331 3530 388 ΗΘ

276 467 372 530 ὡς,
400 463 537 518 κατὰ
582 463 671 517 τὸν
711 463 992 534 προφήτην
1044 461 1330 532 Ἱερεμίαν,
1368 459 1543 538 πάντα
1579 461 1854 527 ἀνακεφα-

1963 468 2040 514 tes
2089 457 2432 513 custodimus
2492 453 2803 510 Servatoris
2854 461 3183 522 praeceptum
3236 451 3468 506 dicentis
3511 468 3526 505 :

277 555 554 611 λαιοῦσθαι
584 555 674 608 τὸν
700 555 860 625 νόμον
905 556 962 606 ὲν
1003 551 1178 622 αὐτῷ,
1233 552 1481 619 λέγοντα’
1541 554 1622 605 Οὐ
1669 552 1854 607 ταῦτα

277 645 669 714 ἐνετειλάμην
699 645 822 711 τοῖς
846 643 1131 712 πατράσιν
1175 640 1340 710 ὑμῶν
1370 641 1856 708 ἐκπορευομένων

276 739 475 793 αὐτῶν
493 739 562 789 ἐκ
583 735 1028 804 τῆς.Αὶγύπτουο
1051 734 1211 788 ἀλλὰ
1239 732 1413 785 τοῦτο
1440 730 1847 798 ἐνετειλάμην·

281 831 577 894 Ἕκαστος
604 827 684 892 τῷ
704 827 970 893 πλησίον
997 826 1066 878 ἐν
1107 823 1182 891 τῇ
1214 822 1428 911 καρδίᾳ
1449 820 1528 890 μὴ
1557 838 1853 890 μνησικα-

1961 551 2091 605 Cttm
2121 551 2330 605 stabilis
2379 548 2448 602 ad
2479 551 2764 610 orandum,
2798 546 3048 598 dimittite
3091 542 3287 612 siquid
3323 542 3525 594 habetis

1961 644 2209 695 adversus
2232 641 2458 705 aliquem
2483 640 2562 705 °';
2593 638 2938 707 perspicuum
2969 643 3048 689 est
3075 650 3173 688 nos
3203 633 3423 704 quando
3445 633 3525 686 sic

1960 733 2136 787 allecti
2164 743 2373 786 stamus
2400 732 2467 782 ad
2499 731 2808 795 orandum,
2850 728 3052 795 optima
3087 730 3201 792 jam
3247 737 3368 779 esse
3396 738 3516 778 con-

1959 827 2194 876 secutos.

276 926 468 981 κείτω’
500 923 611 977 ἀπὸ
637 921 1001 992 μνησικακίας
1036 920 1142 990 (81)
1181 919 1238 970 δὲ
1270 906 1495 988 ἥκοντες
1537 917 1630 968 ἐπὶ
1666 914 1726 967 τὸ
1775 913 2028 984 εὔχεσθαι
2067 916 2164 983 τὴν
2213 913 2304 966 τοῦ
2361 914 2612 984 Σωτῆρος
2670 912 3014 981 φυλάσσομεν
3066 908 3302 980 ἐντολὴν,
3358 906 3520 974 λέγον

274 1035 384 1083 τοςο
452 1019 585 1072 Ἐὰν
637 1016 904 1084 στήκητε
954 1015 1449 1082 προσευχόμενοι,
1483 1012 1688 1080 ἀφίετε
1720 1009 1774 1062 εΖ
1821 1027 1874 1062 τι
1943 1009 2112 1079 ἔχετε
2165 1010 2312 1062 κατά
2344 1023 2525 1072 τινος·
2560 1006 2800 1076 δηλονότι
2833 1005 2944 1076 (82)
2981 1003 3208 1056 τοιοῦτοι
3258 1002 3531 1071 ἱστάμενοι

280 1111 415 1182 πρὸς
444 1110 509 1162 τὸ
539 1107 817 1175 εὔξασθαι,
851 1107 919 1160 τὰ
950 1105 1210 1160 κάλλιστα
1243 1104 1343 1174 ἤδη
1374 1103 1707 1180 κεκτήμεθα.

343 1203 454 1255 Καὶ
486 1200 664 1254 ταῦτα
713 1199 811 1269 μὲν
841 1197 916 1260 ὼς
948 1195 1070 1248 καθ’
1101 1193 1356 1248 ὑπόθεσιν
1391 1192 1639 1263 εἴρηται,
1675 1190 1769 1244 καὶ⁵
1799 1191 1848 1242 εί

279 1292 439 1364 μηδὲν
483 1291 620 1361 ἡμῖν
656 1285 1084 1354 ἐπακολουθήσει
1132 1282 1478 1354 εὐχομένοις,
1521 1283 1603 1334 ὅτι
1627 1281 1696 1333 τὰ
1727 1280 1857 1334 κάλ-

273 1383 426 1437 λιστα
451 1378 830 1452 κερδαίνομεν,
853 1375 914 1427 τὸ
949 1374 1085 1428 καθὸ
1117 1374 1197 1426 δεῖ
1243 1373 1500 1444 εὔχεσθαι
1547 1371 1856 1441 νενοηκότες

273 1477 366 1530 καὶ
397 1469 812 1544 κατορθοῦντες·
854 1468 1022 1536 σαφὲς
1057 1467 1112 1520 δὲ
1146 1467 1227 1520 ὅτι
1270 1468 1298 1518 6
1347 1464 1520 1528 οὕτως
1565 1464 1856 1534 εὐχόμενος

271 1565 351 1618 ἔτι
382 1563 564 1616 λαλῶν
587 1559 903 1621 ἀκούσεται,
937 1560 1002 1627 τῇ
1051 1556 1302 1627 ἐνεργείᾳ
1346 1553 1441 1608 τοῦ
1494 1553 1855 1616 ἐπακούοντεος

272 1652 498 1725 ἐνορῶν,
535 1650 597 1702 τὸ
636 1648 782 1704 Ἰδοὺ
817 1640 1072 1715 πάρειμι*
1105 1647 1284 1698 πᾶσαν
1299 1644 1395 1715 τὴν
1427 1644 1562 1714 πρὸς
1592 1643 1690 1714 τὴν
1716 1643 1858 1715 Πρό-

273 1761 420 1798 νοιαν
476 1740 873 1810 δυσαρέστησιν
923 1738 1052 1808 πρὶν
1111 1735 1376 1801 εὔξασθαι
1440 1733 1852 1805 ἀποϐεϐληκώς.

275 1836 447 1888 Τοῦτο
476 1835 592 1905 γάρ
625 1835 740 1886 ἐστι
771 1830 1096 1901 δηλούμενον
1146 1829 1211 1882 ἐκ
1243 1827 1366 1891 τοῦ,
1437 1827 1572 1879 Ἐὰν
1625 1825 1858 1893 ἀφέλῃς

2043 1185 2132 1241 10.
2161 1187 2340 1254 Atque
2371 1185 2484 1238 haec
2522 1197 2587 1238 ex
2613 1183 2702 1237 illa
2730 1181 2872 1236 dicta
2923 1191 3050 1237 sunt
3095 1183 3378 1252 hypotbesi
3429 1185 3530 1238 etsi

1979 1279 2114 1332 nihil
2148 1278 2296 1331 aliud
2330 1293 2394 1332 ex
2425 1275 2676 1331 oratione
2723 1283 2907 1329 nostra
2944 1284 3288 1343 sequeretur,
3321 1277 3529 1345 optima

1966 1378 2152 1423 tamen
2181 1383 2278 1423 nos
2302 1367 2506 1422 lucrari
2537 1368 2583 1422 si
2606 1366 2878 1436 quomodo
2901 1375 3149 1433 oporteat
3175 1381 3334 1420 orare
3370 1366 3534 1421 intel-

1963 1463 2278 1525 lexerimus,
2299 1470 2353 1516 et
2377 1475 2435 1515 re
2465 1459 2963 1527 adimpleverimus.
2993 1457 3333 1511 Manifestum
3351 1468 3533 1513 autem

1964 1564 2050 1608 est
2067 1569 2190 1607 eunt
2215 1553 2304 1620 qui
2325 1553 2401 1607 sic
2418 1562 2560 1615 orat,
2586 1553 2712 1605 dum
2727 1551 2898 1605 adhuc
2915 1549 3174 1618 loquitur,
3194 1549 3534 1606 exaudienlis

1963 1645 2150 1700 virtuti
2196 1644 2608 1709 attendentem,
2657 1643 2968 1696 auditurum
3011 1657 3132 1696 esse
3179 1642 3310 1696 illud
3347 1661 3358 1694 :
3394 1641 3526 1694 Ecce

1964 1741 2152 1790 adsum
2179 1752 2196 1800 ;
2229 1735 2473 1803 deposita
2508 1745 2635 1789 ante
2658 1734 2962 1788 orationem
2987 1733 3133 1786 omni
3161 1733 3226 1787 de
3249 1731 3536 1800 providen-

1967 1826 2040 1878 tia
2073 1824 2365 1878 anxietate.
2401 1823 2515 1879 Hoc
2545 1824 2690 1878 enim
2716 1824 2806 1878 illa
2833 1825 2936 1879 sibi
2967 1825 3193 1879 volunt:
3244 1823 3305 1879 Si
3343 1825 3530 1878 abstu-

273 1924 392 1980 ἀπὸ
426 1923 548 1978 σοῦ
595 1921 944 1989 σύνδεσμον
988 1919 1085 1971 καὶ
1134 1915 1512 1986 ,χειροτονίαν
1559 1914 1658 1966 καὶ
1691 1912 1857 1981 ῥῆμα

1963 1915 2086 1968 leris
2109 1932 2140 1967 a
2165 1924 2212 1967 te
2230 1915 2618 1982 colligationem
2644 1954 2659 1979 ,
2703 1924 2753 1968 et
2782 1931 3037 1968 manuum
3067 1915 3447 1980 extensiouem,
3483 1930 3532 1967 et

273 2014 646 2086 γογγυσμοῦ·
705 2010 798 2064 τοῦ
849 2008 1311 2081 εὐαρεστουμένου
1371 2008 1483 2068 τοῖς
1532 2003 1854 2074 γινομένοις,

276 2107 563 2178 ἐλευθέρου
596 2105 702 2158 ἀπὸ
735 2102 937 2165 παντὸς
969 2100 1170 2170 δεσμοῦ
1200 2097 1567 2169 γεγενημένου
1593 2136 1608 2160 ,
1644 2097 1739 2148 καὶ
1781 2095 1856 2166 μὴ

275 2196 829 2272 ἀντιχειροτονοῢντος
854 2194 932 2265 τῷ
960 2192 1099 2263 Θεῷ,
1134 2192 1170 2246 ἃ.
1203 2189 1455 2262 βούλεται
1482 2189 1618 2261 πρὸς
1647 2188 1859 2258 γυμνά-

276 2307 390 2343 σιον
425 2287 583 2359 ἡμῶν
617 2283 1042 2355 διατασσομένῳ·
1083 2281 1222 2348 ἀλλὰ
1263 2281 1396 2351 μηδὲ
1440 2277 1583 2333 κατὰ
1630 2277 1692 2329 τὸ
1727 2293 1860 2348 κρυ-

274 2377 409 2430 πτὸν
442 2374 553 2428 τῶν
575 2372 850 2446 λογισμῶν
872 2371 1232 2442 γογγύζοντος
1265 2369 1433 2440 χωρὶς
1472 2367 1739 2438 ἁκουστῆς
1768 2367 1860 2421 ἁν-

271 2467 519 2540 θρώποις
541 2466 742 2536 φωνῆς·
762 2466 941 2517 ὅντινα
967 2461 1301 2531 γογγυσμὸν,
1325 2459 1481 2530 δίκην
1504 2458 1755 2529 πονηρῶν
1779 2459 1858 2510 ol-

270 2558 454 2613 κετῶν
487 2559 584 2610 οὐκ
607 2560 666 2610 ὲν
703 2553 1066 2626 φανερωτέρῳ
1107 2551 1447 2621 αἰτιωμένων
1484 2551 1582 2612 τὰς
1621 2550 1859 2619 προστά-

272 2650 388 2715 ξεις
436 2648 545 2700 τῶν
591 2645 893 2710 δεσποτῶν,
928 2643 1288 2714 γογγύζουσιν
1331 2643 1381 2692 οἱ
1433 2639 1507 2710 μὴ
1551 2638 1858 2710 τολμῶντες

275 2739 381 2810 μὲν
441 2739 590 2808 φωνῇ
621 2737 715 2790 καὶ
761 2735 857 2806 ὅλῃ
893 2735 1037 2805 ψυχῇ
1079 2735 1395 2802 κακολογεῖν
1436 2733 1528 2786 ἐπὶ
1571 2732 1682 2792 τοῖς
1716 2747 1855 2800 συμ-

273 2829 524 2882 ϐαίνουσι
547 2827 646 2898 τὴν
684 2826 962 2896 πρόνοιαν·
994 2825 1156 2879 οἱονεὶ
1181 2825 1237 2878 δὲ
1268 2825 1582 2895 βουλόμενοι
1631 2821 1726 2876 καὶ
1769 2820 1859 2873 τὸν

271 2917 384 2974 τῶν
405 2918 544 2972 ὅλων
579 2919 783 2989 Κύριον
800 2918 886 2986 ἐφ’
909 2911 991 2979 οἷς
1015 2915 1470 2988 δυσαρεστοῦνται
1500 2915 1702 2969 λαθεῖν.
1748 2911 1860 2966 Καὶ

275 3006 435 3082 οἶμαι
461 3009 605 3063 τοῦτ’
639 3005 780 3063 εἶναι
807 3008 899 3060 καὶ
919 3008 979 3060 τὸ
1011 3007 1070 3060 ὲν
1117 3007 1255 3061 Ἰώ6’
1295 3008 1398 3062 Ἐν
1441 3008 1672 3072 τούτοις
1707 3004 1860 3060 πᾶσι

272 3100 402 3167 τοῖς
433 3101 879 3169 συμϐεϐηκόσιν
911 3096 1093 3151 οὐδὲν
1123 3097 1387 3167 ἥμαρτεν
1430 3098 1551 3152 Ἰὼϐ
1579 3097 1702 3164 τοῖς
1733 3100 1859 3166 χεί-

273 3196 455 3246 λεσιν
485 3191 761 3245 ἐναντίον
793 3189 899 3242 τοῦ
936 3188 1102 3243 Θεοῦ·
1135 3190 1229 3242 ἐπὶ
1260 3189 1354 3242 τοῦ
1396 3189 1503 3261 πρὸ
1529 3187 1693 3242 αὐτοῦ
1732 3207 1854 3242 πει-

276 3281 492 3355 ρασμοῦ
545 3281 1054 3352 ἀναγεγραμμένου-
1110 3281 1213 3334 Ἐν
1259 3282 1493 3346 τούτοις
1546 3281 1698 3335 πᾶσι
1730 3280 1856 3347 τοῖς

274 3375 729 3444 συμϐεϐηκόσιν
759 3371 939 3427 οὐδὲν
974 3371 1237 3439 ἥμαρτεν
1279 3370 1402 3424 Ἰὼϐ
1447 3370 1702 3424 ἐνώπιον
1752 3369 1858 3424 τοῦ

277 3466 450 3522 Θεοῦ.
479 3467 545 3520 '0
588 3466 653 3537 δὴ
696 3463 1052 3537 προστάσσων
1091 3464 1166 3534 μὴ
1215 3463 1323 3516 δεῖν
1359 3462 1469 3532 (8⁸5)
1513 3463 1760 3531 γίνεσθαι
1803 3464 1860 3516 ὲν

274 3557 352 3639 τῷ
389 3557 828 3626 Δευτερονομίῳ
873 3558 901 3609 6
946 3555 1105 3624 λόγος
1145 3555 1302 3626 φησί’
1333 3557 1605 3624 Πρόσεχε
1629 3555 1862 3623 μήποτε

274 3647 522 3716 γένηται
551 3645 721 3714 ῥῆμα
758 3643 1027 3714 κρυπτὸν
1053 3644 1122 3697 ἐν
1161 3642 1250 3711 τῇ,
1285 3645 1500 3711 καρδίᾳ
1548 3659 1665 3697 σου
1712 3644 1860 3698 ἀνό-

271 3755 460 3807 μημιι,
493 3736 707 3805 λέγων,
724 3733 965 3806 Ἐγγίζει
989 3732 1056 3788 τὸ
1087 3733 1222 3798 ἔτος
1254 3733 1321 3785 τό
1351 3733 1631 3802 ἕϐδομον,
1667 3733 1762 3786 καὶ
1791 3731 1860 3785 τὰ

278 3830 426 3900 ἑξῆς.
470 3831 530 3882 Ὁ
563 3829 736 3883 τοίνυν
757 3827 930 3891 οὕτως
956 3826 1247 3897 εὐχόμενος
1275 3824 1513 3879 τοσαῦτα
1537 3826 1860 3897 προωφελη-

278 3919 392 3985 θεὶς
443 3919 557 3991 (84)
603 3919 1032 3990 ἐπιτηδειότερος
1082 3917 1289 3985 γίνεται
1351 3915 1726 3987 ἁνακραθῆναι
1780 3915 1861 3981 τῷ

278 4009 702 4077 πεπληρωκότι
731 4007 845 4076 τὴν
868 4005 1076 4060 πᾶσαν
1107 4004 1451 4072 οἰκονομίαν
1480 4003 1589 4073 (85)
1620 4001 1728 4057 τοῦ
1757 4007 1866 4056 Κυ-

271 4101 410 4170 ρίου
445 4102 766 4170 Πνεύματι,
794 4098 890 4152 καὶ
917 4097 995 4168 τῷ
1022 4099 1201 4151 πᾶσαν
1227 4095 1326 4166 τὴν
1345 4095 1448 4165 γῆν
1475 4096 1569 4148 καὶ
1590 4095 1680 4148 τὸν
1709 4095 1866 4164 οὐρα-

281 4193 370 4247 νδν
414 4191 803 4262 πεπληρωκότι
847 4189 935 4244 διὰ
977 4189 1071 4242 τοῦ
1125 4190 1404 4259 προφήτου
1451 4187 1699 4255 λέγοντος
1752 4187 1862 4258 (86)

281 4283 478 4347 οὔτως·
500 4283 648 4352 Οὐχὶ
674 4281 783 4335 τόν
811 4279 1071 4348 οὐρανὸν
1091 4279 1191 4333 καὶ
1224 4279 1338 4348 τὴν
1361 4277 1475 4349 γῆν
1495 4279 1610 4348 ἐγὼ
1632 4278 1860 4346 πληρῶ,

1961 2009 2167 2061 verbum
2189 2006 2622 2059 murmurationis
2639 2005 2714 2071 68;
2742 2020 2867 2059 nam
2891 2005 2980 2073 qui
3003 2005 3258 2060 omnibus
3285 2005 3536 2073 acquies-

1961 2096 2037 2150 cit
2063 2110 2184 2166 quae
2211 2095 2370 2160 ﬁunt,
2405 2094 2452 2150 is
2490 2095 2557 2150 ab
2588 2095 2734 2151 omni
2763 2095 2981 2149 vinculo
3011 2094 3148 2148 liber
3179 2103 3284 2160 est,
3309 2108 3408 2148 nec
3431 2109 3534 2146 uno

1960 2201 2128 2255 quam
2152 2185 2398 2240 extendit
2427 2199 2622 2240 manus
2650 2185 2704 2240 in
2745 2184 2913 2240 Deum
2953 2184 3134 2239 omnia
3163 2200 3285 2255 quae
3327 2185 3439 2239 vult
3467 2187 3536 2241 ad

1963 2291 2208 2336 nostram
2238 2279 2693 2335 exercitationem
2720 2279 3068 2334 ordinantem
3093 2317 3110 2344 ,
3151 2279 3245 2334 sed
3291 2293 3390 2334 nec
3431 2294 3528 2334 oc-

1962 2372 2123 2428 cultis
2148 2371 2366 2442 quidem
2398 2371 2820 2442 cogitationibus
2845 2381 3170 2434 murmurat,
3195 2386 3370 2440 neque
3404 2387 3536 2428 voce

1963 2478 2083 2532 quae
2133 2462 2203 2516 ab
2235 2461 2550 2517 hominibus
2581 2462 2758 2516 audiri
2807 2462 3013 2532 possit;
3074 2463 3533 2531 quemadmodum

1963 2569 2116 2608 more
2140 2569 2372 2624 nequam
2411 2571 2692 2612 servorum
2737 2557 3000 2626 imperata
3053 2556 3396 2610 dominorum
3429 2571 3536 2610 non

1961 2646 2140 2714 palam
2168 2647 2533 2702 incusantium
2561 2689 2576 2713 ,
2612 2658 2955 2702 murmurant
2983 2648 3016 2702 ii
3046 2649 3136 2717 qui
3166 2663 3299 2703 voce
3338 2656 3393 2701 et
3421 2658 3536 2703 tcta

1932 2757 1936 2760 ι
1967 2737 2144 2790 anima
2175 2738 2244 2793 de
2273 2738 2356 2793 bis
2394 2754 2514 2808 quae
2543 2739 2800 2792 accidunt
2829 2739 3158 2794 maledicere
3180 2740 3539 2807 providentiae

1965 2844 2072 2883 non
2104 2830 2305 2882 audent
2335 2830 2575 2899 quidem,
2615 2831 2710 2884 sed
2741 2831 2994 2885 videntur
3023 2833 3199 2902 ipsum
3224 2834 3389 2886 etiam
3420 2847 3539 2887 om-

1963 2920 2113 2973 nium
2149 2920 2438 2975 Dominum
2476 2921 2529 2976 id
2580 2922 2762 2977 celare
2806 2922 2942 2978 velle
2983 2925 3131 2992 quod
3190 2925 3538 2993 impatienter

1963 3009 2163 3066 ferunt.
2197 3011 2264 3064 Et
2284 3012 2386 3067 hoc
2413 3027 2532 3067 esse
2558 3023 2690 3081 puto
2722 3014 2865 3081 quod
2915 3015 2969 3066 ill
3018 3013 3124 3068 Job
3169 3016 3369 3068 dicitur
3417 3033 3430 3068 :
3473 3013 3538 3067 In

1962 3101 2200 3152 omnibus
2230 3100 2312 3153 his
2355 3116 2474 3170 quae
2522 3088 2831 3155 acciderunt
2869 3103 2940 3163 ei,
2983 3103 3117 3155 nihil
3155 3103 3387 3172 peccavit
3435 3102 3535 3157 Job

1962 3188 2116 3242 labiis
2151 3204 2328 3242 coram
2359 3188 2582 3242 Domino
2604 3206 2623 3254 ;
2647 3206 2768 3244 cum
2797 3191 2864 3246 de
2910 3193 3212 3247 tentatioue
3241 3207 3362 3260 quae
3395 3207 3535 3260 prae—

1964 3288 2227 3340 cesserat,
2253 3280 2516 3348 scriptum
2551 3281 2617 3334 sit
2649 3298 2663 3333 :
2699 3280 2766 3334 In
2797 3283 3036 3336 omnibus
3067 3283 3147 3336 Itis
3177 3298 3294 3352 qua:
3323 3283 3538 3337 accide-

1964 3381 2082 3425 runt
2105 3372 2174 3437 ei,
2201 3372 2330 3425 nihil
2363 3373 2592 3439 peccauit
2621 3370 2723 3425 Job
2768 3389 2944 3426 caram
2988 3373 3213 3426 Domino
3229 3373 3295 3428 ⁸⁵.
3331 3373 3536 3428 Praece-

1967 3472 2114 3530 ptum
2140 3471 2321 3516 autem
2354 3476 2461 3529 quo
2487 3462 2538 3516 id
2571 3462 2686 3516 ﬁeri
2723 3473 2968 3527 vetatur,
3009 3463 3061 3516 in
3108 3463 3534 3517 Deuteronomio

1964 3553 2042 3608 sic
2103 3554 2181 3606 ait
2245 3568 2260 3606 :
2323 3554 2544 3608 Attende
2601 3571 2664 3608 ne
2739 3554 2832 3619 ﬁat
2891 3555 3104 3607 uerbum
3160 3554 3424 3606 occultum
3484 3555 3539 3608 in

1964 3645 2118 3698 corde
2166 3654 2255 3698 tuo
2313 3647 2596 3713 iniqu-itas,
2625 3646 2835 3708 dicens,
2863 3644 3150 3712 Appropiat
3192 3661 3361 3697 annus
3422 3661 3541 3712 sep-

1965 3740 2122 3790 timus
2141 3737 2208 3803 ⁸⁵,
2255 3747 2310 3791 et
2335 3737 2562 3805 reliqua.
2609 3738 2776 3804 Igitur
2822 3737 2911 3803 qui
2962 3736 3043 3789 sic
3095 3736 3352 3798 oraverit,
3413 3751 3538 3788 cum

1966 3839 2045 3886 tot
2085 3831 2195 3898 jam
2246 3829 2529 3884 commoda
2581 3826 3143 3897 perceperit,‘magis
3187 3826 3418 3880 idoneus
3480 3825 3539 3879 ﬁt

1967 3921 2310 3976 commisceri
2376 3920 2602 3988 Spiritui
2652 3919 2865 3973 Domini
2925 3920 3015 3988 qui
3081 3917 3298 3987 replevit
3361 3917 3540 3970 orbein

1967 4029 2228 4068 terrarum
2249 4013 2326 4079 “;
2350 4014 2514 4081 eique
2556 4012 2646 4081 qtti
2682 4021 2880 4065 terram
2917 4019 3082 4064 totam
3114 4026 3179 4064 ac
3211 4010 3406 4064 uelum
3440 4011 3540 4061 im-

1966 4102 2075 4170 plet
2107 4112 2159 4156 et
2193 4117 2288 4171 per
2312 4101 2631 4172 prophetam
2655 4101 2735 4155 sic
2765 4101 2841 4154 ait
2873 4117 2887 4154 :
2915 4100 3172 4169 Nunquid
3218 4116 3322 4152 non
3356 4099 3540 4152 caelum

1966 4196 2014 4244 et
2041 4201 2237 4245 terram
2288 4209 2378 4260 ego
2409 4192 2636 4259 impleo,
2683 4190 2815 4245 dicit
2865 4188 3124 4242 Dominus
3144 4188 3222 4240 “7?
3267 4189 3542 4242 Praeterea

1968 4296 2067 4349 per
2097 4283 2409 4350 praedictam
2441 4284 2734 4348 puritatem
2767 4284 2927 4334 etiam
2961 4283 3232 4347 particeps
3269 4282 3374 4334 erit
3417 4296 3544 4334 ora-

281 4374 445 4444 ,λέγει
477 4373 730 4441 Κύριος;
762 4372 882 4424 Ἔτι
916 4370 973 4423 δὲ
994 4370 1107 4441 (87)
1132 4370 1220 4424 διά
1247 4387 1307 4423 τε
1331 4370 1430 4440 τῆς
1465 4369 1857 4440 προειρημένης

1971 4374 2137 4427 tionis
2173 4373 2333 4426 Verbi
2389 4373 2477 4426 Dei
2529 4373 2674 4440 quod
2723 4375 2886 4425 etiam
2921 4383 3024 4428 stat
3056 4373 3108 4426 in
3145 4374 3320 4427 medio
3353 4389 3542 4427 eorum

283 4461 689 4534 καθαρεύσεως,
709 4462 804 4515 καὶ
815 4462 911 4530 τῆς
935 4461 1099 4531 εὐχῆς
1121 4458 1214 4513 τοῦ
1240 4459 1403 4530 μέσον
1426 4459 1520 4511 καὶ
1548 4457 1653 4511 τῶν
1673 4459 1757 4530 λμὴ
1784 4476 1857 4527 γι‹

1969 4465 2061 4531 qui
2097 4465 2272 4531 ipsum
2310 4479 2414 4516 non
2445 4473 2766 4532 agnoscunt,
2801 4478 2902 4518 nec
2918 4464 3234 4533 cujusquam
3264 4466 3543 4534 precibus,

285 4554 603 4608 νωσκόντων
624 4551 784 4608 αὐτὸν
810 4553 1101 4624 ἑστηκότος
1127 4552 1297 4620 Λόγου
1328 4551 1484 4618 Θεοῦ,
1507 4553 1720 4616 οὐδενὸς
1740 4553 1857 4607 ἀπο

1972 4556 2147 4616 deest,
2185 4563 2238 4608 et
2267 4569 2388 4607 cum
2409 4569 2474 4608 eo
2505 4553 2657 4621 cujus
2702 4553 2971 4608 mediator
2998 4565 3119 4618 est,
3173 4571 3278 4608 una
3325 4554 3544 4610 Patrem

285 4642 610 4716 λειπομένου
648 4645 751 4715 τῆς
792 4644 957 4715 εὐχῆς
1004 4644 1243 4716 μεθέξει,
1292 4645 1686 4716 συνευχομένου
1733 4644 1857 4715 πρὸς

1971 4654 2113 4701 orat.
2158 4645 2407 4700 Pontifex
2434 4647 2578 4700 enim
2615 4646 2954 4700 oblationum
2981 4656 3291 4703 nostrarum
3323 4659 3377 4701 et
3404 4650 3547 4718 apud

284 4733 376 4789 τὸν
400 4735 620 4808 Πατέρα
646 4735 725 4806 τῷ
756 4735 847 4788 ὑπ’
893 4735 1057 4789 αὐτοῦ
1110 4736 1530 4807 μεσιτευομένῳ·
1575 4736 1857 4808 ἀρχιερεὺς

1971 4736 2189 4793 Patrem
2224 4739 2522 4794 advocatus
2557 4747 2644 4794 est
2674 4739 2844 4796 Filius
2877 4741 2999 4808 Dei;
3047 4750 3171 4796 orat
3211 4757 3308 4810 pro
3337 4741 3547 4797 oranti-

287 4825 395 4898 γὰρ
421 4827 529 4880 τῶν
563 4825 888 4899 προσφορῶν
918 4829 950 4898 ἡ
961 4825 1075 4898 μῶν
1109 4827 1203 4880 καὶ
1239 4826 1373 4897 πρὸς
1398 4827 1489 4879 τὸν
1519 4827 1737 4898 Πατέρα
1771 4843 1857 4880 πα·

1977 4830 2097 4895 bus,
2121 4832 2441 4887 exhortatur
2471 4847 2591 4886 cum
2623 4834 3062 4890 exhortantibus.
3101 4835 3219 4889 Non
3249 4847 3425 4889 tamen
3449 4851 3548 4903 pro

294 4915 557 4989 ράκλητός
603 4919 749 4973 ἐστιν
779 4921 807 4972 6
845 4918 970 4982 Υἱὸς
1016 4918 1110 4971 τοῦ
1166 4917 1322 4970 Θεοῦο
1379 4918 1668 4990 εὐχόμενος
1729 4920 1857 4990 ὑπὲρ

1974 4920 2062 4975 his
2081 4922 2320 4975 oraverit
2345 4921 2501 4991 quasi
2551 4937 2648 4990 pro
2699 4921 3065 4977 fatniliaribus
3107 4922 3195 4989 qui
3229 4937 3325 4992 per
3369 4922 3548 4990 ipsum

289 5006 396 5061 τῶν
423 5008 730 5079 εὐχομένων
750 5051 765 5072 ,
822 5011 914 5062 καὶ
973 5008 1421 5081 συμπαρακαλῶν
1470 5012 1583 5073 τοῖς
1615 5027 1857 5080 παρακα-

1974 5011 2194 5064 assidue
2221 5028 2323 5066 non
2350 5020 2552 5076 orant,
2600 5011 2758 5080 213
2805 5025 2978 5079 neque
3011 5027 3202 5066 eorum
3241 5012 3395 5080 quasi
3434 5011 3547 5079 jam

291 5093 492 5160 λοῦσιν,
527 5099 626 5153 οὐκ
652 5099 716 5154 ἂν
748 5100 823 5164 ὡς
858 5102 995 5174 ὑπὲρ
1027 5102 1244 5155 οἰκείων
1270 5101 1566 5165 εὐξάμενος
1615 5101 1722 5171 (88)
1756 5100 1857 5154 τῶν

1977 5117 2199 5156 suorum
2236 5116 2500 5172 patronus
2554 5108 2658 5159 erit
2704 5106 2845 5173 apud
2901 5104 3073 5159 Deum
3131 5104 3222 5175 qui
3270 5120 3378 5158 non
3416 5105 3548 5157 obe-

361 5211 406 5244 ⁸³
430 5211 596 5268 Marc.
626 5229 706 5277 ιιι,
739 5215 832 5270 25.
911 5215 1071 5268 “lsa.
1104 5229 1256 5277 Lvnt,
1287 5215 1340 5269 9.
1417 5213 1462 5245 ⁸⁸
1479 5213 1578 5268 Job
1609 5230 1650 5280 ι,
1681 5215 1750 5268 22
1780 5224 1857 5268 ett

1972 5216 2025 5271 0.
2103 5216 2147 5249 ⁸⁸
2175 5215 2334 5272 Deut.
2356 5231 2445 5285 xv,
2470 5217 2524 5272 9.
2603 5217 2647 5248 '°
2663 5215 2918 5286 Sap.t,'l.
2997 5215 3258 5272 "Jerem.
3277 5230 3431 5277 xxttt,
3455 5215 3546 5268 '24.

367 5329 482 5402 (8t)
549 5333 685 5408 ’Λετὸ
740 5335 1166 5403 μνησικακίας.
1223 5331 1372 5387 Idem
1444 5333 1710 5402 corrigit,
1778 5334 1857 5387 ἀπ

1971 5406 2005 5408 ξ
2043 5337 2156 5408 (85)
2214 5339 2588 5406 Οἰκονομίαν.
2643 5336 2784 5407 Lego
2836 5351 2961 5389 cum
3023 5333 3251 5388 Domino
3317 5329 3543 5382 Claudio

293 5399 755 5478 ἀμνησικακίαςξ
1116 5474 1185 5478 __
1273 5474 1347 5478 η,
1455 5474 1475 5478 ,4
1602 5399 1620 5402 ⁷
1696 5399 1704 5401 7

1968 5399 2186 5476 Flettry,
2205 5399 2554 5478 οἰκουμένην,

509 5474 998 5548 ᾼῃλοιίότι.-ίιίθιῐι
1023 5474 1251 5548 ξςιῖοιι,
1267 5474 1428 5544 δῆλον
1449 5474 1553 5548 ὅτι.

2036 5467 2153 5548 (86)
2175 5467 2502 5548 ’Λέγοντοςξ
2528 5477 2676 5544 Lego
2699 5490 2823 5530 cum
2848 5473 3124 5548 Bentleio,
3148 5467 3382 5548 liram:

369 5487 478 5544 (82)
509 5487 820 5540 Δηλονοτι.
854 5487 998 5528 luem
1023 5487 1235 5538 scrtDIt,
1267 5487 1428 5544 σηλον
1449 5487 1553 5528 οτι.
2061 5487 2130 5532 86
2186 5487 2500 5548 Λέγοντος.
2528 5487 2676 5544 Lego
2699 5490 2823 5530 cum
2848 5487 3124 5541 bentleto,
3148 5487 3382 5540 Αεγοντι.

369 5540 479 5612 (85)
503 5541 601 5610 Μὴ
622 5542 772 5599 δεῖν.
809 5543 904 5598 Sic
930 5544 1133 5614 optime
1166 5543 1330 5597 habet
1358 5547 1530 5599 codex
1559 5555 1700 5606 ms.;
1731 5557 1860 5612 per-
2036 5487 2153 5614 (δ’ῖί
2186 5551 2308 5601 "En
2340 5547 2426 5602 δέ.
2463 5548 2555 5601 Sic
2582 5548 2751 5601 codex
2782 5560 2887 5599 ms.
2917 5544 3103 5597 Editio
3129 5551 3306 5594 antetn
3336 5541 3544 5602 Oxon.,

301 5625 483 5685 peram
513 5624 696 5685 autem
737 5615 904 5668 editio
935 5612 1282 5685 Oxon-iensis,
1323 5614 1508 5685 μηδέν.
1818 5682 1829 5685 Α

1963 5612 2076 5673 ἔστι
2102 5612 2180 5672 δέ.

379 5682 488 5752 (81)
524 5683 996 5751 Προωρεληθείς.
1048 5682 1138 5736 Sic
1175 5682 1333 5736 habet
1358 5682 1526 5736 codex
1559 5682 1862 5752 manuscri-

2035 5689 2146 5758 (88)
2173 5686 2540 5756 Εὺξτὶμενος.
2575 5684 2730 5753 Legit
2756 5681 3055 5747 Bentleius,
3078 5682 3384 5752 εὐξόμενος.

313 5759 432 5820 ptus
452 5751 659 5819 {editio
690 5768 818 5811 vero
848 5754 1193 5820 Oxouiensis,
1230 5751 1685 5823 προσωφεληθείς.
