3974 6160
350 341 354 347 .
424 295 526 356 “7

1900 289 2219 346 ORIGENIS

3560 295 3665 349 448

423 409 894 483 diuntpraeeeptis
925 411 992 465 ab
1028 409 1144 479 ipso
1193 406 1432 471 traditis,
1475 417 1727 476 oportere
1772 422 1988 478 semper

2112 411 2166 480 ιὴ
2211 409 2278 462 δι’
2310 407 2473 462 αὐτοῦ
2521 407 2898 478 συνεχέστερον
2947 405 3272 477 εὐχομένων,
3331 408 3441 460 οὐδ’
3484 407 3550 462 ἂν
3590 413 3667 474 ὼς

428 520 592 560 orare
623 513 680 560 et
704 520 808 558 non
839 504 1089 557 deﬁcere.
1133 495 1408 567 Sc'riptum
1443 508 1526 553 est
1556 499 1699 554 enim
1731 514 1746 552 :
1775 499 1991 553 Dicebat

428 607 607 650 autem
661 607 709 650 et
738 593 1047 664 parabolam
1075 590 1144 643 ad
1175 589 1316 656 ill'os,
1346 591 1600 660 quoniam
1630 599 1832 660 oportet
1859 606 1996 644 sem-

427 703 522 752 per
563 702 711 740 orare
749 694 794 738 et
840 700 944 735 non
985 682 1208 749 de/icere
1237 697 1255 735 :
1286 680 1735 751 Judexquidam
1783 689 1897 734 erat
1938 682 1995 734 in

429 778 656 844 quadam
681 776 885 827 civitate
911 773 954 804 ⁸⁸
973 812 988 837 ,
1021 781 1078 825 et
1109 772 1342 841 reliqua.
1369 772 1500 825 Ilem
1543 773 1594 825 in
1627 772 1694 826 iis
1712 786 1829 840 qua!
1859 787 1999 841 plae—

430 867 627 921 cedunt
663 885 676 919 :
712 865 890 918 Et'ait
925 865 994 916 ad
1014 862 1135 916 illos
1159 878 1178 916 :
1203 863 1337 926 Quis
1364 872 1592 916 uestrum
1620 863 1828 916 habebit
1862 865 1999 916 ami-

430 971 568 1018 cum,
612 963 659 1007 et
709 954 806 1006 ibit
855 954 924 1006 ad
968 952 1118 1005 illum
1149 953 1322 1005 media
1371 962 1553 1015 nocte,
1603 962 1650 1004 et
1692 952 1828 1007 dicet
1876 952 1998 1007 illi:

429 1045 609 1097 Amice
629 1086 644 1110 ,
683 1042 959 1096 commoda
1002 1042 1134 1094 mihi
1161 1051 1266 1094 tres
1308 1057 1493 1109 panes,
1523 1043 1769 1108 quoniam
1800 1043 2000 1094 amicus

430 1151 574 1188 meus
593 1134 729 1188 venit
755 1135 818 1186 de
851 1135 933 1187 uia
959 1133 1025 1185 ad
1051 1149 1153 1196 me,
1179 1140 1228 1186 et
1271 1148 1376 1185 non
1412 1132 1576 1184 habeo
1622 1132 1760 1200 quod
1805 1148 2001 1201 ponam

430 1236 550 1281 ante
577 1226 730 1280 illum
749 1225 838 1278 '9?
883 1226 950 1278 Et
972 1223 1136 1292 paulo
1173 1232 1294 1292 post
1327 1241 1340 1276 :
1371 1223 1504 1276 Dico
1543 1222 1690 1276 vobis
1716 1262 1732 1288 ,
1763 1223 1862 1277 etsi
1897 1239 2000 1276 non

431 1317 579 1370 dabit
611 1315 692 1368 illi
726 1331 945 1384 surgens
997 1330 1056 1368 eo
1088 1315 1226 1382 quod
1253 1314 1452 1367 amicus
1498 1312 1612 1380 eius
1643 1313 1744 1378 sit,
1790 1322 2002 1381 propter

431 1409 824 1476 improbitatem
869 1414 1043 1458 tamen
1079 1405 1194 1472 ejus
1220 1413 1432 1474 surget,
1486 1412 1536 1457 et
1567 1405 1708 1457 dabit
1751 1404 1828 1457 illi
1852 1415 2002 1471 quot-

431 1507 556 1560 quot
577 1497 728 1548 habet
757 1493 1162 1550 necessarios“.
1189 1493 1385 1562 Ecquis
1408 1507 1596 1548 eorum
1619 1493 1708 1561 qui
1737 1494 1817 1547 ori
1846 1494 2006 1548 Chri-

439 1587 513 1639 sti
552 1584 909 1638 veracissimo
933 1585 1188 1648 credunt,
1225 1583 1292 1636 ad
1326 1583 1557 1652 impigre
1587 1583 1854 1636 orandum
1897 1597 2003 1636 non

438 1675 768 1731 accendatur
815 1675 901 1728 his
959 1673 1142 1727 verbis
1198 1669 1416 1726 :Petite
1467 1681 1518 1724 et
1564 1673 1776 1725 dabitur
1821 1673 1960 1726 vobis
1989 1712 2003 1736 ,

2098 499 2237 571 ὑπὲρ
2258 500 2356 571 ἤδη
2389 498 2532 552 ἰδίων
2557 498 2903 570 παράκλητος
2932 497 3190 567 ἐσόμενος
3222 497 3359 568 πρὸς
3402 497 3494 552 τὸν
3534 499 3666 555 Θεὸν

2097 589 2202 643 τῶν
2238 591 2312 660 μὴ
2341 588 2672 659 πειθομένων
2704 591 2822 652 ταῖς
2852 591 2933 650 εἰς
2962 589 3022 640 τὸ
3068 588 3181 641 δεῖν
3227 589 3457 641 πάντοτε
3500 606 3669 660 προσ-

2099 681 2372 751 εὔχεσθαι,
2393 682 2486 734 καὶ
2512 681 2586 750 μὴ
2615 682 2866 733 ὲκκακεῖν
2886 679 3272 742 διδασκαλίαις·
3299 681 3506 748 Ἔλεγε
3534 680 3664 750 γὰρ,

2100 773 2253 843 φησὶ,
2281 771 2632 839 παραϐολὴν
2669 769 2817 838 πρὸς
2851 772 2917 824 τὸ
2953 771 3082 824 δεῖν
3119 770 3376 825 πάντοτε
3413 772 3670 838 προσεύ-

2100 861 2330 926 χεσθαι,
2363 857 2459 908 καί
2488 857 2570 924 μὴ
2617 858 2912 911 ἐκκακεῖν·
2955 858 3174 925 Κριτής
3214 876 3303 924 τις
3333 856 3414 928 ἦν
3442 859 3514 912 ἐν
3553 876 3671 913 τινι

2101 948 2291 1013 πόλει,
2317 947 2412 1001 κα)⁹
2440 947 2507 1000 τὰ
2539 947 2685 1018 ἑξῆς·
2719 951 2828 1001 Καὶ
2862 951 2919 1000 ἐν
2951 952 3062 1011 τοῖς
3109 949 3215 1019 πρὸ
3266 949 3490 1002 τούτων·
3551 929 3670 1004 Kal

2101 1033 2230 1090 εἷπε
2249 1038 2398 1105 πρὸς
2425 1039 2662 1104 αὐτούς·
2689 1039 2784 1105 Τίς
2808 1038 2877 1103 ἐξ
2892 1037 3058 1108 ὑμῶν
3083 1039 3206 1103 ἕξει
3235 1041 3542 1110 φίλον,καί
3572 1053 3673 1094 πο⁴

2093 1127 2374 1192 ρεύσεται
2402 1128 2552 1194 πρὸς
2577 1127 2764 1180 αὐτὸν
2789 1129 3188 1196 μεσονύκτιον
3223 1127 3366 1198 (89),
3396 1129 3494 1184 καὶ
3531 1130 3669 1198 εἴπῃ

2104 1215 2281 1282 αὐτῷ·
2319 1217 2480 1283 Φίλε,
2509 1215 2742 1284 χρῆσόν
2761 1235 2861 1285 μοι
2882 1217 3036 1285 τρεῖς
3064 1217 3304 1286 ἄρτους,
3326 1218 3534 1287 ἐπειδὴ
3575 1221 3674 1288 φί-

2104 1310 2214 1371 λος
2224 1323 2340 1375 μου
2357 1307 2711 1376 παρεγένετο
2726 1308 2794 1372 ἐξ
2809 1308 2953 1362 ὀδοῦ
2979 1308 3129 1375 πρὸς
3141 1309 3240 1378 μὲ,
3260 1309 3356 1362 καὶ
3370 1311 3482 1363 οὐκ
3510 1308 3675 1377 ἕχωό

2108 1398 2437 1466 παραθήσω
2455 1398 2640 1464 αὐτῷ·
2671 1401 2764 1452 καὶ
2796 1400 2912 1470 μετ’
2941 1398 3116 1467 ὀλίγα·
3149 1398 3311 1468 Λέγω
3331 1399 3473 1468 ὑμῖν
3493 1402 3544 1452 εἰ
3577 1401 3674 1454 καί

2109 1490 2179 1540 οὺ
2199 1485 2376 1540 δώσει
2394 1488 2553 1554 αὐτῷ
2567 1488 2858 1553 ἀναστὰς,
2883 1487 2981 1541 διὰ
3001 1488 3065 1541 τὸ
3087 1484 3237 1542 εἶναι
3255 1489 3440 1557 φίλον
3463 1489 3675 1552 αὐτοῦ,

2113 1577 2213 1632 διά
2236 1596 2301 1648 γε
2319 1577 2433 1646 τὴν
2448 1578 2756 1634 ἀναίδειαν
2777 1581 2984 1644 αὑτοῦ,
3008 1578 3479 1649 ἐγερθεὶς-,δώσει
3494 1579 3677 1645 αὐτῷ,

2113 1670 2274 1723 ὅσων
2291 1669 2503 1740 χρῄζει.
2525 1671 2620 1734 Τίς
2637 1671 2693 1723 δὲ
2713 1670 2788 1740 μὴ
2803 1673 3088 1742 προτραπῇ
3108 1669 3214 1724 τῶν
3231 1669 3305 1740 τῷ
3317 1669 3537 1738 ἀψευδεῖ
3560 1671 3680 1722 στό-

439 1768 608 1819 omnis
649 1766 787 1818 enim
822 1766 914 1833 qui
937 1765 1062 1832 petit
1099 1762 1384 1832 accipit“?
1428 1762 1607 1818 Bonus
1650 1762 1796 1818 enim
1843 1762 2010 1818 Pater

2115 1777 2243 1830 ματι
2276 1760 2636 1813 πιστευόντων
2675 1759 2870 1832 Ἰησοῦ,
2888 1761 3095 1824 ἀόκνως
3115 1759 3391 1830 εὔχεσθαι,
3408 1760 3676 1828 λέγοντος·

439 1869 634 1924 panem
660 1854 838 1908 vivum
873 1853 1179 1923 petentibus
1211 1852 1388 1916 nobis,
1419 1867 1528 1907 non
1563 1865 1740 1908 autem
1770 1852 2007 1922 lapidem

439 1959 600 2013 quem
631 1943 977 1998 adversarius
1012 1942 1128 1995 vult
1152 1951 1205 1998 et
1238 1941 1365 1998 Jesu
1388 1952 1440 1998 et
1471 1945 1756 2014 discipulis
1783 1944 1899 2013 ejus
1930 1945 2009 1998 ci-

439 2037 568 2089 bum
597 2035 739 2098 fieri,
781 2036 874 2088 dat
909 2035 976 2088 iis
1003 2035 1095 2103 qui
1137 2034 1388 2104 spiritum
1443 2036 1751 2106 adoptionis
1783 2036 1852 2091 ab
1890 2036 2006 2105 ipso

439 2135 786 2196 acceperunt.
816 2125 918 2178 Dat
942 2125 1105 2180 etiam
1131 2124 1298 2180 Pater
1335 2126 1528 2180 bonum
1551 2127 1732 2180 datum
1771 2127 1957 2196 pluens
1981 2143 2008 2180 e

440 2217 568 2268 coelo
597 2215 886 2284 petentibus
915 2231 969 2268 se
982 2215 1050 2270 ⁷³.

2107 1849 2459 1914 Αἰτεῖτε,καί
2485 1850 2801 1917 δοθήσεται
2832 1851 2992 1919 ὑμῖν·
3025 1849 3143 1916 πᾶς
3165 1851 3275 1920 γὰρ
3291 1853 3322 1904 ό
3336 1851 3518 1904 αἰτῶν
3534 1855 3686 1920 λαμ-

2107 1940 2311 2006 ϐάνει;
2341 1943 2462 1995 ἐπεὶ
2490 1943 2518 1996 6
2562 1942 2794 2016 χρηστὸς
2823 1943 3015 2014 Πατὴρ
3052 1943 3144 1994 τὸν
3185 1935 3364 2006 ζῶντα
3406 1941 3568 2013 ἄρτον
3599 1943 3686 1996 αἰ-

2103 2033 2335 2088 τούντων
2368 2033 2523 2103 ἡμῶν
2549 2034 2742 2098 αὑτὸν,
2778 2033 2875 2103 οὐχ
2906 2033 2963 2086 ὃν
3008 2033 3253 2103 βούλεται
3295 2033 3438 2087 λίθον
3476 2035 3685 2105 τροφὴν

2105 2123 2356 2192 γενέσθαι
2385 2122 2463 2192 τῷ
2504 2122 2678 2193 Ἰησοῦ
2712 2124 2806 2177 καὶ
2830 2125 2943 2185 τοῖς
2978 2123 3248 2192 μαθηταῖς
3276 2124 3448 2176 αὐτοῦ
3477 2125 3506 2176 ό
3534 2123 3687 2176 ἀντι-

2111 2215 2380 2286 κείμενος,
2400 2215 2582 2268 δίδωσι
2604 2219 2716 2279 τοῖς
2745 2217 2807 2269 τὸ
2842 2215 3059 2286 πνεῦμα
3094 2215 3194 2285 τῆς
3227 2215 3499 2278 υἱοθεσίας
3533 2215 3682 2286 εἰλη-

440 2306 594 2375 φόσιν
622 2308 730 2361 ἀπὸ
760 2307 852 2360 τοῦ
881 2307 1111 2380 Πατρός·
1131 2308 1224 2362 καὶ
1247 2307 1494 2362 δίδωσιν
1512 2311 1544 2362 ὀ
1568 2308 1771 2377 Πατὴρ
1791 2307 1856 2362 τὸ
1871 2307 2094 2378 ἀγαθὸν
2115 2309 2267 2379 δόμα
2288 2311 2411 2364 ὕων
2433 2310 2503 2374 ἐξ
2523 2311 2782 2380 οὐρανοῦ
2807 2310 2931 2378 τοῖς
2957 2310 3231 2364 αἰτοῦσιν
3259 2310 3443 2363 αὐτόν
3463 2307 3594 2378 (90).

510 2424 597 2479 11.
660 2422 845 2494 Neque
885 2439 1014 2479 vero
1055 2423 1298 2494 pontifex
1343 2425 1490 2481 solus
1553 2434 1676 2481 orat
1722 2440 1846 2480 cum
1897 2425 2006 2480 rite

440 2517 747 2582 orantibus,
779 2519 873 2573 sed
904 2527 960 2572 et
981 2517 1158 2588 angeli
1191 2517 1283 2585 qui
1315 2519 1487 2587 magis
1520 2520 1758 2588 gaudent
1789 2518 1844 2571 in
1881 2517 2008 2572 caelo

439 2624 601 2678 super
629 2624 732 2662 uno
761 2619 1028 2676 peccatore
1055 2610 1416 2678 paenitentiam
1459 2620 1642 2679 agente
1670 2625 1826 2679 quam
1855 2624 2011 2676 super

442 2698 733 2768 nonaginta
782 2714 958 2752 novem
996 2699 1157 2768 justis
1203 2702 1294 2769 qui
1337 2716 1442 2754 non
1482 2700 1714 2769 indigent
1759 2699 2010 2766 paeniten-

441 2789 519 2842 tia
541 2789 618 2853 7’;
654 2780 962 2842 sanctorum
991 2789 1118 2844 item
1149 2791 1241 2858 qui
1279 2790 1392 2859 jam
1423 2789 1766 2844 dormierunt
1795 2789 2010 2846 animae.

444 2878 576 2943 Quae
603 2878 725 2931 inde
753 2885 940 2945 patent
967 2879 1110 2946 quod
1142 2877 1386 2949 Raphael
1415 2878 1672 2932 obtulerit
1702 2878 1812 2934 Deo
1844 2878 2013 2933 ratio-

447 2966 626 3023 nabile
649 2968 971 3036 obsequium
997 2969 1180 3043 Tobiae
1201 2980 1257 3024 et
1287 2971 1454 3026 Sarae.
1481 2969 1640 3043 (Nam
1665 2979 1787 3040 post
1813 2972 2015 3026 utrius.

446 3072 553 3125 que
600 3057 898 3112 orationem
946 3061 1198 3112 exaudita
1236 3071 1332 3126 est,
1380 3063 1558 3131 inquit
1594 3060 1893 3131 Scriptura,
1925 3063 2015 3114 de-

447 3147 676 3215 precatio
732 3157 1070 3217 utrorumque
1101 3165 1277 3202 coram
1313 3149 1485 3219 gloria
1533 3137 1710 3220 magni
1758 3149 2010 3218 Raphael,

449 3245 498 3288 et
539 3235 727 3289 missus
757 3243 833 3290 est
879 3237 948 3288 ad
979 3239 1271 3293 sanandum
1311 3240 1488 3294 ambos
1527 3240 1594 3293 ⁷⁵.
1631 3240 1772 3307 Quin
1811 3251 1866 3294 et
1900 3241 2017 3310 ipse

455 3324 692 3392 ltaphael
741 3340 863 3380 cum
915 3329 1087 3396 aperit
1138 3329 1268 3397 quid
1314 3344 1380 3384 ex
1443 3335 1703 3386 mandato
1750 3331 1846 3386 Dei
1887 3346 2016 3406 erga

451 3426 746 3486 utrumque
794 3427 1050 3488 tanquam
1099 3420 1326 3489 angelus
1373 3421 1720 3491 prazstiterit,
1773 3423 1900 3478 ait:
1949 3423 2017 3477 Et

453 3525 591 3564 nunc
619 3513 828 3579 quando
857 3511 1022 3563 orasti
1055 3519 1110 3563 tu
1137 3520 1186 3564 et
1227 3528 1390 3564 nurus
1417 3522 1511 3565 tua
1541 3511 1719 3577 Sara,
1742 3529 1833 3583 ego
1857 3515 2020 3568 obtuli

452 3600 758 3655 memoriale
804 3602 1059 3656 orationis
1102 3611 1284 3656 vestra:
1327 3619 1504 3656 coram
1534 3601 1750 3658 Sancto.
1798 3605 1865 3658 Et
1903 3613 2024 3672 post

451 3708 646 3761 pauca:
684 3693 796 3764 Ego
824 3711 940 3748 sum
969 3693 1207 3764 Rapltael
1231 3710 1367 3762 unus
1397 3710 1460 3748 ea:
1487 3704 1680 3764 septem
1709 3697 1912 3766 angelis
1931 3695 2022 3763 qui

453 3782 678 3849 offerunt
708 3782 972 3836 orationes
1002 3791 1305 3835 sanctorum
1345 3790 1390 3836 et
1418 3781 1792 3852 ingrediuntur
1819 3785 1874 3836 in
1901 3800 2026 3837 con-

467 3871 644 3928 spectu
673 3863 854 3931 gloriae
897 3865 1080 3918 Sancti
1104 3866 1168 3916 ⁷⁵.
1197 3865 1381 3935 Itaque
1416 3868 1568 3935 juxta
1601 3869 1888 3937 Rapbaelis
1917 3887 2034 3925 ser-

469 3966 685 4005 monem
715 3969 727 4002 :
763 3952 964 4006 Bonum
994 3955 1162 4007 oratio
1196 3972 1312 4008 cum
1331 3955 1538 4024 jejunio
1566 3963 1614 4009 et
1643 3958 1962 4028 eleemosyna
1987 3969 2035 4013 et

2186 2427 2259 2479 Οὐ
2294 2428 2451 2497 μόνος
2492 2427 2548 2480 δὲ
2579 2430 2606 2480 ό
2640 2428 2929 2500 ἀρχιερεὺς
2957 2429 3070 2488 τοῖς
3101 2425 3338 2496 γνησίως
3377 2425 3689 2494 εὐχομένοις

2117 2531 2463 2600 συνεύχεται,
2499 2531 2633 2585 ἀλλὰ
2670 2534 2764 2586 καὶ
2795 2533 2843 2585 οἰ
2892 2532 2962 2586 ἐν
2991 2528 3223 2597 οὐρανῷ
3265 2529 3543 2599 χαίροντες
3590 2526 3689 2594 ἀγ-

2117 2624 2262 2692 γελοι
2297 2625 2508 2678 ἐπὶένί
2541 2622 2867 2693 ἁμαρτωλῷ
2890 2623 3301 2691 μετανοοῦντι,
3337 2620 3376 2688 ἢ
3411 2620 3511 2672 ἐπὶ
3563 2620 3690 2672 m-

2115 2715 2376 2782 νήκοντα
2399 2716 2578 2770 ἐννέα
2608 2716 2858 2782 δικαίοις
2877 2754 2892 2779 ,
2919 2713 2975 2769 οἳ
3013 2716 3085 2769 οὐ
3114 2715 3324 2783 χρείαν
3352 2711 3565 2780 ἔχουσι
3586 2727 3694 2782 με-

2117 2820 2386 2885 τανοίας·
2436 2819 2496 2872 αῖ
2549 2835 2609 2872 τε
2652 2817 2759 2873 τῶν
2812 2816 3329 2887 προκεκοιμημένων
3374 2813 3545 2882 ἁγίων
3584 2812 3690 2882 ψν-

2116 2907 2210 2976 χαί
2240 2906 2383 2978 (91)·
2429 2907 2586 2961 ἆτινα
2624 2906 2909 2978 δηλοῦται,
2953 2905 3328 2976 Ῥαφαὴλμὲν
3362 2903 3694 2973 προσφέρων.

2117 3014 2210 3061 τος
2241 2999 2371 3069 περὶ
2403 2998 2596 3068 Τωὸὴτ
2623 2998 2717 3050 καὶ
2750 2997 2965 3068 Σάρρας
3005 2995 3226 3067 λογικὴν
3266 2995 3575 3066 ἱερουργίαν
3612 2993 3692 3064 τῷ

2045 3108 2090 3169 C
2121 3087 2258 3158 Θεῷ·
2280 3116 2344 3125 -
2369 3087 2506 3158 μετὰ
2538 3086 2646 3158 γὰρ
2677 3085 2774 3157 τὴν
2786 3086 2948 3155 εὐχὴν
2965 3084 3690 3156 ἀμφοτέρωνείσηκούσθη,

2118 3181 2282 3248 φησὶν
2313 3180 2345 3250 ἡ
2381 3175 2916 3249 Γραφὴ,προο·ευχὴ
2950 3175 3293 3246 ἀμφοτέρων
3319 3175 3573 3229 ἐνώπιον
3585 3172 3693 3241 τῆς

2117 3277 2301 3345 δόξης
2332 3277 2439 3331 τοῦ
2467 3275 2735 3346 μεγάλου
2775 3274 3065 3344 Ῥαφαὴλ,
3099 3275 3195 3328 καί
3230 3274 3543 3343 ἀπεστάλη
3581 3274 3690 3345 (92)

2118 3369 2402 3424 ἰάσασθαι
2420 3369 2562 3435 τοὺς
2587 3368 2716 3423 δύο.
2747 3369 2858 3422 Καὶ
2875 3368 3037 3430 αὐτὸς
3065 3367 3121 3420 δὲ
3161 3367 3421 3438 Ῥαφαὴλ,
3442 3367 3691 3438 φανερῶν

2120 3457 2310 3513 ἑαυτοῦ
2355 3460 2432 3523 ὡς
2481 3459 2712 3528 ἀγγέλου
2756 3460 2854 3530 τὴν
2900 3459 3037 3512 κατὰ
3069 3460 3396 3530 πρόσταγμα
3432 3457 3525 3510 τοῦ
3554 3456 3688 3510 Θεοῦ

2123 3560 2258 3631 πρὸς
2307 3559 2651 3630 ἀμφοτέρους
2695 3557 3034 3628 οἰκονομίαν,
3082 3555 3250 3627 φησί·
3298 3555 3407 3609 Kal
3456 3555 3574 3608 νῦν
3607 3553 3693 3605 ὅτι

2123 3651 2444 3719 προσηύξω
2480 3650 2588 3722 (95)
2632 3649 2711 3703 σὺ
2742 3649 2839 3703 καί
2872 3651 2910 3716 η
2949 3650 3151 3718 νύμφη
3184 3662 3299 3701 σου
3330 3645 3549 3714 Σάρρα,
3581 3645 3694 3715 ἐγὼ

2123 3753 2508 3823 προσήγαγον
2522 3751 2588 3805 τὸ
2605 3751 2999 3821 μνημόσυνον
3026 3749 3134 3819 τῆς
3159 3745 3506 3817 προσευχῆς
3529 3745 3696 3815 ὑμῶν

2122 3844 2377 3899 ἐνώπιον
2408 3842 2513 3896 τοῦ
2553 3836 2786 3910 Ἀγίου·
2831 3844 2925 3895 καὶ
2983 3843 3097 3912 μετ’
3148 3841 3328 3909 ὀλίγα·
3388 3838 3533 3907 Ἐγώ
3582 3841 3696 3906 εἰμι

2137 3936 2409 4005 Ῥαφαὴλ
2439 3929 2526 3999 εἷς
2563 3931 2683 3985 τῶν
2725 3932 2874 3985 ἑπτὰ
2915 3931 3182 4002 ἀγγέλων
3221 3930 3276 3984 οἳ
3320 3925 3695 3998 προσαναφέ-

459 4039 674 4109 justitia
701 4042 791 4109 ⁷⁸.)
815 4041 949 4096 Item
978 4043 1119 4110 quod
1139 4043 1417 4110 Jeremias,
1440 4055 1499 4099 ut
1527 4046 1581 4099 in
1609 4027 2010 4104 Machabaeoruu

2116 4050 2298 4103 ρουσι
2336 4033 2446 4104 (94)
2505 4031 2603 4087 καὶ
2627 4033 3077 4100 εἰσπορεύονται
3097 4030 3352 4085 ἐνώπιον
3379 4027 3486 4097 τῆς
3511 4027 3696 4093 δόξης

465 4129 618 4186 libris
647 4132 895 4198 habetur,
919 4136 1224 4203 apparuerit
1246 4137 1437 4189 canitie
1466 4145 1512 4189 et
1533 4137 1699 4205 gloria
1721 4142 1939 4194 eximius
1959 4143 2010 4196 ιιι

2124 4126 2232 4179 τοῦ
2264 4125 2478 4195 Ἀγίου.
2512 4123 2668 4179 Κατὰ
2693 4124 2785 4178 τὸν
2817 4123 2968 4192 λόγον
3003 4122 3131 4192 γοῦν
3151 4121 3242 4175 τοῦ
3273 4121 3534 4191 Ῥαφαὴλ,
3555 4121 3695 4190 ἀγα-

463 4232 523 4275 ut
555 4224 811 4277 mirabilis
826 4228 1069 4294 qutedam
1087 4234 1136 4278 et
1157 4227 1376 4279 maximi
1395 4228 1591 4280 decoris
1612 4229 1765 4298 fuerit
1785 4241 2010 4298 prwstan

2126 4220 2234 4276 θὸν
2273 4220 2580 4291 προσευχὴ
2619 4220 2769 4290 μετὰ
2812 4221 3090 4287 νηστείας
3141 4220 3239 4274 καί
3284 4220 3696 4288 ἐλεημοσύνης

467 4315 542 4366 tia
587 4315 726 4367 circa
773 4314 961 4380 illum;
1003 4317 1387 4388 extenderitque
1432 4320 1700 4373 dexteram
1742 4329 1791 4374 et
1837 4322 2010 4376 dederi

2127 4314 2224 4369 καί
2255 4311 3008 4384 δικαιοσύνης·--Ὶερεμίου
3032 4313 3111 4378 δὲ,
3137 4311 3211 4376 ὡς
3237 4314 3294 4366 ὲν
3319 4315 3432 4374 τοῖς
3462 4315 3698 4364 Μακκα-

463 4400 614 4454 Juda:
651 4402 887 4472 gladium
931 4420 1149 4458 aureum
1180 4407 1257 4470 ⁷⁷;
1289 4406 1357 4460 de
1385 4423 1492 4476 quo
1523 4417 1747 4464 testatus
1785 4417 1868 4463 est
1899 4410 2010 4464 aliu:

2130 4414 2372 4480 ϐαῖκοῖς,
2401 4412 2862 4481 ἐπιφαινομένου
2891 4409 3074 4477 πολιᾷ
3102 4412 3201 4464 καί
3233 4410 3379 4480 δόξῃ
3392 4409 3700 4479 διαφέρον-

465 4501 684 4545 sanctus
717 4493 807 4561 qui
842 4503 967 4547 ante
1001 4495 1206 4551 obierat
1235 4513 1246 4548 :
1275 4497 1374 4550 Hic
1399 4507 1475 4551 est
1503 4500 1590 4568 qui
1620 4500 1842 4553 multum
1870 4501 2010 4573 2ιά

2127 4523 2248 4571 τος,
2276 4505 2356 4570 ὡς
2381 4502 2732 4572 θαυμαστήν
2763 4519 2895 4556 τινα
2927 4503 3025 4556 καὶ
3053 4500 3699 4573 μεγαλοπρεπεστάτην

465 4591 582 4633 orat
609 4598 702 4649 pro
727 4583 916 4651 populo
953 4593 1000 4636 et
1031 4594 1213 4638 sancta
1244 4587 1470 4653 civitate,
1496 4587 1748 4644 Jeremias
1781 4591 2010 4660 prop/lett

2127 4591 2278 4648 εἶναι
2309 4592 2422 4660 τὴν
2440 4591 2571 4658 περὶ
2595 4591 2781 4645 αὐτὸν
2798 4587 3104 4660 ὑπεροχήν
3126 4609 3139 4622 ·
3160 4593 3256 4646 καί
3285 4591 3699 4659 προτείνοντος

536 4745 583 4778 ⁸⁸
619 4745 751 4818 Luc.
782 4763 942 4818 XVIII,
977 4751 1029 4803 1.
1106 4750 1151 4782 ⁶⁹
1182 4749 1311 4805 Luc.
1343 4768 1431 4816 xu,
1458 4753 1510 4818 5,
1535 4751 1587 4806 6.
1665 4754 1713 4785 "°
1743 4752 1902 4818 lbid.,
1932 4756 1987 4809 8.

2137 4753 2305 4817 lbid.,
2334 4754 2386 4807 9.
2463 4753 2508 4782 "
2543 4750 2796 4814 lbid.,l.'5.
2873 4750 2920 4781 ⁷³
2949 4749 3082 4806 Luc.
3120 4767 3208 4818 xv,
3241 4751 3293 4803 7.
3369 4750 3416 4782 ⁷⁵
3445 4748 3579 4805 Tob.
3615 4766 3695 4817 ιιι,

463 4817 555 4871 24.
627 4817 674 4847 ⁷⁵
709 4815 844 4871 Tob.
873 4834 972 4883 xu,
1005 4819 1093 4882 12,
1120 4820 1208 4875 15.
1283 4821 1327 4851 ⁷⁸
1351 4815 1509 4887 lbid.,
1541 4823 1594 4877 8.
1671 4823 1716 4853 ’⁷⁷
1751 4823 1793 4876 ll
1826 4815 1962 4879 Mac.
1995 4840 2085 4889 xv,
2121 4823 2206 4877 15.

537 4956 646 5034 (89)
669 4959 1100 5034 Meaerﬁxnor,
1115 4958 1204 5015 Sic
1233 4971 1376 5017 recte
1400 4963 1568 5017 codex
1597 4977 1698 5016 ms.
1727 4963 1868 5018 Male
1897 4979 2023 5019 vero
2129 4975 2275 5034 ptus,
2307 4977 2590 5034 perperam
2627 4965 2694 5018 ab
2741 4962 2951 5034 editore
2983 4959 3277 5034 onniensi
3323 4959 3526 5034 reiecta
3561 4961 3698 5034 sunt

464 5026 778 5103 edgAQ‘xouz,
816 5030 1183 5103 μεσονυκτίου.
1285 5100 1295 5103 _
1509 5099 1518 5103 _
1619 5099 1676 5103 __

2129 5026 2273 5088 intra
2306 5026 2427 5103 post
2457 5033 2756 5103 Scripturae
2781 5033 2954 5103 locum
2985 5032 3118 5086 Tob.
3153 5047 3227 5085 xu
3250 5073 3264 5094 ,
3314 5026 3527 5103 8,'aute
3561 5031 3695 5086 istas

534 5096 644 5169 (90)
672 5095 925 5176 έίδωίζιν
1011 5099 1210 5176 Πατὴρ
1237 5100 1318 5176 τὸΔ
1345 5099 1568 5176 ἀγαθὸν
1607 5099 1759 5176 δόμα
1805 5101 1928 5155 ὕων
1941 5101 2025 5176 Δἐξ
2129 5095 2324 5176 voces;
2350 5095 2698 5176 ξῐερεμίοῦ-δὲ
2728 5099 2893 5176 ὼςῗὲν
2925 5104 3044 5176 τοῖς.
3066 5099 3523 5176 Manutianae}.

461 5168 723 5236 οὐρανοῦ
763 5168 887 5232 τοῖς
931 5168 1203 5222 αἰτοῦσιν
1253 5168 1458 5224 αὐτόν.
1511 5170 1599 5222 Sic
1646 5168 1809 5226 habet
1852 5172 2010 5225 codex

463 5253 565 5293 ms.
627 5236 808 5291 Editio
855 5247 1032 5289 autem
1093 5237 1449 5295 Oxouieusis.
1497 5239 1707 5292 δίδωσιν
1757 5243 1786 5294 6
1841 5241 2010 5295 Πατὴι

2203 5172 2312 5295 (92)
2352 5168 2460 5228 Τοῦ
2485 5168 2751 5258 μεγάλου
2781 5170 3091 5250 Ῥαφαὴλζ
3104 5172 3202 5224 καί
3235 5169 3584 5258 ἀπεστάληκ
3607 5168 3696 5223 Sic
3809 5190 3812 5192 ·

2130 5255 2212 5295 (εοι
2235 5258 2301 5295 ex
2335 5258 2434 5295 ms.
2468 5243 2630 5295 Forte
2659 5241 2975 5295 legendum.
3003 5257 3094 5293 του
3136 5240 3365 5295 μεγάλου
3391 5256 3403 5269 ·
3441 5240 3534 5293 καὶ
3587 5240 3694 5292 Ρα-

463 5253 565 5293 ms.
627 5237 808 5291 Editio
855 5247 1032 5289 autem
1093 5237 1449 5300 Oxouieusis,
1497 5239 1707 5292 δίδωσιν
1757 5243 1786 5294 6
1841 5241 2023 5311 Πατὴρ
2130 5237 2302 5296 οοιΙεέ
2335 5258 2434 5295 ms.
2468 5237 2630 5297 Forte
2659 5237 3094 5309 legenduimroﬁ
3136 5240 3365 5312 μεγάλου
3391 5256 3403 5269 ·
3441 5240 3534 5293 καὶ
3573 5240 3694 5292 Ῥα-

461 5307 650 5383 ὑμῶν-
664 5305 722 5371 ἐξ
770 5305 996 5383 οὐρανοῦ
1030 5306 1088 5359 τὸ
1115 5308 1315 5383 ἀγαθὸν
1349 5308 1490 5383 δόμα
1519 5313 1630 5372 τοῖς
1654 5311 1892 5383 αἰτοῦσιν
1920 5313 2023 5383 αὑ·
2130 5311 2274 5383 φαὴλ
2293 5312 2597 5383 ἀπεστάλη.
2870 5379 2888 5383 _
3069 5381 3088 5383 υ
3381 5378 3426 5383 __

461 5325 616 5430 ego»
664 5325 722 5371 ες
770 5325 996 5378 ουρανου
1030 5325 1088 5359 το
1115 5325 1315 5375 αγαυον
1352 5325 1490 5378 οομα
1519 5327 1630 5372 τοις
1654 5327 1892 5363 αιτουσιν
1924 5325 2010 5364 αυ-

461 5396 492 5452 τ
520 5395 571 5452 1.
609 5377 1296 5452 TenusYulgatusmputl
1348 5377 1546 5452 Lucam
1581 5395 1673 5452 xl,
1710 5382 1804 5446 15,
1842 5381 2003 5452 habet

2130 5325 2274 5383 φαηΑ
2300 5325 2597 5380 απεσταλη.

2201 5381 2311 5452 (95)
2345 5382 2471 5436 "Ott
2497 5379 2834 5452 προσηύξω.
2869 5379 3028 5452 Legg,
3063 5381 3151 5452 ὅτε
3185 5378 3493 5452 προσηύξω.

520 5445 803 5520 Πατὴρ-ό-
827 5446 884 5514 ἐξ
915 5446 1143 5518 οὐρανοῦ
1185 5445 1345 5500 δώσει
1380 5448 1606 5518 Πνεῦμα
1635 5445 1925 5518 ἆγιοντοίς
1955 5451 2008 5502 αἰ

2203 5445 2312 5520 (94)
2357 5445 2904 5520 Προσαναφέρουσι.
2945 5445 3032 5504 Ex
3072 5445 3282 5518 vulgato
3327 5445 3521 5520 Tobias
3544 5455 3693 5520 textu

461 5397 571 5433 τον.
623 5397 814 5431 ΙΘΧΙΙΙΞ
870 5397 1119 5444 νυιδθιιιδ
1156 5397 1296 5443 ίψιιιι
1348 5397 1546 5432 ιλΙΙοὲΙΙη
1581 5397 1632 5437 XI
1662 5421 1673 5438 ς
1710 5397 1804 5446 ιο,
1843 5397 2003 5433 liabet

461 5451 490 5500 6
520 5445 707 5502 Πατὴρ
747 5448 775 5498 6
827 5446 884 5502 ἐξ
915 5446 1143 5502 οὐρανοῦ
1185 5445 1345 5500 δώσει
1380 5448 1606 5502 Πνεῦμα
1635 5449 1784 5502 ἆγιον
1813 5453 1925 5502 τοῖς
1955 5451 2008 5502 αἰ

2201 5397 2312 5502 (ιιοζ
2346 5397 2471 5436 "un
2497 5397 2834 5448 προσηυςω.
2869 5397 3028 5502 mg),
3063 5397 3151 5433 οτε
3185 5397 3369 5502 προσηλ

2224 5452 2290 5502 94
2357 5449 2904 5502 Ποοσαναςρέοουσι.
3000 5467 3032 5502 x
3072 5450 3282 5502 vulgato

463 5517 644 5570 τοῦσιν
676 5517 854 5569 αὐτόν.

535 5586 669 5659 (491)
712 5586 783 5640 AZ
821 5603 884 5638 τε
929 5585 1046 5659 τῶν
1084 5587 1634 5659 προκεκοιίιημένων
1679 5589 1862 5659 ἁγίων
1907 5593 2027 5657 ψυο

468 5653 590 5724 καί.
623 5653 750 5710 Haec
797 5671 916 5726 quae
947 5657 1044 5712 hoc
1086 5653 1201 5712 luco
1244 5653 1463 5713 exhibet
1514 5661 1680 5716 codex
1722 5653 2024 5716 manuscri-

2131 5517 2321 5576 Graeco
2350 5517 2652 5576 addendum
2700 5517 2819 5582 est,
2851 5517 3302 5590 rdtg’rtpoaeoxag
3347 5519 3456 5590 τῶν
3501 5517 3693 5585 ἁγίων,

2132 5592 2292 5712 ιιιιίιιιΙ
2346 5592 2603 5648 omissum
2661 5599 2742 5648 est
2811 5593 2864 5646 iu
2933 5589 3181 5659 Origeuis
3247 5589 3431 5643 codice
3498 5603 3695 5670 mauu-

2129 5675 2273 5729 scrtp
2300 5674 2353 5715 0.
2841 5687 2844 5690 -
