3974 6160
277 274 378 328 449

1464 263 1798 337 LlBE-LLUS
1830 263 1918 318 DE
1949 263 2317 320 onmem.

3405 269 3512 324 450

278 389 393 457 τὴν
427 385 648 450 δεξιὰν,
675 385 1104 454 παραδιδόιτος
1130 401 1193 437 τε
1219 383 1300 449 τῷ
1333 382 1526 450 Ἰούδᾳ
1540 385 1848 452 ῥομφαίαν

1961 382 2045 437 Dei
2069 383 2136 437 ⁷⁸.
2166 382 2376 438 Etenim
2414 381 2704 438 absurdum
2754 389 2837 438 est
2871 397 2994 437 cum
3045 381 3098 436 in
3148 381 3247 434 hac
3274 381 3384 436 vita
3418 396 3512 451 per

277 475 518 548 χρυσῆν
535 493 548 505 ο
574 470 619 542 ᾧ
645 475 943 546 ἐμαρτύρει
964 474 1121 537 ἄλλος
1152 473 1306 542 ἅγιος
1334 473 1845 545 προκεκοιμηνένος,

1949 471 2222 538 speculum
2254 479 2462 525 tantum
2493 472 2626 526 etin
2660 470 2951 542 aenigmate
2978 469 3152 525 sancti
3183 470 3427 534 videant,
3457 469 3512 523 in

277 569 448 638 λέγων
466 585 479 599 ·
531 561 723 632 Οὗτός
758 569 927 620 ἐστιν
943 570 976 620 ὁ
994 566 1476 635 προσευχόμενος
1495 564 1694 618 πολλὰ
1715 565 1850 633 περὶ

1961 561 2126 616 futura
2157 569 2336 616 autem
2374 560 2514 616 facie
2541 561 2608 616 ad
2639 561 2833 617 faciem
2862 563 2969 616 sint
2991 560 3192 626 visuri,
3226 574 3334 615 non
3368 561 3512 616 idem

277 658 383 714 τοῦ
405 658 582 721 λαοῦ,
602 657 699 710 καὶ
735 655 844 724 τῆς
873 657 1043 726 ἁγίας
1069 657 1318 721 πόλεως.
1361 654 1643 722 Ἱερεμίας
1675 655 1707 706 ό
1740 653 1848 706 τοῦ

281 748 426 802 Θεοῦ
459 747 788 816 προφήτης.
825 748 933 800 Καὶ
973 746 1080 817 γὰρ
1105 747 1322 808 ἄτοπον,
1358 744 1458 814 τῆς
1497 742 1748 811 γνώσεως
1779 743 1846 796 δι’

276 837 540 906 ἐσόπτρου
589 838 684 890 καὶ
725 839 782 891 ἐν
827 837 1107 906 αἰνίγματι
1150 835 1256 904 (95)
1303 835 1395 886 ἐπὶ
1439 832 1532 885 τοῦ
1583 831 1848 902 παρόντος

273 933 386 992 τοῖς
431 929 602 997 ἀξίοις
650 928 1090 1000 φανερουμένης,
1126 927 1244 980 τότε
1287 927 1344 980 δὲ
1384 926 1672 997 πρόσωπον
1713 923 1849 992 πρὸς

275 1022 566 1092 πρόσωπον
607 1019 1159 1089 ἀποκαλυπτομένης,
1208 1017 1282 1088 μὴ
1341 1017 1403 1069 τὸ
1451 1015 1707 1083 ἀνάλογον
1755 1015 1848 1066 καὶ

277 1114 368 1164 ἐπὶ
413 1111 524 1163 τῶν
561 1111 760 1164 λοιπῶν
790 1111 997 1181 ἀρετῶν
1023 1113 1178 1174 νοεῖν,
1214 1109 1332 1162 τότε
1363 1109 1564 1179 κυρίως
1587 1106 1694 1158 τῶν
1724 1123 1850 1176 προ-

274 1200 854 1273 παρασκευασαμένων
892 1201 948 1252 ὲν
989 1199 1066 1268 τῷ
1107 1198 1202 1268 βίῳ
1239 1197 1411 1267 τούτῳ
1443 1195 1845 1265 τελειουμένων.

273 1288 386 1340 Μία
431 1287 494 1339 δὲ
539 1287 888 1355 κυριωτάτων
926 1286 1132 1357 ἀρετῶν
1177 1285 1317 1338 κατά
1362 1284 1452 1338 τὸν
1505 1284 1646 1338 θεῖον
1695 1282 1849 1350 λόγον

274 1379 420 1430 ἐστὶν
458 1379 490 1446 ἡ
521 1377 654 1448 πρὸς
674 1376 766 1428 τὸν
800 1375 1024 1446 πλησίον
1056 1375 1271 1444 ἀγάπη,
1317 1375 1382 1444 ἢν
1429 1373 1607 1442 πολλῷ
1652 1372 1849 1442 μᾶλλον

272 1473 561 1542 προσεῖναι
593 1472 706 1532 τοῖς
750 1469 1274 1540 προκεκοιμημένοις
1323 1469 1498 1534 ἁγίοις
1546 1467 1681 1536 πρὸς
1725 1467 1850 1528 τοὺς

273 1565 330 1614 ὲν
359 1560 466 1631 βίῳ
492 1559 938 1630 ἀγωνιζομένους,
965 1560 1258 1626 ἀναγκαῖον
1289 1561 1448 1622 νοεῖν,
1467 1557 1616 1629 παρὰ
1641 1558 1764 1620 τοὺς
1793 1559 1849 1610 ὲν

273 1655 338 1722 τῇ
367 1651 690 1724 ἀνθρωπίνῃ
719 1649 972 1719 ἀσθενείᾳ
999 1651 1390 1720 τυγχάνοντας,
1427 1648 1520 1702 καὶ
1555 1664 1850 1714 συναγωνι-

274 1742 538 1813 ζομένους
563 1745 674 1805 τοῖς
706 1741 1112 1812 ὑποδεεστέροις
1131 1757 1144 1769 °
1180 1741 1239 1794 οὐ
1285 1741 1441 1810 μόνον
1475 1738 1708 1792 ἐνταῦθα
1732 1737 1846 1801 τοῦ,

273 1835 344 1886 Εἰ
364 1833 586 1901 πάσχει
598 1832 783 1900 μέλος
802 1829 1246 1899 ἐφ’,συμπάσχει
1263 1826 1458 1883 πάντα
1473 1831 1541 1882 τὰ
1555 1831 1730 1897 μέλη,
1753 1830 1849 1883 καὶ

274 1924 327 1973 εὶ
358 1919 668 1983 δοξάζεται
693 1920 879 1989 μέλος
907 1919 995 1984 ἓν,
1019 1923 1328 1991 συνχαίρει
1348 1921 1543 1974 πάντα
1575 1919 1646 1972 τὰ
1671 1919 1847 1987 μέλη,

274 2013 391 2072 τοῖς
432 2009 772 2078 φιλαδέλφοις
819 2011 1194 2081 ἐγγινομένου·
1237 2011 1441 2082 πρέπον
1465 2011 1572 2082 γάρ
1607 2013 1718 2063 ἐστι
1760 2009 1852 2062 καὶ

277 2103 343 2171 τῇ
376 2100 486 2153 τῶν
525 2099 628 2165 ἔξω
661 2103 758 2172 τῆς
780 2103 1058 2174 παρούσης
1090 2102 1236 2172 ζωῆς
1275 2103 1460 2172 ἀγάπῃ
1490 2101 1668 2169 λέγειν
1702 2100 1809 2171 (96)
1834 2117 1849 2130 ο

292 2191 364 2244 Ἡ
382 2191 640 2261 μέριμνα
673 2193 886 2248 πασῶν
913 2193 1032 2248 τῶν
1060 2193 1400 2261 ἐκκλησιῶν
1417 2211 1430 2224 ·
1467 2193 1561 2259 Τίς
1589 2191 1850 2257 ἀσθενεῖ,

280 2281 381 2333 καὶ
413 2284 525 2335 οὐκ
540 2282 798 2345 ἀσθενῶ;
839 2283 933 2348 Τίς
959 2281 1435 2347 σκανδαλίζεται,
1471 2281 1570 2336 καὶ
1597 2283 1708 2334 οὐκ
1739 2279 1852 2350 ἐγὼ

278 2371 580 2441 πυροῦμαι
627 2390 641 2438 ;
688 2375 798 2427 Καὶ
845 2373 1016 2427 ταῦτα
1058 2374 1150 2427 τοῦ
1195 2373 1431 2445 Χριστοῦ
1468 2371 1854 2443 ὁμολογοῦντος

279 2461 408 2514 καθ’
461 2462 692 2516 ἕκαστον
752 2463 860 2517 τῶν
917 2464 1279 2518 ἀσθενούντων
1333 2465 1501 2532 ἀγίων
1565 2462 1809 2517 ἀσθενεῖν
1835 2479 1848 2491 ο

278 2550 488 2619 ὁμοίως
532 2552 625 2602 καὶ
666 2552 722 2602 ὲν
766 2551 976 2621 φυλακῇ
1007 2548 1143 2604 εἶναι
1168 2593 1182 2616 ,
1216 2552 1308 2604 καὶ
1353 2547 1856 2620 γυμνιτεύειν,ξενι-

280 2642 468 2694 τεύειν
500 2658 559 2692 τε
588 2642 680 2693 καὶ
712 2643 922 2711 πεινᾷν,
946 2643 1041 2692 κα)⁹
1073 2641 1228 2710 διψᾷν
1249 2658 1261 2671 ·
1293 2643 1376 2704 τίς
1407 2641 1515 2712 γὰρ
1543 2642 1725 2708 ἀγνοεῖ
1748 2638 1854 2693 τῶν

284 2731 723 2799 ἐντυγχανόντων
771 2731 850 2801 τῷ
888 2722 1202 2800 Εὐαγγελίῳ
1251 2733 1315 2800 τῇ
1368 2732 1449 2798 ἐφ’
1500 2730 1689 2783 ἑαυτὸν
1729 2731 1859 2783 ἀνα-

284 2824 432 2893 φορᾷ
462 2821 569 2875 τῶν
603 2821 1001 2891 συμϐαινόντων
1033 2825 1143 2884 τοῖς
1172 2819 1483 2874 πιστεύουσι
1513 2821 1856 2890 λογιζόμενον

281 2914 378 2966 τὸν
408 2913 639 2984 Χριστὸν
667 2914 774 2966 ίδια
806 2909 944 2966 εἴναι
967 2913 1300 2984 παΟήματα;
1333 2915 1394 2965 Οἱ
1415 2911 1472 2966 δὲ
1487 2911 1724 2982 ἄγγελοι
1747 2913 1854 2984 (97)

1941 651 2299 720 prOportione
2340 653 2572 720 quadam
2601 651 2668 704 de
2695 650 2923 719 reliquis
2951 650 3266 704 existimare
3293 649 3514 704 virtuti-

1949 742 2070 805 bus,
2096 742 2332 796 maxime
2353 757 2475 796 eum
2499 741 2570 796 ibi
2603 740 2956 809 perﬁciantur
2981 755 3100 811 quae
3129 751 3518 810 comparamur

1949 832 2002 885 in
2029 832 2132 886 hac
2159 833 2289 884 vita.
2313 832 2427 886 Una
2459 841 2638 886 autem
2671 845 2702 886 e
2737 831 3026 899 praecipuis
3051 832 3340 886 virtutibus
3361 831 3514 901 juxta

1949 912 2189 977 divinum
2223 935 2530 976 sermonem
2556 930 2636 976 est
2655 921 2893 975 charitas
2924 922 2975 973 in
3003 921 3329 989 proximum,
3351 935 3514 990 quam

1949 1013 1986 1066 ii
2030 1012 2117 1080 qui
2159 1011 2268 1077 jam
2321 1011 2658 1064 dormierunt
2701 1009 2876 1062 sancti
2930 1009 3098 1064 multo
3133 1010 3304 1080 magis
3337 1010 3391 1064 in
3420 1023 3517 1064 eos

1950 1104 2038 1170 qui
2075 1105 2127 1154 in
2161 1102 2270 1154 vita
2302 1101 2557 1164 militant,
2606 1100 2809 1154 habere
2845 1101 3068 1169 putandi
3099 1109 3246 1164 sunt,
3279 1114 3441 1168 quam
3479 1100 3515 1153 ii

1948 1196 2039 1265 qui
2069 1197 2364 1248 etiamnum
2395 1195 2449 1246 in
2483 1194 2718 1246 humana
2748 1202 2875 1246 sunt
2910 1192 3229 1246 inﬁrmitate
3272 1192 3518 1246 imbecil-

1953 1288 2254 1354 liorumque
2286 1299 2520 1354 pugnam
2559 1283 2857 1352 adjuvant;
2893 1297 3064 1351 neque
3104 1283 3247 1336 enim
3280 1283 3368 1336 hic
3398 1291 3519 1335 tan-

1954 1389 2062 1432 tum
2099 1377 2228 1432 illud
2277 1390 2372 1445 per
2405 1375 2701 1430 fraternam
2734 1375 3050 1432 cbaritatem
3096 1375 3353 1443 impletur
3395 1393 3410 1430 :
3456 1375 3519 1429 Si

1951 1469 2076 1537 quid
2119 1469 2320 1538 patitur
2369 1484 2529 1520 unum
2569 1471 2854 1520 membrum
2878 1506 2892 1530 ,
2920 1467 3310 1534 compatiuntur
3341 1470 3518 1519 omnia

1950 1560 2220 1622 membra;
2250 1562 2356 1613 sive
2385 1559 2644 1628 gloriatur
2676 1574 2837 1610 unum
2860 1557 3166 1621 membrum,
3188 1558 3516 1626 congaudent

1955 1652 2132 1704 omnia
2163 1652 2392 1703 membra
2423 1652 2466 1682 “’9
2493 1669 2505 1716 ;
2549 1664 2672 1702 nam
2704 1657 2757 1701 et
2789 1663 2978 1703 eorum
3013 1649 3169 1703 decet
3197 1649 3515 1703 cbaritatem

1953 1744 2040 1812 qui
2069 1759 2133 1796 ex
2170 1744 2268 1795 bac
2301 1744 2407 1794 vita
2431 1749 2786 1794 excesserunt
2811 1740 2990 1794 dicere
3017 1757 3031 1793 :
3062 1738 3374 1794 Sollicitudo
3407 1755 3519 1792 om-

1954 1835 2097 1887 nium
2125 1831 2502 1884 Erclesiarum.
2538 1830 2668 1895 Quis
2700 1830 3036 1898 inﬁrmatur,
3072 1841 3120 1884 et
3156 1845 3249 1899 ego
3290 1845 3394 1884 non
3432 1831 3518 1882 in-

1952 1924 2176 1992 ﬁrmor?
2220 1923 2339 1990 quis
2389 1923 2819 1988 scandalizatur,
2865 1930 2913 1975 et
2954 1937 3049 1991 ego
3107 1938 3209 1974 non
3252 1937 3381 1974 uror
3418 1920 3465 1953 ³⁸
3500 1919 3524 1974 2

1953 2015 2189 2068 maxime
2223 2027 2346 2067 eum
2377 2011 2626 2066 Christus
2655 2011 2930 2080 professus
2975 2011 3049 2065 sit
3089 2011 3142 2064 in
3191 2011 3434 2080 quolibet
3461 2025 3520 2064 se

1954 2112 2260 2159 sanctorum
2294 2103 2510 2158 inﬁrmo
2537 2100 2813 2155 inﬁrmmn
2838 2115 2992 2165 esse;
3028 2088 3341 2170 pariterque
3375 2109 3432 2155 et
3461 2100 3516 2155 in

1955 2211 2178 2252 carcere
2213 2210 2332 2250 esse
2356 2204 2410 2249 et
2439 2195 2639 2248 nudum
2667 2201 2723 2248 et
2747 2193 3013 2261 hospitem
3046 2203 3100 2247 et
3130 2193 3341 2248 esurire
3363 2201 3419 2248 et
3448 2196 3524 2247 si-

1958 2289 2080 2342 tire.
2111 2287 2242 2354 Quis
2265 2287 2411 2342 enim
2443 2286 2695 2354 ignorat,
2729 2285 2821 2353 qui
2865 2285 3025 2338 modo
3053 2284 3401 2354 Evangelium
3438 2286 3519 2340 le-

1954 2380 2112 2448 gerit,
2148 2378 2215 2432 ad
2245 2393 2306 2434 se
2335 2379 2541 2432 referre
2568 2375 2845 2430 Christum
2865 2389 2986 2442 quae
3011 2375 3360 2430 credentibus
3382 2378 3526 2429 acci-

1955 2471 2089 2523 dunt
2117 2477 2169 2522 et
2198 2467 2413 2537 propria
2447 2465 2745 2536 reputare?
2777 2464 2833 2519 Si
2860 2466 3032 2534 angeli
3065 2466 3154 2520 Dei
3194 2476 3525 2519 accesserunt

1958 2561 2020 2612 ad
2048 2558 2265 2624 Jesum,
2306 2566 2355 2612 et
2396 2557 2768 2610 ministrabant
2792 2557 2840 2608 ei
2864 2556 2951 2620 δίς
2993 2571 3092 2610 nec
3139 2557 3242 2610 hoc
3279 2556 3527 2610 ministe—

1957 2650 2106 2702 rimn
2158 2649 2226 2702 ad
2276 2649 2440 2704 breve
2470 2655 2680 2716 tempus
2724 2662 2996 2716 corporea:
3023 2647 3221 2701 Christi
3257 2647 3396 2700 inter
3422 2647 3525 2701 bo-

1958 2737 2130 2791 mines
2163 2735 2592 2790 conversationis
2617 2774 2633 2799 ,
2672 2744 2727 2790 et
2759 2752 2882 2790 cum
2911 2738 3087 2790 adhuc
3121 2746 3240 2790 erat
3266 2737 3320 2790 in
3349 2737 3530 2792 medio

1958 2825 2310 2891 credentium,
2346 2841 2450 2881 non
2482 2828 3007 2891 utrecumbens,sed
3036 2836 3093 2880 ut
3121 2827 3521 2896 ministram”,

1957 2920 2184 2988 angelos
2209 2919 2531 2988 praestitisse
2557 2921 2851 2989 putandum
2876 2928 2991 2973 est:
3023 2930 3154 2989 quot
3181 2919 3400 2990 angelos
3429 2934 3525 2974 ve-

283 3005 394 3059 τοῦ
451 3003 596 3057 Θεοῦ
646 3003 1081 3071 προσελθόντες
1146 3002 1226 3068 τῷ
1282 3003 1475 3069 Ἰησοῦ
1535 3003 1855 3070 διηκόνουν

1961 3008 2190 3062 risimile
2229 3015 2312 3062 est
2364 3006 2764 3075 ipsi'colligere
2801 3005 2940 3061 ﬁlios
2988 3006 3152 3060 Israel
3205 3005 3519 3073 singillatim

285 3093 466 3160 αὐτῷ,
501 3096 594 3148 καὶ
622 3094 696 3164 μὴ
740 3093 949 3164 πρέπον
979 3093 1125 3146 ἐστὶν
1161 3095 1310 3164 ἡμᾶς
1339 3094 1474 3162 πρὸς
1509 3093 1686 3162 ὀλίγον
1712 3097 1851 3146 νοεῖν

286 3185 568 3254 γεγονέναι
601 3186 699 3256 τὴν
727 3185 834 3237 τῶν
866 3182 1108 3252 ἀγγέλων
1147 3183 1280 3254 πρὸς
1309 3183 1398 3236 τὸν
1449 3183 1654 3254 Ἰησοῦν
1684 3184 1857 3237 διακο-

287 3277 409 3330 νίαν
433 3316 447 3339 ,
478 3276 576 3345 τῆς
608 3275 922 3345 σωματικῆς
969 3273 1131 3328 αὐτοῦ
1167 3273 1317 3345 παρά
1343 3271 1648 3344 ἀνθρώποις
1679 3275 1854 3344 ἐπιδη-

291 3365 421 3436 μίας
442 3405 456 3430 ,
503 3367 598 3419 καὶ
643 3365 806 3419 αὐτοῦ
849 3365 926 3417 ἔτι
959 3367 1017 3417 έν
1051 3365 1200 3435 μέσῳ
1227 3365 1334 3417 τῶν
1369 3365 1726 3418 πιστευόντων
1758 3365 1855 3434 οὐχ

287 3458 364 3520 ὡς
391 3457 768 3526 ἀνακειμένου,
797 3456 909 3509 ἀλλ’
951 3457 1026 3519 ὼς
1073 3455 1440 3520 διακονοῦντος
1463 3472 1477 3486 ο
1516 3457 1710 3520 πόσους
1745 3456 1854 3527 (98)

289 3547 441 3610 εἰκὸς
474 3546 757 3615 ἀγγέλους,
788 3545 1168 3611 διακονοῦντας
1211 3547 1290 3616 τῷ
1331 3546 1502 3617 Ἰησοῦ
1554 3545 1857 3616 βουλομένῳ

290 3637 548 3706 συνάγειν
575 3639 702 3700 τοὺς
727 3637 874 3701 υἱοὺς
910 3638 1124 3712 Ἰσραὴλ
1149 3637 1290 3692 κατά
1310 3639 1406 3692 ἕνα
1437 3638 1533 3692 ἕνα
1563 3639 1656 3692 κα)¹
1685 3639 1860 3709 ἀθροί-

291 3728 404 3793 ζειν
448 3730 572 3791 τοὺς
611 3729 718 3782 ἀπὸ
760 3729 860 3800 τῆς
891 3729 1216 3800 διασπορᾶς,
1254 3729 1378 3793 τούς
1408 3747 1468 3782 τε
1498 3729 1859 3800 φοϐουμένους

291 3821 383 3873 καὶ
415 3819 875 3890 ἐπικαλουμένους
905 3819 1150 3884 σώζοντι,
1201 3821 1398 3892 μᾶλλον
1418 3821 1525 3874 τῶν
1548 3822 1860 3875 ἀποστόλων

294 3914 575 3982 συνεργεῖν
606 3915 672 3983 τῇ
703 3910 925 3983 αὐξήσει
955 3912 1147 3983 καὶτῷ
1179 3912 1478 3983 πληθυσμῷ
1499 3914 1600 3984 τῆς
1642 3913 1862 3984 Ἐκκλη·

295 4003 438 4066 σίας,
467 4003 540 4066 ὡς
564 4005 658 4056 καὶ
699 4004 1042 4074 προεπῶτάς
1069 4021 1218 4068 τινας
1255 4004 1363 4057 τῶν
1411 4004 1739 4076 Ἐκκλησιῶν
1765 4007 1862 4074 ἀγ-

293 4096 487 4165 γέλους
503 4097 752 4166 λέγεσθαι
777 4098 924 4168 παρά
941 4097 1016 4167 τῷ
1030 4098 1249 4171 Ἰωάννῃ
1266 4101 1322 4151 ὲν
1342 4103 1406 4170 τῇ
1425 4102 1824 4170 Ἀποκαλύψει
1843 4117 1862 4164 ;

295 4183 373 4242 Οὐ
410 4187 518 4258 γάρ
569 4187 742 4257 μάτην
769 4183 818 4240 οἱ
847 4188 1064 4256 ἄγγελοι
1104 4189 1198 4242 τοῦ
1231 4189 1361 4241 Θεοῦ
1398 4191 1740 4245 ἀναϐαίνουσι
1772 4193 1864 4247 καὶ

299 4278 685 4333 καταϐαίνουσι
723 4280 816 4332 ἐπὶ
841 4279 929 4332 τὸν
960 4279 1088 4332 Υίὺν
1113 4279 1206 4332 τοῦ
1244 4279 1528 4351 ἀνθρώπου
1551 4323 1565 4343 ,
1601 4283 1864 4353 ὁρώμενοι

1957 3099 2156 3153 volenti
2193 3107 2249 3152 et
2287 3112 2385 3153 eos
2418 3111 2751 3167 congregare
2793 3097 2881 3165 qui
2910 3112 2978 3150 ex
3003 3096 3336 3164 dispersione
3367 3103 3514 3160 sunt,

1956 3189 2310 3259 servantique
2337 3190 2588 3244 timentes
2616 3198 2777 3258 atque
2821 3187 3165 3249 invocantes,
3207 3185 3522 3240 ministrare

1957 3292 2011 3336 et
2055 3280 2288 3349 amplius
2330 3280 2492 3334 etiam
2525 3294 2686 3346 quam
2738 3276 3014 3345 apostolos
3054 3275 3392 3330 collaborare
3422 3291 3524 3328 au-

1957 3369 2144 3440 genda:
2185 3367 2440 3423 Ecclesiae
2472 3375 2526 3422 et
2552 3367 3010 3436 multiplicandae;
3041 3365 3179 3420 adeo
3211 3374 3269 3419 ut
3302 3365 3524 3434 angelos

1958 3461 2210 3517 l‘leclesiis
2255 3465 2518 3530 quosdam
2562 3474 2795 3527 praeesse
2837 3457 3071 3513 Joannes
3100 3457 3154 3510 in
3202 3455 3526 3527 Apocalypsi

1957 3555 2102 3608 dicat
2125 3553 2213 3606 8"2
2242 3554 2422 3621 Neque
2449 3553 2593 3608 enim
2644 3551 2847 3604 frustra
2884 3547 3062 3617 angeli
3093 3547 3188 3601 Dei
3222 3548 3524 3599 ascendunt

1961 3661 2014 3702 et
2049 3646 2386 3702 descendunt
2427 3658 2590 3713 super
2637 3641 2830 3696 Filium
2861 3640 3095 3694 hominis
3126 3638 3210 3704 ⁸⁸,
3247 3637 3530 3691 illustratis

1960 3743 2203 3798 scientia:
2242 3741 2361 3794 luce
2387 3739 2560 3794 oculis
2589 3735 2880 3806 perspicui.
2919 3734 2998 3788 llli
3046 3734 3208 3803 igitur
3239 3733 3354 3802 ipso
3397 3748 3528 3786 ora-

1962 3835 2125 3890 tionis
2178 3841 2456 3902 tempore,
2490 3827 2558 3883 ab
2605 3843 2669 3883 eo
2696 3827 2788 3895 qui
2839 3826 3182 3895 oratquibus
3230 3825 3346 3894 ipse
3389 3824 3534 3877 indi-

1963 3934 2086 3996 geat
2116 3923 2397 3989 admoniti,
2429 3934 2550 3990 qua:
2577 3926 2818 3986 possunt,
2845 3918 3006 3972 veluti
3032 3917 3272 3986 generali
3303 3925 3529 3985 accepto

1965 4017 2236 4080 mandato,
2262 4014 2570 4083 perﬁciunt.
2602 4010 2873 4064 Utendum
2902 4011 3064 4065 etiam
3083 4009 3347 4077 ejusmodi
3374 4007 3530 4062 simi-

1965 4106 2190 4160 litudine
2215 4119 2322 4174 quo
2350 4105 2752 4159 demonstretur
2785 4101 2956 4172 magis
2985 4100 3115 4169 quid
3143 4098 3526 4167 intelligamus.

1965 4199 2262 4269 Fingamus
2302 4207 2505 4266 aegroto
2545 4212 2642 4265 pro
2685 4194 2860 4250 salute
2896 4189 3207 4252 deprecanti
3261 4186 3527 4240 medicum

1967 4287 2394 4357 adessejustitia:
2417 4289 2752 4340 studiosum:
2778 4283 3040 4338 scientem
3059 4281 3221 4332 etiam
3245 4295 3352 4346 quo
3376 4290 3533 4345 pacto

297 4375 410 4435 τοῖς
440 4370 516 4441 τῷ
546 4371 683 4440 φωτὶ
714 4370 811 4440 τῆς
831 4369 1080 4438 γνώσεως
1104 4372 1531 4446 πεφωτισμένοις
1548 4351 1855 4444 ὀφθαλμοῖς.

1973 4379 2173 4432 mederi
2203 4383 2452 4445 oporteat
2481 4377 2694 4440 morbo,
2723 4374 2878 4442 cujus
2910 4385 3072 4425 causa
3102 4371 3192 4424 ille
3227 4368 3386 4438 215
3417 4367 3537 4420 iun-

299 4464 411 4517 Καὶ
444 4462 572 4533 παρ’
610 4462 769 4515 αὐτὸν
793 4459 884 4514 οῦν
912 4463 1002 4515 τὸν
1033 4462 1342 4533 καιρὸν.τῆς
1369 4463 1531 4535 εὐχῆς
1563 4466 1864 4537 ὑπομιμνη-

305 4553 556 4622 σκόμενοι
592 4553 695 4605 ὑπὸ
722 4551 814 4604 τοῦ
846 4552 1136 4622 εὐχομένου
1171 4546 1246 4608 ὧν
1278 4554 1444 4609 δεῖται
1487 4559 1516 4609 ὁ
1553 4557 1860 4627 εὐχόμενος,

303 4644 338 4697 ἃ
374 4645 624 4697 δύνανται
657 4645 733 4707 ὡς
781 4643 1070 4714 καθολικὴν
1103 4645 1380 4716 εἰληφότες
1424 4648 1639 4720 ἐντολὴν
1693 4650 1867 4703 ὲπιτε-

305 4735 472 4789 λοῦσι.
504 4735 778 4806 Χρηστέον
808 4734 871 4806 δὴ
908 4735 1072 4788 εἰκόνι
1114 4738 1217 4788 τινὶ
1247 4737 1467 4811 τοιαύτῃ
1492 4741 1571 4802 είς
1593 4739 1683 4792 τὸν
1710 4740 1865 4808 λόγον

306 4821 490 4876 τοῦτον
512 4822 646 4892 πρὸς
661 4821 721 4874 τὸ
742 4821 1136 4893 παραδέξασθαι
1153 4824 1258 4894 (99)
1284 4827 1343 4879 τὸ
1367 4829 1684 4899 νενοημένον
1711 4832 1862 4900 ἡμῖν.

309 4911 566 4982 Παρέστω
601 4929 683 4975 τις
718 4912 898 4984 ἰατρὸς
929 4912 1267 4985 δικαιοσύνης
1307 4917 1674 4988 πεφροντικὼς
1715 4923 1866 4992 εὐχο-

380 5053 426 5084 ’¹⁸
452 5053 491 5106 ll
527 5053 661 5108 Mac.
697 5069 802 5127 _y_tv_,
836 5054 920 5108 M.
979 5051 1078 5127 "1
1097 5054 1222 5108 Cor.
1243 5071 1316 5110 xu
1337 5099 1349 5120 ,
1375 5057 1465 5112 26.
1541 5060 1586 5093 ⁸ο
1615 5060 1656 5114 ll
1676 5062 1798 5116 Cor.
1831 5080 1855 5116 χ

1961 5060 2031 5116 ιε.
2111 5062 2154 5093 ⁸⁸
2185 5060 2376 5115 Matth.
2409 5075 2482 5125 tv,
2518 5061 2605 5114 Η.

311 5121 454 5177 Siet
481 5139 514 5175 ιι
569 5130 619 5176 1.
694 5123 741 5154 ⁸⁸
767 5123 922 5178 Joan.
955 5141 991 5189 I,
1020 5123 1108 5178 '52.

382 5261 496 5333 (95)
547 5266 867 5334 Atr-[man
921 5262 1042 5334 Sic,
1075 5263 1239 5317 habet
1297 5263 1474 5334 codex
1529 5275 1631 5334 ms.
1693 5262 1870 5334 Editio

315 5330 491 5387 autem
525 5330 880 5397 Omtiiénsis,
903 5333 1234 5402 (αἰνίγμασι.
1297 5330 1496 5385 Ibidem
1534 5333 1651 5402 τοῖς
1683 5330 1869 5396 ἀξίοις,

319 5403 578 5456 Dominus
608 5403 864 5458 Claudius
895 5401 1097 5470 Fleury'
1120 5402 1353 5470 legebat,
1386 5402 1496 5470 τοῖς
1510 5401 1712 5467 ἁγίοις.

387 5471 496 5544 (96)
541 5471 668 5527 Post
702 5473 922 5544 verbum
966 5469 1150 5544 Aerem
1179 5469 1192 5531 ,
1243 5471 1408 5544 editio
1436 5469 1760 5544 Oxeniensis
1790 5469 1874 5544 in-

320 5536 404 5595 lra'
437 5536 603 5596 uncos
644 5543 804 5595 habet
828 5580 843 5602 ,
888 5541 920 5609 ἡ
959 5539 1308 5604 ἐπισύστασίς
1345 5556 1444 5609 μου
1493 5537 1688 5609 ὴχκαθ⁹
1732 5536 1870 5607 ἡμέ-

320 5627 434 5681 ραν.
465 5613 569 5665 Sed
601 5613 728 5666 illttd
758 5627 878 5664 cmn
910 5607 1051 5681 absit
1088 5611 1154 5662 ab
1185 5607 1432 5678 ()rigeiiis
1464 5607 1650 5665 cedice
1678 5622 1871 5662 manu-

214 5729 218 5737 .
319 5677 536 5752 set'ipto,
568 5699 597 5737 e
631 5692 779 5737 textu
811 5677 1191 5749 expunximus.

1973 4471 2051 4522 dit
2081 4482 2290 4535 preces.
2325 4465 2672 4533 Perspicuum
2719 4471 2802 4517 est
2833 4477 2956 4516 eum
3006 4461 3072 4513 ad
3107 4461 3252 4512 illum
3289 4461 3380 4528 qui
3413 4469 3537 4512 orat

1971 4559 2270 4614 sanandum
2326 4557 2612 4622 impulsum
2656 4554 2761 4620 iri,
2818 4552 3186 4621 suspicantem
3243 4550 3381 4614 [orte
3428 4565 3535 4603 non

1975 4665 2130 4715 vane,
2160 4651 2262 4705 hoc
2293 4649 2463 4719 ipsum
2493 4647 2604 4701 Deo
2632 4647 2685 4700 in
2713 4645 2896 4698 animo
2917 4658 3062 4705 esse,
3097 4656 3218 4695 cum
3246 4641 3386 4695 illius
3418 4655 3537 4708 pre-

1973 4757 2064 4796 ces
2107 4740 2410 4795 exaudierit
2456 4738 2546 4808 qui
2590 4751 2619 4789 a
2666 4743 2854 4790 morbo
2889 4733 3110 4788 liberari
3138 4734 3394 4802 postulat.
3432 4733 3539 4785 Ant

1975 4849 2162 4888 eorum
2198 4831 2396 4900 aliquis
2418 4831 2508 4897 qui
2545 4830 2704 4883 rebus
2729 4827 2792 4880 ad
2819 4827 2984 4879 vitam
3017 4825 3342 4878 necessariis
3371 4823 3540 4876 abun-

1975 4925 2143 4987 dant,
2205 4922 2358 4991 isque
2408 4921 2671 4984 liberalis,
2711 4917 2962 4988 pauperis
3009 4916 3307 4971 orationem
3359 4915 3541 4969 audiat

2684 5057 2728 5089 δ’
2759 5055 2889 5111 Luc.
2915 5069 3050 5119 χιιι,
3079 5054 3169 5107 97.
3247 5051 3475 5121 "Apoc.
3501 5067 3540 5118 ι,

2039 5262 2152 5382 (97)
2185 5263 2249 5312 οι
2281 5259 2348 5312 δὲ
2372 5257 2627 5328 ἄγγελοι.
2679 5257 2820 5327 Lego
2845 5271 2966 5311 cum
2983 5255 3249 5321 Bentleio,
3273 5258 3322 5308 ει
3355 5255 3410 5308 δὲ
3440 5257 3538 5324 ἄγ-

2073 5347 2139 5382 οι.

2012 5347 2139 5382 εΑοι.

1974 5346 2160 5470 γεῖὲἕ)
2187 5398 2446 5470 Πόσους.
2481 5396 2578 5470 ξίο,
2602 5396 2938 5470 rectehabet
2967 5396 3138 5448 codex
3171 5407 3272 5445 ms.
3305 5408 3317 5454 ;
3354 5406 3543 5460 perpe-

1978 5465 2093 5522 ram
2124 5465 2251 5521 vero
2283 5469 2450 5521 editio
2479 5465 2827 5527 Oxoniensis,
2858 5466 3028 5533 πόσῳ.

2049 5537 2160 5608 (99)
2192 5535 2662 5603 Παραδέξασθαι.
2713 5535 2790 5608 Ita
2819 5527 3036 5600 quidem
3087 5529 3349 5608 scriptum
3379 5538 3472 5608 est
3493 5527 3544 5578 in

1979 5596 2179 5675 codice
2213 5596 2617 5675 manuscripto,
2664 5604 2757 5675 sed
2804 5596 3015 5675 sensus
3051 5596 3326 5675 postulat,
3371 5607 3548 5662 παρα-

1977 5673 2272 5740 δείξασθαι,
2307 5685 2367 5730 ιιι
2398 5667 2620 5742 scripsit
2647 5672 2824 5727 editor
2847 5667 3193 5724 Oxonieusis.
