3974 6160
413 200 516 260 451

422 325 591 379 Deum
631 336 734 393 pro
772 321 839 377 iis
883 321 1079 391 quibus
1130 316 1332 387 indiget
1395 314 1746 386 deprecantis

420 417 587 471 etiam
618 413 964 469 manifestum
996 421 1077 464 est
1120 419 1300 462 votum
1339 408 1593 476 pauperis
1641 407 1993 476 impleturum

423 506 585 577 quasi
617 515 854 576 paternre
887 503 1083 555 divitue
1135 499 1427 555 voluntatis
1474 498 1807 552 ministrum.
1853 498 1996 553 Deus

423 597 570 651 enim
602 608 684 652 est
710 595 799 664 qui
831 591 1091 647 orationis
1142 600 1384 659 tempore
1427 599 1721 657 utrumque
1756 590 1808 642 in
1837 605 2000 644 eum-

427 692 550 745 dem
582 687 808 742 adduxit
838 684 1012 738 locum
1043 695 1100 737 et
1126 683 1216 752 qui
1250 693 1395 746 orat,
1431 692 1488 738 et
1520 683 1609 752 qui
1637 683 1884 748 pratbere
1913 696 2003 751 po-

432 791 537 837 test
574 794 673 832 nec
699 791 811 845 prie
849 774 1020 828 animi
1063 774 1396 828 liberalitate
1423 774 1566 827 valet
1600 773 1791 826 harum
1823 786 2000 825 rerum

427 870 759 937 indigentem
801 872 1180 918 contemnere.
1216 861 1286 917 Ut
1333 864 1497 932 igitur
1535 864 1649 916 haec
1678 876 1799 915 cum
1844 860 1999 926 ﬁunt,

427 974 531 1012 non
564 971 692 1011 casu
724 954 839 1009 ﬁeri
876 954 1117 1022 putanda
1148 961 1297 1018 sunt,
1332 968 1456 1005 cum
1492 952 1537 1006 is
1568 952 1654 1006 cui
1690 960 2001 1030 sanctorum

426 1048 603 1113 capilli
634 1047 818 1115 capitis
845 1061 1024 1099 omnes
1056 1044 1317 1097 numerati
1339 1050 1461 1096 sunt
1484 1042 1557 1107 ⁸⁸,
1585 1043 1648 1095 ad
1680 1042 1857 1110 ipsum
1887 1055 2006 1094 ora-

426 1138 587 1191 tionis
624 1146 837 1204 tempus
871 1145 997 1203 apte
1026 1131 1334 1202 .ronjungat
1361 1139 1739 1200 attentumque
1765 1130 2005 1200 prmbeat

424 1228 604 1295 egenti
639 1226 983 1293 ﬁdeliterque
1013 1222 1327 1292 deprecanti
1359 1237 1482 1275 eum
1520 1222 1610 1290 qui
1645 1222 1729 1276 sui
1757 1222 2006 1276 minister

429 1318 681 1375 beneﬁcii
726 1317 945 1370 futurus
992 1316 1063 1370 sit
1100 1331 1114 1379 ;
1166 1312 1247 1367 sic
1292 1312 1719 1367 existimandum
1747 1320 1843 1380 .est
1870 1327 2004 1366 con-

419 1411 575 1482 jungi
625 1407 922 1477 aliquando
961 1406 1299 1473 inspectores
1346 1404 1549 1471 Deique
1594 1402 1876 1457 ministros
1905 1417 2004 1456 an-

425 1501 576 1570 gelos
610 1509 661 1552 et
689 1505 990 1568 praesentes
1018 1493 1155 1548 cllici
1185 1494 1311 1549 huic
1345 1492 1507 1548 alicui
1538 1493 1739 1557 oranti,
1769 1500 1826 1545 ut
1859 1492 1910 1545 in
1942 1507 2035 1546 ea-

426 1591 741 1660 c0nspirent
771 1603 892 1658 qua!
917 1589 1007 1658 qui
1039 1598 1154 1641 orat
1190 1586 1572 1656 postulaverit.
1609 1585 1716 1639 Sed
1745 1593 1800 1637 et
1825 1585 2009 1638 unius-

1885 197 2213 255 ORIGENIS

1790 332 1806 378 ;
1854 316 1998 371 hunc
2028 320 2075 377 Α
2105 314 2252 385 μένῳ
2276 314 2537 385 κάμνοντι
2560 317 2688 389 περὶ
2720 319 2819 390 τῆς
2853 320 3059 390 ὑγείας,
3091 319 3400 389 ἐπιστήμην
3425 314 3565 386 ἔχων
3587 316 3678 371 τοῦ

3578 197 3683 252 ιέἱΞ

2102 402 2160 456 ὃν
2186 403 2268 456 δεῖ
2297 404 2498 475 τρόπον
2532 405 2888 479 Θεραπεῦσαι,
2925 412 3052 482 περὶ
3080 402 3142 463 οὗ
3174 412 3203 463 ό
3244 409 3392 462 δεῖνα
3421 405 3678 477 ἀναφέρει

2100 495 2199 565 τὴν
2226 494 2392 565 εὐχὴν
2427 497 2754 569 νοσήματος.
2790 502 3028 572 Φανερὺν
3058 501 3123 573 δὴ
3148 541 3163 566 ,
3197 502 3278 555 ὅτι
3329 498 3678 570 κινηθήσεται

2100 580 2255 650 οὗτος
2282 587 2419 657 πρὸς
2449 589 2512 642 τδ
2536 590 2789 646 ἰάσασθαι
2820 593 2910 646 τὸν
2935 593 3229 665 εὐξάμενον
3249 632 3264 657 ,
3300 590 3440 660 τάχα
3477 589 3539 643 οὐ
3577 589 3680 659 μά·

2100 693 2199 747 την
2223 677 2509 732 ὑπολαϐὼν
2536 680 2618 733 ὅτι
2652 679 2797 735 τοῦτ’
2827 683 2957 735 αὐτὸ
2989 682 3211 752 γέγονεν
3239 684 3296 735 ἐν
3323 681 3399 752 νῷ
3423 680 3521 734 τοῦ
3545 677 3681 734 Θεοῦ

2102 766 2507 831 ἐπακούσαντος
2534 766 2636 839 τῆς
2662 770 2828 840 εὐχῆς
2858 771 2952 824 τοῦ
2985 772 3082 842 τὴν
3114 769 3435 841 ἀπαλλαγὴν
3467 771 3567 841 τῆς
3594 770 3683 824 νό-

2106 873 2200 910 σου
2231 859 2483 927 γενέσθαι
2526 860 2675 931 αὐτῷ
2715 862 3034 933 εὐξαμένου.
3072 863 3144 915 Ἦ
3182 862 3289 915 τῶν
3326 861 3684 932 κεκτημένων

2103 966 2187 1011 τις
2214 949 2282 1002 τὰ
2304 950 2403 1021 τῆς
2425 951 2517 1004 τοῦ
2546 952 2661 1022 βίου
2691 954 2882 1024 χρείας
2907 954 2999 1006 ἐπὶ¹
3035 954 3216 1007 πλεῖον
3248 955 3342 1007 καὶ
3371 952 3691 1016 κοινωνικὸς,

2104 1039 2346 1092 ἀκουέτω
2370 1042 2537 1112 εὐχῆς
2566 1044 2795 1114 πένητος
2831 1046 2924 1098 καὶ
2954 1046 3080 1117 περὶ
3117 1045 3225 1099 τῶν
3261 1044 3459 1117 χρειῶν
3490 1045 3687 1113 ἀναφέ-

2108 1147 2290 1201 ροντος
2322 1130 2560 1197 ἔντευξιν
2577 1133 2656 1204 τῷ
2688 1135 2807 1205 Θεῷ
2830 1149 2842 1165 ⁸
2879 1136 3038 1205 δῆλον
3067 1137 3152 1207 δὴ,
3187 1137 3267 1189 ὅτι
3295 1137 3391 1189 καὶ
3431 1130 3588 1198 οὗτος
3620 1136 3685 1189 τά

2106 1223 2202 1292 τῆς
2237 1224 2402 1294 εὐχῆς
2429 1225 2773 1297 ἐκπληρώσει
2803 1227 2880 1298 τῷ
2906 1229 3135 1299 πένητι,
3164 1228 3445 1299 ὑπηρέτης
3474 1227 3688 1298 γινόμε-

2105 1329 2193 1375 νος
2216 1313 2314 1383 τῆς
2343 1316 2614 1386 πατρικῆς
2642 1316 2855 1388 βουλῆς,
2889 1319 3284 1387 συναγαγόντος
3315 1318 3392 1390 (1)
3430 1316 3573 1371 κατὰ
3597 1316 3687 1370 τὸν

2105 1401 2296 1473 καιρὸν
2346 1404 2445 1474 τῆς
2486 1405 2652 1476 εὐχῆς
2692 1405 2782 1461 τὸν
2828 1410 3131 1478 παρασχεῖν
3157 1407 3448 1478 δυνάμενον
3497 1408 3588 1460 ἐπὶ
3629 1406 3687 1460 τὸ

2106 1497 2235 1550 αὐτὸ
2263 1496 2340 1567 τῷ
2366 1497 2639 1569 εὐξομένῳ
2674 1499 2746 1569 (2)
2767 1539 2781 1564 ,
2815 1499 2905 1552 διά
2927 1516 2985 1552 τε
3013 1498 3074 1552 τὸ
3103 1499 3275 1564 δεξιὸν
3302 1500 3399 1570 τῆς
3432 1498 3689 1571 προαιρέ-

2111 1606 2246 1653 σεως
2273 1591 2346 1661 μὴ
2376 1591 2674 1662 δυνάμενον
2719 1593 2966 1664 παρορᾷν
3008 1592 3099 1645 τὸν
3147 1592 3467 1662 δεδεημένον
3522 1592 3687 1646 τῶνδε

427 1680 693 1750 cujusque
722 1679 970 1750 angelus,
1001 1680 1170 1733 etiam
1204 1691 1392 1732 eorum
1430 1676 1520 1743 qui
1554 1675 1607 1729 in
1635 1672 1875 1729 Ecclesia
1908 1689 2003 1743 pu—

2117 1681 2288 1736 τινῶν.
2325 1684 2536 1754 ’Ὠσπερ
2566 1680 2660 1737 οὖν
2702 1683 2875 1738 ταῦτα
2911 1684 2971 1738 οὐ
3020 1682 3161 1736 κατὰ
3204 1684 3492 1754 συντυχίαν
3530 1701 3688 1755 νομι-

428 1770 531 1828 silli
562 1780 726 1835 sunt,
760 1785 960 1839 semper
1000 1770 1178 1822 videns
1216 1767 1405 1836 faciem
1437 1767 1617 1820 Patris
1656 1767 1745 1835 qui
1775 1768 1828 1819 in
1861 1766 2002 1820 (telis

428 1869 506 1914 est
531 1859 616 1926 ⁸⁸,
658 1859 863 1928 Deique
893 1855 1194 1914 conditoris
1243 1857 1414 1912 nostri
1449 1857 1791 1911 divinitatem
1833 1856 2003 1925 inspi-

429 1951 612 2016 ciens,
638 1959 760 2003 orat
803 1949 1082 2004 nobiscum
1112 1962 1166 2002 et
1200 1949 1265 2003 iis
1303 1963 1424 2016 qme
1471 1947 1703 2017 petimus
1735 1956 2001 2016 quantum

428 2050 605 2109 potest
635 2041 751 2097 ﬁeri
782 2043 1102 2097 collaborat.

2110 1773 2261 1831 στέον
2302 1774 2547 1842 γίνεσθαι
2585 1776 2674 1828 ὅτε
2724 1775 2968 1844 γίνεται·
3011 1775 3119 1829 τοῦ
3162 1776 3559 1845 ἠριθμηκότος
3611 1776 3688 1846 (3)

2105 1863 2308 1929 πάσας
2333 1865 2440 1931 τὰς
2471 1866 2675 1935 τρίχας
2707 1866 2819 1935 τῆς
2845 1866 2954 1920 τῶν
2995 1867 3165 1937 ἁγίων
3208 1866 3475 1937 κεφαλῆς
3513 1870 3687 1939 ἁρμο-

2111 1951 2239 2016 νίως
2262 1953 2334 2024 (4)
2362 1954 2757 2022 συναγαγόντος
2784 1956 2934 2027 παρὰ
2956 1955 3049 2011 τὸν
3073 1957 3262 2029 καιρὸν
3291 1958 3392 2028 τῆς
3414 1958 3581 2030 εὐχῆς
3599 1960 3689 2012 τὸν

2114 2044 2390 2116 ὑπηρέτην
2420 2046 2676 2116 ἐσόμενον
2705 2047 2784 2118 τῷ
2813 2047 3050 2118 δεομένῳ
3075 2050 3174 2118 τῆς
3197 2050 3440 2113 εὐποιίας
3466 2050 3569 2121 τῆς
3595 2044 3689 2104 ἀπ’

428 2131 615 2199 αὐτοῦ,
646 2134 995 2188 είσακούοντα
1024 2135 1101 2200 τῷ
1133 2135 1337 2199 πιστῶς
1368 2136 1677 2207 δεδεημένῳ
1702 2134 1777 2207 (5)
1798 2152 1811 2164 ·
1839 2134 2013 2198 οὓτως
2047 2136 2387 2215 ὑποληπτέον
2434 2138 2761 2208 συνάγεσθαί
2802 2157 2931 2193 ποτε
2980 2140 3089 2193 τῶν
3132 2143 3573 2198 ἐπισκοπούντων
3599 2146 3691 2198 καὶ

428 2222 883 2295 λειτουργούντων
920 2226 996 2296 τῷ
1038 2225 1158 2297 Θεῷ
1200 2227 1447 2296 ἀγγέλων
1491 2229 1794 2299 παρουσίαν
1831 2230 1907 2300 τῷ
1949 2230 2007 2283 δέ
2047 2248 2151 2284 τινι
2189 2230 2298 2284 τῶν
2363 2231 2702 2302 εὐχομένων,
2756 2237 2842 2290 ἵνα
2889 2233 3304 2304 συμπνεύσωσιν
3363 2231 3445 2300 οἷς
3484 2240 3513 2290 6
3539 2238 3692 2309 εὐχό-

431 2331 591 2384 μενος
623 2314 870 2384 ἠξίωσεν.
931 2316 1091 2370 Ἀλλὰ
1131 2317 1224 2370 καὶ¹
1265 2319 1294 2371 6
1341 2318 1572 2372 ἑκάστου
1614 2319 1876 2387 ἄγγελος,
1917 2322 2011 2375 καὶ
2056 2321 2165 2375 τῶν
2204 2324 2262 2375 ἐν
2303 2325 2368 2393 τῇ
2421 2322 2715 2395 Ἐκκλησία
2751 2323 2980 2395 μικρῶν,
3033 2324 3321 2390 διαπαντὸς
3381 2327 3592 2397 βλέπων
3630 2328 3690 2382 τὸ

428 2409 721 2479 πρόσωπον
752 2410 846 2464 τοῦ
877 2412 1091 2484 Πατρὸς
1134 2412 1228 2467 τοῦ
1275 2414 1332 2466 ἐν
1387 2417 1501 2476 τοῖς
1555 2415 1836 2486 οὐρανοῖς,
1889 2417 1983 2469 καὶ
2016 2416 2218 2489 ἐνορῶν
2257 2416 2350 2470 τοῦ
2399 2416 2682 2481 κτίσαντος
2727 2419 2872 2489 ἡμᾶς
2908 2418 3009 2488 τὴν
3047 2418 3316 2491 θειότητα,
3377 2421 3688 2493 συνεύχεταί

429 2526 489 2562 τε
521 2512 651 2581 ἡμῖν
676 2508 771 2561 καὶ
805 2508 1147 2580 συμπράττει
1177 2508 1235 2560 ἐν
1265 2502 1346 2571 οἷς
1370 2508 1595 2563 δυνατόν
1621 2512 1736 2564 ἐστι
1766 2511 1896 2582 περὶ
1935 2504 2012 2566 ὧν
2032 2512 2321 2583 εὐχόμεθα.

504 2604 588 2659 12.
621 2603 824 2658 Praeter
861 2604 977 2658 haec
1009 2616 1130 2670 qua:
1159 2601 1358 2658 virtute
1398 2603 1556 2672 plena
1587 2613 1739 2671 sunt,
1771 2606 2013 2660 arbitror

430 2694 565 2762 ipsis
587 2695 765 2750 verbis
785 2694 1054 2750 orationis
1076 2704 1415 2763 sanctorum,
1444 2696 1680 2751 maxime
1700 2711 1825 2751 cum
1850 2712 2013 2752 oran-

431 2791 515 2839 tes
549 2794 708 2839 orant
735 2785 930 2854 spiritu
955 2794 1010 2839 et
1042 2795 1248 2852 mente,
1283 2787 1461 2841 inesse
1489 2787 1725 2841 divinam
1755 2788 2011 2843 virtutem

431 2890 572 2946 qua,
598 2875 718 2931 luce
740 2877 808 2931 ab
832 2877 1044 2933 orantis
1065 2879 1390 2948 cogitatione
1404 2887 1618 2946 exorta,
1644 2894 1712 2933 ex
1735 2879 2014 2949 ipsiusque

432 2983 530 3026 ore
547 2971 770 3034 emissa,
798 2965 1046 3041 spiritale
1069 2973 1382 3039 exstinguat
1403 2971 1552 3025 virus
1574 2970 1717 3039 quod
1753 2971 2015 3029 adversa-

344 3066 345 3069 “
433 3068 532 3122 riae
580 3074 887 3137 potestates
925 3078 1114 3119 eorum
1167 3063 1439 3119 inStillant
1479 3063 1678 3121 animis
1720 3065 1813 3130 qui
1858 3078 2018 3120 orare

435 3157 739 3228 negligunt,
766 3171 869 3211 nec
895 3156 946 3210 id
969 3158 1266 3210 observant
1290 3157 1434 3224 quod
1459 3156 1658 3212 Paulus
1679 3170 2018 3227 consequen-

437 3259 523 3304 ter
566 3252 632 3303 ad
685 3248 891 3304 Christi
955 3247 1162 3303 monita
1213 3245 1404 3301 dicit:
1459 3246 1585 3301 Sine
1631 3249 2018 3303 intermissione

435 3332 583 3395 erata
606 3342 677 3395 "'.
712 3341 954 3396 Scientia
1006 3340 1176 3405 enim,
1216 3340 1358 3395 ratio
1407 3347 1500 3395 aut
1540 3340 1673 3395 ﬁdes
1713 3340 1915 3395 emittit
1951 3342 2017 3395 ab

434 3436 647 3490 orantis
696 3434 872 3489 sancti
928 3434 1110 3488 anima
1150 3433 1421 3505 quoddam
1453 3433 1618 3487 veluti
1657 3432 1846 3499 telum,
1873 3435 2017 3502 quod

434 3528 502 3581 ad
533 3528 830 3596 perniciem
870 3541 1042 3597 usque
1084 3534 1139 3581 et
1184 3526 1465 3580 interitum
1492 3525 1738 3580 vulneret
1763 3524 2017 3579 inimicos

438 3619 554 3673 Deo
575 3620 796 3688 spiritus
824 3619 915 3687 qui
942 3633 1039 3674 nos
1063 3617 1269 3688 peccati
1294 3616 1498 3686 laqueis
1536 3615 1750 3670 irretire
1770 3615 2015 3684 cupiunt.

437 3707 613 3763 Porro
632 3724 756 3763 cum
788 3709 1006 3764 virtutis
1046 3719 1205 3764 actus
1237 3719 1614 3778 praeceptaque
1644 3706 1937 3777 adimpleta
1964 3707 2017 3760 in

439 3800 702 3854 orationis
747 3809 957 3869 partem
998 3802 1240 3866 veniant,
1295 3800 1389 3854 ille
1438 3801 1558 3854 sine
1606 3798 2019 3853 intermissione

440 3897 587 3956 orat,
608 3890 701 3958 qui
730 3890 929 3944 debitis
952 3890 1212 3956 operibus
1243 3893 1550 3945 orationem
1579 3890 1779 3959 jungit,
1816 3890 2018 3946 oratio-

440 3984 609 4052 nique
637 3983 1022 4039 convenientes
1048 3983 1328 4048 actiones;
1357 3983 1497 4037 istud
1532 3984 1700 4046 enim,
1724 3983 1834 4034 sine
1854 3981 2019 4033 inter-

439 4075 690 4128 missione
723 4087 889 4140 orate,
922 4073 1024 4127 hoc
1063 4088 1172 4127 uno
1198 4074 1359 4127 modo
1399 4082 1459 4126 ut
1491 4080 1820 4141 przeceptum
1857 4070 2021 4141 216

439 4168 700 4238 possibile
743 4182 1037 4239 possumus
1080 4167 1353 4233 accipere,
1401 4178 1597 4231 nempe
1635 4163 1681 4218 si
1720 4161 2020 4216 dixerimus

441 4270 612 4316 totam
637 4262 739 4315 viri
777 4259 950 4315 sancti
976 4260 1142 4313 vitam
1173 4272 1336 4311 unam
1362 4257 1598 4327 aliquam
1626 4270 1875 4325 magnam
1900 4270 2020 4310 esse

2187 2607 2330 2679 Πρὸς
2360 2608 2417 2662 δέ
2453 2609 2662 2673 τούτοις
2699 2609 2980 2677 δυνάμεως
3019 2608 3479 2681 πεπληρωμένους
3510 2608 3583 2682 (6)
3606 2626 3694 2662 νο-

2122 2699 2260 2769 μίζω
2290 2701 2414 2764 τοὺς
2444 2700 2635 2770 λόγους
2660 2702 2758 2772 τῆς
2779 2700 2887 2753 τῶν
2917 2701 3083 2768 ἁγίων
3113 2700 3298 2770 εὐχῆς,
3334 2698 3568 2769 μάλιστα
3604 2699 3694 2752 ὅτε

2119 2790 2566 2861 προσευχόμενοι,
2601 2790 2869 2861 πνεύματι
2914 2789 3301 2861 προσεύχονται
3344 2787 3437 2843 καὶ
3478 2788 3557 2859 τῷ
3590 2785 3690 2853 νοῒ,

2120 2881 2261 2951 φωτί
2307 2881 2651 2935 ἀνατέλλοντι
2697 2880 2806 2934 ἀπὸ
2851 2882 2953 2952 τῆς
2989 2879 3085 2933 τοῦ
3126 2880 3418 2951 εὐχομένου
3460 2879 3695 2944 διανοίας

2118 2972 2213 3026 καὶ
2242 2971 2481 3043 προῖόντι
2512 2974 2578 3025 ἐκ
2610 2972 2873 3042 στόματος
2920 2972 3107 3038 αὐτοῦ,
3151 2971 3442 3025 ὑπεκλύειν
3469 2970 3695 3042 δυνάμει

2118 3060 2253 3116 Θεοῦ
2282 3062 2375 3116 τὸν
2401 3063 2671 3133 ἐνιέμενον
2703 3064 2892 3133 νοητὸν
2928 3064 3003 3117 ίὸν
3035 3063 3142 3117 ἀπὸ
3168 3063 3276 3117 τῶν
3305 3061 3697 3133 ἀντικειμένων

2116 3147 2397 3218 δυνάμεων
2430 3147 2506 3219 τῷ
2543 3149 2854 3221 ἡγεμονικῷ
2887 3150 2994 3205 τῶν
3033 3150 3378 3222 ἀμελούντων
3417 3151 3512 3205 τοῦ
3542 3150 3698 3222 εὐχε-

2126 3239 2270 3304 σθαι,
2321 3241 2415 3294 καὶ
2450 3239 2530 3305 τὸ,
2572 3240 2977 3305 Ἀδιαλείπτως
3012 3244 3443 3313 προσεύχεσθε,
3471 3242 3696 3298 ἀκολού-

2119 3331 2227 3393 θως
2256 3333 2377 3394 ταῖς
2405 3329 2500 3384 τοῦ
2545 3331 2718 3402 Ἰησοῦ
2750 3335 3090 3404 προτροπαῖς
3130 3334 3418 3406 εἰρημένον
3620 3335 3698 3406 τῷ

2117 3420 2317 3493 Παύλῳ
2345 3423 2419 3493 μὴ
2445 3422 2840 3491 φυλαττόντων.
2878 3425 3128 3495 Ὢσπερεὶ
3158 3426 3266 3497 γὰρ
3291 3425 3440 3496 βέλος
3466 3427 3574 3481 ἀπὸ
3602 3429 3698 3498 τῆς

2118 3513 2211 3566 τοῦ
2254 3514 2565 3593 εὐχομένου.
2591 3515 2774 3586 ψυχῆς
2805 3518 2872 3586 τῇ
2912 3514 3109 3584 γνώσει
3155 3519 3249 3571 καὶ
3281 3518 3356 3589 τῷ
3399 3519 3542 3589 λόγῳ
3572 3520 3604 3590 ἢ
3631 3523 3696 3592 τῇ

2119 3605 2301 3657 πίστει
2338 3607 2550 3677 πρόεισι
2577 3607 2685 3661 ἀπὸ
2720 3607 2813 3660 τοῦ
2850 3607 3026 3677 ἁγίου,
3057 3607 3356 3678 τιτρῶσκον
3382 3611 3473 3663 ἐπὶ
3506 3610 3699 3663 καθαι-

2121 3697 2268 3768 ρέσει
2300 3697 2377 3768 (Ἰ)
2411 3698 2506 3751 καὶ
2533 3698 2827 3753 καταλύσει
2859 3698 2928 3752 τὰ
2959 3699 3126 3773 ἐχθρὰ
3148 3701 3224 3772 τῷ
3248 3701 3366 3772 Θεῷ
3391 3702 3697 3773 πνεύματα,

2119 3790 2232 3851 τοῖς
2257 3789 2357 3859 τῆς
2388 3790 2659 3861 ἁμαρτίας
2692 3790 2911 3862 δεσμοῖς
2940 3792 3251 3863 περιϐαλεῖν
3278 3795 3426 3863 ἡμᾶς
3457 3793 3699 3849 θέλοντα.

2133 3881 2514 3945 Ἀδιαλείπτως
2543 3882 2599 3935 δὲ
2632 3883 2995 3954 προσεύχεται
3028 3884 3124 3955 (8),
3146 3885 3241 3936 καὶ
3270 3884 3377 3938 τῶν
3394 3884 3569 3955 ἔργων
3600 3887 3700 3956 τῆς

2120 3974 2338 4046 ἀρζετῆς,
2372 3974 2405 4044 ἢ
2435 3974 2542 4027 τῶν
2569 3974 2800 4029 ἐντολῶν
2834 3975 2943 4029 τῶν
2978 3977 3408 4047 ἐπιτελουμένων
3436 3978 3515 4039 εἰς
3534 3977 3702 4048 εὐχῆς

2120 4066 2648 4137 ἀναλαμϐανομένων
2690 4068 2872 4139 μέρος,
2916 4069 2945 4120 6
3006 4069 3291 4122 συνάπτων
3335 4071 3447 4131 τοῖς
3491 4068 3702 4121 δέουσιν

2120 4156 2299 4229 ἔργοις
2326 4158 2423 4231 τὴν
2457 4159 2642 4231 εὐχὴν,
2677 4160 2770 4213 καὶ
2803 4162 2868 4230 τῇ
2901 4160 3032 4231 εὐχῇ
3074 4159 3173 4223 τὰς
3205 4159 3520 4231 πρεπούσας
3556 4161 3701 4231 πρά-

2122 4249 2251 4314 ξεις’
2277 4252 2417 4304 οὕτω
2438 4251 2545 4324 γὰρ
2570 4253 2744 4322 μόνως
2762 4252 2841 4315 τὸ,
2861 4251 3245 4315 ἀδιαλείπτως
3266 4251 3697 4319 προσεύχεσθε,

439 4353 752 4407 continuam
774 4353 1104 4419 orationem,
1127 4352 1283 4422 cujus
1303 4352 1470 4405 etiam
1496 4364 1623 4418 pars
1645 4350 1716 4403 sit
1736 4363 1854 4416 quae
1876 4348 2012 4404 solet

2119 4341 2435 4407 ἐκδέξασθαι
2476 4342 2753 4413 δυνάμεθα
2787 4343 2862 4405 ὼς
2907 4343 3132 4396 δυνατὸν
3178 4342 3236 4395 ὃν
3294 4344 3609 4414 εἰρημένον,
3652 4344 3699 4395 εί

439 4446 616 4499 oratio
637 4446 841 4510 vocari,
870 4455 926 4501 et.
963 4461 1086 4516 qua:
1129 4460 1237 4500 non
1279 4444 1457 4497 minus
1496 4457 1658 4511 quam
1699 4450 1780 4496 ter
1803 4456 2018 4510 quaque

442 4537 529 4590 die
562 4538 678 4591 ﬁeri
703 4538 863 4592 debet
901 4540 1083 4607 :quod
1109 4553 1176 4592 ex
1210 4535 1430 4590 Daniele
1470 4534 1814 4589 manifestum
1838 4541 1923 4587 est
1950 4532 2015 4596 ⁸³,

443 4628 535 4694 qui
575 4637 725 4683 tanto
765 4629 867 4683 sibi
894 4628 1138 4698 periculo
1171 4629 1520 4696 impendente
1543 4626 1716 4680 tribus
1761 4626 2021 4693 tempori-

443 4718 544 4771 bus
564 4732 662 4787 per
685 4719 829 4773 diem
871 4720 1084 4775 orabat.
1130 4719 1196 4773 Et
1236 4721 1428 4777 Petrus
1466 4717 1751 4773 ascendens
1784 4717 1838 4769 in
1864 4730 2018 4782 supe-

2124 4434 2301 4488 πάντα
2323 4434 2412 4487 τὸν
2440 4433 2552 4502 βίον
2579 4434 2673 4487 τοῦ
2708 4435 2862 4502 ἁγίου
2906 4435 3034 4505 μίαν
3082 4435 3491 4506 συναπτομένην
3531 4434 3699 4506 μεγά-

2124 4526 2223 4596 λην
2255 4525 2501 4596 εἴποιμεν
2532 4526 2697 4597 εὐχήν
2716 4543 2729 4556 ’
2759 4524 2827 4600 ἦς
2859 4527 3022 4597 εὐχῆς
3054 4527 3213 4598 μέρος
3243 4527 3356 4579 ἐστὶ
3395 4528 3489 4580 καὶ
3519 4529 3551 4597 ή
3581 4543 3698 4579 συν-

2126 4617 2270 4687 ήθως
2298 4617 2670 4690 ὀνομαζομένη
2712 4618 2865 4690 εὐχὴ,
2896 4620 2995 4672 οὐκ
3041 4618 3257 4673 ἔλαττον
3298 4619 3391 4672 τοῦ
3430 4620 3548 4690 τρὶς
3576 4618 3698 4671 ἐκά-

2130 4726 2259 4781 στης
2281 4690 2493 4781 ἡμέρας
2515 4711 2874 4765 ἐπιτελεῖσθαι
2906 4709 3207 4779 ὀφείλουσιν
3237 4710 3310 4781 (9)
3333 4727 3346 4740 ’
3380 4711 3517 4782 ὅπερ
3545 4710 3694 4780 δῆλόν

516 4876 564 4910 ⁸⁸
591 4876 787 4934 Matth.
817 4892 849 4930 κ
871 4917 886 4942 ,
915 4877 1004 4933 5i.
1080 4879 1127 4911 ⁸⁸
1156 4877 1347 4933 Matth.
1373 4891 1500 4932 xvut
1524 4916 1538 4941 ,
1575 4874 1664 4929 10.
1742 4872 1788 4904 ³⁷
1819 4870 2012 4926 Thess.

2144 4872 2231 4926 l7.
2308 4870 2356 4901 ⁸⁸
2392 4871 2523 4926 Dan.
2556 4886 2641 4936 Vl,
2672 4870 2760 4924 15.

515 5039 1095 5111 (1)Συναγαγόντος.
1139 5042 1281 5111 Lege
1323 5056 1444 5095 eum
1495 5038 1740 5097 Bentleio
1762 5039 1843 5094 vel
1892 5054 2018 5093 σειν-

446 5110 759 5182 αγαγούσης
792 5112 875 5182 vel
902 5113 993 5164 τοῦ
1022 5110 1442 5180 συναγαγόντος.

517 5178 953 5253 (2)Εὺξομένῳ,
992 5192 1096 5253 ειν.
1144 5178 1446 5253 διεξιοιιεκ
1497 5194 1600 5234 ms.
1649 5178 1828 5233 Editio
1886 5192 2019 5233 vero

446 5251 647 5314 Oxum,
676 5251 978 5322 εὐξαμένῳ,
1014 5251 1100 5306 διὰ
1122 5253 1184 5304 τὸ
1214 5251 1405 5314 δεξιόν.

518 5324 595 5392 (5)
634 5319 1065 5392 Ἠριθιὶηκότος.
1101 5322 1175 5392 lla
1210 5333 1355 5376 recte
1384 5320 1550 5375 codex
1582 5319 2020 5392 manuscriplus;

449 5388 732 5463 perperam
761 5388 888 5463 vero
917 5394 1084 5463 editio
1114 5391 1462 5447 Oxoniensis.
1496 5388 1887 5463 ἠριθμηκότου.

518 5457 597 5536 (τί)
640 5462 978 5536 ᾍρμσνίως.
1016 5462 1160 5536 Lego
1189 5479 1311 5515 eum
1336 5457 1913 5536 Bent!eib,ﬁppo§ig;.

517 5526 595 5603 (ἕ
618 5526 750 5603 Τῆς(
773 5533 873 5586 ἀπ’
894 5526 1122 5598 αὐτοῖς
1134 5536 1527 5603 εἰσακούονεα
1558 5527 1639 5593 τῷ
1662 5526 1911 5603 πιστῶς-
1933 5526 2025 5603 δε-

449 5598 731 5671 (Samnis-qi.
772 5604 863 5659 Sic
901 5606 1063 5659 habet
1102 5607 1272 5659 codex
1312 5618 1416 5656 ms.
1464 5602 1514 5654 in
1552 5614 1658 5670 quo
1713 5598 1850 5652 male
1901 5600 2027 5667 legit

2121 5036 2298 5162 ἓὲίέιοι*
2325 5037 2674 5158 ἓκοιιὶεηεὲε,
2706 5039 2795 5090 ἐπ’
2827 5039 3015 5106 αὐτοῦ,
3042 5039 3392 5093 είσακούοντα
3420 5038 3499 5109 τῷ
3529 5057 3684 5092 πισττε

2215 5125 2322 5162 enti.
2356 5124 2450 5162 νω.

2163 5124 2833 5287 ιῖῗίτῖᾓζὲἒίῑηρωμένους.
2870 5177 3016 5249 Lego
3054 5193 3175 5233 eum
3207 5177 3473 5244 Bentleio,
3493 5177 3674 5248 πεπλη

2163 5265 2412 5301 ωμννοις.

2256 5264 2276 5287 ο
2347 5266 2361 5300 ι
2400 5288 2412 5299 .

2129 5264 2671 5389 ρωίιῧνῗίιῖθαιρέσει.
2705 5315 2796 5371 Sic
2825 5319 2993 5389 rolex
3025 5333 3127 5389 ms.
3158 5328 3215 5372 et
3240 5329 3407 5386 recte;
3436 5316 3576 5373 male
3607 5332 3673 5369 au

2028 5456 2029 5459 η
2132 5388 2245 5459 tem
2268 5390 2437 5443 editio
2460 5388 2807 5452 Oxnniensis,
2837 5388 3186 5459 καθαρεύσει.

2204 5458 2280 5529 (8)
2321 5459 2740 5529 Προσεύχεται.
2785 5460 2859 5512 Ita
2914 5457 3087 5514 codex
3142 5475 3242 5514 ms.
3293 5457 3474 5512 Editio
3522 5466 3685 5511 auten

2133 5527 2333 5590 Oxoin,
2372 5528 2782 5599 προσεύχεσθαι.

2207 5600 2281 5670 (9)
2329 5596 2682 5667 essetnam.
2718 5599 2859 5668 Lego
2891 5613 3014 5655 cum
3037 5598 3301 5669 Bentleio,
3323 5596 3631 5669 ὀφείλουσα.
