3974 6160
292 241 404 297 453

1454 253 1788 312 “BELLUS
1829 257 1915 310 DE
1951 258 2325 315 ()RATIONE.

3469 266 3577 326 ιδι

289 355 450 410 ἐστιν
481 357 553 412 ὲκ
587 359 692 413 τῶν
723 361 864 414 κατὰ
891 360 980 415 τὸν
1009 361 1557 434 Δανιὴλ,τηλικούτου
1585 370 1871 442 ὲπηρτημέ

2003 375 2144 428 riora
2191 387 2246 428 ut
2287 386 2456 430 oraret
2494 377 2632 430 circa
2669 377 2855 431 lteram
2895 387 3132 444 sextam,
3172 396 3294 434 cum
3333 383 3466 437 vidit
3509 400 3578 438 es

287 464 386 500 νου
422 448 584 520 αὐτῷ
615 451 878 516 κινδύνου,
903 453 1213 523 εὐχόμενον,
1241 456 1359 526 τρὶς
1391 456 1492 526 τῆς
1519 460 1746 532 ἡμέρας.
1784 465 1894 517 Καὶ

289 541 318 592 ὁ
350 540 577 612 Πέτρος
597 542 654 594 δὲ
681 544 1019 598 ἀναϐαίνων
1044 548 1132 611 είς
1156 545 1222 599 τὸ
1247 546 1412 616 δῶμα
1435 549 1550 616 τὴν
1581 550 1762 618 ἕκτην
1781 553 1891 625 (10)

291 633 782 699 προσεύξασθαι,
830 635 929 690 ὅτε
977 638 1076 690 καὶ
1117 637 1239 706 ὥρα
1279 638 1392 708 (11)
1437 640 1504 692 τὸ
1541 641 1610 705 ἐξ
1633 645 1892 710 οὐρανοῦ

290 723 662 792 καθιέμενον
692 727 913 794 σκεῦος
941 729 1220 797 τέτρασιν
1255 730 1365 802 (12)
1394 729 1608 800 ἀρχαῖς
1629 735 1894 804 καθιέμε-

286 831 424 877 νον,
459 817 766 888 παρίστησι
799 819 898 891 τὴν
933 820 1106 890 μέσην
1135 821 1242 874 τῶν
1271 822 1438 893 τριῶν
1464 823 1629 894 εὐχὴν
1658 825 1756 895 τὴν
1786 827 1892 896 πρὸ

285 908 463 961 αὑτοῦ
497 911 598 963 καὶ
628 911 779 982 παρὰ
804 912 897 964 τοῦ
930 913 1093 966 Δαυὶδ
1126 913 1238 985 (15)
1269 913 1566 986 λεγομένην
1589 931 1602 944 ·
1642 915 1713 969 Τὸ
1742 917 1893 984 πρωῒ

281 1002 638 1072 είσακούσῃ
694 1002 804 1072 τῆς
829 1004 1180 1073 προσευχῆς
1219 1023 1369 1075 μου·
1411 1005 1477 1058 τὸ
1511 1007 1663 1074 πρωῒ
1703 1019 1889 1076 παρα-

281 1093 611 1163 στήσομαι
642 1110 740 1148 σοι
783 1095 881 1150 καὶ
909 1096 1240 1167 ἐπόψομαιο
1287 1099 1380 1152 καὶ
1426 1099 1526 1168 τῆς
1570 1099 1888 1164 τελευταίας

280 1183 640 1257 δηλουμένης
695 1187 782 1241 διὰ
831 1187 958 1241 τοῦ’
1006 1190 1301 1257 Ἔπαρσις
1341 1189 1460 1243 τῶν
1512 1190 1726 1258 χειρῶν
1765 1209 1886 1259 μου

279 1277 478 1331 θυσία
506 1277 821 1346 ἐσπερινή.
871 1278 1009 1332 Ἀλλ’
1041 1280 1159 1333 οὐδὲ
1197 1282 1288 1334 τὸν
1325 1281 1425 1351 τῆς
1469 1281 1664 1344 νυκτὸς
1697 1282 1886 1352 καιρὸν

279 1367 459 1439 χωρὶς
485 1368 698 1440 ταύτης
716 1369 816 1440 τῆς
847 1370 1010 1441 εὐχῆς
1036 1371 1381 1442 καθηκόντως
1404 1373 1725 1443 διανύσομεν
1750 1373 1884 1444 (14),

278 1457 378 1510 τοῦ
440 1460 551 1529 μὲν
596 1461 757 1513 Δαυὶδ
808 1461 1084 1529 λέγοντοςο
1141 1464 1551 1518 Μεσονύκτιον
1603 1464 1892 1533 ἐξεγειρό-

1998 466 2123 519 cwlo
2151 468 2466 522 descendens
2499 486 2590 523 vas
2630 479 2852 538 quatuor
2893 469 3058 523 initiis
3090 471 3324 525 submitti
3344 471 3424 539 ⁸⁹.;
3457 489 3572 528 me-

1999 556 2142 611 diam
2164 572 2194 612 e
2221 559 2394 614 tribus
2423 562 2722 616 orationem
2745 563 2963 618 exhibet
2999 579 3162 633 quam
3191 571 3244 617 et
3268 574 3396 618 ante
3421 565 3571 619 illum

2000 647 2166 705 David
2227 649 2750 708 commemoraverat
2799 671 2814 708 :
2878 655 3038 709 Mane
3099 656 3346 709 exaudies
3401 671 3574 710 vocem

1995 752 2202 801 meam;
2230 755 2382 793 mane
2421 741 2602 794 astabo
2642 741 2736 794 tibi
2763 751 2812 794 et
2836 743 3016 798 videbo
3039 743 3113 797 ".
3140 742 3338 798 Ultima
3361 759 3574 814 quoque

1995 829 2309 882 ostenditur
2352 831 2436 884 his
2487 831 2712 886 verbis:
2744 831 2982 887 Elevatio
3029 850 3280 888 manuum
3334 851 3570 888 mearum

1999 919 2320 988 sacriﬁcium
2361 925 2714 990 vespertinum
2746 923 2816 975 οι.
2862 924 2968 978 Sed
3006 941 3182 994 neque
3231 929 3405 981 noctis
3441 936 3570 981 ιοιιμ

1995 1025 2096 1079 pus
2140 1010 2258 1065 sine
2313 1013 2416 1066 hoc
2443 1014 2705 1080 orationis
2751 1027 2948 1082 genere
2995 1026 3144 1071 recte
3183 1019 3566 1087 transigemus,

1996 1115 2119 1154 cum
2152 1100 2320 1155 David
2355 1102 2501 1157 dicat
2531 1121 2544 1158 :
2584 1104 2765 1158 Media
2800 1113 2952 1157 nocte
2992 1107 3268 1173 surgebam
3308 1109 3376 1160 ad
3407 1111 3569 1179 conﬁ-

1993 1190 2205 1244 tendum
2238 1193 2333 1246 tibi
2363 1210 2518 1262 super
2540 1194 2748 1262 judicia
2765 1196 2987 1263 justititc
3009 1205 3110 1249 tua:
3130 1198 3212 1263 ⁹³;
3234 1199 3570 1254 etPaulusin

1992 1281 2217 1337 Actibus
2243 1285 2612 1352 apostolorum
2641 1286 2854 1340 dicatur
2881 1286 3150 1354 Philippis
3199 1289 3374 1341 media
3415 1301 3572 1344 nocte

1997 1387 2115 1425 cum
2149 1371 2258 1426 Sila
2292 1389 2477 1429 orasse
2509 1384 2562 1428 et
2593 1375 2848 1430 laudasse
2881 1377 3073 1441 Deum,
3102 1377 3176 1430 ita
3219 1387 3278 1431 ut
3319 1381 3573 1435 audirent

1998 1476 2092 1516 eos
2114 1465 2205 1531 qui
2242 1466 2292 1518 in
2324 1466 2574 1521 custodia
2608 1476 2760 1520 erant
2789 1468 2861 1521 9‘.

218 1627 228 1632 μ
271 1568 407 1619 μην
448 1551 564 1604 τοῦ
603 1552 1092 1622 ἐξομολογεῖσθαι
1122 1571 1224 1608 σοι
1245 1555 1345 1608 ἐπὶ
1382 1556 1454 1610 τὰ
1489 1557 1740 1626 κρίματα
1771 1555 1880 1624 τῆς
1922 1555 2309 1624 δικαιοσύνης
2338 1573 2482 1611 σου·
2545 1558 2640 1610 τοῦ
2683 1559 2739 1612 δὲ
2777 1559 3012 1623 Παύλου,
3062 1562 3136 1623 ὡς
3185 1563 3241 1613 ὲν
3279 1565 3398 1626 ταῖς
3425 1565 3572 1634 Πρά‹

277 1647 402 1711 ξεσι
460 1648 575 1702 τῶν
623 1648 935 1702 ἀποστόλων
988 1649 1220 1721 εἴρηται,
1286 1652 1427 1706 κατὰ
1462 1653 1524 1705 τὸ
1571 1652 1920 1723 μεσονύκτιον
1972 1653 2087 1721 ἅμα
2141 1651 2220 1722 τῷ
2259 1653 2389 1724 Σίλα
2436 1654 2493 1707 ἐν
2533 1653 2818 1717 Φιλίπποις
2868 1657 3296 1726 προσευχομένου
3340 1657 3432 1713 καὶ
3464 1659 3570 1726 ὑμ-

275 1739 513 1804 νοῦντος
545 1741 634 1820 τον
662 1740 812 1808 Θεὸν,
845 1741 986 1795 ὥστε
1018 1743 1392 1814 ἐπακροᾶσθαι
1427 1745 1603 1799 αὐτῶν
1634 1746 1727 1798 καὶ
1754 1747 1880 1808 τοὺς
1918 1745 2191 1816 δεσμίους.

351 1835 422 1887 ΕΞ
465 1833 528 1886 δὲ
573 1833 778 1905 Ἰησοῦς
828 1835 1209 1907 προσεύχεται,
1243 1839 1338 1892 καὶ
1378 1837 1451 1909 μὴ
1495 1840 1669 1910 μάτην
1713 1855 1874 1909 προσ⁴

2055 1839 2141 1892 15.
2168 1836 2321 1905 Quod
2357 1838 2402 1892 si
2433 1836 2594 1893 Jesus
2621 1848 2741 1914 orat
2783 1853 2882 1893 nec
2923 1849 3045 1894 orat
3081 1838 3306 1899 frustra,
3341 1839 3434 1894 sed
3471 1852 3569 1907 per

276 1925 515 1996 εύχεται
547 1928 828 1998 τυγχάνων
871 1922 946 1982 ὧν
989 1930 1131 1982 αἰτεῖ
1177 1929 1264 1984 διὰ
1300 1931 1394 1984 τοῦ
1440 1930 1711 2001 εὔχεσθαι,
1741 1931 1881 2000 τάχα

276 2017 384 2071 οὐκ
413 2019 484 2072 ἂν
518 2019 653 2075 αὐτὰ
695 2019 931 2091 εἰληφὼς
961 2021 1130 2092 χωρὶς
1175 2022 1361 2093 εὐχῆς,
1394 2022 1477 2085 τίς
1508 2022 1664 2094 ἡμῶν
1704 2021 1880 2092 ἀμελῇ

275 2106 379 2161 τοῦ
424 2108 718 2179 εὗχεσθαι;
756 2110 982 2182 Μάρκος
1018 2112 1114 2182 μὲν
1146 2113 1253 2182 γάρ
1286 2129 1469 2182 φησιν,
1493 2115 1574 2166 ὅτι
1604 2111 1762 2180 Πρωῒ
1787 2113 1884 2166 ἕν-

277 2217 489 2270 νυχον
508 2202 650 2256 λίαν
679 2203 946 2270 ἀναστὰς
975 2205 1196 2272 ἐξῆλθε
1227 2205 1326 2258 καὶ
1360 2204 1597 2274 ἀπῆλθε
1625 2207 1712 2271 εὶς
1743 2205 1880 2274 em-

272 2309 404 2360 μον
437 2293 647 2360 τόπον,
683 2293 858 2348 κάκεῖ
889 2297 1300 2363 προσηύχετο·
1337 2297 1366 2347 ὁ
1403 2295 1458 2348 δὲ
1500 2297 1713 2360 Λουκᾶς
1735 2313 1746 2330 ·
1771 2298 1880 2350 Καὶ

277 2383 533 2452 ἐγένετο
564 2384 634 2437 ἐν
669 2383 748 2449 τῷ
779 2381 930 2439 εἶναι
971 2387 1156 2439 αὐτὸν
1191 2387 1262 2440 ἐν
1292 2387 1453 2452 τόπῳ
1488 2388 1600 2440 τινὶ
1624 2401 1882 2454 προσευ-

276 2476 577 2544 χόμενον,
625 2478 705 2543 ὡς
755 2477 1081 2543 ἐπαύσατο,
1132 2473 1263 2531 εἶπέ
1307 2496 1398 2544 τις
1441 2477 1560 2531 τῶν
1604 2479 1883 2548 μαθητῶν

277 2560 484 2618 αὑτοῦ
516 2565 666 2631 πρὸς
709 2565 924 2617 αὐτόν·
979 2565 1073 2617 καὶ
1123 2566 1180 2617 ὲν
1225 2565 1438 2628 ἄλλοις·
1475 2567 1584 2620 Καὶ
1635 2564 1713 2635 ἦν
1757 2566 1882 2619 δια-

275 2655 670 2720 νυκτερεύων
687 2654 756 2706 ἐν
775 2653 848 2722 τῇ
880 2655 1190 2723 προσευχῇ
1212 2655 1317 2708 τοῦ
1349 2655 1516 2709 Θεοῦ.
1546 2657 1604 2708 ὐ
1626 2657 1682 2708 δὲ
1713 2657 1885 2710 Ἰωάν-

278 2765 390 2819 νης
421 2748 586 2820 εὐχὴν
616 2748 779 2801 αὐτοῦ
801 2749 1106 2819 ἀναγράφει
1132 2750 1301 2817 λέγων
1325 2767 1337 2778 ·
1372 2749 1559 2804 Ταῦτα
1577 2748 1886 2816 ἐλάλησεν

278 2844 315 2894 ὀ
349 2840 616 2908 Ἰησοῦς,
650 2840 750 2894 καὶ
778 2841 1002 2909 ἐπάρας
1035 2842 1176 2908 τοὺς
1203 2840 1547 2910 ὀφθαλμοὺς
1585 2841 1772 2894 αὐτοῦ
1796 2843 1884 2907 εὶς

277 2931 397 2985 τὸν
421 2932 701 2999 οὐρανὸν,
721 2929 876 2985 εἷπε·
898 2932 1090 3001 Πάτερ
1107 2973 1122 2998 ,
1146 2933 1448 3000 ἐλήλυθεν
1476 2935 1513 3000 ἠ
1537 2932 1678 3000 ὥρα,
1706 2933 1884 2999 δόξα-

277 3025 406 3078 σόν
426 3039 542 3079 σου
563 3025 671 3078 τὸν
702 3024 856 3088 Υίὸν,
891 3023 992 3077 ἵνα
1021 3023 1114 3077 καὶ
1150 3027 1183 3077 ό
1213 3024 1344 3088 Υἱός
1369 3038 1484 3076 σου
1502 3022 1735 3092 δοξάσῃ
1768 3039 1843 3077 σε
1861 3039 1875 3054 ο

280 3117 382 3169 καὶ
407 3116 488 3170 τό·
504 3115 709 3188 ’ῌδειν
727 3115 795 3168 δὲ
820 3114 908 3167 ὅτι
931 3112 1185 3168 πάντοτέ
1203 3131 1314 3182 μου
1339 3114 1596 3179 ἀκούεις,
1626 3112 1775 3186 παρὰ
1798 3114 1877 3184 τῷ

1985 1931 2285 1985 orationem
2333 1931 2498 1999 petita
2549 1931 2933 1999 consequitur,
2972 1933 3090 1986 sine
3138 1931 3386 1985 oratione
3429 1929 3568 1984 forte

1985 2037 2092 2076 non
2126 2030 2455 2090 accepturus
2484 2039 2498 2075 :
2531 2021 2654 2090 quis
2687 2034 2932 2077 nostrum
2966 2038 3124 2076 orare
3163 2022 3438 2092 negligat?
3475 2023 3566 2074 Ait

1985 2112 2128 2166 enim
2173 2111 2424 2192 Marcus:
2453 2111 2523 2164 Et
2561 2112 2800 2166 diluculo
2847 2114 2996 2167 valde
3038 2130 3274 2182 surgens,
3327 2130 3562 2182 egressus

1985 2207 2112 2259 abiit
2145 2207 2199 2260 in
2237 2207 2500 2261 desertum
2530 2205 2727 2271 locum,
2763 2208 2937 2277 ibique
2961 2210 3144 2263 orabat
3173 2210 3243 2266 °‘.
3268 2208 3439 2263 Lucas
3468 2223 3566 2261 au-

1988 2306 2092 2352 tem
2121 2315 2136 2352 :
2165 2297 2232 2350 Et
2263 2298 2460 2366 factum
2497 2309 2573 2352 est
2616 2314 2733 2350 cum
2753 2309 2882 2352 esset
2910 2299 2963 2352 in
2990 2301 3218 2369 quodam
3241 2299 3352 2352 loco
3380 2314 3560 2358 orans.

1985 2395 2039 2440 ut
2066 2389 2307 2454 cessavit,
2341 2387 2474 2440 dixit
2513 2403 2650 2440 unus
2687 2403 2752 2440 ea:
2781 2388 3056 2457 discipulis
3090 2392 3202 2456 ejus
3234 2391 3301 2440 ad
3333 2405 3450 2440 eunt
3476 2387 3560 2451 9';

1983 2491 2038 2532 et
2099 2478 2276 2533 alibi:
2328 2477 2398 2531 Et
2454 2489 2567 2532 erat
2617 2489 2925 2548 pernoctans
2981 2480 3036 2532 in
3086 2480 3319 2532 oratione
3365 2478 3462 2531 Dei
3490 2479 3562 2532 ".

1985 2567 2220 2624 Joannes
2269 2585 2400 2624 vero
2452 2571 2751 2626 orationem
2804 2571 2920 2639 ejus
2970 2571 3229 2624 describit
3272 2585 3396 2624 cum
3431 2571 3557 2624 ait:

1986 2656 2115 2712 Haec
2149 2657 2356 2714 locutus
2381 2669 2457 2713 est
2485 2661 2661 2728 Jesus,
2694 2670 2741 2714 et
2775 2661 3056 2714 subleuatis
3091 2660 3255 2714 oculis
3291 2661 3348 2713 in
3377 2659 3565 2714 caelum

1985 2749 2119 2803 dixit
2148 2766 2166 2804 :
2201 2749 2385 2817 Pater,
2409 2755 2540 2805 venit
2575 2751 2726 2816 hora,
2771 2751 3010 2818 clari/ica
3056 2748 3253 2804 Filium
3303 2758 3474 2816 tuum,
3505 2760 3562 2803 ut

1985 2839 2161 2895 Filius
2207 2851 2328 2896 tuus
2373 2841 2622 2910 clariﬁcet
2655 2851 2704 2893 te
2748 2841 2820 2897 9".
2843 2841 2907 2894 Et
2950 2841 3118 2894 illud:
3174 2837 3408 2893 Sciebam
3433 2838 3559 2908 quia

1984 2947 2188 2998 semper
2220 2947 2302 2985 me
2328 2932 2483 2986 audis
2515 2931 2586 2998 ³⁸,
2625 2945 2654 2983 a
2684 2929 2913 2986 Domino
2942 2931 3141 2986 dictum
3173 2939 3227 2985 et
3261 2931 3329 2984 ab
3371 2930 3558 2985 eodem

1984 3021 2320 3092 evangelista
2361 3023 2752 3092 conscriptum,
2785 3022 3026 3077 ostendit
3051 3036 3174 3076 eum
3216 3021 3306 3090 qui
3341 3035 3558 3089 semper

1983 3120 2120 3176 orat,
2155 3125 2370 3181 semper
2391 3113 2653 3166 exaudiri.
2689 3111 2828 3178 Quid
2869 3121 2953 3165 est
2984 3121 3167 3166 autem
3214 3124 3436 3165 necesse
3460 3124 3560 3168 eos

279 3205 436 3276 αὑτῷ
471 3204 986 3276 ἀναγεγραμμένον,
1028 3203 1132 3256 ὑπὸ
1177 3201 1272 3256 τοῦ
1319 3203 1524 3274 Κυρίου
1563 3203 1874 3274 εἰρημένον,

1983 3217 2268 3259 recensere
2293 3203 2386 3272 qui
2427 3204 2570 3272 quod
2613 3212 2674 3257 ut
2719 3211 2934 3272 oportet
2965 3211 3210 3268 orarent,
3249 3202 3483 3256 maxima
3524 3215 3557 3255 a

278 3294 439 3367 δηλοῖ
463 3296 544 3348 ὅτι
575 3295 800 3348 πάντοτε
835 3293 1123 3362 εὐχόμενος
1159 3291 1385 3346 πάντοτε
1427 3291 1773 3345 ὲπακούεται.
1805 3292 1869 3344 Τί

279 3386 338 3440 δὲ
367 3387 451 3440 δεῖ
481 3386 800 3454 καταλέγειν
823 3385 948 3448 τοὺς
978 3383 1067 3436 διὰ
1101 3383 1194 3436 τοῦ
1232 3383 1290 3436 ὃν
1339 3383 1420 3437 δεῖ
1457 3383 1657 3455 τρόπον
1697 3400 1867 3455 προσ-

279 3477 568 3544 εύξασθαι,
621 3477 890 3548 μεγίστων
933 3475 1317 3545 ἐπιτετυχότας
1370 3474 1477 3528 ἀπὸ
1519 3473 1689 3540 Θεοῢ;
1726 3490 1870 3546 παρ-

275 3570 337 3622 ὸν
373 3571 493 3640 (15)
550 3570 765 3638 ἑκάστῳ
811 3569 922 3622 τῶν
958 3568 1168 3623 ἑαυτῶν
1204 3567 1311 3620 ἀπὸ
1337 3566 1444 3620 τῶν
1476 3565 1708 3638 Γραφῶν
1734 3566 1866 3620 ἀνα-

273 3661 545 3726 λέξασθαι
573 3662 810 3714 πλείονα.
854 3663 1021 3714 Ἀννα
1053 3660 1164 3732 γὰρ
1207 3659 1518 3731 ὑπηρέτησε
1557 3662 1618 3730 τῇ
1648 3659 1866 3730 γενήσει

274 3753 541 3824 Σαμουὴλ
563 3752 642 3823 τῷ
678 3755 884 3824 Μωῦσῇ
921 3751 1434 3823 συναριθμηθέντος,
1485 3751 1605 3804 ἐπεὶ
1657 3751 1732 3822 μὴ
1781 3751 1865 3804 τί-

276 3859 512 3904 κτουσα,
541 3842 875 3896 πιστεύσασα
903 3840 1247 3914 προσηύξατο
1275 3841 1411 3912 πρὸς
1443 3839 1663 3912 Κύριον.
1721 3839 1866 3903 Ἐζε-

277 3935 411 3999 κίας
436 3935 493 3988 δὲ
519 3935 600 3986 ἔτι
629 3935 796 3998 ἄπαις
833 3935 1128 4004 τυγχάνων,
1163 3932 1348 4004 μαθὼν
1373 3933 1480 3986 ἀπὸ
1504 3932 1598 3985 τοῦ
1641 3932 1861 3984 Ἦσαῖου

275 4026 635 4097 τεθνήξεσθαι
665 4026 798 4098 (16),
833 4026 1270 4097 προσευξάμενος
1299 4028 1378 4090 είς
1417 4027 1515 4098 τὴν
1547 4027 1638 4078 τοῦ
1677 4019 1862 4094 Σωτῆ-

278 4127 371 4184 ρος
429 4113 774 4182 γενεαλογίαν
821 4113 1158 4184 άνείληπται.
1195 4115 1330 4185 Ἤδη
1362 4113 1416 4166 δὲ
1466 4116 1552 4182 ὑφ’
1595 4115 1648 4167 ἓν
1695 4117 1862 4186 πρόσ-

277 4219 472 4274 ταγμα
500 4203 558 4269 ἐξ
583 4205 873 4276 ἐπιϐουλῆς
911 4205 1005 4258 τοῦ
1036 4205 1250 4277 Ἀμμὰν
1278 4205 1608 4259 ἀπόλλυσθαι
1642 4206 1858 4277 μέλλον-

277 4311 373 4360 τος
400 4295 496 4348 τοῦ
538 4295 690 4360 λαοῦ,
721 4297 998 4367 προσευχὴ
1034 4295 1169 4366 μετὰ
1217 4296 1468 4366 νηστείας
1515 4298 1858 4368 Μαρδοχαίου

280 4385 376 4438 καὶ
437 4386 635 4459 Ἐσθὴρ
666 4387 1086 4452 ὲπακουσΘεῖσα,
1129 4387 1266 4458 πρὸς
1307 4389 1426 4451 ταῖς
1477 4387 1616 4442 κατὰ
1656 4389 1858 4443 Μωσέα

281 4476 518 4550 ἑορταῖς,
547 4478 646 4549 τὴν
673 4459 1058 4549 Μαρδοχαῖκὴν
1087 4478 1376 4548 ἐγέννησεν
1409 4478 1746 4550 εὐφροσύνης
1780 4480 1856 4550 τῷ

1979 3293 2088 3350 Deo
2119 3294 2382 3350 beneﬁcia
2418 3294 2696 3350 consecuti
2723 3295 2890 3349 sunt?
2918 3308 3042 3348 cum
3074 3292 3234 3346 facile
3263 3293 3459 3361 cuique
3485 3292 3557 3346 sit

1975 3382 2132 3450 plura
2190 3382 2291 3437 sibi
2356 3399 2388 3439 e
2446 3382 2748 3450 Scripturis
2784 3383 3034 3451 seligere.
3083 3381 3235 3434 Anna
3275 3381 3418 3434 enim
3457 3380 3557 3434 Sa-

1976 3473 2168 3528 muelis
2187 3473 2327 3528 illius
2353 3474 2442 3542 qui
2483 3473 2652 3543 Moysi
2684 3482 3109 3528 connurueratus
3129 3481 3214 3526 est
3239 3472 3553 3542 ",genera-

1975 3565 2106 3619 tioni
2158 3565 2528 3632 ministravit,
2582 3566 2708 3635 quia
2765 3580 2889 3619 cum
2943 3580 3048 3618 non
3111 3572 3371 3630 pareret,
3431 3576 3554 3616 cre-

1974 3656 2109 3710 didit
2151 3665 2207 3711 et
2239 3657 2416 3710 oravit
2451 3657 2518 3711 ad
2550 3656 2874 3718 Dominum;
2925 3654 3183 3708 Ezechias
3217 3663 3395 3705 autem
3427 3667 3550 3705 eum

1974 3747 2160 3802 liberis
2220 3747 2398 3801 adhuc
2453 3755 2669 3800 careret
2724 3745 3127 3815 accepissetque
3187 3742 3256 3796 ab
3308 3741 3440 3795 lsaia
3495 3755 3555 3796 se

1973 3839 2334 3905 moriturum,
2385 3837 2570 3892 oravit
2606 3847 2660 3892 et
2706 3839 2760 3892 in
2815 3834 3124 3891 Servatoris
3182 3833 3549 3902 genealogiam

1972 3930 2243 3985 admissus
2284 3940 2366 3986 est
2394 3933 2433 3986 ι.
2488 3933 2606 3984 Jam
2663 3947 2769 3986 uno
2812 3929 2989 3984 edicto
3029 3927 3343 3995 insidiisque
3388 3926 3549 3997 217

1967 4023 2144 4074 Aman
2206 4022 2480 4091 periturus
2515 4034 2631 4078 erat
2669 4021 2929 4093 populus,
2973 4037 3092 4076 cutn
3135 4019 3455 4083 Mardoclnei
3495 4027 3552 4071 ct

1972 4116 2163 4170 Esther
2230 4117 2409 4170 oratio
2477 4115 2685 4184 jejunio
2752 4115 3040 4185 conjuncta
3113 4112 3366 4166 exaudita
3420 4118 3546 4175 est,

1967 4213 2025 4258 et
2077 4213 2282 4272 praeter
2316 4206 2453 4260 festa
2506 4221 2536 4259 a
2593 4205 2776 4274 Moyse
2824 4207 3149 4268 constituta,
3195 4201 3546 4256 Mardochai-

1967 4310 2087 4350 cum
2125 4298 2340 4366 populo
2401 4297 2611 4366 peperit
2652 4296 2864 4361 laetitia:
2917 4297 3083 4350 diem.
3123 4292 3305 4348 Jutlith
3347 4291 3550 4346 sanctis

1964 4386 2173 4456 oblatisI
2219 4387 2474 4456 precibus
2522 4387 2924 4456 llolopheruem
2977 4388 3086 4439 Deo
3125 4384 3413 4454 adjuvante
3455 4397 3548 4450 su,-

1966 4480 2212 4548 peravit,
2265 4489 2320 4532 et
2374 4495 2482 4533 una
2535 4480 2887 4535 Hebraeorum
2959 4479 3161 4533 femina
3213 4478 3388 4532 labem
3450 4479 3546 4530 do-

281 4566 390 4640 λαῷ
421 4570 653 4642 ἡμέραν.
695 4571 852 4624 Ἀλλὰ
900 4571 996 4624 καὶ
1035 4569 1236 4641 Ἰουδὴο
1287 4569 1446 4638 ἁγίαν
1497 4569 1862 4638 άνενεγκοῦσα

1983 4571 2076 4624 nui
2106 4569 2658 4627 Nabuchodonosor-is
2691 4572 2886 4626 inussit
2912 4572 2954 4625 ’.
3015 4571 3286 4637 Ananias,
3317 4571 3542 4623 Azarias

281 4662 621 4734 προσευχὴν,
674 4661 766 4715 τοῦ
830 4662 1146 4734 Ὀλοφέρνου
1198 4663 1334 4734 μετὰ
1386 4663 1520 4716 Θεοῦ
1587 4663 1859 4732 περιγίνε-

280 4765 368 4804 ται
435 4754 584 4825 (17),
643 4756 737 4808 καὶ
790 4755 888 4825 μία
942 4755 1080 4827 γυνὴ
1135 4757 1242 4810 τῶν
1281 4754 1544 4828 Ἑϐραίων
1597 4754 1858 4825 αἰσχύνην

1967 4672 2024 4718 et
2057 4662 2242 4717 Misael
2281 4665 2520 4718 exauditi
2558 4673 2711 4730 sunt,
2751 4672 3178 4732 merueruntque
3208 4671 3415 4716 uentum
3457 4677 3543 4714 ro-

1968 4757 2040 4808 ris
2071 4755 2286 4823 ﬂantem
2330 4756 2580 4826 ignisque
2617 4756 2761 4809 vires
2813 4756 3159 4809 cohibentem
3201 4755 3449 4822 accipere
3496 4752 3540 4807 ³.

351 4862 397 4936 5f
434 4863 552 4916 Act.
598 4881 666 4928 x,
696 4865 786 4936 ξε).
825 4866 885 4936 λ⁹⁰
914 4865 1057 4922 Psal.
1095 4882 1156 4929 ν,
1195 4867 1246 4919 4.
1324 4867 1368 4898 ⁹¹
1409 4867 1552 4921 Psal.
1587 4883 1722 4930 CXL.
1767 4867 1822 4920 2.

1983 4865 2122 4922 Psal.
2155 4881 2352 4932 cxvm,
2381 4866 2470 4920 62.
2506 4935 2513 4936 ί
2546 4868 2592 4899 ⁸³
2621 4868 2742 4922 Act.
2775 4884 2896 4930 xw,
2929 4867 3019 4921 25.
3091 4865 3336 4936 ξξΜπο.
3375 4881 3412 4929 1,
3446 4867 3539 4922 55.

285 4927 491 5002 fl_Luc.
519 4951 592 5001 χι,
621 4927 672 4991 1,
697 4927 709 4936 ’
748 4935 794 4968 ⁸⁸
823 4934 955 4990 an.
989 4953 1074 4999 vr,
1114 4927 1198 4990 12.
1277 4937 1321 4968 ³⁷
1349 4936 1504 4992 Joan.
1535 4953 1672 5002 xvn,
1710 4927 1760 4992 1.
1838 4939 1874 4970 ἐ

1983 4954 2064 4993 an.
2096 4951 2146 4989 xl
2167 4975 2180 4999 ,
2218 4937 2308 4991 42.

283 4999 304 5029 ³
327 4999 512 5055 Judith
566 4999 692 5068 xm,
723 5004 778 5059 9.
857 5007 876 5037 ³
910 5007 1044 5060 Dan.
1079 5023 1174 5074 ιιι,
1225 5007 1316 5061 50.

2418 4939 2462 4972 ⁸³
2489 4935 2693 4992 Jerem.
2742 4953 2830 5001 xv,
2877 4941 2926 4992 1.
3037 4937 3053 4968 ¹
3090 4935 3155 4990 1V
3180 4937 3314 5005 Reg.
3349 4951 3448 5002 xx,
3481 4938 3537 4992 2.

347 5121 460 5194 (10)
498 5122 623 5193 Τὴν
666 5125 864 5194 ἕκτην.
923 5125 997 5180 Ita
1049 5127 1217 5182 codex
1283 5141 1383 5181 ms.
1437 5125 1614 5180 Editio
1671 5138 1850 5182 autem

1983 5143 2005 5179 ιι
2035 5141 2142 5194 quo
2166 5127 2304 5180 male
2336 5126 2546 5195 legebat
2576 5125 2754 5180 editor
2779 5122 3122 5184 Oxoniensis.
3153 5125 3534 5194 διανύσσομεν.

278 5185 480 5267 Orioni,
519 5185 647 5267 περὶ
664 5197 775 5267 -τὴν
793 5185 993 5267 ἕκτην.

344 5261 458 5334 (Η)
488 5261 603 5318 Καί
650 5261 788 5334 ὥρα.
830 5261 1128 5320 Ιιτιόοᾶοχ
1182 5277 1284 5334 ms.
1325 5263 1488 5334 habet
1526 5283 1538 5317 :
1577 5264 1714 5334 lege,
1757 5269 1853 5320 καὶ

277 5327 451 5407 ἑώραί
475 5338 562 5407 νει,
586 5327 709 5390 θυιιῖ
742 5337 952 5407 editore
980 5333 1315 5407 Oxoniensi,
1335 5333 1550 5407 θεωρεῖ,

351 5403 461 5478 (12)
499 5404 800 5474 Τέτρασιν.
830 5406 907 5460 lta
935 5408 1107 5461 codex
1141 5419 1244 5458 tus.
1275 5403 1458 5458 Etlitio
1493 5413 1676 5457 autem
1709 5403 1853 5460 0x0-

281 5478 507 5541 niensis,
531 5478 844 5543 τέσσαρσιν.

344 5549 454 5617 (l3)
474 5548 635 5617 Παρὰ
646 5542 752 5601 τοῦ
762 5547 962 5601 Δαυιδ.
979 5547 1224 5604 Bentleio
1244 5543 1586 5598 scribendum
1609 5542 1840 5611 videtur,

276 5621 423 5689 παρὰ
452 5621 530 5687 τῷ
556 5619 735 5689 Δαυίδ.

2024 5197 2137 5264 (l5)
2166 5197 2384 5264 Παρόν.
2417 5196 2488 5249 Ita
2516 5197 2688 5251 codex
2721 5211 2821 5248 ms.
2853 5197 3031 5250 Etlitio
3059 5205 3239 5249 autem
3269 5197 3536 5264 Oxotnenn

1951 5261 2048 5338 sis,
2090 5261 2372 5338 πάρεστιν.
2415 5265 2686 5338 integrum
2737 5265 2910 5338 locum
2952 5267 3030 5338 sic
3061 5266 3190 5338 lego
3221 5279 3340 5338 cum
3375 5261 3538 5338 Bent-

1951 5333 2058 5409 1⁸,ίθ
2083 5350 2096 5385 ³
2117 5330 2296 5409 Πὰρὸν
2321 5330 2630 5409 ἑκάστιχῖτὰ
2670 5334 2849 5405 ἐαυτῷ
2880 5336 2987 5388 ἀπὸ
3018 5330 3381 5402 τῶνΓραφῶν
3406 5330 3536 5381 ἀναν-

1950 5406 2216 5471 λέξασθαι
2236 5407 2474 5458 πλείονα.

2025 5468 2136 5544 (16)
2169 5476 2582 5542 Τεθνήξεσθαι.
2637 5475 2714 5528 lla
2768 5484 2914 5528 recte
2966 5468 3338 5544 llabfl‘EOdlEX
3388 5479 3535 5532 Ins.;

1954 5533 2241 5614 perperam
2279 5533 2406 5601 vero
2433 5547 2599 5599 editio
2634 5545 2979 5614 Oxoniensis,
3010 5533 3387 5614 τεθνήξασθαι.

2026 5603 2134 5686 (17)
2166 5617 2345 5670 Codex
2379 5633 2506 5682 tns.,
2553 5613 2893 5683 περιγίνεται
2922 5628 2935 5674 ;
2966 5603 3110 5663 ἰιιιιιυ
3141 5603 3304 5660 editio
3331 5603 3537 5670 Oxon.,

325 5681 866 5767 ι(’14)Ᾰιανύσομεν.
917 5681 1008 5737 Sic
1041 5681 1204 5737 habet
1241 5681 1410 5739 codex
1443 5683 1844 5752 manuscriptus

1983 5681 2319 5758 ςεριγίνηται.
