3974 6160
415 245 523 302 ι55

1913 238 2072 297 ORIG
2079 238 2236 297 ENIS

3568 234 3671 291 456

416 358 476 412 lu
515 354 852 426 Babylonico
907 352 1027 407 laco
1087 351 1298 407 leonum
1331 366 1427 407 ora
1463 351 1702 408 Danielis
1731 351 1989 422 precibus

2099 348 2317 420 εποίησε
2362 349 2442 418 τῷ
2486 346 2620 418 οἴκῳ
2658 338 2751 401 τοῦ
2800 338 3298 415 Ναϐουχοδονόσορο
3337 344 3591 408 Ἀνανίας
3613 363 3674 402 τε

418 443 750 500 obturantur
772 443 813 496 ⁸.
845 442 1014 497 Jonas
1046 483 1061 507 ,
1096 457 1218 496 cum
1253 456 1285 496 e
1319 451 1509 498 ventre
1553 444 1657 497 ceti
1697 457 1726 497 a
1760 457 1868 511 quo
1897 442 1993 497 de-

421 533 649 605 glutitus
697 544 816 589 erat
860 532 1104 589 exaudiri
1151 547 1259 586 non
1311 534 1692 603 desperasset,
1742 546 1993 605 egressus

424 623 586 687 inde,
620 622 984 691 propheticam
1031 620 1096 675 ad
1141 619 1415 676 Ninivitas
1465 620 1812 693 legationem‘
1836 621 1991 692 prius

441 709 754 766 inchoatam
783 707 1017 763 feliciter
1044 709 1299 765 absolvit.
1321 709 1538 777 Quanta
1566 726 1698 765 vero
1723 719 1847 767 sunt
1872 725 1994 780 quae

438 798 808 871 unusquisque
840 807 1106 865 nostrum,
1130 801 1176 855 si
1205 801 1365 855 modo
1391 808 1544 870 grato
1573 802 1754 855 animo
1787 817 1994 856 memor

425 902 771 959 acceptorum
819 893 1231 959 beneﬁciorum,
1267 893 1458 948 laudes
1488 894 1599 948 Deo
1633 908 1729 962 pro
1773 893 1859 948 his
1901 909 1991 948 re-

423 983 568 1038 ferre
590 984 751 1049 velit,
785 985 988 1053 poterit
1015 984 1320 1038 enarrare?
1347 985 1554 1043 Animae
1581 986 1723 1038 enim
1753 1000 1873 1053 qua:
1899 985 1991 1040 diu

423 1074 546 1127 sine
576 1075 730 1144 prole
763 1083 1122 1139 manserunt,
1159 1074 1502 1144 deprehensa
1533 1075 1652 1143 ejus
1681 1078 1850 1146 partis
1880 1086 1994 1132 ste-

425 1165 623 1218 rilitate
652 1179 774 1233 qum
803 1165 1058 1233 princeps
1089 1165 1145 1219 in
1179 1164 1311 1233 ipsis
1360 1180 1482 1220 esse
1524 1166 1720 1234 debet,
1766 1168 1993 1222 mentis-

424 1270 531 1324 que
561 1257 833 1314 orbitate.
870 1270 899 1306 a
928 1253 1131 1322 Spiritu
1177 1263 1366 1307 sancto
1406 1269 1503 1322 per
1547 1255 1824 1310 assiduam
1869 1271 1993 1310 ora—

388 1349 632 1423 _tionem
666 1345 833 1400 veluti
869 1345 1193 1414 gravidatae,
1224 1345 1499 1400 salutares
1530 1360 1810 1402 sermones
1834 1347 1990 1417 vet-io

426 1440 662 1506 talisque
689 1436 994 1504 cognitione
1022 1432 1207 1505 plenos
1235 1448 1587 1505 generat-unt.
1615 1438 1765 1504 Quot
1803 1438 1990 1503 etiam,

424 1527 858 1596 oppugnantibus
889 1540 988 1580 nos
1016 1540 1162 1594 smpe
1193 1526 1379 1581 multis
1411 1529 1653 1582 adversae
1696 1526 1990 1595 potestatis

434 1615 690 1675 millibus,
721 1615 1004 1680 divinaque
1036 1630 1134 1668 nos
1163 1614 1394 1680 dejicere
1425 1628 1523 1683 spe
1541 1615 1865 1681 volentibus,
1889 1616 1989 1667 hn-

2096 443 2195 496 καὶ
2233 438 2488 512 Ἀζαρίας
2524 439 2619 493 καὶ
2644 437 2866 509 Μισαὴλ
2901 437 3135 505 πνεῦμα
3161 435 3384 504 δρόσου
3411 434 3677 504 διασυρίο

2097 531 2196 593 ζον
2228 532 2328 585 ούκ
2373 530 2478 584 ὲῶν
2512 531 2755 601 ἐνεργεῖν
2802 528 2903 601 τὴν
2942 527 3117 596 φλόγα
3161 525 3255 580 τοῦ
3314 526 3489 597 πυρὸς
3514 526 3675 592 ,ἄξιοι

2095 621 2380 691 γεγόνασιν
2406 618 2834 681 ὲπακουσθέντες
2860 617 3045 671 λαϐεῖν
3064 632 3077 646 ·
3120 617 3170 670 οί
3209 615 3268 670 δὲ
3291 617 3350 670 ὲν
3377 615 3456 687 τῷ
3489 615 3675 688 λάκκῳ

2098 712 2452 767 Βαϐυλωνίων
2492 710 2704 773 λέοντες
2739 706 3030 778 φιμοῦνται
3082 706 3171 760 διά
3205 706 3304 771 τὰς
3337 705 3435 759 τοῦ
3479 707 3673 779 Δανιὴλ

2099 805 2436 878 προσευχάς·
2466 805 2562 858 καὶ
2600 804 2780 866 Ἰωνᾶς
2807 803 2885 865 δὲ,
2919 801 3021 854 οὐκ
3049 799 3321 867 ἀπογνοὺς
3355 800 3418 852 τὸ
3442 800 3675 853 ἐπακου-

2099 897 2394 970 σθήσεσθαι
2421 895 2486 947 ἐκ
2517 894 2725 959 κοιλίας
2757 892 2853 946 τοῦ
2886 891 3241 955 καταπιόντος
3268 891 3431 945 αὐτὸν
3456 893 3672 961 κήτους,

2098 992 2156 1044 τὸ
2180 988 2397 1050 ἐλλιπὲς
2422 986 2525 1057 τῆς
2553 986 2690 1057 πρὸς
2726 986 2856 1048 τοὺς
2890 983 3176 1046 Νινευῒτας
3203 981 3560 1053 προφητείας,
3589 980 3683 1051 ὲξτ

2100 1081 2269 1136 ελθὼν
2297 1081 2395 1150 τὴν
2419 1076 2516 1131 τοῦ
2544 1079 2744 1148 κήτους
2795 1074 3058 1144 γαστέρα,
3092 1073 3415 1144 ἀναπληροῖ.
3445 1074 3585 1126 Ὅσα
3616 1072 3674 1127 δὲ

2105 1169 2200 1221 καὶ
2226 1166 2457 1227 ἕκαστος
2489 1164 2666 1235 ἡμῶν,
2695 1163 2812 1230 ὲάν,
2838 1162 3173 1233 εὐχαρίστως
3196 1161 3544 1232 μεμνημένος
3568 1162 3675 1215 τῶν

2097 1260 2178 1322 είς
2206 1257 2368 1311 αὑτὸν
2388 1255 2736 1327 εὐεργεσιῶν,
2755 1256 2883 1325 περὶ
2898 1253 3104 1307 τούτων
3122 1251 3304 1316 αἴνους
3326 1253 3674 1323 ἀναπέμπειν

2098 1346 2177 1418 τῷ
2203 1346 2322 1416 Θεῷ
2367 1345 2645 1417 βούληται,
2691 1345 2804 1414 ἕχει
2842 1341 3304 1414 ὲκδιηγήσασθαις
3347 1341 3566 1410 Ἀγονοί
3611 1359 3672 1396 τε

2096 1437 2205 1509 γάρ
2254 1437 2483 1490 ἐπιπολὺ
2537 1434 2901 1505 γεγενημέναι
2956 1432 3157 1504 ψυχαὶ,
3212 1433 3520 1505 ⁴ᾐσθημέναι
3571 1434 3673 1506 τῆς

2098 1527 2437 1597 στειρώσεως
2472 1525 2579 1580 τῶν
2623 1525 2766 1579 ἰδίων
2805 1524 3144 1595 ἡγεμονικῶν
3177 1529 3271 1578 καί¹
3314 1524 3414 1595 τῆς
3451 1523 3674 1592 ἁγονίας

2096 1616 2190 1671 τοῦ
2222 1617 2313 1671 νοῦ
2350 1615 2557 1672 ἑαυτῶν
2585 1614 2715 1686 (18),
2746 1614 2853 1667 ἀπὸ
2896 1613 2991 1667 τοῦ
3044 1614 3201 1683 ἁγίου
3243 1615 3563 1685 Πνεύματος
3586 1613 3674 1667 διὰ

435 1713 549 1757 stes
593 1703 851 1770 prostrati
905 1703 1075 1756 sunt?
1122 1701 1458 1758 Conﬁditnus
1492 1704 1634 1757 enim
1671 1705 1795 1772 quia
1842 1703 1897 1757 hi
1938 1704 1991 1756 in

2099 1706 2352 1777 ὲπιμόνου
2379 1705 2547 1776 εὐχῆς
2583 1706 2875 1774 κυήσασαι,
2912 1703 3211 1775 σωτηρίους
3243 1703 3432 1772 λόγους
3460 1702 3673 1774 θεωρη-

425 1795 672 1848 curribus
707 1801 755 1844 et
787 1795 844 1845 lci
886 1794 944 1846 in
981 1795 1158 1863 equis,
1199 1811 1292 1848 nos
1324 1804 1499 1849 autem
1534 1795 1595 1849 in
1636 1795 1842 1849 nomine
1880 1794 1992 1847 Do-

429 1885 557 1937 mini
596 1883 690 1937 Dei
720 1886 885 1937 nostri
917 1886 938 1916 °
971 1887 1288 1940 invocantes
1321 1886 1565 1942 videmus
1592 1887 1720 1941 illud
1761 1902 1944 1941 verum
1976 1904 1992 1943 ι

430 1974 630 2029 Fallax
658 1991 819 2044 equus
854 1975 921 2028 ad
953 1976 1189 2029 salutem
1218 1977 1257 2029 ⁸.
1298 1976 1403 2029 Sed
1435 1985 1488 2030 et
1522 1977 1821 2046 principem
1851 1980 1994 2033 mili-

433 2068 521 2120 tia:
550 2067 873 2131 adversarii,
922 2066 1165 2121 fallacem
1205 2077 1257 2122 et
1289 2068 1622 2136 probabilem
1664 2085 1995 2138 sermonem,

429 2157 520 2226 qui
546 2156 724 2209 multis
747 2158 907 2210 etiam
932 2172 1119 2211 eorum
1142 2159 1232 2227 qui
1266 2161 1560 2215 credidisse
1583 2170 1860 2232 putantur,
1888 2171 1996 2218 ter-

431 2260 610 2297 rorem
644 2245 847 2313 injicit,
886 2245 978 2298 ille
1015 2246 1229 2315 jugulat
1272 2262 1415 2316 sarpe
1454 2251 1549 2318 qui
1595 2251 1693 2306 Dei
1745 2252 1997 2308 laudibus

428 2336 651 2389 conlidit
678 2349 693 2389 :
723 2333 911 2389 Judith
941 2338 1083 2390 enim
1128 2337 1339 2391 laudem
1372 2341 1817 2410 interpretantur.
1855 2344 1998 2409 Quot

430 2434 559 2478 sunt
601 2424 715 2492 qui,
759 2439 882 2478 cum
932 2424 987 2477 in
1018 2425 1341 2479 tentationes
1388 2425 1706 2481 incidissent
1745 2436 2000 2496 supcratu

428 2511 671 2568 diliiciles
712 2522 767 2567 et
810 2513 1022 2567 ﬂamma
1068 2514 1306 2582 qualibet
1351 2515 1713 2582 ardentiores,
1754 2516 1889 2570 nihil
1931 2519 2002 2573 ab

428 2601 561 2672 ipsis
590 2603 734 2672 passi
764 2612 910 2667 sunt,
937 2606 1029 2659 sed
1058 2605 1205 2660 illaesi
1227 2614 1514 2661 evaserunt
1539 2607 1778 2674 omnino,
1806 2624 1876 2663 ne
1903 2610 1998 2663 mi-

423 2696 577 2750 nimo
608 2698 826 2767 quidem
862 2699 930 2753 ab
960 2699 1126 2753 odore
1160 2700 1365 2755 inimici
1397 2701 1538 2771 ignis
1579 2713 1802 2773 accepto
1841 2705 1997 2758 dam-

426 2803 499 2844 no
525 2788 548 2842 ί
573 2789 710 2855 Quid
743 2804 962 2844 necesse
988 2798 1140 2844 estet
1158 2791 1261 2844 alia
1289 2807 1737 2858 commemorare,
1754 2803 1995 2864 quotque

426 2880 623 2935 helluis
661 2882 713 2935 in
761 2880 1181 2949 nos‘elfvratis,
1226 2883 1478 2953 malignis
1526 2885 1746 2954 inquam
1791 2885 1995 2953 spiriti-

424 2972 529 3026 bus
547 3012 561 3035 ,
596 2971 1011 3039 hominibusque
1040 2971 1198 3026 saevis
1223 2984 1572 3029 occurrentes
1592 3014 1607 3038 ,
1634 2990 1822 3029 eorum
1853 2991 1996 3046 saepe

368 3088 373 3091 μ
422 3059 678 3127 precibus
714 3060 829 3113 suis
856 3072 952 3112 ora
983 3059 1410 3127 obstruxerunt,
1445 3078 1567 3115 cum
1602 3077 1670 3117 ne
1702 3063 1994 3118 admovere

424 3149 645 3216 quidem
693 3148 881 3203 dentes
934 3149 1214 3216 potuerint
1263 3149 1351 3203 his
1399 3149 1743 3224 (membris)
1794 3154 1994 3207 nostris

424 3237 631 3291 Christi
667 3239 928 3292 membris
961 3237 1187 3292 ell'ectis.
1223 3237 1380 3307 Smpe
1424 3241 1567 3294 enim
1613 3257 1712 3310 pro
1753 3241 1995 3312 quolibet

424 3340 739 3384 Sanctorum
775 3330 941 3381 molas
978 3328 1185 3380 leonum
1229 3329 1487 3400 confregit
1518 3331 1777 3388 Dominus
1797 3374 1813 3401 ,
1846 3344 1892 3389 et
1922 3336 1993 3388 ad

425 3419 649 3475 nihilum
679 3421 1003 3475 devenerunt
1022 3433 1268 3492 tanquam
1295 3440 1429 3493 aqua
1459 3426 1741 3479 decurrens
1765 3427 1808 3479 ".
1839 3425 1993 3496 Saepe

423 3511 589 3567 etiam
636 3514 885 3567 novimus
924 3515 1234 3570 divinorum
1279 3517 1657 3572 mandatorum
1697 3517 1989 3589 fugitivos,

425 3618 457 3657 a
498 3611 675 3655 morte
708 3602 978 3671 principio
1008 3603 1255 3659 devictos
1290 3614 1345 3658 et
1378 3603 1699 3675 deglutitos,
1748 3621 1842 3675 per
1872 3622 1990 3676 pm-

425 3693 710 3748 nitentiam
744 3694 911 3764 218
943 3709 972 3747 a
1017 3703 1163 3750 tanto
1201 3706 1448 3752 servatos
1496 3712 1618 3752 esse
1650 3698 1826 3765 malo,
1866 3714 1990 3753 cum

427 3786 532 3838 etsi
568 3785 680 3853 jam
721 3801 817 3840 eos
855 3796 1041 3840 ventre
1080 3796 1228 3840 mors
1279 3789 1626 3855 contineret,
1668 3789 1866 3844 salvari
1910 3801 1991 3843 ta-

425 3892 548 3931 men
580 3892 736 3944 posse
765 3892 869 3931 non
902 3879 1309 3948 desperaverint
1336 3896 1349 3931 :
1383 3878 1655 3934 Devorart‘t
1686 3881 1819 3934 enim
1848 3897 1988 3935 mors

423 3967 709 4036 prwralens
732 3984 752 4033 ;
793 3978 840 4021 et
884 3984 1096 4021 rursum
1134 3967 1353 4020 abstulit
1395 3968 1537 4023 Deus
1572 3986 1774 4023 omnem
1817 3971 1991 4040 Iacrg-

422 4073 564 4112 mam
596 4060 660 4110 ab
693 4060 833 4111 omni
869 4059 1004 4126 {acie
1038 4059 1080 4110 ⁸.
1112 4058 1236 4113 llaec
1269 4070 1390 4127 post
1410 4074 1597 4139 eorum
1627 4061 1992 4113 enumeratio-

423 4164 546 4204 nem
582 4150 779 4218 quibus
813 4150 1051 4220 profecit
1094 4152 1305 4216 oratio,
1352 4150 1482 4203 mihi
1531 4150 1755 4203 dicenda
1798 4166 1989 4204 neces-

422 4241 572 4296 sario
612 4243 726 4296 visa
771 4253 933 4310 sunt,
983 4245 1245 4297 avertenti
1301 4257 1395 4296 eos
1445 4242 1535 4311 qui
1568 4241 1900 4308 spiritualem
1935 4243 1987 4296 itt

2097 1800 2283 1872 μάτων
2311 1797 2565 1869 ἀληθείας
2592 1796 3056 1869 πεπληρωμένους
3084 1797 3497 1868 γεγεννήκασιν.
3518 1797 3672 1849 Ὅσοι

2092 1891 2170 1959 δὲ,
2200 1889 2355 1963 ἡμῶν
2383 1888 2642 1952 πολλάκις
2677 1887 2947 1959 μυριάδων
2974 1886 3359 1959 ἀντικειμένης
3394 1886 3672 1957 δυνάμεως

2100 1979 2691 2051 καταστρατευομένων
2740 1978 2835 2032 καὶ
2879 1976 3195 2045 ἐξαφανίσαι
3232 1975 3342 2029 ἀπὸ
3385 1976 3483 2047 τῆς
3520 1976 3673 2042 θείας

2095 2073 2241 2141 ἡμᾶς
2263 2071 2496 2134 πίστεως
2522 2068 2862 2140 βουλομένων
2883 2067 3134 2138 πολέμιοι
3156 2067 3504 2138 διελύθησαν;
3529 2069 3673 2140 Θαρ-

2099 2161 2377 2231 ρησάντων
2421 2161 2597 2231 ἡμῶν,
2633 2160 2714 2212 ὅτι
2748 2154 2915 2213 οὗτοι
2952 2158 3023 2211 ἐν
3069 2157 3363 2228 ἅρμασιν,
3407 2153 3570 2213 οὗτοι
3605 2157 3673 2211 δὲ

2094 2250 2164 2303 ἐν
2195 2252 2419 2316 ἵπποις,
2459 2248 2621 2304 ἀλλὰ
2659 2248 2830 2318 ἡμεῖς
2874 2248 2944 2300 ἐν
2992 2247 3234 2317 ὀνόματι
3288 2248 3509 2316 Κυρίου
3552 2250 3672 2302 ἐπι-

2094 2339 2418 2411 καλούμενοι
2455 2340 2671 2412 όρῶμεν
2717 2340 2799 2393 ὅτι
2832 2338 3068 2407 ἀληθῶς
3102 2337 3338 2408 ’ψευδὴς
3368 2340 3551 2404 ἵππος
3585 2341 3671 2404 εὶς

2094 2428 2415 2496 σωτηρίαν.
2465 2426 2624 2480 Ἀλλά
2668 2427 2877 2481 καὶτὸν
2909 2426 3341 2497 ἀρχιστράτηγον
3386 2424 3480 2478 τοῦ
3526 2426 3671 2478 ἀντι-

2096 2518 2373 2589 κειμένου,
2399 2517 2677 2589 ἀπατηλὺν
2702 2518 2796 2572 καὶ
2826 2516 3050 2575 πιθανὸν
3080 2515 3238 2585 λόγον
3265 2517 3671 2586 καταπτήσσειν

2096 2607 2352 2663 ποιοῦντα
2383 2607 2611 2671 πολλοὺς
2644 2609 2737 2661 καὶ
2765 2606 2874 2661 τῶν
2920 2607 3339 2660 πεπιστευκέναι
3377 2601 3671 2675 νομιζομέ-

2094 2716 2220 2763 νων,
2246 2701 2275 2753 ὁ
2300 2697 2378 2769 τῷ
2402 2698 2540 2770 πρὸς
2561 2697 2691 2751 Θεὸν
2714 2698 2848 2767 αἴνῳ
2874 2694 3151 2760 πεποιθὼς
3176 2696 3456 2750 διακόπτει
3480 2693 3675 2750 πολλά-

2094 2805 2201 2853 κιςο
2231 2788 2431 2860 Ἱουδὴθ
2453 2788 2565 2860 γὰρ
2585 2786 2947 2861 ἑρμηνεύεται
2966 2787 3219 2853 αίνεσις.
3244 2788 3397 2840 Ὅσοι
3416 2803 3477 2838 τε
3495 2784 3673 2857 πάσης

2095 2879 2290 2949 φλογὸς
2337 2878 2796 2950 καυστικωτέροις
2831 2876 2941 2948 (19)
2972 2876 3362 2948 περιπεσόντες
3411 2875 3670 2946 δυσπερι-

2093 2970 2342 3040 γενήτοις
2399 2967 2657 3032 πολλάκις
2721 2970 3074 3040 πειρασμοῖς,
3127 2967 3277 3021 οὐδὲν
3340 2968 3434 3021 ὑπ’
3494 2957 3671 3020 αύτῶν

2101 3059 2450 3126 πεπόνθασιν,
2498 3058 2634 3112 ἀλλά
2677 3059 2853 3130 πάντη
2899 3058 3151 3123 ἀϐλαϐεῖς
3178 3057 3401 3122 τούτους
3432 3056 3671 3129 διεξελη-

2098 3150 2341 3213 λύθασιν,
2375 3150 2495 3203 οὐδὲ
2534 3150 2595 3203 τὸ
2637 3150 2798 3221 τυχὸν
2842 3148 3016 3221 ὀσμῆς
3068 3149 3161 3203 τοῦ
3209 3150 3470 3220 πολεμίου
3505 3147 3675 3221 πυρὸς

2102 3236 2304 3309 βλάϐην
2336 3236 2645 3308 ἐσχηκότες.
2695 3238 2759 3291 Τί
2806 3236 2886 3290 δεῖ
2924 3240 3018 3291 καὶ
3064 3238 3245 3307 λέγειν
3280 3238 3435 3304 ἄλλα,
3476 3239 3569 3292 καὶ
3615 3239 3673 3292 ἐν

2098 3329 2243 3392 ὅσοις
2271 3328 2380 3401 (20)
2436 3328 2644 3401 θηρίοις
2684 3328 2807 3384 καθ’
2835 3328 2990 3400 ἡμῶν
3032 3327 3476 3401 ὲξηγριωμένοις,
3510 3346 3673 3402 πονη-

2102 3425 2216 3495 ροῖς
2251 3420 2519 3492 πνεύμασι
2553 3422 2646 3475 καὶ
2682 3419 2989 3493 ἀνθρώποις
3026 3420 3197 3492 ὠμοῖς
3247 3422 3669 3494 παρατυχόντες,

2098 3516 2217 3577 ταῖς
2243 3512 2431 3582 εὐχαῖς
2476 3512 2678 3577 αὐτοὺς·
2715 3512 2974 3575 πολλάκις
3019 3511 3322 3582 ὲφίμωσαν,
3355 3514 3417 3565 οὐ
3453 3512 3672 3585 δεδυνη-

2103 3604 2278 3675 μένων
2320 3603 2572 3674 ὲγχρίψαι
2607 3602 2718 3674 (ει)
2750 3603 2878 3666 τοὺς
2915 3602 3131 3666 ὀδόντας
3164 3602 3340 3657 αὐτῶν
3372 3607 3485 3667 τοῖς
3519 3619 3671 3673 γεγε-

2097 3695 2350 3766 νημένοις
2380 3694 2534 3765 ¹ἡμῶν
2568 3693 2752 3763 μέλεσι
2806 3691 2899 3746 τοῦ
2942 3693 2988 3745 Χ
2996 3692 3222 3763 ριστσῦ;
3264 3693 3533 3756 Πολλάκις
3564 3693 3672 3765 γὰρ

2098 3782 2217 3836 καθ’
2262 3783 2491 3836 ἕκαστον
2539 3782 2647 3835 τῶν
2693 3781 2865 3849 ἁγίων
2903 3780 3010 3845 τὰς
3034 3782 3235 3850 μύλας
3264 3780 3382 3835 τῶν
3412 3782 3672 3834 ,λεόντων

2097 3876 2437 3929 συνέθλασε
2475 3877 2705 3943 Κύριος,
2750 3874 2848 3928 καὶ
2881 3874 3368 3942 ἐξουδενώθησαν
3397 3875 3477 3939 ὡς
3516 3874 3670 3941 ὕδωρ

2097 3966 2673 4034 παραπορευόμενον.
2733 3966 2920 4036 ’Ῑσμεν
2982 3966 3040 4019 δὲ
3110 3965 3368 4027 πολλάκις
3429 3964 3670 4033 φυγάδας

2097 4052 2531 4129 προσταγμάτων
2574 4056 2730 4120 Θεοῦ,
2776 4057 3181 4120 καταποθέντας
3228 4057 3332 4109 ὑπὸ
3358 4055 3451 4109 τοῦ
3507 4056 3671 4108 θανά.-

2094 4162 2187 4198 του
2218 4145 2325 4216 (22)
2373 4147 2632 4217 πρότερον
2682 4148 2802 4200 κατ’
2838 4147 3014 4201 αὐτῶν
3067 4147 3399 4217 ἰσχύσαντος,
3444 4146 3532 4200 διά
3572 4146 3668 4218 τὴν

2099 4236 2386 4307 μετάνοιαν
2416 4236 2686 4300 σωθέντας
2722 4237 2830 4291 ἀπὸ
2861 4236 2956 4291 τοῦ
2983 4237 3296 4308 τηλικούτου
3342 4237 3535 4302 κακοῦ,
3567 4238 3668 4292 οὐκ

423 4334 644 4388 Christo
701 4334 865 4387 vitam
921 4334 1231 4387 desiderant
1276 4337 1344 4388 ab
1389 4334 1598 4404 exiguis
1643 4346 1698 4387 et
1756 4335 1987 4387 terrenis

2099 4327 2477 4397 ἀπεγνωκότας
2520 4326 2628 4398 (23)
2667 4328 2727 4381 τὸ
2774 4327 3040 4392 σώζεσθαι
3069 4327 3325 4382 δύνασθαι
3365 4328 3465 4400 ἤδη
3510 4331 3566 4382 ὲν
3598 4331 3663 4400 τῇ

424 4423 586 4478 rebus
630 4425 876 4478 oratione
929 4426 1211 4494 petendis,
1268 4436 1318 4479 et
1370 4427 1437 4479 ad
1484 4425 1709 4496 mystica
1754 4440 1986 4494 quorum

2099 4419 2272 4489 κοιλίᾳ
2299 4419 2391 4471 τοῦ
2432 4417 2661 4471 θανάτου
2696 4419 3169 4488 κεκρατημένους·
3210 4417 3462 4473 Κατέπιε
3494 4417 3602 4489 γὰρ
3631 4420 3665 4473 ό

424 4514 538 4568 haec
568 4529 689 4582 qua:
718 4516 943 4582 praedixi
976 4518 1242 4584 imagines
1272 4526 1460 4578 erant,
1490 4518 1804 4585 scriptionis
1833 4515 1991 4570 istius

428 4605 663 4660 lectores
697 4606 1033 4661 adhortanti.
1071 4607 1261 4662 Omnis
1291 4610 1437 4662 enim
1475 4607 1541 4662 de
1576 4608 1850 4676 praedictis
1880 4608 1990 4676 spi-

427 4696 711 4751 titualibus
742 4697 1092 4767 mysticisque
1124 4699 1284 4751 rebus
1331 4700 1506 4751 oratio
1553 4711 1769 4765 semper
1809 4698 1877 4752 ab
1925 4712 1990 4751 eo

425 4784 705 4851 perﬁcitur
737 4789 826 4854 qui
856 4805 960 4841 non
986 4792 1269 4843 secundum
1316 4805 1526 4841 carnem
1558 4790 1579 4820 ’
1625 4786 1821 4839 militat
1844 4826 1859 4848 ,
1893 4788 1988 4841 sed

421 4871 614 4938 spiritu
648 4872 787 4939 facta
822 4876 1000 4929 carnis
1034 4878 1074 4908 ¹⁰
1114 4877 1425 4938 mortificat,
1458 4876 1734 4945 plurisque
1766 4873 1894 4929 facit
1923 4890 1985 4929 ea

498 4982 683 5037 ‘Dan.
713 5000 799 5050 vx,
845 4987 934 5043 22.
1040 4990 1062 5020 '
1094 4989 1234 5045 Psal.

427 5051 471 5085 “
498 5052 658 5107 llom.
691 5070 805 5121 vm,
834 5059 922 5112 15.

494 5143 601 5220 (l8)
632 5147 807 5220 dem
840 5165 964 5213 ms.,
999 5150 1236 5217 ἐαυτῶνς
1281 5154 1444 5207 editio
1470 5153 1666 5220 Oxon.,
1709 5154 1906 5209 αὐτῶν.

494 5216 600 5286 (19)
643 5217 819 5295 Codex
873 5236 998 5284 ms.,
1064 5216 1532 5295 καυστικωτέροις.
1588 5216 1732 5280 Edil.
1785 5228 1981 5292 Oxum,

420 5288 760 5359 nudandas
768 5305 883 5359 ρας.

491 5356 600 5428 (20)
625 5356 834 5426 Λέγειν
857 5358 1034 5422 ἄλλα,
1066 5359 1163 5414 καί
1186 5360 1255 5414 ἐν
1282 5361 1467 5427 ὅσοις.
1510 5361 1601 5418 Sic
1630 5364 1790 5419 habet
1815 5367 1982 5419 codex

420 5429 820 5495 manuscriptus
877 5440 932 5484 et
995 5437 1168 5493 recte,
1229 5433 1384 5486 modo
1439 5432 1621 5490 deleas
1670 5435 1746 5488 ὲν.
1808 5435 1982 5489 Editio

419 5494 622 5568 Oxum,
651 5494 849 5568 λέγειν,
875 5499 1010 5554 ἀλλά
1049 5499 1142 5553 καὶ
1168 5503 1225 5554 ὲν
1258 5501 1418 5565 ὅσοις.

490 5565 598 5643 (Ἦ)
619 5565 846 5643 Αὐξρὺς
879 5569 1178 5643 πολλάκις
1206 5570 1534 5643 ἐφίμῳσαν,
1562 5575 1633 5628 οὑ
1660 5573 1981 5643 δεδυνημέ-

419 5645 541 5688 rw
563 5637 859 5707 ὲγχρίψαι.
895 5641 970 5695 lta
1010 5643 1179 5697 codex
1219 5637 1319 5697 ms:
1352 5640 1529 5700 Editio
1571 5656 1752 5699 autem
1781 5637 1980 5712 Oxum,

1347 5006 1463 5056 nx,
1493 4991 1547 5046 8.

1654 4991 1676 5023 ‘
1701 4990 1844 5046 Psal.
1898 5006 2070 5056 χχιιι,

2091 4507 2349 4575 θάνατος
2381 4509 2665 4576 ἰσχύσαςο
2702 4508 2800 4561 καὶ
2832 4507 3019 4562 πάλιν
3040 4509 3289 4577 ἀφεῖλεν
3313 4511 3346 4562 ό
3378 4508 3520 4574 Θεὸς
3544 4507 3665 4563 πᾶν

2093 4602 2356 4669 δάκρυον
2401 4598 2519 4652 ἀπὸ
2561 4598 2785 4665 παντὸς
2832 4599 3174 4666 προσώπου.
3234 4597 3418 4652 Ταῦτα
3465 4599 3523 4652 δέ
3574 4615 3661 4669 μοι

2094 4691 2514 4760 ἀναγκαιότατον
2558 4691 2695 4760 μετὰ
2736 4690 2828 4744 τὸν
2873 4691 3171 4759 κατάλογον
3209 4689 3316 4743 τῶν
3352 4690 3660 4761 ὠφεληθέν-

2093 4803 2199 4840 των
2220 4785 2306 4839 διά
2326 4787 2629 4857 προσευχῆς
2650 4785 2898 4858 εἰρῆσθαι
2920 4785 3142 4856 νομίζω,
3166 4787 3526 4857 ἀποτρέποντι
3550 4780 3659 4857 (24)

2091 4878 2188 4948 τὴν
2220 4876 2591 4948 πνευματικὴν
2629 4877 2720 4930 καὶ
2765 4877 2864 4948 τὴν
2897 4879 2955 4932 έν
2983 4877 3203 4949 Χριστῷ
3245 4877 3390 4949 ζωὴν
3437 4876 3660 4931 ποθοῦν-

2107 4991 2191 5045 17.
2267 4998 2287 5028 τ
2313 4989 2452 5044 Psal.
2482 5006 2611 5056 LVII,
2644 4994 2697 5046 7.
2773 4992 2795 5023 ⁸
2824 4991 2925 5045 lsa.
2950 5007 3074 5058 xxv,
3103 4993 3157 5047 8.
3232 4991 3253 5022 ’
3288 4990 3329 5045 ll
3355 4991 3482 5047 Cur.
3511 5008 3567 5056 ι,
3600 4993 3657 5045 5.

2088 5155 2321 5278 dvitiae
2366 5154 2622 5217 πολλάκις
2664 5153 2963 5224 ὲφίμωσαν,
3021 5154 3081 5207 ού
3142 5153 3515 5228 δεδυνημένοις
3569 5156 3659 5225 ἐγ·-

2088 5242 2155 5278 γο
2185 5242 2233 5278 ιιι
2304 5243 2339 5277 ι.

2086 5242 2339 5297 Χρίμὲίΐαιε·

2158 5293 2267 5367 (2‘2)
2311 5294 2458 5367 :I‘m)
2498 5294 2620 5367 acii
2649 5293 2924 5367 θαζάτου.
2972 5296 3046 5349 Ita
3103 5294 3269 5350 codex
3321 5310 3421 5348 ms.
3480 5294 3657 5348 Editio

2087 5362 2268 5417 autem
2299 5363 2497 5429 Οκοιι..
2528 5364 2637 5416 ἀπὸ
2661 5363 2756 5416 τοῦ
2792 5362 3039 5417 θανάτου.

2159 5433 2268 5506 (ἓό)
2302 5435 2751 5503 Ἂπεγνωκότας.
2798 5432 2932 5489 Male
2971 5433 3136 5487 editio
3181 5434 3354 5489 0x011.
3412 5433 3660 5502 ἀπεγνω-

2315 5570 2742 5645 Ἀποτρέποντα
2784 5571 2858 5645 Ita
2894 5572 3061 5626 codex
3114 5587 3212 5627 ms.
3261 5571 3434 5627 Editio
3477 5581 3657 5626 autem

2090 5641 2265 5700 Oxon;
2303 5656 2613 5712 perperam,
2649 5642 3065 5714 ἀποτρέπονται.
