  <div class='ocr_page' id='page_1' title='image "/cluster/home/n/w/nwhite01/storage/ocr_20150623/11/mdp.39015013266690/242.png"; bbox 0 0 3974 6160; ppageno 0'>
   <div class='ocr_carea' id='block_1_1' title="bbox 344 210 1927 275">
    <p class='ocr_par' dir='ltr' id='par_1_1' title="bbox 344 214 1927 275">
     <span class='ocr_line' id='line_1_1' title="bbox 344 214 1927 275; baseline -0.004 -1"><span class='ocrx_word' id='word_1_1' title='bbox 344 219 459 275; x_wconf 68' lang='grc'><strong>48³1</strong></span> <span class='ocrx_word' id='word_1_2' title='bbox 1522 214 1861 272; x_wconf 81' lang='lat' dir='ltr'><strong>LIBELLUS</strong></span> <span class='ocrx_word' id='word_1_3' title='bbox 1908 214 1927 267; x_wconf 93' lang='grc'><strong>1</strong></span> 
     </span>
    </p>
   </div>
   <div class='ocr_carea' id='block_1_2' title="bbox 2033 210 3597 275">
    <p class='ocr_par' dir='ltr' id='par_1_2' title="bbox 2034 210 3597 271">
     <span class='ocr_line' id='line_1_2' title="bbox 2034 210 3597 271; baseline 0.002 -4"><span class='ocrx_word' id='word_1_4' title='bbox 2034 210 2404 267; x_wconf 78' lang='lat' dir='ltr'><strong>ORATIONE.</strong></span> <span class='ocrx_word' id='word_1_5' title='bbox 3489 216 3597 271; x_wconf 60' lang='lat' dir='ltr'><strong>tes</strong></span> 
     </span>
    </p>
   </div>
   <div class='ocr_carea' id='block_1_3' title="bbox 340 330 1927 407">
    <p class='ocr_par' dir='ltr' id='par_1_3' title="bbox 340 332 1927 407">
     <span class='ocr_line' id='line_1_3' title="bbox 340 332 1927 407; baseline -0.004 -15"><span class='ocrx_word' id='word_1_6' title='bbox 340 355 451 401; x_wconf 83' lang='grc' dir='ltr'><strong>τας</strong></span> <span class='ocrx_word' id='word_1_7' title='bbox 495 336 609 390; x_wconf 70' lang='grc' dir='ltr'>ἀπὸ</span> <span class='ocrx_word' id='word_1_8' title='bbox 643 334 739 389; x_wconf 89' lang='grc' dir='ltr'><strong>τοῦ</strong></span> <span class='ocrx_word' id='word_1_9' title='bbox 788 336 915 407; x_wconf 73' lang='grc' dir='ltr'>περὶ</span> <span class='ocrx_word' id='word_1_10' title='bbox 947 334 1055 388; x_wconf 87' lang='grc' dir='ltr'><strong>τῶν</strong></span> <span class='ocrx_word' id='word_1_11' title='bbox 1107 334 1317 407; x_wconf 83' lang='grc' dir='ltr'>μικρῶν</span> <span class='ocrx_word' id='word_1_12' title='bbox 1364 334 1455 387; x_wconf 70' lang='grc' dir='ltr'><strong>καί⁵</strong></span> <span class='ocrx_word' id='word_1_13' title='bbox 1493 335 1750 405; x_wconf 77' lang='grc' dir='ltr'><strong>ἐπιγείων</strong></span> <span class='ocrx_word' id='word_1_14' title='bbox 1779 332 1927 404; x_wconf 72' lang='grc' dir='ltr'>εὔχε-</span> 
     </span>
    </p>
   </div>
   <div class='ocr_carea' id='block_1_4' title="bbox 2033 330 3594 407">
    <p class='ocr_par' dir='ltr' id='par_1_4' title="bbox 2036 330 3594 404">
     <span class='ocr_line' id='line_1_4' title="bbox 2036 330 3594 404; baseline 0.003 -20"><span class='ocrx_word' id='word_1_15' title='bbox 2036 346 2156 400; x_wconf 80' lang='lat' dir='ltr'><strong>qtue</strong></span> <span class='ocrx_word' id='word_1_16' title='bbox 2179 332 2507 401; x_wconf 80' lang='lat' dir='ltr'><strong>anagOgicus</strong></span> <span class='ocrx_word' id='word_1_17' title='bbox 2530 345 2719 385; x_wconf 86' lang='lat' dir='ltr'><strong>sensus</strong></span> <span class='ocrx_word' id='word_1_18' title='bbox 2748 330 3150 400; x_wconf 75' lang='lat' dir='ltr'><strong>inquirentibus</strong></span> <span class='ocrx_word' id='word_1_19' title='bbox 3171 331 3408 397; x_wconf 83' lang='lat' dir='ltr'><strong>exhibet,</strong></span> <span class='ocrx_word' id='word_1_20' title='bbox 3433 350 3594 404; x_wconf 85' lang='lat' dir='ltr'><strong>quam</strong></span> 
     </span>
    </p>
   </div>
   <div class='ocr_carea' id='block_1_5' title="bbox 347 416 1927 500">
    <p class='ocr_par' dir='ltr' id='par_1_5' title="bbox 347 416 1927 500">
     <span class='ocr_line' id='line_1_5' title="bbox 347 416 1927 500; baseline -0.003 -15"><span class='ocrx_word' id='word_1_21' title='bbox 347 429 503 493; x_wconf 76' lang='grc' dir='ltr'>σθαι,</span> <span class='ocrx_word' id='word_1_22' title='bbox 539 428 634 483; x_wconf 75' lang='grc' dir='ltr'><strong>καὶ</strong></span> <span class='ocrx_word' id='word_1_23' title='bbox 676 426 1083 498; x_wconf 82' lang='grc' dir='ltr'>παρακαλοῦντι</span> <span class='ocrx_word' id='word_1_24' title='bbox 1130 429 1222 481; x_wconf 69' lang='grc' dir='ltr'>ἐπὶ</span> <span class='ocrx_word' id='word_1_25' title='bbox 1269 416 1338 481; x_wconf 61' lang='lat' dir='ltr'><strong>te&quot;:</strong></span> <span class='ocrx_word' id='word_1_26' title='bbox 1391 428 1629 500; x_wconf 83' lang='grc' dir='ltr'>μυστικὰ</span> <span class='ocrx_word' id='word_1_27' title='bbox 1666 423 1739 482; x_wconf 85' lang='grc' dir='ltr'>ὦν</span> <span class='ocrx_word' id='word_1_28' title='bbox 1775 427 1927 481; x_wconf 86' lang='grc' dir='ltr'>τύποι</span> 
     </span>
    </p>
   </div>
   <div class='ocr_carea' id='block_1_6' title="bbox 2033 416 3621 500">
    <p class='ocr_par' dir='ltr' id='par_1_6' title="bbox 2041 422 3621 493">
     <span class='ocr_line' id='line_1_6' title="bbox 2041 422 3621 493; baseline 0.002 -17"><span class='ocrx_word' id='word_1_29' title='bbox 2041 423 2183 490; x_wconf 86' lang='lat' dir='ltr'><strong>quod</strong></span> <span class='ocrx_word' id='word_1_30' title='bbox 2208 423 2361 492; x_wconf 81' lang='lat' dir='ltr'><strong>juxta</strong></span> <span class='ocrx_word' id='word_1_31' title='bbox 2387 424 2620 477; x_wconf 87' lang='lat' dir='ltr'><strong>litteram</strong></span> <span class='ocrx_word' id='word_1_32' title='bbox 2648 422 2932 478; x_wconf 82' lang='lat' dir='ltr'><strong>orantibus</strong></span> <span class='ocrx_word' id='word_1_33' title='bbox 2958 423 3247 493; x_wconf 80' lang='lat' dir='ltr'><strong>contigisse</strong></span> <span class='ocrx_word' id='word_1_34' title='bbox 3274 425 3621 479; x_wconf 80' lang='lat' dir='ltr'><strong>beneficium</strong></span> 
     </span>
    </p>
   </div>
   <div class='ocr_carea' id='block_1_7' title="bbox 343 501 1927 594">
    <p class='ocr_par' dir='ltr' id='par_1_7' title="bbox 343 519 1927 594">
     <span class='ocr_line' id='line_1_7' title="bbox 343 519 1927 594; baseline -0.003 -18"><span class='ocrx_word' id='word_1_35' title='bbox 343 519 496 594; x_wconf 72' lang='grc' dir='ltr'>ἦσαν</span> <span class='ocrx_word' id='word_1_36' title='bbox 524 522 597 575; x_wconf 87' lang='grc' dir='ltr'><strong>τά</strong></span> <span class='ocrx_word' id='word_1_37' title='bbox 632 522 1005 594; x_wconf 83' lang='grc' dir='ltr'><strong>προειρημένα</strong></span> <span class='ocrx_word' id='word_1_38' title='bbox 1047 538 1156 592; x_wconf 91' lang='grc' dir='ltr'>μοι,</span> <span class='ocrx_word' id='word_1_39' title='bbox 1190 522 1317 584; x_wconf 79' lang='grc' dir='ltr'>τοὺς</span> <span class='ocrx_word' id='word_1_40' title='bbox 1355 522 1675 591; x_wconf 79' lang='grc' dir='ltr'>ἐντυχόντας</span> <span class='ocrx_word' id='word_1_41' title='bbox 1710 520 1835 592; x_wconf 83' lang='grc' dir='ltr'>τῇδε</span> <span class='ocrx_word' id='word_1_42' title='bbox 1868 522 1927 591; x_wconf 69' lang='grc' dir='ltr'>τῇ</span> 
     </span>
    </p>
   </div>
   <div class='ocr_carea' id='block_1_8' title="bbox 2033 501 3645 594">
    <p class='ocr_par' dir='ltr' id='par_1_8' title="bbox 2038 501 3645 571">
     <span class='ocr_line' id='line_1_8' title="bbox 2038 501 3645 571; baseline 0.002 -4"><span class='ocrx_word' id='word_1_43' title='bbox 2038 514 2270 568; x_wconf 81' lang='lat' dir='ltr'><strong>videtur.</strong></span> <span class='ocrx_word' id='word_1_44' title='bbox 2308 512 2441 567; x_wconf 84' lang='lat' dir='ltr'><strong>Nam</strong></span> <span class='ocrx_word' id='word_1_45' title='bbox 2472 522 2525 567; x_wconf 91' lang='lat' dir='ltr'><strong>et</strong></span> <span class='ocrx_word' id='word_1_46' title='bbox 2562 516 2613 568; x_wconf 89' lang='lat' dir='ltr'><strong>in</strong></span> <span class='ocrx_word' id='word_1_47' title='bbox 2648 516 2803 570; x_wconf 91' lang='lat' dir='ltr'><strong>nobis</strong></span> <span class='ocrx_word' id='word_1_48' title='bbox 2830 515 3130 569; x_wconf 88' lang='lat' dir='ltr'><strong>curandum</strong></span> <span class='ocrx_word' id='word_1_49' title='bbox 3160 524 3241 570; x_wconf 90' lang='lat' dir='ltr'><strong>est</strong></span> <span class='ocrx_word' id='word_1_50' title='bbox 3274 530 3342 571; x_wconf 92' lang='lat' dir='ltr'><strong>ne</strong></span> <span class='ocrx_word' id='word_1_51' title='bbox 3376 517 3447 571; x_wconf 85' lang='lat' dir='ltr'><strong>sit</strong></span> <span class='ocrx_word' id='word_1_52' title='bbox 3477 501 3645 571; x_wconf 61' lang='lat' dir='ltr'><strong>aui-&quot;</strong></span> 
     </span>
    </p>
   </div>
   <div class='ocr_carea' id='block_1_9' title="bbox 340 611 1935 685">
    <p class='ocr_par' dir='ltr' id='par_1_9' title="bbox 340 611 1935 685">
     <span class='ocr_line' id='line_1_9' title="bbox 340 611 1935 685; baseline -0.003 -18"><span class='ocrx_word' id='word_1_53' title='bbox 340 616 579 685; x_wconf 79' lang='grc' dir='ltr'>γραφῇ’</span> <span class='ocrx_word' id='word_1_54' title='bbox 636 615 787 667; x_wconf 83' lang='grc' dir='ltr'>πᾶσα</span> <span class='ocrx_word' id='word_1_55' title='bbox 839 613 946 684; x_wconf 82' lang='grc' dir='ltr'>γὰρ</span> <span class='ocrx_word' id='word_1_56' title='bbox 992 614 1025 684; x_wconf 88' lang='grc' dir='ltr'><strong>ἡ</strong></span> <span class='ocrx_word' id='word_1_57' title='bbox 1073 612 1200 683; x_wconf 82' lang='grc' dir='ltr'>περὶ</span> <span class='ocrx_word' id='word_1_58' title='bbox 1245 612 1354 665; x_wconf 90' lang='grc' dir='ltr'><strong>τῶν</strong></span> <span class='ocrx_word' id='word_1_59' title='bbox 1418 611 1935 684; x_wconf 86' lang='grc' dir='ltr'>προπαρατεθέντων</span> 
     </span>
    </p>
   </div>
   <div class='ocr_carea' id='block_1_10' title="bbox 338 701 1935 776">
    <p class='ocr_par' dir='ltr' id='par_1_10' title="bbox 338 701 1935 776">
     <span class='ocr_line' id='line_1_10' title="bbox 338 701 1935 776; baseline -0.003 -19"><span class='ocrx_word' id='word_1_60' title='bbox 338 704 485 776; x_wconf 80' lang='grc' dir='ltr'>ἡμῖν</span> <span class='ocrx_word' id='word_1_61' title='bbox 530 704 921 775; x_wconf 82' lang='grc' dir='ltr'>πνευματικῶν</span> <span class='ocrx_word' id='word_1_62' title='bbox 956 704 1050 757; x_wconf 74' lang='grc' dir='ltr'><strong>καὶ</strong></span> <span class='ocrx_word' id='word_1_63' title='bbox 1090 703 1363 774; x_wconf 82' lang='grc' dir='ltr'>μυστικῶν</span> <span class='ocrx_word' id='word_1_64' title='bbox 1408 702 1539 773; x_wconf 80' lang='grc' dir='ltr'>εὐχὴ</span> <span class='ocrx_word' id='word_1_65' title='bbox 1581 701 1668 756; x_wconf 73' lang='grc' dir='ltr'><strong>ἀεὶ</strong></span> <span class='ocrx_word' id='word_1_66' title='bbox 1701 702 1804 755; x_wconf 81' lang='grc' dir='ltr'><strong>ὑπὸ</strong></span> <span class='ocrx_word' id='word_1_67' title='bbox 1842 701 1935 754; x_wconf 84' lang='grc' dir='ltr'><strong>τοῦ</strong></span> 
     </span>
    </p>
   </div>
   <div class='ocr_carea' id='block_1_11' title="bbox 334 792 1937 867">
    <p class='ocr_par' dir='ltr' id='par_1_11' title="bbox 334 792 1937 867">
     <span class='ocr_line' id='line_1_11' title="bbox 334 792 1937 867; baseline -0.003 -17"><span class='ocrx_word' id='word_1_68' title='bbox 334 796 427 866; x_wconf 83' lang='grc' dir='ltr'>μὴ</span> <span class='ocrx_word' id='word_1_69' title='bbox 490 796 649 850; x_wconf 81' lang='grc' dir='ltr'>κατὰ</span> <span class='ocrx_word' id='word_1_70' title='bbox 708 795 908 864; x_wconf 82' lang='grc' dir='ltr'><em>σάρκα</em></span> <span class='ocrx_word' id='word_1_71' title='bbox 957 794 1413 867; x_wconf 79' lang='grc' dir='ltr'>στρατευομένου,</span> <span class='ocrx_word' id='word_1_72' title='bbox 1462 792 1598 847; x_wconf 84' lang='grc' dir='ltr'><strong>ἀλλά</strong></span> <span class='ocrx_word' id='word_1_73' title='bbox 1648 792 1937 863; x_wconf 73' lang='grc' dir='ltr'>πνεύματι</span> 
     </span>
    </p>
   </div>
   <div class='ocr_carea' id='block_1_12' title="bbox 335 884 1934 954">
    <p class='ocr_par' dir='ltr' id='par_1_12' title="bbox 335 884 1934 954">
     <span class='ocr_line' id='line_1_12' title="bbox 335 884 1934 954; baseline -0.003 -15"><span class='ocrx_word' id='word_1_74' title='bbox 335 885 453 952; x_wconf 80' lang='grc' dir='ltr'>τὰς</span> <span class='ocrx_word' id='word_1_75' title='bbox 500 885 755 954; x_wconf 75' lang='grc' dir='ltr'>πράξεις</span> <span class='ocrx_word' id='word_1_76' title='bbox 784 885 891 939; x_wconf 86' lang='grc' dir='ltr'><strong>τοῦ</strong></span> <span class='ocrx_word' id='word_1_77' title='bbox 940 885 1214 954; x_wconf 82' lang='grc' dir='ltr'>σώματος</span> <span class='ocrx_word' id='word_1_78' title='bbox 1267 884 1634 948; x_wconf 86' lang='grc' dir='ltr'>θανατοῦντος,</span> <span class='ocrx_word' id='word_1_79' title='bbox 1671 884 1934 937; x_wconf 84' lang='grc' dir='ltr'>ἐπιτελεῖ-</span> 
     </span>
    </p>
   </div>
   <div class='ocr_carea' id='block_1_13' title="bbox 335 974 1935 1048">
    <p class='ocr_par' dir='ltr' id='par_1_13' title="bbox 335 974 1935 1048">
     <span class='ocr_line' id='line_1_13' title="bbox 335 974 1935 1048; baseline -0.001 -19"><span class='ocrx_word' id='word_1_80' title='bbox 335 994 455 1042; x_wconf 85' lang='grc' dir='ltr'>ται,</span> <span class='ocrx_word' id='word_1_81' title='bbox 524 976 972 1048; x_wconf 85' lang='grc' dir='ltr'>προκρινομένων</span> <span class='ocrx_word' id='word_1_82' title='bbox 1025 975 1133 1029; x_wconf 89' lang='grc' dir='ltr'><strong>τῶν</strong></span> <span class='ocrx_word' id='word_1_83' title='bbox 1177 974 1288 1047; x_wconf 77' lang='lat'><strong>(‘25)</strong></span> <span class='ocrx_word' id='word_1_84' title='bbox 1322 976 1428 1029; x_wconf 83' lang='grc' dir='ltr'><strong>ἀπὸ</strong></span> <span class='ocrx_word' id='word_1_85' title='bbox 1491 975 1592 1046; x_wconf 77' lang='grc' dir='ltr'>τῆς</span> <span class='ocrx_word' id='word_1_86' title='bbox 1646 975 1935 1045; x_wconf 81' lang='grc' dir='ltr'><strong>ἀναγωγῆς</strong></span> 
     </span>
    </p>
   </div>
   <div class='ocr_carea' id='block_1_14' title="bbox 340 1067 1934 1141">
    <p class='ocr_par' dir='ltr' id='par_1_14' title="bbox 340 1067 1934 1141">
     <span class='ocr_line' id='line_1_14' title="bbox 340 1067 1934 1141; baseline -0.002 -19"><span class='ocrx_word' id='word_1_87' title='bbox 340 1068 468 1141; x_wconf 86' lang='grc' dir='ltr'>μετ’</span> <span class='ocrx_word' id='word_1_88' title='bbox 534 1067 839 1133; x_wconf 75' lang='grc' dir='ltr'>ἐξετάσεως</span> <span class='ocrx_word' id='word_1_89' title='bbox 894 1068 1315 1139; x_wconf 83' lang='grc' dir='ltr'>παρισταμένων</span> <span class='ocrx_word' id='word_1_90' title='bbox 1378 1067 1477 1139; x_wconf 82' lang='grc' dir='ltr'>τῆς</span> <span class='ocrx_word' id='word_1_91' title='bbox 1533 1068 1934 1138; x_wconf 79' lang='grc' dir='ltr'>ἐμφαινομένης</span> 
     </span>
    </p>
   </div>
   <div class='ocr_carea' id='block_1_15' title="bbox 336 1159 1935 1232">
    <p class='ocr_par' dir='ltr' id='par_1_15' title="bbox 336 1159 1935 1232">
     <span class='ocr_line' id='line_1_15' title="bbox 336 1159 1935 1232; baseline -0.003 -18"><span class='ocrx_word' id='word_1_92' title='bbox 336 1160 490 1215; x_wconf 77' lang='grc' dir='ltr'>κατὰ</span> <span class='ocrx_word' id='word_1_93' title='bbox 520 1161 626 1232; x_wconf 82' lang='grc' dir='ltr'>τὴν</span> <span class='ocrx_word' id='word_1_94' title='bbox 659 1160 803 1225; x_wconf 80' lang='grc' dir='ltr'>λέξιν</span> <span class='ocrx_word' id='word_1_95' title='bbox 846 1160 1126 1230; x_wconf 87' lang='grc' dir='ltr'>γεγονέναι</span> <span class='ocrx_word' id='word_1_96' title='bbox 1158 1163 1270 1224; x_wconf 89' lang='grc' dir='ltr'>τοῖς</span> <span class='ocrx_word' id='word_1_97' title='bbox 1299 1159 1755 1231; x_wconf 80' lang='grc' dir='ltr'>προσευξαμένοις</span> <span class='ocrx_word' id='word_1_98' title='bbox 1780 1160 1935 1231; x_wconf 80' lang='grc' dir='ltr'>εὐερ-</span> 
     </span>
    </p>
   </div>
   <div class='ocr_carea' id='block_1_16' title="bbox 334 1252 1934 1325">
    <p class='ocr_par' dir='ltr' id='par_1_16' title="bbox 334 1252 1934 1325">
     <span class='ocr_line' id='line_1_16' title="bbox 334 1252 1934 1325; baseline 0.001 -18"><span class='ocrx_word' id='word_1_99' title='bbox 334 1252 568 1321; x_wconf 85' lang='grc' dir='ltr'>γεσίας·</span> <span class='ocrx_word' id='word_1_100' title='bbox 609 1253 703 1307; x_wconf 79' lang='grc' dir='ltr'><strong>καὶ</strong></span> <span class='ocrx_word' id='word_1_101' title='bbox 741 1257 798 1306; x_wconf 81' lang='grc' dir='ltr'><strong>ἐν</strong></span> <span class='ocrx_word' id='word_1_102' title='bbox 849 1255 980 1325; x_wconf 77' lang='grc' dir='ltr'>ἡμῖν</span> <span class='ocrx_word' id='word_1_103' title='bbox 1025 1254 1133 1324; x_wconf 82' lang='grc' dir='ltr'>γὰρ</span> <span class='ocrx_word' id='word_1_104' title='bbox 1178 1253 1442 1324; x_wconf 80' lang='grc' dir='ltr'>ἀσκητέον</span> <span class='ocrx_word' id='word_1_105' title='bbox 1496 1252 1570 1324; x_wconf 80' lang='grc' dir='ltr'><strong>μὴ</strong></span> <span class='ocrx_word' id='word_1_106' title='bbox 1616 1253 1934 1321; x_wconf 77' lang='grc' dir='ltr'>ἐγγενέσθαι</span> 
     </span>
    </p>
   </div>
   <div class='ocr_carea' id='block_1_17' title="bbox 337 1343 1932 1417">
    <p class='ocr_par' dir='ltr' id='par_1_17' title="bbox 337 1343 1932 1417">
     <span class='ocr_line' id='line_1_17' title="bbox 337 1343 1932 1417; baseline 0.001 -19"><span class='ocrx_word' id='word_1_107' title='bbox 337 1345 547 1413; x_wconf 83' lang='grc' dir='ltr'>ἄγονον</span> <span class='ocrx_word' id='word_1_108' title='bbox 602 1345 635 1415; x_wconf 80' lang='grc' dir='ltr'><strong>ἢ</strong></span> <span class='ocrx_word' id='word_1_109' title='bbox 688 1344 907 1415; x_wconf 84' lang='grc' dir='ltr'>στείραν</span> <span class='ocrx_word' id='word_1_110' title='bbox 952 1344 1061 1415; x_wconf 70' lang='grc'><strong>(26)</strong></span> <span class='ocrx_word' id='word_1_111' title='bbox 1116 1343 1370 1398; x_wconf 79' lang='grc' dir='ltr'>ἀκούουσι</span> <span class='ocrx_word' id='word_1_112' title='bbox 1421 1344 1515 1398; x_wconf 88' lang='grc' dir='ltr'><strong>τοῦ</strong></span> <span class='ocrx_word' id='word_1_113' title='bbox 1563 1345 1932 1417; x_wconf 89' lang='grc' dir='ltr'>πνευματικοῦ</span> 
     </span>
    </p>
   </div>
   <div class='ocr_carea' id='block_1_18' title="bbox 337 1435 1932 1508">
    <p class='ocr_par' dir='ltr' id='par_1_18' title="bbox 337 1435 1932 1508">
     <span class='ocr_line' id='line_1_18' title="bbox 337 1435 1932 1508; baseline 0.001 -21"><span class='ocrx_word' id='word_1_114' title='bbox 337 1437 518 1506; x_wconf 81' lang='grc' dir='ltr'>νόμου</span> <span class='ocrx_word' id='word_1_115' title='bbox 568 1435 674 1488; x_wconf 69' lang='grc' dir='ltr'><strong>ὠσὶ</strong></span> <span class='ocrx_word' id='word_1_116' title='bbox 714 1439 1103 1506; x_wconf 80' lang='grc' dir='ltr'>πνευματικοῖς</span> <span class='ocrx_word' id='word_1_117' title='bbox 1137 1436 1270 1507; x_wconf 73' lang='grc'><strong>(27),</strong></span> <span class='ocrx_word' id='word_1_118' title='bbox 1315 1437 1401 1489; x_wconf 83' lang='grc' dir='ltr'>ἵνα</span> <span class='ocrx_word' id='word_1_119' title='bbox 1451 1437 1826 1508; x_wconf 80' lang='grc' dir='ltr'>ἀποτιθέμενοι</span> <span class='ocrx_word' id='word_1_120' title='bbox 1870 1436 1932 1490; x_wconf 83' lang='grc' dir='ltr'>τὸ</span> 
     </span>
    </p>
   </div>
   <div class='ocr_carea' id='block_1_19' title="bbox 336 1522 1932 1599">
    <p class='ocr_par' dir='ltr' id='par_1_19' title="bbox 336 1522 1932 1599">
     <span class='ocr_line' id='line_1_19' title="bbox 336 1522 1932 1599; baseline 0.003 -20"><span class='ocrx_word' id='word_1_121' title='bbox 336 1522 487 1579; x_wconf 80' lang='grc' dir='ltr'>εἷναι</span> <span class='ocrx_word' id='word_1_122' title='bbox 520 1526 709 1595; x_wconf 77' lang='grc' dir='ltr'>ἄγονοι</span> <span class='ocrx_word' id='word_1_123' title='bbox 745 1526 776 1596; x_wconf 84' lang='grc' dir='ltr'><strong>ἢ</strong></span> <span class='ocrx_word' id='word_1_124' title='bbox 807 1529 1034 1597; x_wconf 88' lang='grc' dir='ltr'>στεῖραι,</span> <span class='ocrx_word' id='word_1_125' title='bbox 1066 1527 1492 1599; x_wconf 81' lang='grc' dir='ltr'>ἐπακουσθῶμεν</span> <span class='ocrx_word' id='word_1_126' title='bbox 1533 1529 1609 1592; x_wconf 80' lang='grc' dir='ltr'>ὡς</span> <span class='ocrx_word' id='word_1_127' title='bbox 1640 1531 1804 1583; x_wconf 77' lang='grc' dir='ltr'>Ἀννα</span> <span class='ocrx_word' id='word_1_128' title='bbox 1838 1531 1932 1584; x_wconf 76' lang='grc' dir='ltr'><strong>καὶ</strong></span> 
     </span>
    </p>
   </div>
   <div class='ocr_carea' id='block_1_20' title="bbox 352 1618 1930 1692">
    <p class='ocr_par' dir='ltr' id='par_1_20' title="bbox 352 1618 1930 1692">
     <span class='ocr_line' id='line_1_20' title="bbox 352 1618 1930 1692; baseline 0.002 -21"><span class='ocrx_word' id='word_1_129' title='bbox 352 1618 645 1683; x_wconf 77' lang='grc' dir='ltr'>Ἐζεκίας·</span> <span class='ocrx_word' id='word_1_130' title='bbox 689 1620 780 1673; x_wconf 77' lang='grc' dir='ltr'><strong>καὶ</strong></span> <span class='ocrx_word' id='word_1_131' title='bbox 825 1620 909 1673; x_wconf 83' lang='grc' dir='ltr'><strong>ἵνα</strong></span> <span class='ocrx_word' id='word_1_132' title='bbox 940 1621 1048 1673; x_wconf 82' lang='grc' dir='ltr'><strong>ἀπὸ</strong></span> <span class='ocrx_word' id='word_1_133' title='bbox 1082 1620 1535 1675; x_wconf 77' lang='grc' dir='ltr'>ἐπιϐουλευόντων</span> <span class='ocrx_word' id='word_1_134' title='bbox 1576 1619 1783 1692; x_wconf 84' lang='grc' dir='ltr'>ἐχθρῶν</span> <span class='ocrx_word' id='word_1_135' title='bbox 1824 1621 1930 1674; x_wconf 90' lang='grc' dir='ltr'><strong>τῶν</strong></span> 
     </span>
    </p>
   </div>
   <div class='ocr_carea' id='block_1_21' title="bbox 338 1711 1930 1785">
    <p class='ocr_par' dir='ltr' id='par_1_21' title="bbox 338 1711 1930 1785">
     <span class='ocr_line' id='line_1_21' title="bbox 338 1711 1930 1785; baseline 0.003 -23"><span class='ocrx_word' id='word_1_136' title='bbox 338 1711 745 1783; x_wconf 80' lang='grc' dir='ltr'>πνευματικῶν</span> <span class='ocrx_word' id='word_1_137' title='bbox 795 1713 895 1782; x_wconf 83' lang='grc' dir='ltr'>τῆς</span> <span class='ocrx_word' id='word_1_138' title='bbox 950 1712 1211 1785; x_wconf 79' lang='grc' dir='ltr'>πονηρίας</span> <span class='ocrx_word' id='word_1_139' title='bbox 1262 1713 1545 1785; x_wconf 81' lang='grc' dir='ltr'>ῥυσθῶμεν</span> <span class='ocrx_word' id='word_1_140' title='bbox 1594 1714 1670 1778; x_wconf 84' lang='grc' dir='ltr'><strong>ὡς</strong></span> <span class='ocrx_word' id='word_1_141' title='bbox 1712 1712 1930 1785; x_wconf 80' lang='grc' dir='ltr'>Μαρδο-</span> 
     </span>
    </p>
   </div>
   <div class='ocr_carea' id='block_1_22' title="bbox 338 1804 1930 1878">
    <p class='ocr_par' dir='ltr' id='par_1_22' title="bbox 338 1804 1930 1878">
     <span class='ocr_line' id='line_1_22' title="bbox 338 1804 1930 1878; baseline 0.003 -22"><span class='ocrx_word' id='word_1_142' title='bbox 338 1806 503 1874; x_wconf 84' lang='grc' dir='ltr'>χαῖος</span> <span class='ocrx_word' id='word_1_143' title='bbox 564 1805 660 1857; x_wconf 73' lang='grc' dir='ltr'><strong>καὶ</strong></span> <span class='ocrx_word' id='word_1_144' title='bbox 692 1804 922 1877; x_wconf 87' lang='grc' dir='ltr'>Ἐσθὴρ,</span> <span class='ocrx_word' id='word_1_145' title='bbox 975 1805 1069 1858; x_wconf 77' lang='grc' dir='ltr'><strong>καὶ</strong></span> <span class='ocrx_word' id='word_1_146' title='bbox 1105 1805 1324 1877; x_wconf 87' lang='grc' dir='ltr'>Ἰουδήθ.</span> <span class='ocrx_word' id='word_1_147' title='bbox 1376 1807 1486 1860; x_wconf 77' lang='grc' dir='ltr'>Καὶ</span> <span class='ocrx_word' id='word_1_148' title='bbox 1534 1806 1655 1859; x_wconf 79' lang='grc' dir='ltr'>ἐπεὶ</span> <span class='ocrx_word' id='word_1_149' title='bbox 1703 1807 1930 1878; x_wconf 86' lang='grc' dir='ltr'>κάμινός</span> 
     </span>
    </p>
   </div>
   <div class='ocr_carea' id='block_1_23' title="bbox 338 1896 1931 1969">
    <p class='ocr_par' dir='ltr' id='par_1_23' title="bbox 338 1896 1931 1969">
     <span class='ocr_line' id='line_1_23' title="bbox 338 1896 1931 1969; baseline 0.003 -21"><span class='ocrx_word' id='word_1_150' title='bbox 338 1897 463 1949; x_wconf 80' lang='grc' dir='ltr'>ἐστι</span> <span class='ocrx_word' id='word_1_151' title='bbox 509 1896 708 1967; x_wconf 79' lang='grc' dir='ltr'>σιδηρᾶ</span> <span class='ocrx_word' id='word_1_152' title='bbox 739 1899 1029 1965; x_wconf 79' lang='grc' dir='ltr'>Αἴγυπτος,</span> <span class='ocrx_word' id='word_1_153' title='bbox 1066 1897 1327 1969; x_wconf 76' lang='grc' dir='ltr'>σύμϐολον</span> <span class='ocrx_word' id='word_1_154' title='bbox 1357 1898 1697 1969; x_wconf 83' lang='grc' dir='ltr'>τυγχάνουσα</span> <span class='ocrx_word' id='word_1_155' title='bbox 1730 1898 1931 1962; x_wconf 81' lang='grc' dir='ltr'>παντὸς</span> 
     </span>
    </p>
   </div>
   <div class='ocr_carea' id='block_1_24' title="bbox 337 1987 1929 2061">
    <p class='ocr_par' dir='ltr' id='par_1_24' title="bbox 337 1987 1929 2061">
     <span class='ocr_line' id='line_1_24' title="bbox 337 1987 1929 2061; baseline 0.001 -21"><span class='ocrx_word' id='word_1_156' title='bbox 337 1987 442 2040; x_wconf 85' lang='grc' dir='ltr'><strong>τοῦ</strong></span> <span class='ocrx_word' id='word_1_157' title='bbox 509 1988 792 2059; x_wconf 84' lang='grc' dir='ltr'>περιγείου</span> <span class='ocrx_word' id='word_1_158' title='bbox 844 1989 1030 2054; x_wconf 84' lang='grc' dir='ltr'>τόπου,</span> <span class='ocrx_word' id='word_1_159' title='bbox 1082 1991 1189 2052; x_wconf 86' lang='grc' dir='ltr'>πᾶς</span> <span class='ocrx_word' id='word_1_160' title='bbox 1233 1990 1260 2041; x_wconf 89' lang='grc' dir='ltr'>ὁ</span> <span class='ocrx_word' id='word_1_161' title='bbox 1307 1990 1659 2059; x_wconf 79' lang='grc' dir='ltr'>ἐκπεφευγὼς</span> <span class='ocrx_word' id='word_1_162' title='bbox 1697 1990 1795 2061; x_wconf 84' lang='grc' dir='ltr'><strong>τὴν</strong></span> <span class='ocrx_word' id='word_1_163' title='bbox 1837 1988 1929 2043; x_wconf 85' lang='grc' dir='ltr'><strong>τοῦ</strong></span> 
     </span>
    </p>
   </div>
   <div class='ocr_carea' id='block_1_25' title="bbox 342 2075 1933 2152">
    <p class='ocr_par' dir='ltr' id='par_1_25' title="bbox 342 2075 1933 2152">
     <span class='ocr_line' id='line_1_25' title="bbox 342 2075 1933 2152; baseline 0.003 -24"><span class='ocrx_word' id='word_1_164' title='bbox 342 2076 473 2147; x_wconf 81' lang='grc' dir='ltr'>βίου</span> <span class='ocrx_word' id='word_1_165' title='bbox 517 2075 629 2129; x_wconf 89' lang='grc' dir='ltr'><strong>τῶν</strong></span> <span class='ocrx_word' id='word_1_166' title='bbox 672 2076 971 2148; x_wconf 86' lang='grc' dir='ltr'>ἀνθρώπων</span> <span class='ocrx_word' id='word_1_167' title='bbox 1014 2078 1210 2132; x_wconf 85' lang='grc' dir='ltr'>κακίαν</span> <span class='ocrx_word' id='word_1_168' title='bbox 1258 2081 1353 2133; x_wconf 71' lang='grc' dir='ltr'>καὶ</span> <span class='ocrx_word' id='word_1_169' title='bbox 1412 2080 1489 2151; x_wconf 84' lang='grc' dir='ltr'><strong>μὴ</strong></span> <span class='ocrx_word' id='word_1_170' title='bbox 1538 2079 1933 2152; x_wconf 81' lang='grc' dir='ltr'>πεπυρωμένος</span> 
     </span>
    </p>
   </div>
   <div class='ocr_carea' id='block_1_26' title="bbox 340 2169 1931 2243">
    <p class='ocr_par' dir='ltr' id='par_1_26' title="bbox 340 2169 1931 2243">
     <span class='ocr_line' id='line_1_26' title="bbox 340 2169 1931 2243; baseline 0.001 -21"><span class='ocrx_word' id='word_1_171' title='bbox 340 2170 457 2223; x_wconf 82' lang='grc' dir='ltr'><strong>ὑπὸ</strong></span> <span class='ocrx_word' id='word_1_172' title='bbox 498 2169 597 2238; x_wconf 79' lang='grc' dir='ltr'><strong>τῆς</strong></span> <span class='ocrx_word' id='word_1_173' title='bbox 629 2170 920 2242; x_wconf 85' lang='grc' dir='ltr'>ἁμαρτίας,</span> <span class='ocrx_word' id='word_1_174' title='bbox 954 2170 1090 2243; x_wconf 84' lang='grc' dir='ltr'>μηδὲ</span> <span class='ocrx_word' id='word_1_175' title='bbox 1135 2171 1209 2234; x_wconf 87' lang='grc' dir='ltr'>ὼς</span> <span class='ocrx_word' id='word_1_176' title='bbox 1251 2171 1501 2226; x_wconf 79' lang='grc' dir='ltr'>κλίϐανον</span> <span class='ocrx_word' id='word_1_177' title='bbox 1535 2171 1714 2243; x_wconf 86' lang='grc' dir='ltr'>πλήρη</span> <span class='ocrx_word' id='word_1_178' title='bbox 1760 2171 1931 2243; x_wconf 79' lang='grc' dir='ltr'>πυρὸς</span> 
     </span>
    </p>
   </div>
   <div class='ocr_carea' id='block_1_27' title="bbox 337 2258 1929 2333">
    <p class='ocr_par' dir='ltr' id='par_1_27' title="bbox 337 2258 1929 2333">
     <span class='ocr_line' id='line_1_27' title="bbox 337 2258 1929 2333; baseline 0.003 -22"><span class='ocrx_word' id='word_1_179' title='bbox 337 2258 449 2330; x_wconf 84' lang='grc' dir='ltr'>τὴν</span> <span class='ocrx_word' id='word_1_180' title='bbox 488 2260 713 2330; x_wconf 83' lang='grc' dir='ltr'>καρδίαν</span> <span class='ocrx_word' id='word_1_181' title='bbox 746 2260 1010 2331; x_wconf 80' lang='grc' dir='ltr'>ἐσχηκὼς,</span> <span class='ocrx_word' id='word_1_182' title='bbox 1043 2260 1117 2332; x_wconf 85' lang='grc' dir='ltr'>μὴ</span> <span class='ocrx_word' id='word_1_183' title='bbox 1163 2261 1378 2315; x_wconf 80' lang='grc' dir='ltr'>ἔλαττον</span> <span class='ocrx_word' id='word_1_184' title='bbox 1410 2262 1794 2333; x_wconf 84' lang='grc' dir='ltr'>εύχαριστείτω</span> <span class='ocrx_word' id='word_1_185' title='bbox 1821 2262 1929 2316; x_wconf 86' lang='grc' dir='ltr'><strong>τῶν</strong></span> 
     </span>
    </p>
   </div>
   <div class='ocr_carea' id='block_1_28' title="bbox 343 2349 1931 2424">
    <p class='ocr_par' dir='ltr' id='par_1_28' title="bbox 343 2349 1931 2424">
     <span class='ocr_line' id='line_1_28' title="bbox 343 2349 1931 2424; baseline 0.004 -23"><span class='ocrx_word' id='word_1_186' title='bbox 343 2349 406 2401; x_wconf 79' lang='grc' dir='ltr'><strong>ἐν</strong></span> <span class='ocrx_word' id='word_1_187' title='bbox 440 2352 579 2421; x_wconf 59' lang='grc' dir='ltr'><strong>πυρί¹</strong></span> <span class='ocrx_word' id='word_1_188' title='bbox 604 2351 795 2421; x_wconf 84' lang='grc' dir='ltr'>δρόσου</span> <span class='ocrx_word' id='word_1_189' title='bbox 841 2356 1257 2424; x_wconf 85' lang='grc' dir='ltr'>πεπειραμένων</span> <span class='ocrx_word' id='word_1_190' title='bbox 1291 2353 1423 2424; x_wconf 72' lang='lat'><strong>(28).</strong></span> <span class='ocrx_word' id='word_1_191' title='bbox 1462 2353 1620 2407; x_wconf 84' lang='grc' dir='ltr'>Ἀλλὰ</span> <span class='ocrx_word' id='word_1_192' title='bbox 1663 2356 1755 2407; x_wconf 75' lang='grc' dir='ltr'><strong>καὶ</strong></span> <span class='ocrx_word' id='word_1_193' title='bbox 1793 2354 1821 2405; x_wconf 90' lang='grc' dir='ltr'><strong>ὁ</strong></span> <span class='ocrx_word' id='word_1_194' title='bbox 1871 2356 1931 2407; x_wconf 86' lang='grc' dir='ltr'><strong>ἐν</strong></span> 
     </span>
    </p>
   </div>
   <div class='ocr_carea' id='block_1_29' title="bbox 340 2441 1931 2516">
    <p class='ocr_par' dir='ltr' id='par_1_29' title="bbox 340 2441 1931 2516">
     <span class='ocr_line' id='line_1_29' title="bbox 340 2441 1931 2516; baseline 0.004 -23"><span class='ocrx_word' id='word_1_195' title='bbox 340 2441 428 2511; x_wconf 81' lang='grc' dir='ltr'><strong>τῷ</strong></span> <span class='ocrx_word' id='word_1_196' title='bbox 464 2441 724 2507; x_wconf 71' lang='grc' dir='ltr'>εὔξασθαι</span> <span class='ocrx_word' id='word_1_197' title='bbox 759 2445 852 2496; x_wconf 52' lang='grc' dir='ltr'><strong>καὶ⁷</strong></span> <span class='ocrx_word' id='word_1_198' title='bbox 888 2446 1194 2516; x_wconf 77' lang='grc' dir='ltr'><strong>εἰρηκέναι⁹</strong></span> <span class='ocrx_word' id='word_1_199' title='bbox 1235 2446 1331 2514; x_wconf 82' lang='grc' dir='ltr'><strong>Μὴ</strong></span> <span class='ocrx_word' id='word_1_200' title='bbox 1369 2446 1647 2515; x_wconf 77' lang='grc' dir='ltr'>παραδῷς</span> <span class='ocrx_word' id='word_1_201' title='bbox 1677 2445 1799 2511; x_wconf 81' lang='grc' dir='ltr'>τοῖς</span> <span class='ocrx_word' id='word_1_202' title='bbox 1832 2448 1931 2513; x_wconf 86' lang='grc' dir='ltr'>θη-</span> 
     </span>
    </p>
   </div>
   <div class='ocr_carea' id='block_1_30' title="bbox 337 2535 1928 2606">
    <p class='ocr_par' dir='ltr' id='par_1_30' title="bbox 337 2535 1928 2606">
     <span class='ocr_line' id='line_1_30' title="bbox 337 2535 1928 2606; baseline 0.002 -20"><span class='ocrx_word' id='word_1_203' title='bbox 337 2535 509 2603; x_wconf 77' lang='grc' dir='ltr'>ρίοις</span> <span class='ocrx_word' id='word_1_204' title='bbox 544 2536 756 2602; x_wconf 67' lang='grc' dir='ltr'>ψυχὴν</span> <span class='ocrx_word' id='word_1_205' title='bbox 787 2536 1345 2606; x_wconf 76' lang='grc' dir='ltr'>ἐξομολογουμένην</span> <span class='ocrx_word' id='word_1_206' title='bbox 1391 2535 1528 2600; x_wconf 77' lang='grc' dir='ltr'>σοι,</span> <span class='ocrx_word' id='word_1_207' title='bbox 1556 2537 1928 2604; x_wconf 80' lang='grc' dir='ltr'>ἐπακουσθεὶς,</span> 
     </span>
    </p>
   </div>
   <div class='ocr_carea' id='block_1_31' title="bbox 345 2624 1930 2698">
    <p class='ocr_par' dir='ltr' id='par_1_31' title="bbox 345 2624 1930 2698">
     <span class='ocr_line' id='line_1_31' title="bbox 345 2624 1930 2698; baseline 0.004 -23"><span class='ocrx_word' id='word_1_208' title='bbox 345 2624 448 2675; x_wconf 72' lang='grc' dir='ltr'><strong>καὶ</strong></span> <span class='ocrx_word' id='word_1_209' title='bbox 493 2624 656 2695; x_wconf 76' lang='grc' dir='ltr'>μηδὲν</span> <span class='ocrx_word' id='word_1_210' title='bbox 688 2625 795 2676; x_wconf 85' lang='grc' dir='ltr'><strong>ἀπὸ</strong></span> <span class='ocrx_word' id='word_1_211' title='bbox 828 2626 927 2695; x_wconf 79' lang='grc' dir='ltr'><strong>τῆς</strong></span> <span class='ocrx_word' id='word_1_212' title='bbox 956 2626 1175 2689; x_wconf 83' lang='grc' dir='ltr'>ἀσπίδος</span> <span class='ocrx_word' id='word_1_213' title='bbox 1212 2629 1305 2681; x_wconf 66' lang='grc' dir='ltr'><strong>κα)⁸</strong></span> <span class='ocrx_word' id='word_1_214' title='bbox 1345 2627 1437 2681; x_wconf 91' lang='grc' dir='ltr'><strong>τοῦ</strong></span> <span class='ocrx_word' id='word_1_215' title='bbox 1478 2627 1788 2698; x_wconf 86' lang='grc' dir='ltr'>βασιλίσκου</span> <span class='ocrx_word' id='word_1_216' title='bbox 1825 2646 1930 2682; x_wconf 88' lang='grc' dir='ltr'>πα-</span> 
     </span>
    </p>
   </div>
   <div class='ocr_carea' id='block_1_32' title="bbox 344 2714 1929 2789">
    <p class='ocr_par' dir='ltr' id='par_1_32' title="bbox 344 2714 1929 2789">
     <span class='ocr_line' id='line_1_32' title="bbox 344 2714 1929 2789; baseline 0.004 -22"><span class='ocrx_word' id='word_1_217' title='bbox 344 2714 491 2779; x_wconf 82' lang='grc' dir='ltr'>θὼν,</span> <span class='ocrx_word' id='word_1_218' title='bbox 518 2716 596 2787; x_wconf 81' lang='grc' dir='ltr'><strong>τῷ</strong></span> <span class='ocrx_word' id='word_1_219' title='bbox 617 2716 713 2771; x_wconf 81' lang='grc' dir='ltr'>διὰ</span> <span class='ocrx_word' id='word_1_220' title='bbox 744 2717 976 2788; x_wconf 87' lang='grc' dir='ltr'>Χριστὸν</span> <span class='ocrx_word' id='word_1_221' title='bbox 996 2717 1157 2771; x_wconf 77' lang='grc' dir='ltr'>αὑτὸν</span> <span class='ocrx_word' id='word_1_222' title='bbox 1184 2718 1360 2771; x_wconf 77' lang='grc' dir='ltr'>αὐτῶν</span> <span class='ocrx_word' id='word_1_223' title='bbox 1387 2717 1796 2786; x_wconf 71' lang='grc' dir='ltr'>ἐπιϐεϐηκέναι</span> <span class='ocrx_word' id='word_1_224' title='bbox 1821 2718 1929 2789; x_wconf 70' lang='grc'>(29)</span> 
     </span>
    </p>
   </div>
   <div class='ocr_carea' id='block_1_33' title="bbox 340 2805 1932 2880">
    <p class='ocr_par' dir='ltr' id='par_1_33' title="bbox 340 2805 1932 2880">
     <span class='ocr_line' id='line_1_33' title="bbox 340 2805 1932 2880; baseline 0 -17"><span class='ocrx_word' id='word_1_225' title='bbox 340 2807 449 2863; x_wconf 74' lang='grc' dir='ltr'><strong>καί</strong></span> <span class='ocrx_word' id='word_1_226' title='bbox 501 2806 929 2874; x_wconf 74' lang='grc' dir='ltr'>καταπατήσας</span> <span class='ocrx_word' id='word_1_227' title='bbox 975 2807 1193 2861; x_wconf 79' lang='grc' dir='ltr'>λέοντα</span> <span class='ocrx_word' id='word_1_228' title='bbox 1243 2809 1341 2862; x_wconf 82' lang='grc' dir='ltr'>καὶ</span> <span class='ocrx_word' id='word_1_229' title='bbox 1400 2808 1714 2875; x_wconf 77' lang='grc' dir='ltr'>δράκοντα,</span> <span class='ocrx_word' id='word_1_230' title='bbox 1756 2805 1820 2880; x_wconf 80' lang='grc' dir='ltr'>τῇ</span> <span class='ocrx_word' id='word_1_231' title='bbox 1870 2826 1932 2863; x_wconf 87' lang='grc' dir='ltr'><strong>τε</strong></span> 
     </span>
    </p>
   </div>
   <div class='ocr_carea' id='block_1_34' title="bbox 342 2899 1929 2973">
    <p class='ocr_par' dir='ltr' id='par_1_34' title="bbox 342 2899 1929 2973">
     <span class='ocr_line' id='line_1_34' title="bbox 342 2899 1929 2973; baseline 0 -18"><span class='ocrx_word' id='word_1_232' title='bbox 342 2900 495 2971; x_wconf 82' lang='grc' dir='ltr'>καλῇ</span> <span class='ocrx_word' id='word_1_233' title='bbox 534 2900 777 2967; x_wconf 68' lang='grc' dir='ltr'>ἐξουσίᾳ</span> <span class='ocrx_word' id='word_1_234' title='bbox 809 2902 913 2954; x_wconf 78' lang='grc' dir='ltr'><strong>ὑπὸ</strong></span> <span class='ocrx_word' id='word_1_235' title='bbox 956 2899 1129 2971; x_wconf 88' lang='grc' dir='ltr'>Ἰησοῦ</span> <span class='ocrx_word' id='word_1_236' title='bbox 1161 2899 1412 2973; x_wconf 74' lang='grc' dir='ltr'>διδομένη</span> <span class='ocrx_word' id='word_1_237' title='bbox 1441 2900 1781 2972; x_wconf 87' lang='grc' dir='ltr'>χρησάμενος</span> <span class='ocrx_word' id='word_1_238' title='bbox 1821 2900 1929 2955; x_wconf 87' lang='grc' dir='ltr'><strong>τοῦ</strong></span> 
     </span>
    </p>
   </div>
   <div class='ocr_carea' id='block_1_35' title="bbox 343 2991 1926 3060">
    <p class='ocr_par' dir='ltr' id='par_1_35' title="bbox 343 2991 1926 3060">
     <span class='ocr_line' id='line_1_35' title="bbox 343 2991 1926 3060; baseline 0.001 -15"><span class='ocrx_word' id='word_1_239' title='bbox 343 2993 565 3047; x_wconf 76' lang='grc' dir='ltr'>πατεῖν</span> <span class='ocrx_word' id='word_1_240' title='bbox 587 2991 784 3045; x_wconf 77' lang='grc' dir='ltr'>ἐπάνω</span> <span class='ocrx_word' id='word_1_241' title='bbox 814 2991 1005 3060; x_wconf 60' lang='grc' dir='ltr'>ὄφεων</span> <span class='ocrx_word' id='word_1_242' title='bbox 1027 2991 1124 3046; x_wconf 78' lang='grc' dir='ltr'>καὶ</span> <span class='ocrx_word' id='word_1_243' title='bbox 1147 2993 1451 3059; x_wconf 71' lang='grc' dir='ltr'>σκορπίων</span> <span class='ocrx_word' id='word_1_244' title='bbox 1473 2993 1569 3045; x_wconf 85' lang='grc' dir='ltr'>καὶ</span> <span class='ocrx_word' id='word_1_245' title='bbox 1594 2993 1692 3045; x_wconf 80' lang='grc' dir='ltr'><strong>ἐπὶ</strong></span> <span class='ocrx_word' id='word_1_246' title='bbox 1722 2992 1926 3047; x_wconf 81' lang='grc' dir='ltr'>πᾶσαν</span> 
     </span>
    </p>
   </div>
   <div class='ocr_carea' id='block_1_36' title="bbox 346 3084 1926 3156">
    <p class='ocr_par' dir='ltr' id='par_1_36' title="bbox 346 3084 1926 3156">
     <span class='ocr_line' id='line_1_36' title="bbox 346 3084 1926 3156; baseline 0.002 -19"><span class='ocrx_word' id='word_1_247' title='bbox 346 3085 469 3153; x_wconf 78' lang='grc' dir='ltr'><strong>τὴν</strong></span> <span class='ocrx_word' id='word_1_248' title='bbox 502 3087 754 3153; x_wconf 77' lang='grc' dir='ltr'>δύναμιν</span> <span class='ocrx_word' id='word_1_249' title='bbox 792 3084 897 3137; x_wconf 82' lang='grc' dir='ltr'><strong>τοῦ</strong></span> <span class='ocrx_word' id='word_1_250' title='bbox 928 3084 1164 3152; x_wconf 82' lang='grc' dir='ltr'>ἐχθροῦ,</span> <span class='ocrx_word' id='word_1_251' title='bbox 1201 3084 1294 3137; x_wconf 75' lang='grc' dir='ltr'><strong>καὶ</strong></span> <span class='ocrx_word' id='word_1_252' title='bbox 1326 3085 1491 3156; x_wconf 80' lang='grc' dir='ltr'>μηδὲν</span> <span class='ocrx_word' id='word_1_253' title='bbox 1523 3086 1627 3138; x_wconf 76' lang='grc' dir='ltr'><strong>ὑπὸ</strong></span> <span class='ocrx_word' id='word_1_254' title='bbox 1656 3084 1763 3138; x_wconf 89' lang='grc' dir='ltr'><strong>τῶν</strong></span> <span class='ocrx_word' id='word_1_255' title='bbox 1804 3103 1926 3140; x_wconf 89' lang='grc' dir='ltr'>τοσ-</span> 
     </span>
    </p>
   </div>
   <div class='ocr_carea' id='block_1_37' title="bbox 349 3177 1923 3252">
    <p class='ocr_par' dir='ltr' id='par_1_37' title="bbox 349 3177 1923 3252">
     <span class='ocr_line' id='line_1_37' title="bbox 349 3177 1923 3252; baseline 0.003 -22"><span class='ocrx_word' id='word_1_256' title='bbox 349 3177 528 3231; x_wconf 86' lang='grc' dir='ltr'>ούτων</span> <span class='ocrx_word' id='word_1_257' title='bbox 560 3178 851 3249; x_wconf 77' lang='grc' dir='ltr'>ἀδικηθεὶς,</span> <span class='ocrx_word' id='word_1_258' title='bbox 885 3178 1063 3231; x_wconf 88' lang='grc' dir='ltr'>πλεῖον</span> <span class='ocrx_word' id='word_1_259' title='bbox 1088 3178 1178 3231; x_wconf 87' lang='grc' dir='ltr'><strong>τοῦ</strong></span> <span class='ocrx_word' id='word_1_260' title='bbox 1219 3178 1416 3250; x_wconf 82' lang='grc' dir='ltr'>Δανιὴλ</span> <span class='ocrx_word' id='word_1_261' title='bbox 1456 3179 1923 3252; x_wconf 84' lang='grc' dir='ltr'>εὐχαριστησάτω,</span> 
     </span>
    </p>
   </div>
   <div class='ocr_carea' id='block_1_38' title="bbox 356 3273 1924 3350">
    <p class='ocr_par' dir='ltr' id='par_1_38' title="bbox 356 3273 1924 3350">
     <span class='ocr_line' id='line_1_38' title="bbox 356 3273 1924 3350; baseline 0.004 -25"><span class='ocrx_word' id='word_1_262' title='bbox 356 3273 457 3325; x_wconf 83' lang='grc' dir='ltr'>ἆτε</span> <span class='ocrx_word' id='word_1_263' title='bbox 499 3274 603 3327; x_wconf 75' lang='grc' dir='ltr'>ἀπὸ</span> <span class='ocrx_word' id='word_1_264' title='bbox 639 3273 1024 3345; x_wconf 70' lang='grc' dir='ltr'>φοϐερωτέρων</span> <span class='ocrx_word' id='word_1_265' title='bbox 1074 3275 1167 3327; x_wconf 70' lang='grc' dir='ltr'><strong>καὶ</strong></span> <span class='ocrx_word' id='word_1_266' title='bbox 1207 3274 1670 3350; x_wconf 77' lang='grc' dir='ltr'>ὲπιὸλαϐεστέρων</span> <span class='ocrx_word' id='word_1_267' title='bbox 1710 3276 1924 3349; x_wconf 77' lang='grc' dir='ltr'>ῥυσθεὶς</span> 
     </span>
    </p>
   </div>
   <div class='ocr_carea' id='block_1_39' title="bbox 354 3355 1925 3439">
    <p class='ocr_par' dir='ltr' id='par_1_39' title="bbox 354 3355 1925 3439">
     <span class='ocr_line' id='line_1_39' title="bbox 354 3355 1925 3439; baseline 0.002 -22"><span class='ocrx_word' id='word_1_268' title='bbox 354 3355 582 3435; x_wconf 83' lang='grc' dir='ltr'>θηρίων.</span> <span class='ocrx_word' id='word_1_269' title='bbox 624 3365 766 3436; x_wconf 81' lang='grc' dir='ltr'>Πρὸς</span> <span class='ocrx_word' id='word_1_270' title='bbox 805 3364 1033 3428; x_wconf 80' lang='grc' dir='ltr'>τούτοις,</span> <span class='ocrx_word' id='word_1_271' title='bbox 1068 3365 1095 3417; x_wconf 86' lang='grc' dir='ltr'>ὁ</span> <span class='ocrx_word' id='word_1_272' title='bbox 1135 3366 1493 3435; x_wconf 77' lang='grc' dir='ltr'>πεπεισμένος</span> <span class='ocrx_word' id='word_1_273' title='bbox 1537 3367 1691 3419; x_wconf 89' lang='grc' dir='ltr'>ποίου</span> <span class='ocrx_word' id='word_1_274' title='bbox 1727 3368 1925 3439; x_wconf 86' lang='grc' dir='ltr'>κήτους</span> 
     </span>
    </p>
   </div>
   <div class='ocr_carea' id='block_1_40' title="bbox 351 3455 1921 3529">
    <p class='ocr_par' dir='ltr' id='par_1_40' title="bbox 351 3455 1921 3529">
     <span class='ocr_line' id='line_1_40' title="bbox 351 3455 1921 3529; baseline 0.004 -20"><span class='ocrx_word' id='word_1_275' title='bbox 351 3457 525 3519; x_wconf 87' lang='grc' dir='ltr'>τύπος</span> <span class='ocrx_word' id='word_1_276' title='bbox 576 3456 636 3509; x_wconf 76' lang='grc' dir='ltr'>τὸ</span> <span class='ocrx_word' id='word_1_277' title='bbox 682 3455 1077 3520; x_wconf 85' lang='grc' dir='ltr'>καταπεπωκὸς</span> <span class='ocrx_word' id='word_1_278' title='bbox 1116 3457 1207 3510; x_wconf 85' lang='grc' dir='ltr'><strong>τὸν</strong></span> <span class='ocrx_word' id='word_1_279' title='bbox 1251 3457 1431 3510; x_wconf 84' lang='grc' dir='ltr'>Ἰωνᾶν</span> <span class='ocrx_word' id='word_1_280' title='bbox 1480 3457 1742 3528; x_wconf 79' lang='grc' dir='ltr'>ἐτύγχανε</span> <span class='ocrx_word' id='word_1_281' title='bbox 1789 3459 1921 3529; x_wconf 76' lang='grc'>(50),</span> 
     </span>
    </p>
   </div>
   <div class='ocr_carea' id='block_1_41' title="bbox 351 3548 1923 3604">
    <p class='ocr_par' dir='ltr' id='par_1_41' title="bbox 351 3548 1923 3604">
     <span class='ocr_line' id='line_1_41' title="bbox 351 3548 1923 3604; baseline 0.001 -2"><span class='ocrx_word' id='word_1_282' title='bbox 351 3551 450 3602; x_wconf 75' lang='grc' dir='ltr'>καὶ</span> <span class='ocrx_word' id='word_1_283' title='bbox 485 3548 797 3603; x_wconf 79' lang='grc' dir='ltr'>καταλαϐών</span> <span class='ocrx_word' id='word_1_284' title='bbox 828 3567 887 3602; x_wconf 90' lang='grc' dir='ltr'><strong>τε</strong></span> <span class='ocrx_word' id='word_1_285' title='bbox 916 3551 996 3603; x_wconf 84' lang='grc' dir='ltr'>ὅτι</span> <span class='ocrx_word' id='word_1_286' title='bbox 1029 3548 1234 3602; x_wconf 79' lang='grc' dir='ltr'>ἐκείνου</span> <span class='ocrx_word' id='word_1_287' title='bbox 1277 3548 1371 3602; x_wconf 89' lang='grc' dir='ltr'><strong>τοῦ</strong></span> <span class='ocrx_word' id='word_1_288' title='bbox 1422 3549 1525 3604; x_wconf 84' lang='grc' dir='ltr'><strong>ὑπὸ</strong></span> <span class='ocrx_word' id='word_1_289' title='bbox 1566 3549 1658 3603; x_wconf 89' lang='grc' dir='ltr'><strong>τοῦ</strong></span> <span class='ocrx_word' id='word_1_290' title='bbox 1704 3550 1820 3604; x_wconf 80' lang='grc' dir='ltr'><strong>Ἰὼϐ</strong></span> <span class='ocrx_word' id='word_1_291' title='bbox 1845 3554 1923 3604; x_wconf 82' lang='grc' dir='ltr'><strong>εἰ·</strong></span> 
     </span>
    </p>
   </div>
   <div class='ocr_carea' id='block_1_42' title="bbox 353 3640 1926 3713">
    <p class='ocr_par' dir='ltr' id='par_1_42' title="bbox 353 3640 1926 3713">
     <span class='ocr_line' id='line_1_42' title="bbox 353 3640 1926 3713; baseline 0.003 -21"><span class='ocrx_word' id='word_1_292' title='bbox 353 3658 423 3713; x_wconf 88' lang='grc' dir='ltr'><strong>ρη</strong></span> <span class='ocrx_word' id='word_1_293' title='bbox 433 3640 595 3712; x_wconf 81' lang='grc' dir='ltr'>μένου</span> <span class='ocrx_word' id='word_1_294' title='bbox 615 3656 628 3670; x_wconf 89' lang='grc'><strong>·</strong></span> <span class='ocrx_word' id='word_1_295' title='bbox 657 3640 1066 3709; x_wconf 81' lang='grc' dir='ltr'>Καταράσαιτο</span> <span class='ocrx_word' id='word_1_296' title='bbox 1097 3641 1290 3710; x_wconf 80' lang='grc' dir='ltr'>αὐτὴν</span> <span class='ocrx_word' id='word_1_297' title='bbox 1315 3645 1348 3696; x_wconf 84' lang='grc' dir='ltr'><em>ὁ</em></span> <span class='ocrx_word' id='word_1_298' title='bbox 1375 3642 1775 3712; x_wconf 68' lang='grc' dir='ltr'>καταρώμενος</span> <span class='ocrx_word' id='word_1_299' title='bbox 1813 3643 1926 3712; x_wconf 79' lang='grc' dir='ltr'><strong>τὴν</strong></span> 
     </span>
    </p>
   </div>
   <div class='ocr_carea' id='block_1_43' title="bbox 350 3733 1925 3806">
    <p class='ocr_par' dir='ltr' id='par_1_43' title="bbox 350 3733 1925 3806">
     <span class='ocr_line' id='line_1_43' title="bbox 350 3733 1925 3806; baseline 0.001 -20"><span class='ocrx_word' id='word_1_300' title='bbox 350 3733 583 3802; x_wconf 74' lang='grc' dir='ltr'>ἡμέραν</span> <span class='ocrx_word' id='word_1_301' title='bbox 604 3733 862 3802; x_wconf 70' lang='grc' dir='ltr'>ἐκείνην,</span> <span class='ocrx_word' id='word_1_302' title='bbox 886 3738 917 3787; x_wconf 78' lang='grc' dir='ltr'><em>ὁ</em></span> <span class='ocrx_word' id='word_1_303' title='bbox 937 3733 1179 3803; x_wconf 80' lang='grc' dir='ltr'><strong>μέλλων</strong></span> <span class='ocrx_word' id='word_1_304' title='bbox 1209 3735 1275 3787; x_wconf 85' lang='grc' dir='ltr'>τὸ</span> <span class='ocrx_word' id='word_1_305' title='bbox 1300 3735 1453 3806; x_wconf 81' lang='grc' dir='ltr'>μέγα</span> <span class='ocrx_word' id='word_1_306' title='bbox 1497 3735 1678 3805; x_wconf 81' lang='grc' dir='ltr'>κῆτος</span> <span class='ocrx_word' id='word_1_307' title='bbox 1726 3737 1925 3806; x_wconf 85' lang='grc' dir='ltr'>χειρώ-</span> 
     </span>
    </p>
   </div>
   <div class='ocr_carea' id='block_1_44' title="bbox 350 3826 1924 3901">
    <p class='ocr_par' dir='ltr' id='par_1_44' title="bbox 350 3826 1924 3901">
     <span class='ocr_line' id='line_1_44' title="bbox 350 3826 1924 3901; baseline 0.003 -22"><span class='ocrx_word' id='word_1_308' title='bbox 350 3830 582 3881; x_wconf 84' lang='grc' dir='ltr'>σασθαι</span> <span class='ocrx_word' id='word_1_309' title='bbox 599 3843 613 3856; x_wconf 73' lang='grc' dir='ltr'><strong>ο</strong></span> <span class='ocrx_word' id='word_1_310' title='bbox 636 3827 729 3880; x_wconf 81' lang='grc' dir='ltr'><strong>ἐάν</strong></span> <span class='ocrx_word' id='word_1_311' title='bbox 756 3844 883 3881; x_wconf 87' lang='grc' dir='ltr'>ποτε</span> <span class='ocrx_word' id='word_1_312' title='bbox 915 3827 1136 3896; x_wconf 85' lang='grc' dir='ltr'>γένηται</span> <span class='ocrx_word' id='word_1_313' title='bbox 1158 3826 1247 3880; x_wconf 86' lang='grc' dir='ltr'><strong>διά</strong></span> <span class='ocrx_word' id='word_1_314' title='bbox 1266 3844 1384 3880; x_wconf 88' lang='grc' dir='ltr'>τινα</span> <span class='ocrx_word' id='word_1_315' title='bbox 1400 3829 1648 3883; x_wconf 84' lang='grc' dir='ltr'>ἀπειθίαν</span> <span class='ocrx_word' id='word_1_316' title='bbox 1665 3831 1721 3883; x_wconf 84' lang='grc' dir='ltr'><strong>ἐν</strong></span> <span class='ocrx_word' id='word_1_317' title='bbox 1741 3832 1807 3901; x_wconf 82' lang='grc' dir='ltr'>τῇ</span> <span class='ocrx_word' id='word_1_318' title='bbox 1830 3829 1924 3884; x_wconf 86' lang='grc' dir='ltr'><strong>τοῦ</strong></span> 
     </span>
    </p>
   </div>
   <div class='ocr_carea' id='block_1_45' title="bbox 351 3918 1926 3992">
    <p class='ocr_par' dir='ltr' id='par_1_45' title="bbox 351 3918 1926 3992">
     <span class='ocr_line' id='line_1_45' title="bbox 351 3918 1926 3992; baseline 0.002 -20"><span class='ocrx_word' id='word_1_319' title='bbox 351 3923 553 3992; x_wconf 83' lang='grc' dir='ltr'>κήτους</span> <span class='ocrx_word' id='word_1_320' title='bbox 582 3920 777 3991; x_wconf 73' lang='grc' dir='ltr'>κοιλίᾳ·</span> <span class='ocrx_word' id='word_1_321' title='bbox 802 3918 1072 3991; x_wconf 84' lang='grc' dir='ltr'>μετανοῶν</span> <span class='ocrx_word' id='word_1_322' title='bbox 1089 3918 1352 3985; x_wconf 79' lang='grc' dir='ltr'>εὑξάσθω,</span> <span class='ocrx_word' id='word_1_323' title='bbox 1377 3920 1624 3974; x_wconf 84' lang='grc' dir='ltr'>κάκεῖθεν</span> <span class='ocrx_word' id='word_1_324' title='bbox 1655 3922 1926 3990; x_wconf 83' lang='grc' dir='ltr'>ἐξελεύσε-</span> 
     </span>
    </p>
   </div>
   <div class='ocr_carea' id='block_1_46' title="bbox 350 4011 1925 4087">
    <p class='ocr_par' dir='ltr' id='par_1_46' title="bbox 350 4011 1925 4087">
     <span class='ocr_line' id='line_1_46' title="bbox 350 4011 1925 4087; baseline -0.001 -21"><span class='ocrx_word' id='word_1_325' title='bbox 350 4030 441 4066; x_wconf 90' lang='grc' dir='ltr'><strong>ται</strong></span> <span class='ocrx_word' id='word_1_326' title='bbox 460 4012 592 4083; x_wconf 77' lang='grc'><strong>(31)⁹</strong></span> <span class='ocrx_word' id='word_1_327' title='bbox 618 4011 844 4079; x_wconf 79' lang='grc' dir='ltr'>ἐξελθών</span> <span class='ocrx_word' id='word_1_328' title='bbox 856 4030 913 4065; x_wconf 88' lang='grc' dir='ltr'><strong>τε</strong></span> <span class='ocrx_word' id='word_1_329' title='bbox 931 4012 1201 4083; x_wconf 85' lang='grc' dir='ltr'>ἐπιμένων</span> <span class='ocrx_word' id='word_1_330' title='bbox 1230 4012 1308 4083; x_wconf 83' lang='grc' dir='ltr'>τῷ</span> <span class='ocrx_word' id='word_1_331' title='bbox 1329 4013 1725 4078; x_wconf 86' lang='grc' dir='ltr'>πείθεσθαιτοίς</span> <span class='ocrx_word' id='word_1_332' title='bbox 1755 4030 1925 4087; x_wconf 88' lang='grc' dir='ltr'>προσ-</span> 
     </span>
    </p>
   </div>
   <div class='ocr_carea' id='block_1_47' title="bbox 350 4102 1924 4176">
    <p class='ocr_par' dir='ltr' id='par_1_47' title="bbox 350 4102 1924 4176">
     <span class='ocr_line' id='line_1_47' title="bbox 350 4102 1924 4176; baseline 0.001 -18"><span class='ocrx_word' id='word_1_333' title='bbox 350 4105 602 4174; x_wconf 84' lang='grc' dir='ltr'>τάγμασι</span> <span class='ocrx_word' id='word_1_334' title='bbox 616 4102 709 4156; x_wconf 91' lang='grc' dir='ltr'><strong>τοῦ</strong></span> <span class='ocrx_word' id='word_1_335' title='bbox 731 4102 887 4167; x_wconf 83' lang='grc' dir='ltr'>Θεοῦ,</span> <span class='ocrx_word' id='word_1_336' title='bbox 902 4103 1202 4174; x_wconf 84' lang='grc' dir='ltr'>δυνήσεται,</span> <span class='ocrx_word' id='word_1_337' title='bbox 1214 4103 1356 4159; x_wconf 87' lang='grc' dir='ltr'><strong>κατά</strong></span> <span class='ocrx_word' id='word_1_338' title='bbox 1368 4105 1464 4176; x_wconf 86' lang='grc' dir='ltr'>τὴν</span> <span class='ocrx_word' id='word_1_339' title='bbox 1476 4105 1816 4176; x_wconf 82' lang='grc' dir='ltr'>χρηστότητα</span> <span class='ocrx_word' id='word_1_340' title='bbox 1831 4104 1924 4159; x_wconf 86' lang='grc' dir='ltr'><strong>τοῦ</strong></span> 
     </span>
    </p>
   </div>
   <div class='ocr_carea' id='block_1_48' title="bbox 350 4195 1924 4267">
    <p class='ocr_par' dir='ltr' id='par_1_48' title="bbox 350 4195 1924 4267">
     <span class='ocr_line' id='line_1_48' title="bbox 350 4195 1924 4267; baseline -0.001 -16"><span class='ocrx_word' id='word_1_341' title='bbox 350 4196 669 4266; x_wconf 81' lang='grc' dir='ltr'>Πνεῦματος</span> <span class='ocrx_word' id='word_1_342' title='bbox 704 4195 1081 4267; x_wconf 80' lang='grc' dir='ltr'>προφητεύσας</span> <span class='ocrx_word' id='word_1_343' title='bbox 1113 4197 1206 4248; x_wconf 69' lang='grc' dir='ltr'><strong>καὶ</strong></span> <span class='ocrx_word' id='word_1_344' title='bbox 1234 4195 1328 4250; x_wconf 88' lang='grc' dir='ltr'><strong>νῦν</strong></span> <span class='ocrx_word' id='word_1_345' title='bbox 1358 4196 1661 4259; x_wconf 82' lang='grc' dir='ltr'>Νινευῖταις</span> <span class='ocrx_word' id='word_1_346' title='bbox 1692 4196 1924 4251; x_wconf 86' lang='grc' dir='ltr'>ἀπολλυ-</span> 
     </span>
    </p>
   </div>
   <div class='ocr_carea' id='block_1_49' title="bbox 355 4288 1920 4361">
    <p class='ocr_par' dir='ltr' id='par_1_49' title="bbox 355 4288 1920 4361">
     <span class='ocr_line' id='line_1_49' title="bbox 355 4288 1920 4361; baseline -0.001 -17"><span class='ocrx_word' id='word_1_347' title='bbox 355 4292 558 4360; x_wconf 85' lang='grc' dir='ltr'>μένοις,</span> <span class='ocrx_word' id='word_1_348' title='bbox 579 4290 848 4360; x_wconf 76' lang='grc' dir='ltr'>πρόφασις</span> <span class='ocrx_word' id='word_1_349' title='bbox 869 4289 1052 4353; x_wconf 81' lang='grc' dir='ltr'>αὐτοῖς</span> <span class='ocrx_word' id='word_1_350' title='bbox 1081 4288 1329 4359; x_wconf 88' lang='grc' dir='ltr'>γενέσθαι</span> <span class='ocrx_word' id='word_1_351' title='bbox 1359 4289 1653 4361; x_wconf 78' lang='grc' dir='ltr'>σωτηρίας·</span> <span class='ocrx_word' id='word_1_352' title='bbox 1691 4289 1763 4360; x_wconf 85' lang='grc' dir='ltr'>μὴ</span> <span class='ocrx_word' id='word_1_353' title='bbox 1795 4289 1920 4342; x_wconf 88' lang='grc' dir='ltr'>δυσ-</span> 
     </span>
    </p>
   </div>
   <div class='ocr_carea' id='block_1_50' title="bbox 2039 606 3600 677">
    <p class='ocr_par' dir='ltr' id='par_1_50' title="bbox 2039 606 3600 677">
     <span class='ocr_line' id='line_1_50' title="bbox 2039 606 3600 677; baseline 0 -16"><span class='ocrx_word' id='word_1_354' title='bbox 2039 622 2123 661; x_wconf 92' lang='lat' dir='ltr'><strong>ma</strong></span> <span class='ocrx_word' id='word_1_355' title='bbox 2178 606 2413 668; x_wconf 88' lang='lat' dir='ltr'><strong>sterilis,</strong></span> <span class='ocrx_word' id='word_1_356' title='bbox 2467 606 2558 660; x_wconf 89' lang='lat' dir='ltr'><strong>sed</strong></span> <span class='ocrx_word' id='word_1_357' title='bbox 2614 606 2949 676; x_wconf 85' lang='lat' dir='ltr'><strong>spiritualem</strong></span> <span class='ocrx_word' id='word_1_358' title='bbox 3005 607 3174 677; x_wconf 82' lang='lat' dir='ltr'><strong>legem</strong></span> <span class='ocrx_word' id='word_1_359' title='bbox 3224 606 3600 677; x_wconf 87' lang='lat' dir='ltr'><strong>spirituaiibus</strong></span> 
     </span>
    </p>
   </div>
   <div class='ocr_carea' id='block_1_51' title="bbox 2038 697 3599 765">
    <p class='ocr_par' dir='ltr' id='par_1_51' title="bbox 2038 697 3599 765">
     <span class='ocr_line' id='line_1_51' title="bbox 2038 697 3599 765; baseline 0.001 -14"><span class='ocrx_word' id='word_1_360' title='bbox 2038 697 2261 753; x_wconf 85' lang='lat' dir='ltr'><strong>auribus</strong></span> <span class='ocrx_word' id='word_1_361' title='bbox 2292 698 2577 749; x_wconf 83' lang='lat' dir='ltr'><strong>audiamus</strong></span> <span class='ocrx_word' id='word_1_362' title='bbox 2596 740 2610 763; x_wconf 92' lang='lat'><strong>,</strong></span> <span class='ocrx_word' id='word_1_363' title='bbox 2638 712 2745 765; x_wconf 88' lang='lat' dir='ltr'><strong>quo</strong></span> <span class='ocrx_word' id='word_1_364' title='bbox 2774 699 3085 753; x_wconf 83' lang='lat' dir='ltr'><strong>desinamus</strong></span> <span class='ocrx_word' id='word_1_365' title='bbox 3115 714 3233 753; x_wconf 86' lang='lat' dir='ltr'><strong>esse</strong></span> <span class='ocrx_word' id='word_1_366' title='bbox 3262 699 3478 755; x_wconf 84' lang='lat' dir='ltr'><strong>steriles</strong></span> <span class='ocrx_word' id='word_1_367' title='bbox 3503 741 3518 765; x_wconf 89' lang='lat'><strong>,</strong></span> <span class='ocrx_word' id='word_1_368' title='bbox 3546 712 3599 755; x_wconf 88' lang='lat' dir='ltr'><strong>et</strong></span> 
     </span>
    </p>
   </div>
   <div class='ocr_carea' id='block_1_52' title="bbox 2038 790 3599 858">
    <p class='ocr_par' dir='ltr' id='par_1_52' title="bbox 2038 790 3599 858">
     <span class='ocr_line' id='line_1_52' title="bbox 2038 790 3599 858; baseline 0.004 -17"><span class='ocrx_word' id='word_1_369' title='bbox 2038 800 2095 841; x_wconf 88' lang='lat' dir='ltr'><strong>ut</strong></span> <span class='ocrx_word' id='word_1_370' title='bbox 2128 791 2284 843; x_wconf 88' lang='lat' dir='ltr'><strong>Anna</strong></span> <span class='ocrx_word' id='word_1_371' title='bbox 2318 799 2479 858; x_wconf 87' lang='lat' dir='ltr'><strong>atque</strong></span> <span class='ocrx_word' id='word_1_372' title='bbox 2512 790 2777 843; x_wconf 81' lang='lat' dir='ltr'><strong>Ezechias</strong></span> <span class='ocrx_word' id='word_1_373' title='bbox 2811 792 3207 858; x_wconf 82' lang='lat' dir='ltr'><strong>exaudiamur;</strong></span> <span class='ocrx_word' id='word_1_374' title='bbox 3254 791 3384 846; x_wconf 86' lang='lat' dir='ltr'><strong>item</strong></span> <span class='ocrx_word' id='word_1_375' title='bbox 3431 801 3488 847; x_wconf 91' lang='lat' dir='ltr'><strong>ut</strong></span> <span class='ocrx_word' id='word_1_376' title='bbox 3531 793 3599 848; x_wconf 88' lang='lat' dir='ltr'><strong>ab</strong></span> 
     </span>
    </p>
   </div>
   <div class='ocr_carea' id='block_1_53' title="bbox 2038 880 3602 953">
    <p class='ocr_par' dir='ltr' id='par_1_53' title="bbox 2038 880 3602 953">
     <span class='ocr_line' id='line_1_53' title="bbox 2038 880 3602 953; baseline 0.003 -19"><span class='ocrx_word' id='word_1_377' title='bbox 2038 880 2430 936; x_wconf 84' lang='lat' dir='ltr'><strong>insidiantibus</strong></span> <span class='ocrx_word' id='word_1_378' title='bbox 2462 881 2700 935; x_wconf 88' lang='lat' dir='ltr'><strong>inimicis</strong></span> <span class='ocrx_word' id='word_1_379' title='bbox 2732 883 3114 951; x_wconf 83' lang='lat' dir='ltr'><strong>spiritualibus</strong></span> <span class='ocrx_word' id='word_1_380' title='bbox 3164 884 3422 953; x_wconf 67' lang='lat' dir='ltr'><strong>nequitia:</strong></span> <span class='ocrx_word' id='word_1_381' title='bbox 3461 884 3602 939; x_wconf 87' lang='lat' dir='ltr'><strong>libe-</strong></span> 
     </span>
    </p>
   </div>
   <div class='ocr_carea' id='block_1_54' title="bbox 2037 971 3597 1036">
    <p class='ocr_par' dir='ltr' id='par_1_54' title="bbox 2037 971 3597 1036">
     <span class='ocr_line' id='line_1_54' title="bbox 2037 971 3597 1036; baseline 0.005 -12"><span class='ocrx_word' id='word_1_382' title='bbox 2037 987 2240 1036; x_wconf 90' lang='lat' dir='ltr'><strong>remur,</strong></span> <span class='ocrx_word' id='word_1_383' title='bbox 2270 982 2327 1025; x_wconf 92' lang='lat' dir='ltr'><strong>ut</strong></span> <span class='ocrx_word' id='word_1_384' title='bbox 2374 971 2741 1026; x_wconf 72' lang='lat' dir='ltr'><strong>Mardochceus</strong></span> <span class='ocrx_word' id='word_1_385' title='bbox 2784 982 2839 1026; x_wconf 89' lang='lat' dir='ltr'><strong>et</strong></span> <span class='ocrx_word' id='word_1_386' title='bbox 2880 974 3077 1028; x_wconf 86' lang='lat' dir='ltr'><strong>Esther</strong></span> <span class='ocrx_word' id='word_1_387' title='bbox 3112 984 3164 1029; x_wconf 88' lang='lat' dir='ltr'><strong>et</strong></span> <span class='ocrx_word' id='word_1_388' title='bbox 3214 974 3420 1032; x_wconf 87' lang='lat' dir='ltr'><strong>Judith.</strong></span> <span class='ocrx_word' id='word_1_389' title='bbox 3465 977 3597 1032; x_wconf 90' lang='lat' dir='ltr'><strong>ltem</strong></span> 
     </span>
    </p>
   </div>
   <div class='ocr_carea' id='block_1_55' title="bbox 2034 1062 3601 1134">
    <p class='ocr_par' dir='ltr' id='par_1_55' title="bbox 2034 1062 3601 1134">
     <span class='ocr_line' id='line_1_55' title="bbox 2034 1062 3601 1134; baseline 0.006 -18"><span class='ocrx_word' id='word_1_390' title='bbox 2034 1066 2290 1133; x_wconf 84' lang='lat' dir='ltr'><strong>quoniam</strong></span> <span class='ocrx_word' id='word_1_391' title='bbox 2322 1065 2509 1120; x_wconf 80' lang='lat' dir='ltr'><strong>fornax</strong></span> <span class='ocrx_word' id='word_1_392' title='bbox 2541 1065 2717 1119; x_wconf 89' lang='lat' dir='ltr'><strong>ferrea</strong></span> <span class='ocrx_word' id='word_1_393' title='bbox 2749 1062 3017 1134; x_wconf 67' lang='lat' dir='ltr'><strong>ASgyptus</strong></span> <span class='ocrx_word' id='word_1_394' title='bbox 3046 1076 3163 1132; x_wconf 88' lang='lat' dir='ltr'><strong>est,</strong></span> <span class='ocrx_word' id='word_1_395' title='bbox 3196 1070 3399 1123; x_wconf 89' lang='lat' dir='ltr'><strong>terreni</strong></span> <span class='ocrx_word' id='word_1_396' title='bbox 3424 1070 3601 1127; x_wconf 89' lang='lat' dir='ltr'><strong>omnis</strong></span> 
     </span>
    </p>
   </div>
   <div class='ocr_carea' id='block_1_56' title="bbox 2036 1153 3601 1225">
    <p class='ocr_par' dir='ltr' id='par_1_56' title="bbox 2036 1153 3601 1225">
     <span class='ocr_line' id='line_1_56' title="bbox 2036 1153 3601 1225; baseline 0.004 -18"><span class='ocrx_word' id='word_1_397' title='bbox 2036 1153 2139 1209; x_wconf 91' lang='lat' dir='ltr'><strong>loci</strong></span> <span class='ocrx_word' id='word_1_398' title='bbox 2178 1154 2387 1225; x_wconf 82' lang='lat' dir='ltr'><strong>ﬁgura,</strong></span> <span class='ocrx_word' id='word_1_399' title='bbox 2415 1155 2725 1225; x_wconf 88' lang='lat' dir='ltr'><strong>quicunque</strong></span> <span class='ocrx_word' id='word_1_400' title='bbox 2756 1154 3002 1209; x_wconf 74' lang='lat' dir='ltr'><strong>humana:</strong></span> <span class='ocrx_word' id='word_1_401' title='bbox 3043 1157 3165 1211; x_wconf 67' lang='lat' dir='ltr'><strong>vita:</strong></span> <span class='ocrx_word' id='word_1_402' title='bbox 3212 1159 3473 1213; x_wconf 85' lang='lat' dir='ltr'><strong>malitiam</strong></span> <span class='ocrx_word' id='word_1_403' title='bbox 3517 1158 3601 1214; x_wconf 87' lang='lat' dir='ltr'><strong>cf-</strong></span> 
     </span>
    </p>
   </div>
   <div class='ocr_carea' id='block_1_57' title="bbox 2036 1245 3602 1317">
    <p class='ocr_par' dir='ltr' id='par_1_57' title="bbox 2036 1245 3602 1317">
     <span class='ocr_line' id='line_1_57' title="bbox 2036 1245 3602 1317; baseline 0.003 -17"><span class='ocrx_word' id='word_1_404' title='bbox 2036 1245 2202 1317; x_wconf 82' lang='lat' dir='ltr'><strong>fugit,</strong></span> <span class='ocrx_word' id='word_1_405' title='bbox 2236 1262 2336 1301; x_wconf 90' lang='lat' dir='ltr'><strong>nec</strong></span> <span class='ocrx_word' id='word_1_406' title='bbox 2365 1263 2393 1300; x_wconf 92' lang='lat' dir='ltr'><strong>a</strong></span> <span class='ocrx_word' id='word_1_407' title='bbox 2430 1256 2652 1315; x_wconf 87' lang='lat' dir='ltr'><strong>peccato</strong></span> <span class='ocrx_word' id='word_1_408' title='bbox 2686 1245 3050 1300; x_wconf 84' lang='lat' dir='ltr'><strong>inﬂammatus</strong></span> <span class='ocrx_word' id='word_1_409' title='bbox 3078 1257 3162 1301; x_wconf 87' lang='lat' dir='ltr'><strong>est</strong></span> <span class='ocrx_word' id='word_1_410' title='bbox 3187 1291 3200 1313; x_wconf 86' lang='lat'><strong>,</strong></span> <span class='ocrx_word' id='word_1_411' title='bbox 3235 1265 3334 1304; x_wconf 87' lang='lat' dir='ltr'><strong>nec</strong></span> <span class='ocrx_word' id='word_1_412' title='bbox 3370 1266 3466 1305; x_wconf 90' lang='lat' dir='ltr'><strong>cor</strong></span> <span class='ocrx_word' id='word_1_413' title='bbox 3503 1251 3602 1306; x_wconf 89' lang='lat' dir='ltr'><strong>ha-</strong></span> 
     </span>
    </p>
   </div>
   <div class='ocr_carea' id='block_1_58' title="bbox 2032 1338 3601 1412">
    <p class='ocr_par' dir='ltr' id='par_1_58' title="bbox 2032 1338 3601 1412">
     <span class='ocr_line' id='line_1_58' title="bbox 2032 1338 3601 1412; baseline 0.001 -18"><span class='ocrx_word' id='word_1_414' title='bbox 2032 1339 2127 1394; x_wconf 85' lang='lat' dir='ltr'><strong>bet</strong></span> <span class='ocrx_word' id='word_1_415' title='bbox 2155 1339 2356 1393; x_wconf 87' lang='lat' dir='ltr'><strong>clibani</strong></span> <span class='ocrx_word' id='word_1_416' title='bbox 2388 1339 2562 1394; x_wconf 88' lang='lat' dir='ltr'><strong>inslar</strong></span> <span class='ocrx_word' id='word_1_417' title='bbox 2592 1338 2714 1407; x_wconf 85' lang='lat' dir='ltr'><strong>igne</strong></span> <span class='ocrx_word' id='word_1_418' title='bbox 2742 1338 3000 1407; x_wconf 84' lang='lat' dir='ltr'><strong>plenum,</strong></span> <span class='ocrx_word' id='word_1_419' title='bbox 3046 1355 3151 1392; x_wconf 90' lang='lat' dir='ltr'><strong>non</strong></span> <span class='ocrx_word' id='word_1_420' title='bbox 3197 1341 3435 1396; x_wconf 83' lang='lat' dir='ltr'><strong>minores</strong></span> <span class='ocrx_word' id='word_1_421' title='bbox 3474 1359 3601 1412; x_wconf 69' lang='lat' dir='ltr'><strong>grao</strong></span> 
     </span>
    </p>
   </div>
   <div class='ocr_carea' id='block_1_59' title="bbox 2035 1427 3600 1500">
    <p class='ocr_par' dir='ltr' id='par_1_59' title="bbox 2035 1427 3600 1500">
     <span class='ocr_line' id='line_1_59' title="bbox 2035 1427 3600 1500; baseline 0.003 -15"><span class='ocrx_word' id='word_1_422' title='bbox 2035 1432 2139 1487; x_wconf 88' lang='lat' dir='ltr'><strong>tias</strong></span> <span class='ocrx_word' id='word_1_423' title='bbox 2172 1427 2373 1486; x_wconf 80' lang='lat' dir='ltr'><strong>referat</strong></span> <span class='ocrx_word' id='word_1_424' title='bbox 2403 1446 2563 1499; x_wconf 88' lang='lat' dir='ltr'><strong>quam</strong></span> <span class='ocrx_word' id='word_1_425' title='bbox 2597 1431 2692 1500; x_wconf 92' lang='lat' dir='ltr'><strong>qui</strong></span> <span class='ocrx_word' id='word_1_426' title='bbox 2723 1446 2903 1486; x_wconf 91' lang='lat' dir='ltr'><strong>rorem</strong></span> <span class='ocrx_word' id='word_1_427' title='bbox 2947 1430 2999 1485; x_wconf 92' lang='lat' dir='ltr'><strong>in</strong></span> <span class='ocrx_word' id='word_1_428' title='bbox 3038 1431 3161 1500; x_wconf 81' lang='lat' dir='ltr'><strong>igne</strong></span> <span class='ocrx_word' id='word_1_429' title='bbox 3202 1435 3409 1500; x_wconf 84' lang='lat' dir='ltr'><strong>experti</strong></span> <span class='ocrx_word' id='word_1_430' title='bbox 3452 1446 3600 1489; x_wconf 90' lang='lat' dir='ltr'><strong>sunt.</strong></span> 
     </span>
    </p>
   </div>
   <div class='ocr_carea' id='block_1_60' title="bbox 2032 1522 3601 1593">
    <p class='ocr_par' dir='ltr' id='par_1_60' title="bbox 2032 1522 3601 1593">
     <span class='ocr_line' id='line_1_60' title="bbox 2032 1522 3601 1593; baseline 0 -15"><span class='ocrx_word' id='word_1_431' title='bbox 2032 1524 2164 1578; x_wconf 85' lang='lat' dir='ltr'><strong>item</strong></span> <span class='ocrx_word' id='word_1_432' title='bbox 2223 1523 2364 1593; x_wconf 87' lang='lat' dir='ltr'><strong>quis,</strong></span> <span class='ocrx_word' id='word_1_433' title='bbox 2422 1538 2543 1577; x_wconf 92' lang='lat' dir='ltr'><strong>cum</strong></span> <span class='ocrx_word' id='word_1_434' title='bbox 2605 1533 2787 1577; x_wconf 89' lang='lat' dir='ltr'><strong>oraret</strong></span> <span class='ocrx_word' id='word_1_435' title='bbox 2848 1538 2912 1577; x_wconf 92' lang='lat' dir='ltr'><strong>ac</strong></span> <span class='ocrx_word' id='word_1_436' title='bbox 2967 1523 3216 1577; x_wconf 91' lang='lat' dir='ltr'><strong>diceret:</strong></span> <span class='ocrx_word' id='word_1_437' title='bbox 3279 1522 3362 1577; x_wconf 83' lang='lat' dir='ltr'><strong>Ne</strong></span> <span class='ocrx_word' id='word_1_438' title='bbox 3421 1528 3601 1579; x_wconf 79' lang='lat' dir='ltr'><strong>tradas</strong></span> 
     </span>
    </p>
   </div>
   <div class='ocr_carea' id='block_1_61' title="bbox 2034 1613 3602 1683">
    <p class='ocr_par' dir='ltr' id='par_1_61' title="bbox 2034 1613 3602 1683">
     <span class='ocr_line' id='line_1_61' title="bbox 2034 1613 3602 1683; baseline 0.002 -14"><span class='ocrx_word' id='word_1_439' title='bbox 2034 1616 2208 1669; x_wconf 80' lang='lat' dir='ltr'><strong>bestiis</strong></span> <span class='ocrx_word' id='word_1_440' title='bbox 2242 1617 2470 1669; x_wconf 87' lang='lat' dir='ltr'><strong>animam</strong></span> <span class='ocrx_word' id='word_1_441' title='bbox 2502 1615 2827 1683; x_wconf 83' lang='lat' dir='ltr'><strong>conﬁtentem</strong></span> <span class='ocrx_word' id='word_1_442' title='bbox 2867 1613 2958 1668; x_wconf 90' lang='lat' dir='ltr'><strong>tibi</strong></span> <span class='ocrx_word' id='word_1_443' title='bbox 2990 1614 3076 1680; x_wconf 77' lang='lat'><strong>“‘,</strong></span> <span class='ocrx_word' id='word_1_444' title='bbox 3100 1617 3381 1670; x_wconf 81' lang='lat' dir='ltr'><strong>exauditus</strong></span> <span class='ocrx_word' id='word_1_445' title='bbox 3419 1624 3521 1681; x_wconf 86' lang='lat' dir='ltr'><strong>est,</strong></span> <span class='ocrx_word' id='word_1_446' title='bbox 3546 1628 3602 1672; x_wconf 88' lang='lat' dir='ltr'><strong>et</strong></span> 
     </span>
    </p>
   </div>
   <div class='ocr_carea' id='block_1_62' title="bbox 2030 1702 3596 1776">
    <p class='ocr_par' dir='ltr' id='par_1_62' title="bbox 2030 1702 3596 1776">
     <span class='ocr_line' id='line_1_62' title="bbox 2030 1702 3596 1776; baseline -0.002 -14"><span class='ocrx_word' id='word_1_447' title='bbox 2030 1706 2099 1762; x_wconf 91' lang='lat' dir='ltr'><strong>ab</strong></span> <span class='ocrx_word' id='word_1_448' title='bbox 2135 1706 2319 1776; x_wconf 87' lang='lat' dir='ltr'><strong>aspide</strong></span> <span class='ocrx_word' id='word_1_449' title='bbox 2364 1715 2415 1761; x_wconf 90' lang='lat' dir='ltr'><strong>et</strong></span> <span class='ocrx_word' id='word_1_450' title='bbox 2470 1704 2720 1759; x_wconf 80' lang='lat' dir='ltr'><strong>basilisco</strong></span> <span class='ocrx_word' id='word_1_451' title='bbox 2773 1703 2906 1758; x_wconf 91' lang='lat' dir='ltr'><strong>nihil</strong></span> <span class='ocrx_word' id='word_1_452' title='bbox 2958 1702 3119 1759; x_wconf 76' lang='lat' dir='ltr'><strong>lcesus</strong></span> <span class='ocrx_word' id='word_1_453' title='bbox 3173 1714 3287 1766; x_wconf 87' lang='lat' dir='ltr'><strong>est,</strong></span> <span class='ocrx_word' id='word_1_454' title='bbox 3338 1720 3403 1758; x_wconf 92' lang='lat' dir='ltr'><strong>eo</strong></span> <span class='ocrx_word' id='word_1_455' title='bbox 3454 1707 3596 1775; x_wconf 81' lang='lat' dir='ltr'><strong>quod</strong></span> 
     </span>
    </p>
   </div>
   <div class='ocr_carea' id='block_1_63' title="bbox 2029 1796 3598 1866">
    <p class='ocr_par' dir='ltr' id='par_1_63' title="bbox 2029 1796 3598 1866">
     <span class='ocr_line' id='line_1_63' title="bbox 2029 1796 3598 1866; baseline -0.001 -13"><span class='ocrx_word' id='word_1_456' title='bbox 2029 1815 2185 1866; x_wconf 90' lang='lat' dir='ltr'><strong>super</strong></span> <span class='ocrx_word' id='word_1_457' title='bbox 2224 1799 2313 1852; x_wconf 89' lang='lat' dir='ltr'><strong>illa</strong></span> <span class='ocrx_word' id='word_1_458' title='bbox 2343 1796 2544 1853; x_wconf 87' lang='lat' dir='ltr'><strong>Christi</strong></span> <span class='ocrx_word' id='word_1_459' title='bbox 2596 1798 2793 1852; x_wconf 88' lang='lat' dir='ltr'><strong>virtute</strong></span> <span class='ocrx_word' id='word_1_460' title='bbox 2833 1796 3210 1862; x_wconf 80' lang='lat' dir='ltr'><strong>ambulaverit,</strong></span> <span class='ocrx_word' id='word_1_461' title='bbox 3259 1797 3598 1852; x_wconf 71' lang='lat' dir='ltr'><strong>conculcave—</strong></span> 
     </span>
    </p>
   </div>
   <div class='ocr_carea' id='block_1_64' title="bbox 2031 1889 3595 1962">
    <p class='ocr_par' dir='ltr' id='par_1_64' title="bbox 2031 1889 3595 1962">
     <span class='ocr_line' id='line_1_64' title="bbox 2031 1889 3595 1962; baseline -0.001 -17"><span class='ocrx_word' id='word_1_462' title='bbox 2031 1892 2200 1962; x_wconf 89' lang='lat' dir='ltr'><strong>ritque</strong></span> <span class='ocrx_word' id='word_1_463' title='bbox 2231 1891 2429 1945; x_wconf 86' lang='lat' dir='ltr'><strong>leonem</strong></span> <span class='ocrx_word' id='word_1_464' title='bbox 2457 1900 2505 1944; x_wconf 91' lang='lat' dir='ltr'><strong>et</strong></span> <span class='ocrx_word' id='word_1_465' title='bbox 2547 1890 2827 1943; x_wconf 86' lang='lat' dir='ltr'><strong>draconem</strong></span> <span class='ocrx_word' id='word_1_466' title='bbox 2862 1889 2984 1952; x_wconf 81' lang='grc' dir='ltr'>¹⁰⁴⁶ς</span> <span class='ocrx_word' id='word_1_467' title='bbox 3036 1905 3277 1959; x_wconf 87' lang='lat' dir='ltr'><strong>ususque</strong></span> <span class='ocrx_word' id='word_1_468' title='bbox 3306 1891 3524 1960; x_wconf 80' lang='lat' dir='ltr'><strong>egregia</strong></span> <span class='ocrx_word' id='word_1_469' title='bbox 3567 1908 3595 1944; x_wconf 92' lang='lat' dir='ltr'><strong>a</strong></span> 
     </span>
    </p>
   </div>
   <div class='ocr_carea' id='block_1_65' title="bbox 2032 1980 3596 2053">
    <p class='ocr_par' dir='ltr' id='par_1_65' title="bbox 2032 1980 3596 2053">
     <span class='ocr_line' id='line_1_65' title="bbox 2032 1980 3596 2053; baseline 0 -16"><span class='ocrx_word' id='word_1_470' title='bbox 2032 1984 2252 2038; x_wconf 81' lang='lat' dir='ltr'><strong>Christo</strong></span> <span class='ocrx_word' id='word_1_471' title='bbox 2301 1983 2428 2036; x_wconf 86' lang='lat' dir='ltr'><strong>data</strong></span> <span class='ocrx_word' id='word_1_472' title='bbox 2476 1993 2728 2051; x_wconf 78' lang='lat' dir='ltr'><strong>potestate</strong></span> <span class='ocrx_word' id='word_1_473' title='bbox 2767 1980 3008 2035; x_wconf 86' lang='lat' dir='ltr'><strong>calcandi</strong></span> <span class='ocrx_word' id='word_1_474' title='bbox 3046 1998 3209 2051; x_wconf 85' lang='lat' dir='ltr'><strong>supra</strong></span> <span class='ocrx_word' id='word_1_475' title='bbox 3251 1994 3511 2053; x_wconf 79' lang='lat' dir='ltr'><strong>serpentes</strong></span> <span class='ocrx_word' id='word_1_476' title='bbox 3547 1997 3596 2037; x_wconf 87' lang='lat' dir='ltr'><strong>et</strong></span> 
     </span>
    </p>
   </div>
   <div class='ocr_carea' id='block_1_66' title="bbox 2030 2073 3591 2144">
    <p class='ocr_par' dir='ltr' id='par_1_66' title="bbox 2030 2073 3591 2144">
     <span class='ocr_line' id='line_1_66' title="bbox 2030 2073 3591 2144; baseline -0.002 -14"><span class='ocrx_word' id='word_1_477' title='bbox 2030 2075 2361 2143; x_wconf 83' lang='lat' dir='ltr'><strong>scorpiones,</strong></span> <span class='ocrx_word' id='word_1_478' title='bbox 2414 2083 2462 2127; x_wconf 86' lang='lat' dir='ltr'><strong>et</strong></span> <span class='ocrx_word' id='word_1_479' title='bbox 2511 2090 2670 2144; x_wconf 85' lang='lat' dir='ltr'><strong>super</strong></span> <span class='ocrx_word' id='word_1_480' title='bbox 2719 2089 2918 2127; x_wconf 87' lang='lat' dir='ltr'><strong>omnem</strong></span> <span class='ocrx_word' id='word_1_481' title='bbox 2968 2074 3215 2126; x_wconf 85' lang='lat' dir='ltr'><strong>virtutem</strong></span> <span class='ocrx_word' id='word_1_482' title='bbox 3276 2073 3477 2127; x_wconf 85' lang='lat' dir='ltr'><strong>inimici</strong></span> <span class='ocrx_word' id='word_1_483' title='bbox 3512 2075 3591 2140; x_wconf 63' lang='grc' dir='ltr'>εί,</span> 
     </span>
    </p>
   </div>
   <div class='ocr_carea' id='block_1_67' title="bbox 2031 2163 3598 2235">
    <p class='ocr_par' dir='ltr' id='par_1_67' title="bbox 2031 2163 3598 2235">
     <span class='ocr_line' id='line_1_67' title="bbox 2031 2163 3598 2235; baseline -0.001 -14"><span class='ocrx_word' id='word_1_484' title='bbox 2031 2166 2176 2221; x_wconf 93' lang='lat' dir='ltr'><strong>nulla</strong></span> <span class='ocrx_word' id='word_1_485' title='bbox 2208 2165 2276 2220; x_wconf 89' lang='lat' dir='ltr'><strong>ab</strong></span> <span class='ocrx_word' id='word_1_486' title='bbox 2308 2166 2387 2223; x_wconf 87' lang='lat' dir='ltr'><strong>eis</strong></span> <span class='ocrx_word' id='word_1_487' title='bbox 2422 2165 2619 2235; x_wconf 88' lang='lat' dir='ltr'><strong>injuria</strong></span> <span class='ocrx_word' id='word_1_488' title='bbox 2653 2163 2882 2220; x_wconf 81' lang='lat' dir='ltr'><strong>alfectus</strong></span> <span class='ocrx_word' id='word_1_489' title='bbox 2911 2176 3024 2232; x_wconf 90' lang='lat' dir='ltr'><strong>est,</strong></span> <span class='ocrx_word' id='word_1_490' title='bbox 3060 2164 3351 2234; x_wconf 81' lang='lat' dir='ltr'><strong>ampliores</strong></span> <span class='ocrx_word' id='word_1_491' title='bbox 3380 2165 3598 2220; x_wconf 87' lang='lat' dir='ltr'><strong>Daniele</strong></span> 
     </span>
    </p>
   </div>
   <div class='ocr_carea' id='block_1_68' title="bbox 2010 2256 3596 2329">
    <p class='ocr_par' dir='ltr' id='par_1_68' title="bbox 2010 2256 3596 2329">
     <span class='ocr_line' id='line_1_68' title="bbox 2010 2256 3596 2329; baseline 0.002 -19"><span class='ocrx_word' id='word_1_492' title='bbox 2010 2257 2237 2329; x_wconf 16' lang='lat' dir='ltr'><strong>Agratias</strong></span> <span class='ocrx_word' id='word_1_493' title='bbox 2275 2266 2401 2327; x_wconf 81' lang='lat' dir='ltr'><strong>agat</strong></span> <span class='ocrx_word' id='word_1_494' title='bbox 2431 2297 2446 2321; x_wconf 89' lang='lat'><strong>,</strong></span> <span class='ocrx_word' id='word_1_495' title='bbox 2478 2271 2673 2327; x_wconf 89' lang='lat' dir='ltr'><strong>nempe</strong></span> <span class='ocrx_word' id='word_1_496' title='bbox 2705 2256 3130 2313; x_wconf 89' lang='lat' dir='ltr'><strong>terribilioribus</strong></span> <span class='ocrx_word' id='word_1_497' title='bbox 3162 2258 3596 2313; x_wconf 85' lang='lat' dir='ltr'><strong>nocentioribus-</strong></span> 
     </span>
    </p>
   </div>
   <div class='ocr_carea' id='block_1_69' title="bbox 2030 2348 3595 2420">
    <p class='ocr_par' dir='ltr' id='par_1_69' title="bbox 2030 2348 3595 2420">
     <span class='ocr_line' id='line_1_69' title="bbox 2030 2348 3595 2420; baseline 0 -17"><span class='ocrx_word' id='word_1_498' title='bbox 2030 2366 2135 2418; x_wconf 87' lang='lat' dir='ltr'><strong>que</strong></span> <span class='ocrx_word' id='word_1_499' title='bbox 2163 2349 2359 2405; x_wconf 89' lang='lat' dir='ltr'><strong>belluis</strong></span> <span class='ocrx_word' id='word_1_500' title='bbox 2407 2350 2692 2405; x_wconf 89' lang='lat' dir='ltr'><strong>liberatus.</strong></span> <span class='ocrx_word' id='word_1_501' title='bbox 2726 2348 2990 2404; x_wconf 80' lang='lat' dir='ltr'><strong>Praeterea</strong></span> <span class='ocrx_word' id='word_1_502' title='bbox 3033 2349 3124 2419; x_wconf 89' lang='lat' dir='ltr'><strong>qui</strong></span> <span class='ocrx_word' id='word_1_503' title='bbox 3164 2350 3268 2403; x_wconf 82' lang='lat' dir='ltr'><strong>scit</strong></span> <span class='ocrx_word' id='word_1_504' title='bbox 3307 2350 3458 2420; x_wconf 87' lang='lat' dir='ltr'><strong>cujus</strong></span> <span class='ocrx_word' id='word_1_505' title='bbox 3490 2350 3595 2404; x_wconf 87' lang='lat' dir='ltr'><strong>ceti</strong></span> 
     </span>
    </p>
   </div>
   <div class='ocr_carea' id='block_1_70' title="bbox 2032 2432 3597 2514">
    <p class='ocr_par' dir='ltr' id='par_1_70' title="bbox 2032 2432 3597 2514">
     <span class='ocr_line' id='line_1_70' title="bbox 2032 2432 3597 2514; baseline 0 -17"><span class='ocrx_word' id='word_1_506' title='bbox 2032 2445 2211 2514; x_wconf 81' lang='lat' dir='ltr'><strong>imago</strong></span> <span class='ocrx_word' id='word_1_507' title='bbox 2258 2444 2334 2498; x_wconf 85' lang='lat' dir='ltr'><strong>sit</strong></span> <span class='ocrx_word' id='word_1_508' title='bbox 2379 2444 2471 2498; x_wconf 90' lang='lat' dir='ltr'><strong>ille</strong></span> <span class='ocrx_word' id='word_1_509' title='bbox 2499 2444 2590 2514; x_wconf 89' lang='lat' dir='ltr'><strong>qui</strong></span> <span class='ocrx_word' id='word_1_510' title='bbox 2654 2442 2847 2499; x_wconf 78' lang='lat' dir='ltr'><strong>Jonam</strong></span> <span class='ocrx_word' id='word_1_511' title='bbox 2901 2442 3188 2513; x_wconf 79' lang='lat' dir='ltr'><strong>deglutiit,</strong></span> <span class='ocrx_word' id='word_1_512' title='bbox 3234 2432 3597 2512; x_wconf 84' lang='lat' dir='ltr'><strong>intelligilque</strong></span> 
     </span>
    </p>
   </div>
   <div class='ocr_carea' id='block_1_71' title="bbox 2031 2533 3595 2603">
    <p class='ocr_par' dir='ltr' id='par_1_71' title="bbox 2031 2533 3595 2603">
     <span class='ocr_line' id='line_1_71' title="bbox 2031 2533 3595 2603; baseline 0 -16"><span class='ocrx_word' id='word_1_513' title='bbox 2031 2533 2176 2590; x_wconf 91' lang='lat' dir='ltr'><strong>illius</strong></span> <span class='ocrx_word' id='word_1_514' title='bbox 2204 2550 2325 2590; x_wconf 89' lang='lat' dir='ltr'><strong>esse</strong></span> <span class='ocrx_word' id='word_1_515' title='bbox 2356 2537 2423 2589; x_wconf 90' lang='lat' dir='ltr'><strong>de</strong></span> <span class='ocrx_word' id='word_1_516' title='bbox 2453 2534 2686 2603; x_wconf 60' lang='lat' dir='ltr'><strong>quo‘Job</strong></span> <span class='ocrx_word' id='word_1_517' title='bbox 2718 2536 2794 2589; x_wconf 86' lang='lat' dir='ltr'><strong>ait</strong></span> <span class='ocrx_word' id='word_1_518' title='bbox 2819 2554 2833 2590; x_wconf 91' lang='lat'><strong>:</strong></span> <span class='ocrx_word' id='word_1_519' title='bbox 2863 2534 3150 2589; x_wconf 82' lang='lat' dir='ltr'><strong>Maledicat</strong></span> <span class='ocrx_word' id='word_1_520' title='bbox 3184 2534 3231 2587; x_wconf 85' lang='lat' dir='ltr'><strong>ei</strong></span> <span class='ocrx_word' id='word_1_521' title='bbox 3257 2572 3273 2598; x_wconf 91' lang='lat'><strong>,</strong></span> <span class='ocrx_word' id='word_1_522' title='bbox 3310 2538 3401 2603; x_wconf 91' lang='lat' dir='ltr'><strong>qui</strong></span> <span class='ocrx_word' id='word_1_523' title='bbox 3428 2534 3595 2587; x_wconf 87' lang='lat' dir='ltr'><strong>male-</strong></span> 
     </span>
    </p>
   </div>
   <div class='ocr_carea' id='block_1_72' title="bbox 2033 2624 3598 2696">
    <p class='ocr_par' dir='ltr' id='par_1_72' title="bbox 2033 2624 3598 2696">
     <span class='ocr_line' id='line_1_72' title="bbox 2033 2624 3598 2696; baseline -0.002 -17"><span class='ocrx_word' id='word_1_524' title='bbox 2033 2626 2166 2679; x_wconf 75' lang='lat' dir='ltr'><strong>dicit</strong></span> <span class='ocrx_word' id='word_1_525' title='bbox 2197 2625 2336 2679; x_wconf 87' lang='lat' dir='ltr'><strong>diem</strong></span> <span class='ocrx_word' id='word_1_526' title='bbox 2369 2625 2553 2691; x_wconf 87' lang='lat' dir='ltr'><strong>illam,</strong></span> <span class='ocrx_word' id='word_1_527' title='bbox 2587 2626 2675 2696; x_wconf 92' lang='lat' dir='ltr'><strong>qui</strong></span> <span class='ocrx_word' id='word_1_528' title='bbox 2703 2627 2853 2679; x_wconf 80' lang='lat' dir='ltr'><strong>habet</strong></span> <span class='ocrx_word' id='word_1_529' title='bbox 2911 2641 3161 2693; x_wconf 86' lang='lat' dir='ltr'><strong>magnum</strong></span> <span class='ocrx_word' id='word_1_530' title='bbox 3208 2632 3378 2677; x_wconf 81' lang='lat' dir='ltr'><strong>cetum</strong></span> <span class='ocrx_word' id='word_1_531' title='bbox 3418 2624 3598 2694; x_wconf 86' lang='lat' dir='ltr'><strong>oppri-</strong></span> 
     </span>
    </p>
   </div>
   <div class='ocr_carea' id='block_1_73' title="bbox 2031 2715 3595 2788">
    <p class='ocr_par' dir='ltr' id='par_1_73' title="bbox 2031 2715 3595 2788">
     <span class='ocr_line' id='line_1_73' title="bbox 2031 2715 3595 2788; baseline -0.002 -16"><span class='ocrx_word' id='word_1_532' title='bbox 2031 2734 2169 2772; x_wconf 83' lang='lat' dir='ltr'><strong>mere</strong></span> <span class='ocrx_word' id='word_1_533' title='bbox 2202 2720 2283 2786; x_wconf 80' lang='lat'><strong>&quot;;</strong></span> <span class='ocrx_word' id='word_1_534' title='bbox 2323 2719 2368 2773; x_wconf 92' lang='lat' dir='ltr'><strong>is</strong></span> <span class='ocrx_word' id='word_1_535' title='bbox 2417 2719 2460 2773; x_wconf 87' lang='lat' dir='ltr'><strong>si</strong></span> <span class='ocrx_word' id='word_1_536' title='bbox 2508 2734 2618 2788; x_wconf 93' lang='lat' dir='ltr'><strong>quo</strong></span> <span class='ocrx_word' id='word_1_537' title='bbox 2669 2717 3002 2772; x_wconf 82' lang='lat' dir='ltr'><strong>infidelitatis</strong></span> <span class='ocrx_word' id='word_1_538' title='bbox 3047 2715 3196 2785; x_wconf 85' lang='lat' dir='ltr'><strong>lapsu</strong></span> <span class='ocrx_word' id='word_1_539' title='bbox 3248 2719 3301 2772; x_wconf 91' lang='lat' dir='ltr'><strong>in</strong></span> <span class='ocrx_word' id='word_1_540' title='bbox 3349 2727 3595 2772; x_wconf 84' lang='lat' dir='ltr'><strong>ventrem</strong></span> 
     </span>
    </p>
   </div>
   <div class='ocr_carea' id='block_1_74' title="bbox 2029 2808 3596 2880">
    <p class='ocr_par' dir='ltr' id='par_1_74' title="bbox 2029 2808 3596 2880">
     <span class='ocr_line' id='line_1_74' title="bbox 2029 2808 3596 2880; baseline 0 -17"><span class='ocrx_word' id='word_1_541' title='bbox 2029 2809 2135 2864; x_wconf 91' lang='lat' dir='ltr'><strong>ceti</strong></span> <span class='ocrx_word' id='word_1_542' title='bbox 2169 2810 2518 2878; x_wconf 88' lang='lat' dir='ltr'><strong>pervenerit,</strong></span> <span class='ocrx_word' id='word_1_543' title='bbox 2550 2810 2819 2878; x_wconf 81' lang='lat' dir='ltr'><strong>paenitens</strong></span> <span class='ocrx_word' id='word_1_544' title='bbox 2849 2817 2999 2876; x_wconf 89' lang='lat' dir='ltr'><strong>oret,</strong></span> <span class='ocrx_word' id='word_1_545' title='bbox 3035 2817 3089 2863; x_wconf 92' lang='lat' dir='ltr'><strong>et</strong></span> <span class='ocrx_word' id='word_1_546' title='bbox 3118 2808 3241 2863; x_wconf 77' lang='lat' dir='ltr'><strong>inde</strong></span> <span class='ocrx_word' id='word_1_547' title='bbox 3267 2811 3596 2880; x_wconf 80' lang='lat' dir='ltr'><strong>egredietur,</strong></span> 
     </span>
    </p>
   </div>
   <div class='ocr_carea' id='block_1_75' title="bbox 2028 2901 3591 2972">
    <p class='ocr_par' dir='ltr' id='par_1_75' title="bbox 2028 2901 3591 2972">
     <span class='ocr_line' id='line_1_75' title="bbox 2028 2901 3591 2972; baseline -0.001 -16"><span class='ocrx_word' id='word_1_548' title='bbox 2028 2915 2414 2971; x_wconf 73' lang='lat' dir='ltr'><strong>egressusque,</strong></span> <span class='ocrx_word' id='word_1_549' title='bbox 2449 2901 2494 2955; x_wconf 92' lang='lat' dir='ltr'><strong>si</strong></span> <span class='ocrx_word' id='word_1_550' title='bbox 2543 2902 2635 2956; x_wconf 88' lang='lat' dir='ltr'><strong>Dei</strong></span> <span class='ocrx_word' id='word_1_551' title='bbox 2680 2902 2949 2957; x_wconf 86' lang='lat' dir='ltr'><strong>mandatis</strong></span> <span class='ocrx_word' id='word_1_552' title='bbox 2992 2918 3189 2972; x_wconf 87' lang='lat' dir='ltr'><strong>parere</strong></span> <span class='ocrx_word' id='word_1_553' title='bbox 3235 2913 3591 2972; x_wconf 86' lang='lat' dir='ltr'><strong>perseveret,</strong></span> 
     </span>
    </p>
   </div>
   <div class='ocr_carea' id='block_1_76' title="bbox 2029 2992 3592 3066">
    <p class='ocr_par' dir='ltr' id='par_1_76' title="bbox 2029 2992 3592 3066">
     <span class='ocr_line' id='line_1_76' title="bbox 2029 2992 3592 3066; baseline -0.001 -19"><span class='ocrx_word' id='word_1_554' title='bbox 2029 2993 2249 3062; x_wconf 90' lang='lat' dir='ltr'><strong>poterit,</strong></span> <span class='ocrx_word' id='word_1_555' title='bbox 2278 2992 2441 3048; x_wconf 89' lang='lat' dir='ltr'><strong>editis</strong></span> <span class='ocrx_word' id='word_1_556' title='bbox 2463 2992 2676 3048; x_wconf 82' lang='lat' dir='ltr'><strong>favente</strong></span> <span class='ocrx_word' id='word_1_557' title='bbox 2695 2993 2893 3062; x_wconf 85' lang='lat' dir='ltr'><strong>Spiritu</strong></span> <span class='ocrx_word' id='word_1_558' title='bbox 2913 2994 3077 3066; x_wconf 75' lang='lat'><strong>219</strong></span> <span class='ocrx_word' id='word_1_559' title='bbox 3094 2995 3407 3066; x_wconf 82' lang='lat' dir='ltr'><strong>prophetiis,</strong></span> <span class='ocrx_word' id='word_1_560' title='bbox 3430 2996 3592 3049; x_wconf 85' lang='lat' dir='ltr'><strong>etlam</strong></span> 
     </span>
    </p>
   </div>
   <div class='ocr_carea' id='block_1_77' title="bbox 2030 3082 3590 3154">
    <p class='ocr_par' dir='ltr' id='par_1_77' title="bbox 2030 3082 3590 3154">
     <span class='ocr_line' id='line_1_77' title="bbox 2030 3082 3590 3154; baseline 0.001 -16"><span class='ocrx_word' id='word_1_561' title='bbox 2030 3099 2173 3140; x_wconf 90' lang='lat' dir='ltr'><strong>nunc</strong></span> <span class='ocrx_word' id='word_1_562' title='bbox 2210 3085 2568 3154; x_wconf 88' lang='lat' dir='ltr'><strong>pereuntibus</strong></span> <span class='ocrx_word' id='word_1_563' title='bbox 2625 3082 2881 3139; x_wconf 82' lang='lat' dir='ltr'><strong>Ninivitis</strong></span> <span class='ocrx_word' id='word_1_564' title='bbox 2927 3086 3142 3140; x_wconf 87' lang='lat' dir='ltr'><strong>occasio</strong></span> <span class='ocrx_word' id='word_1_565' title='bbox 3188 3086 3380 3140; x_wconf 89' lang='lat' dir='ltr'><strong>salutis</strong></span> <span class='ocrx_word' id='word_1_566' title='bbox 3429 3100 3590 3153; x_wconf 68' lang='grc' dir='ltr'>(ξε-ξος</span> 
     </span>
    </p>
   </div>
   <div class='ocr_carea' id='block_1_78' title="bbox 2028 3175 3592 3246">
    <p class='ocr_par' dir='ltr' id='par_1_78' title="bbox 2028 3175 3592 3246">
     <span class='ocr_line' id='line_1_78' title="bbox 2028 3175 3592 3246; baseline 0 -17"><span class='ocrx_word' id='word_1_567' title='bbox 2028 3190 2203 3246; x_wconf 90' lang='lat' dir='ltr'><strong>neque</strong></span> <span class='ocrx_word' id='word_1_568' title='bbox 2232 3186 2410 3231; x_wconf 91' lang='lat' dir='ltr'><strong>tamen</strong></span> <span class='ocrx_word' id='word_1_569' title='bbox 2446 3175 2745 3230; x_wconf 87' lang='lat' dir='ltr'><strong>bonitatem</strong></span> <span class='ocrx_word' id='word_1_570' title='bbox 2779 3175 2871 3229; x_wconf 90' lang='lat' dir='ltr'><strong>Dei</strong></span> <span class='ocrx_word' id='word_1_571' title='bbox 2914 3175 3139 3232; x_wconf 90' lang='lat' dir='ltr'><strong>moleste</strong></span> <span class='ocrx_word' id='word_1_572' title='bbox 3179 3176 3350 3241; x_wconf 86' lang='lat' dir='ltr'><strong>feret,</strong></span> <span class='ocrx_word' id='word_1_573' title='bbox 3384 3193 3483 3232; x_wconf 89' lang='lat' dir='ltr'><strong>nec</strong></span> <span class='ocrx_word' id='word_1_574' title='bbox 3524 3177 3592 3231; x_wconf 90' lang='lat' dir='ltr'><strong>il-</strong></span> 
     </span>
    </p>
   </div>
   <div class='ocr_carea' id='block_1_79' title="bbox 2027 3266 3594 3336">
    <p class='ocr_par' dir='ltr' id='par_1_79' title="bbox 2027 3266 3594 3336">
     <span class='ocr_line' id='line_1_79' title="bbox 2027 3266 3594 3336; baseline 0.001 -15"><span class='ocrx_word' id='word_1_575' title='bbox 2027 3266 2135 3321; x_wconf 91' lang='lat' dir='ltr'><strong>lum</strong></span> <span class='ocrx_word' id='word_1_576' title='bbox 2177 3267 2386 3336; x_wconf 88' lang='lat' dir='ltr'><strong>optabit</strong></span> <span class='ocrx_word' id='word_1_577' title='bbox 2422 3266 2778 3323; x_wconf 85' lang='lat' dir='ltr'><strong>exscindendi</strong></span> <span class='ocrx_word' id='word_1_578' title='bbox 2818 3266 3148 3321; x_wconf 86' lang='lat' dir='ltr'><strong>voluntatem</strong></span> <span class='ocrx_word' id='word_1_579' title='bbox 3182 3268 3234 3320; x_wconf 92' lang='lat' dir='ltr'><strong>in</strong></span> <span class='ocrx_word' id='word_1_580' title='bbox 3266 3268 3594 3335; x_wconf 70' lang='lat' dir='ltr'><strong>ptenitentcs</strong></span> 
     </span>
    </p>
   </div>
   <div class='ocr_carea' id='block_1_80' title="bbox 2026 3359 3596 3429">
    <p class='ocr_par' dir='ltr' id='par_1_80' title="bbox 2026 3359 3596 3429">
     <span class='ocr_line' id='line_1_80' title="bbox 2026 3359 3596 3429; baseline 0 -15"><span class='ocrx_word' id='word_1_581' title='bbox 2026 3360 2285 3417; x_wconf 90' lang='lat' dir='ltr'><strong>retinere.</strong></span> <span class='ocrx_word' id='word_1_582' title='bbox 2319 3359 2476 3427; x_wconf 84' lang='lat' dir='ltr'><strong>Quod</strong></span> <span class='ocrx_word' id='word_1_583' title='bbox 2508 3368 2690 3415; x_wconf 88' lang='lat' dir='ltr'><strong>autem</strong></span> <span class='ocrx_word' id='word_1_584' title='bbox 2726 3360 3021 3414; x_wconf 83' lang='lat' dir='ltr'><strong>maximum</strong></span> <span class='ocrx_word' id='word_1_585' title='bbox 3056 3374 3153 3429; x_wconf 81' lang='lat' dir='ltr'><strong>per</strong></span> <span class='ocrx_word' id='word_1_586' title='bbox 3181 3361 3481 3414; x_wconf 89' lang='lat' dir='ltr'><strong>orationem</strong></span> <span class='ocrx_word' id='word_1_587' title='bbox 3516 3359 3596 3415; x_wconf 88' lang='lat' dir='ltr'><strong>fe-</strong></span> 
     </span>
    </p>
   </div>
   <div class='ocr_carea' id='block_1_81' title="bbox 2026 3448 3592 3519">
    <p class='ocr_par' dir='ltr' id='par_1_81' title="bbox 2026 3448 3592 3519">
     <span class='ocr_line' id='line_1_81' title="bbox 2026 3448 3592 3519; baseline -0.001 -13"><span class='ocrx_word' id='word_1_588' title='bbox 2026 3453 2167 3506; x_wconf 90' lang='lat' dir='ltr'><strong>cisse</strong></span> <span class='ocrx_word' id='word_1_589' title='bbox 2203 3448 2419 3505; x_wconf 90' lang='lat' dir='ltr'><strong>Samuel</strong></span> <span class='ocrx_word' id='word_1_590' title='bbox 2454 3450 2677 3515; x_wconf 90' lang='lat' dir='ltr'><strong>dicitur,</strong></span> <span class='ocrx_word' id='word_1_591' title='bbox 2714 3450 2817 3504; x_wconf 87' lang='lat' dir='ltr'><strong>hoc</strong></span> <span class='ocrx_word' id='word_1_592' title='bbox 2851 3465 2994 3503; x_wconf 92' lang='lat' dir='ltr'><strong>nunc</strong></span> <span class='ocrx_word' id='word_1_593' title='bbox 3024 3449 3188 3504; x_wconf 89' lang='lat' dir='ltr'><strong>etiam</strong></span> <span class='ocrx_word' id='word_1_594' title='bbox 3220 3459 3397 3518; x_wconf 86' lang='lat' dir='ltr'><strong>potest</strong></span> <span class='ocrx_word' id='word_1_595' title='bbox 3425 3450 3592 3519; x_wconf 84' lang='lat' dir='ltr'><strong>quili-</strong></span> 
     </span>
    </p>
   </div>
   <div class='ocr_carea' id='block_1_82' title="bbox 2027 3541 3594 3612">
    <p class='ocr_par' dir='ltr' id='par_1_82' title="bbox 2027 3541 3594 3612">
     <span class='ocr_line' id='line_1_82' title="bbox 2027 3541 3594 3612; baseline 0 -15"><span class='ocrx_word' id='word_1_596' title='bbox 2027 3544 2119 3598; x_wconf 82' lang='lat' dir='ltr'><strong>bet</strong></span> <span class='ocrx_word' id='word_1_597' title='bbox 2149 3558 2335 3598; x_wconf 91' lang='lat' dir='ltr'><strong>eorum</strong></span> <span class='ocrx_word' id='word_1_598' title='bbox 2366 3546 2458 3612; x_wconf 87' lang='lat' dir='ltr'><strong>qui</strong></span> <span class='ocrx_word' id='word_1_599' title='bbox 2493 3541 2603 3596; x_wconf 90' lang='lat' dir='ltr'><strong>Deo</strong></span> <span class='ocrx_word' id='word_1_600' title='bbox 2635 3557 2763 3596; x_wconf 88' lang='lat' dir='ltr'><strong>vere</strong></span> <span class='ocrx_word' id='word_1_601' title='bbox 2804 3541 3003 3595; x_wconf 91' lang='lat' dir='ltr'><strong>addicti</strong></span> <span class='ocrx_word' id='word_1_602' title='bbox 3042 3549 3203 3605; x_wconf 91' lang='lat' dir='ltr'><strong>sunt,</strong></span> <span class='ocrx_word' id='word_1_603' title='bbox 3240 3542 3594 3610; x_wconf 85' lang='lat' dir='ltr'><strong>spiritualiter</strong></span> 
     </span>
    </p>
   </div>
   <div class='ocr_carea' id='block_1_83' title="bbox 2025 3634 3589 3707">
    <p class='ocr_par' dir='ltr' id='par_1_83' title="bbox 2025 3634 3589 3707">
     <span class='ocr_line' id='line_1_83' title="bbox 2025 3634 3589 3707; baseline -0.001 -16"><span class='ocrx_word' id='word_1_604' title='bbox 2025 3636 2326 3707; x_wconf 82' lang='lat' dir='ltr'><strong>perlicere,</strong></span> <span class='ocrx_word' id='word_1_605' title='bbox 2366 3637 2565 3707; x_wconf 88' lang='lat' dir='ltr'><strong>quippe</strong></span> <span class='ocrx_word' id='word_1_606' title='bbox 2603 3636 2799 3705; x_wconf 73' lang='lat' dir='ltr'><strong>dignus</strong></span> <span class='ocrx_word' id='word_1_607' title='bbox 2834 3634 3063 3689; x_wconf 82' lang='lat' dir='ltr'><strong>etl‘ectus</strong></span> <span class='ocrx_word' id='word_1_608' title='bbox 3098 3635 3189 3704; x_wconf 88' lang='lat' dir='ltr'><strong>qui</strong></span> <span class='ocrx_word' id='word_1_609' title='bbox 3226 3636 3589 3701; x_wconf 86' lang='lat' dir='ltr'><strong>exaudiatur;</strong></span> 
     </span>
    </p>
   </div>
   <div class='ocr_carea' id='block_1_84' title="bbox 2027 3723 3594 3798">
    <p class='ocr_par' dir='ltr' id='par_1_84' title="bbox 2027 3723 3594 3798">
     <span class='ocr_line' id='line_1_84' title="bbox 2027 3723 3594 3798; baseline -0.004 -16"><span class='ocrx_word' id='word_1_610' title='bbox 2027 3729 2286 3798; x_wconf 89' lang='lat' dir='ltr'><strong>scriptum</strong></span> <span class='ocrx_word' id='word_1_611' title='bbox 2320 3736 2405 3794; x_wconf 83' lang='lat' dir='ltr'><strong>est</strong></span> <span class='ocrx_word' id='word_1_612' title='bbox 2432 3727 2575 3780; x_wconf 91' lang='lat' dir='ltr'><strong>enim</strong></span> <span class='ocrx_word' id='word_1_613' title='bbox 2610 3742 2624 3779; x_wconf 88' lang='lat'><strong>:</strong></span> <span class='ocrx_word' id='word_1_614' title='bbox 2659 3723 2767 3778; x_wconf 86' lang='lat' dir='ltr'><strong>Sed</strong></span> <span class='ocrx_word' id='word_1_615' title='bbox 2798 3734 2846 3778; x_wconf 90' lang='lat' dir='ltr'><strong>et</strong></span> <span class='ocrx_word' id='word_1_616' title='bbox 2887 3738 3023 3777; x_wconf 89' lang='lat' dir='ltr'><strong>nunc</strong></span> <span class='ocrx_word' id='word_1_617' title='bbox 3056 3730 3191 3777; x_wconf 85' lang='lat' dir='ltr'><strong>state</strong></span> <span class='ocrx_word' id='word_1_618' title='bbox 3216 3731 3262 3776; x_wconf 82' lang='lat' dir='ltr'><strong>et</strong></span> <span class='ocrx_word' id='word_1_619' title='bbox 3288 3723 3450 3777; x_wconf 85' lang='lat' dir='ltr'><strong>videte</strong></span> <span class='ocrx_word' id='word_1_620' title='bbox 3478 3740 3594 3778; x_wconf 83' lang='lat' dir='ltr'><strong>ver-</strong></span> 
     </span>
    </p>
   </div>
   <div class='ocr_carea' id='block_1_85' title="bbox 2029 3813 3593 3888">
    <p class='ocr_par' dir='ltr' id='par_1_85' title="bbox 2029 3813 3593 3888">
     <span class='ocr_line' id='line_1_85' title="bbox 2029 3813 3593 3888; baseline -0.003 -15"><span class='ocrx_word' id='word_1_621' title='bbox 2029 3821 2149 3873; x_wconf 90' lang='lat' dir='ltr'><strong>bum</strong></span> <span class='ocrx_word' id='word_1_622' title='bbox 2205 3833 2452 3888; x_wconf 84' lang='lat' dir='ltr'><strong>magnum</strong></span> <span class='ocrx_word' id='word_1_623' title='bbox 2498 3817 2630 3883; x_wconf 80' lang='lat' dir='ltr'><strong>hac,</strong></span> <span class='ocrx_word' id='word_1_624' title='bbox 2671 3815 2810 3888; x_wconf 88' lang='lat' dir='ltr'><strong>quod</strong></span> <span class='ocrx_word' id='word_1_625' title='bbox 2850 3816 3105 3869; x_wconf 80' lang='lat' dir='ltr'><strong>Dominus</strong></span> <span class='ocrx_word' id='word_1_626' title='bbox 3143 3814 3272 3882; x_wconf 81' lang='lat' dir='ltr'><strong>facit</strong></span> <span class='ocrx_word' id='word_1_627' title='bbox 3319 3814 3374 3867; x_wconf 87' lang='lat' dir='ltr'><strong>in</strong></span> <span class='ocrx_word' id='word_1_628' title='bbox 3425 3813 3593 3868; x_wconf 74' lang='lat' dir='ltr'><strong>oculis</strong></span> 
     </span>
    </p>
   </div>
   <div class='ocr_carea' id='block_1_86' title="bbox 2028 3904 3591 3980">
    <p class='ocr_par' dir='ltr' id='par_1_86' title="bbox 2028 3904 3591 3980">
     <span class='ocr_line' id='line_1_86' title="bbox 2028 3904 3591 3980; baseline -0.008 -10"><span class='ocrx_word' id='word_1_629' title='bbox 2028 3914 2231 3970; x_wconf 83' lang='lat' dir='ltr'><strong>vestris.</strong></span> <span class='ocrx_word' id='word_1_630' title='bbox 2263 3910 2456 3966; x_wconf 79' lang='lat' dir='ltr'><strong>Nonne</strong></span> <span class='ocrx_word' id='word_1_631' title='bbox 2488 3910 2668 3965; x_wconf 85' lang='lat' dir='ltr'><strong>messis</strong></span> <span class='ocrx_word' id='word_1_632' title='bbox 2699 3909 3077 3980; x_wconf 76' lang='lat' dir='ltr'><strong>frumentorum</strong></span> <span class='ocrx_word' id='word_1_633' title='bbox 3112 3907 3302 3961; x_wconf 81' lang='lat' dir='ltr'><strong>hodie?</strong></span> <span class='ocrx_word' id='word_1_634' title='bbox 3329 3904 3591 3960; x_wconf 79' lang='lat' dir='ltr'><strong>Invocabo</strong></span> 
     </span>
    </p>
   </div>
   <div class='ocr_carea' id='block_1_87' title="bbox 2025 3998 3587 4073">
    <p class='ocr_par' dir='ltr' id='par_1_87' title="bbox 2025 3998 3587 4073">
     <span class='ocr_line' id='line_1_87' title="bbox 2025 3998 3587 4073; baseline -0.007 -11"><span class='ocrx_word' id='word_1_635' title='bbox 2025 4007 2311 4063; x_wconf 82' lang='lat' dir='ltr'><strong>Dominum</strong></span> <span class='ocrx_word' id='word_1_636' title='bbox 2331 4045 2345 4071; x_wconf 91' lang='lat'><strong>,</strong></span> <span class='ocrx_word' id='word_1_637' title='bbox 2375 4016 2422 4060; x_wconf 90' lang='lat' dir='ltr'><strong>et</strong></span> <span class='ocrx_word' id='word_1_638' title='bbox 2452 4005 2597 4058; x_wconf 88' lang='lat' dir='ltr'><strong>dabit</strong></span> <span class='ocrx_word' id='word_1_639' title='bbox 2622 4019 2771 4057; x_wconf 87' lang='lat' dir='ltr'><strong>voces</strong></span> <span class='ocrx_word' id='word_1_640' title='bbox 2796 4012 2843 4055; x_wconf 93' lang='lat' dir='ltr'><strong>et</strong></span> <span class='ocrx_word' id='word_1_641' title='bbox 2871 4002 3121 4073; x_wconf 85' lang='lat' dir='ltr'><strong>pluviam.</strong></span> <span class='ocrx_word' id='word_1_642' title='bbox 3148 4001 3212 4055; x_wconf 87' lang='lat' dir='ltr'><strong>Et</strong></span> <span class='ocrx_word' id='word_1_643' title='bbox 3236 3998 3395 4071; x_wconf 89' lang='lat' dir='ltr'><strong>paulo</strong></span> <span class='ocrx_word' id='word_1_644' title='bbox 3426 4010 3545 4070; x_wconf 82' lang='lat' dir='ltr'><strong>post</strong></span> <span class='ocrx_word' id='word_1_645' title='bbox 3573 4018 3587 4052; x_wconf 86' lang='lat'><strong>:</strong></span> 
     </span>
    </p>
   </div>
   <div class='ocr_carea' id='block_1_88' title="bbox 2025 4090 3591 4165">
    <p class='ocr_par' dir='ltr' id='par_1_88' title="bbox 2025 4090 3591 4165">
     <span class='ocr_line' id='line_1_88' title="bbox 2025 4090 3591 4165; baseline -0.007 -12"><span class='ocrx_word' id='word_1_646' title='bbox 2025 4097 2094 4153; x_wconf 85' lang='lat' dir='ltr'><strong>Et</strong></span> <span class='ocrx_word' id='word_1_647' title='bbox 2131 4098 2436 4161; x_wconf 82' lang='lat' dir='ltr'><strong>invocavit,</strong></span> <span class='ocrx_word' id='word_1_648' title='bbox 2479 4096 2694 4165; x_wconf 89' lang='lat' dir='ltr'><strong>inquit,</strong></span> <span class='ocrx_word' id='word_1_649' title='bbox 2740 4093 2957 4149; x_wconf 85' lang='lat' dir='ltr'><strong>Samuel</strong></span> <span class='ocrx_word' id='word_1_650' title='bbox 2999 4093 3324 4155; x_wconf 85' lang='lat' dir='ltr'><strong>Dominum;</strong></span> <span class='ocrx_word' id='word_1_651' title='bbox 3365 4101 3411 4144; x_wconf 88' lang='lat' dir='ltr'><strong>et</strong></span> <span class='ocrx_word' id='word_1_652' title='bbox 3450 4090 3591 4143; x_wconf 80' lang='lat' dir='ltr'><strong>dedit</strong></span> 
     </span>
    </p>
   </div>
   <div class='ocr_carea' id='block_1_89' title="bbox 2028 4180 3591 4255">
    <p class='ocr_par' dir='ltr' id='par_1_89' title="bbox 2028 4180 3591 4255">
     <span class='ocr_line' id='line_1_89' title="bbox 2028 4180 3591 4255; baseline -0.009 -11"><span class='ocrx_word' id='word_1_653' title='bbox 2028 4189 2280 4244; x_wconf 82' lang='lat' dir='ltr'><strong>Dominus</strong></span> <span class='ocrx_word' id='word_1_654' title='bbox 2331 4204 2478 4243; x_wconf 80' lang='lat' dir='ltr'><strong>voces</strong></span> <span class='ocrx_word' id='word_1_655' title='bbox 2525 4195 2575 4240; x_wconf 83' lang='lat' dir='ltr'><strong>et</strong></span> <span class='ocrx_word' id='word_1_656' title='bbox 2619 4186 2851 4255; x_wconf 77' lang='lat' dir='ltr'><strong>pluviam</strong></span> <span class='ocrx_word' id='word_1_657' title='bbox 2898 4184 2953 4237; x_wconf 90' lang='lat' dir='ltr'><strong>in</strong></span> <span class='ocrx_word' id='word_1_658' title='bbox 2986 4183 3070 4236; x_wconf 86' lang='lat' dir='ltr'><strong>die</strong></span> <span class='ocrx_word' id='word_1_659' title='bbox 3102 4181 3196 4233; x_wconf 91' lang='lat' dir='ltr'><strong>illa</strong></span> <span class='ocrx_word' id='word_1_660' title='bbox 3229 4182 3289 4234; x_wconf 87' lang='grc'><strong>¹³.</strong></span> <span class='ocrx_word' id='word_1_661' title='bbox 3327 4180 3591 4236; x_wconf 89' lang='lat' dir='ltr'><strong>Omnibus</strong></span> 
     </span>
    </p>
   </div>
   <div class='ocr_carea' id='block_1_90' title="bbox 2025 4270 3592 4349">
    <p class='ocr_par' dir='ltr' id='par_1_90' title="bbox 2025 4270 3592 4349">
     <span class='ocr_line' id='line_1_90' title="bbox 2025 4270 3592 4349; baseline -0.01 -11"><span class='ocrx_word' id='word_1_662' title='bbox 2025 4284 2169 4338; x_wconf 79' lang='lat' dir='ltr'><strong>enim</strong></span> <span class='ocrx_word' id='word_1_663' title='bbox 2209 4280 2416 4336; x_wconf 89' lang='lat' dir='ltr'><strong>sanctis</strong></span> <span class='ocrx_word' id='word_1_664' title='bbox 2459 4278 2824 4349; x_wconf 81' lang='lat' dir='ltr'><strong>legititnisque</strong></span> <span class='ocrx_word' id='word_1_665' title='bbox 2859 4274 3066 4343; x_wconf 70' lang='lat' dir='ltr'><strong>Christi</strong></span> <span class='ocrx_word' id='word_1_666' title='bbox 3105 4273 3385 4341; x_wconf 85' lang='lat' dir='ltr'><strong>discipulis</strong></span> <span class='ocrx_word' id='word_1_667' title='bbox 3422 4287 3449 4323; x_wconf 90' lang='lat' dir='ltr'><strong>a</strong></span> <span class='ocrx_word' id='word_1_668' title='bbox 3488 4270 3592 4323; x_wconf 87' lang='lat' dir='ltr'><strong>Do-</strong></span> 
     </span>
    </p>
   </div>
   <div class='ocr_carea' id='block_1_91' title="bbox 352 4365 1927 4458">
    <p class='ocr_par' dir='ltr' id='par_1_91' title="bbox 352 4382 1922 4458">
     <span class='ocr_line' id='line_1_91' title="bbox 352 4382 1922 4458; baseline -0.001 -21"><span class='ocrx_word' id='word_1_669' title='bbox 352 4383 747 4458; x_wconf 86' lang='grc' dir='ltr'>αρεστούμενος</span> <span class='ocrx_word' id='word_1_670' title='bbox 793 4386 858 4454; x_wconf 82' lang='grc' dir='ltr'>τῇ</span> <span class='ocrx_word' id='word_1_671' title='bbox 910 4385 1233 4455; x_wconf 87' lang='grc' dir='ltr'>χρηστότητι</span> <span class='ocrx_word' id='word_1_672' title='bbox 1271 4385 1363 4438; x_wconf 90' lang='grc' dir='ltr'><strong>τοῦ</strong></span> <span class='ocrx_word' id='word_1_673' title='bbox 1396 4382 1549 4447; x_wconf 83' lang='grc' dir='ltr'>Θεοῦ,</span> <span class='ocrx_word' id='word_1_674' title='bbox 1587 4382 1718 4454; x_wconf 83' lang='grc' dir='ltr'>μηδὲ</span> <span class='ocrx_word' id='word_1_675' title='bbox 1746 4382 1922 4454; x_wconf 81' lang='grc' dir='ltr'>ζητῶν</span> 
     </span>
    </p>
   </div>
   <div class='ocr_carea' id='block_1_92' title="bbox 2033 4365 3591 4458">
    <p class='ocr_par' dir='ltr' id='par_1_92' title="bbox 2033 4365 3591 4433">
     <span class='ocr_line' id='line_1_92' title="bbox 2033 4365 3591 4433; baseline -0.009 -4"><span class='ocrx_word' id='word_1_676' title='bbox 2033 4376 2176 4429; x_wconf 90' lang='lat' dir='ltr'><strong>mino</strong></span> <span class='ocrx_word' id='word_1_677' title='bbox 2204 4374 2439 4428; x_wconf 88' lang='lat' dir='ltr'><strong>dicitur:</strong></span> <span class='ocrx_word' id='word_1_678' title='bbox 2479 4369 2664 4424; x_wconf 89' lang='lat' dir='ltr'><strong>Levate</strong></span> <span class='ocrx_word' id='word_1_679' title='bbox 2702 4368 2882 4421; x_wconf 83' lang='lat' dir='ltr'><strong>oculos</strong></span> <span class='ocrx_word' id='word_1_680' title='bbox 2916 4376 3107 4421; x_wconf 79' lang='lat' dir='ltr'><strong>vestros</strong></span> <span class='ocrx_word' id='word_1_681' title='bbox 3141 4375 3189 4420; x_wconf 91' lang='lat' dir='ltr'><strong>et</strong></span> <span class='ocrx_word' id='word_1_682' title='bbox 3219 4365 3385 4420; x_wconf 82' lang='lat' dir='ltr'><strong>videte</strong></span> <span class='ocrx_word' id='word_1_683' title='bbox 3418 4365 3591 4433; x_wconf 76' lang='lat' dir='ltr'><strong>regio-</strong></span> 
     </span>
    </p>
   </div>
   <div class='ocr_carea' id='block_1_93' title="bbox 350 4477 1914 4551">
    <p class='ocr_par' dir='ltr' id='par_1_93' title="bbox 350 4477 1914 4551">
     <span class='ocr_line' id='line_1_93' title="bbox 350 4477 1914 4551; baseline -0.001 -20"><span class='ocrx_word' id='word_1_684' title='bbox 350 4479 631 4549; x_wconf 80' lang='grc' dir='ltr'>ἐπιμένειν</span> <span class='ocrx_word' id='word_1_685' title='bbox 661 4477 820 4531; x_wconf 76' lang='grc' dir='ltr'>αὐτὸν</span> <span class='ocrx_word' id='word_1_686' title='bbox 846 4479 981 4551; x_wconf 83' lang='grc' dir='ltr'>πρὸς</span> <span class='ocrx_word' id='word_1_687' title='bbox 1026 4479 1151 4541; x_wconf 75' lang='grc' dir='ltr'>τοὺς</span> <span class='ocrx_word' id='word_1_688' title='bbox 1186 4477 1575 4550; x_wconf 80' lang='grc' dir='ltr'>μετανοοῦντας</span> <span class='ocrx_word' id='word_1_689' title='bbox 1608 4478 1672 4546; x_wconf 80' lang='grc' dir='ltr'>τῇ</span> <span class='ocrx_word' id='word_1_690' title='bbox 1718 4477 1914 4529; x_wconf 83' lang='grc' dir='ltr'>ἀποτο-</span> 
     </span>
    </p>
   </div>
   <div class='ocr_carea' id='block_1_94' title="bbox 358 4567 1920 4642">
    <p class='ocr_par' dir='ltr' id='par_1_94' title="bbox 358 4567 1920 4642">
     <span class='ocr_line' id='line_1_94' title="bbox 358 4567 1920 4642; baseline -0.001 -20"><span class='ocrx_word' id='word_1_691' title='bbox 358 4571 477 4642; x_wconf 72' lang='grc' dir='ltr'>μία.</span> <span class='ocrx_word' id='word_1_692' title='bbox 496 4572 673 4642; x_wconf 82' lang='grc' dir='ltr'>Ὅπερ</span> <span class='ocrx_word' id='word_1_693' title='bbox 694 4569 751 4622; x_wconf 82' lang='grc' dir='ltr'>δὲ</span> <span class='ocrx_word' id='word_1_694' title='bbox 778 4571 1030 4641; x_wconf 86' lang='grc' dir='ltr'>μέγιστον</span> <span class='ocrx_word' id='word_1_695' title='bbox 1049 4570 1402 4640; x_wconf 87' lang='grc' dir='ltr'>πεποιηκέναι</span> <span class='ocrx_word' id='word_1_696' title='bbox 1427 4569 1641 4637; x_wconf 85' lang='grc' dir='ltr'>λέγεται</span> <span class='ocrx_word' id='word_1_697' title='bbox 1670 4567 1920 4639; x_wconf 80' lang='grc' dir='ltr'>Σαμουὴλ</span> 
     </span>
    </p>
   </div>
   <div class='ocr_carea' id='block_1_95' title="bbox 353 4661 1921 4735">
    <p class='ocr_par' dir='ltr' id='par_1_95' title="bbox 353 4661 1921 4735">
     <span class='ocr_line' id='line_1_95' title="bbox 353 4661 1921 4735; baseline -0.001 -20"><span class='ocrx_word' id='word_1_698' title='bbox 353 4662 439 4715; x_wconf 81' lang='grc' dir='ltr'>διὰ</span> <span class='ocrx_word' id='word_1_699' title='bbox 462 4664 764 4735; x_wconf 81' lang='grc' dir='ltr'>προσευχῆς</span> <span class='ocrx_word' id='word_1_700' title='bbox 780 4702 793 4726; x_wconf 93' lang='grc'><strong>,</strong></span> <span class='ocrx_word' id='word_1_701' title='bbox 815 4664 971 4716; x_wconf 88' lang='grc' dir='ltr'>τοῦτο</span> <span class='ocrx_word' id='word_1_702' title='bbox 992 4662 1371 4733; x_wconf 88' lang='grc' dir='ltr'>πνευματικῶς</span> <span class='ocrx_word' id='word_1_703' title='bbox 1393 4661 1612 4715; x_wconf 82' lang='grc' dir='ltr'>δυνατόν</span> <span class='ocrx_word' id='word_1_704' title='bbox 1631 4662 1776 4714; x_wconf 85' lang='grc' dir='ltr'>ἐστιν</span> <span class='ocrx_word' id='word_1_705' title='bbox 1796 4661 1921 4714; x_wconf 75' lang='grc' dir='ltr'>ἐκα-</span> 
     </span>
    </p>
   </div>
   <div class='ocr_carea' id='block_1_96' title="bbox 362 4753 1919 4829">
    <p class='ocr_par' dir='ltr' id='par_1_96' title="bbox 362 4753 1919 4829">
     <span class='ocr_line' id='line_1_96' title="bbox 362 4753 1919 4829; baseline 0 -22"><span class='ocrx_word' id='word_1_706' title='bbox 362 4773 481 4809; x_wconf 91' lang='grc' dir='ltr'>στον</span> <span class='ocrx_word' id='word_1_707' title='bbox 519 4758 626 4811; x_wconf 89' lang='grc' dir='ltr'><strong>τῶν</strong></span> <span class='ocrx_word' id='word_1_708' title='bbox 663 4756 1031 4827; x_wconf 86' lang='grc' dir='ltr'>ἀνακειμένων</span> <span class='ocrx_word' id='word_1_709' title='bbox 1059 4757 1294 4829; x_wconf 86' lang='grc' dir='ltr'>γνησίως</span> <span class='ocrx_word' id='word_1_710' title='bbox 1317 4756 1395 4828; x_wconf 82' lang='grc' dir='ltr'>τῷ</span> <span class='ocrx_word' id='word_1_711' title='bbox 1420 4755 1558 4827; x_wconf 80' lang='grc' dir='ltr'>Θεῷ,</span> <span class='ocrx_word' id='word_1_712' title='bbox 1586 4755 1679 4810; x_wconf 72' lang='grc' dir='ltr'><strong>καὶ</strong></span> <span class='ocrx_word' id='word_1_713' title='bbox 1694 4753 1787 4809; x_wconf 88' lang='grc' dir='ltr'><strong>νῦν</strong></span> <span class='ocrx_word' id='word_1_714' title='bbox 1803 4756 1919 4808; x_wconf 84' lang='grc' dir='ltr'>ὲπι-</span> 
     </span>
    </p>
   </div>
   <div class='ocr_carea' id='block_1_97' title="bbox 363 4844 1918 4917">
    <p class='ocr_par' dir='ltr' id='par_1_97' title="bbox 363 4844 1918 4917">
     <span class='ocr_line' id='line_1_97' title="bbox 363 4844 1918 4917; baseline 0.005 -22"><span class='ocrx_word' id='word_1_715' title='bbox 363 4844 548 4911; x_wconf 80' lang='grc' dir='ltr'>τελεῖν,</span> <span class='ocrx_word' id='word_1_716' title='bbox 562 4847 709 4914; x_wconf 78' lang='grc' dir='ltr'>ἄξιον</span> <span class='ocrx_word' id='word_1_717' title='bbox 728 4847 821 4901; x_wconf 89' lang='grc' dir='ltr'><strong>τοῦ</strong></span> <span class='ocrx_word' id='word_1_718' title='bbox 834 4847 1196 4902; x_wconf 83' lang='grc' dir='ltr'>ἐπακούεσθαι</span> <span class='ocrx_word' id='word_1_719' title='bbox 1222 4845 1918 4917; x_wconf 78' lang='grc' dir='ltr'>γεγενημένον’γέγραπται</span> 
     </span>
    </p>
   </div>
   <div class='ocr_carea' id='block_1_98' title="bbox 364 4933 1918 5007">
    <p class='ocr_par' dir='ltr' id='par_1_98' title="bbox 364 4933 1918 5007">
     <span class='ocr_line' id='line_1_98' title="bbox 364 4933 1918 5007; baseline -0.001 -18"><span class='ocrx_word' id='word_1_720' title='bbox 364 4936 469 5007; x_wconf 85' lang='grc' dir='ltr'><strong>γάρ</strong></span> <span class='ocrx_word' id='word_1_721' title='bbox 489 4953 501 4967; x_wconf 79' lang='grc'><strong>’</strong></span> <span class='ocrx_word' id='word_1_722' title='bbox 537 4938 646 4991; x_wconf 84' lang='grc' dir='ltr'>Καί</span> <span class='ocrx_word' id='word_1_723' title='bbox 672 4954 737 5007; x_wconf 76' lang='grc' dir='ltr'><strong>γε</strong></span> <span class='ocrx_word' id='word_1_724' title='bbox 754 4937 869 4992; x_wconf 82' lang='grc' dir='ltr'><strong>νῦν</strong></span> <span class='ocrx_word' id='word_1_725' title='bbox 900 4937 1083 5006; x_wconf 84' lang='grc' dir='ltr'>στῆτε</span> <span class='ocrx_word' id='word_1_726' title='bbox 1114 4937 1213 4991; x_wconf 79' lang='grc' dir='ltr'>καὶ</span> <span class='ocrx_word' id='word_1_727' title='bbox 1244 4937 1396 4992; x_wconf 78' lang='grc' dir='ltr'>ἴδετε</span> <span class='ocrx_word' id='word_1_728' title='bbox 1416 4935 1652 5005; x_wconf 76' lang='grc' dir='ltr'>τύρῆμα</span> <span class='ocrx_word' id='word_1_729' title='bbox 1679 4934 1744 4987; x_wconf 83' lang='grc' dir='ltr'>τὸ</span> <span class='ocrx_word' id='word_1_730' title='bbox 1764 4933 1918 5004; x_wconf 77' lang='grc' dir='ltr'>μέγα</span> 
     </span>
    </p>
   </div>
   <div class='ocr_carea' id='block_1_99' title="bbox 2028 4457 3590 4534">
    <p class='ocr_par' dir='ltr' id='par_1_99' title="bbox 2028 4457 3590 4534">
     <span class='ocr_line' id='line_1_99' title="bbox 2028 4457 3590 4534; baseline -0.008 -14"><span class='ocrx_word' id='word_1_731' title='bbox 2028 4482 2116 4520; x_wconf 81' lang='lat' dir='ltr'><strong>nes</strong></span> <span class='ocrx_word' id='word_1_732' title='bbox 2160 4466 2286 4534; x_wconf 87' lang='lat' dir='ltr'><strong>quia</strong></span> <span class='ocrx_word' id='word_1_733' title='bbox 2329 4463 2464 4517; x_wconf 77' lang='lat' dir='ltr'><strong>alba:</strong></span> <span class='ocrx_word' id='word_1_734' title='bbox 2509 4472 2631 4515; x_wconf 86' lang='lat' dir='ltr'><strong>sunt</strong></span> <span class='ocrx_word' id='word_1_735' title='bbox 2667 4461 2784 4529; x_wconf 87' lang='lat' dir='ltr'><strong>jam</strong></span> <span class='ocrx_word' id='word_1_736' title='bbox 2832 4460 2901 4513; x_wconf 88' lang='lat' dir='ltr'><strong>ad</strong></span> <span class='ocrx_word' id='word_1_737' title='bbox 2948 4476 3186 4514; x_wconf 85' lang='lat' dir='ltr'><strong>messem.</strong></span> <span class='ocrx_word' id='word_1_738' title='bbox 3226 4457 3297 4511; x_wconf 85' lang='lat' dir='ltr'><strong>Et</strong></span> <span class='ocrx_word' id='word_1_739' title='bbox 3327 4459 3415 4526; x_wconf 90' lang='lat' dir='ltr'><strong>qui</strong></span> <span class='ocrx_word' id='word_1_740' title='bbox 3442 4457 3590 4510; x_wconf 86' lang='lat' dir='ltr'><strong>metit</strong></span> 
     </span>
    </p>
   </div>
   <div class='ocr_carea' id='block_1_100' title="bbox 2025 4549 3587 4623">
    <p class='ocr_par' dir='ltr' id='par_1_100' title="bbox 2025 4549 3587 4623">
     <span class='ocr_line' id='line_1_100' title="bbox 2025 4549 3587 4623; baseline -0.007 -11"><span class='ocrx_word' id='word_1_741' title='bbox 2025 4559 2315 4612; x_wconf 88' lang='lat' dir='ltr'><strong>mercedem</strong></span> <span class='ocrx_word' id='word_1_742' title='bbox 2348 4555 2573 4623; x_wconf 87' lang='lat' dir='ltr'><strong>accipit,</strong></span> <span class='ocrx_word' id='word_1_743' title='bbox 2624 4562 2671 4607; x_wconf 89' lang='lat' dir='ltr'><strong>et</strong></span> <span class='ocrx_word' id='word_1_744' title='bbox 2706 4560 2985 4621; x_wconf 83' lang='lat' dir='ltr'><strong>congregat</strong></span> <span class='ocrx_word' id='word_1_745' title='bbox 3038 4552 3268 4621; x_wconf 79' lang='lat' dir='ltr'><strong>fructum</strong></span> <span class='ocrx_word' id='word_1_746' title='bbox 3313 4550 3372 4603; x_wconf 89' lang='lat' dir='ltr'><strong>in</strong></span> <span class='ocrx_word' id='word_1_747' title='bbox 3425 4549 3587 4603; x_wconf 86' lang='lat' dir='ltr'><strong>vitam</strong></span> 
     </span>
    </p>
   </div>
   <div class='ocr_carea' id='block_1_101' title="bbox 2026 4647 3585 4717">
    <p class='ocr_par' dir='ltr' id='par_1_101' title="bbox 2026 4647 3585 4717">
     <span class='ocr_line' id='line_1_101' title="bbox 2026 4647 3585 4717; baseline -0.006 -11"><span class='ocrx_word' id='word_1_748' title='bbox 2026 4662 2274 4709; x_wconf 77' lang='lat' dir='ltr'><strong>wternam</strong></span> <span class='ocrx_word' id='word_1_749' title='bbox 2309 4650 2374 4703; x_wconf 74' lang='lat'><strong>“.</strong></span> <span class='ocrx_word' id='word_1_750' title='bbox 2415 4648 2529 4703; x_wconf 85' lang='lat' dir='ltr'><strong>Hoc</strong></span> <span class='ocrx_word' id='word_1_751' title='bbox 2566 4647 2726 4717; x_wconf 76' lang='lat' dir='ltr'><strong>igitur</strong></span> <span class='ocrx_word' id='word_1_752' title='bbox 2763 4648 2956 4703; x_wconf 90' lang='lat' dir='ltr'><strong>messis</strong></span> <span class='ocrx_word' id='word_1_753' title='bbox 2990 4656 3231 4716; x_wconf 83' lang='lat' dir='ltr'><strong>tempore</strong></span> <span class='ocrx_word' id='word_1_754' title='bbox 3266 4658 3378 4698; x_wconf 90' lang='lat' dir='ltr'><strong>rem</strong></span> <span class='ocrx_word' id='word_1_755' title='bbox 3418 4658 3585 4712; x_wconf 78' lang='lat' dir='ltr'><strong>gran-</strong></span> 
     </span>
    </p>
   </div>
   <div class='ocr_carea' id='block_1_102' title="bbox 2024 4734 3613 4808">
    <p class='ocr_par' dir='ltr' id='par_1_102' title="bbox 2024 4734 3613 4808">
     <span class='ocr_line' id='line_1_102' title="bbox 2024 4734 3613 4808; baseline -0.008 -8"><span class='ocrx_word' id='word_1_756' title='bbox 2024 4747 2145 4800; x_wconf 89' lang='lat' dir='ltr'><strong>dem</strong></span> <span class='ocrx_word' id='word_1_757' title='bbox 2197 4742 2330 4797; x_wconf 82' lang='lat' dir='ltr'><strong>facit</strong></span> <span class='ocrx_word' id='word_1_758' title='bbox 2376 4740 2634 4795; x_wconf 92' lang='lat' dir='ltr'><strong>Dominus</strong></span> <span class='ocrx_word' id='word_1_759' title='bbox 2690 4739 2743 4793; x_wconf 93' lang='lat' dir='ltr'><strong>in</strong></span> <span class='ocrx_word' id='word_1_760' title='bbox 2786 4747 3081 4808; x_wconf 90' lang='lat' dir='ltr'><strong>conspectu</strong></span> <span class='ocrx_word' id='word_1_761' title='bbox 3113 4751 3302 4791; x_wconf 91' lang='lat' dir='ltr'><strong>eorum</strong></span> <span class='ocrx_word' id='word_1_762' title='bbox 3341 4734 3430 4804; x_wconf 90' lang='lat' dir='ltr'><strong>qui</strong></span> <span class='ocrx_word' id='word_1_763' title='bbox 3467 4749 3613 4803; x_wconf 51' lang='lat' dir='ltr'><strong>pro»</strong></span> 
     </span>
    </p>
   </div>
   <div class='ocr_carea' id='block_1_103' title="bbox 2023 4825 3588 4907">
    <p class='ocr_par' dir='ltr' id='par_1_103' title="bbox 2023 4825 3588 4907">
     <span class='ocr_line' id='line_1_103' title="bbox 2023 4825 3588 4907; baseline -0.008 -17"><span class='ocrx_word' id='word_1_764' title='bbox 2023 4836 2217 4907; x_wconf 87' lang='lat' dir='ltr'><strong>phetas</strong></span> <span class='ocrx_word' id='word_1_765' title='bbox 2246 4831 2513 4888; x_wconf 89' lang='lat' dir='ltr'><strong>audiunt:</strong></span> <span class='ocrx_word' id='word_1_766' title='bbox 2551 4832 2820 4887; x_wconf 91' lang='lat' dir='ltr'><strong>clamante</strong></span> <span class='ocrx_word' id='word_1_767' title='bbox 2861 4830 3005 4885; x_wconf 90' lang='lat' dir='ltr'><strong>enim</strong></span> <span class='ocrx_word' id='word_1_768' title='bbox 3051 4828 3116 4881; x_wconf 86' lang='lat' dir='ltr'><strong>ad</strong></span> <span class='ocrx_word' id='word_1_769' title='bbox 3162 4825 3446 4881; x_wconf 85' lang='lat' dir='ltr'><strong>Dominum</strong></span> <span class='ocrx_word' id='word_1_770' title='bbox 3495 4825 3588 4878; x_wconf 90' lang='lat' dir='ltr'><strong>illo</strong></span> 
     </span>
    </p>
   </div>
   <div class='ocr_carea' id='block_1_104' title="bbox 2025 4916 3587 4998">
    <p class='ocr_par' dir='ltr' id='par_1_104' title="bbox 2025 4916 3587 4998">
     <span class='ocr_line' id='line_1_104' title="bbox 2025 4916 3587 4998; baseline -0.008 -17"><span class='ocrx_word' id='word_1_771' title='bbox 2025 4928 2118 4998; x_wconf 92' lang='lat' dir='ltr'><strong>qui</strong></span> <span class='ocrx_word' id='word_1_772' title='bbox 2173 4924 2396 4995; x_wconf 91' lang='lat' dir='ltr'><strong>Spiritui</strong></span> <span class='ocrx_word' id='word_1_773' title='bbox 2451 4932 2642 4978; x_wconf 85' lang='lat' dir='ltr'><strong>sancto</strong></span> <span class='ocrx_word' id='word_1_774' title='bbox 2691 4921 2960 4985; x_wconf 66' lang='lat' dir='ltr'><strong>adhaeret,</strong></span> <span class='ocrx_word' id='word_1_775' title='bbox 3000 4922 3092 4974; x_wconf 86' lang='lat' dir='ltr'><strong>dat</strong></span> <span class='ocrx_word' id='word_1_776' title='bbox 3137 4916 3279 4972; x_wconf 90' lang='lat' dir='ltr'><strong>Deus</strong></span> <span class='ocrx_word' id='word_1_777' title='bbox 3331 4917 3398 4972; x_wconf 78' lang='lat' dir='ltr'><strong>d‘e</strong></span> <span class='ocrx_word' id='word_1_778' title='bbox 3448 4916 3587 4972; x_wconf 84' lang='lat' dir='ltr'><strong>coelo</strong></span> 
     </span>
    </p>
   </div>
   <div class='ocr_carea' id='block_1_105' title="bbox 434 5076 3581 5163">
    <p class='ocr_par' dir='ltr' id='par_1_105' title="bbox 434 5076 3581 5163">
     <span class='ocr_line' id='line_1_105' title="bbox 434 5076 3581 5163; baseline -0.005 -13"><span class='ocrx_word' id='word_1_779' title='bbox 434 5095 499 5125; x_wconf 72' lang='grc' dir='ltr'><strong>’θ’</strong></span> <span class='ocrx_word' id='word_1_780' title='bbox 525 5094 669 5151; x_wconf 88' lang='lat' dir='ltr'><strong>Psal.</strong></span> <span class='ocrx_word' id='word_1_781' title='bbox 695 5097 987 5163; x_wconf 81' lang='lat' dir='ltr'><strong>Lunt,l9.</strong></span> <span class='ocrx_word' id='word_1_782' title='bbox 1065 5098 1153 5129; x_wconf 78' lang='grc'>¹⁰⁶⁶</span> <span class='ocrx_word' id='word_1_783' title='bbox 1182 5096 1321 5152; x_wconf 82' lang='lat' dir='ltr'><strong>Psal.</strong></span> <span class='ocrx_word' id='word_1_784' title='bbox 1344 5113 1428 5159; x_wconf 79' lang='lat' dir='ltr'><strong>xc,</strong></span> <span class='ocrx_word' id='word_1_785' title='bbox 1457 5096 1540 5151; x_wconf 79' lang='lat' dir='ltr'><strong>l5.</strong></span> <span class='ocrx_word' id='word_1_786' title='bbox 1617 5097 1658 5129; x_wconf 83' lang='grc'>¹¹</span> <span class='ocrx_word' id='word_1_787' title='bbox 1692 5095 1825 5154; x_wconf 82' lang='lat' dir='ltr'><strong>Luc.</strong></span> <span class='ocrx_word' id='word_1_788' title='bbox 1855 5109 1908 5158; x_wconf 74' lang='grc' dir='ltr'>ι,</span> <span class='ocrx_word' id='word_1_789' title='bbox 1935 5090 2023 5146; x_wconf 78' lang='lat' dir='ltr'><strong>l9.</strong></span> <span class='ocrx_word' id='word_1_790' title='bbox 2095 5087 2137 5119; x_wconf 83' lang='grc'>¹¹</span> <span class='ocrx_word' id='word_1_791' title='bbox 2165 5084 2265 5141; x_wconf 82' lang='lat' dir='ltr'><strong>Job</strong></span> <span class='ocrx_word' id='word_1_792' title='bbox 2292 5099 2374 5149; x_wconf 84' lang='lat' dir='ltr'><strong>ut,</strong></span> <span class='ocrx_word' id='word_1_793' title='bbox 2403 5084 2455 5138; x_wconf 91' lang='lat'><strong>8.</strong></span> <span class='ocrx_word' id='word_1_794' title='bbox 2521 5082 2598 5135; x_wconf 84' lang='grc' dir='ltr'><strong>¹³Ι</strong></span> <span class='ocrx_word' id='word_1_795' title='bbox 2620 5081 2751 5152; x_wconf 80' lang='lat' dir='ltr'><strong>Reg.</strong></span> <span class='ocrx_word' id='word_1_796' title='bbox 2774 5076 2980 5147; x_wconf 59' lang='lat'><strong>“1,10.</strong></span> <span class='ocrx_word' id='word_1_797' title='bbox 3044 5080 3088 5112; x_wconf 75' lang='lat'><strong>&quot;</strong></span> <span class='ocrx_word' id='word_1_798' title='bbox 3107 5077 3267 5136; x_wconf 80' lang='lat' dir='ltr'><strong>Joan.</strong></span> <span class='ocrx_word' id='word_1_799' title='bbox 3286 5094 3359 5143; x_wconf 82' lang='lat' dir='ltr'><strong>tv,</strong></span> <span class='ocrx_word' id='word_1_800' title='bbox 3379 5077 3466 5141; x_wconf 77' lang='lat'><strong>35,</strong></span> <span class='ocrx_word' id='word_1_801' title='bbox 3493 5076 3581 5133; x_wconf 79' lang='lat'><strong>56.</strong></span> 
     </span>
    </p>
   </div>
   <div class='ocr_carea' id='block_1_106' title="bbox 429 5213 1914 5289">
    <p class='ocr_par' dir='ltr' id='par_1_106' title="bbox 429 5213 1914 5289">
     <span class='ocr_line' id='line_1_106' title="bbox 429 5213 1914 5289; baseline -0.001 -22"><span class='ocrx_word' id='word_1_802' title='bbox 429 5213 1042 5289; x_wconf 65' lang='lat' dir='ltr'><strong>(25)Hpoxpwoyérair</strong></span> <span class='ocrx_word' id='word_1_803' title='bbox 1074 5215 1231 5289; x_wconf 70' lang='lat' dir='ltr'><strong>tcBr._</strong></span> <span class='ocrx_word' id='word_1_804' title='bbox 1258 5225 1362 5289; x_wconf 86' lang='lat' dir='ltr'><strong>etc.</strong></span> <span class='ocrx_word' id='word_1_805' title='bbox 1412 5216 1657 5289; x_wconf 79' lang='lat' dir='ltr'><strong>Bentleio</strong></span> <span class='ocrx_word' id='word_1_806' title='bbox 1672 5214 1914 5289; x_wconf 78' lang='lat' dir='ltr'><strong>scriben-</strong></span> 
     </span>
    </p>
   </div>
   <div class='ocr_carea' id='block_1_107' title="bbox 360 5284 1910 5359">
    <p class='ocr_par' dir='ltr' id='par_1_107' title="bbox 360 5284 1910 5359">
     <span class='ocr_line' id='line_1_107' title="bbox 360 5284 1910 5359; baseline 0.017 -25"><span class='ocrx_word' id='word_1_807' title='bbox 360 5284 487 5359; x_wconf 70' lang='lat' dir='ltr'><strong>dum</strong></span> <span class='ocrx_word' id='word_1_808' title='bbox 519 5284 745 5359; x_wconf 72' lang='lat' dir='ltr'><strong>videtur.</strong></span> <span class='ocrx_word' id='word_1_809' title='bbox 778 5284 1139 5359; x_wconf 82' lang='grc' dir='ltr'>προκρίνομεν</span> <span class='ocrx_word' id='word_1_810' title='bbox 1174 5284 1265 5342; x_wconf 80' lang='grc' dir='ltr'><strong>οὖν</strong></span> <span class='ocrx_word' id='word_1_811' title='bbox 1311 5287 1400 5340; x_wconf 86' lang='grc' dir='ltr'><strong>τὸν</strong></span> <span class='ocrx_word' id='word_1_812' title='bbox 1437 5285 1545 5359; x_wconf 50' lang='grc' dir='ltr'><strong>ἀπὸ</strong></span> <span class='ocrx_word' id='word_1_813' title='bbox 1570 5287 1668 5359; x_wconf 70' lang='grc' dir='ltr'><strong>’Ξῆἶ</strong></span> <span class='ocrx_word' id='word_1_814' title='bbox 1699 5284 1910 5359; x_wconf 49' lang='lat' dir='ltr'><strong>ilva-Y9&quot;.</strong></span> 
     </span>
    </p>
   </div>
   <div class='ocr_carea' id='block_1_108' title="bbox 357 5353 1911 5431">
    <p class='ocr_par' dir='ltr' id='par_1_108' title="bbox 357 5353 1911 5431">
     <span class='ocr_line' id='line_1_108' title="bbox 357 5353 1911 5431; baseline -0.003 -20"><span class='ocrx_word' id='word_1_815' title='bbox 357 5354 623 5431; x_wconf 74' lang='grc' dir='ltr'>γῆςμετά</span> <span class='ocrx_word' id='word_1_816' title='bbox 648 5353 942 5424; x_wconf 74' lang='grc' dir='ltr'>ἐξετάσεως</span> <span class='ocrx_word' id='word_1_817' title='bbox 968 5353 1363 5431; x_wconf 80' lang='grc' dir='ltr'>παριστάμενον</span> <span class='ocrx_word' id='word_1_818' title='bbox 1393 5356 1516 5410; x_wconf 80' lang='grc' dir='ltr'>νοῦν</span> <span class='ocrx_word' id='word_1_819' title='bbox 1540 5353 1658 5425; x_wconf 79' lang='grc' dir='ltr'>τῆς,</span> <span class='ocrx_word' id='word_1_820' title='bbox 1681 5365 1783 5408; x_wconf 82' lang='lat' dir='ltr'><strong>etc.</strong></span> <span class='ocrx_word' id='word_1_821' title='bbox 1809 5353 1911 5406; x_wconf 81' lang='lat' dir='ltr'><strong>Sed</strong></span> 
     </span>
    </p>
   </div>
   <div class='ocr_carea' id='block_1_109' title="bbox 358 5429 1538 5496">
    <p class='ocr_par' dir='ltr' id='par_1_109' title="bbox 358 5429 1538 5496">
     <span class='ocr_line' id='line_1_109' title="bbox 358 5429 1538 5496; baseline 0.003 -18"><span class='ocrx_word' id='word_1_822' title='bbox 358 5429 563 5482; x_wconf 83' lang='lat' dir='ltr'><strong>codicis</strong></span> <span class='ocrx_word' id='word_1_823' title='bbox 599 5432 950 5496; x_wconf 82' lang='lat' dir='ltr'><strong>manuscripti</strong></span> <span class='ocrx_word' id='word_1_824' title='bbox 990 5431 1149 5483; x_wconf 81' lang='lat' dir='ltr'><strong>lcetio</strong></span> <span class='ocrx_word' id='word_1_825' title='bbox 1185 5430 1311 5482; x_wconf 87' lang='lat' dir='ltr'><strong>l&#39;erri</strong></span> <span class='ocrx_word' id='word_1_826' title='bbox 1339 5436 1538 5496; x_wconf 84' lang='lat' dir='ltr'><strong>potest.</strong></span> 
     </span>
    </p>
   </div>
   <div class='ocr_carea' id='block_1_110' title="bbox 428 5491 1912 5569">
    <p class='ocr_par' dir='ltr' id='par_1_110' title="bbox 428 5491 1912 5569">
     <span class='ocr_line' id='line_1_110' title="bbox 428 5491 1912 5569; baseline -0.005 -16"><span class='ocrx_word' id='word_1_827' title='bbox 428 5498 537 5569; x_wconf 67' lang='grc'><strong>(26)</strong></span> <span class='ocrx_word' id='word_1_828' title='bbox 568 5501 639 5553; x_wconf 88' lang='grc' dir='ltr'><em>Ἢ</em></span> <span class='ocrx_word' id='word_1_829' title='bbox 669 5491 933 5569; x_wconf 63' lang='grc' dir='ltr'>στείραᾶρ.</span> <span class='ocrx_word' id='word_1_830' title='bbox 976 5499 1137 5551; x_wconf 85' lang='lat' dir='ltr'><strong>Forte</strong></span> <span class='ocrx_word' id='word_1_831' title='bbox 1177 5491 1476 5566; x_wconf 77' lang='lat' dir='ltr'><strong>legendum,</strong></span> <span class='ocrx_word' id='word_1_832' title='bbox 1504 5496 1537 5567; x_wconf 81' lang='grc' dir='ltr'>ἢ</span> <span class='ocrx_word' id='word_1_833' title='bbox 1568 5492 1782 5565; x_wconf 83' lang='grc' dir='ltr'>στείραν</span> <span class='ocrx_word' id='word_1_834' title='bbox 1813 5491 1912 5560; x_wconf 71' lang='grc' dir='ltr'><strong>ψυ-</strong></span> 
     </span>
    </p>
   </div>
   <div class='ocr_carea' id='block_1_111' title="bbox 357 5566 1177 5637">
    <p class='ocr_par' dir='ltr' id='par_1_111' title="bbox 357 5566 1177 5637">
     <span class='ocr_line' id='line_1_111' title="bbox 357 5566 1177 5637; baseline -0.002 -18"><span class='ocrx_word' id='word_1_835' title='bbox 357 5566 475 5637; x_wconf 80' lang='grc' dir='ltr'>χήν,</span> <span class='ocrx_word' id='word_1_836' title='bbox 503 5566 576 5622; x_wconf 83' lang='lat' dir='ltr'><strong>uti</strong></span> <span class='ocrx_word' id='word_1_837' title='bbox 617 5566 834 5635; x_wconf 79' lang='lat' dir='ltr'><strong>coajicit</strong></span> <span class='ocrx_word' id='word_1_838' title='bbox 887 5569 1177 5622; x_wconf 81' lang='lat' dir='ltr'><strong>Bentleius.</strong></span> 
     </span>
    </p>
   </div>
   <div class='ocr_carea' id='block_1_112' title="bbox 430 5624 1960 5708">
    <p class='ocr_par' dir='ltr' id='par_1_112' title="bbox 430 5624 1960 5708">
     <span class='ocr_line' id='line_1_112' title="bbox 430 5624 1960 5708; baseline -0.01 -12"><span class='ocrx_word' id='word_1_839' title='bbox 430 5624 540 5707; x_wconf 67' lang='grc' dir='ltr'><strong>(ΞἸ)</strong></span> <span class='ocrx_word' id='word_1_840' title='bbox 578 5624 1174 5708; x_wconf 56' lang='grc' dir='ltr'>Ὧσίπνευματικοῖς.</span> <span class='ocrx_word' id='word_1_841' title='bbox 1227 5637 1407 5694; x_wconf 76' lang='lat' dir='ltr'><strong>Mallet</strong></span> <span class='ocrx_word' id='word_1_842' title='bbox 1455 5632 1746 5697; x_wconf 85' lang='lat' dir='ltr'><strong>Bentleius,</strong></span> <span class='ocrx_word' id='word_1_843' title='bbox 1781 5630 1911 5684; x_wconf 74' lang='grc' dir='ltr'>ὡσεὶ</span> <span class='ocrx_word' id='word_1_844' title='bbox 1952 5624 1960 5629; x_wconf 77' lang='grc'><strong>’</strong></span> 
     </span>
    </p>
   </div>
   <div class='ocr_carea' id='block_1_113' title="bbox 360 5713 764 5779">
    <p class='ocr_par' dir='ltr' id='par_1_113' title="bbox 360 5713 764 5779">
     <span class='ocr_line' id='line_1_113' title="bbox 360 5713 764 5779; baseline 0.007 -18"><span class='ocrx_word' id='word_1_845' title='bbox 360 5713 764 5779; x_wconf 65' lang='grc' dir='ltr'>πνευματικοῖς.</span> 
     </span>
    </p>
   </div>
   <div class='ocr_carea' id='block_1_114' title="bbox 752 5797 1347 5863">
    <p class='ocr_par' dir='ltr' id='par_1_114' title="bbox 752 5797 1347 5863">
     <span class='ocr_line' id='line_1_114' title="bbox 752 5797 1347 5863; baseline -0.008 0"><span class='ocrx_word' id='word_1_846' title='bbox 752 5802 1026 5863; x_wconf 55' lang='lat' dir='ltr'><strong>Puncta</strong></span> <span class='ocrx_word' id='word_1_847' title='bbox 1074 5797 1196 5859; x_wconf 70' lang='lat' dir='ltr'><strong>Gn.</strong></span> <span class='ocrx_word' id='word_1_848' title='bbox 1236 5797 1347 5860; x_wconf 77' lang='lat' dir='ltr'><strong>X1.</strong></span> 
     </span>
    </p>
   </div>
   <div class='ocr_carea' id='block_1_115' title="bbox 2020 5570 2126 5614">
    <p class='ocr_par' dir='ltr' id='par_1_115' title="bbox 2020 5570 2126 5614">
     <span class='ocr_line' id='line_1_115' title="bbox 2020 5570 2126 5614; baseline -0.028 0"><span class='ocrx_word' id='word_1_849' title='bbox 2020 5570 2126 5614; x_wconf 89' lang='lat' dir='ltr'><strong>tem</strong></span> 
     </span>
    </p>
   </div>
   <div class='ocr_carea' id='block_1_116' title="bbox 2091 5199 3584 5275">
    <p class='ocr_par' dir='ltr' id='par_1_116' title="bbox 2091 5199 3584 5275">
     <span class='ocr_line' id='line_1_116' title="bbox 2091 5199 3584 5275; baseline -0.013 -7"><span class='ocrx_word' id='word_1_850' title='bbox 2091 5204 2201 5275; x_wconf 71' lang='grc' dir='ltr'><strong>(ἳὸ)</strong></span> <span class='ocrx_word' id='word_1_851' title='bbox 2227 5203 2407 5259; x_wconf 82' lang='lat' dir='ltr'><strong>Codex</strong></span> <span class='ocrx_word' id='word_1_852' title='bbox 2434 5218 2562 5269; x_wconf 89' lang='lat' dir='ltr'><strong>ms.,</strong></span> <span class='ocrx_word' id='word_1_853' title='bbox 2586 5202 3020 5274; x_wconf 87' lang='grc' dir='ltr'>πεπειραμένων.</span> <span class='ocrx_word' id='word_1_854' title='bbox 3067 5200 3210 5255; x_wconf 81' lang='grc' dir='ltr'>ΕιΙίι.</span> <span class='ocrx_word' id='word_1_855' title='bbox 3244 5199 3446 5262; x_wconf 81' lang='lat' dir='ltr'><strong>Oxon.,</strong></span> <span class='ocrx_word' id='word_1_856' title='bbox 3488 5213 3584 5248; x_wconf 83' lang='grc' dir='ltr'>πε-</span> 
     </span>
    </p>
   </div>
   <div class='ocr_carea' id='block_1_117' title="bbox 2018 5275 2415 5346">
    <p class='ocr_par' dir='ltr' id='par_1_117' title="bbox 2018 5275 2415 5346">
     <span class='ocr_line' id='line_1_117' title="bbox 2018 5275 2415 5346; baseline -0.01 -14"><span class='ocrx_word' id='word_1_857' title='bbox 2018 5275 2415 5346; x_wconf 83' lang='grc' dir='ltr'>πειρασμένων.</span> 
     </span>
    </p>
   </div>
   <div class='ocr_carea' id='block_1_118' title="bbox 2091 5334 3575 5418">
    <p class='ocr_par' dir='ltr' id='par_1_118' title="bbox 2091 5334 3575 5418">
     <span class='ocr_line' id='line_1_118' title="bbox 2091 5334 3575 5418; baseline -0.009 -18"><span class='ocrx_word' id='word_1_858' title='bbox 2091 5334 2201 5418; x_wconf 72' lang='lat'><strong>(29)</strong></span> <span class='ocrx_word' id='word_1_859' title='bbox 2224 5334 2429 5418; x_wconf 61' lang='grc' dir='ltr'><strong>Ἀύτὸγξ</strong></span> <span class='ocrx_word' id='word_1_860' title='bbox 2458 5342 2655 5418; x_wconf 69' lang='grc' dir='ltr'>αὐτῶν</span> <span class='ocrx_word' id='word_1_861' title='bbox 2675 5339 3117 5418; x_wconf 47' lang='grc' dir='ltr'><strong>,ἐστιὸεβψιένιαιἶ</strong></span> <span class='ocrx_word' id='word_1_862' title='bbox 3165 5337 3242 5393; x_wconf 87' lang='lat' dir='ltr'><strong>Ita</strong></span> <span class='ocrx_word' id='word_1_863' title='bbox 3279 5334 3448 5391; x_wconf 78' lang='lat' dir='ltr'><strong>codex</strong></span> <span class='ocrx_word' id='word_1_864' title='bbox 3478 5350 3575 5388; x_wconf 84' lang='lat' dir='ltr'><strong>ms.</strong></span> 
     </span>
    </p>
   </div>
   <div class='ocr_carea' id='block_1_119' title="bbox 2018 5408 3168 5472">
    <p class='ocr_par' dir='ltr' id='par_1_119' title="bbox 2018 5408 3168 5472">
     <span class='ocr_line' id='line_1_119' title="bbox 2018 5408 3168 5472; baseline -0.008 0"><span class='ocrx_word' id='word_1_865' title='bbox 2018 5408 2207 5472; x_wconf 72' lang='lat' dir='ltr'><strong>Editur</strong></span> <span class='ocrx_word' id='word_1_866' title='bbox 2239 5432 2366 5469; x_wconf 83' lang='lat' dir='ltr'><strong>vero</strong></span> <span class='ocrx_word' id='word_1_867' title='bbox 2394 5416 2720 5469; x_wconf 80' lang='lat' dir='ltr'><strong>Oxouiensis</strong></span> <span class='ocrx_word' id='word_1_868' title='bbox 2748 5408 2958 5472; x_wconf 84' lang='lat' dir='ltr'><strong>omisit,</strong></span> <span class='ocrx_word' id='word_1_869' title='bbox 2990 5408 3168 5464; x_wconf 78' lang='grc' dir='ltr'>αὐτόν.</span> 
     </span>
    </p>
   </div>
   <div class='ocr_carea' id='block_1_120' title="bbox 2090 5470 3588 5557">
    <p class='ocr_par' dir='ltr' id='par_1_120' title="bbox 2090 5470 3588 5557">
     <span class='ocr_line' id='line_1_120' title="bbox 2090 5470 3588 5557; baseline -0.011 -16"><span class='ocrx_word' id='word_1_870' title='bbox 2090 5484 2197 5557; x_wconf 80' lang='grc'><strong>(50)</strong></span> <span class='ocrx_word' id='word_1_871' title='bbox 2229 5482 2756 5557; x_wconf 18' lang='grc' dir='ltr'>Ἰωνᾶνμὲτιξγχανε.</span> <span class='ocrx_word' id='word_1_872' title='bbox 2803 5481 2893 5557; x_wconf 83' lang='lat' dir='ltr'><strong>Sic</strong></span> <span class='ocrx_word' id='word_1_873' title='bbox 2925 5470 3093 5534; x_wconf 80' lang='lat' dir='ltr'><strong>codex</strong></span> <span class='ocrx_word' id='word_1_874' title='bbox 3133 5493 3234 5533; x_wconf 92' lang='lat' dir='ltr'><strong>ms.</strong></span> <span class='ocrx_word' id='word_1_875' title='bbox 3278 5470 3460 5529; x_wconf 87' lang='lat' dir='ltr'><strong>Editio</strong></span> <span class='ocrx_word' id='word_1_876' title='bbox 3490 5489 3588 5526; x_wconf 89' lang='lat' dir='ltr'><strong>au-</strong></span> 
     </span>
    </p>
   </div>
   <div class='ocr_carea' id='block_1_121' title="bbox 2206 5550 3034 5619">
    <p class='ocr_par' dir='ltr' id='par_1_121' title="bbox 2206 5550 3034 5619">
     <span class='ocr_line' id='line_1_121' title="bbox 2206 5550 3034 5619; baseline -0.011 -10"><span class='ocrx_word' id='word_1_877' title='bbox 2206 5555 2499 5616; x_wconf 82' lang='lat' dir='ltr'><strong>xoniensis.</strong></span> <span class='ocrx_word' id='word_1_878' title='bbox 2541 5550 2697 5608; x_wconf 77' lang='grc' dir='ltr'>Ἰωνᾶ</span> <span class='ocrx_word' id='word_1_879' title='bbox 2724 5550 3034 5619; x_wconf 83' lang='grc' dir='ltr'>ὲντύγχανε.</span> 
     </span>
    </p>
   </div>
   <div class='ocr_carea' id='block_1_122' title="bbox 2088 5607 3591 5695">
    <p class='ocr_par' dir='ltr' id='par_1_122' title="bbox 2088 5607 3591 5695">
     <span class='ocr_line' id='line_1_122' title="bbox 2088 5607 3591 5695; baseline -0.011 -15"><span class='ocrx_word' id='word_1_880' title='bbox 2609 5607 2983 5689; x_wconf 67' lang='grc' dir='ltr'>ἐξελεύσετᾶις</span> <span class='ocrx_word' id='word_1_881' title='bbox 3023 5619 3191 5675; x_wconf 84' lang='lat' dir='ltr'><strong>editio</strong></span> <span class='ocrx_word' id='word_1_882' title='bbox 3233 5612 3443 5675; x_wconf 61' lang='lat' dir='ltr'><strong>030th,</strong></span> <span class='ocrx_word' id='word_1_883' title='bbox 3472 5607 3591 5676; x_wconf 54' lang='lat' dir='ltr'><strong>seu</strong></span> 
     </span>
    </p>
   </div>
   <div class='ocr_carea' id='block_1_123' title="bbox 3152 5778 3228 5841">
    <p class='ocr_par' dir='ltr' id='par_1_123' title="bbox 3152 5778 3228 5841">
     <span class='ocr_line' id='line_1_123' title="bbox 3152 5778 3228 5841; baseline -0.026 0"><span class='ocrx_word' id='word_1_884' title='bbox 3152 5778 3228 5841; x_wconf 81' lang='grc'><strong>15</strong></span> 
     </span>
    </p>
   </div>
   <div class='ocr_carea' id='block_1_124' title="bbox 2014 5697 2287 5767">
    <p class='ocr_par' dir='ltr' id='par_1_124' title="bbox 2014 5697 2287 5767">
     <span class='ocr_line' id='line_1_124' title="bbox 2014 5697 2287 5767; baseline -0.011 -17"><span class='ocrx_word' id='word_1_885' title='bbox 2014 5697 2287 5767; x_wconf 84' lang='grc' dir='ltr'>λεύσηται.</span> 
     </span>
    </p>
   </div>
  </div>
