3974 6160
428 221 540 284 469
1904 223 1965 278 01

2074 221 2225 278 EN'lS
3569 229 3670 286 460

426 360 593 402 voces
636 343 950 415 pluviasque
998 345 1232 400 animam
1268 345 1590 413 irrigantes;
1629 355 1685 399 ut
1719 347 1810 415 qui
1849 348 1965 416 priu

2099 344 2273 399 τοῦτο
2322 343 2353 397 6
2403 348 2435 400 ό
2475 347 2688 414 Κύριος
2745 346 2906 401 ποιεῖ
2955 347 3078 400 κατ’
3109 347 3452 417 ὀφθαλμοὺς
3487 349 3665 418 ὑμῶν.

426 450 547 495 erat
591 441 642 493 in
679 451 931 508 peccato,
963 439 1147 491 timeat
1177 436 1329 491 valde
1359 438 1640 493 Dominum
1667 479 1682 504 ,
1719 439 1965 508 divinian

2093 437 2237 504 οὐχὶ
2284 437 2561 506 θερισμὸς
2617 438 2809 505 πυροῦ
2874 437 3176 508 σήμερον;
3221 439 3667 511 Ἐπικαλέσομαι

427 529 735 585 ministrum
771 531 1013 586 beneficii
1045 545 1200 599 quem
1226 531 1587 586 venerabilem
1615 539 1670 583 et
1703 541 1965 599 augustun

2094 529 2310 595 Κύριον
2340 529 2470 598 (52),
2490 530 2586 582 καὶ
2619 527 2796 583 δώσει
2823 529 3022 598 φωνὰς
3045 531 3143 584 καὶ
3168 533 3365 586 ὑετόν.
3394 529 3523 585 Εἶτα
3557 536 3670 604 μετ’

425 625 696 679 exaudita:
728 622 842 690 ejus
865 638 1048 690 preces
1073 627 1379 678 ostendunt.
1411 623 1550 676 Eli-as
1578 639 1792 692 quoque
1821 625 1960 676 tribu

2092 621 2275 689 ὀλίγαο
2333 621 2440 674 Καὶ
2489 621 2933 687 ἐπεκαλέσατο,
2991 628 3156 694 φησι,
3215 625 3498 693 Σαμουὴλ
3559 628 3669 679 Κύ-

427 719 585 772 annis
614 727 665 772 et
692 733 782 771 sex
810 717 1081 771 mensibus
1111 719 1353 770 clausum
1386 717 1565 783 impiis
1587 717 1780 769 caelum
1812 715 1965 768 divim

2087 729 2224 779 ριον
2255 713 2386 784 (55),
2417 713 2514 766 καὶ
2553 714 2738 768 ἔδωκε
2776 717 2988 784 Κύριος
3016 716 3215 784 φωνὰς
3255 715 3353 769 καὶ
3394 714 3576 769 ὑετὸν
3601 717 3667 769 ἐν

424 813 665 880 postiam
692 811 867 878 aperit
896 810 1122 878 imperio
1153 829 1166 863 :
1200 811 1339 877 qtiod
1372 809 1592 878 quilibet
1631 823 1840 876 semper
1865 808 1965 862 fuci

2095 804 2170 873 τῇ
2200 805 2389 874 ἡμέρᾳ
2431 807 2654 877 ἐκείνῃ.
2691 809 2862 861 Παντὶ
2890 809 2998 879 γὰρ
3040 809 3196 879 ἁγίῳ,
3245 811 3338 862 καὶ
3377 809 3454 880 τῷ
3499 810 3667 880 Ἰησοῦ

421 902 511 970 qui
539 916 636 970 per
663 902 962 956 oralionem
987 902 1186 970 accipit
1213 902 1406 954 anima:
1432 901 1665 968 pluviam
1694 915 1811 969 qua:
1843 900 1958 967 priu

2097 897 2334 967 γνησίως
2365 897 2717 968 μαθητεύοντι
2749 901 2853 954 ὐπὸ
2872 901 2964 954 τοῦ
2990 902 3193 973 Κυρίου
3216 901 3459 969 λέγεταιο
3500 900 3672 957 Ἐπάο

419 993 732 1047 hominibus
764 1001 987 1062 propter
1016 1001 1237 1061 peccata
1274 993 1589 1061 negabatur.

2090 1006 2232 1056 ρατε
2264 989 2404 1054 τοὺς
2453 993 2797 1062 ὀφθαλμοὺς
2839 991 3023 1061 ὑμῶν,
3076 993 3175 1046 καὶ
3225 992 3524 1049 θεάσασθε
3564 993 3671 1060 τὰς

415 1085 626 1156 χώρας,
677 1085 763 1138 ὅτι
804 1086 1019 1140 λευκαί
1067 1088 1184 1140 εἱσι
1233 1085 1383 1153 πρὸς
1431 1084 1715 1154 θερισμὸν
1752 1083 1886 1152 ἤδη.
1958 1083 2019 1135 '0
2048 1081 2283 1152 θερίζων
2329 1085 2440 1154 (54)
2479 1085 2701 1156 μισθὸν
2745 1086 3031 1156 λαμϐάνει
3081 1089 3179 1141 καί
3246 1087 3495 1156 συνάγει
3531 1103 3671 1154 καρ-

413 1176 530 1230 πὸν
554 1180 640 1243 είς
663 1176 814 1245 ζωὴν
835 1177 1090 1232 αἰώνιον.
1139 1178 1224 1230 Ἐν
1264 1177 1338 1248 τῷ
1367 1177 1540 1249 καιρῷ
1573 1177 1634 1249 δὴ
1675 1177 1849 1248 τούτῳ
1889 1178 1982 1229 τοῦ
2017 1175 2276 1248 θερισμοῦ
2341 1179 2480 1249 μέγα
2541 1181 2690 1250 ῥῆμα
2721 1181 2748 1231 6
2779 1181 2980 1252 Κύριος
3033 1183 3178 1233 ποιεῖ
3210 1181 3329 1234 κατ’
3359 1178 3668 1250 ὀφθαλμοὺς

411 1271 518 1323 τῶν
545 1270 848 1323 ἀκουόντων
880 1272 1005 1332 τοὺς
1039 1272 1353 1341 προφήτας·
1390 1269 1853 1340 ἐπικαλεσαμένου
1907 1268 2014 1340 γὰρ
2065 1268 2157 1321 τοῦ
2209 1271 2625 1341 κεκοσμημένου
2661 1272 2771 1344 (55)
2800 1273 2876 1342 τῷ
2912 1273 3050 1344 ἁγίῳ
3089 1273 3366 1343 Πνεύματι
3405 1274 3543 1344 πρὸς
3578 1271 3670 1324 τὸν

411 1361 612 1432 Κύριον
646 1401 658 1425 ,
714 1361 925 1414 δίδωσιν
973 1363 1001 1413 6
1043 1361 1174 1423 Θεὸς
1211 1361 1497 1431 οὐρανόθεν
1540 1361 1722 1430 φωνάς
1772 1360 1865 1412 καὶ
1909 1360 1998 1412 τὸν
2048 1358 2330 1422 ποτίξοντα
2384 1361 2484 1430 τὴν
2525 1361 2700 1434 ψυχὴν
2762 1365 2947 1416 ὑετόν’
2992 1365 3077 1418 ἵνα
3118 1368 3146 1419 6
3188 1366 3448 1438 πρότερον
3498 1367 3554 1417 ἐν
3599 1362 3667 1431 τῇ

411 1454 576 1524 κακίᾳ
603 1452 679 1505 ῶν
710 1453 916 1523 φοϐηθῇ
942 1453 1146 1523 σφόδρα
1165 1453 1255 1506 τὸν
1280 1453 1502 1524 Κύριον,
1549 1453 1642 1506 καὶ
1699 1453 1788 1506 τὸν
1846 1452 2126 1523 ὑπηρέτην
2176 1451 2276 1521 τῆς
2332 1453 2650 1526 εὐεργεσίας
2695 1455 2788 1508 τοῦ
2832 1455 2966 1510 Θεοῦ
3024 1458 3297 1529 αἰδέσιμον
3348 1457 3442 1512 καὶ
3507 1458 3669 1513 σεϐά-

411 1563 566 1617 σμιον
593 1546 657 1599 δι’
691 1539 764 1598 ὧν
798 1545 1120 1598 ὲπακούεται
1177 1545 1645 1616 πεφανερωμένον.
1680 1547 1789 1598 Καὶ
1837 1544 2022 1608 Ἠλίας
2054 1544 2109 1598 δὲ
2141 1545 2313 1616 τρισὶν
2354 1545 2497 1600 ἔτεσι
2553 1547 2645 1601 καὶ
2698 1547 2756 1614 ἒξ
2797 1550 2928 1620 μησὶ
2973 1551 3350 1622 κεκλεισμένον
3398 1554 3509 1614 τοῖς
3545 1552 3663 1605 ἁσεα

410 1644 527 1695 ϐέσι
572 1640 662 1692 τὸν
709 1637 930 1710 οὐρανὸν
969 1636 1097 1707 θείῳ
1146 1637 1288 1708 λόγῳ
1329 1638 1529 1705 ἀνοίγει
1560 1637 1809 1709 ὕστερον·
1843 1637 1979 1708 ὅπερ
2031 1636 2192 1690 παντί
2225 1654 2301 1706 τῳ
2337 1637 2447 1706 (56)
2507 1639 2860 1710 κατορθοῦται
2915 1641 3022 1706 ἀεὶ,
3070 1641 3158 1694 διὰ
3195 1641 3295 1712 τῆς
3335 1641 3502 1712 εὐχῆς
3530 1641 3665 1712 λαμρ-

409 1735 622 1791 ϐάνοντι
647 1732 736 1785 τὸν
770 1732 922 1785 ὑετὸν
949 1731 1046 1801 τῆς
1073 1730 1268 1802 ψυχῆς,
1298 1732 1405 1785 τῶν
1436 1731 1524 1784 διὰ
1549 1731 1644 1802 τὴν
1673 1732 1782 1803 (57)
1815 1733 2085 1804 ἁμαρτίαν
2117 1732 2382 1803 πρότερον
2416 1733 2578 1786 αὐτοῦ
2605 1733 3000 1804 ἐστερημένων.

481 1825 565 1878 14.
611 1823 738 1890 Quae
773 1837 894 1876 cum
924 1821 1076 1875 nobis
1124 1822 1367 1891 exposita
1420 1823 1528 1877 sint
1578 1823 1642 1876 de
1691 1824 1965 1878 beneficiis

2143 1822 2358 1876 Τούτων
2411 1822 2469 1876 δὲ
2517 1825 2648 1894 ἡμῖν
2692 1824 3133 1894 ἐρμηνευθέντων
3167 1826 3248 1888 είς
3290 1824 3388 1888 τὰς
3428 1823 3517 1879 διὰ
3551 1824 3666 1879 τῶν

408 1931 529 1986 quae
558 1915 724 1970 sancti
763 1929 857 1985 per
896 1917 1169 1969 orationes
1215 1925 1571 1983 acceperunt,
1617 1916 1978 1986 intelligemus

407 2009 538 2062 illud
570 2027 582 2062 :
626 2007 790 2063 Petite
824 2025 1050 2078 magna,
1079 2017 1125 2060 et
1158 2023 1318 2076 parva
1361 2008 1684 2074 adjicientur
1714 2009 1854 2062 vobis
1876 2051 1890 2074 ,
1929 2018 1976 2062 et

411 2099 577 2166 petite
610 2097 865 2162 ca’lestia,
897 2107 946 2150 et
991 2107 1197 2149 terrena
1229 2097 1494 2150 addentur
1532 2099 1671 2150 vobis
1710 2097 1774 2152 ¹⁸ο
1810 2097 1975 2168 Signa

406 2191 586 2243 omnia
623 2200 679 2244 et
717 2191 1004 2260 imagines,
1069 2203 1256 2243 eorum
1300 2204 1420 2258 qua:
1458 2203 1586 2243 vera
1623 2199 1752 2245 sunt
1778 2199 1832 2245 et
1861 2191 1976 2260 spi-

406 2283 621 2338 r~itua|ia
656 2282 1082 2351 comparatione,
1118 2297 1284 2353 parva
1315 2290 1443 2335 sunt
1472 2293 1525 2335 et
1560 2290 1810 2336 terrena:
1836 2283 1976 2336 unde

417 2377 806 2431 convenienter
857 2373 951 2429 Dei
1010 2375 1244 2429 Verbum
1287 2391 1407 2428 cum
1449 2389 1548 2428 nos
1583 2375 1648 2427 ad
1690 2375 1975 2429 imitandas

403 2479 719 2523 sanctorum
760 2469 1038 2523 orationes
1066 2467 1413 2528 adhortatur,
1443 2475 1502 2518 ιιι
1530 2476 1776 2532 petamus
1811 2466 1864 2518 in
1896 2465 1973 2519 rei

402 2561 632 2614 veritate
660 2574 780 2628 quae
808 2559 883 2612 illi
916 2558 969 2612 in
1007 2558 1197 2628 figuris
1233 2567 1441 2610 tantum
1473 2560 1971 2625 consequebantur,

401 2652 646 2706 coelestia
683 2652 817 2706 dicit
842 2660 897 2705 et
927 2666 1119 2720 magna
1152 2649 1476 2704 adumbrata
1500 2664 1595 2718 per
1617 2658 1861 2714 terrenas
1887 2665 1974 2704 res

399 2753 454 2798 et
488 2745 748 2814 exiguas;
788 2743 941 2814 quasi
977 2743 1221 2798 diceret:
1255 2739 1365 2796 Vos
1393 2742 1486 2810 qui
1518 2741 1826 2811 spirituales
1855 2755 1974 2796 esse

403 2837 602 2898 vultis,
638 2834 886 2890 coelestia
923 2849 1018 2902 per
1049 2834 1329 2888 orationes
1363 2834 1559 2900 petite,
1592 2841 1652 2885 ut
1680 2847 1742 2886 ea
1774 2847 1969 2887 conse-

400 2928 510 2981 cuti
535 2967 550 2990 ,
585 2926 746 2979 vetuli
791 2925 1043 2978 crete-stes
1075 2965 1089 2990 ,
1129 2925 1275 2993 regni
1313 2923 1578 2978 enatorum
1616 2924 1859 2977 hmredes
1894 2923 1971 2976 si-

402 3023 502 3082 tis,
533 3030 586 3072 et
611 3029 679 3071 ·ιιι
713 3018 890 3086 magni
915 3057 929 3078 ,
962 3016 1118 3069 bonis
1144 3015 1400 3068 fruamini
1435 3015 1723 3080 maximis;
1759 3025 1972 3069 terrena

401 3121 578 3165 autem
609 3121 661 3166 et
689 3125 848 3178 parva
875 3109 1037 3177 220
1062 3107 1258 3176 quibus
1289 3106 1354 3160 ad
1387 3107 1691 3161 necessaria
1727 3107 1974 3174 corporis

2085 1915 2400 1988 προσευχῶν
2432 1917 2801 1987 γεγενημένας
2831 1919 2941 1980 τοῖς
2983 1916 3158 1985 ἁγίοις
3192 1918 3528 1990 εὐεργεσίας,
3561 1933 3661 1972 κα-

2080 2010 2433 2080 τανοήσωμεν
2459 2009 2570 2079 (58)
2605 2010 2684 2062 τό’
2718 2009 2942 2063 Αίτεῖτε
2978 2008 3049 2062 τὰ
3081 2009 3307 2078 μεγάλα
3341 2010 3438 2063 καὶ
3469 2013 3540 2064 τὰ
3557 2029 3653 2081 μμ

2081 2101 2195 2168 κρὰ
2215 2103 2354 2171 ὑμῖν
2367 2103 2832 2171 προστεθήσεται
2853 2120 2866 2136 ·
2893 2104 2986 2157 καὶ
3001 2104 3209 2156 αἰτεῖτε
3226 2105 3295 2156 τὰ
3311 2104 3657 2172 ἐπουράνια,

2080 2192 2179 2245 καὶ
2206 2193 2277 2246 τὰ
2297 2193 2524 2262 ἐπίγεια
2546 2193 2687 2262 ὑμῖν
2710 2195 3197 2262 προστεθήσεται.
3213 2195 3394 2249 Πάντα
3419 2213 3476 2248 τε
3497 2196 3654 2269 (58⁹),

2077 2283 2148 2336 τὰ
2179 2283 2480 2354 συμϐολικὰ
2524 2285 2616 2337 καὶ
2649 2285 2872 2349 τὐπικὰ,
2927 2287 3204 2358 συγκρίσει
3237 2287 3345 2341 τῶν
3387 2288 3657 2360 ἀληθινῶν

2081 2379 2176 2430 καὶ
2223 2376 2448 2448 νοητῶν,
2489 2377 2661 2447 μικρά
2715 2379 2828 2430 ἐστι
2888 2379 2981 2431 καὶ
3036 2378 3277 2446 ἐπίγεια·
3338 2380 3433 2432 καὶ
3487 2381 3653 2445 εἰκὸς,

2078 2466 2159 2519 ὅτι
2188 2466 2294 2538 (59)
2335 2469 2362 2520 6
2411 2465 2553 2530 θεῖος
2601 2468 2746 2537 ἡμᾶς
2781 2467 2942 2534 λόγος
2983 2466 3419 2538 προκαλούμενος
3466 2469 3557 2520 ἐπὶ
3594 2468 3654 2521 τὸ

2080 2555 2370 2627 μιμεῖσθαι.
2411 2555 2510 2620 τὰς
2541 2555 2648 2610 τῶν
2683 2556 2848 2625 ἁγίων
2890 2556 3072 2626 εὐχὰς,
3107 2557 3172 2611 ἵν’
3215 2557 3452 2628 αἰτῶμεν
3483 2557 3652 2622 αὐτὰς

2077 2648 2214 2701 κατὰ
2225 2647 2284 2700 τὸ
2299 2649 2492 2718 ἀληθὲς
2509 2642 2582 2702 ὧν
2599 2650 2792 2702 ἐκεῖνοι
2808 2649 3088 2702 ἐπετέλουν
3103 2649 3346 2703 τυπικῶν
3363 2650 3497 2721 (40),
3519 2651 3653 2722 φησὶ

2075 2739 2144 2792 τὰ
2155 2742 2446 2817 ἐπουράνια
2459 2741 2551 2793 καὶ
2575 2740 2780 2811 μεγάλα
2791 2740 3130 2812 δεδηλωμένα
3144 2741 3231 2794 διὰ
3249 2740 3355 2792 τῶν
3373 2758 3436 2792 πε
3447 2742 3497 2811 ρί
3513 2743 3650 2810 (40')

2075 2831 2332 2899 ἐπιγείων
2386 2831 2480 2883 καὶ
2529 2831 2736 2901 μικρῶν
2784 2833 3145 2901 πραγμάτων,
3188 2831 3398 2898 λέγων’
3461 2831 3650 2901 Ὑμεῖς

2076 2923 2126 2976 οἱ
2157 2924 2510 2992 πνευματικοὶ
2531 2919 2669 2975 εἶναι
2700 2921 3005 2993 βουλόμενοι
3027 2922 3114 2975 διὰ
3142 2922 3250 2975 τῶν
3281 2922 3388 2993 (41)
3418 2939 3647 2993 προσευ-

2075 3013 2185 3084 χῶν
2201 3015 2480 3084 αίτήσατε,
2506 3014 2570 3066 ἵν’
2589 3013 2764 3066 αὐτῶν
2786 3015 3056 3085 τυχόντες,
3075 3015 3147 3077 ὡς
3167 3015 3470 3086 ἐπουράνιοι
3499 3014 3640 3086 (42),

2076 3104 2353 3175 βασιλείαν
2383 3105 2626 3176 οὐρανῶν
2656 3105 3119 3178 κληρονομήσητε,
3156 3110 3245 3160 καὶ
3271 3108 3346 3172 ῶς
3391 3107 3644 3177 μεγάλων

399 3217 538 3273 Opus
571 3201 812 3263 habetis,
846 3213 941 3268 pro
985 3197 1289 3265 indigentiae
1335 3197 1495 3250 modo
1535 3197 1775 3264 prtebeat
1809 3197 1960 3251 vobis

2074 3195 2184 3249 τῶν
2231 3197 2501 3267 μεγίστων
2532 3196 2748 3265 ἀγαθῶν
2795 3197 3162 3269 ἁπολαύσητε’
3211 3197 3278 3251 τὰ
3322 3199 3380 3251 δὲ
3427 3199 3643 3266 ἐπίγεια

400 3295 580 3349 Pater.
606 3293 738 3347 Cum
768 3303 947 3344 autem
981 3291 1121 3359 apud
1147 3289 1462 3358 Apostolum
1491 3297 1720 3357 quatuor
1749 3289 1968 3342 nomina

400 3389 471 3442 de
521 3395 755 3456 quatuor
809 3384 971 3438 rebus
1012 3398 1134 3453 qua:
1182 3383 1308 3437 huic
1345 3379 1412 3434 de
1441 3380 1693 3434 oratione
1723 3383 1963 3434 sermoni

398 3489 524 3535 sunt
574 3478 757 3532 amnes
790 3519 804 3542 ,
861 3481 914 3530 in
964 3475 1139 3545 prima
1196 3474 1264 3526 ad
1321 3473 1666 3527 Timotheum
1727 3470 1963 3540 Epistula

400 3575 601 3642 scripta
628 3572 763 3636 sint;
786 3569 915 3623 utile
944 3567 1253 3636 erit,ipsius
1273 3573 1425 3619 textu
1460 3563 1761 3635 proposito,
1790 3565 1966 3632 quod-

397 3665 528 3720 libet
557 3680 623 3718 ex
669 3664 775 3717 illis
819 3671 1054 3730 quatuor
1099 3657 1283 3712 videre
1311 3696 1324 3720 ,
1373 3671 1438 3710 an
1486 3663 1634 3710 recte
1676 3655 1962 3722 percipere

395 3759 670 3829 pussitnus
701 3756 972 3823 quomodo
1005 3753 1217 3822 proprie
1247 3749 1609 3818 intelligatur.
1657 3747 1749 3801 Sic
1777 3755 1960 3800 autem

396 3851 471 3904 ait
499 3867 512 3902 :
544 3847 771 3902 Obsecro
801 3847 962 3915 igitur
991 3847 1216 3913 primum
1249 3840 1478 3895 omnium
1504 3839 1620 3906 ﬁeri
1650 3837 1960 3892 obsecratio-

398 3959 521 4006 nes,
566 3940 866 4002 orationes,
917 3935 1333 4006 postulationes,
1381 3935 1676 4002 gratiarum
1725 3932 1959 3986 actiones

392 4050 489 4104 pro
519 4029 758 4084 omnibus
790 4028 1085 4081 hominibus
1121 4026 1188 4088 ¹⁶,
1221 4033 1276 4079 et
1311 4025 1538 4090 reliqua.
1575 4023 1824 4076 Arbitror
1855 4023 1959 4074 ita-

392 4141 501 4196 que
531 4123 970 4178 obsecrationem
1004 4133 1126 4174 esse
1157 4117 1388 4172 emissas
1428 4117 1494 4169 ab
1529 4115 1710 4182 aliquo
1749 4112 1959 4183 suppli-

396 4221 536 4271 citer
579 4228 798 4285 preces,
831 4222 889 4266 ut
939 4213 990 4264 id
1023 4225 1128 4279 quo
1161 4209 1361 4277 indiget
1399 4218 1802 4277 consequatur;
1838 4223 1964 4262 ora-

391 4311 596 4366 tionem
627 4323 746 4362 esse
778 4321 937 4375 quam
972 4305 1092 4374 quis
1123 4303 1186 4356 de
1219 4299 1515 4370 majoribus
1549 4301 1708 4355 rebus
1735 4300 1957 4356 elatiore

461 4468 504 4499 “'
536 4466 722 4520 Matth.
754 4482 827 4528 vr,
859 4463 947 4517 55.
1027 4463 1068 4493 ⁸⁸
1097 4464 1118 4514 ι
1153 4459 1291 4516 Tim.
1333 4477 1390 4527 tl,
1429 4461 1481 4514 1.

483 4582 572 4660 ξιξ.)
600 4581 782 4660 Codex
815 4596 938 4643 ms.,
963 4577 1186 4660 ιὲύιριον.
1220 4575 1580 4660 edit._Ox‘on.,
1612 4575 1704 4628 τὸν
1729 4574 1951 4660 Ῑςύριον.
1989 4584 2032 4638 D

461 4645 572 4721 (55)
601 4652 780 4706 Codex
810 4667 937 4714 ms.,
977 4645 1198 4719 Κύριον.
1233 4648 1407 4702 Editio
1450 4648 1646 4713 0x0n.,
1678 4645 1953 4716 πρὸςΚύ-

429 4738 526 4775 ιον.

392 4737 574 4884 ἷιῖξξι)
603 4791 779 4845 Codex
823 4806 951 4855 ms.,
975 4793 1002 4844 6
1033 4787 1278 4862 θερίζων.
1327 4786 1506 4842 Editio
1545 4786 1742 4849 Oxon.,
1790 4785 1882 4838 καὶ
1923 4786 1951 4836 6

389 4861 636 4925 θερίζων.

455 4879 636 4934 ριςων.

462 4933 573 5001 (55)
622 4929 1100 5000 Κεκοσμημένου.
1147 4930 1424 4987 Bentleius
1465 4927 1624 4995 legit,
1690 4924 1946 4996 κεκολλη-

391 5002 578 5076 μέιρυ,
609 5013 668 5076 ut
754 5002 877 5056 Cor.
906 5018 976 5067 γι,
1007 5003 1092 5055 Π.

461 5066 571 5141 (56)
616 5074 794 5126 Codex
837 5066 1154 5135 Inserecte,
1197 5069 1357 5123 παντί
1398 5084 1504 5139 tu);
1550 5066 1714 5123 editio
1768 5076 1944 5120 autem

390 5144 589 5206 Oxon.,
623 5143 699 5206 τῷ
723 5142 903 5194 παντί.

458 5196 728 5283 (57)’Τῶν
754 5213 852 5266 διὰ
888 5211 1020 5279 τήν,
1056 5221 1160 5283 etc.
1205 5210 1383 5283 Mallet
1414 5208 1706 5283 Bentleius,
1730 5207 1820 5260 τὸν
1859 5208 1947 5261 διὰ

385 5280 782 5367 τὴν-ἁμαρτίαν
810 5283 1068 5367 πρότερον
1091 5281 1263 5367 αὐὲοῇ
1286 5283 1405 5367 ἐστε
1414 5296 1478 5351 ρη
1489 5280 1660 5367 μένον..

457 5348 569 5426 (58)
593 5348 1090 5423 Κατανοήσωρεν.
1145 5352 1323 5426 Malim
1354 5348 1477 5402 cum
1504 5348 1762 5426 iicntleio,
1787 5363 1944 5426 κατα-

382 5420 662 5498 νοήσομεν.
691 5429 936 5496 Sequens
958 5420 1143 5498 autent
1187 5423 1479 5498 Scriptura:
1511 5420 1655 5498 lin-ns
1690 5421 1828 5470 torte
1851 5423 1943 5474 de-

385 5488 628 5567 sui'npius
652 5509 735 5551 est
771 5488 833 5550 ὧι
873 5495 1163 5567 Evangelia
1197 5492 1501 5567 apocrypha
1540 5488 1938 5567 Namnam-uin,

383 5567 463 5621 vel
508 5559 575 5622 ex
624 5569 937 5635 interpolato
997 5559 1244 5620 Matthxi
1274 5559 1490 5635 codice,
1549 5575 1672 5624 cap.
1718 5575 1802 5635 _\’_l,
1846 5559 1936 5612 “2'5.

383 5637 512 5692 Vide
538 5648 691 5692 notas
721 5629 902 5695 a‘il'lib.
931 5653 1000 5690 vn
1039 5635 1232 5689 Contra
1259 5632 1485 5689 Celsum,
1519 5645 1672 5682 num.
1705 5629 1794 5683 44.

448 5708 902 5779 (38‘)Legendum
925 5707 1098 5762 πάντα
1129 5722 1213 5778 γε,
1249 5704 1350 5770 vel,
1377 5701 1550 5758 πάντα
1565 5699 1640 5757 δέ.
1659 5702 1751 5755 En.
1770 5700 1937 5757 Pun.

2075 3289 2168 3352 καὶ
2202 3288 2370 3360 μικρὰ
2405 3281 2480 3341 ὧν
2508 3287 2595 3341 διὰ
2633 3288 2730 3352 τὰς
2761 3290 3077 3361 σωματικὰς
3116 3291 3356 3359 ἀνάγκας
3387 3290 3636 3361 χρῄζετε,

2077 3382 2257 3453 μέτρῳ
2289 3380 2382 3434 τοῦ
2421 3380 2632 3444 δέοντος
2672 3383 3044 3453 ἐπιχορηγήσῃ
3074 3382 3179 3452 (45)
3212 3384 3338 3452 ὑμῖν
3366 3385 3393 3435 6
3429 3384 3637 3454 Πατήρ.

2083 3474 2234 3526 Ἐπεὶ
2262 3473 2320 3526 δὲ
2354 3472 2505 3545 παρὰ
2535 3473 2928 3546 τῷἈποστόλῳ
2955 3475 3192 3547 τέσσαρα
3223 3476 3459 3546 ὀνόματα
3499 3476 3639 3530 κατὰ

2071 3563 2352 3636 τεσσάρων
2401 3566 2736 3636 πραγμάτων
2764 3564 3117 3631 γειτνιώντων
3144 3565 3219 3636 τῷ
3251 3567 3377 3635 περὶ
3407 3567 3506 3636 τῆς
3551 3567 3638 3620 εὐι-

2068 3658 2168 3728 χῆς
2210 3657 2353 3728 λόγῳ
2408 3660 2464 3710 ἐν
2505 3661 2568 3728 τῇ
2619 3657 2859 3729 προτέρᾳ
2906 3659 3039 3730 πρὸς
3081 3660 3340 3730 Τιμόθεον
3395 3661 3632 3731 εἴρηται,

2067 3749 2330 3818 χρήσιμον
2356 3747 2529 3812 ἔσται,
2562 3746 2938 3817 παραθέμενον
2977 3746 3139 3799 αὐτοῦ
3183 3746 3278 3816 τὴν
3312 3746 3476 3812 λέξιν,
3509 3747 3632 3799 ἰδεῖν

2063 3839 2292 3891 ἕκαστον
2335 3839 2443 3910 (44)
2503 3839 2608 3892 τῶν
2651 3841 2928 3910 τεσσάρων
2979 3841 3182 3910 κυρίως
3232 3838 3296 3893 ἂν
3348 3839 3631 3910 νοούμενον

2064 3931 2385 4001 ἐκλάϐοιμεν
2413 3932 2610 3996 καλῶς.
2643 3933 2802 4003 Λέγει
2829 3933 2884 3987 δὲ
2907 3933 3111 3997 οὕτως’
3149 3933 3484 4002 Παρακαλῶ
3519 3929 3630 3986 οὖν

2063 4032 2300 4098 πρῶτον
2330 4033 2571 4087 πάντων
2615 4034 2908 4088 ποιεῖσθαι
2947 4033 3206 4100 δεήσεις,
3262 4034 3624 4102 προσευχὰς.

2059 4125 2376 4192 ἐντεύξεις,
2416 4128 2800 4198 εὐχαριστίας
2827 4126 2978 4195 ὑπὲρ
3013 4127 3254 4180 πάντων
3279 4126 3622 4194 ἀνθρώπων,

2063 4214 2154 4268 καὶ
2193 4215 2259 4268 τὰ
2293 4215 2436 4287 ἐξῆς.
2491 4216 2755 4288 Ἠγοῦμαι
2785 4216 2960 4270 τοίνυν
2992 4217 3174 4286 δέησιν
3220 4215 3317 4286 μὲν
3351 4213 3488 4268 εἶναι.
3528 4217 3624 4285 τὴν

2063 4305 2396 4370 ἐλλείποντός
2423 4325 2524 4361 τινι
2565 4308 2672 4378 (45)
2708 4307 2823 4378 μεθ’
2872 4305 3076 4368 ἱκεσίας
3116 4306 3247 4376 περὶ
3281 4303 3374 4357 τοῦ
3418 4305 3624 4360 ἐκείνου

2135 4576 2368 4647 (δίηΚαὶ
2388 4577 2569 4642 εἰκὸς,
2601 4577 2709 4630 ὅτι.
2737 4577 2889 4644 Legit
2907 4577 3309 4640 Bentleius,xa‘t
3325 4579 3490 4641 είκόςο
3507 4579 3614 4632 ὅτε.

2132 4668 2454 4740 (40)Αὺτὰς
2496 4669 2643 4721 κατὰ
2679 4667 2744 4721 τὸ
2777 4668 3016 4736 ἀληθὲς,
3047 4663 3135 4723 ὧν
3167 4669 3383 4722 ἐκεῖνοι
3417 4669 3615 4723 ἐπετέ-

2056 4739 2210 4793 λουν
2231 4740 2510 4795 τυπικῶν.
2550 4741 2693 4804 Lego
2743 4740 3154 4794 cumBentlcio:
3180 4740 3342 4792 Αὐτοὶ
3385 4739 3617 4803 nauigii

2055 4811 2251 4880 ἀληθὲς
2285 4805 2358 4863 ὧν
2393 4811 2586 4862 ἐκεῖνοι
2617 4809 2874 4880 ἐπέτυχον
2903 4810 3160 4874 τυπικῶς.

2120 4902 2250 4974 (40')
2269 4902 2586 4972 Prtepnsitio,
2597 4901 2720 4971 περί
2737 4901 2937 4956 rectius
2949 4901 3307 4956 omitteretur.
3327 4901 3424 4955 Eo.
3442 4901 3608 4954 Ρλτιι.

2122 4997 2233 5068 (41)
2265 4997 2627 5065 Βουλόμενόι
2649 4995 2746 5068 διὰ
2767 4994 2901 5068 τῶν,
2924 5003 3028 5068 etc.
3058 4994 3197 5063 Lego
3209 5012 3332 5050 cum
3349 4995 3609 5059 Bentleio,

2052 5065 2380 5138 βουλόμενοι,
2409 5066 2748 5137 πνευματικὰ
2773 5065 2860 5118 διὰ
2891 5065 3015 5128 τῶν,
3047 5077 3151 5119 etc.

2121 5161 2230 5232 (4:2)
2268 5161 2358 5226 Ὠς
2382 5158 2737 5232 ἐπουράνιοι.
2778 5156 3049 5232 Bentleius
3070 5156 3223 5232 legit,
3265 5156 3350 5232 tb;_
3375 5157 3618 5225 ἐπουραα·

2049 5227 2488 5284 νίων.’1)οιιιίιιιιδ
2527 5231 2780 5285 Claudius
2813 5228 3000 5296 Henry
3031 5230 3160 5280 nihil
3213 5229 3312 5280 hoc
3339 5227 3455 5278 loco
3486 5243 3607 5296 ιιιιμ

2049 5314 2144 5367 tat,
2186 5303 2276 5356 scil
2322 5301 2459 5354 infra
2486 5317 2582 5370 pro
2621 5299 2696 5362 ὡς
2725 5293 3226 5369 μεγάλωνθιεεεὺιιι,
3252 5297 3326 5359 ὡς
3363 5293 3604 5366 μεγάλοι.

2117 5393 2227 5464 (45)
2267 5390 2718 5462 Ἐπιχίιρηγήσῃ.
2732 5391 2880 5464 Legit
2893 5390 3182 5455 Bentleius,
3196 5387 3601 5460 ἐπιχορηγήσει.

2119 5488 2228 5554 (Η)
2266 5485 2430 5539 Ἰδεῖν
2456 5487 2507 5537 εἰ
2538 5485 2814 5548 ἕκαστον,
2851 5492 2954 5554 etc.
2980 5483 3133 5551 Legit
3158 5480 3455 5550 Bentleius,
3477 5480 3606 5534 ἰδεῖν

2044 5561 2092 5611 εἰ
2117 5553 2344 5613 ἕκαστον
2375 5555 2481 5609 τῶν
2505 5558 2782 5629 τεσσάρων
2814 5553 3014 5680 κυρίως
3043 5553 3406 5622 ἐννοούμενον.

2119 5628 2228 5680 (45)
2273 5627 2685 5680 Ὲλλείποντόρ
2716 5643 2848 5680 τινι.
2924 5633 3031 5680 etut
3075 5624 3236 5680 idem.
3271 5620 3406 5675 ὲλλεί

2119 5628 2228 5698 (45)
2273 5618 2686 5692 Ὲλλείποντόξ
2716 5643 2848 5682 τινι.
2877 5618 3031 5696 Legit
3075 5618 3241 5690 idem,
3271 5618 3610 5693 ἐλλείποι-’.ὗς

2048 5715 2207 5764 τινος.
2248 5741 2254 5747 .
