3974 6160
354 260 450 316 ml

1512 267 1847 323 LlBELLUS
1879 267 1966 322 DE
2001 267 2370 324 ORATIONE.

3497 263 3609 322 469.

356 377 536 446 τυχεῖν
564 376 1028 451 ἀναπεμπομένην
1059 381 1228 453 εὐχήν
1245 400 1257 413 ·
1285 381 1384 454 τὴν
1415 383 1470 436 δὲ
1497 384 1800 456 προσευχὴν
1827 384 1925 455 τὴν

2037 385 2209 439 animo
2245 385 2413 438 Deum
2452 383 2805 453 gloriﬁcando
2860 382 3106 448 emittit;
3149 381 3604 449 postulationem,

357 469 496 542 μετὰ
513 467 819 538 δοξολογίας
840 467 964 543 περὶ
988 470 1248 542 μειζόνων
1275 475 1776 548 μεγαλοφυέστερον
1801 479 1932 529 ἀνα-

355 561 712 634 πεμπομένην
749 563 853 616 ὑπό
882 579 974 616 του
999 562 1108 633 (46)
1131 581 1144 594 ·
1180 565 1416 630 ἔντευξιν
1447 567 1504 620 δὲ
1532 568 1628 638 τὴν
1655 568 1760 621 ὑπὸ
1793 571 1933 640 παρα

355 653 548 723 ρησίαν
577 653 700 706 τινὰ
732 654 950 707 πλείονα
978 654 1193 725 ἔχοντος
1219 657 1345 729 περί
1368 676 1526 710 τινων
1549 658 1772 723 ἀξίωσιν
1797 661 1933 729 πρὸς

351 748 502 802 Θεόν*
523 749 870 821 εὐχαριστίαν
885 751 962 816 δὲ,
980 752 1075 823 τὴν
1099 752 1190 804 ἐπὶ
1207 751 1282 822 τῷ
1298 753 1576 821 τετυχέναι
1594 751 1810 820 ἀγαθῶν
1827 753 1936 805 ἀπὸ

353 841 491 896 Θεοῦ
544 846 663 912 μετ’
695 843 886 914 εὐχῶν
920 844 1359 915 ἀνθομολόγησιν,
1391 844 1813 915 ἁντειλημμένου
1839 845 1932 898 τοῦ

353 934 891 1006 ἀνθομολογουμένου
929 936 1022 990 τοῦ
1061 937 1322 1008 μεγέθους
1363 936 1393 1006 ἢ
1437 937 1513 1008 τῷ
1550 937 1935 1009 εὐεργετηθέν-

353 1040 404 1080 τι
420 1027 530 1096 (47)
552 1027 812 1096 μεγέθους
826 1029 1169 1099 φαινομένου,
1189 1032 1284 1101 τῆς
1301 1031 1379 1093 εἰς
1393 1029 1550 1083 αὑτὸν
1566 1045 1760 1100 γεγενη
1771 1030 1935 1101 μένης

353 1121 690 1191 εὐεργεσίας.
721 1122 1140 1194 Παραδεέγματα
1173 1124 1228 1177 δὲ
1260 1124 1350 1177 τοῦ
1387 1126 1484 1196 μὲν
1518 1124 1730 1196 πρώτου
1765 1125 1791 1175 ὁ
1833 1126 1936 1176 Γα-

357 1212 516 1283 εριὴλ
536 1212 670 1282 πρὸς
690 1212 778 1265 τὸν
800 1214 1072 1286 Ζαχαρίαν
1102 1215 1231 1284 ’περὶ
1257 1215 1356 1285 τῆς
1384 1216 1657 1284 γενήσεως
1690 1213 1934 1266 Ἰωάννου

355 1304 430 1367 ὡς
451 1304 597 1367 εἰκὸς
623 1303 918 1375 εὐξάμενον
939 1305 1093 1374 λόγος
1113 1306 1286 1370 οὕτως
1306 1306 1459 1377 ἔχωνσ
1482 1307 1578 1373 Μὴ
1593 1306 1799 1375 φοϐοῦ,
1825 1309 1935 1357 Ζα-

355 1397 552 1466 χαρία,
579 1398 723 1449 διότι
743 1401 1109 1467 εἰσηκούσθη
1135 1402 1170 1468 ἡ
1196 1399 1397 1467 δέησίς
1427 1415 1561 1452 σουδ
1590 1400 1688 1454 καὶ
1717 1401 1754 1467 ἡ
1782 1397 1936 1468 γυνή

336 1507 473 1554 ,σου
501 1491 813 1543 Ἐλισαϐἐτ
845 1492 1123 1561 γεννήσει
1147 1492 1280 1545 υἱόν
1301 1506 1418 1554 σοι,
1448 1493 1542 1545 καὶ
1566 1493 1844 1556 καλέσεις
1871 1491 1938 1543 τὸ

359 1581 544 1650 ὄνομα
574 1583 759 1636 αὐτοῦ
817 1583 1134 1650 Ἰωάννην·
1178 1586 1272 1638 καὶ
1300 1585 1367 1638 τὰ
1406 1588 1462 1638 ἐν
1490 1589 1553 1657 τῇ
1611 1585 1818 1652 Ἐξόδῳ
1847 1585 1937 1636 ἐπὶ

357 1672 422 1739 τῇ
471 1673 795 1744 μοσχοποιξα
842 1674 1306 1745 ἀναγεγραμμένα
1353 1675 1444 1729 τὸν
1477 1675 1677 1747 τρόπον
1725 1674 1930 1728 τοῦτον·

357 1763 467 1814 Καὶ
501 1762 713 1831 ἐδεήθη
744 1764 1006 1834 Μωϋσῆς
1039 1766 1351 1822 κατέναντι
1382 1769 1601 1837 Κιιρίου
1640 1767 1747 1822 τοῦ
1784 1767 1932 1822 Θεοῦ

359 1855 455 1910 καὶ
487 1853 687 1910 εἶπεν·
727 1857 914 1911 Ἰνατί
947 1859 1104 1929 θυμῇ
1132 1861 1239 1931 (48)
1269 1860 1436 1930 (prii,
1469 1863 1666 1930 Κύριε,
1705 1865 1794 1926 είς
1829 1860 1932 1913 τὸν

352 1948 510 2000 λαόν
555 1965 693 2013 σου,
745 1949 853 2016 οὓς
902 1950 1192 2022 ἐξήγαγες
1236 1954 1304 2006 ἐκ
1350 1952 1463 2022 γῆς
1512 1955 1812 2024 Αἰγύπτου
1863 1953 1932 2005 ἐν

360 2040 531 2105 ἰσχύϊ
564 2039 839 2109 periisti};
869 2042 977 2094 Kal.
1013 2043 1068 2094 ὲν
1114 2043 1580 2111 Δευτερονομίῳ·
1612 2041 1720 2096 Kal
1766 2037 1932 2107 ἐδεή-

357 2133 470 2197 θην
497 2131 701 2188 ἔναντι
723 2133 942 2200 Κυρίου
965 2131 1266 2201 δεύτερον,
1284 2134 1547 2201 καθάπερ
1572 2133 1668 2186 καί
1695 2131 1759 2186 τὸ
1792 2132 1933 2201 πρό-

358 2239 550 2291 τερον,
587 2226 1035 2294 τεσσαράκοντα
1091 2227 1313 2296 ἡμέρας
1346 2228 1444 2280 καὶ
1478 2225 1930 2294 τεσσαράκοντα

357 2317 594 2380 νύκτας,
623 2317 804 2385 ἄρτον
827 2319 937 2371 οὐκ
984 2317 1210 2388 ἔφαγον
1247 2318 1345 2372 καὶ
1376 2318 1530 2386 ὕδωρ
1574 2320 1684 2372 οὐκ
1737 2316 1928 2381 ἔπιον,

358 2407 488 2474 περὶ
528 2407 741 2460 πασῶν
788 2406 906 2460 τῶν
931 2407 1229 2476 ἁμαρτιῶν
1267 2408 1436 2478 ὑμῶν
1477 2402 1566 2460 ὧν
1614 2407 1926 2476 ἡμάρτετε.

357 2501 468 2552 Καὶ
507 2501 563 2551 ὲν
590 2501 657 2569 τῇ
700 2497 920 2566 Ἐσθηρ
938 2516 951 2528 ο
986 2499 1359 2567 Μαρδοχαῖος
1385 2498 1598 2565 ἐδεήθη
1628 2499 1733 2552 τοῦ
1763 2500 1929 2565 Θεοῦ,

352 2589 750 2659 μνημονεύων
773 2585 965 2638 πάντα
986 2587 1054 2640 τίι
1079 2587 1220 2656 ἔργα
1243 2588 1348 2639 τοῦ
1381 2590 1621 2654 Κυρίου,
1652 2587 1748 2640 καὶ
1772 2589 1928 2640 εἶπε·

359 2681 556 2747 Κύριε,
582 2679 757 2746 Κύριε
794 2678 1047 2742 ,βασιλεῦ
1092 2682 1529 2746 παντόκρατορ’
1574 2679 1670 2732 καὶ
1707 2681 1859 2748 αὐτη
1895 2682 1932 2748 ἡ

374 2771 589 2840 Ἐσθὴρ
608 2772 796 2826 ἐδεῖτο
814 2773 1034 2840 Κυρίου
1054 2772 1161 2824 τοῦ
1189 2773 1335 2826 Θεοῦ
1367 2774 1632 2842 Ἰσραὴλ,
1658 2772 1755 2827 καὶ
1774 2769 1930 2826 εἷπε*

359 2866 532 2932 Κύριε
571 2869 604 2919 ὁ
631 2865 934 2930 ,ϐασιλεὺς
973 2865 1158 2934 ἡμῶν.
1201 2865 1304 2917 Τοῦ
1351 2866 1406 2918 δὲ
1447 2866 1701 2936 δευτέρου
1761 2868 1818 2919 ἐν
1858 2865 1934 2937 τῷ

355 2957 577 3022 Δανιὴλ
597 2974 610 2986 ο
638 2957 748 3009 Καὶ
767 2954 1001 3021 συστὰς
1029 2953 1289 3024 Ἀζαρίας
1313 2957 1694 3025 προσηύξατο
1723 2957 1930 3023 οὕτως·

356 3049 453 3103 καί
485 3048 732 3114 ἀνοίξας
751 3048 817 3102 τὸ
847 3048 1039 3118 στόμα
1061 3049 1246 3102 αὑτοῦ
1266 3050 1337 3102 ἐν
1353 3049 1522 3120 μέσῳ
1550 3049 1756 3118 πυρὸς,
1780 3046 1928 3108 εἷπε.

358 3141 468 3194 Καὶ
505 3143 561 3193 ὲν
600 3140 678 3209 τῷ
709 3137 917 3206 Τωϐήτ·
966 3139 1075 3193 Καὶ
1104 3140 1934 3210 προσηυξάμηνμετ’·όδύνης

359 3231 548 3299 λέγων’
584 3233 816 3296 Δίκαιος
847 3226 919 3293 εἴ,
947 3232 1142 3298 Κύριε,
1178 3231 1275 3284 καὶ
1310 3231 1505 3285 πάντα
1532 3231 1603 3285 τὰ
1625 3230 1766 3302 ἔργα
1791 3247 1930 3298 σου,

361 3320 549 3374 πᾶσαι
581 3323 638 3374 al
678 3321 804 3374 ὁδοί
832 3336 946 3375 σου
987 3322 1365 3390 ἐλεημοσύνη
1402 3323 1498 3375 καὶ
1533 3321 1799 3390 ἀλήθεια,
1834 3324 1933 3378 καὶ

361 3414 562 3479 κρίσιν
586 3412 882 3480 ἀληθινὴν
931 3412 1028 3466 καὶ
1071 3413 1310 3466 δικαίαν
1328 3413 1408 3466 σὺ
1451 3416 1670 3483 κρίνεις
1707 3415 1814 3486 (49)
1845 3419 1932 3482 είς

359 3502 469 3556 τὸν
495 3502 697 3557 αἰῶνα.
758 3504 908 3556 Ἐπεὶ
945 3503 1000 3557 δὲ
1045 3506 1104 3558 τὸ
1141 3507 1238 3578 μὲν
1281 3508 1339 3562 ὲν
1366 3505 1444 3577 τῷ
1503 3506 1725 3575 Δανιὴλ
1772 3507 1932 3578 ῥητὸν

357 3595 622 3649 ὠϐἐλισαν
655 3596 732 3659 ὡς
764 3595 837 3667 μὴ
867 3598 1114 3668 κείμενον
1139 3599 1196 3650 ὲν
1217 3597 1295 3670 τῷ
1335 3596 1626 3670 Ἐϐραῖκῷ,
1658 3600 1723 3667 τῇ
1758 3597 1814 3650 δὲ
1837 3598 1928 3651 τοῦ

365 3685 560 3752 Τωϐὴτ
600 3685 764 3757 βίϐλῳ
798 3686 1162 3755 ἀντιλέγουσιν
1201 3688 1250 3739 οἱ
1287 3689 1350 3740 ἐκ
1383 3687 1700 3758 περιτομῆς,
1737 3687 1811 3750 ὠς
1857 3688 1931 3759 μὴ

360 3776 677 3848 ἐνδιαθήκῳ,
719 3776 1106 3848 παραθήσομαι
1136 3781 1202 3831 ἐκ
1231 3778 1332 3848 τῆς
1361 3777 1584 3850 πρώτης
1609 3777 1717 3830 τῶν
1751 3781 1932 3832 Βασι-

358 3870 536 3926 λειῶν
578 3873 638 3925 τὸ
657 3873 759 3943 τῆς
780 3873 998 3940 Ἀννης·
1017 3871 1126 3925 Kal
1146 3870 1529 3939 προσηύξατο
1546 3869 1694 3938 πρὸς
1715 3872 1932 3938 Κύριον

360 3964 459 4018 καὶ
507 3961 783 4032 κλαυθμῷ
823 3962 1092 4016 ἕκλαυσε
1159 3962 1257 4014 καὶ
1303 3962 1528 4029 ηὔξατο
1573 3962 1781 4033 εὐχὴν,
1831 3961 1930 4016 καὶ

360 4053 508 4109 εἷπε·
523 4057 699 4125 Κύριε
715 4053 834 4107 τῶν
845 4053 1165 4124 δυνάμεων,
1183 4053 1290 4108 ἐὰν
1307 4054 1588 4124 ἐφοράσει
1599 4053 1808 4122 ἐπίδῃς
1830 4053 1927 4106 ἐπὶ

358 4148 474 4216 τὴν
499 4150 860 4202 ταπείνωσιν
880 4146 990 4216 τῆς
1015 4147 1232 4214 δούλης
1259 4162 1395 4210 σου,
1429 4149 1522 4200 καὶ
1553 4146 1620 4200 τὰ
1649 4146 1795 4218 ἑξῆς.
1820 4147 1928 4199 Καὶ

359 4243 418 4295 ἐν
450 4241 527 4312 τῷ
570 4240 884 4312 Ἀϐϐακούμ
903 4258 915 4271 ·
955 4241 1270 4311 Προσευχὴ
1311 4240 1627 4308 Ἀϐϐακοὺμ
1654 4239 1758 4292 τοῦ
1785 4255 1918 4306 προ-

358 4335 550 4404 φήτου
578 4332 726 4403 μετὰ
757 4333 948 4401 ᾠδῆς·
973 4335 1168 4402 Κύριε,
1207 4332 1537 4398 είσακήκοα
1581 4330 1697 4398 τὴν
1722 4331 1929 4399 φωνήν

359 4445 495 4492 σου,
525 4427 621 4480 καὶ
638 4426 963 4496 ἐφοϐήθην.
981 4428 1176 4495 Κύριε,
1194 4426 1532 4492 κατενόησα
1551 4423 1622 4476 τὰ
1637 4423 1778 4492 ἔργα
1789 4440 1924 4489 σου,

357 4522 454 4574 καὶ
478 4520 754 4588 ἐξέστην.
773 4521 867 4572 Ἑν
884 4519 1048 4588 μέσῳ
1077 4518 1184 4573 δύο
1209 4518 1364 4579 ζώων
1379 4516 1702 4587 γνωσθήσῃ
1726 4533 1739 4546 ·
1762 4517 1830 4569 ἐν
1851 4517 1930 4582 τῷ

354 4614 603 4685 ἐγγίζειν
615 4620 686 4667 τὰ
700 4613 803 4681 ἔτη
819 4611 1267 4684 ἐπιγνωσθήση.
1283 4610 1492 4680 Σφόδρα
1509 4609 1565 4662 δὲ
1588 4607 1726 4680 αὕτη
1744 4609 1934 4680 ἐμφαί-

358 4725 440 4761 νει
471 4707 532 4759 τὸ
556 4705 696 4760 κατὰ
724 4705 817 4758 τὴν
841 4706 965 4777 ὅρον
995 4704 1091 4774 τῆς
1129 4701 1456 4773 προσευχῆς,
1491 4702 1570 4754 ὅτι
1614 4699 1750 4771 μετὰ
1784 4697 1931 4763 δοξο-

359 4796 541 4863 λογίας
567 4795 644 4866 τῷ
667 4795 1082 4868 προσευχομένῳ
1111 4793 1516 4864 ἀναπέμπεται.
1565 4792 1724 4845 Ἀλλὰ
1753 4793 1848 4844 καὶ
1875 4794 1932 4844 ἐν

360 4885 439 4954 τῷ
485 4889 660 4958 ’Ῑωνᾷι
697 4888 1084 4956 Προσηύξατο
1130 4885 1330 4952 Ἰωνᾶς
1373 4885 1523 4954 πρὸς
1571 4887 1786 4954 Κύριον
1824 4885 1934 4938 τὸν

364 4977 513 5032 Θεὸν
535 4979 715 5033 αὐτοῦ
745 4982 812 5035 ἐκ
837 4980 945 5049 τῆς
968 4981 1198 5045 κοιλίας
1229 4979 1328 5032 τοῦ
1350 4979 1584 5047 κήτους,
1614 4978 1711 5034 καὶ
1736 4975 1925 5032 εἴπενο

373 5073 631 5141 Ἐϐόησα
646 5073 712 5124 ἐν
735 5074 931 5142 θλίψει
951 5091 1069 5143 μου
1095 5072 1244 5141 πρὸς
1261 5073 1476 5140 Κύριον
1495 5071 1603 5124 τὸν
1629 5073 1775 5125 Θεόν
1784 5089 1922 5140 μου,

358 5169 457 5222 καὶ
499 5165 823 5233 εἰσήκουσέ
861 5184 1014 5236 μου·
1067 5167 1136 5222 ἐκ
1193 5167 1425 5233 κοιλίας
1469 5166 1616 5233 ᾅδου
1662 5165 1924 5236 κραυγῆς

428 5287 470 5317 ³⁷
510 5284 641 5341 Luc.
678 5302 715 5351 ι,
748 5288 835 5341 1⁸5.
912 5286 955 5318 ¹³
987 5286 1153 5339 Exod.
1185 5301 1360 5349 χχχιι,
1389 5285 1476 5337 Η.

358 5357 405 5389 ’³
429 5357 562 5410 Tob.
602 5373 686 5423 ιιι,
729 5358 780 5411 1.
859 5356 951 5410 "l
987 5357 1118 5426 Reg.
1158 5373 1197 5421 ι,
1237 5356 1320 5409 10.
1399 5356 1441 5418 τ’
1479 5353 1680 5407 ΙΙιιΙηο.
1713 5369 1793 5418 ιιι,
1826 5355 1878 5406 1.

429 5475 541 5545 (46)
587 5476 724 5529 Ὑπό
751 5493 878 5529 του.
917 5474 992 5527 Ita
1039 5483 1182 5528 recte
1223 5474 1382 5545 habet
1417 5474 1586 5545 codex
1626 5472 1927 5545 manuscri-

359 5542 530 5615 ptns,'
562 5561 662 5601 nec
691 5560 918 5600 necesse
964 5554 1048 5598 est
1097 5560 1217 5598 cum
1257 5544 1466 5598 editore
1512 5542 1802 5596 Oxoniensi
1835 5544 1928 5596 ad-

360 5618 502 5678 dere,
529 5615 1109 5678 ἐπικινδυνευομένου..

425 5687 538 5759 (4⁷)
561 5690 894 5759 Εὐεργετηθ

358 5756 584 5826 τεθέντι.

1554 5282 1598 5314 ¹⁹
1631 5285 1786 5337 Deut.
1820 5293 1896 5349 ιχ,
1927 5284 2012 5336 18.
2088 5282 2134 5313 ²⁶
2165 5282 2320 5338 ΕςῑΙι.
2352 5299 2468 5346 xm,
2501 5282 2555 5337 8.
2631 5283 2674 5314 ’ί
2703 5283 2854 5337 Esth.
2885 5299 2997 5349 nv,
3028 5283 3082 5338 5.

1953 5354 1999 5386 ³⁸
2030 5351 2150 5408 Jun.
2185 5368 2243 5421 ll,
2271 5352 2328 5420 2,
2351 5355 2404 5418 ὅ,
2433 5355 2488 5406 4.

2035 477 2349 546 petitionem
2382 491 2504 531 esse
2536 478 2604 532 ad
2637 477 2805 530 Deum
2843 475 2911 528 ab
2937 490 3003 529 eo
3040 474 3237 528 factam
3270 474 3363 544 qui
3401 473 3607 540 majore

2036 572 2270 641 quadam
2325 570 2660 626 conﬁdentia
2717 571 2926 635 utitur;
2979 569 3276 637 gratiarum
3334 567 3607 622 actionem

2037 678 2158 718 esse
2192 666 2257 717 de
2288 663 2445 717 bonis
2477 679 2504 716 a
2540 664 2649 718 Deo
2681 664 2988 733 impetratis
3019 661 3362 726 coniunctam
3402 661 3609 716 oratio-

2037 757 2196 810 nibus
2228 755 2623 810 confessionem
2653 773 2668 821 ;
2704 770 2824 810 cum
2869 750 3119 809 beneﬁcii
3161 753 3475 825 magnitudo
3514 769 3611 822 per

2038 845 2435 900 confessionem
2470 847 2651 913 agnita
2678 888 2693 912 ,
2730 857 2824 900 aut
2855 847 2902 901 ei
2939 847 3028 915 qui
3062 848 3274 915 accepit
3303 861 3568 915 apparens
3592 887 3607 909 ,

2038 936 2209 1005 ipsius
2269 938 2480 1006 accepti
2537 938 2787 993 beneﬁcii
2847 938 2967 992 loco
3029 940 3283 993 sumitur.
3345 939 3608 1006 Exempla

2038 1039 2197 1095 sunt,
2237 1030 2392 1097 primi
2430 1030 2679 1099 quidem,
2712 1029 2985 1085 Gabrielis
3020 1032 3084 1084 ad
3118 1032 3461 1097 Zachariam,
3494 1032 3610 1100 qui,

2039 1130 2098 1174 ut
2132 1121 2418 1190 probabile
2453 1128 2534 1175 est
2560 1163 2574 1187 ,
2605 1131 2866 1176 oraverat
2903 1122 2967 1175 de
3005 1121 3231 1177 Joannis
3281 1126 3566 1178 nativitate
3592 1166 3608 1188 ,

2038 1228 2258 1277 sermo;
2308 1214 2386 1267 sic
2437 1223 2614 1266 autem
2665 1215 2865 1268 habet:
2926 1215 3008 1268 Ne
3056 1217 3276 1280 timeas,
3312 1218 3609 1280 Zacliaria,

2042 1306 2293 1374 quoniam
2325 1307 2572 1359 exaudita
2607 1315 2681 1358 est
2715 1307 3011 1372 deprecatio
3069 1314 3192 1370 tua,
3249 1319 3296 1360 et
3341 1325 3475 1362 uxor
3521 1321 3613 1361 tua

2043 1395 2312 1448 Elisabeth
2351 1398 2516 1464 pariet
2561 1397 2652 1449 tibi
2699 1397 2899 1465 ﬁlium,
2949 1408 2995 1450 et
3031 1399 3236 1450 vocabis
3281 1416 3464 1453 nomen
3500 1401 3612 1470 ejus

2039 1486 2300 1541 Joannem
2335 1490 2377 1521 ¹’¹
2410 1507 2423 1555 ;
2459 1499 2513 1542 et
2542 1504 2659 1558 qua:
2689 1491 2740 1542 in
2774 1490 2957 1543 Exodo
2988 1501 3106 1559 post
3135 1492 3360 1544 vitulum
3387 1510 3610 1550 aureum

2043 1579 2096 1631 in
2129 1579 2272 1631 hunc
2307 1579 2522 1631 modum
2557 1580 2759 1648 scripta
2795 1591 2959 1632 sunt:
2996 1578 3058 1631 Et
3093 1582 3261 1632 oravit
3297 1579 3501 1649 Moyses
3532 1600 3614 1635 co-

2040 1677 2155 1720 ‘ram
2188 1667 2412 1721 Domino
2449 1669 2587 1732 Deo,
2625 1681 2670 1722 et
2705 1671 2843 1722 dixit
2874 1685 2892 1721 :
2927 1669 2994 1723 Ut
3035 1673 3160 1740 quid
3183 1714 3196 1736 ,
3237 1670 3492 1734 Domine,
3524 1674 3579 1726 in
3597 1707 3614 1716 -ι

1969 1738 2010 1792 Β
2039 1759 2272 1828 dignaris
2320 1761 2402 1812 ira
2443 1759 2499 1812 in
2542 1760 2796 1828 populum
2842 1770 3024 1824 tuum,
3081 1779 3231 1830 quem
3277 1765 3504 1816 eduxiin
3549 1768 3613 1818 de

2041 1862 2183 1905 terra
2217 1851 2440 1922 Egypti
2471 1853 2524 1905 in
2557 1854 2868 1920 fortitudine
2897 1871 3087 1922 magna
3123 1856 3166 1885 ¹⁸
3189 1854 3210 1907 ?
3231 1855 3291 1908 Et
3325 1856 3374 1908 in
3410 1857 3614 1911 Dente-

2039 1945 2290 1998 ronomio
2321 1962 2336 1997 :
2370 1943 2438 1996 Et
2471 1946 2618 1998 oravi
2671 1955 2792 1998 ante
2841 1945 3125 1998 Dominum
3168 1947 3394 1999 secundo
3422 1989 3436 2010 ,
3478 1949 3611 2001 sicut

2037 2046 2087 2090 et
2113 2047 2288 2101 antea,
2316 2038 2669 2107 quadraginta
2693 2037 2873 2089 diebus
2895 2045 2944 2089 et
2973 2039 3324 2108 quadraginta
3356 2039 3611 2103 noctibus,

2038 2145 2222 2196 panem
2273 2143 2377 2182 non
2425 2129 2773 2194 manducavi,
2815 2137 2865 2182 et
2914 2147 3103 2200 aquam
3162 2148 3264 2183 non
3325 2133 3462 2194 bibi,
3517 2150 3612 2196 pro

2038 2221 2279 2274 omnibus
2346 2224 2575 2291 peccatis
2649 2221 2869 2285 uestris,
2927 2237 3045 2290 quae
3106 2224 3357 2290 peccaslis
3416 2223 3478 2275 ”.
3551 2223 3614 2276 Et

2033 2313 2092 2366 in
2148 2313 2388 2368 Esther:
2454 2312 2821 2368 Mardochazus
2900 2315 3209 2384 deprecatus
3278 2326 3352 2369 est
3428 2315 3612 2370 Domi-

2040 2423 2200 2471 num,
2255 2422 2455 2460 memor
2498 2407 2733 2460 omnium
2785 2423 3001 2474 operum
3043 2406 3294 2472 Domini,
3335 2419 3382 2462 et
3425 2409 3612 2462 dixit:

2039 2496 2298 2563 Domine,
2350 2496 2606 2561 Domine,
2655 2514 2747 2551 rex
2781 2499 3102 2566 omnipotens
3135 2499 3201 2553 ²⁰.
3242 2498 3370 2568 Ipsa
3415 2517 3615 2569 quoque

2040 2589 2231 2643 Esther
2282 2590 2665 2659 deprecabatur
2724 2590 3008 2644 Dominum
3070 2590 3236 2645 Deum
3294 2591 3467 2646 Israel
3527 2595 3614 2646 di—

2041 2699 2161 2735 cens
2192 2681 2495 2745 :Domine,
2540 2697 2632 2736 rex
2681 2696 2854 2736 noster
2886 2683 2951 2736 “.
3010 2682 3243 2738 Secundi
3299 2685 3613 2756 (nominis)

2040 2774 2285 2842 exempla
2343 2775 2394 2827 in
2440 2774 2662 2829 Daniele
2695 2791 2709 2829 :
2745 2773 2813 2828 Et
2845 2785 2989 2828 stans
3020 2775 3244 2828 Aznrias
3283 2777 3451 2830 oravit
3495 2779 3612 2841 sic;

2041 2873 2092 2916 ct
2163 2865 2405 2934 aperiens
2468 2881 2526 2919 os
2582 2881 2736 2919 suum
2802 2866 2867 2923 in.
2905 2868 3075 2919 medio
3133 2867 3302 2935 ignis,
3363 2869 3496 2922 dixit
3542 2869 3608 2920 υ.

2042 2957 2110 3010 Ει
2161 2957 2213 3010 in
2265 2956 2478 3011 Tobia:
2537 2956 2609 3010 Et
2659 2959 2802 3010 oravi
2854 2974 2971 3010 cum
3016 2957 3199 3011 dolore
3244 2959 3465 3014 dicens:
3511 2959 3614 3013 Ju-

2037 3056 2152 3101 stus
2195 3065 2285 3112 es,
2329 3048 2575 3111 Domine,
2616 3059 2664 3103 et
2709 3050 2882 3103 omnia
2926 3067 3081 3118 opera
3126 3061 3251 3116 tua,
3303 3069 3477 3106 omnes
3517 3054 3612 3106 vite

2041 3149 2147 3192 tua:
2200 3139 2563 3192 misericordia
2615 3149 2664 3192 et
2721 3140 2950 3204 veritas,
3007 3151 3053 3192 et
3103 3141 3372 3207 judicium
3430 3157 3609 3194 verum

2039 3241 2088 3284 et
2137 3229 2346 3297 justum
2399 3241 2455 3282 tu
2514 3231 2722 3294 iudicas
2773 3230 2829 3283 in
2882 3230 3136 3284 saeculum
3205 3231 3270 3283 ".
3343 3231 3607 3298 Quoniam

2037 3336 2171 3376 vero
2221 3322 2372 3377 locus
2424 3337 2491 3376 ex
2532 3322 2755 3377 Daniele
2798 3323 2997 3377 citatus
3042 3323 3199 3376 obelo
3245 3333 3465 3379 notatus
3489 3336 3608 3390 est,

2039 3415 2183 3484 quod
2245 3416 2298 3468 in
2353 3414 2585 3470 Hebraeo
2649 3430 2754 3469 non
2799 3426 3007 3481 exstet,
3064 3416 3370 3486 librumque
3427 3418 3609 3472 Tobia:

2040 3505 2294 3572 rejiciunt
2338 3503 2508 3559 Judaei
2544 3509 2700 3575 quasi
2757 3523 2863 3561 non
2923 3510 3282 3576 canonicum,
3343 3511 3604 3564 adducam

2038 3611 2104 3649 ex
2143 3596 2319 3663 primo
2361 3595 2561 3666 [legum
2603 3597 2734 3651 illud
2766 3599 2974 3653 Annua:
3011 3598 3192 3653 Orauit
3223 3601 3292 3653 ad
3322 3601 3607 3656 Dominum

2039 3686 2196 3754 221
2232 3687 2360 3755 ﬂens
2400 3687 2638 3755 largiter,
2674 3699 2724 3741 et
2753 3699 2924 3742 votum
2955 3693 3088 3743 vovit
3127 3692 3345 3746 dicens:
3382 3691 3607 3749 Domine

2037 3781 2381 3844 exercituum,
2411 3781 2457 3833 si
2492 3784 2773 3850 respiciens
2811 3783 2998 3838 uideris
3031 3785 3356 3855 oﬂlictionem
3393 3788 3609 3859 fantuhc

2039 3877 2143 3924 tute
2173 3870 2252 3937 “;
2289 3879 2342 3925 et
2366 3871 2594 3942 reliqua.
2626 3873 2756 3928 Item
2789 3875 2839 3926 in
2868 3875 3156 3931 llabacuc:
3207 3877 3390 3933 Oratio
3419 3880 3605 3934 Haba-

2036 3977 2130 4014 cuc
2173 3965 2458 4031 prop/telae,
2487 3980 2604 4017 cum
2645 3965 2865 4018 cantico.
2911 3965 3152 4032 Domine,
3203 3971 3381 4023 audiui
3431 3988 3606 4025 uocem

2034 4068 2203 4122 tuam,
2249 4073 2297 4110 et
2341 4057 2512 4110 timui.
2556 4056 2797 4122 Domine,
2836 4061 3162 4114 considerari
3196 4079 3352 4132 opera
3385 4074 3499 4129 tua,
3557 4077 3607 4118 et

2035 4152 2297 4219 obstupui.
2324 4149 2393 4203 In
2434 4151 2606 4204 medio
2640 4155 2863 4205 duorum
2888 4154 3197 4206 animalium
3243 4158 3604 4223 cognosceris;

2034 4261 2151 4297 cum
2179 4244 2706 4312 appropinquaverint
2732 4246 2880 4308 anni,
2915 4245 3238 4312 cognosceris
3257 4246 3322 4298 ’⁸.
3355 4245 3477 4302 llaec
3508 4265 3603 4300 an-

2039 4346 2142 4388 tem
2168 4333 2536 4388 definitionem
2572 4334 2835 4387 orationis
2869 4335 3042 4388 valide
3066 4336 3277 4403 probat,
3308 4337 3451 4407 quod
3481 4355 3600 4393 cum

1963 4462 2005 4515 ο
2037 4427 2133 4480 Dei
2160 4425 2411 4479 laudibus
2446 4424 2732 4492 conjuncta
2764 4427 2835 4480 sit
2873 4426 3069 4480 oratio.
3110 4427 3216 4480 Sed
3246 4439 3300 4482 et
3333 4429 3384 4482 in
3426 4428 3557 4486 Jona
3586 4450 3602 4485 :

2035 4514 2220 4570 Oravit
2263 4512 2432 4566 Jonas
2483 4518 2551 4568 ad
2587 4513 2871 4566 Dominum
2917 4512 3080 4567 Deum
3123 4530 3276 4567 suum
3323 4515 3386 4568 de
3429 4525 3607 4571 ventre

2033 4609 2151 4674 ceti,
2185 4617 2233 4661 et
2258 4607 2389 4662 dixit
2417 4622 2436 4660 :
2465 4606 2698 4669 Clamaui
2735 4607 2790 4658 in
2820 4606 3155 4659 tribulatione
3187 4623 3300 4660 mea
3323 4608 3393 4661 ad
3419 4608 3602 4664 Domi-

2033 4716 2161 4752 num
2187 4699 2350 4752 Deum
2385 4715 2577 4761 meum,
2603 4708 2653 4752 et
2690 4697 2958 4752 exaudivit
3001 4715 3114 4772 me;
3136 4701 3200 4753 de
3237 4715 3411 4754 uentre
3445 4703 3605 4772 inferi

2035 4791 2280 4845 clamoris
2319 4793 2419 4844 mei
2451 4792 2647 4844 audisti
2671 4806 2842 4844 vocem
2888 4771 3100 4857 meum;
3129 4793 3393 4864 projecisti
3431 4813 3510 4852 me
3548 4799 3604 4852 in

2033 4882 2298 4952 profunda
2344 4883 2516 4937 cordis
2563 4883 2746 4948 maris,
2792 4893 2842 4937 et
2880 4885 3099 4953 ﬂumina
3142 4903 3222 4940 me
3249 4889 3604 4944 circumdede-

2034 4986 2153 5028 runt
2183 4975 2248 5028 ”.
2289 4973 2452 5028 Tertii
2490 4976 2725 5029 nominis
2752 4976 3056 5044 exemplum
3096 4989 3177 5032 est
3213 4981 3353 5048 apud
3377 4983 3606 5052 ApOsto-

2033 5070 2142 5123 lum
2177 5070 2266 5138 qui
2287 5071 2589 5124 rectissime
2615 5070 2768 5124 nobis
2796 5072 3099 5125 orationem
3126 5071 3332 5138 tribuit,
3364 5077 3604 5144 postula-

2034 5164 2231 5219 tionem
2279 5163 2528 5233 Spiritui,
2559 5165 2728 5233 utqui
2777 5166 3126 5235 praestantior
3165 5166 3237 5220 sit
3264 5175 3317 5222 et
3347 5169 3600 5223 ﬁduciam

3161 5285 3204 5315 ³³
3224 5286 3359 5338 Dan.
3394 5299 3476 5347 tu,
3507 5283 3602 5339 εδ.

2105 5472 2218 5543 (48)
2251 5472 2431 5526 Ἰνατί
2469 5467 2645 5543 θυμῇ.
2669 5468 2785 5543 “Sic
2818 5469 2990 5543 habet
3031 5476 3208 5543 code;
3231 5480 3388 5543 Ams._
3412 5466 3465 5516 ia
3492 5479 3604 5533 quo

2035 5535 2174 5598 male
2202 5535 2414 5612 legebat
2447 5535 2623 5612 editor
2659 5539 3002 5612 Osoniensis,
3031 5538 3116 5588 ἕνα
3142 5535 3407 5612 τι-ρυμοῖ.

2107 5613 2218 5684 (49)
2259 5606 2350 5684 ἷὺ
2396 5610 2637 5684 κρίνεις.
2691 5608 2781 5661 Sic
2825 5608 2997 5662 codex
3056 5618 3160 5658 ms.
3203 5606 3381 5658 Editio
3420 5610 3606 5662 autem

1002 5703 1038 5738 ι.
1065 5685 1202 5741 Male
1221 5685 1388 5742 editio
1409 5681 1753 5749 Oxouicnsis,
1775 5681 1922 5753 εὐερ-
2029 5678 2371 5748 Oxouiensis,
2403 5678 2735 5765 συγκρίνεις.
