3974 6160
411 251 520 308 163

1887 253 2206 311 ORIGENIS

3552 259 3657 312 £64

415 347 613 401 haheat
635 343 775 415 apud
804 357 925 397 eum
958 359 986 397 a
1005 359 1110 414 quo
1140 345 1372 414 postulat
1400 365 1412 399 :
1443 345 1580 399 Nam
1597 347 1722 417 quid
1754 363 1981 412 oremus,

2088 367 2198 418 μου
2235 349 2505 417 ἤκουσας
2533 333 2890 418 semper
2927 329 3258 417 ἀπέρριψάξ
3282 365 3358 417 με
3385 350 3472 414 εις
3491 349 3653 420 βάθη

414 438 617 506 inquit,
645 439 781 491 sicut
815 449 1011 505 oportet
1041 439 1321 501 nescimus,
1359 439 1450 491 sed
1478 439 1586 506 ipse
1623 438 1857 508 Spiritus
1894 457 1986 508 po-

415 529 578 584 stulat
605 530 880 601 gemitibus
910 529 1365 584 inenarrabilibus.
1391 530 1498 594 Qui
1523 543 1697 585 autem
1720 543 1989 584 scrutatur

415 621 600 683 corda,
633 621 728 674 scit
769 621 898 690 quid
925 621 1181 672 desideret
1225 618 1498 688 Spiritus:
1540 623 1665 690 quia
1702 623 1983 674 secundum

418 712 587 766 Deum
617 713 843 779 postulat
872 729 967 780 pro
989 715 1190 765 sanctis
1224 713 1292 768 ⁸⁷.
1328 713 1460 765 Nam
1505 714 1988 782 superpostnlatet

415 805 654 870 postulat
696 801 959 872 Spiritus,
1016 821 1113 856 nos
1171 814 1348 857 autem
1396 820 1634 858 oramus.
1678 805 1988 860 ‘Posttrlatio

413 896 576 949 etiam
608 895 776 948 fuisse
811 896 939 949 mihi
976 896 1192 948 videtur
1220 896 1364 963 quod
1410 897 1551 950 dixit
1590 894 1760 951 Josue
1800 907 1858 950 ut
1908 901 1986 952 sol

412 994 583 1042 staret
621 996 808 1041 contra
845 987 1137 1043 Sabaoth:
1186 986 1330 1041 T-unc
1358 988 1560 1041 locutus
1598 997 1674 1042 est
1721 987 1877 1043 Jesus
1920 995 1987 1043 ad

409 1079 720 1144 Dominum,
748 1097 852 1147 qua
881 1081 964 1132 die
984 1080 1376 1134 tradidiLDeus
1408 1081 1771 1134 Anton-lucum
1800 1082 1986 1150 subju-

412 1182 591 1241 gatum
639 1172 846 1236 Israel;
881 1173 1090 1242 quando
1139 1174 1380 1225 contrivit
1425 1189 1510 1225 eos
1543 1172 1595 1226 in
1629 1171 1888 1241 Gabaotlt,
1939 1187 1988 1230 et

410 1267 620 1319 contriti
655 1276 775 1318 sunt
801 1283 831 1317 ιι
850 1265 995 1333 Flacie
1018 1264 1246 1332 ﬁliorum
1287 1265 1588 1319 lsrael.-Et
1617 1268 1750 1320 dixit
1789 1266 1943 1320 Iesus
1967 1285 1986 1321 :

412 1348 527 1405 Stet
558 1351 637 1404 sol
659 1366 814 1417 super
842 1348 1100 1413 Gabaotb,
1132 1360 1179 1401 et
1206 1351 1329 1402 luna
1357 1367 1512 1420 super
1532 1351 1718 1406 vallem
1747 1351 1898 1404 Elom
1920 1353 1984 1408 ⁸⁸.

411 1443 734 1497 Samsonem
768 1457 981 1510 quoque
1007 1441 1061 1495 in
1092 1441 1231 1496 lihro
1261 1440 1511 1498 Judicum
1542 1445 1774 1498 arbitror
1798 1455 1985 1515 postu-

409 1535 616 1589 lantem
654 1535 853 1588 dixisse
885 1551 898 1586 :
931 1533 1195 1588 Moriatur
1227 1536 1405 1588 anima
1448 1553 1560 1598 mea
1599 1553 1718 1590 cum
1745 1539 1988 1608 alienige—

391 1627 514 1695 nis,
552 1627 768 1696 quando
797 1629 1061 1682 concussis
1090 1627 1296 1696 fortiter
1316 1628 1570 1683 columnis
1591 1630 1774 1683 cecidit
1797 1632 1984 1683 domus

2089 441 2335 509 καρδίας
2373 439 2709 508 θαλάσσης,
2747 440 2845 494 καὶ
2880 439 3132 509 ποταμοὶ
3161 440 3524 495 ἐκύκλωσάν
3557 458 3653 512 με.

2089 531 2192 583 Τοῦ
2228 532 2284 584 δὲ
2304 532 2485 602 τρίτου
2510 531 2659 601 παρὰ
2700 528 2778 600 τῷ
2817 529 3118 599 Ἀποστόλῳ
3155 528 3391 596 εὐλόγως
3417 528 3517 600 τὴν
3558 531 3657 601 μὲν

2089 622 2391 693 προσευχὴν
2415 621 2498 690 ἐφ’
2527 624 2558 693 ἡ
2567 621 2680 692 μῶν
2699 623 2966 684 τάττοντι,
2988 619 3084 692 τὴν
3101 620 3157 673 δὲ
3178 619 3414 684 ἔντευξιν
3437 621 3530 674 ἐπὶ
3561 623 3654 675 τοῦ

2088 709 2421 781 Πνεῦματος,
2448 710 2521 772 ὡς
2547 708 2852 780 κρείττονος
2880 709 3032 774 ὄντος
3053 710 3147 762 καὶ
3177 710 3490 781 παρρησίαν
3518 711 3651 782 ἔχονι

2085 815 2175 860 τῖς
2205 797 2339 868 πρὸς
2367 797 2456 850 τὸν
2483 791 2556 851 ὧν
2581 799 2891 867 ἐντυγχάνει
2919 798 3052 867 (50)·
3087 796 3157 851 Τὸ
3178 798 3286 868 γὰρ
3317 799 3376 852 τι
3404 813 3657 867 προσευ-

2089 888 2337 958 ξώμεθα,
2377 889 2529 960 φησὶ,
2561 889 2705 983 etiam)
2738 889 2833 942 δεῖ
2870 892 2981 943 οὐκ
3017 888 3278 958 οἴδαμεν,
3321 889 3482 944 ἀλλὰ
3511 893 3657 945 αὐτό
3708 906 3711 907 ⁷

2089 981 2328 1049 Πνεῦμα
2379 980 2732 1052 στεναγμοῖς
2784 980 3110 1047 ἀλαλήτοις
3157 982 3662 1056 ὑπερεντυγχάνει

2088 1075 2169 1141 τῷ
2203 1075 2342 1142 Θεῷ.
2387 1076 2442 1128 '0
2474 1076 2542 1130 δὲ
2581 1075 2840 1144 ἐρευνῶν
2872 1076 2978 1142 τὰς
3015 1077 3280 1146 καρδίας,
3323 1072 3449 1131 οἵδε
3493 1078 3550 1130 τί
3591 1077 3657 1131 τὸ

2087 1164 2361 1233 φρόνημα
2387 1165 2490 1218 τοῦ
2509 1167 2871 1235 Πνεύματος,
2900 1166 2988 1219 ὅτι
3016 1167 3167 1221 κατὰ
3197 1166 3344 1220 Θεὸν
3373 1166 3658 1236 ἐντυγχά-

2088 1272 2178 1309 νει
2196 1258 2349 1326 ὑπὲρ
2373 1258 2583 1326 ἁγίων·
2617 1259 3073 1330 ὑπερεντυγχάνει
3097 1257 3206 1330 γὰρ
3231 1259 3326 1312 καὶ
3345 1259 3658 1329 ἐντυγχάνει

2087 1349 2147 1401 τὸ
2179 1348 2420 1419 Πνεῦμα,
2453 1349 2614 1419 ἡμεῖς
2636 1349 2692 1402 δέ
2717 1350 3148 1422 προσευχόμεθα.
3183 1351 3462 1418 Ἔντευξις
3486 1351 3542 1403 δέ
3569 1369 3657 1421 μοι

2088 1438 2226 1496 εἶναι
2266 1442 2412 1494 δοκεῖ
2448 1442 2543 1494 καὶ
2581 1442 2642 1494 τὸ
2686 1443 2790 1495 ὑπὸ
2839 1442 3014 1512 Ἰησοῦ
3062 1443 3349 1514 εἰρημένον
3394 1443 3522 1515 περὶ
3561 1443 3656 1496 τοῦ

2090 1536 2279 1605 στῆναι
2305 1534 2396 1588 τὸν
2421 1533 2570 1605 ἥλιον
2593 1534 2733 1588 κατὰ
2764 1534 2985 1588 Γαϐαὼθ
3016 1530 3125 1606 (51)
3148 1551 3160 1564 ·
3197 1537 3332 1588 Τότε
3351 1533 3657 1602 ἐλάλησεν

2102 1627 2339 1696 Ἰησοῦς
2370 1627 2519 1695 πρὸς
2547 1628 2765 1695 Κύριον
2864 1624 3052 1696 ἡμέρᾳ
3083 1625 3424 1694 παρέδωκεν
3452 1629 3484 1680 d
3512 1626 3651 1692 Θεὸς

410 1734 568 1785 super
620 1720 880 1786 principes
934 1729 982 1773 et
1036 1735 1239 1774 onmem
1303 1720 1693 1775 multitudinem
1746 1738 1863 1788 qua:
1910 1723 1981 1774 ibi

2088 1718 2193 1772 τὸν
2231 1719 2574 1789 Ἀμορραἷον
2605 1721 2948 1788 ὑποχείριον
2976 1718 3243 1788 Ἰσραὴλ,
3273 1720 3453 1787 ἡνίκα
3479 1721 3656 1773 συνέ-

411 1821 520 1863 erat
549 1811 614 1865 ι’.
654 1811 764 1866 Etsi
801 1826 930 1866 vero
955 1812 1214 1882 scriptum
1253 1829 1356 1867 non
1387 1815 1454 1867 sit
1492 1813 1793 1882 postulasse
1819 1813 1982 1870 Josue

411 1913 466 1956 et
495 1900 838 1970 Samsonem,
869 1903 962 1958 scd
993 1915 1200 1958 tantum
1238 1907 1451 1962 locutos
1500 1922 1641 1974 esse,
1684 1907 1980 1977 postulatio

416 2001 594 2046 tamen
622 1993 786 2047 fuisse
820 1992 1031 2048 videtur
1061 1993 1298 2061 ipsorum
1338 2009 1538 2058 sermo,
1577 2011 1738 2065 quam
1769 1999 1835 2051 ab
1858 2012 1981 2052 ora-

413 2085 563 2138 tione
589 2085 860 2139 diversam
888 2099 1010 2140 esse
1031 2096 1302 2154 putamus,
1340 2086 1384 2141 si
1405 2086 1621 2155 quidem
1643 2088 1858 2157 proprie
1886 2103 1978 2142 ac-

410 2177 685 2246 cipiantur
715 2177 996 2234 vocabula.
1018 2178 1326 2234 Gratiarum
1366 2195 1494 2234 vero
1535 2179 1767 2234 actionis
1799 2195 1982 2235 exem-

410 2267 560 2340 plum
589 2275 672 2320 est
695 2267 781 2320 illa
805 2267 1015 2322 Domini
1049 2269 1222 2324 nosui
1259 2285 1357 2324 vox
1385 2286 1400 2322 :
1434 2269 1701 2338 Confiteor
1731 2271 1844 2335 tibi,
1873 2269 1982 2325 Pa-

413 2368 513 2426 ter,
546 2359 765 2413 Domine
808 2359 921 2414 caeli
967 2371 1014 2415 et
1055 2368 1231 2426 teme,
1271 2360 1409 2433 quod
1447 2363 1768 2417 abscondisti
1795 2363 1907 2418 lucc
1948 2381 1980 2418 a

411 2449 733 2516 sapientibus
760 2460 808 2504 et
843 2450 1185 2520 prudentibus
1213 2463 1260 2506 et
1295 2452 1532 2506 revelasti
1564 2469 1624 2507 ea
1656 2455 1888 2523 parvulis
1912 2455 1976 2510 ³⁸.

412 2541 539 2594 Illud
570 2541 737 2605 enim,
769 2542 1038 2612 conﬁteor,
1068 2543 1209 2599 idem
1233 2553 1319 2599 est
1343 2559 1408 2600 ac
1435 2545 1631 2614 gratias
1655 2561 1773 2616 ago.
1807 2545 1979 2602 Obse-

415 2635 585 2689 cratio
612 2643 666 2688 et
698 2621 993 2704 postulatio
1019 2650 1072 2690 et
1100 2637 1398 2707 gratiarum
1424 2638 1572 2693 actio
1601 2653 1704 2691 non
1747 2639 1982 2694 absurde

411 2737 588 2797 potest
617 2737 673 2782 et
701 2729 903 2784 sanctis
923 2727 1139 2796 olferri;
1169 2730 1468 2798 harumque
1499 2730 1636 2796 duae,
1670 2730 1977 2799 postulatio,

410 2820 655 2892 inquam,
685 2831 740 2876 et
771 2821 1070 2890 gratiarum
1098 2824 1259 2886 actio,
1295 2839 1398 2878 non
1433 2825 1637 2880 sanctis
1675 2827 1856 2890 modo,
1887 2826 1979 2882 sed

412 2922 468 2967 et
512 2913 858 2979 hominibus;
895 2915 1201 2975 obsecratio
1243 2930 1370 2968 vero
1410 2917 1612 2970 sanctis
1648 2925 1880 2978 tantum,
1935 2916 1979 2971 si

415 3003 537 3070 quis
563 3003 726 3074 222
765 3001 963 3059 Paulus
992 3015 1085 3058 aut
1117 3003 1309 3058 Petrus
1351 3004 1681 3069 inveniatur,
1730 3015 1788 3058 ut
1826 3005 1981 3074 adju—

415 3103 544 3148 vent
577 3108 702 3159 nos,
735 3095 1035 3164 dignosque
1057 3094 1296 3149 eﬂiciant
1317 3096 1408 3166 qui
1451 3095 1695 3149 fruamur
1725 3109 1980 3150 concessa
2007 3067 2051 3126 θ

415 3187 551 3257 ipsis
598 3187 1048 3243 remittendorum
1105 3196 1454 3256 peccatorum
1509 3196 1776 3258 petestate
1808 3179 1982 3242 {nisi

416 3281 558 3358 forte
582 3282 628 3336 si
654 3281 741 3336 cui
778 3281 870 3350 qui
899 3290 1118 3337 sanctus
1142 3296 1251 3335 non
1299 3280 1369 3336 sit
1397 3279 1687 3336 fecerimus
1709 3280 1982 3350 iniuriam,

415 3387 732 3428 concessum
769 3371 930 3427 etiam
951 3372 1108 3427 nobis
1135 3381 1240 3439 est,
1279 3387 1400 3426 cum
1440 3381 1690 3428 nostrum
1731 3373 1784 3426 in
1835 3371 1984 3425 illum

415 3461 700 3532 peccatum
721 3463 1084 3529 senserimus,
1113 3463 1404 3519 obsecrare
1433 3465 1600 3518 etiam
1628 3463 1798 3527 illum,
1832 3472 1888 3517 ut
1913 3463 1991 3516 in-

411 3550 569 3624 juriae
624 3551 780 3606 nobis
827 3552 1041 3605 veniam
1096 3554 1315 3606 tribuat.
1369 3553 1524 3620 Quod
1573 3555 1617 3609 si
1679 3554 1989 3610 hominibus

416 3644 620 3700 sanctis
667 3644 772 3698 illa:
812 3659 1002 3714 preces
1043 3643 1338 3700 oﬂ‘erendze
1379 3654 1533 3700 sunt:
1577 3657 1781 3716 quanto
1820 3647 1991 3716 magis

416 3735 634 3792 Christo
659 3739 846 3807 gratiae
876 3745 1002 3790 sunt
1028 3740 1269 3810 agendze,
1301 3755 1329 3792 a
1355 3754 1464 3809 quo
1487 3747 1564 3795 tot
1596 3747 1857 3808 tantaque
1889 3738 1986 3793 be-

418 3827 610 3882 neﬁcia
668 3832 948 3883 ruluntate
1011 3831 1188 3885 Patris
1245 3831 1592 3903 accepimus?
1648 3830 1752 3886 Sed
1816 3842 1872 3886 et
1919 3830 1988 3885 ab

419 3922 537 3990 ipso
593 3920 976 3990 postulandum
1039 3935 1098 3977 ut
1158 3926 1472 3996 Stephanus
1532 3940 1655 3980 cum
1727 3925 1985 3980 diceret:

420 4017 662 4083 Domine,
708 4033 771 4070 ne
813 4026 1016 4072 statuas
1047 4021 1152 4075 illis
1200 4021 1298 4074 hoc
1345 4031 1609 4090 peccatum
1643 4021 1716 4085 ³¹;
1751 4029 1984 4090 ριιιτθιιι-

418 4126 525 4180 que
575 4110 798 4165 luuatici
844 4111 1035 4165 imitati
1095 4112 1380 4166 ducemus:
1431 4110 1681 4176 Obsecro,
1744 4110 1982 4176 Domine,

416 4205 660 4258 miserere
725 4204 807 4258 vel
870 4203 983 4273 ﬁlio
1026 4204 1092 4271 ³³,
1161 4215 1256 4259 aut
1311 4204 1445 4259 mihi
1511 4204 1637 4275 ipsi,
1696 4211 1791 4259 aut
1857 4204 1982 4258 cui-

415 4295 567 4352 libet.

2087 1815 2282 1880 τριὸεν
2314 1811 2535 1877 αὐτοὺς
2561 1812 2631 1864 ἐν
2655 1811 2922 1874 Γαϐαὼθ,
2951 1810 3051 1864 καὶ
3070 1813 3512 1880 συνετρίϐησαν
3537 1811 3656 1866 ἀπὸ

2087 1903 2408 1972 προσώπου
2446 1903 2565 1956 τῶν
2601 1903 2746 1957 υἱῶν
2804 1903 3065 1974 Ἰσραήλ.
3107 1905 3217 1959 Καὶ
3259 1902 3428 1961 εἶπεν
3461 1908 3494 1959 ό
3546 1907 3658 1973 ’1η‹

2083 1991 2238 2056 σοῦς
2257 2008 2269 2020 ·
2303 1991 2500 2057 Στήτω
2525 1995 2556 2045 ό
2579 1991 2752 2058 ἣλιος
2773 1991 2922 2046 κατὰ
2943 1993 3209 2059 Γαϐαὼθ,
3234 1996 3331 2049 καὶ
3356 1997 3394 2065 ἡ
3423 1995 3652 2063 σελήνη

2088 2085 2235 2138 κατὰ
2250 2084 2522 2155 φάραγγα
2537 2084 2719 2154 Ἐλὼμ
2735 2085 2864 2157 (52).
2885 2088 2994 2140 Καὶ
3013 2090 3068 2140 ἐν
3086 2090 3196 2151 τοῖς
3209 2088 3445 2156 Κριταῖς
3461 2091 3488 2142 ὁ
3511 2090 3656 2157 Σαμ-

2085 2173 2201 2244 ψὼν
2227 2174 2464 2246 ἡγοῦμαι
2513 2174 2596 2227 ὅτι
2628 2177 2967 2246 ἐντυγχάνων
3003 2172 3148 2229 εἶπε·
3193 2177 3656 2231 Συναποθανέτω

2087 2269 2127 2336 ’ἦ
2153 2267 2322 2336 ’Ψυκή
2347 2287 2467 2338 μου
2492 2269 2637 2339 μετὰ
2671 2268 2788 2322 τῶν
2829 2271 3215 2339 ἀλλοφύλων,
3237 2272 3328 2324 ὅτε
3351 2270 3460 2342 (55)
3491 2271 3654 2325 ἐκλι-

2085 2378 2194 2416 νεν
2220 2360 2289 2413 ἐν
2314 2362 2503 2430 ἰσχύϊ,
2532 2361 2630 2414 καὶ
2652 2360 2874 2415 ἔπεσεν
2901 2365 2933 2416 ὁ
2954 2357 3116 2427 οἶκος
3142 2360 3240 2415 ἐπὶ
3261 2361 3403 2427 τοὺς
3435 2360 3652 2430 σατρὰ-

2087 2468 2224 2520 πας,
2253 2454 2350 2508 καὶ
2384 2453 2482 2507 ἐπὶ
2506 2453 2702 2510 πάντα
2727 2454 2835 2508 τὸν
2858 2454 3012 2508 λαὸν
3033 2453 3138 2508 τὸν
3165 2455 3233 2508 ὲν
3267 2453 3443 2520 αὐτῷ.
3479 2455 3540 2508 Et
3563 2455 3652 2508 καὶ

2089 2547 2164 2617 μὴ
2186 2548 2359 2600 κεῖται
2387 2545 2443 2599 δὲ
2466 2547 2547 2599 ὅτι
2581 2547 3019 2617 ἐντετυχήκασιν,
3053 2544 3166 2598 ἀλλ’
3207 2545 3288 2599 ὅτι
3323 2545 3605 2617 εἰρήκασιν
3627 2547 3654 2598 ὀ

2101 2637 2305 2709 Ἰησοῦς
2325 2637 2418 2691 καὶ
2440 2639 2469 2690 ὁ
2499 2636 2757 2708 Σαμψὼν,
2791 2640 2820 2692 ὁ
2844 2637 2998 2706 λόγος
3022 2635 3198 2690 αὐτῶν
3218 2636 3391 2690 ἔοικεν
3415 2633 3552 2690 εἶναι
3575 2637 3657 2688 ἕνα

2086 2728 2265 2794 τευξις
2288 2769 2303 2794 ,
2350 2729 2470 2800 ἥτις
2502 2729 2662 2800 ἑτέρα
2696 2727 2847 2800 παρὰ
2882 2727 2980 2800 τὴν
3013 2727 3340 2801 προσευχήν,
3371 2727 3657 2801 εἱ-κυρίως

2087 2821 2376 2892 ἀκοῦοιμεν
2395 2820 2503 2876 τῶν
2515 2817 2951 2892 δνομάτων,εἷναι
2975 2822 3102 2891 ἡμῖν
3117 2819 3657 2892 νομίζεταιΈύχαριο

2091 2913 2240 2976 στίας
2259 2914 2313 2966 δὲ
2336 2911 2728 2984 παράδειγμαή
2759 2910 2849 2964 τοῦ
2877 2910 3079 2983 Κυρίου
3099 2909 3255 2982 ήμῶν
3278 2910 3450 2982 φωνὴ,
3472 2909 3654 2978 λέγον-

2087 3024 2197 3070 τος·
2215 3006 2711 3076 Ἐξομολογοῦμαί
2729 3020 2848 3072 σοι,
2865 3005 3075 3074 Πάτερ,
3093 3007 3268 3073 Κύριε
3279 3004 3385 3058 τοῦ
3400 3003 3654 3073 οὐρανοῦ

2084 3098 2183 3152 καὶ
2203 3097 2313 3166 τῆς
2330 3097 2463 3168 γῆς,
2491 3097 2579 3152 ὁτι
2604 3097 2956 3167 ἀπέκρυψας
2984 3097 3168 3152 ταῦτα
3187 3098 3302 3151 ἀπὸ
3325 3096 3533 3168 σοφῶν
3559 3097 3654 3152 καὶ

2084 3189 2374 3256 συνετῶν,
2421 3190 2519 3243 καὶ
2558 3189 2959 3258 ἀπεκάλυψας
2981 3189 3133 3244 αὺτῖι
3158 3191 3412 3258 νηπίοις·
3450 3189 3512 3242 τὸ
3550 3188 3658 3261 γὰρ

2085 3281 2551 3354 ἐξομολογοῦμαι
2575 3283 2714 3336 ἶσον
2737 3283 2852 3334 ἐστί
2872 3281 2948 3352 τῷ
2968 3281 3321 3351 εὐχαριστῶ·
3349 3281 3532 3354 δέησιν
3561 3282 3657 3352 μὲν

2086 3367 2178 3427 οὖν
2213 3374 2305 3427 καὶ
2337 3372 2577 3439 ἔντευξιν
2602 3373 2697 3426 καὶ
2717 3372 3064 3444 εὐχαριστίαν
3085 3373 3184 3425 οὐκ
3207 3371 3406 3425 ἄτοπον
3431 3372 3526 3425 καὶ
3547 3371 3654 3442 (54)

2089 3464 2394 3538 ἀνθρώποις
2425 3468 2830 3538 προσενεγκεῖν,
2873 3462 3010 3516 ἀλλὰ
3044 3462 3116 3515 τὰ
3157 3462 3254 3534 μὲν
3280 3461 3392 3530 δύο,
3423 3462 3565 3531 λέγω
3601 3463 3657 3515 δὲ

2086 3560 2322 3628 ἔντευξιν
2358 3561 2452 3614 καὶ
2490 3559 2861 3632 εὐχαριστίαν,
2901 3559 2962 3612 οὐ
3003 3559 3162 3630 μόνον
3199 3559 3394 3628 ἁγίοις,
3431 3558 3565 3612 ἀλλὰ
3594 3558 3657 3630 δὴ

2087 3653 2182 3707 καὶ
2222 3653 2555 3724 ἀνθρώποις·
2599 3652 2698 3722 τὴν
2742 3651 2799 3704 δέ
2835 3651 3017 3722 δέησιν
3062 3651 3221 3723 μόνον
3252 3651 3447 3721 ἁγίοις,
3489 3654 3544 3706 ετ
3576 3669 3657 3716 τις

2086 3745 2334 3818 εὑρεθείη
2367 3744 2576 3808 Παῦλος
2616 3744 2649 3815 ἢ
2687 3744 2912 3816 Πέτρος,
2963 3744 3051 3798 ἵνα
3087 3743 3441 3816 ὠφελήσωειν
3487 3747 3654 3818 ἡμᾶς,

2086 3839 2269 3904 ἀξίους
2313 3837 2590 3900 ποιοῦντες
2643 3836 2737 3890 τοῦ
2779 3837 2961 3907 τυχεῖν
3002 3836 3102 3907 τῆς
3143 3837 3430 3909 δεδομένης
3477 3839 3658 3900 αὐτοῖς

2089 3931 2334 3998 ἐξουσίας
2375 3931 2512 4002 πρὸς
2551 3929 2611 3982 τὸ
2637 3930 3007 4002 ἁμαρτήματα
3043 3930 3291 4000 ἀφιέναι·
3329 3931 3376 3982 εί
3416 3929 3490 4001 μὴ
3527 3929 3655 4000 ἄρα,

2090 4024 2194 4078 κᾶν
2217 4022 2290 4095 μὴ
2305 4021 2458 4091 ἅγιός
2481 4039 2565 4086 τις
2585 4017 2640 4097 ᾖ,
2665 4021 3011 4094 ἀδικήσωμεν
3029 4022 3087 4075 δέ
3108 4022 3290 4086 αὐτὸν,
3313 4022 3522 4075 δέδοται
3543 4040 3660 4075 συν⁹

2089 4113 2444 4185 αισθηθέντας
2487 4113 2586 4184 τῆς
2641 4115 2721 4177 εἰς
2756 4113 2917 4167 αὐτὸν
2974 4112 3246 4184 ἁμαρτίας
3286 4112 3348 4166 τὸ
3403 4112 3657 4184 δεηθῆναι

2088 4203 2292 4260 καὶτοῦ
2315 4203 2578 4267 τοιούτου,
2601 4203 2666 4256 ἶν’
2697 4205 2837 4275 ήμῖν,
2859 4203 3140 4274 ἠδικηκόσι
3173 4202 3498 4275 συγγνώμην
3522 4204 3657 4256 ἁπο-

2089 4297 2269 4369 νείμῃ.
2302 4295 2366 4348 Εἰ
2419 4293 2477 4347 δὲ
2518 4292 2824 4366 ἀνθρώποις
2868 4293 3042 4362 ἁγίοις
3089 4291 3260 4347 ταῦτα
3277 4291 3657 4364 προσενεκτέον

419 4390 568 4461 πόσῳ
592 4390 751 4445 πλέον
785 4393 865 4466 τῷ
891 4390 1108 4469 Χριστῷ
1133 4390 1551 4464 εὐχαριστητέον
1573 4391 1823 4446 τοσαῦτα
1857 4390 2006 4462 ἡμᾶς
2063 4389 2308 4462 βουλήσει
2357 4387 2452 4442 τοῦ
2484 4388 2698 4460 Πατρὸς
2753 4388 3203 4460 εὐεργετήσαντι;
3251 4386 3409 4440 Ἀλλὰ
3441 4388 3535 4441 καὶ
3574 4387 3656 4438 ἐν-

417 4487 669 4542 τευκτέον
710 4489 878 4560 αὐτῷ,
922 4490 997 4553 ὡς
1039 4491 1068 4543 ὁ
1102 4489 1270 4544 εἰπὼν
1314 4489 1612 4559 Στέφανος·
1658 4485 1858 4555 Κύριε,
1874 4485 1960 4554 μὴ
2010 4482 2247 4551 στήσῃς
2299 4479 2504 4546 αὐτοῖς
2533 4482 2647 4548 τὴν
2697 4479 2987 4548 ἁμαρτίαν
3033 4479 3284 4547 ταύτην·
3336 4478 3655 4551 μιμούμενοι

419 4594 478 4630 τε
511 4579 600 4635 τὸν
645 4583 854 4653 πατέρα
883 4583 974 4637 τοῦ
1007 4582 1452 4656 σεληνιαζομένου
1486 4581 1742 4656 ἐροῦμεν·
1776 4581 2005 4651 Δέομαι,
2044 4580 2238 4646 Κύριε,
2259 4575 2538 4645 ἐλέησον,
2561 4575 2618 4646 ἢ,
2641 4573 2748 4629 τὸν
2778 4574 2931 4640 υἱὸν,
2954 4574 3011 4646 ἢ,
3033 4573 3134 4646 ἐμὲ
3170 4574 3352 4640 αὐτὸν,
3383 4573 3416 4645 ἢ
3470 4575 3529 4628 ὃν
3564 4574 3654 4645 δή·

421 4685 571 4726 ποτε.

489 4766 578 4819 15.
609 4766 681 4822 At
714 4767 758 4820 si
811 4765 1238 4824 intellexerimus
1291 4769 1420 4839 quid
1469 4777 1544 4824 snt
1586 4768 1785 4831 oratio,
1845 4767 1982 4822 forte
2015 4781 2060 4835 ι)

424 4856 603 4912 nullus
636 4871 870 4926 unquam
899 4859 1116 4928 genitus
1132 4863 1239 4917 erit
1267 4861 1524 4926 orandus,
1555 4878 1620 4917 ac
1648 4876 1715 4915 ne
1739 4859 1990 4915 Christus

2167 4764 2294 4818 Ἐὰν
2317 4763 2375 4818 δέ
2405 4761 2706 4832 ἀκούωμεν,
2753 4761 2781 4814 ὃ
2815 4761 2869 4813 τί
2901 4760 3029 4815 ποτὲ
3059 4763 3174 4814 ἐστι
3211 4761 3502 4834 προσευχὴ,
3550 4763 3656 4834 μή·

2096 4874 2224 4910 ποτε
2255 4855 2429 4909 οὐδενὶ
2448 4853 2554 4908 τῶν
2595 4854 2865 4926 γεννητῶν
2911 4852 3269 4925 προσευκτέον
3321 4855 3489 4919 ἐστὶν,
3536 4853 3656 4908 οὐδὲ

496 5036 540 5068 ’τ
572 5034 730 5111 βοτη.
757 5036 979 5111 vm,'_26,
1005 5040 1096 5095 27.
1173 5042 1218 5074 ’⁸
1248 5041 1364 5098 Jos.
1397 5060 1454 5108 x,
1485 5042 1572 5098 12.
1649 5045 1692 5076 ⁸³
1722 5041 1848 5098 Jud.
1889 5059 1997 5111 xw,
2029 5045 2118 5100 30.
2195 5043 2239 5075 ³ο
2278 5040 2410 5096 Luc.
2442 5057 2498 5107 ι,
2530 5039 2618 5100 2t.
2699 5038 2739 5069 ³¹
2776 5039 2896 5093 Act.
2931 5053 3024 5102 vn,
3055 5037 3143 5094 59.
3222 5037 3268 5070 "
3300 5037 3490 5093 Matth.
3524 5053 3656 5105 ml,

427 5106 528 5174 id;
574 5105 708 5162 Luc.
757 5120 837 5171 Ix,
877 5108 969 5163 58.

496 5302 610 5375 (50)
637 5305 792 5372 Πρὸς
825 5303 931 5358 τὸν
956 5297 1045 5359 ὧν
1083 5302 1452 5373 ἐντυγχάνει.
1489 5307 1578 5359 Sic
1627 5303 1789 5375 habet
1819 5304 1988 5375 codog

429 5368 601 5440 tns's.,'
646 5368 928 5441 legendum
960 5385 1158 5445 autem
1197 5368 1322 5427 cum
1355 5375 1620 5438 Beittleio,
1662 5373 1796 5445 πρὸς
1831 5368 1994 5445 τδνέῖ)

427 5437 760 5526 ἐπυγχᾴνεί.
783 5445 920 5502 Male
940 5447 1106 5502 editio
1129 5443 1453 5500 Oxouieusis
1473 5437 1656 5511 habet,
1681 5437 1894 5514 πρῶτον
1918 5437 1992 5499 ὧν

427 5519 760 5590 ἐντυγχάνει.

497 5591 610 5660 (51)
641 5590 904 5645 Γαϐαώθ.
953 5586 1078 5660 Sic”
1101 5585 1304 5660 ubique
1338 5585 1990 5660 codexAtnanuscriptus,

432 5655 620 5718 contra
641 5661 794 5731 cujus
814 5661 973 5717 (idem
999 5658 1162 5716 editio
1177 5655 1502 5715 Oxoniensis
1537 5658 1600 5717 in,
1625 5665 1774 5712 textu
1806 5657 1988 5724 habet,

2089 5304 2516 5461 ᾞῗὶἒῖνὲλώμ.
2545 5374 2637 5432 Sic
2681 5375 2851 5432 codex
2874 5390 2974 5431 ms.
2997 5375 3176 5431 Editio
3210 5383 3391 5432 autem
3448 5377 3652 5442 Oxou.,

2089 5445 2474 5602 ῗῐῖἓὲῖβοτε.
2531 5515 2607 5572 Ita
2659 5517 2830 5572 codex
2889 5531 2993 5572 ms.
3041 5517 3218 5573 Editio
3273 5531 3403 5573 vero
3455 5520 3653 5586 Oxon"

2087 5605 2272 5729 Ἥξει)
2313 5656 2679 5727 Ἀνθρώποι-ς.
2717 5657 2860 5728 Lego
2891 5672 3012 5714 eum
3030 5656 3290 5723 Bentleio,
3320 5658 3516 5732 ἁτιοιςι
