3974 6160
323 306 420 362 ε65

1452 293 1791 352 LiBELLUS
1826 293 1916 350 DE
1949 292 2334 351 ORATIONE.'

3447 285 3556 342 466

321 419 460 490 αὐτῷ
481 416 556 489 τῷ
597 415 815 488 Χριστῷ
847 416 979 488 (55),
1015 414 1150 469 ἀλλὰ
1188 413 1332 489 μόνῳ
1363 413 1440 486 τῷ
1470 414 1589 486 Θεῷ
1609 413 1718 467 τῶν
1744 414 1858 468 ὅλωε

1985 410 2204 481 quidem
2237 411 2372 478 ipse,
2395 411 2488 464 sed
2509 407 2654 462 solus
2681 407 2818 461 Deus
2842 403 3082 460 omnium
3111 399 3166 457 et
3186 401 3363 466 Pater,
3387 417 3546 472 quem

321 514 410 571 καὶ
442 511 627 582 Πατρὶ,
654 502 698 578 ᾧ
729 511 821 563 καὶ
865 510 1026 572 αὐτὸς
1061 509 1089 560 6
1117 507 1301 580 Σωτὴρ
1331 506 1486 578 ἡμῶν
1519 507 1877 580 προσηύχετο,

317 604 388 665 ὡς
414 598 879 673 προπαρεθέμεθα,
907 599 1000 653 καὶ
1027 597 1265 651 διδάσκει
1291 598 1440 668 ἡμᾶς
1457 596 1876 669 προσεύχεσθαιᾳ

315 693 543 755 ἀκούσας
574 689 704 763 γὰρ,
739 689 994 754 Δίδαξον
1019 686 1175 758 ἡμᾶς
1205 690 1666 758 προσεύχεσθαι,
1709 688 1770 742 ού
1799 689 1878 742 δι-

310 783 662 855 δάσκειαύτῷ
695 781 1107 856 προσεύχεσθαι,
1138 780 1273 834 ἀλλά
1292 780 1369 851 τῷ
1390 780 1581 852 Πατρὶ,
1602 777 1875 848 λέγοντας·

308 875 492 945 Πάτερ
519 875 710 945 ἡμῶν,
756 878 788 930 ὁ
824 875 893 928 ἐν
933 873 1058 939 τοῖς
1088 872 1384 940 οὐρανοῖς,
1418 871 1608 926 καὶτὰ
1647 871 1792 943 ἑξῆς·
1829 873 1877 925 εἰ

306 969 411 1041 γὰρ
433 968 641 1039 ἕτερος,
669 967 744 1031 ὡς
783 967 840 1018 ὲν
864 965 1042 1029 ἄλλοις
1073 965 1362 1028 δείκνυται,
1406 964 1524 1019 κατ’
1573 964 1879 1018 οὐσίανκαὶ

307 1059 659 1130 ὑποκείμενός
691 1058 800 1129 (56)
832 1060 978 1111 ἐστιν
1009 1058 1036 1109 ὁ
1057 1056 1182 1121 Υἱὸς
1207 1056 1300 1110 τοῦ
1318 1055 1682 1126 Πατρὸς,ῆτοι
1713 1071 1878 1127 προσ-

304 1151 515 1207 ευκτέον
564 1150 641 1221 τῷ
680 1149 795 1221 Υἰῷ
826 1151 918 1202 καὶ
946 1150 1006 1203 οὐ
1047 1149 1122 1220 τῷ
1155 1149 1348 1220 Πατρὶ,
1379 1148 1413 1219 ἢ
1442 1146 1786 1219 ἀμφοτέροις,
1841 1145 1874 1216 ἢ

300 1242 372 1315 τῷ
397 1243 575 1315 Πάτρὶ
605 1242 769 1314 μόνῳ.
809 1242 882 1295 T6
911 1242 1009 1313 μὲν
1052 1237 1144 1295 οὖν
1172 1240 1250 1311 τῷ
1284 1240 1398 1311 Υἱῷ
1430 1241 1524 1293 καὶ
1563 1239 1731 1316 ούγτῷ
1763 1240 1876 1291 Πα-

297 1339 402 1410 τρὶ,
433 1339 545 1401 πᾶς
587 1333 834 1390 ὁστισοῦν
878 1335 1200 1406 ὁμολογήσει
1234 1329 1372 1386 εἷναι
1407 1331 1751 1385 ἀτοπώτατον
1780 1330 1876 1384 καὶ

298 1429 444 1503 παρὰ
463 1431 570 1502 τὴν
599 1429 879 1500 ἐνάργειαν
914 1427 1025 1498 (57)
1056 1425 1451 1497 λεχθησόμενον
1473 1425 1560 1479 ἀν·
1593 1425 1642 1476 εἰ
1679 1423 1735 1476 δὲ
1764 1423 1871 1494 ἀμ-

296 1522 568 1593 φοτέροις,
615 1520 772 1591 δῆλον
821 1520 902 1580 ὅτι
961 1519 1056 1573 καὶ
1095 1517 1348 1584 ἀξιώσεις
1400 1513 1874 1588 προσενεγκοῦμεν

1985 503 2099 574 ipse
2117 503 2278 558 etiam
2309 499 2562 556 Salvator
2587 509 2769 567 noster
2796 497 3008 559 orabat,
3033 502 3092 550 ut
3115 493 3544 566 supradixintus,

1980 606 2036 651 et
2065 610 2222 666 quem
2259 609 2356 649 nos
2376 609 2469 649 ora
2481 608 2537 647 re
2563 592 2738 648 docet.
2766 589 2902 646 Cum
2931 588 3075 644 enim
3099 587 3340 642 audisset
3369 603 3388 639 ελ
3410 583 3545 639 Doce

1982 704 2074 742 nos
2097 703 2248 743 orare
2263 687 2328 748 ³³,
2361 702 2468 740 non
2496 685 2734 752 seipsum
2771 685 2927 736 docet
2958 693 3142 746 orare,
3183 679 3276 734 scd
3309 675 3544 744 Patrem,

1981 781 2251 835 dicentes:
2284 777 2441 832 Pater
2469 788 2658 839 noster,
2685 777 2775 846 qui
2803 792 2858 830 es
2888 777 2945 830 in
2967 775 3108 830 caelis
3131 812 3148 839 ,
3202 783 3257 829 et
3313 773 3543 844 reliqua.

1981 872 2037 926 Si
2065 872 2231 933 enim,
2259 881 2318 923 ιιι
2339 868 2462 924 alibi
2504 869 2780 938 probatur,
2816 868 2954 921 alius
2986 882 3016 921 a
3053 866 3219 921 Patre
3252 865 3426 920 Filius
3460 874 3548 921 est

1979 964 2275 1020 secundum
2307 961 2666 1016 substantiam
2699 970 2754 1013 et
2781 959 3139 1030 suppositum,
3178 967 3273 1013 aut
3303 957 3544 1014 orandus

1977 1066 2060 1113 est
2097 1056 2287 1118 Filius.
2339 1065 2394 1109 et
2445 1070 2550 1108 non
2597 1051 2778 1114 Pater,
2811 1059 2906 1104 aut
2946 1060 3198 1121 uterque,
3237 1060 3332 1106 aut
3386 1049 3548 1105 Pater

1979 1151 2147 1206 solus.
2197 1151 2266 1205 At
2317 1150 2460 1204 enim
2493 1147 2688 1202 Filiqu
2728 1146 2993 1199 orandum
3036 1160 3159 1200 esse
3196 1146 3314 1200 sine
3359 1145 3542 1210 Patre,

1979 1258 2138 1298 nemo
2161 1257 2266 1308 non
2302 1241 2566 1296 fatebitur
2603 1238 2994 1294 absurdissitne
3021 1247 3076 1292 et
3097 1246 3294 1305 praeter
3325 1237 3559 1290 eviden-

1979 1336 2106 1390 tiam
2157 1335 2361 1389 dictum
2417 1333 2505 1387 iri.
2547 1331 2604 1387 Si
2641 1340 2868 1401 uterque
2917 1330 3154 1385 orandus
3184 1337 3291 1393 est,
3325 1330 3540 1398 planum

1974 1436 2058 1483 est
2085 1426 2275 1496 plurali
2305 1441 2531 1481 numero
2565 1441 2666 1480 nos
2694 1431 3031 1494 precaturus.
3066 1428 3118 1476 et
3157 1422 3402 1490 prwbete,
3455 1421 3544 1472 be-

1975 1519 2217 1588 nefacite,
2255 1518 2540 1588 largimini,
2572 1523 2800 1580 servate,
2833 1514 2918 1570 vel
2949 1513 3077 1584 quid
3110 1512 3287 1568 simile
3332 1514 3540 1568 orando

297 1611 693 1684 πληθυντικῶς,
731 1610 1135 1681 παράσχεσθε,
1160 1608 1256 1662 καὶ
1297 1605 1744 1676 εὐερτετήσατε,
1777 1604 1858 1659 καλ

1971 1612 2234 1667 dicturos.
2267 1610 2420 1678 Quod
2447 1625 2571 1666 cum
2623 1625 2721 1678 per
2771 1622 2832 1663 se
2882 1609 3058 1676 ipsum
3094 1624 3198 1663 non
3227 1605 3538 1667 conveniat,

292 1703 790 1774 ἐπιχορηγήσατε,
848 1702 944 1756 καὶ
1011 1701 1268 1764 σώσατε,
1322 1700 1415 1753 καὶ
1462 1699 1515 1752 εἴ
1561 1716 1611 1751 τι
1663 1697 1858 1751 τούτων

1973 1720 2073 1761 nec
2105 1706 2156 1761 in
2189 1705 2489 1774 Seripturis
2517 1703 2726 1759 ostendi
2765 1712 2945 1774 potest
2973 1703 3204 1769 positum
3237 1714 3360 1755 esse
3384 1707 3442 1752 ut
3470 1697 3540 1752 ab

292 1769 488 1865 ὅμοιον,
524 1769 621 1848 διὰ
651 1793 758 1848 τῶν
785 1793 1099 1866 προσευχῶν
1129 1792 1394 1860 λέγοντες·
1429 1791 1564 1862 ὅπερ
1589 1789 1680 1843 καὶ
1713 1789 1858 1842 αὐτό-

1969 1799 2149 1866 aliquo
2179 1799 2419 1863 dictum;
2465 1805 2632 1852 restat
2679 1811 2812 1866 ergo
2861 1804 2921 1849 ut
2962 1805 3149 1852 oretur
3197 1795 3347 1850 solus
3393 1792 3538 1848 Deus

293 1886 378 1940 θεν
401 1888 504 1940 ἀπε
516 1889 768 1958 μφαῖνον,
805 1887 924 1940 οὐδὲ
953 1888 1009 1939 ὲν
1025 1887 1145 1948 ταῖς
1172 1885 1412 1956 Γραφαῖς
1435 1883 1547 1953 ἔχει
1585 1900 1669 1945 τις
1697 1881 1866 1947 δεῖξαι

293 1979 543 2049 κείμενον
599 1979 704 2032 ὑπὸ
732 1995 892 2032 τινων
925 1977 1235 2047 λεγόμενονο
1283 1976 1499 2044 λέγεται
1536 1976 1644 2046 (58)
1685 1974 1865 2028 τοίνυν

292 2071 688 2144 προσεύχεσθαι
717 2073 862 2144 μόνῳ
883 2072 959 2144 τῷ
985 2070 1101 2142 Θεῷ
1126 2069 1204 2142 τῷ
1226 2070 1334 2124 τῶν
1359 2071 1494 2125 ὅλων
1517 2070 1710 2142 Πατρί·
1731 2068 1866 2124 ἀλλά

295 2166 366 2236 μὴ
396 2167 571 2236 χωρὶς
596 2165 690 2218 τοῦ
712 2167 1007 2239 ἀρχιερέως
1025 2167 1172 2230 ὅστις
1194 2166 1309 2237 μεθ’
1331 2165 1676 2238 ὁρκωμοσίας
1702 2180 1863 2218 κατε-

293 2256 458 2329 στάοη
489 2257 595 2311 ὑπὸ
618 2257 710 2312 τοῦ
740 2259 950 2331 Πατρὺς
974 2258 1116 2312 κατά
1137 2259 1216 2312 τό·
1255 2261 1492 2329 Ὢμοσε,
1525 2259 1625 2313 καὶ
1662 2261 1733 2314 οὐ
1755 2275 1863 2328 με-

291 2348 782 2418 ταμεληθήσεται·
815 2351 896 2404 σὺ
917 2351 1107 2420 ἱερεὺς
1128 2354 1216 2418 εἰς
1237 2352 1344 2407 τὸν
1367 2351 1551 2407 αἰῶνα
1572 2353 1722 2408 κατὰ
1749 2352 1865 2422 τὴν

290 2438 465 2504 τάξιν
493 2442 888 2510 Μελχισεδέκ.
920 2444 1378 2516 Εὑχαριστοῦντες
1407 2442 1499 2499 οὖν
1533 2448 1582 2499 οἱ
1623 2447 1767 2515 ἅγιοι
1805 2447 1863 2497 ὲν

287 2535 409 2594 ταῖς
438 2537 770 2604 προσευχαῖς
796 2534 1002 2586 ἑαυτῶν
1031 2535 1107 2605 τῷ
1136 2536 1273 2607 Θεῷ,
1302 2537 1389 2590 διὰ
1413 2537 1646 2608 Χριστοῦ
1687 2534 1860 2610 Ἰησοῦ

289 2620 522 2691 χάριτας
549 2622 899 2693 ὁμολογοῦσιν
933 2624 1043 2694 (59)
1081 2626 1247 2697 αὐτῷ.
1279 2628 1482 2700 Ὥσπερ
1508 2629 1565 2682 δὲ
1590 2628 1680 2682 τὸν
1707 2631 1863 2701 ἀκρι-

291 2709 491 2762 ϐοῦντα
518 2713 577 2763 τὸ
603 2712 993 2785 προσεύχεσθαι
1036 2715 1096 2768 ού
1145 2716 1248 2788 χρὴ
1281 2718 1359 2789 τῷ
1385 2719 1662 2792 εὐχομένῳ
1698 2737 1865 2791 προσ-

289 2802 567 2873 εύχεσθαι,
605 2805 740 2858 ἀλλά
765 2807 842 2878 τῷ
866 2807 926 2861 ὃν
941 2809 1174 2874 ἐδίδαξεν
1201 2812 1295 2865 ἐπὶ
1339 2811 1447 2865 τῶν
1474 2813 1647 2883 εύχῶν
1679 2815 1861 2868 καλεῖν

291 2894 467 2965 Πατρὶ
505 2895 533 2946 ὁ
569 2895 772 2967 Κύριος
803 2899 958 2969 ἡμῶν
997 2900 1229 2969 Ἰησοῦς·
1266 2901 1436 2967 οὓτως
1461 2905 1523 2956 ού
1566 2905 1733 2976 χωρὶς
1763 2907 1863 2959 αύ-

285 2985 377 3040 τοῦ
405 2989 713 3060 προσευχήν
741 3007 862 3044 τινα
882 2993 1264 3064 προσενεκτέον
1285 2993 1363 3066 τῷ
1386 2995 1578 3068 Πατρίε
1604 2997 1679 3061 ὼς
1697 2996 1860 3063 αὐτὸς

1969 1887 2341 1942 ttniversorum
2375 1886 2555 1952 Pater,
2584 1896 2639 1942 at
2665 1901 2772 1942 non
2798 1886 2917 1942 sine
2943 1885 3201 1956 pontilice
3219 1886 3308 1954 qui
3331 1885 3400 1939 ab
3421 1883 3538 1952 ipso

1966 1977 2128 2034 Patre
2158 1995 2280 2035 cum
2310 1979 2665 2050 jurejurando
2694 1979 3024 2035 constitutus
3052 1979 3324 2046 est,juxta
3359 1977 3527 2034 illud:

1964 2071 2170 2126 Iuravit
2196 2081 2242 2126 et
2270 2089 2371 2126 non
2392 2071 2654 2143 paenitebit
2683 2086 2832 2125 eum:
2861 2070 2939 2124 Tu
2956 2086 3010 2125 es
3027 2070 3267 2124 sacerdos
3297 2071 3352 2124 in
3378 2079 3532 2126 ceter-

1966 2180 2089 2217 num
2114 2165 2401 2218 secundum
2436 2164 2672 2218 ordinem
2695 2162 3076 2218 Melchisedech
3100 2163 3168 2216 ³⁸.
3198 2163 3330 2218 Cum
3364 2161 3532 2232 igitur

1965 2257 2136 2311 sancti
2170 2256 2222 2310 itt
2252 2257 2368 2313 suis
2406 2257 2745 2311 orationibus
2804 2256 3010 2324 gratias
3051 2255 3162 2311 Deo
3198 2263 3387 2323 agunt,
3435 2269 3533 2310 eas

1963 2363 2060 2418 per
2082 2346 2353 2402 Christum
2386 2344 2566 2401 Iesum
2605 2345 2706 2416 ipsi
2737 2344 2996 2413 referunt.
3030 2346 3184 2400 Sicut
3206 2355 3386 2399 autent
3409 2359 3532 2399 eum

1963 2441 2054 2511 qui
2089 2440 2308 2510 proprie
2345 2453 2506 2495 orare
2536 2439 2676 2506 vult,
2725 2454 2832 2494 non
2869 2437 3026 2492 decet
3069 2452 3192 2491 eum
3235 2450 3395 2491 orare
3441 2436 3530 2504 qui

1963 2539 2104 2594 orat,
2134 2531 2226 2585 sed
2246 2545 2368 2584 eum
2399 2545 2557 2600 quem
2581 2529 2926 2585 orationibus
2961 2530 3322 2584 invocandum
3347 2529 3531 2585 docuit

1962 2621 2121 2677 Jesus
2147 2634 2331 2678 noster
2353 2623 2632 2688 Dominus,
2679 2637 2870 2693 nempe
2906 2622 3158 2677 Patrem:
3201 2622 3280 2678 sic
3315 2637 3420 2679 non
3449 2632 3533 2678 est

1963 2717 2069 2771 ulla
2092 2717 2268 2772 oratio
2298 2715 2445 2770 Patri
2473 2716 2591 2771 sine
2621 2717 2738 2785 ipso
2777 2716 3073 2773 oll'erenda.
3107 2716 3261 2783 Quod
3288 2717 3531 2772 ostendit

1963 2810 2077 2880 ipse
2100 2809 2386 2880 perspicue
2418 2825 2536 2863 cum
2570 2809 2649 2864 sic
2681 2809 2758 2863 ait
2790 2831 2802 2864 :
2832 2810 3020 2874 Amen,
3046 2827 3197 2866 amen
3223 2810 3339 2864 dico
3359 2811 3528 2872 vobis,

1961 2903 2007 2955 si
2036 2902 2163 2972 quid
2187 2902 2440 2972 petieritis
2476 2899 2708 2965 Patrem,
2734 2901 2876 2955 dabit
2900 2903 3041 2956 vobis
3069 2903 3123 2956 in
3158 2903 3365 2957 nomine
3391 2919 3523 2956 meo.

1962 2992 2135 3064 Usque
2176 2995 2331 3048 modo
2367 3012 2469 3048 non
2498 2994 2698 3063 petistis
2720 2995 3008 3064 quidquam
3043 2996 3099 3048 in
3132 2995 3338 3050 nomine
3376 3010 3522 3058 meo;

284 3079 443 3133 τοῦτο
469 3081 850 3152 παραδείκνυσι
868 3085 1055 3154 σαφῶς
1077 3086 1218 3140 οὕτω
1241 3085 1433 3156 λέγων·
1469 3086 1666 3156 Ἀμὴν,
1693 3089 1858 3157 ἀμὴν

1964 3089 2112 3152 petite
2137 3096 2182 3140 et
2213 3087 2496 3154 accipietis,
2526 3096 2580 3138 ut
2609 3087 2860 3156 gaudium
2883 3095 3104 3141 vestrum
3141 3088 3206 3139 sit
3230 3087 3522 3155 plenum”.

285 3171 441 3241 λέγω
479 3173 638 3242 ὑμῖν,
675 3173 750 3228 ἄν
785 3193 838 3230 τι
867 3178 1150 3248 αἰτήσητε
1189 3180 1295 3234 τὸν
1322 3179 1554 3249 Πατέρα
1571 3199 1712 3250 μου,
1742 3182 1857 3237 δώ-

287 3280 383 3320 σει
405 3266 549 3336 ὑμῖν
575 3268 645 3320 ἐν
667 3268 748 3334 τῷ
779 3271 1022 3340 ὀνόματι
1043 3290 1180 3342 μου.
1223 3274 1375 3339 ’Ἐως
1403 3272 1532 3341 ἄρτι
1561 3275 1672 3328 οὐκ
1713 3274 1854 3343 ᾐτή-

285 3369 436 3410 σατε
462 3356 643 3412 οὐδὲν
680 3360 749 3413 ὲν
774 3360 852 3426 τῷ
905 3363 1149 3431 ὀνόματί
1176 3380 1316 3433 μου·
1359 3363 1572 3417 αἰτεῖτε
1601 3365 1700 3418 καὶ
1747 3365 1856 3431 λή-

283 3450 499 3516 ψεσθε,
534 3449 634 3503 ἵνα
659 3451 696 3519 ἠ
726 3451 877 3520 χαρὰ
915 3453 1081 3524 ὑμῶν
1101 3449 1145 3526 ᾖ
1175 3455 1628 3524 πεπληρωμένηο
1655 3458 1717 3512 οὐ
1746 3458 1855 3529 γὰρ

283 3537 435 3593 εἶπεν
466 3559 478 3572 ·
508 3544 718 3596 Αἰτεῖτέ
747 3563 834 3615 με,
869 3547 1010 3609 οὐδὲ,
1032 3549 1240 3601 Αἰτεῖτε
1266 3548 1357 3602 τὸν
1379 3548 1611 3621 Πατέρα,
1648 3551 1850 3615 ἁπλῶς,

282 3630 416 3684 ἀλλ’·
439 3633 583 3687 Ἐάν
611 3652 664 3688 τι
683 3636 967 3705 αἰτήσητε
987 3638 1094 3692 τὸν
1123 3641 1372 3708 Πατέρα,
1403 3640 1580 3696 δώσει
1613 3643 1755 3712 ὑμῖν
1783 3646 1853 3698 ἐν

283 3727 359 3792 τῷ
395 3729 646 3798 ὀνόματί
668 3747 806 3798 μου.
834 3731 976 3794 Ἕως
1003 3729 1107 3803 γὰρ
1139 3730 1336 3798 διδάξει
1360 3731 1466 3803 (60)
1489 3732 1660 3786 ταῦτα
1686 3735 1714 3787 ὁ
1747 3734 1852 3804 Ἰη-

284 3820 425 3884 σοῦς,
465 3821 644 3884 οὐδεὶς
687 3822 879 3893 ᾐτήκει
917 3824 1007 3875 τὸν
1037 3823 1254 3895 Πατέρα
1286 3825 1344 3877 ὲν
1380 3823 1456 3895 τῷ
1494 3824 1716 3898 ὀνόματι
1759 3827 1850 3881 τοῦ

286 3914 428 3968 Υἰοῦ·
455 3915 556 3968 καὶ
600 3914 796 3984 ἀληθὲς
838 3911 906 3986 ἦν
935 3915 1040 3968 ὑπὸ
1081 3915 1252 3986 Ἰησοῦ
1278 3914 1564 3988 λεγόμενον
1593 3919 1671 3972 τὸ⁶
1705 3920 1849 3986 Ἕως

279 4006 404 4074 ἄρτι
431 4009 547 4062 οὐκ
573 4005 837 4072 ᾐτήσατε
863 4005 1044 4059 οὐδὲν
1068 4007 1136 4059 ἐν
1171 4006 1252 4072 τῷ
1276 4009 1520 4076 ὀνόματί
1556 4028 1697 4078 μουο
1721 4011 1850 4082 ἀλη-

278 4099 366 4164 θὲς
406 4100 464 4153 δὲ
513 4101 615 4153 καὶ
654 4099 736 4152 τόο
775 4098 1013 4169 Αἰτεῖτε,
1039 4099 1137 4153 καὶ
1166 4099 1460 4168 λήψεσθε,
1496 4104 1598 4156 ἵνα
1625 4104 1663 4172 ἠ
1699 4106 1850 4173 χαρὰ

277 4189 504 4265 ὑμῶνῇ
533 4192 1000 4262 πεπληρωμένη.
1046 4193 1169 4246 Ἐὰν
1216 4192 1274 4246 δέ
1307 4211 1409 4257 τις,
1452 4193 1696 4263 οἰόμενος
1737 4195 1848 4267 (61)

278 4285 382 4339 δεῖν
432 4283 586 4356 αὐτῷ
629 4284 707 4355 τῷ
757 4284 974 4356 Χριστῷ
1028 4281 1443 4356 προσεύχέσθαι.
1496 4285 1850 4357 συγχεόμενος

279 4378 381 4431 ἀπὸ
408 4379 498 4433 τοῦ
538 4381 605 4432 ὲκ
642 4377 734 4432 τοῦ
780 4381 1101 4450 προσκυνεῖν
1147 4378 1562 4450 σημαινομένου,
1601 4380 1849 4454 προσάγῃ

1959 3176 2074 3233 Non
2105 3179 2250 3232 enim
2281 3177 2415 3230 dixit.
2443 3191 2457 3228 :
2490 3175 2664 3230 Petite
2711 3192 2818 3243 me,
2859 3193 3052 3244 neque,
3081 3175 3254 3232 Petite
3280 3178 3522 3242 Patrem,

1957 3270 2294 3339 simpliciter;
2331 3271 2462 3324 sed:
2499 3268 2559 3325 Si
2585 3268 2711 3336 quid
2729 3269 2985 3338 petieritis
3016 3266 3255 3335 Patrem,
3289 3269 3523 3340 i11223

1957 3364 2162 3417 nomine
2188 3379 2300 3417 meo
2329 3363 2472 3416 dabit
2510 3363 2672 3416 vobis.
2711 3361 2848 3416 Nam
2889 3362 3063 3418 donec
3106 3363 3207 3417 isut
3243 3361 3400 3418 Jesus
3425 3364 3523 3417 do-

1955 3464 2124 3522 ceret,
2152 3471 2312 3511 nemo
2348 3471 2376 3509 a
2405 3456 2566 3511 l’atre
2604 3455 2836 3525 petierat
2867 3456 2918 3510 in
2951 3455 3171 3510 nomine
3197 3455 3346 3522 Filii,
3375 3465 3522 3511 erat-

1954 3563 2060 3616 que
2093 3562 2277 3602 verum
2314 3548 2459 3616 quod
2493 3546 2655 3602 Jesus
2695 3547 2951 3601 dicebat:
2983 3545 3158 3616 Usque
3206 3548 3360 3602 modo
3417 3564 3520 3602 non

1953 3639 2153 3708 petistis
2182 3640 2467 3709 quidquam
2499 3641 2554 3694 in
2597 3639 2804 3692 nomine
2840 3654 2992 3701 meo;
3041 3654 3228 3694 verum
3253 3646 3311 3694 et
3338 3637 3466 3694 illttd
3503 3657 3517 3691 :

1956 3731 2202 3803 Petite,et
2228 3733 2512 3796 accipietis,
2547 3741 2601 3786 ut
2641 3732 2894 3801 gaudium
2934 3741 3157 3786 vestrum
3191 3733 3256 3786 sit
3285 3731 3515 3802 plenum.

1956 3822 2012 3878 Si
2041 3825 2166 3892 quis
2197 3831 2376 3877 autem
2407 3820 2683 3877 Christum
2701 3822 2874 3896 ipsum
2905 3823 3170 3878 orandum
3198 3833 3365 3894 putet,
3398 3839 3522 3880 ver-

1953 3911 2114 3984 bique
2146 3914 2370 3968 adorare
2391 3913 2787 3984 signiﬁcatione
2815 3917 3317 3975 turbatus-adducat
3348 3918 3476 3975 illud
3500 3933 3514 3971 :

1953 4008 2180 4062 Adorent
2216 4025 2336 4062 eum
2358 4025 2534 4064 omnes
2557 4009 2738 4080 angeli
2761 4009 2857 4065 Dei
2883 4011 2949 4078 ³⁸,
2979 4015 3121 4082 quod
3160 4014 3214 4068 in
3257 4015 3519 4070 Deutero-

1953 4105 2132 4158 nomio
2155 4105 2220 4158 de
2246 4103 2463 4158 Christo
2491 4103 2598 4158 dici
2639 4103 2694 4158 in
2740 4103 2994 4162 confesso
3028 4117 3152 4163 est:
3188 4107 3518 4179 reSponden-

1951 4195 2075 4248 dum
2111 4195 2210 4263 ipsi
2253 4194 2553 4250 Ecclesiam
2583 4210 2826 4265 quoque,
2853 4212 2972 4265 quae
3005 4196 3304 4254 Jerusalem
3335 4217 3364 4254 a
3393 4213 3518 4269 pro-

1951 4287 2114 4355 pheta
2136 4296 2385 4352 vocatur,
2413 4302 2442 4340 a
2475 4289 2694 4357 regibus
2723 4301 2778 4343 et
2805 4288 3009 4358 reginis
3039 4290 3131 4359 qui
3159 4291 3366 4345 nutritii
3399 4291 3517 4360 ejus

1953 4384 2300 4451 nutricesque
2323 4383 2488 4438 futuri
2519 4394 2667 4449 sunt,
2688 4385 3018 4440 adorandam
3045 4387 3150 4442 dici
3182 4386 3267 4441 his
3296 4385 3512 4441 verbis:

280 4469 406 4538 ἡμῖν
436 4471 520 4532 τὸ,
543 4468 1152 4537 Προσκυνησάτωσαν
1176 4469 1336 4536 αὐτῷ
1372 4470 1591 4538 πάντες
1609 4453 1849 4541 ἄγγελοι

1964 4473 2087 4528 Ecce
2115 4475 2254 4530 elevo
2302 4477 2370 4528 ad
2421 4487 2595 4546 gentes
2642 4493 2856 4531 manum
2902 4493 3070 4532 meam
3109 4488 3156 4532 et
3197 4479 3266 4532 ad
3307 4478 3514 4533 insulas

283 4560 425 4614 Θεοῦ
479 4559 594 4632 (62)
619 4601 634 4626 ,
695 4559 1136 4631 ὁμολογουμένως
1187 4561 1244 4614 ὲν
1289 4560 1368 4633 τῷ
1419 4563 1853 4632 Δευτερονομίῳ

282 4652 404 4724 περὶ
444 4652 684 4727 Χριστοῦ
724 4653 1029 4724 εἰρημένον
1077 4652 1294 4707 λεκτέον
1341 4655 1476 4726 πρὸς
1523 4655 1704 4720 αὐτὸν,
1767 4658 1850 4710 ὅτι

281 4744 376 4796 κα).
425 4748 460 4817 ἡ
523 4745 835 4816 Ἐκκλησία,
865 4745 1215 4817 Ἰερουσαλὴμ
1261 4747 1408 4820 πσρά
1435 4747 1528 4801 τοῦ
1571 4750 1846 4821 προφήτου

284 4836 670 4908 ὀνομαζομένη,
704 4840 1120 4905 προσκυνεῖσθαι
1165 4840 1269 4894 ὑπὸ
1317 4840 1578 4904 βασιλέων
1622 4842 1713 4895 καὶ
1751 4844 1848 4914 ἀρ-

1951 4567 2128 4623 levabo
2182 4570 2389 4640 signum
2436 4587 2641 4638 meum;
2703 4581 2752 4626 et
2789 4572 3050 4626 adducent
3099 4573 3238 4640 ﬁlios
3291 4581 3411 4628 tuos
3457 4573 3514 4624 in

1950 4663 2103 4727 sinu;
2157 4671 2205 4716 et
2246 4661 2387 4730 ﬁlias
2445 4673 2563 4717 tuas
2610 4681 2765 4734 super
2806 4664 3050 4719 humeros
3094 4666 3394 4733 portabunt.
3441 4662 3510 4717 Et

1948 4762 2100 4807 erunt
2138 4769 2280 4820 reges
2308 4756 2514 4809 nutritii
2556 4759 2656 4820 tui,
2705 4766 2752 4810 et
2794 4757 3052 4825 principes
3079 4757 3287 4824 feminte
3307 4772 3509 4819 eorum.

1954 4847 2176 4902 nutrices
2214 4856 2340 4902 tuae.
2383 4847 2552 4917 Super
2598 4850 2786 4919 faciem
2818 4857 2974 4904 terrre
3014 4850 3309 4904 adorabunt
3349 4860 3416 4915 te.
3460 4861 3508 4905 et

358 4945 406 4977 ³³
430 4945 559 5005 Luc.
580 4966 656 5016 ιι,
686 4951 738 5005 1.
815 4950 867 4983 ³⁸
888 4951 1027 5007 Psal.
1057 4968 1168 5020 cxx,
1197 4953 1253 5009 4.
1327 4954 1373 4986 ³⁸
1398 4952 1560 5012 Joan.
1587 4971 1701 5020 ενι,
1727 4956 1817 5014 25.

1965 4961 2124 5016 Deut.
2155 4979 2330 5028 xxxii,
2359 4963 2448 5019 45.

355 5084 468 5168 (55)
505 5089 961 5168 Deﬁnitum?)ch
989 5094 1237 5164 Χριστῷ.
1283 5094 1399 5162 Quo
1436 5111 1602 5168 sensu
1643 5097 1838 5154 dixerit

281 5153 540 5236 Qrigenes
601 5153 951 5236 FiliumjDe'i
1015 5153 1117 5219 non
1179 5153 1326 5220 cssew
1357 5167 1654 5230 orandum,
1723 5153 1841 5224 fuse

283 5227 566 5350 gigsseritur
617 5229 1053 5304 Origenia-normn
1098 5236 1190 5293 lib.
1243 5252 1303 5301 tt,
1359 5246 1551 5306 quiest.
1586 5227 1652 5303 2,
1688 5255 1836 5294 nutu.

351 5367 461 5441 (56)
495 5370 942 5446 Ὑποκεζμενος,
960 5373 1119 5446 Lego,
1151 5375 1524 5446 ὑποκείμενον.
1543 5377 1661 5444 Quo
1679 5393 1838 5433 sensu

285 5425 461 5495 auieni
495 5442 578 5498 hic
606 5425 820 5500 dica‘tur
867 5425 1063 5499 Filius0
1086 5425 1224 5500 alius
1257 5464 1285 5500 a
1335 5425 1494 5501 i’atre
1541 5425 1834 5502 secundum

286 5509 632 5588 substantiam
661 5524 718 5569 et
737 5516 1099 5588 suppositum,
1131 5517 1448 5586 tlisquiritur
1485 5515 1832 5588 Origeniano-

285 5579 528 5652 ενοι-ΠΙ).
562 5599 622 5648 ιι,
656 5579 853 5652 quaest;
873 5584 928 5641 2.

523 5647 702 5710 Codex
746 5671 851 5710 ms.
885 5655 1190 5726 ἐνάργειαν.
1239 5652 1413 5710 Editio
1439 5655 1638 5723 Oxon.,
1681 5657 1831 5732 ἐνέρ-

351 5786 461 5858 (58)
487 5792 739 5864 Λέγεται.
796 5794 940 5868 Lego
999 5811 1120 5852 cum
1144 5794 1404 5862 Bentleii),
1429 5797 1689 5853 λείπεται.

1647 5909 1685 5935 ο

2008 5105 2122 5178 (59)
2169 5107 2605 5178 ’ομολογοῦσιν.
2648 5109 2741 5165 Sic
2791 5110 2954 5166 habet
3004 5113 3172 5168 codex
3209 5112 3510 5165 manuscri-

1938 5185 2062 5254 ptus
2113 5177 2165 5232 in
2199 5194 2306 5248 quo
2354 5177 2492 5234 male
2537 5181 2657 5252 legit
2705 5181 2883 5237 editor
2915 5181 3263 5245 Oxoniensis,
3314 5178 3506 5253 ὁμολο-

1937 5261 2172 5313 γουντες.

2011 5317 2120 5390 (60)
2150 5317 2400 5390 Διδάξει.
2433 5321 2569 5390 Lege
2597 5336 2718 5375 cum
2740 5323 3224 5390 Βειιιιείο,διδάξῃ.

2011 5338 2120 5457 (ους
2150 5338 2400 5383 moueat.
2433 5338 2569 5390 Lege
2597 5338 2718 5375 cum
2740 5338 3256 5445 venuetomtoagg.‘
3365 5394 3376 5406 .

2007 5387 2294 5462 (θιη-Ἐὰν
2310 5389 2376 5443 δέ
2403 5407 2511 5456 τις,
2530 5394 2831 5462 οἰόμενος,
2866 5405 2969 5448 etc.
2999 5395 3132 5448 V'tde
3211 5407 3508 5459 rigentano-

1939 5472 2054 5509 rum
2086 5458 2179 5514 lib.
2210 5476 2271 5523 ll,
2301 5469 2489 5526 quzest.
2519 5461 2575 5522 2,
2612 5458 2760 5515 tium.
2797 5462 2885 5516 29.

2009 5526 2118 5600 (ϐξ.)
2133 5531 2750 5600 -Προσκυνησάτωσαν
2802 5530 2960 5600 αὐτῷ
3007 5529 3227 5594 πάντες
3267 5530 3506 5600 ἄγγελοι

1940 5596 2107 5670 gem”).
2133 5596 2229 5653 Hic
2257 5600 2406 5654 locus
2435 5596 2615 5670 exstat
2648 5603 2787 5670 apud
2824 5599 2987 5660 LXX.
3013 5596 3501 5670 Dettterutt.,x'xm.

1937 5666 2027 5729 4'5,
2087 5678 2140 5723 et
2191 5670 2317 5724 licet
2363 5671 2415 5722 in
2470 5666 2695 5723 llehrmo
2748 5671 3109 5731 desideretur.
3143 5669 3394 5725 laudatur
3433 5666 3507 5732 ab

1939 5739 2192 5806 Apostolo
2217 5741 2272 5794 in
2301 5739 2538 5810 Epistula
2569 5739 2634 5792 ad
2670 5739 2942 5800 Hebrmos,
2975 5755 3013 5803 ι,
3047 5739 3098 5793 6.
