3974 6160
457 249 563 308 ιω
1925 250 1982 309 01

2093 250 2247 308 ENIS
3582 261 3689 320 468

454 368 721 440 puluerem
751 370 938 440 pedum
977 380 1182 425 tuorum
1209 369 1426 438 fingent.
1473 367 1541 422 Et
1579 371 1708 424 scies
1757 372 1886 440 quia
1931 386 1982 438 eg

2091 366 2336 439 ,χουσῶν
2395 366 2693 439 γινομένων
2759 369 2995 440 τιθηνῶν
3060 372 3233 444 αὐτῆς
3289 375 3383 428 καὶ
3430 377 3639 447 τροφῶν
3663 419 3681 445 ,

455 460 738 531 Dominus,
791 470 841 514 et
897 477 1000 515 non
1055 459 1392 528 confunderis
1420 460 1502 538 .‘7.
1550 460 1756 530 Ecquid
1791 477 1857 517 ex
1901 466 1982 531 eju

2120 460 2334 529 λέγεται
2388 460 2474 513 διὰ
2530 462 2762 516 τούτων·
2819 464 2964 519 Ἰδοὺ
2994 465 3138 533 αἴρω
3170 469 3257 532 εὶς
3286 468 3359 522 τὰ
3386 469 3530 538 ἔθνη
3572 471 3683 539 τὴν

455 565 638 611 mente
672 556 760 626 qui
789 553 953 608 dixit:
985 552 1125 617 Quid
1148 568 1228 605 me
1264 553 1396 606 dicis
1423 554 1613 606 bonum
1633 556 1660 609 ?
1681 570 1828 608 nemo
1856 556 1982 607 bona

2117 548 2284 619 χεῖρά
2322 567 2463 618 μου,
2514 551 2612 604 καὶ
2656 554 2742 618 εὶς
2784 554 2889 618 τὰς
2927 552 3159 620 νήσους
3199 554 3322 623 ἀρῶ
3363 557 3684 626 σύσσημόν

456 648 561 701 nisi
585 663 718 700 unus
742 646 901 707 Deus,
926 643 1089 699 Pater
1114 645 1180 709 ³⁸,
1207 645 1352 700 aliud
1377 646 1483 701 diei
1520 655 1695 716 potest
1725 646 1824 700 nisi
1867 647 1982 702 hac

2112 656 2251 709 μου·
2289 641 2385 693 καὶ
2418 639 2634 705 ἄξουσι
2684 643 2827 709 τοὺς
2864 645 3031 710 υἱούς
3060 660 3175 699 σου
3202 646 3273 699 ἐν
3317 648 3542 714 κόλπῳ,
3579 647 3684 716 τὰς

455 737 596 805 Quid
622 753 704 792 me
747 738 907 792 oras?
939 736 1123 793 Solum
1162 737 1379 794 Patrem
1415 754 1574 793 orare
1610 747 1825 807 oportet
1856 754 1978 808 qnet

2116 732 2183 785 δὲ
2227 733 2553 804 θυγατέρας
2599 749 2716 789 σου
2764 736 2863 789 ἐπὶ
2914 736 3031 790 τῶν
3064 736 3235 807 ὤμων
3287 739 3520 807 ἀροῦσι.
3575 743 3680 796 Καὶ

453 841 507 885 et
541 845 640 901 ego
666 845 785 897 oro,
808 832 951 901 quod
982 847 1078 901 per
1098 847 1285 887 sacras
1316 833 1530 887 discitis
1548 831 1880 901 Scripturas.
1909 832 1982 887 Ne

2115 823 2359 877 ἔσονται
2401 824 2680 891 βασιλεῖς
2730 827 2959 894 τιθηνοί
3009 842 3153 880 σουσ
3203 829 3261 880 αἱ
3292 826 3359 879 δὲ
3393 826 3682 896 ἄρχουσαι

449 920 591 975 enim
630 935 751 974 eum
784 936 943 976 orare
978 922 1186 977 debetis
1218 923 1308 991 qui
1328 921 1571 992 pontifex
1590 937 1686 992 pro
1710 924 1862 977 vobis
1884 937 1982 976 con

2114 914 2309 968 αὐτῶν
2337 916 2545 984 τροφοί
2567 932 2702 970 σου.
2745 917 2865 971 Ἐπὶ
2898 920 3218 986 πρόσωπον
3244 916 3352 986 τῆς
3372 917 3483 987 τῆς
3503 933 3684 988 προσ-

448 1013 666 1068 stitutus
695 1023 779 1068 est
804 1030 832 1068 a
856 1013 1035 1076 Patre,
1067 1022 1123 1067 et
1141 1014 1387 1068 advocati
1415 1030 1445 1067 a
1484 1013 1647 1067 Patre
1694 1028 1889 1066 munus
1919 1026 2013 1065 ac-

446 1105 608 1173 cepit,
648 1107 742 1160 sed
776 1122 874 1175 per
907 1105 1218 1176 pontiﬁcem
1267 1117 1324 1162 et
1372 1108 1689 1161 advocatum
1726 1108 1815 1174 qui
1851 1107 1982 1176 passi

2111 1098 2403 1162 λείξουσι.
2446 1098 2557 1151 Καὶ
2614 1097 2838 1168 γνώσῃ,
2886 1099 2974 1153 ὅτι
3016 1100 3129 1171 ἐγὼ
3185 1102 3399 1169 Κύριος
3430 1101 3529 1155 καὶ
3574 1103 3683 1156 οὐκ

443 1199 669 1266 compati
693 1199 1082 1266 inﬁrmi/utilius
1108 1200 1306 1264 uestris,
1335 1207 1587 1253 tentatum
1615 1216 1705 1267 per
1720 1201 1895 1253 omnia
1920 1217 1982 1269 pe

2111 1189 2514 1259 αἱσχυνθήσῃ.
2535 1191 2659 1254 Πῶς
2684 1191 2741 1244 δὲ
2768 1192 2866 1245 οὐκ
2894 1192 3028 1257 ἐστι,
3063 1193 3202 1247 κατά
3232 1194 3321 1246 τὸν
3349 1193 3586 1247 εἰπόνταο
3626 1195 3683 1248 Τί

442 1289 846 1343 similitudinem
877 1292 1050 1357 vestri,
1075 1291 1167 1345 sed
1206 1290 1382 1344 Patris
1411 1290 1552 1345 dono
1588 1299 1854 1344 tentatum
1892 1293 1982 1344 abs

2103 1298 2180 1349 με
2198 1281 2393 1349 λέγεις
2413 1283 2637 1352 ἀγαθόν
2652 1299 2671 1346 ;
2688 1283 2887 1350 οὐδεὶς
2917 1285 3136 1354 ἀγαθὸς
3161 1288 3213 1339 εὶ
3231 1285 3316 1354 μὴ
3344 1280 3432 1352 εἷς
3449 1289 3481 1339 ό
3514 1285 3680 1353 Θεὸς,

441 1397 542 1449 que
567 1392 778 1446 peccato
810 1381 875 1433 ³⁸.
903 1382 1101 1437 Discite
1138 1398 1271 1452 ergo
1301 1391 1564 1451 quantum
1611 1396 1638 1435 a
1671 1382 1835 1437 Patre
1889 1397 1982 1437 mei

2110 1375 2143 1424 ὀ
2169 1373 2368 1441 Πατήρ
2396 1373 2524 1445 (65)·
2560 1376 2732 1427 εἰπεῖν
2763 1375 2848 1430 ἄν’
2893 1375 2958 1429 Τί
3007 1377 3130 1446 ἐμοὶ
3177 1377 3484 1452 προσεύχῃ;
3518 1378 3682 1449 Μόνῳ

444 1475 647 1526 donum
679 1473 998 1542 acceperitis
1026 1489 1146 1528 cum
1196 1489 1295 1543 per
1327 1472 1788 1542 regenerationem
1832 1473 1886 1526 in
1923 1487 1982 1526 mi

2108 1464 2184 1536 τῷ
2231 1467 2405 1539 Πατρὶ
2438 1468 2830 1540 προσεύχεσθαι
2869 1470 2994 1541 χρὴ,
3023 1464 3067 1537 ᾧ
3101 1470 3255 1538 κάγὼ
3283 1471 3673 1544 προσεύχομαι’

441 1564 641 1617 factam
668 1565 955 1634 accepistis
988 1567 1240 1635 Spiritum
1294 1563 1600 1634 adoptionis
1645 1575 1704 1619 ut
1737 1564 1982 1620 vocemin

2107 1558 2239 1630 ὅπερ
2263 1558 2350 1613 διά
2367 1558 2476 1613 τῶν
2501 1561 2670 1630 ἁγίων
2692 1562 2919 1633 Γραφῶν
2951 1563 3251 1634 μανθάνετε
3295 1565 3540 1635 ἀρχιερεῖ
3570 1564 3679 1637 γὰρ

442 1654 538 1706 ﬁlii
575 1653 663 1709 Dei
694 1665 748 1711 et
774 1655 968 1711 fratres
994 1658 1120 1710 mei.
1167 1656 1403 1728 Legistis
1439 1657 1589 1711 enim
1611 1656 1737 1725 quid
1764 1671 1866 1725 ego
1911 1671 1982 1710 Ol‘t

2106 1648 2185 1719 τῷ
2210 1651 2348 1722 ὑπὲρ
2385 1651 2543 1723 ἡμῶν
2588 1650 2698 1723 (64)
2739 1653 3128 1707 κατασταθέντι
3168 1654 3272 1707 ὑπὸ
3302 1654 3397 1707 τοῦ
3443 1655 3679 1726 Πατρὸς,

440 1747 659 1811 Davidis
719 1749 786 1803 ad
851 1749 1062 1803 Patrem
1120 1753 1186 1804 de
1227 1751 1381 1805 vobis
1439 1750 1702 1804 dixerim:
1762 1747 1982 1802 Nan-abi

2110 1742 2203 1794 καὶ
2240 1742 2569 1814 παρακλήτῳ
2596 1743 2701 1797 ὑπὸ
2731 1744 2822 1798 τοῦ
2863 1746 3073 1816 Πατρὸς
3102 1742 3238 1799 εἶναι
3257 1746 3493 1811 λαϐόντι,
3525 1746 3680 1818 εὔχε-

439 1854 626 1892 nomen
659 1848 806 1893 tuum
850 1840 1103 1908 fratribus
1131 1842 1279 1904 meis,
1308 1842 1363 1895 in
1386 1841 1556 1894 medio
1594 1838 1846 1894 Ecclesia:
1882 1839 1982 1892 lau

2112 1834 2234 1887 σθαι
2261 1837 2407 1906 ἡμᾶς
2432 1836 2540 1907 (65)
2574 1837 2633 1889 οὐ
2666 1837 2764 1901 δεῖ,
2790 1836 2926 1890 ἀλλά
2957 1837 3024 1890 δι’
3051 1837 3349 1909 ἀρχιερέως
3374 1837 3467 1890 καὶ
3501 1853 3685 1909 παρα-ν

434 1931 577 1985 dabo
607 1943 655 1985 te
683 1932 750 1987 ⁸ο.
788 1933 1034 1987 Fratrem
1063 1942 1246 1987 autem
1273 1933 1419 1988 orari
1457 1935 1525 1988 ab
1567 1935 1649 1988 eis
1679 1933 1770 2003 qui
1812 1935 1982 1987 eodeu

2104 1926 2299 1998 κλήτου
2321 1968 2335 1990 ,
2387 1927 2725 1997 δυναμένου
2778 1929 3117 1998 συμπαθεῖν
3159 1929 3288 1996 ταῖς
3338 1931 3677 1997 ἀσθενείαις

437 2037 547 2090 quo
578 2024 668 2079 ille
694 2024 852 2079 Patre
884 2025 1204 2094 gloriantur,
1241 2024 1384 2079 ratio
1408 2040 1511 2079 non
1553 2025 1776 2095 patitur.
1808 2025 1887 2077 Ad
1921 2038 1982 2077 so

2101 2017 2268 2088 ἡμῶν
2316 2018 2448 2091 (66),
2509 2020 2988 2089 πεπειρασμένον
3029 2021 3178 2075 κατὰ
3219 2019 3414 2074 πάντα
3464 2021 3683 2090 ὁμοίως

437 2115 544 2167 lum
594 2116 807 2170 Patrem
849 2131 1059 2171 mecum
1104 2127 1158 2171 et
1193 2133 1290 2187 per
1329 2133 1415 2173 me
1460 2117 1738 2188 dirigenda
1774 2130 1804 2169 a
1852 2116 1982 2171 vobi:

2099 2111 2242 2181 ἡμῖν
2259 2110 2391 2184 (67),
2418 2111 2556 2166 ἀλλὰ
2576 2112 2664 2166 διὰ
2696 2113 2787 2167 τὸν
2807 2113 3185 2186 δωρησάμενόν
3217 2130 3304 2184 μοι
3334 2114 3552 2185 Πατέρα
3583 2130 3678 2167 πε-

433 2207 612 2259 oratio
639 2216 742 2261 est.
2099 2205 2464 2277 πεφασμένου
2496 2205 2675 2274 χωρὶς
2697 2207 3003 2275 ἁμαρτίας.
3041 2206 3256 2260 Μάθετε
3289 2202 3379 2260 οὖν
3413 2209 3543 2278 ὅσην
3575 2207 3679 2262 δωυ

434 2301 562 2374 ρεὰν
587 2302 694 2356 ἀπὸ
728 2301 819 2355 τοῦ
850 2302 1061 2374 Πατρός
1093 2320 1193 2374 μου
1241 2302 1499 2375 εἰλήφατε
1536 2304 1623 2356 διὰ
1666 2302 1766 2371 τῆς
1808 2303 1866 2354 ὲν
1909 2300 2030 2370 ἐμοὶ
2066 2299 2473 2371 ἀναγεννήσεως
2498 2299 2560 2352 τὸ
2590 2299 2688 2370 τῆς
2731 2299 3001 2364 υἱοθεσίας
3045 2299 3260 2372 πνεῦμα
3294 2299 3675 2372 ἀπειληφότες,

432 2394 522 2447 ἵνα
539 2395 907 2465 χρηματίσητε
934 2396 1038 2448 υἱοὶ
1053 2395 1208 2461 Θεοῦ,
1227 2395 1521 2466 ἀδελφοὶδὲ
1548 2394 1701 2466 ἐμοῦδ
1732 2394 1999 2463 ἀνέγνωτε
2033 2393 2138 2464 γὰρ
2166 2393 2264 2465 τὴν
2299 2395 2387 2449 διὰ
2443 2394 2536 2448 τοῦ
2593 2393 2755 2448 Δαυῖδ
2777 2395 2866 2447 ὑπ’
2886 2393 3019 2465 ἐμοῦ
3041 2392 3336 2465 εἰρημένην
3366 2394 3492 2464 περ).
3522 2393 3678 2465 ὑμῶν

431 2490 567 2562 πρὸς
592 2489 681 2543 τὸν
714 2490 931 2562 Πατέρα
961 2493 1161 2563 φωνήν·
1200 2491 1529 2562 Ἀπαγγελῶ
1573 2490 1641 2544 τὸ
1691 2489 1878 2558 ὄνομά
1912 2504 2028 2542 σου
2054 2488 2174 2555 τοῖς
2205 2491 2485 2560 ἀδελφοῖς
2508 2509 2646 2561 μου,
2683 2492 2753 2543 ἐν
2804 2489 2970 2559 μέσῳ
3014 2490 3370 2557 Ἐκκλησίας
3425 2490 3674 2559 ὑμνήσω

429 2599 524 2640 σε.
582 2584 817 2656 Ἀδελφῷ
859 2585 915 2638 δὲ
956 2586 1349 2657 προσεύχεσθαι
1400 2587 1524 2649 τοὺς
1560 2583 1993 2656 κατηξιωμένους
2024 2584 2140 2649 ἐνὸς
2170 2585 2331 2639 αὐτοῦ
2367 2585 2478 2657 (68)
2511 2585 2722 2657 Πατρὸς
2760 2585 2859 2638 οὐκ
2886 2585 3031 2639 ἐστιν
3073 2583 3310 2652 εὔλογον*
3369 2584 3514 2656 μόνῳ
3568 2586 3676 2659 γὰρ

429 2678 509 2749 τῷ
540 2678 714 2750 Πατρὶ
745 2681 860 2750 μετ’
894 2680 1024 2751 ἐμοῦ
1054 2682 1148 2734 καὶ
1176 2681 1241 2735 δι’
1270 2681 1403 2754 ἐμοῦ
1424 2680 1803 2753 ἀναπεμπτέον
1831 2679 1976 2732 ἐστὶν
2009 2678 2137 2749 ὑμῖν
2164 2682 2493 2752 προσευχήν.

504 2767 588 2821 16.
619 2768 745 2823 Huic
791 2772 1064 2825 dicentem
1107 2770 1387 2826 audientes
1427 2769 1635 2833 Jesum,
1681 2770 1848 2824 Deum
1897 2784 1982 2838 pel

2174 2769 2338 2822 Ταῦτ’
2368 2766 2460 2823 οῦν
2499 2770 2745 2839 λέγοντος
2776 2769 3062 2833 ἀκούοντες
3115 2769 3311 2839 Ἰησοῦ,
3346 2768 3424 2842 τῷ
3454 2769 3572 2841 Θεῷ
3604 2770 3673 2823 δι’

430 2858 604 2925 ipsum
645 2875 886 2926 oremus,
923 2862 1174 2932 idemque
1229 2863 1472 2918 dicamus
1524 2879 1735 2925 omnes.
1785 2879 1886 2919 nec
1930 2864 1982 2919 (1(

2102 2862 2266 2915 αὐτοῦ
2298 2863 2600 2934 εὐχώμεθα,
2626 2865 2686 2917 τὸ
2708 2865 2838 2917 αὐτὸ
2865 2864 3112 2932 λέγοντες
3140 2865 3354 2930 πάντες,
3388 2865 3521 2936 μηδὲ
3543 2868 3674 2940 περὶ

429 2950 695 3004 orationis
724 2956 882 3008 modo
911 2954 1249 3031 dividamur.
1285 2956 1478 3011 Annon
1525 2957 1670 3010 enim
1713 2957 1870 3010 divisi
1902 2971 1982 3010 su-

2100 2953 2195 3006 τοῦ
2225 2954 2421 3027 τρόπου
2450 2956 2548 3025 τῆς
2569 2955 2734 3025 εὐχῆς
2752 2953 3076 3026 σχιζόμενοι.
3111 2957 3181 3008 Ἢ
3210 2956 3327 3027 οὐχὶ
3354 2956 3671 3028 σχιζόμεθα,

430 3056 577 3107 mus,
602 3043 648 3096 si
677 3043 768 3097 alii
814 3044 1052 3109 Patrem,
1094 3045 1183 3099 alii
1215 3061 1434 3101 oremus
1476 3047 1706 3101 Filium?
1747 3046 1982 3101 Incidunl

2104 3045 2200 3098 ὲάν
2234 3046 2402 3117 οἱμὲν
2423 3045 2501 3116 τῷ
2526 3047 2719 3118 Πατρὶ,
2755 3049 2803 3100 οἱ
2825 3048 2880 3099 δὲ
2901 3047 2978 3118 τῷ
3007 3047 3119 3118 Υίῷ
3164 3047 3481 3118 εὐχώμεθα;
3528 3048 3674 3104 ἰδιω-

429 3134 573 3187 enim
615 3148 712 3202 per
766 3135 985 3189 nimiam
1023 3138 1418 3206 srmplieitatem
1449 3139 1611 3210 224
1658 3141 1710 3192 in
1770 3137 1982 3193 stultum

2095 3140 2202 3193 τῶν
2229 3141 2500 3213 ἁμαρτίαν
2535 3141 2676 3194 κατά
2714 3140 2910 3212 πολλὴν
2936 3141 3299 3213 ἀκεραιότητα
3327 3140 3416 3194 διὰ
3443 3141 3504 3194 τὸ
3531 3142 3671 3195 ἀδαη-

2114 1004 2457 1074 κυνήσουσί
2514 1022 2587 1059 σε
2644 1007 2742 1061 καὶ
2793 1007 2901 1061 τὸν
2960 1009 3112 1077 χοῦν
3160 1008 3276 1062 τῶν
3324 1008 3525 1063 ποδῶν
3567 1026 3681 1066 σου
3760 1028 3765 1032 ‘

427 3226 637 3294 peccati
669 3241 859 3296 genus,
896 3229 984 3296 qui
1020 3229 1179 3282 rebus
1217 3244 1320 3282 non
1350 3232 1600 3299 expensis
1630 3240 1684 3284 et
1714 3230 1994 3285 examina-

429 3318 500 3370 tis
525 3316 719 3372 Filiunt
774 3329 934 3373 orant
985 3321 1100 3374 sive
1131 3336 1252 3375 cum
1285 3322 1469 3387 Patre,
1513 3323 1629 3377 sive
1661 3323 1777 3377 sine
1810 3322 1990 3378 Patre.

426 3408 659 3465 Oremus
700 3411 864 3482 igitur
894 3420 950 3465 ut
1000 3411 1207 3474 Deum;
1248 3414 1583 3482 postulemus
1616 3423 1676 3467 ut
1716 3429 1745 3468 a
1798 3415 1990 3482 Patre;

427 3505 777 3560 Obsecremus
802 3512 858 3557 ut
886 3505 1202 3572 Dominum;
1233 3506 1439 3574 gratias
1467 3522 1688 3578 agamus
1721 3519 1778 3562 ut
1804 3506 1914 3562 Deo
1942 3516 1995 3562 et

428 3595 572 3651 Patri
596 3605 650 3650 et
674 3596 930 3661 Domino;
961 3613 1067 3653 non
1103 3599 1327 3654 omnino
1356 3607 1536 3653 tamen
1573 3614 1855 3653 servorum
1891 3599 1994 3653 Do-

425 3690 594 3744 mino.
622 3690 792 3744 Recte
819 3691 963 3746 enim
998 3689 1159 3744 Pater
1186 3692 1485 3746 existimari
1521 3702 1696 3762 potest
1730 3691 1850 3746 Filii
1887 3692 1994 3747 Do-

425 3780 629 3843 minus,
654 3780 1019 3849 Dominusque
1050 3797 1238 3837 eorum
1263 3785 1354 3852 qui
1391 3798 1488 3853 per
1517 3784 1690 3851 ipsum
1737 3783 1831 3837 lilii
1860 3782 1989 3837 facti

424 3879 568 3925 sunt.
608 3871 677 3923 At
696 3872 970 3941 sicutlnon
1000 3880 1075 3925 est
1113 3872 1254 3926 Deus
1302 3884 1649 3938 mortuorum,
1698 3873 1788 3927 sed
1824 3874 1991 3927 viven-

426 3963 559 4013 tium
581 3960 664 4027 “;
693 3961 773 4015 sic
800 3977 903 4015 non
934 3970 1020 4016 est
1046 3962 1307 4017 Dominus
1337 3964 1645 4032 ignobilium
1681 3980 1986 4028 servorum,

425 4055 521 4109 sed
544 4068 731 4109 eorum
776 4055 867 4123 qui
914 4055 1147 4124 primum
1195 4057 1389 4109 timore
1435 4067 1657 4123 propter
1706 4057 1987 4112 infantiam

427 4145 741 4215 mancipati,
768 4156 957 4214 postea
993 4161 1090 4215 per
1131 4147 1453 4202 eharitatem
1485 4146 1780 4203 feliciorem
1810 4152 1985 4204 servi-

423 4245 593 4292 tutem
625 4240 868 4292 serviunt
896 4254 1057 4307 quam
1104 4254 1201 4308 per
1251 4240 1523 4295 timorem.
1558 4240 1695 4295 Sunt
1739 4241 1881 4295 enim
1931 4242 1984 4295 in

422 4330 602 4384 anima
625 4344 899 4387 servorum
936 4333 1024 4387 Dei
1059 4333 1399 4404 ﬁliorumque
1433 4334 1774 4389 characteres
1804 4334 1855 4389 ei
1885 4335 1985 4388 soli

424 4422 692 4478 manifesti
716 4426 807 4494 qui
833 4428 995 4482 corda
1033 4428 1289 4482 intuetur.
1318 4426 1485 4497 Igitur
1517 4428 1828 4498 quicunque
1871 4438 1984 4483 ter-

423 4530 551 4569 rena
572 4526 626 4571 et
658 4530 817 4585 parva
836 4534 864 4571 a
890 4521 996 4575 Deo
1028 4521 1179 4589 petit,
1208 4519 1309 4588 ipsi
1342 4535 1448 4574 non
1481 4520 1836 4590 obtemperat,
1866 4521 1981 4590 qui,

422 4622 545 4662 cum
574 4610 706 4663 nihil
732 4621 998 4665 terrenum
1020 4621 1074 4665 et
1093 4623 1318 4678 parvum
1345 4611 1482 4665 sciat
1505 4611 1709 4680 largiri,
1741 4612 1981 4667 caelestia

2097 3233 2344 3287 σάνιστον
2372 3234 2467 3286 καὶ
2495 3232 2842 3298 ἀνεξέταστον
2866 3233 3288 3304 ἁμαρτανόντων
3315 3232 3422 3286 τῶν
3442 3249 3671 3305 προσευ-

2094 3326 2334 3397 χομένων
2368 3326 2447 3398 τῷ
2493 3325 2626 3397 Υἱῷ,
2660 3327 2771 3380 εἴτε
2803 3326 2940 3397 μετά
2964 3327 3060 3380 τοῦ
3092 3326 3325 3398 Πατρδς,
3361 3327 3470 3380 εἴτε
3504 3326 3670 3398 χωρὶς

2092 3418 2182 3472 τοῦ
2225 3420 2456 3492 Πατρός.
2499 3418 2935 3491 Προσευχὼμεθα
2978 3419 3156 3472 τοίνυν
3185 3419 3262 3482 ὡς
3298 3416 3437 3487 Θεῷ,
3477 3419 3668 3487 ἐντυγ-

2092 3510 2340 3579 χάνωμεν
2378 3509 2435 3563 δὲ
2462 3509 2536 3572 ὡς
2570 3510 2761 3581 Πατρὶ,
2789 3508 3035 3579 δεώμεθα
3062 3508 3119 3561 δὲ
3153 3508 3228 3571 ὡς
3255 3508 3479 3580 Κυρίου,
3509 3507 3668 3578 εὐχα-

2094 3600 2362 3671 ριστῶμεν
2401 3599 2458 3652 δὲ
2487 3600 2563 3663 ὡς
2597 3600 2716 3670 Θεῷ
2745 3599 2839 3653 καὶ
2877 3601 3049 3671 Πατρ).
3086 3600 3180 3652 καὶ
3209 3599 3417 3671 Κυρίῳ,
3439 3599 3499 3651 οὐ
3532 3599 3668 3653 πάν-

2089 3708 2197 3754 τως
2225 3691 2408 3744 δούλου
2441 3690 2553 3744 ὄντι
2579 3691 2783 3762 Κυρίῳ·
2814 3691 2842 3742 ὁ
2870 3690 2979 3763 γὰρ
3014 3690 3201 3763 Πατὴρ
3233 3691 3468 3759 εὐλόγως
3497 3689 3563 3743 ἂν
3582 3706 3668 3744 νο-

2094 3782 2306 3855 μισθείη
2333 3783 2426 3836 τοῦ
2467 3782 2585 3836 Υἱοῦ
2613 3783 2707 3837 καὶ
2736 3782 2956 3854 Κύριος,
2980 3783 3072 3836 καὶ
3094 3782 3199 3835 τῶν
3222 3782 3290 3834 δι’
3321 3781 3481 3835 αὐτὸν
3509 3797 3665 3850 γενο-

2093 3872 2268 3942 μένων
2296 3872 2425 3926 υἱῶν
2437 3873 2659 3945 Κύριος.
2681 3874 2884 3945 Ὥσπερ
2898 3873 2955 3925 δὲ
2974 3875 3084 3926 οὐκ
3105 3873 3235 3927 ἔστι
3257 3872 3398 3938 Θεὸς
3412 3870 3661 3940 νεκρῶν,

2088 3963 2249 4017 ἀλλὰ
2291 3962 2536 4029 ζώντων,
2579 3964 2750 4028 οὕτως
2796 3964 2897 4017 οὐκ
2938 3964 3050 4017 ἔστι
3080 3964 3282 4036 Κύριος
3308 3963 3516 4032 ἀγενῶν
3537 3960 3659 4017 δού-

2077 4054 2215 4121 «λων,
2237 4056 2371 4111 ἀλλά
2398 4055 2505 4110 τῶν
2534 4055 2675 4109 κατὰ
2701 4056 2800 4127 μὲν
2822 4056 2921 4120 τὰς
2947 4055 3121 4128 ἀρχὰς
3149 4056 3300 4127 φόϐῳ
3326 4055 3416 4109 διὰ
3439 4054 3539 4127 τὴν
3565 4071 3661 4127 νη-

2089 4148 2317 4219 πιότητα
2344 4147 2845 4219 ὲξευγενιζομένωνο
2872 4149 3006 4219 μετά
3032 4148 3088 4201 δὲ
3103 4147 3273 4202 ταῦτα
3301 4147 3396 4201 καὶ
3415 4147 3514 4219 τὴν
3546 4145 3657 4218 (69)

2088 4240 2305 4311 ἀγάπην
2344 4238 2758 4311 μακαριωτέραν
2806 4239 2904 4309 τῆς
2946 4240 3002 4290 ἐν
3052 4236 3200 4308 φόϐῳ
3243 4236 3485 4302 δουλείας
3538 4238 3659 4292 δου-

2088 4332 2366 4385 Λευόντων⁸
2396 4331 2503 4384 εἰσὶ
2530 4330 2634 4401 γὰρ
2665 4330 2759 4384 καὶ
2788 4331 2845 4382 ὲν
2876 4331 2941 4396 τῇ
2971 4328 3114 4399 ψυχῇ
3151 4327 3295 4398 μόνῳ
3324 4326 3401 4398 τῷ
3432 4327 3656 4400 καρδίας

2090 4426 2331 4496 βλέποντι
2354 4423 2699 4494 χαρακτῆρες
2727 4421 2950 4492 φανεροὶ
2989 4420 3188 4473 δούλων
3221 4418 3377 4482 Θεοῦ,
3402 4420 3495 4473 κα).
3524 4418 3654 4471 υἱῶν

2088 4517 2272 4571 αὐτοῦ.
2313 4516 2427 4578 Πᾶς
2448 4512 2732 4585 τοιγαροῦν
2756 4517 2785 4567 ὁ
2811 4513 2879 4567 τὰ
2906 4512 3121 4581 ἐπίγεια
3162 4513 3257 4566 καὶ
3290 4512 3462 4584 μικρά
3486 4511 3653 4566 αἰτῶν

2089 4609 2196 4662 ἀπὸ
2238 4606 2330 4660 τοῦ
2368 4604 2522 4668 Θεοῦ,
2551 4604 2851 4676 παρακούει
2893 4604 2986 4658 τοῦ
3015 4602 3384 4674 ἐντειλαμένου
3422 4604 3654 4675 ἐπουρά-

420 4708 474 4754 et
503 4716 693 4771 magna
723 4715 903 4774 petere
926 4703 1104 4774 jussit.
1134 4702 1286 4769 Quod
1315 4704 1359 4758 si
1389 4702 1511 4773 quis
1532 4703 1751 4772 objiciat
1787 4719 1978 4774 corpo-

2091 4717 2175 4754 νια
2200 4698 2295 4752 καὶ
2327 4695 2535 4768 μεγάλα
2563 4698 2730 4749 αἰτεῖν
2770 4696 2881 4768 (70)
2916 4695 3021 4750 ἀπὸ
3063 4695 3154 4750 τοῦ
3192 4696 3357 4768 μηδὲν
3389 4697 3648 4766 ἐπίγειον,

489 4860 532 4891 ³⁷
558 4858 659 4912 lsa.
686 4858 945 4922 xuxﬂﬂ,
970 4857 1059 4912 25.
1135 4858 1179 4888 ³⁸
1201 4856 1365 4912 Marc.
1400 4875 1452 4916 κ.
1484 4857 1572 4910 18.
1648 4858 1691 4889 ³³
1730 4855 1863 4911 Heb.
1900 4872 1972 4924 tv,

2091 4898 2095 4911 .
2171 4857 2218 4889 ’⁸⁸
2248 4854 2392 4911 I’sal.
2429 4872 2536 4919 xxi,
2567 4856 2659 4912 ‘25.
2732 4856 2774 4888 δ’
2809 4854 2995 4909 Matth.
3030 4870 3171 4923 xxn,
3202 4854 3290 4909 5‘2.

490 5021 600 5093 (63)
631 5021 845 5093 ρύδεὶς
872 5020 1090 5091 ἀγαθὸς
1121 5025 1172 5077 εί
1198 5021 1284 5093 μὴ
1305 5018 1391 5087 εἷς
1429 5026 1462 5076 ὁ
1489 5021 1653 5088 Θεὸς,
1688 5027 1721 5077 ὀ
1752 5021 1970 5091 Πατήρ.

416 5090 609 5148 Exstat
631 5090 719 5146 hic
745 5091 1036 5158 Scripturae
1068 5096 1217 5146 locus
1242 5092 1432 5146 Matth.
1463 5110 1540 5154 tx,
1587 5094 1682 5156 i7;
1721 5093 1886 5147 Marc.
1912 5090 1970 5154 x.

417 5167 506 5229 18,
537 5172 591 5216 et
615 5160 746 5216 Luc.
780 5177 931 5233 xvrit,
966 5164 1051 5233 18.
1085 5161 1192 5216 Nec
1230 5163 1392 5215 aliter
1419 5169 1486 5233 ab
1517 5162 1747 5233 Origene
1773 5164 1973 5216 citatur

415 5235 508 5286 lib.
536 5250 553 5286 ι
580 5233 720 5301 Περὶ
743 5232 962 5301 ἀρχῶν,
998 5232 1089 5286 lib.
1122 5249 1154 5285 v
1192 5242 1378 5290 contra
1419 5232 1647 5299 Celsum,
1689 5248 1835 5287 num.
1886 5234 1968 5288 Η.

416 5304 796 5357 Verumtamen
863 5302 1191 5370 Epiphanius
1242 5303 1434 5356 haeres.
1479 5303 1571 5365 42,
1623 5318 1769 5356 num.
1806 5302 1892 5361 li.
1941 5321 1968 5354 a

414 5372 684 5428 Marcione
716 5375 996 5428 contendit
1032 5374 1278 5426 falsatum
1303 5388 1424 5427 esse
1453 5372 1753 5439 adjectione
1776 5380 1926 5425 vocis
1953 5386 1968 5425 :

413 5446 441 5516 ὁ
472 5445 680 5516 Πατήρ.
714 5445 804 5498 Sic
839 5445 983 5516 apud
1019 5443 1373 5516 Athanasiqu
1419 5443 1967 5516 θηριων-αξηΙοτςονηιη

418 5515 490 5567 lie
542 5511 838 5582 Trinitatis:
880 5515 1067 5568 Καίτοι
1120 5513 1220 5566 οὐκ
1271 5512 1484 5582 εἴρηται
1520 5513 1722 5575 Οὐδεὶς
1752 5511 1971 5582 ἀγαθός

413 5584 555 5655 εἰμὴ
573 5580 653 5652 εἷς
684 5588 716 5640 ό
742 5583 975 5653 Πατήρ·
1017 5583 1130 5637 ἀλλ’
1161 5579 1641 5655 Οὐδεζςαγαθὸς,
1675 5586 1726 5636 εἰ
1884 5579 1969 5648 εἷς

414 5654 621 5720 decdo.
642 5656 794 5722 Atqui
822 5672 925 5707 non
942 5656 1136 5708 dictum
1167 5668 1238 5708 est
1263 5669 1282 5708 :
1310 5654 1475 5707 Nemo
1495 5659 1683 5719 bonus,
1714 5657 1811 5709 nisi
1840 5671 1971 5710 unus

413 5724 594 5787 Putcr,
624 5727 734 5792 sed,
768 5724 930 5778 Nemo
948 5724 1129 5791 bonus,
1164 5728 1411 5781 nisiunus
1430 5726 1588 5780 Deus.

2140 5021 2253 5093 (54)
2524 5022 2691 5093 Lego,
2726 5020 2898 5092 ὑμῶν.

2147 5091 2259 5164 (65)
2303 5090 2498 5164 711ch-
2532 5090 2695 5164 toeo.
2725 5090 2889 5164 Oisc.

2172 5163 2259 5228 66)
2300 5161 2503 5231 Ἠμῶν.
2532 5161 2693 5231 Lego,
2729 5161 2901 5231 ὑμῶν.

2172 5166 2259 5228 66)
2300 5166 2503 5231 Ἠμῶν.
2532 5166 2693 5231 Lego,
2729 5166 2850 5231 ῦμῶ

2146 5166 2258 5302 (67)
2297 5232 2478 5302 Ἡμῖν.
2514 5232 2675 5302 Lego,
2702 5233 2853 5300 ὑμῖν.

2145 5300 2257 5374 (68)
2288 5300 2502 5374 Αὑτοῦ..
2517 5300 2948 5374 Bentleiuslegit,
2978 5301 3148 5374 αὐτῷ.

2147 5320 2257 5374 (ως)
2288 5320 2948 5371 Αυτουωεηιιοιιιειρειι,
2978 5320 3079 5355 αυτ
3129 5341 3148 5358 .

2147 5377 2256 5441 (69)
2280 5372 2389 5427 Καὶ
2426 5371 2559 5440 τήν,
2593 5382 2697 5425 etc.
2736 5371 2895 5426 Forte
2932 5320 3234 5441 legentium,
3264 5370 3524 5441 xarit‘rhv
3550 5379 3641 5424 aut

2073 5444 2287 5565 gul-.152
2314 5443 2533 5512 ἀγάπην
2567 5440 3106 5515 μακαριωτέραντῆς
3139 5445 3193 5495 ὲν
3223 5441 3370 5512 φόϐῳ
3396 5440 3639 5496 δουλείαν

2103 5532 2163 5565 Ου
2198 5533 2256 5565 ευ
2292 5530 2445 5565 ντων.

2074 5516 2221 5567 ὃουλε
2229 5516 2445 5566 υόντων.

2155 5583 2264 5653 (70)
2318 5581 2664 5649 'Ezovpdwa
2712 5583 2807 5639 καὶ
2854 5582 3086 5652 μεγάλα
3129 5582 3331 5637 αἰτεῖν.
3373 5581 3533 5653 Forte
3571 5594 3639 5636 ex

2084 5651 2372 5721 Evangelio
2401 5656 2708 5723 apocrypha
2750 5654 2947 5706 Nazar.
2997 5653 3123 5706 Vide
3155 5664 3307 5707 notas
3335 5652 3403 5705 ad
3432 5651 3528 5707 lib.
3561 5665 3636 5707 Vtt

2082 5738 2262 5777 contra
2281 5723 2504 5788 Celsum,
2536 5740 2680 5777 ttttttl.
2714 5723 2799 5777 Η.
