3974 6160
321 294 424 356 ιον

1445 287 1780 343 LIBELLUS
1808 287 1894 342 DE
1931 286 2295 345 ORATIONE.

3421 279 3528 333 4711

322 407 451 483 μηδὲ
492 402 677 476 μικρὸν
713 403 1028 476 χαρίζεσθαι
1071 405 1428 476 ἐπισταμένου
1471 405 1624 459 Θεοῦ,
1664 407 1786 459 Ἐὰν
1808 406 1862 458 δέ

1974 422 2215 476 rea,qn:e
2245 405 2444 460 sanctis
2473 412 2684 472 propter
2709 399 3004 454 orationem
3031 398 3221 452 donata
3245 408 3391 460 sunt,
3421 399 3527 453 imo

319 515 398 561 τις
420 493 751 566 ἀνθυποφέρῃ
787 495 854 548 τά
877 495 1014 549 κατά
1041 495 1099 548 τὸ
1135 495 1439 564 σωματικὸν
1471 498 1534 548 ἐκ
1563 497 1864 568 προσευχῆς

315 589 419 650 τοῖς
449 585 614 653 ἀγίοις
641 585 963 656 δωρηθέντα,
997 583 1131 638 ἀλλὰ
1159 585 1252 638 καὶ
1293 584 1390 656 τὴν
1419 585 1509 637 τοῦ
1534 587 1863 654 Εὑαγγελίου

313 677 483 748 φωνὴν
513 675 847 740 διδάσκοντος
866 676 931 729 τά
962 675 1172 744 ἐπίγεια
1194 676 1318 747 ὑμῖν
1349 676 1458 746 (7i)
1487 676 1863 748 προστίθεσθαι

310 765 400 821 καὶ
439 765 504 818 τὰ
550 767 736 838 μικράο
789 766 1120 837 ἀπαντητέον
1169 766 1302 837 πρὸς
1341 766 1519 827 αὑτὸν,
1560 769 1640 819 ὅτι
1678 766 1862 840 ὥσπερ

308 861 364 912 οὐ
397 856 628 919 λεκτέον,
658 856 994 930 δωρουμένου
1018 858 1160 920 τινὸς
1192 859 1321 928 ἡμῖν
1338 860 1365 912 ὃ
1387 876 1438 910 τι
1460 858 1657 929 δήποτε
1684 858 1860 928 σῶμα,

307 948 382 999 ὅτι
413 948 438 998 ὁ
463 945 606 998 δεῖνα
632 947 728 1017 τὴν
761 947 917 999 σκιὰν
955 948 1083 1017 ἡμῖν
1123 945 1215 999 τοῦ
1254 945 1502 1016 σώματος
1535 948 1858 1020 ἐδωρήσατο·

307 1038 363 1091 οὺ
398 1035 499 1108 γὰρ
559 1037 887 1109 προθέμενος
920 1037 1012 1090 δύο
1042 1037 1160 1090 τινὰ
1206 1037 1547 1110 χαρίσασθαι,
1583 1039 1740 1110 σῶμα
1772 1041 1864 1093 καὶ

308 1129 475 1192 σκιάν,
504 1128 702 1182 δέδωκε
730 1130 790 1182 τὸ
823 1130 996 1200 σῶμα·
1029 1130 1140 1182 ἀλλ’
1171 1133 1202 1198 ἡ
1237 1131 1491 1202 πρόθεσις
1521 1130 1612 1184 τοῦ
1635 1131 1864 1195 διδόντος

305 1220 414 1271 ἐστὶ
429 1219 625 1273 διδόναι
645 1221 821 1292 σῶμα·
844 1220 1191 1274 ἐπακολουθεῖ
1214 1223 1268 1275 δὲ
1289 1225 1351 1293 τῇ
1383 1223 1525 1276 δόσει
1552 1223 1645 1276 τοῦ
1679 1223 1865 1295 σῶμα·

299 1327 387 1375 τος
408 1311 497 1363 καὶ
534 1312 599 1364 τὸ
631 1312 726 1382 τὴν
769 1313 924 1366 σκιὰν
966 1313 1128 1366 αὑτοῦ
1175 1315 1321 1384 ἡμᾶς
1363 1312 1563 1366 λαϐεῖν’
1609 1314 1778 1377 οὕτως
1817 1317 1864 1367 εί

293 1402 786 1475 μεγαλοφυεστέρῳ
803 1405 1072 1474 γενομένῳ
1088 1404 1243 1474 ἡμῶν
1257 1403 1331 1473 τῷ
1346 1403 1420 1474 νῷ
1437 1406 1664 1475 κατανοή
1674 1422 1759 1457 σαι
1767 1423 1863 1475 μεν

290 1495 384 1558 τὰς
415 1493 847 1565 προηγουμένως
883 1492 992 1564 (79.)
1029 1495 1132 1546 ὑπὸ
1162 1493 1255 1546 τοῦ
1277 1493 1407 1546 Θεοῦ
1438 1496 1570 1565 ἡμῖν
1589 1494 1865 1564 διδομένας

291 1587 507 1658 δωρεὰς,
578 1586 880 1640 οἰκειότατα
926 1585 1154 1658 ἐροῦμεν
1190 1586 1717 1658 παρακολουθήματα
1755 1586 1864 1641 τῶν

295 1679 546 1750 μεγάλων
583 1679 676 1731 καὶ
716 1679 1050 1749 ἐπουρανίων
1093 1677 1473 1747 πνευματικῶν
1517 1680 1864 1750 χαρισμάτων

1971 497 2333 564 evangelieam
2377 497 2545 562 ipsam
2591 509 2774 547 vorem
2812 492 3088 546 docentem
3130 499 3342 542 terrena
3375 492 3529 546 nobis

1971 599 2025 643 et
2071 605 2231 658 parva
2283 587 2579 653 adjicienda
2637 600 2796 650 esse;
2833 584 2910 636 sic
2959 583 3007 636 ei
3055 581 3524 651 respondendum:

1973 680 2122 735 Sicut
2147 697 2265 734 cum
2309 680 2428 747 quis
2463 678 2614 731 nobis
2648 676 2924 744 quodlibet
2957 689 3152 742 corpus
3180 674 3362 737 donat,
3421 689 3527 728 non

1970 775 2076 828 erit
2119 771 2376 827 dicendus
2417 771 2503 824 ille
2535 769 2687 823 nobis
2735 768 2976 820 umbram
3005 766 3246 835 corporis
3276 766 3528 828 donasse,

1970 881 2088 919 cum
2127 880 2229 916 non
2255 864 2326 916 ita
2358 877 2552 930 corpus
2597 860 2805 914 dederit
2837 869 2894 912 ut
2928 859 3032 912 duo
3060 858 3302 927 quaedam
3346 857 3528 927 largiri

1970 958 2299 1028 propositum
2330 956 2574 1018 haberet,
2606 969 2799 1021 corpus
2821 964 2873 1006 et
2903 953 3172 1010 umbram.
3202 951 3296 1005 sed
3337 966 3531 1018 corpus

1970 1049 2140 1103 solum
2184 1048 2310 1101 dare
2342 1047 2442 1100 sibi
2489 1044 2866 1114 proposuerit;
2914 1058 3138 1109 corpore
3173 1052 3351 1095 autem
3404 1043 3532 1095 dato

1970 1142 2214 1209 sequitur
2257 1146 2316 1190 ιιι
2364 1137 2609 1190 umbram
2665 1147 2876 1202 quoque
2933 1133 3296 1201 accipiamus;
3361 1131 3431 1184 ita
3484 1132 3530 1185 si

1971 1239 2148 1284 mente
2187 1229 2344 1298 paulo
2377 1227 2722 1298 generosiore
2765 1225 3061 1294 cogitemus
3105 1239 3224 1292 qua:
3266 1227 3531 1293 prreipue

1971 1339 1998 1376 a
2029 1325 2135 1377 Deo
2178 1324 2228 1377 in
2269 1338 2366 1376 nos
2394 1320 2584 1375 collata
2616 1328 2740 1372 sunt
2791 1318 2948 1382 dona,
2996 1316 3210 1384 proprie
3248 1318 3531 1371 admodum

1972 1418 2208 1472 dieemus
2253 1429 2566 1484 magnorum
2606 1422 2660 1465 et
2711 1411 3011 1465 crelestium
3065 1409 3534 1480 Spiritualiumque

1971 1509 2229 1564 donorum
2257 1506 2504 1575 sequelas
2534 1519 2649 1559 esse
2677 1519 2762 1557 res
2783 1517 3068 1571 corporeas
3097 1513 3401 1556 sanctorum
3431 1506 3535 1559 uti-

1970 1599 2207 1654 litatibus
2252 1600 2404 1653 datas
2443 1596 2524 1649 vel
2565 1609 2661 1664 pro
2691 1593 2811 1648 fidei
2865 1594 3071 1646 ratione
3113 1592 3192 1644 vel
3236 1606 3394 1661 prout
3423 1593 3535 1645 vult

1969 1690 2062 1759 qui
2106 1689 2368 1758 largitur:
2399 1687 2513 1740 vult
2544 1689 2720 1740 autem
2757 1686 3047 1753 sapienter,
3079 1684 3177 1738 etsi
3215 1700 3318 1737 non
3363 1683 3536 1749 possi-

291 1766 506 1826 εἶναιτὰ
549 1770 852 1842 σωματικά,
879 1770 1092 1841 ἑκάστῳ
1113 1771 1363 1841 διδόμενα
1395 1771 1501 1824 τῶν
1535 1772 1703 1840 ἁγίων
1729 1773 1863 1843 πρὸς

1974 1799 2083 1837 mus
2131 1782 2420 1850 unicuique
2475 1779 2736 1832 donorum
2797 1791 3010 1829 causam
3043 1784 3094 1828 et
3124 1780 3386 1827 rationem
3436 1777 3535 1830 do-

288 1863 346 1916 τὸ
376 1864 656 1935 συμφέρον
680 1863 712 1933 ἦ
739 1865 856 1916 κατ’
886 1863 1171 1933 ἀναλογίαν
1204 1863 1304 1933 τῆς
1334 1863 1583 1928 πίστεως,
1620 1863 1652 1934 ἦ
1679 1863 1866 1928 καθὼς

294 1954 536 2027 βούλεται
561 1959 587 2008 ὁ
613 1955 802 2019 διδοῦς’
829 1955 1072 2026 βούλεται
1101 1957 1156 2010 δὲ
1189 1955 1385 2025 σοφῶς,
1417 1959 1464 2009 εἰ
1490 1958 1755 2028 καὶήμεῖς
1794 1958 1866 2030 μὴ

290 2047 566 2118 δυνάμεθα
611 2047 822 2118 ἑκάστῳ
874 2048 980 2101 τῶν
1012 2047 1300 2118 διδομένων
1354 2049 1532 2102 αἰτίαν
1579 2050 1673 2102 καλ⁹
1711 2049 1865 2118 λόγον

292 2138 437 2204 ἄξιον
463 2139 562 2192 τοῦ
588 2140 814 2203 διδόντος
854 2142 1043 2194 εἰπεῖν.
1075 2139 1291 2194 Μᾶλλον
1325 2137 1416 2193 οῦν
1452 2143 1868 2213 κεκαρποφορή-

291 2248 373 2284 κει
397 2232 504 2284 ἀπό
543 2249 685 2296 τινος
720 2233 1049 2304 στειρὼσεως
1085 2233 1508 2305 μεταϐαλοῦσαὴ
1537 2236 1635 2305 τῆς
1670 2236 1867 2306 ’Ἂννης

289 2321 456 2393 ψυχὴ,
485 2323 627 2394 ἥπερ
658 2323 717 2375 τὸ
748 2323 904 2393 σῶμα
936 2325 1146 2393 κυῆσαν
1178 2324 1268 2377 τὸν
1299 2324 1570 2394 Σαμουὴλ.
1601 2325 1708 2377 Καὶ
1729 2325 1865 2394 μᾶλ-

287 2413 376 2466 λον
422 2417 450 2467 ό
504 2415 750 2489 Ἐζζεκίας
777 2415 894 2468 θεῖα
925 2417 1241 2485 γεγεννήκει
1280 2415 1444 2468 τέκνα
1472 2415 1560 2469 νοῦ
1590 2416 1730 2486 ἥπερ
1759 2415 1868 2468 τῶν

289 2507 402 2577 (73)
437 2510 504 2560 ἐκ
531 2509 624 2560 τοῦ
652 2507 960 2577 σωματικοῦ
999 2509 1308 2579 σπέρματος
1352 2508 1516 2560 αὐτοῦ
1539 2507 1868 2578 γεγεννημέ-

285 2616 407 2652 νων.
449 2598 762 2651 Ἐπιπλεϊόν
802 2617 859 2651 τε
887 2599 992 2651 ἀπὸ
1016 2599 1218 2670 νοητῶν
1252 2599 1550 2652 ἐπιϐουλῶν
1584 2598 1867 2670 ρυσθέντες

287 2687 586 2757 ἐτύγχανον
612 2688 806 2759 Ἑσθὴρ
840 2688 932 2741 καὶ
968 2688 1305 2758 Μαρδοχαῖος
1341 2689 1434 2741 καὶ
1477 2690 1505 2741 ὁ
1545 2687 1690 2751 λαὸς,
1729 2688 1866 2758 ἤπερ

287 2779 398 2833 ἀπὸ
415 2780 509 2833 τοῦ
526 2780 579 2833 Ἀ
589 2780 715 2851 μάν,
734 2780 942 2833 καὶτῶν
956 2798 1018 2833 συ
1027 2780 1353 2850 μπνεόντων,
1369 2779 1472 2834 Τοῦ
1489 2781 1618 2851 (75')
1631 2780 1867 2848 διαφθεῖ-

289 2889 381 2943 ραι
409 2871 508 2942 τὴν
537 2872 714 2943 ψυχὴν
746 2873 914 2942 αὐτῆς
950 2871 1192 2936 θέλοντος
1230 2872 1482 2943 ἄρχοντος
1514 2873 1613 2944 τὴν
1644 2873 1867 2944 δύναμιν

283 2963 621 3031 διακεκόφει,
659 2963 691 3033 ἢ
723 2963 928 3015 ἐκείνου
967 2961 1060 3016 τοῦ
1095 2963 1430 3034 Ὀλοφέρνου.
1460 2964 1556 3026 Τίς
1591 2965 1634 3027 δ’
1668 2965 1766 3017 οὐκ
1798 2966 1867 3018 ἄν

287 3055 681 3125 ὁμολογήσαιτο
753 3053 967 3125 Ἀνανία
1000 3053 1110 3124 (74)
1158 3055 1252 3107 καὶ
1296 3058 1408 3119 τοῖς
1459 3057 1556 3108 σὺν
1597 3055 1864 3128 αὐτῷτὴν

1969 1884 2131 1929 nante
2153 1875 2364 1943 dignam
2389 1873 2687 1939 assignare.
2715 1868 3017 1924 Fecundior
3051 1867 3211 1936 igitur
3247 1867 3409 1922 fuisse
3440 1884 3537 1936 pu-

1969 1967 2124 2018 tanda
2158 1974 2240 2019 est
2287 1980 2316 2016 a
2356 1963 2644 2018 sterilitate
2673 1960 2900 2030 quadam
2926 1967 3111 2010 sanata
3155 1958 3322 2011 Anna:
3355 1959 3533 2011 anima

1969 2072 2125 2125 quam
2174 2072 2367 2124 corpus
2418 2053 2668 2108 Samuele
2720 2049 3023 2122 gravidum.
3073 2050 3317 2102 Divinam
3357 2049 3534 2117 potius

1969 2149 2230 2204 Ezechias
2270 2159 2449 2202 mente
2499 2146 2758 2207 sobolem,
2807 2161 2965 2215 quam
3015 2157 3277 2211 corporeo
3327 2142 3535 2195 semine

1964 2241 2168 2311 prolem
2196 2241 2400 2311 genuit.
2421 2239 2464 2294 A
2494 2237 2867 2308 spiritualibus
2900 2237 3068 2304 magis
3097 2234 3304 2288 insidiis
3326 2231 3533 2285 liberati

1971 2343 2095 2388 sunt
2146 2333 2359 2398 Esther,
2415 2331 2806 2393 Mardochaeus,
2849 2330 3199 2398 populusque,
3257 2339 3416 2394 quam
3466 2323 3535 2377 ab

1939 2416 2136 2476 'Aman
2169 2423 2339 2491 iisque
2367 2422 2456 2490 qui
2487 2419 2564 2494 (in
2591 2435 2775 2474 eorum
2819 2414 3135 2486 perniciem)
3179 2414 3529 2482 conspirave-

1971 2525 2113 2572 rant.
2171 2514 2376 2585 (Jmlith
2430 2511 2678 2581 validius)
2728 2509 3016 2579 qua-remis
3072 2507 3307 2560 animam
3368 2502 3534 2574 ipsius

1971 2619 2317 2672 corrumpere
2373 2603 2630 2672 principis
2678 2604 2820 2656 vires
2873 2600 3121 2660 cxscidit,
3177 2611 3335 2666 quam
3393 2595 3534 2648 illius

1973 2696 2352 2765 l‘lolophernis.
2379 2696 2509 2761 Quis
2539 2710 2664 2749 vero
2680 2710 2783 2747 non
2815 2694 3048 2746 fateatur
3073 2688 3408 2759 spiritualem
3440 2687 3534 2740 he-

1972 2786 2326 2840 nedictionem
2359 2785 2410 2838 in
2451 2801 2642 2840 omnes
2686 2795 2900 2838 sanctos
2944 2783 3011 2836 ab
3061 2781 3246 2835 lsaaco
3271 2780 3537 2846 prolatam

1969 2895 2088 2933 cum
2118 2878 2317 2933 Iacobo
2347 2878 2415 2932 ait
2452 2894 2465 2930 :
2494 2877 2654 2948 225
2675 2877 2769 2929 Det
2802 2876 2893 2928 tibi
2925 2874 3058 2926 Deus
3094 2873 3156 2926 de
3185 2889 3302 2925 rore
3325 2871 3437 2925 caeli
3465 2869 3532 2934 “,

1969 2971 2191 3025 Ananire
2215 2981 2268 3023 et
2295 2970 2458 3024 sociis
2487 2970 2602 3036 ejus
2628 2969 2852 3036 amplius
2892 2965 3104 3018 aﬂ‘uisse
3147 2980 3307 3034 quam
3339 2977 3532 3030 corpo-

1971 3076 2121 3113 reum
2166 3075 2338 3114 rorem
2381 3073 2489 3126 quo
2537 3058 2676 3111 victa
2732 3053 3274 3109 Nabuchmlonosuris
3321 3052 3532 3106 ﬂamma

285 3144 486 3216 νοητὴν
518 3144 764 3213 εὐλογίαν
798 3145 1100 3214 φθάνουσαν
1139 3146 1230 3198 ἐπὶ
1266 3146 1470 3211 πάντας
1500 3147 1624 3210 τοὺς
1654 3126 1862 3216 ἁγίους,

1974 3153 2083 3207 est?
2115 3151 2475 3205 lnvisibilibus
2519 3151 2688 3219 magis
2730 3148 2975 3203 leonibus
3006 3147 3191 3201 Daniel
3224 3161 3285 3199 os
3310 3147 3537 3200 obtura-

288 3235 586 3305 εἰρημένην
609 3235 711 3288 ὑπὸ
735 3235 826 3288 τοῦ
873 3235 1055 3289 Ἰσαὰκ
1101 3235 1177 3306 τῷ
1231 3235 1421 3290 Ἰακὼϐ
1452 3237 1570 3308 τὴν,
1616 3236 1738 3305 Δῴη
1769 3253 1867 3290 σοι

291 3331 325 3382 ό
355 3327 502 3394 Θεὸς
549 3328 667 3383 ἀπὸ
706 3327 814 3396 τῆς
858 3329 1079 3396 δρόσου
1117 3329 1222 3382 τοῦ
1256 3330 1534 3396 οὐρανοῦ,
1559 3332 1652 3383 ἐπὶ
1684 3331 1866 3384 πλεῖον

288 3417 639 3487 ἐγγεγονέναι
675 3419 815 3490 ἥπερ
851 3418 946 3490 τὴν
989 3419 1303 3490 σωματικὴν
1345 3419 1531 3491 δρόσον
1562 3422 1660 3492 τὴν
1694 3420 1864 3490 φλόγα

288 3508 533 3562 νικῶσαν
566 3508 658 3562 τοῦ
689 3508 1186 3583 Ναϐουχοδονόσορς
1220 3511 1432 3564 Μᾶλλον
1460 3511 1516 3564 δὲ
1551 3512 1862 3582 πεφίμωντο

286 3599 364 3671 τῷ
397 3603 654 3673 προφήτῃ
699 3601 894 3674 Δανιὴλ
935 3603 983 3655 οἱ
1010 3602 1225 3674 ἀόρατοι
1257 3603 1494 3666 λέοντες,
1537 3603 1686 3656 οὐδὲν
1716 3604 1864 3674 ἐνερ-

287 3694 454 3766 γῆσαι
484 3695 772 3764 δυνάμενοι
821 3695 961 3749 κατὰ
992 3697 1089 3766 τῆς
1121 3696 1296 3767 ψυχῆς
1325 3695 1508 3760 αὐτοῦ,
1537 3696 1676 3766 ἥπερ
1707 3697 1755 3748 οἱ
1783 3697 1868 3748 αἰ-

285 3785 502 3856 σθητοὶ,
549 3786 674 3855 περὶ
701 3779 774 3839 ὧν
830 3785 1030 3848 πάντες
1070 3787 1121 3838 οἱ
1151 3787 1562 3855 ἐντυγχάνοντες
1611 3787 1745 3858 αὐτῇ
1801 3786 1865 3858 τῇ

1971 3244 2043 3296 vit
2071 3258 2137 3295 ne
2169 3243 2296 3311 quid
2329 3241 2380 3293 in
2417 3241 2533 3309 ejus
2564 3241 2797 3292 animam
2829 3248 3049 3306 possent
3077 3237 3312 3300 efﬁcere,
3370 3251 3534 3303 quam

1967 3333 2316 3388 sensibilibus
2343 3334 2408 3386 de
2447 3331 2647 3401 quibus
2683 3345 2869 3384 omnes
2897 3330 2988 3399 qui
3034 3329 3259 3398 legimus
3289 3327 3536 3395 Scriptu-

1969 3439 2106 3486 ram,
2145 3422 2471 3491 accepimus.
2523 3421 2653 3486 Quis
2705 3419 2837 3473 adeo
2890 3417 3076 3488 effugit
3130 3429 3370 3471 ventrem
3430 3415 3531 3469 ceti

1967 3513 2168 3567 illiusa
2219 3513 2433 3566 Christo
2495 3510 2784 3565 Servatore
2849 3520 3035 3564 nostro
3090 3509 3300 3570 domiti,
3355 3507 3536 3575 fugiti-

1969 3620 2172 3674 vosque
2219 3602 2312 3656 Dei
2364 3618 2551 3656 omnes
2603 3603 2980 3665 absorbentis,
3035 3610 3091 3654 nt
3158 3600 3357 3664 Jonas,
3413 3614 3534 3652 cum

1973 3697 2145 3750 sancti
2174 3695 2404 3764 Spiritus
2438 3709 2632 3764 capax,
2669 3694 2865 3764 quippe
2895 3701 3112 3747 sanctus
3139 3693 3272 3763 ipse,
3305 3691 3534 3746 clTectus

1974 3787 2088 3839 est?

280 3878 468 3952 Γραφῇ
519 3880 892 3951 ὲξειλήφαμεν.
943 3882 1038 3944 Τίς
1083 3881 1126 3933 δ’
1175 3881 1344 3944 οὕτως
1387 3881 1496 3952 (75)
1541 3882 1868 3952 ὲκπεφεύγει
1929 3881 2022 3935 τοῦ
2081 3883 2473 3956 κεχειρωμένον
2533 3881 2636 3935 ὑπὸ
2675 3879 2750 3952 τῷ
2805 3877 2973 3952 Ἰησοῦ
3021 3879 3098 3950 τῷ
3130 3878 3341 3951 Σωτῆρι
3382 3877 3533 3950 ἡμῶν

282 3975 494 4046 κήτους
533 3976 628 4046 τὴν
689 3976 951 4048 γαστέρα,
1014 3977 1189 4030 πάντα
1244 3977 1332 4028 τὸν
1367 3977 1578 4046 φυγάδα
1639 3977 1730 4031 τοῦ
1767 3977 1901 4031 Θεοῦ
1940 3979 2347 4048 κατατείνοντος,
2401 3978 2475 4047 ὡς
2526 3975 2706 4041 Ἰωνᾶς
2757 3973 3055 4048 χωρητικὸς
3107 3974 3403 4044 γινόμενος,
3459 3970 3533 4035 ὡς

285 4068 456 4138 ἅγιος,
511 4070 662 4137 ἁγίου
685 4069 823 4122 Πνεύ
833 4086 997 4138 ματος
1013 4086 1026 4134 ;

353 4164 427 4216 Οῦ
464 4162 786 4232 Θαυμαστὸν
821 4162 877 4215 δὲ
911 4164 957 4215 εἰ
993 4164 1065 4236 μὴ
1110 4166 1274 4218 πᾶσιν
1299 4165 1496 4234 ὁμοίως
1520 4168 1630 4229 τοῖς
1651 4166 1862 4237 λαμϐά-

285 4271 500 4318 νουσιν,
550 4254 615 4308 ἵν’
644 4255 816 4319 οὕτως
857 4255 1015 4322 εἴπω,
1055 4258 1121 4309 τὰ
1163 4257 1422 4327 ποιητικά
1467 4257 1575 4310 τῶν
1613 4258 1866 4312 τοιούτων

2042 4164 2128 4220 Π.
2161 4162 2425 4218 Caeterum
2456 4163 2650 4216 mirum
2684 4174 2788 4214 non
2813 4165 2896 4211 est
2917 4156 2960 4210 si
2993 4157 3242 4210 omnibus
3272 4158 3362 4224 qui
3403 4171 3523 4210 cor-

1971 4271 2126 4326 pora,
2169 4266 2228 4308 ut
2260 4257 2332 4310 ita
2383 4257 2605 4320 dicam,
2639 4255 2954 4310 umbrarum
2997 4250 3208 4302 illarum
3247 4247 3534 4304 eﬂicientia

289 4348 455 4400 σκιῶν
499 4346 786 4418 σώματαῆ
814 4349 997 4420 ὅμοιον
1026 4350 1085 4402 οὐ
1125 4349 1323 4402 δίδοται
1360 4350 1486 4404 σκιά
1523 4349 1654 4422 (76),
1689 4353 1796 4404 τισὶ
1823 4351 1864 4403 δ’

1974 4348 2266 4416 accipiunt,
2317 4347 2512 4402 similis
2563 4349 2751 4400 umbra
2806 4361 2910 4398 non
2964 4346 3150 4408 detur;
3209 4342 3529 4410 quibusdam

284 4439 494 4510 ὁμοίως
524 4438 722 4515 δίδοται
757 4440 901 4493 σκιά·
927 4439 1082 4493 τοῦτο
1114 4441 1221 4511 γὰρ
1238 4444 1348 4505 τοῖς
1368 4441 1627 4515 θεωροῦσι
1643 4441 1709 4494 τὰ
1733 4459 1870 4511 γνω-

293 4532 497 4599 μονικά
530 4513 890 4602 προϐλήματα
913 4534 1005 4586 καὶ
1038 4533 1125 4587 τὸν
1159 4534 1266 4589 τῶν
1297 4513 1645 4608 σκιῶνῖπρὺς
1669 4535 1728 4590 τὸ
1761 4553 1870 4605 φω-

289 4620 436 4685 τίζον
458 4623 620 4692 σῶμα
653 4621 834 4690 λόγον,
871 4623 1054 4693 σαφῶς
1086 4625 1409 4696 παρίσταται
1446 4625 1738 4696 συμϐαῖνον
1777 4627 1869 4679 καὶ

293 4715 434 4766 κατά
467 4714 536 4766 τὰ
560 4713 804 4786 σώματα.
843 4717 964 4769 Τισὶ
996 4716 1122 4785 γοῦν
1155 4717 1332 4772 ἄσκιοί
1365 4719 1500 4772 εἰσιν
1520 4719 1567 4771 οἱ
1596 4717 1869 4790 γνώμονες

294 4804 472 4874 καιρῷ
486 4823 605 4858 τινι·
627 4807 831 4878 ἑτέροις
848 4806 922 4873 δὲ,
947 4807 1012 4860 ἵν’
1030 4808 1200 4873 οὕτως
1223 4812 1378 4873 εἴπω,
1399 4810 1712 4881 βραχύσκιοι
1733 4811 1864 4880 ι77),

303 4894 398 4949 καὶ
432 4894 631 4965 ἑτέροις
664 4897 791 4969 παρ’
821 4898 1038 4969 ἐτέρους
1079 4901 1559 4974 μακροσκιώτεροι.
1609 4903 1683 4955 Οὐ
1726 4903 1867 4973 μέγα

371 5007 417 5038 ⁸³
445 5006 577 5061 Gen.
613 5024 778 5074 xxvn,
805 5009 898 5064 28.

517 5101 697 5179 :Ypir.
717 5105 985 5179 Bentleius
1009 5105 1153 5175 legit,
1178 5108 1327 5179 ἡμῖν.

362 5173 479 5252 (7‘2)
506 5175 984 5252 Προηγοινμένως.
1015 5173 1103 5252 ξιξ
1128 5173 1273 5252 recte
1296 5176 1456 5252 habet
1473 5180 1648 5252 codex
1669 5193 1858 5252 manu-

294 5245 552 5349 scériplus,
608 5246 746 5298 male
789 5261 915 5299 vero
972 5247 1139 5301 editio
1188 5245 1535 5316 Oxonicnsis,
1583 5248 1854 5322 προηγου-

299 5329 482 5364 υινναε.

328 5330 482 5365 ,ενακ

297 5330 329 5459 εἴ
367 5345 856 5459 (Ἱὲ)-.Ἦπερ-τῶν,
890 5395 992 5438 etc.
1013 5387 1253 5443 Bentleio
1276 5389 1483 5459 videtur
1506 5389 1643 5443 forte
1667 5390 1849 5459 legen-

296 5453 446 5515 dum,
479 5455 619 5538 ἥπερ
666 5455 725 5507 τὸ
772 5458 835 5508 ὲκ
882 5459 975 5507 τοῦ
1020 5457 1326 5525 σωμαπικοῦ
1378 5457 1682 5529 σπέρματτς
1719 5453 1867 5532 αὐτῷ

296 5536 520 5560 ‘V:V:uu1-.
536 5543 564 5560 ΙΙ
578 5541 693 5560 ςυῆυ
1523 5530 1526 5535 Ι

296 5536 523 5595 γεγεννη
534 5536 711 5594 μενον.

308 5661 345 5669 _
371 5592 504 5669 (Ἱέ)
540 5595 716 5669 Locus
755 5604 837 5669 est
881 5594 1131 5669 nt_utilus_.
1185 5595 1419 5652 Sauabis
1459 5599 1683 5669 legendo
1714 5618 1726 5655 :
1756 5601 1864 5655 Καὶ

308 5661 510 5733 Ἰουδὴο
529 5663 725 5733 μᾶλλον
751 5665 862 5718 τοῦ.
905 5665 1063 5718 Eutr.
1098 5664 1336 5720 PATROL.

370 5731 482 5802 (74)
516 5731 610 5798 Τίς
639 5735 691 5785 δ’
727 5737 836 5788 οὐκ
884 5734 960 5789 ἂν
990 5734 1422 5806 ὀμολογήσαιτο
1466 5739 1711 5807 Ἀνανίᾳ.
1748 5740 1862 5814 _Sic

1971 4455 2100 4494 vero
2144 4440 2364 4494 omnino
2414 4437 2604 4491 umbra
2647 4451 2750 4489 non
2784 4436 2985 4489 detur:
3026 4437 3128 4489 huc
3159 4435 3305 4490 enim
3343 4435 3411 4489 iis
3441 4435 3533 4504 qui

1972 4517 2690 4600 gnomonicas'quazstiones
2743 4528 3170 4597 umbrarumque
3218 4529 3284 4580 ad
3336 4543 3534 4598 corpus

1972 4625 2282 4679 illuminans
2312 4624 2576 4677 rationem
2607 4621 2957 4685 meditantur,
2995 4622 3280 4676 manifeste
3309 4633 3532 4692 apparet

1973 4718 2134 4771 etiam
2165 4717 2217 4770 in
2237 4715 2554 4786 corporibus
2571 4715 2835 4769 accidere.
2857 4715 3061 4768 Etenim
3079 4715 3398 4783 quibusdam
3417 4733 3535 4769 utn-

1975 4810 2069 4864 bra
2084 4819 2231 4863 caret
2260 4809 2427 4880 stylus
2449 4818 2597 4863 certo
2611 4809 2841 4877 quodam
2868 4819 3124 4874 tempore;
3145 4808 3262 4862 aliis
3286 4809 3530 4874 umbram

1975 4901 2141 4956 habet
2178 4899 2398 4955 brevem
2438 4909 2491 4954 et
2533 4899 2586 4953 in
2620 4899 2747 4955 aliis
2783 4917 2943 4971 quam
2987 4905 3038 4956 in
3065 4899 3188 4953 aliis
3211 4899 3531 4970 longiorem.

1966 5110 2126 5164 habet
2141 5111 2305 5165 codex
2328 5112 2652 5179 manuscript
2665 5128 2724 5165 us
2741 5131 2753 5177 ;
2772 5113 2935 5167 editio
2953 5127 3078 5170 vero
3094 5113 3433 5175 Oxoniensis,
3451 5110 3534 5175 τίς

1962 5179 2006 5232 δ’
2027 5179 2562 5267 ορὲχᾶνῃόμολογῄσαι
2585 5181 2665 5267 τῶ
2678 5183 2937 5263 ,Ἀζαρία

2033 5250 2142 5323 (75)
2191 5250 2287 5324 Τίς
2321 5251 2371 5304 δ’
2397 5250 2601 5318 οὕτως.
2633 5250 2917 5324 δίονοοᾱιξᾶι
2961 5254 3391 5324 manuscriptus,
3427 5250 3537 5324 edi-

1965 5322 2039 5373 tio
2073 5322 2201 5374 vero
2230 5322 2574 5388 Oxoniensis,
2620 5323 2703 5386 τίς
2731 5323 2798 5376 δι’

1955 5391 2036 5454 τίς
2067 5389 2123 5462 δέ
2136 5392 2230 5462 οὐχ
2264 5393 2452 5457 οὕτως.

2043 5461 2152 5547 ς’ῖϐ)
2197 5455 2273 5517 ἿΙ
2299 5455 2500 5547 ὅμοιον
2529 5465 2599 5517 οὐ
2632 5463 2874 5547 δίδοται.
2899 5459 3058 5547 σκιᾷ,
3081 5457 3301 5544 fit/:16:
3326 5455 3538 5547 ιξμρίως

1972 5525 2197 5585 δίδοται
2219 5525 2382 5587 muri.
2415 5534 2556 5597 Lego
2581 5550 2700 5587 Clll’n
2725 5531 2988 5597 Bentleio,
3009 5530 3042 5596 ὴ
3072 5527 3232 5597 ὁμοία
3251 5528 3312 5579 οὐ
3341 5525 3537 5577 δίδοται

1973 5601 2118 5663 σκιὰ,
2155 5605 2266 5656 τισί
2289 5605 2332 5656 δ’
2359 5604 2495 5667 ὅλως
2520 5605 2578 5656 οὐ
2611 5603 2811 5661 δίδοται
2839 5596 2982 5667 σκιά.

2043 5673 2156 5741 (Π)
2198 5675 2372 5728 Codex
2413 5663 2511 5728 ms.
2538 5682 2702 5735 recte,
2751 5664 3096 5739 βραχύσκιοι.
3131 5665 3312 5720 Editio
3343 5663 3550 5728 Oxum,

1971 5741 2335 5814 βραχυὼκιοι.

2833 5323 3024 5385 οὕτως.
3065 5322 3340 5378 Bentleius
3371 5319 3530 5385 .lcgit,
