3974 6160
431 355 527 412 ΠΙ

1904 341 2220 401 ΟΒῖϐΕΝΙΒ

3564 327 3669 384 472

437 473 551 528 Nec
601 471 729 526 illud
764 472 929 541 igitur
967 482 1218 539 magnum
1252 467 1357 521 erit
1396 465 1443 521 si
1483 461 1602 536 ejus
1635 463 2005 534 consilio'qui

2135 461 2286 515 τοίνυν
2343 459 2392 511 εί
2435 456 2538 528 τῆς
2589 454 2897 527 προθέσεως
2931 449 3043 523 (78)
3092 448 3186 502 τοῦ
3233 443 3569 520 δωρουμένου
3602 441 3672 497 τὰ

439 563 713 634 ρτωοῖριιιι
755 562 910 618 nobis
942 560 1173 629 largitur
1213 558 1517 612 rationibus
1548 555 1870 625 quibusdam
1904 571 2000 610 oc-

439 656 604 712 cultis
654 664 814 722 atque
857 653 1086 706 secretis
1129 664 1227 720 pro
1275 647 1598 718 accipientis
1639 655 1694 701 et
1743 646 2004 716 temporis

442 748 625 812 modo,
653 746 746 800 ﬁat
774 752 832 798 ut
853 757 974 798 cum
1001 744 1271 812 praecipua
1304 738 1696 806 dantur,null:e
1717 725 2005 808 aliquando

442 841 664 897 omnino
684 845 980 908 sequantur
1019 835 1263 900 umbrae;
1309 831 1599 902 aliquando
1625 846 1728 884 non
1759 830 2002 885 omnium

441 934 569 994 sint,
593 930 686 985 sed
702 929 1025 997 aliquorum,
1046 925 1334 993 aliquando
1358 923 1594 977 minores
1612 921 1842 975 aliarum
1860 933 2007 974 com-

443 1023 725 1095 paratione
754 1022 1016 1092 majorum
1048 1033 1170 1088 qua:
1191 1017 1297 1071 alia
1328 1021 1650 1086 sequuntur.
1679 1011 1748 1068 Ut
1771 1011 1935 1082 igitur
1957 1011 2006 1064 ei

443 1119 535 1188 qui
569 1116 780 1173 solares
804 1113 1002 1183 quarrit
1043 1112 1243 1174 radios,
1284 1118 1568 1180 postquam
1600 1122 1694 1162 eos
1726 1116 2009 1162 assecutus

445 1219 551 1273 est,
598 1210 713 1263 sive
756 1207 898 1261 adsit
949 1205 1138 1263 umbra
1183 1202 1449 1270 corporis,
1483 1201 1598 1255 sive
1630 1199 1791 1263 absit,
1837 1213 2009 1268 neque

447 1302 679 1373 jucunda
710 1301 799 1355 illa
829 1309 935 1365 est,
967 1314 1143 1368 neque
1166 1295 1413 1360 molesta,
1436 1308 1560 1349 cum
1589 1307 1780 1361 nempe
1807 1291 2012 1347 habeat

447 1396 499 1448 id
530 1394 672 1464 quod
702 1392 940 1448 maxime
965 1388 1328 1446 necessarium
1359 1397 1462 1454 est,
1482 1387 1595 1442 sive
1624 1387 1866 1455 prlvetur
1895 1401 2014 1438 um-

445 1488 568 1551 bra,
598 1487 715 1542 sive
746 1485 863 1555 plus
903 1483 1018 1552 ejus
1050 1483 1264 1548 haheat,
1297 1481 1411 1535 sive
1458 1480 1671 1546 minus;
1711 1479 1785 1532 ita
1829 1477 1873 1532 si
1923 1492 2012 1530 res

453 1579 610 1633 nobis
643 1577 826 1632 adsint
871 1575 1199 1647 spirituales,
1238 1584 1292 1627 et
1321 1587 1349 1625 a
1389 1571 1498 1627 Deo
1538 1570 1904 1624 illuminemur
1948 1568 2013 1621 ad

451 1670 825 1726 omn‘imodam
877 1684 1125 1724 verorum
1190 1667 1453 1721 bonorum
1526 1663 2015 1734 comparationem,

451 1778 560 1818 non
618 1777 732 1817 rem
781 1771 1019 1826 tenuem,
1061 1761 1307 1815 umbram
1342 1757 1535 1827 pusillo
1567 1757 1749 1809 animo
1775 1757 2014 1820 require-

452 1872 592 1912 mus.
613 1855 720 1911 Res
745 1856 885 1911 enim
916 1871 1104 1910 omnes
1137 1853 1443 1908 tnateriales
1467 1862 1523 1907 et
1547 1865 1847 1920 corporem,
1870 1864 2018 1918 quaa-

452 1965 669 2018 cunque
691 1949 908 2003 tandem
934 1947 1038 2002 illa:
1057 1945 1183 2010 sint,
1215 1945 1420 1999 umbrae
1443 1943 1576 1998 levis
1605 1953 1660 1998 et
1696 1942 1901 2011 fragilis
1934 1957 2018 1997 ra-

458 2048 659 2097 tionem
695 2041 917 2104 habent,
957 2054 1057 2095 nec
1086 2047 1213 2094 sunt
1266 2037 1374 2092 ullo
1412 2031 1570 2091 modo
1609 2052 1730 2091 cum
1762 2035 2019 2090 salutari-

454 2133 556 2189 bus
584 2134 890 2202 sanctisque
915 2131 1005 2186 Dei
1057 2129 1433 2184 universorum
1466 2125 1622 2182 donis
1653 2126 2016 2182 conferendae.

457 2227 588 2294 Qute
620 2228 764 2282 enim
797 2224 1128 2294 comparatio
1151 2236 1537 2292 corporearum
1567 2235 1686 2276 esse
1713 2220 2019 2275 divitiarum

457 2327 644 2388 potest
669 2332 792 2373 cutn
816 2317 882 2371 iis
915 2316 1110 2384 quibus
1147 2315 1336 2367 divites
1377 2312 1538 2367 limus
1592 2312 1650 2364 in
1687 2311 1830 2365 omni
1866 2311 2023 2364 verbo

455 2421 504 2463 et
547 2410 604 2463 in
633 2409 775 2462 omni
819 2407 1075 2479 sapientia
1103 2405 1186 2460 l*3?
1213 2405 1347 2472 Quis
1391 2405 1496 2459 nisi
1544 2418 1732 2458 amens
1778 2404 2022 2456 carnium

457 2501 772 2568 ossiumque
799 2497 1085 2552 sanitatem
1118 2494 1365 2551 conferat
1387 2509 1510 2548 cum
1547 2493 1777 2548 sanitate
1803 2492 2022 2555 mentis,

457 2593 659 2648 animm
685 2591 942 2653 firmitate
979 2588 1482 2659 cogitationumqne
1519 2596 1639 2657 apta
1673 2584 2023 2654 compositio-

457 2684 563 2740 ne?
593 2681 716 2737 Haec
743 2681 887 2736 enim
916 2683 1122 2748 omnia,
1162 2679 1206 2734 si
1238 2679 1331 2734 Dei
1357 2679 1522 2734 verbo
1545 2688 1847 2748 temperata
1883 2676 2025 2741 sint,

459 2773 668 2828 faciunt
695 2770 988 2840 utpunctio
1011 2770 1206 2837 tenuis,
1233 2778 1290 2825 et
1317 2770 1361 2824 si
1387 2769 1514 2838 quid
1541 2768 1834 2840 punctione
1857 2767 2029 2822 levius

462 2877 744 2935 putamus,
778 2876 1052 2933 corporeae
1101 2877 1292 2917 omnes
1339 2877 1592 2916 aerumna:
1626 2862 2027 2916 existimentur.

463 2960 565 3026 Qui
591 2969 771 3013 autem
818 2966 1002 3011 mente
1034 2955 1346 3025 conceperit
1385 2971 1504 3024 qua:
1533 2956 1604 3008 sit
1635 2953 1780 3008 illius
1818 2968 2031 3022 sponsae

465 3050 812 3122 pulchritudo
843 3067 1005 3121 quam
1051 3064 1302 3119 sponsus,
1349 3048 1442 3117 qui
1487 3054 1572 3101 est
1617 3045 1714 3100 Dei
1771 3044 2028 3108 Verbum,

2104 549 2507 624 προηγούμενα,
2579 545 2933 620 χαριζομένου
2983 542 3122 596 κατά
3166 557 3316 604 τινας
3387 535 3674 604 ἀναλογίας

2103 645 2444 717 ἀπορρήτους
2463 641 2555 695 καὶ
2574 658 2644 712 μυ
2653 638 2838 701 στικὰς
2855 633 3195 708 ἁρμοζόντως
3212 634 3321 695 τοῖς
3340 629 3673 700 λαμϐάνουσι

2105 738 2327 800 καὶτοῖς
2353 735 2584 806 χρόνοις,
2605 733 2693 785 ὅτε
2713 731 2911 784 δίδοται
2940 725 3010 781 τά
3035 723 3437 798 προηγούμενα,
3458 719 3544 772 ὁτὲ
3579 717 3671 789 μὲν

2109 829 2218 882 οὐδ’
2235 829 2370 891 ὅλως
2392 827 2447 880 αἱ
2472 825 2618 878 σκιαὶ
2630 825 2742 887 τοῖς
2766 819 3128 891 λαμϐάνουσιν
3147 816 3389 877 ἕπονται,
3418 811 3508 864 ὁτὲ
3528 810 3583 862 δὲ
3614 808 3672 862 ού

2109 921 2346 983 πάντων,
2376 917 2486 971 ἀλλ’
2509 915 2721 985 ὀλίγων,
2763 914 2850 968 ὁτὲ
2870 913 2926 966 δὲ
2957 910 3210 972 ἐλάττους
3241 905 3523 978 συγκρίσει
3562 899 3678 955 ἐτέ-

2112 1033 2218 1088 ρων
2242 1012 2496 1084 μειζόνων
2517 1009 2693 1072 ἄλλοις
2713 1003 3186 1061 ὲπακολουθουσῶν
3199 1001 3330 1073 (79).
3351 1001 3416 1052 ’Ὠ
3425 1015 3523 1052 σπε
3531 1015 3562 1069 ρ
3587 991 3677 1051 οῦν

2109 1110 2198 1162 τὸν
2238 1105 2501 1176 ζητοῦντα
2542 1102 2642 1166 τὰς
2683 1101 2915 1173 ἡλιακὰς
2955 1099 3198 1160 ἀκτῖνας,
3241 1093 3362 1147 οὗτε
3406 1089 3674 1163 παροῦσα,

2110 1199 2231 1254 οὔτε
2281 1197 2493 1252 ἀποῦσα
2534 1198 2566 1267 ἡ
2599 1194 2705 1247 τῶν
2745 1191 3009 1263 σωμάτων
3036 1187 3147 1260 (80)
3181 1186 3307 1240 σκιὰ
3331 1183 3609 1256 εὐφραίνει
3643 1184 3676 1254 ἢ

2113 1292 2275 1344 λυπεῖ
2305 1333 2319 1356 ,
2363 1289 2552 1360 ἔχοντα
2585 1287 2645 1339 τὸ
2684 1283 3134 1353 ἀναγκαιότατον,
3171 1278 3305 1332 ἐπὰν
3337 1275 3684 1346 πεφωτισμέ-

2111 1405 2220 1451 νος,
2266 1386 2386 1456 ἦτοι
2426 1379 2782 1452 ἐστερημένος
2811 1377 2921 1447 (81)
3023 1375 3122 1444 τῆς
3159 1374 3336 1436 σκιᾶς,
3368 1370 3400 1442 ἦ
3433 1371 3612 1423 πλεῖον
3646 1371 3681 1442 ἦ

2114 1480 2327 1533 ἔλαττον
2353 1476 2453 1549 ἔχῃ
2477 1475 2578 1545 τῆς
2604 1473 2780 1536 σκιᾶς·
2808 1470 2979 1532 οὕτως
3024 1469 3091 1522 ἂν
3117 1468 3263 1537 παρῇ
3281 1467 3414 1536 ἡμῖν
3429 1463 3497 1516 τὰ
3524 1480 3687 1516 πνευ-

2119 1572 2341 1647 ματικὰ,
2375 1572 2465 1626 καὶ
2493 1565 2853 1639 φωτιζώμεθα
2874 1564 2980 1618 ὑπὸ
3008 1562 3101 1616 τοῦ
3122 1559 3256 1614 Θεοῦ
3284 1559 3417 1632 πρὸς
3431 1559 3529 1629 τὴν
3554 1573 3688 1611 παν-

2117 1668 2243 1739 τελῆ
2271 1666 2462 1736 κτῆσιν
2490 1662 2600 1716 τῶν
2629 1657 2895 1731 ἀληθινῶν
2919 1655 3159 1726 ἀγαθῶν,
3199 1654 3260 1706 ού
3297 1650 3687 1724 μικρολογήσο-

2123 1778 2220 1831 μεν
2252 1760 2379 1831 περὶ
2420 1753 2670 1816 εὐτελοῦς
2711 1751 3036 1823 πράγματος
3067 1745 3160 1801 τοῦ
3199 1744 3339 1799 κατὰ
3367 1743 3467 1813 τὴν
3508 1740 3685 1795 σκιάν.

2118 1853 2300 1907 Πάντα
2318 1851 2425 1924 γάρ
2455 1849 2522 1903 τὰ
2548 1843 2707 1902 ύλικά
2728 1845 2822 1897 καὶ
2849 1843 2918 1896 τά
2945 1839 3254 1913 σωματικὰ,
3287 1837 3448 1891 ὁποῖά
3474 1851 3603 1887 ποτε
3622 1833 3689 1886 ἂν

2114 1923 2572 2016 τυγχάνῃ,σκιᾶς
2625 1932 2895 2010 ἀμενηνοῦ
2933 1932 3027 1986 καὶ
3073 1926 3334 2002 ἀδρανοῦς
3367 1924 3479 1996 ἔχει
3509 1923 3689 1992 λόγον,

2116 2036 2368 2105 οὐδαμῶς
2405 2034 2677 2104 δυνάμενα
2723 2023 3165 2101 παραϐάλλεσθαι
3209 2020 3345 2092 πρὸς
3381 2017 3480 2081 τὰς
3519 2033 3693 2089 σωτη-

2125 2133 2270 2206 ρίους
2293 2130 2387 2184 τοῦ
2421 2124 2554 2182 Θεοῦ
2581 2124 2690 2179 τῶν
2713 2123 2850 2176 ὅλων
2871 2120 2964 2174 καὶ
2987 2117 3145 2187 ἁγίας
3167 2112 3392 2185 δωρεάς.
3416 2109 3552 2164 Ποία
3584 2109 3693 2178 γὰρ

2123 2223 2405 2294 σύγκρισις
2448 2213 2758 2288 σωματικοῦ
2797 2211 3026 2266 πλούτου
3081 2207 3216 2279 πρὸς
3252 2205 3342 2258 τὸν
3385 2203 3455 2256 ἐν
3507 2199 3687 2255 παντὶ

2120 2288 2278 2382 λόγω
2326 2309 2551 2368 πλοῦτον
2595 2305 2692 2359 καὶ
2720 2301 2885 2370 πάσῃ
2915 2299 3129 2368 σορίςκ
3162 2296 3259 2358 Τίς
3290 2295 3333 2348 δ’
3365 2293 3430 2347 ἂν
3459 2290 3569 2363 (82)

2127 2402 2446 2475 μαινόμενος
2464 2397 2764 2470 παραϐάλοι
2789 2392 2974 2463 ὑγείαν
2994 2387 3209 2462 σαρκῶν
3226 2386 3319 2440 καὶ
3339 2384 3539 2438 ὀστέων
3561 2381 3694 2452 πρὸς

2126 2497 2434 2566 ὑγιαίνοντα
2451 2492 2572 2547 νοῦν
2595 2491 2688 2545 καὶ
2714 2487 3031 2562 ἐρρωμένην
3049 2479 3223 2554 ψυχὴν
3242 2480 3335 2534 καὶ
3353 2478 3701 2549 συμμέτρους

2125 2585 2449 2658 λογισμούς;
2480 2585 2636 2640 ἅτινα
2662 2583 2836 2636 πάντα
2865 2579 3006 2649 λόγῳ
3037 2574 3131 2648 ρυθ
3143 2572 3406 2644 μιζόμενα
3427 2568 3586 2635 Θεοῦ,
3606 2568 3698 2620 εύ-

2125 2680 2253 2752 τελῆ
2290 2696 2410 2732 τινα
2449 2676 2686 2748 ἀμυχὴν,
2716 2673 2810 2727 καὶ
2838 2671 2891 2724 εἴ
2914 2688 2966 2723 τι
2995 2667 3212 2740 ἀμυχῆς
3256 2662 3591 2736 βραχύτερον
3623 2675 3702 2712 νο-

2132 2771 2380 2844 μίζομεν,
2411 2772 2553 2824 ποιεῖ
2579 2767 2648 2821 τὰ
2673 2763 2964 2836 σωματικά
2989 2761 3315 2831 παθήματα.
3366 2756 3425 2808 Ὁ
3451 2754 3506 2808 δὲ
3535 2768 3703 2806 κατα-

2131 2843 2328 2938 νοήσας
2353 2865 2405 2917 τί
2439 2862 2555 2916 ποτ’
2641 2861 2701 2914 τὸ
2728 2857 2923 2920 κάλλος
2951 2855 3051 2925 τῆς
3084 2845 3399 2923 νύμφης,ἦς
3423 2849 3450 2900 ὁ
3472 2843 3704 2938 νυμφίος

2132 2936 2303 3030 Λόγος
2337 2959 2411 3011 ὢν
2458 2957 2592 3011 Θεοῦ
2632 2955 2752 3026 ἐρᾷ,
2802 2951 2977 3022 ψυχῆς
3004 2943 3378 3016 τυγχανούσης
3430 2936 3707 3030 ἀνθούσης

2135 3050 2512 3124 ὑπερουρανίῳ
2545 3049 2637 3102 καὶ
2671 3041 3026 3116 ὑπερκοσμίῳ
3070 3037 3279 3099 κάλλει,
3331 3029 3708 3102 αἱδεσθήσεται

467 3153 639 3209 3W“,
663 3119 878 3208 animi”;
916 3142 1159 3212 inquam:
1189 3156 1254 3194 ex
1287 3139 1451 3210 226
1492 3137 1891 3208 Ρυιυίηῖῑυάίηθ
1933 3133 2030 3189 Πο-
2061 3173 2102 3228 c
2136 3119 2518 3214 transiit-attici?
2540 3134 2865 3210 όνόματιτοῦ
2895 3131 3122 3194 κάλλους
3146 3129 3373 3200 τιμῆσαι
3400 3119 3710 3194 σωματικὸν

469 3237 645 3292 rentis
695 3250 814 3306 quae
852 3244 907 3290 et
935 3234 1132 3290 caelum
1169 3243 1225 3288 et
1275 3231 1533 3285 mundum
1575 3229 1747 3298 ipsum
1798 3227 2030 3293 excedit,

468 3344 593 3386 eum
653 3328 880 3399 pudebit
920 3327 1109 3381 eodem
1140 3323 1564 3395 pulchritudinis
1593 3320 1814 3376 nomine
1840 3334 2032 3392 corpo-

469 3435 619 3478 ream
641 3433 839 3475 ornare
866 3418 1319 3489 pulchritudinem
1339 3417 1450 3470 sive
1474 3412 1715 3468 mulieris
1737 3413 1852 3467 sive
1881 3411 2036 3481 pueri

373 3525 377 3528 ‘
473 3529 569 3569 seu
610 3512 756 3581 viri;
791 3527 914 3567 cum
957 3525 1099 3565 verte
1155 3507 1570 3579 pulchritudinis
1629 3519 1758 3560 caro
1799 3519 1908 3560 non
1965 3503 2037 3558 sit

472 3621 668 3676 capax,
691 3604 785 3660 sed
817 3611 930 3660 tota
954 3604 1027 3657 sit
1051 3601 1342 3672 turpitudo.
1373 3597 1560 3655 Omnis
1589 3598 1732 3654 enim
1762 3611 1890 3652 caro
1928 3595 2036 3649 feni

472 3699 648 3754 instar
672 3707 778 3762 est,
810 3696 1034 3766 ejusque
1063 3694 1234 3764 gloria
1266 3708 1427 3764 quam
1461 3690 1634 3746 oculis
1682 3689 1904 3746 exhibet
1948 3687 2040 3742 illa

471 3803 596 3857 quae
638 3787 924 3841 mulierum
955 3794 1050 3839 aut
1097 3799 1385 3853 puerorunt
1441 3782 1641 3836 dicitur
1675 3778 2040 3850 pulchritudo,

475 3879 594 3933 ﬂeri
636 3887 986 3946 comparatur
1024 3876 1178 3944 juxta
1219 3877 1497 3946 prophetae
1522 3886 1827 3928 sermonem
1859 3871 2042 3925 dicen-

478 3974 549 4028 tis
592 3987 607 4026 :
646 3969 830 4025 Omnis
858 3986 981 4024 raro
1012 3969 1211 4038 fenum,
1239 3979 1284 4021 et
1315 3968 1481 4020 omnis
1532 3965 1702 4036 gloria
1749 3963 1862 4033 ejus
1897 3963 2046 4032 quasi

476 4065 576 4135 flos
611 4063 742 4134 feni.
783 4062 933 4114 Aruit
953 4061 1152 4130 fenum,
1181 4071 1226 4112 et
1256 4060 1352 4127 ﬂos
1384 4057 1607 4120 cecidit;
1638 4055 1846 4109 verbum
1873 4063 2048 4106 autem

478 4153 692 4209 Domini
714 4162 885 4206 manet
909 4154 963 4204 in
988 4151 1358 4220 sempiternum
1387 4148 1454 4202 ⁸³.
1483 4146 1615 4213 Quis
1638 4147 1803 4200 etiam
1848 4143 2046 4199 nobili-

483 4258 644 4302 tatem
681 4246 902 4316 proprie
933 4243 1146 4299 vocabit
1177 4258 1294 4296 eam
1322 4257 1444 4311 quae
1473 4239 1610 4295 solet
1636 4239 1776 4310 apud
1805 4237 2050 4293 homines

480 4341 742 4398 nobilitas
777 4339 908 4403 dici,
963 4340 1008 4392 si
1049 4338 1210 4390 modo
1263 4335 1498 4388 liliorntn
1561 4331 1652 4386 Dei
1710 4331 2050 4386 nobilitatem

481 4429 828 4503 cognoverit?
843 4428 1086 4497 Regnum
1105 4439 1285 4481 autem
1308 4426 1506 4482 Christi
1521 4428 1905 4480 inconcussum
1928 4437 2050 4476 cum

2139 3212 2332 3298 κάλλος
2356 3230 2668 3303 γυναικὸςῆ
2699 3226 2904 3290 παιδὸς,
2933 3224 2966 3297 ἦ
2997 3221 3187 3292 ἀνδρός
3221 3237 3234 3250 ·
3266 3218 3328 3271 τὸ
3359 3214 3468 3286 γὰρ
3506 3212 3711 3303 κῦρίως

2139 3326 2335 3389 κάλλος
2369 3299 2519 3394 ⁷σᾶιρξ
2569 3321 2629 3374 ού
2657 3299 2866 3390 χωρεῖ,
2926 3315 3077 3367 πᾶσα
3109 3309 3450 3379 τυγχάνουσα
3501 3299 3710 3374 αἶσχος.

2139 3421 2294 3474 Πᾶσα
2339 3415 2447 3489 γὰρ
2495 3412 2630 3486 σὰρξ
2674 3411 2749 3474 ὼς
2787 3409 2999 3481 χόρτος,
3031 3405 3123 3459 καὶ
3147 3399 3180 3468 ὴ
3203 3401 3329 3466 δόξα
3373 3397 3562 3468 αὐτῆς,
3593 3398 3713 3489 ἣτις

2139 3511 2285 3566 ἐστὶν
2310 3483 2685 3581 ἐμφαινομένη
2706 3501 2782 3574 τῷ
2808 3498 3083 3571 λεγομένῳ
3110 3493 3295 3548 κάλλει
3316 3494 3591 3581 γυναικῶν
3619 3483 3716 3539 καὶ

2142 3579 2389 3665 παιδίων,
2427 3598 2575 3654 ἄνθει
2621 3594 2764 3650 κατά
2801 3593 2891 3646 τὸν
2930 3585 3264 3661 προφητικὸν
3304 3579 3716 3655 παραϐέϐληται

2139 3696 2317 3765 λόγον,
2349 3693 2608 3761 λέγοντα·
2642 3687 2815 3742 Πᾶσα
2851 3682 3008 3751 σὰρξ
3039 3681 3114 3743 ὠς
3140 3678 3375 3748 χόρτος,
3417 3673 3515 3728 καὶ
3549 3671 3717 3765 στᾶσα

2143 3762 2291 3853 δόξα
2313 3784 2498 3853 αὐτῆς
2521 3786 2602 3849 ὡς
2633 3781 2814 3846 ἄνθος
2829 3779 3065 3848 χόρτου.
3097 3768 3425 3840 Ἐξηράνθη
3451 3770 3483 3821 d
3497 3762 3724 3831 χόρτος,

2145 3880 2242 3934 καὶ
2271 3878 2336 3931 τὸ
2366 3876 2547 3940 ἄνθος
2572 3871 2841 3936 ἐξέπεσε·
2881 3867 2946 3920 τὸ
2975 3866 3030 3919 δὲ
3044 3863 3211 3932 ῥῆμα
3237 3859 3342 3914 τοῦ
3371 3857 3592 3926 Κυρίου
3617 3853 3720 3924 μέ-

2144 3990 2234 4026 νει
2262 3971 2370 4043 (85)
2397 3971 2484 4034 είς
2511 3965 2618 4019 τὸν
2647 3961 2849 4016 αἰῶνα.
2889 3956 3048 4010 Ἀλλά
3083 3954 3175 4007 καὶ
3213 3950 3488 4020 εὐγένειαν
3521 3946 3606 4009 τίς
3642 3945 3722 3998 ἔτι

2149 4039 2359 4137 κυρίως.
2383 4060 2641 4131 ὀνομάσει
2661 4056 2758 4126 τὴν
2784 4049 3150 4124 τετριμμένην
3172 4041 3419 4112 λέγεσθαι
3453 4040 3606 4137 παρὰ
3638 4039 3722 4137 ἀν.

2148 4129 2404 4230 θρῶποις,
2435 4129 2632 4224 νοήσας
2665 4147 2939 4217 εὐγένειαν
2979 4141 3106 4196 υἱῶν
3129 4140 3296 4204 Θεοῦ;
3342 4133 3630 4190 Βασιλείαν
3666 4129 3721 4184 δὲ

2151 4225 2385 4323 Χριστοῦ
2416 4243 2804 4318 βασιλευόντων
2833 4237 3119 4309 θεωρήσας
3145 4232 3255 4302 (84)
3280 4233 3307 4285 ὁ
3335 4229 3478 4294 νοῦς,
3508 4225 3627 4289 πῶς
3659 4225 3718 4276 οὐ

2076 4407 2082 4414 ,
2151 4318 2570 4416 καταφρονήσει,
2601 4338 2675 4401 ὼς
2692 4333 2901 4395 οὐδενὸς
2916 4330 3072 4399 λόγου
3101 4326 3272 4391 ἀξίας,
3297 4324 3476 4393 πάσης
3502 4321 3605 4390 τῆς
3635 4318 3723 4371 ἐπὶ

2157 4441 2258 4511 γῆς
2288 4415 2592 4508 βασιλείας;
2629 4424 2897 4498 Στρατιάν
2933 4439 2993 4474 τε
3022 4418 3266 4489 ἀγγέλων
3301 4415 3397 4470 καὶ
3431 4415 3727 4484 ἀρχιστρα-

484 4522 844 4592 contemplata
893 4536 1047 4577 mens
1072 4521 1253 4585 fuerit,
1280 4518 1547 4588 quomodo
1581 4527 1852 4572 terrenum
1893 4532 2030 4571 omnt

2158 4508 2354 4604 τήγους
2391 4529 2449 4579 ὲν
2489 4525 2670 4586 αὐτοῖς
2697 4520 2978 4590 δυνάμεων
3008 4514 3212 4586 Κυρίου
3243 4508 3613 4583 ἀρχαγγέλους
3633 4523 3724 4568 τε,

487 4633 710 4688 regnum
737 4616 894 4685 quasi
919 4613 1119 4668 nullius
1151 4613 1308 4682 pretii
1337 4626 1441 4664 non
1478 4608 1898 4680 contempserit?
1921 4609 2050 4663 Item

487 4727 610 4768 cum
644 4711 955 4779 angelorum
981 4705 1231 4762 militiam
1254 4714 1307 4759 et
1331 4706 1385 4758 in
1411 4705 1492 4760 eis
1516 4705 1680 4758 duces
1713 4702 2052 4758 exercituum
2093 4768 2096 4771 _

489 4802 704 4858 Domini
738 4800 984 4868 angelos,
1039 4808 1094 4852 et
1147 4797 1390 4862 thronos,
1440 4806 1496 4850 et
1552 4795 1970 4858 dominationes,
2005 4804 2060 4850 et

491 4895 842 4964 principatus,
883 4907 948 4946 ac
997 4898 1292 4961 potestates
1323 4887 1756 4956 superctelestes,
1795 4895 2054 4955 quantum

490 4989 638 5059 capit
682 4985 856 5041 adhuc
899 4985 1078 5038 vincta
1111 4997 1340 5052 corpore
1383 4982 1620 5035 humana
1659 4995 1830 5042 mens,
1879 4995 2054 5049 quan.-

564 5157 611 5190 ”
646 5160 811 5217 lCor.
840 5177 876 5224 ι,
905 5159 961 5216 5.
1016 5155 1061 5188 ⁸⁵
1090 5153 1191 5211 Isa.
1234 5169 1320 5217 XL,
1351 5154 1403 5207 6.

563 5304 674 5376 (78)
713 5301 895 5356 Codex
947 5314 1074 5364 ms.,
1127 5295 1458 5368 προθέσεως.
1512 5290 1651 5346 Male
1685 5291 1814 5344 edit.
1855 5287 2059 5350 Oxon.,

491 5377 664 5436 προοή
676 5391 832 5436 σεως.

538 5377 832 5449 ροθήσεως.
1784 5429 1794 5438 _

566 5449 678 5516 (79)
720 5444 914 5516 Codex
935 5433 1620 5516 ms.,_é1:atxo).oueousaw°
1667 5430 1834 5485 editio
1887 5439 2064 5483 autem

494 5511 694 5578 Oxon.)
729 5511 1176 5568 ἐπακολουθοῦσι.

569 5569 693 5651 (soi
728 5585 850 5639 Τῶν
870 5583 1181 5653 σωμάτων.
1202 5577 1474 5653 Bentleius
1496 5575 1644 5644 legit,
1672 5571 1765 5653 τοῦ
1794 5569 2066 5653 σώματος.

723 5639 1211 5725 Πεφωτισμένος,
1247 5652 1400 5728 -ῆτοε
1451 5639 1889 5728 ἐστερημένος(
1929 5639 2069 5710 Lego

502 5713 627 5783 cuin
656 5713 918 5791 Bentleio,
938 5713 1352 5795 πεφωτισμένος
1457 5718 1555 5795 εἴτ’
1575 5713 1701 5795 Δέστε
1712 5713 1962 5795 ρημένος.
1983 5780 2005 5795 υ

576 5797 689 5865 (82)
730 5784 916 5852 Codex
943 5784 1070 5864 ιιιδί,
1091 5795 1173 5858 τίς
1195 5784 1249 5846 ’δ’
1284 5784 1534 5847 itm-litin.
1567 5784 1763 5852 Oxon},
1789 5784 1869 5847 τίς
1900 5784 1955 5834 δὲ
1981 5784 2064 5834 ἂν.

2161 4599 2255 4677 καὶ
2276 4619 2516 4691 θρόνους,
2544 4615 2637 4669 κω⁹
2668 4611 3010 4683 κυριότητας,
3034 4607 3128 4660 καὶ
3151 4603 3343 4676 ἀρχὰς,
3368 4602 3462 4655 καὶ
3480 4599 3724 4666 ἐξουσίας

2163 4708 2608 4784 ὑπερουρανίους,
2639 4705 2714 4768 ὡς
2741 4702 2952 4775 χωρεῐὸ
2976 4699 3055 4752 ἔτι
3084 4696 3366 4767 δεδεμένος
3405 4691 3614 4762 σώματι
3639 4691 3727 4743 ἀν-

2161 4780 2429 4878 θρώπινος
2466 4799 2620 4864 νοῦς,
2667 4796 2808 4850 κατά
2839 4794 2899 4847 τὸ
2942 4791 3162 4846 δυνατὸν
3207 4786 3417 4860 τρανῶς
3462 4783 3604 4869 ίδὼν,
3641 4780 3730 4835 καὶ

2156 4871 2498 4968 κατειληφὼς
2516 4889 2772 4947 δύνασθαι
2801 4887 3039 4957 ἰσοτίμου
3060 4881 3209 4954 παρὰ
3235 4878 3330 4933 τοῦ
3361 4876 3574 4948 Πατρὺς
3602 4871 3731 4968 ὲκεί-

2161 5006 2272 5052 νοις
2299 4962 2503 5056 τυχεῖν,
2533 4983 2650 5047 πῶς
2681 4982 2800 5052 οὐχὶ
2827 4979 2921 5032 καὶ
2947 4977 3103 5038 σκιᾶς
3144 4973 3256 5042 (85)
3287 4968 3670 5042 ἀδρανέστερος
3695 4962 3728 5033 ἢ

2239 5285 2350 5354 (85)
2389 5284 2567 5338 Codex
2609 5297 2734 5344 ms.,
2761 5279 2924 5354 μένει.
2959 5275 3328 5354 Edit._0_xon.,
3357 5272 3524 5354 μένοι.

2395 5337 2575 5411 Codex
2609 5337 2736 5412 ms.,
2761 5337 3044 5420 ’βασιλείαν
3061 5347 3134 5420 Αδὲ
3163 5337 3733 5420 Xptseo§__§act)_tao§v-

2173 5407 2286 5479 των
2309 5407 2605 5496 θεωρῆσας.
2638 5407 2814 5496 Editio
2833 5423 3030 5496 onn.,
3057 5407 3278 5496 βασιλέα
3295 5407 3623 5496 δεΧρνιστδν
3646 5407 3734 5496 ﬁtt-

2177 5477 2492 5550 σιλευόντξυν
2521 5477 2821 5561 θέωρήσας.
2860 5477 3147 5558 Lego-cum
3180 5477 3736 5561 lietttleiofﬁarrtﬁiav

2175 5570 2230 5621 δὲ
2263 5564 2496 5640 Χριστοῦ
2531 5541 3146 5640 ἁσὰλέ-υτόνθειιῗρτιμσας,
3175 5573 3241 5610 ex
3269 5541 3437 5640 ειεξιπὶ
3455 5541 3551 5633 in,
3576 5550 3664 5634 98τ

2713 5615 2769 5661 ί,
2959 5615 2970 5631 ι
3014 5615 3042 5638 ιι.
3108 5615 3144 5622 -ι
3513 5621 3537 5633 -
3658 5619 3669 5634 .

2247 5642 2359 5706 (εδ)
2400 5642 2530 5697 Πως
2575 5634 2709 5706 ουχὶ
2753 5633 2849 5687 καὶ
2898 5648 3100 5706 σκιας,
3137 5640 3240 5682 etc.
3266 5625 3429 5695 Lego,
3464 5639 3579 5685 πως
3620 5615 3737 5688 ουχὶ

2176 5699 2282 5766 κᾶν
2309 5699 2462 5772 sici;
2486 5699 2867 5776 ἁδρανέστερος
