3974 6160
351 269 463 328 ιἿδ

1561 265 1894 323 LIBELLUS
1926 265 2015 322 DE
2054 262 2423 322 ORATIONE.

3497 255 3605 312 474

349 391 452 445 καὶ
479 387 686 444 τούτων
731 388 841 444 τῶν
871 390 1022 463 παρὰ
1059 391 1171 453 τοῖς
1213 390 1460 462 ἀνοήτοις
1500 389 1923 463 θαυμαζομένων

2028 397 2250 461 tumque
2278 388 2394 443 fieri
2424 393 2620 453 potest,
2647 383 2860 455 penitus
2887 377 3222 450 inspexerit;
3244 375 3605 432 intellexerit-

349 483 432 547 ὡς
458 481 858 553 ἁμαυροτάτων
887 483 982 536 καὶ
1015 479 1229 544 οὐδενὸς
1255 481 1415 550 λόγου
1442 480 1608 548 ἀξίων
1645 481 1928 553 συγκρίσει

347 574 734 646 καταφρονῶν,
779 574 881 630 κᾶν
927 574 1142 629 διδῶται
1173 574 1346 629 ταῦτα
1371 573 1566 639 πάντα,
1601 572 1929 647 ὑπερόψεται

344 665 497 740 ὑπὲρ
538 665 633 720 τοῦ
664 665 774 721 τῶν
808 667 1074 740 ἀληθινῶν
1109 669 1290 741 ἀρχῶν
1315 668 1410 722 καὶ
1449 664 1736 736 θειοτέρων
1778 664 1929 729 ἐξου-

346 756 489 811 σιῶν
536 757 613 828 μὴ
658 757 984 828 ἀποτυχεῖν;
1025 758 1260 812 Εὐκτέον
1293 756 1497 816 τοίνυν,
1551 754 1771 807 εὐκτέον
1801 755 1930 826 περὶ

342 847 460 900 τῶν
491 847 921 918 προηγουμένων
939 887 954 912 ,
995 847 1091 900 καὶ
1129 847 1343 920 ἀληθῶς
1372 845 1620 918 μεγάλων
1648 845 1742 898 καὶ
1770 845 1932 896 ἐπου-

347 938 581 1013 ρανίων·
613 939 708 992 καὶ
731 938 800 992 τὰ
827 939 954 1011 περὶ
980 938 1090 994 τῶν
1121 937 1597 994 ἐπακολουθουσῶν
1630 936 1796 990 σκιῶν
1817 937 1931 999 τοῖς

344 1031 794 1103 προηγουμένοις
819 1031 936 1104 Θεῷ
965 1032 1339 1106 ἐπιτρεπτέον,
1377 1032 1454 1104 τῷ
1495 1029 1835 1100 ἐπισταμένῳ
1856 1021 1930 1082 ὧν

341 1124 540 1197 χρείαν
573 1125 664 1179 διὰ
685 1125 745 1179 τὸ
777 1125 1037 1199 ἐπίκηρον
1066 1125 1228 1198 σῶμα
1266 1125 1482 1197 ἔχομεν,
1530 1123 1636 1195 πρὸ
1661 1120 1755 1174 τοῦ
1782 1121 1930 1192 ἡμᾶς

338 1215 572 1287 αἰτῆσαι
607 1216 787 1272 αὐτόν.

2032 496 2139 552 que
2188 494 2344 550 aequo
2391 493 2450 532 se
2484 485 2646 545 atque
2700 474 2775 528 illi
2814 473 3018 528 honore
3064 469 3204 540 apud
3261 468 3429 522 Deum
3477 481 3598 521 esse

2031 587 2217 643 posse;
2245 569 2532 641 quomodo,
2559 569 2682 622 licet
2708 565 2894 620 umbra
2914 562 3179 618 infirmior
3205 559 3293 621 sit,
3315 571 3601 626 compara-

2035 663 2181 717 tione
2223 677 2346 717 cum
2375 660 2480 716 illis
2515 660 2785 722 instituta,
2824 670 2930 710 non
2973 655 3137 711 etiam
3171 654 3284 708 haec
3309 665 3428 722 quae
3456 649 3598 718 apud

2032 752 2226 806 stultos
2257 753 2310 806 in
2357 750 2718 804 admiratione
2755 756 2905 812 sunt,
2961 761 3061 801 ceu
3110 741 3504 801 obscurissima
3543 747 3592 791 et

2035 843 2235 897 nullius
2261 843 2417 912 pretii
2447 843 2519 896 ita
2553 849 2888 905 contemnet,
2921 847 2978 894 ut
3007 838 3109 894 etsi
3139 837 3334 893 dentur
3363 833 3453 889 illa
3479 846 3596 886 om-

2031 934 2143 1000 nia,
2176 933 2439 1004 negligat,
2475 949 2542 987 ne
2568 947 2727 988 veros
2769 933 3105 1002 principatus
3144 930 3469 997 divinasque
3504 937 3600 994 pn-

2031 1036 2254 1081 testates
2285 1041 2390 1080 nou
2415 1026 2788 1095 adipiscatur?
2815 1025 3089 1081 Orandum
3118 1022 3304 1092 igitur,
3329 1017 3596 1074 orandqu

2027 1127 2109 1173 est
2131 1134 2226 1188 pro
2256 1117 2322 1172 iis
2350 1133 2472 1187 quae
2511 1119 2778 1189 praecipua
2800 1127 2857 1172 et
2881 1131 3009 1171 vere
3030 1129 3221 1184 magna
3252 1121 3378 1167 sunt
3406 1120 3460 1164 et
3481 1121 3598 1163 cce-

2028 1209 2181 1265 lestia
2205 1226 2220 1276 ;
2242 1211 2383 1279 quod
2410 1219 2590 1264 autem
2619 1211 2685 1264 ad
2719 1208 2941 1262 umbras
2971 1206 3167 1262 attinet
3189 1219 3307 1273 quae
3334 1200 3600 1273 praicipua

339 1309 431 1364 illa
466 1322 897 1381 consequentur,
936 1312 1028 1368 Dei
1060 1311 1286 1368 arbitrio
1334 1311 1766 1383 relinquendum.
1797 1306 1904 1363 Scit
1955 1309 2091 1361 enim
2124 1306 2219 1361 ille
2253 1307 2376 1370 quid
2409 1315 2630 1376 propter
2666 1303 2894 1359 mortale
2922 1315 3120 1372 corpus
3167 1315 3295 1369 opus
3341 1297 3409 1351 sit
3453 1293 3600 1350 nobis

337 1415 642 1475 antequam
664 1420 904 1478 petamus
936 1426 1051 1462 eum
1079 1408 1146 1464 ⁸⁸.

410 1501 724 1574 Αὐτάρκως
736 1501 798 1575 δὴ
816 1504 873 1558 ἐν
889 1502 1125 1569 τούτοις,
1156 1503 1300 1558 κατὰ
1317 1503 1416 1576 τὴν
1441 1502 1732 1574 δεδομένην
1749 1505 1930 1572 χάριν,

337 1595 418 1660 ὡς
458 1599 867 1671 κεχωρήκαμεν
891 1599 994 1653 ὑπὸ
1021 1598 1156 1653 Θεοῦ
1189 1598 1299 1666 (86)
1329 1599 1417 1653 διὰ
1446 1597 1536 1653 τοῦ
1562 1598 1794 1671 Χριστοῦ
1839 1599 1933 1650 αὐ-

335 1685 434 1739 τοῦ
463 1685 613 1756 (ἀλλ’
645 1689 754 1742 εἴθε
791 1689 887 1742 καὶ
918 1692 973 1744 ἐν
1005 1689 1144 1760 ἁγίῳ
1176 1687 1480 1759 Πνεύματι,
1505 1691 1638 1762 ὅπερ
1679 1691 1727 1743 εἱ
1755 1687 1926 1753 οὕτως

336 1775 479 1848 ἔχει,
512 1781 756 1850 κρινεῖτε
788 1780 1202 1851 ἐντυγχάνοντες
1232 1783 1298 1852 τῇ
1336 1785 1570 1853 γραφῇ),
1614 1783 1747 1853 ἡμῖν
1779 1783 1928 1853 εἰρη-

340 1871 536 1944 μένοις
561 1870 912 1938 ἐξετάσαντες
940 1873 1002 1926 τὸ
1027 1874 1156 1947 περὶ¹
1185 1875 1347 1947 εὐχῆς
1368 1874 1677 1947 πρόϐλημα,
1703 1873 1804 1947 ἤδη
1833 1873 1928 1928 καὶ

335 1963 436 2016 ἐπὶ
464 1961 566 2015 τὸν
590 1962 719 2032 ἐξῆς
743 1959 904 2017 ἆθλον
930 1964 1041 2036 (87)
1076 1965 1430 2038 ἐλευσόμεθα,
1461 1967 1558 2038 τὴν
1593 1967 1927 2039 ὑπογραφεῖ-

338 2071 444 2107 σαν
470 2053 583 2108 ὑπὸ
603 2053 694 2107 τοῦ
720 2055 922 2127 Κυρίου
952 2057 1258 2128 προσευχὴν
1281 2058 1413 2128 ὅσης
1433 2057 1711 2127 δυνάμεως
1727 2056 1928 2127 πεπλή-

341 2163 522 2218 ρωται
559 2145 829 2218 θεωρῆσαι
850 2146 1180 2218 βουλόμενοι.
1206 2149 1315 2202 Καὶ
1346 2147 1453 2220 πρὸ
1481 2148 1693 2201 πάντων
1726 2163 1790 2215 γε
1824 2161 1926 2200 πα-

341 2243 712 2314 ρατηρητέον,
736 2244 870 2298 ἵκει-ὁ
893 2245 1173 2310 Ματθαῖος
1205 2246 1299 2299 καὶ
1335 2246 1363 2297 ὁ
1389 2245 1603 2306 Λουκᾶς
1627 2242 1836 2309 δόξαιεν
1858 2239 1926 2294 ἂν

337 2337 460 2398 τοῖς
491 2334 708 2399 πολλοῖς
748 2335 847 2408 τὴν
887 2336 1057 2408 αὐτὴν
1087 2335 1524 2408 ἀναγεγραφέναι
1571 2335 1923 2388 ὐποτετυπω-

345 2427 526 2499 μένην
555 2427 690 2500 πρὸς
717 2428 779 2482 τὸ
809 2429 918 2482 δεῖν
950 2427 1120 2493 οὕτως
1159 2427 1560 2500 προσεύχεσθαι
1597 2425 1922 2498 προσευχήν.

347 2518 668 2586 Ἔχουσιδέ
703 2519 758 2570 αἱ
783 2517 958 2583 λέξεις
1005 2519 1097 2572 τοῦ
1144 2519 1242 2590 μέν
1280 2518 1560 2573 Ματθαίου
1605 2517 1697 2571 τὸν
1726 2517 1927 2589 τρόπον

339 2605 567 2672 τοῦτονσ
597 2605 787 2675 Πάτερ
835 2607 1004 2677 ήμῶν
1057 2611 1091 2661 ὁ
1126 2608 1196 2662 ἐν
1246 2608 1367 2675 τοῖς
1401 2606 1710 2675 οὐρανοῖς,
1762 2609 1926 2676 ἁγια-

343 2696 559 2764 σθήτω
589 2698 655 2751 τὸ
689 2698 876 2770 ὄνομα
913 2716 1063 2766 σου,
1105 2699 1322 2755 ἐλθέτω
1357 2702 1396 2768 ἡ
1445 2699 1734 2764 ,βασιλεία
1787 2714 1924 2753 σου’

341 2789 661 2860 γενηθήτω
687 2793 752 2846 τὸ
783 2792 1013 2862 θέλημά
1049 2808 1165 2848 σου
1199 2793 1279 2860 ὡς
1305 2793 1374 2846 ἐν
1410 2791 1640 2861 οὐρανῷ
1689 2793 1786 2845 καὶ
1829 2792 1928 2846 ἐπὶ

340 2881 463 2951 τῆς
522 2881 632 2953 τῆς
659 2899 672 2915 ·
709 2883 821 2938 Τὸν
861 2883 1045 2952 ἄρτον
1091 2884 1262 2954 ἡμῶν
1308 2884 1416 2938 τὸν
1473 2886 1782 2940 ἐπιούσιον
1823 2884 1926 2952 δὸς

340 2974 499 3044 ἡμῖν
560 2975 858 3044 σήμερον-ο
931 2977 1029 3031 καὶ
1096 2977 1248 3047 ἄφες
1310 2979 1455 3048 ἡμῖν
1521 2977 1595 3032 τὰ
1671 2976 1911 3047 ὀφειλή-

2101 1492 2191 1547 18.
2238 1490 2355 1548 Jam
2387 1507 2514 1547 vero
2537 1506 2656 1546 cum
2691 1491 2742 1544 in
2772 1489 2838 1544 iis
2873 1503 2994 1558 quae
3023 1486 3281 1548 diximus,
3312 1482 3464 1552 juxta
3503 1483 3602 1538 da-

2034 1592 2142 1638 tam
2188 1584 2422 1652 gratiam
2475 1591 2736 1653 quantum
2774 1594 2970 1650 capere
3000 1578 3273 1648 potuimus
3300 1592 3328 1630 a
3361 1575 3470 1630 Deo
3504 1591 3601 1644 per

2033 1674 2308 1729 Christum
2348 1675 2464 1744 ejus
2502 1673 2734 1746 (utinam
2774 1680 2830 1726 et
2862 1671 2913 1724 in
2951 1668 3160 1737 Spiritu
3200 1673 3424 1721 sancto:
3454 1665 3598 1734 quod

2028 1783 2094 1821 an
2125 1768 2202 1821 ita
2241 1783 2300 1822 se
2347 1766 2566 1832 habeat,
2597 1765 2681 1820 his
2730 1763 2987 1833 perlectis
3019 1757 3393 1831 judicahitis),
3438 1754 3596 1811 suffi-

2024 1861 2233 1917 cienter
2260 1860 2527 1914 orationis
2561 1866 2939 1929 argumentum
2971 1853 3414 1924 expenderimus,
3453 1865 3597 1905 nunc

2027 1952 2092 2006 ad
2132 1960 2452 2022 sequentem
2482 1951 2829 2020 acciugemur
2871 1949 3135 2012 laborem,
3158 1945 3599 2016 descriptamque

2025 2061 2056 2100 a
2081 2045 2311 2100 Domino
2343 2043 2645 2099 orationem
2681 2049 2883 2114 quanta
2909 2042 3109 2096 virtute
3135 2039 3289 2111 plena
3317 2038 3389 2093 sit
3411 2035 3589 2093 consi-

2026 2137 2358 2192 derabimus.
2377 2138 2553 2206 Atque
2569 2135 2698 2189 illud
2721 2144 2850 2190 ante
2871 2134 3051 2188 omnia
3069 2130 3465 2187 observandum
3490 2137 3595 2194 est,

2027 2227 2337 2283 Matthmum
2357 2238 2410 2282 et
2427 2227 2630 2282 Lucam
2652 2225 2924 2297 plerisque
2943 2223 3116 2278 visunt
3135 2221 3198 2277 iri
3217 2223 3461 2276 eamdem
3478 2235 3598 2275 ora-

2029 2319 2192 2374 tionis
2212 2317 2442 2373 formam
2465 2317 2816 2386 descripsisse
2832 2332 2860 2369 a
2880 2313 3035 2370 nobis
3051 2313 3402 2384 sequendam.
3419 2312 3593 2368 Verba

2027 2425 2206 2467 autem
2221 2421 2366 2478 sunt,
2382 2409 2618 2464 Matthaai
2635 2410 2851 2480 quidem
2872 2407 3175 2478 huiusmodi
3196 2422 3206 2455 :
3227 2405 3389 2460 Pater
3399 2415 3594 2468 noster,

2025 2504 2182 2574 quies
2205 2503 2260 2558 in
2277 2502 2438 2567 cwlts,
2457 2503 2811 2570 sanctiﬁcetur
2842 2516 3026 2554 nomen
3053 2509 3221 2563 tuum,
3247 2498 3489 2552 adveniat
3511 2512 3595 2550 re-

2026 2611 2186 2666 gnum
2244 2601 2414 2660 tuum,
2460 2595 2552 2663 ﬁat
2590 2594 2830 2648 uoluntas
2865 2603 2978 2657 tua,
3021 2593 3160 2647 sicut
3211 2593 3266 2647 in
3308 2592 3434 2647 caelo
3459 2603 3505 2648 et
3542 2593 3597 2648 in

2027 2699 2188 2742 terra.
2216 2686 2416 2740 Panem
2449 2697 2688 2740 nostrum
2740 2686 3302 2755 supersubstantialem
3347 2688 3415 2740 da
3449 2686 3594 2739 nobis

2028 2779 2200 2834 hodie.
2232 2779 2300 2832 Et
2328 2780 2534 2833 dimitte
2555 2779 2714 2850 227
2751 2781 2896 2834 nobis
2929 2781 3106 2835 debita
3139 2791 3340 2843 nostra,
3377 2779 3508 2833 sicut
3547 2787 3597 2832 et

2028 2888 2121 2925 nos
2154 2871 2476 2925 dimittimus
2513 2872 2843 2927 debitoribus
2872 2874 3069 2927 nostris
3094 2887 3113 2925 :
3140 2883 3188 2927 et
3217 2889 3281 2927 ne
3309 2889 3402 2926 nos
3432 2871 3596 2925 indu-

2024 2978 2116 3014 cas
2155 2962 2211 3016 in
2242 2964 2602 3027 tentationem,
2629 2964 2720 3017 sed
2767 2963 2932 3018 libera
2982 2981 3076 3018 nos
3121 2981 3152 3018 a
3187 2963 3408 3018 malo“.
3433 2961 3595 3017 Luca:

339 3083 508 3137 ματα
571 3066 775 3137 ἡμῶν,
842 3069 925 3135 ὡς
987 3068 1085 3123 καὶ
1169 3069 1342 3140 ἡμεῖς
1425 3069 1741 3140 ἀφήκαμεν
1797 3068 1922 3134 τοῖς

2028 3063 2205 3108 autem
2231 3053 2332 3108 ista
2361 3072 2374 3105 :
2409 3052 2587 3120 Pater,
2616 3055 2979 3124 sanctiﬁcetur
3007 3071 3194 3109 nomen
3225 3064 3409 3119 tuum;
3436 3055 3595 3108 adve-

345 3159 690 3228 ὀφειλέταις
768 3161 937 3230 ἡμῶν
973 3179 987 3192 ο
1047 3161 1145 3216 καὶ
1209 3162 1294 3232 μὴ
1368 3161 1714 3233 εὶσενέπηιῃς
1768 3160 1927 3232 ’ἡμᾶς

343 3252 439 3317 εις
512 3252 886 3322 πειρασμὸν,
957 3254 1119 3309 ἀλλὰ
1166 3255 1354 3324 ῥῦσαι
1420 3253 1578 3324 ’ἡμᾶς
1642 3253 1762 3309 ἀπὸ
1816 3254 1925 3308 τοῦ

348 3341 655 3410 πονηροῦ·
691 3341 787 3396 τοῦ
837 3343 893 3396 δὲ
926 3345 1108 3398 Λουκᾶ
1139 3344 1312 3409 οὕτως
1332 3363 1344 3375 ·
1381 3344 1590 3413 Πάτερ,
1636 3344 1925 3415 ἁγιασθή-

345 3449 430 3486 τω
594 3435 662 3490 τὸ
693 3435 879 3507 ὄνομά
901 3452 1036 3502 σου,
1054 3439 1271 3495 ἐλθέτω
1288 3443 1326 3508 ’ἡ
1337 3440 1626 3505 βασιλεία
1639 3457 1773 3494 σου,
1814 3438 1926 3493 Τὸν

344 3525 713 3598 ἅρτονήμῶν
730 3528 836 3584 τὸν
857 3531 1165 3586 ἐπιούσιον
1189 3532 1357 3588 δίδου
1382 3533 1526 3603 ἡμῖν
1548 3531 1614 3586 τὸ
1633 3533 1761 3587 καθ’
1787 3531 1926 3600 ἡμέ-

337 3633 481 3684 ρανο
501 3619 758 3688 καὶᾶρες
777 3621 920 3691 ἡμῖν
937 3621 1044 3688 τὰς
1065 3622 1352 3693 ἁμαρτίας
1368 3623 1553 3694 ἡμῶνο
1574 3625 1672 3678 καὶ
1699 3623 1807 3693 γὰρ
1821 3625 1926 3678 αὐ-

341 3711 431 3764 τοὶ
451 3711 704 3781 ἀφίεμεν
729 3716 905 3769 παντὶ
927 3715 1008 3782 τῷ
1026 3717 1327 3786 ὀφείλοντι
1359 3716 1522 3787 ’ἡμῖν’
1547 3714 1644 3770 καὶ
1663 3715 1748 3786 μὴ
1765 3718 1921 3770 εἰσε-

341 3802 574 3873 νέγκῃς
605 3804 762 3874 ἡμᾶς
797 3809 884 3873 εἱς
920 3811 1272 3878 πειρασμόν.
1301 3809 1532 3863 Λεκτέον
1559 3809 1615 3863 δὲ
1638 3809 1774 3883 πρὸς
1797 3811 1924 3873 τοὺς

341 3893 519 3961 οὕτως
541 3895 1042 3969 ὑπολαμϐάνοντας,
1083 3901 1164 3954 ὅτι
1199 3901 1414 3973 πρῶτον
1442 3903 1539 3974 μὲν
1574 3901 1643 3955 τὰ
1680 3903 1920 3974 ῥήματα,

343 3988 392 4041 εξ
414 3989 514 4042 καὶ
535 3989 850 4058 γειτνιῶντά
873 4008 996 4044 τινα
1016 3990 1126 4062 ἔχει
1157 3991 1404 4063 ἀλλήλοις
1424 4035 1438 4059 ,
1466 3993 1601 4048 ἀλλὰ
1627 3997 1722 4049 καὶ
1749 3996 1806 4049 ἐν
1831 3995 1922 4050 ἄλ-

343 4078 455 4145 λοις
480 4080 762 4152 διαφέρειν
807 4081 1071 4151 φαίνεται,
1098 4083 1173 4147 ὡς
1204 4084 1535 4155 ἐρευνῶντες
1566 4085 1705 4140 αὐτὰ
1739 4105 1918 4160 παρα-

343 4171 650 4242 στήσομεν·
687 4170 936 4244 δεύτερον
969 4173 1026 4226 δὲ
1059 4175 1139 4227 ὅτι
1165 4175 1263 4245 οὐχ
1297 4169 1406 4228 οἷόν
1447 4176 1509 4230 τέ
1548 4177 1663 4230 ἐστι
1693 4179 1792 4250 τὴν
1826 4181 1921 4232 αὐ-

340 4259 438 4332 τὴν
465 4259 777 4333 προσευχὴν
809 4263 903 4315 καὶ
934 4261 1004 4316 ἐν
1033 4261 1115 4328 τῷ
1143 4262 1264 4331 ὄρει
1303 4262 1586 4332 λέγεσθαι·
1623 4264 1750 4317 ἔνθα
1781 4264 1920 4319 ἰδὼν

343 4350 484 4418 τοὺς
513 4350 736 4420 ὄχλους
755 4351 955 4420 ἀνέϐη,
985 4352 1471 4420 ὃτε,καθι’σαντος
1500 4353 1706 4417 αὐτοῦ,
1735 4371 1919 4424 προσ-

342 4438 538 4509 ῆλθον
585 4443 747 4509 αὐτῷ
787 4447 842 4499 οὶ
879 4444 1138 4513 μαθηταὶ
1175 4445 1383 4511 αὐτοῦ,
1428 4445 1527 4500 καὶ
1569 4447 1819 4515 ἀνοίξας
1849 4449 1914 4502 τὸ
1948 4427 1992 4482 θ

341 4538 540 4607 στόμα
581 4538 767 4592 αὑτοῦ
809 4538 1128 4593 ἐδίδασκεν
1175 4539 1254 4609 (ἐν
1300 4540 1409 4612 γὰρ
1451 4540 1528 4612 τῷ
1571 4541 1748 4614 εἱρμῷ
1816 4543 1916 4614 τῆς

345 4629 472 4700 περὶ
504 4628 612 4682 τῶν
647 4630 1010 4702 μακαρισμῶν
1040 4629 1395 4700 ἀπαγγελίας,
1422 4633 1514 4686 καῖ¹
1543 4632 1651 4696 τῶν
1689 4633 1814 4706 ἐξῆς
1840 4635 1918 4688 ἐν·

345 4719 534 4786 τολῶν,
560 4722 714 4795 παρὰ
749 4722 827 4794 τῷ
868 4722 1132 4796 Ματθαίῳ
1164 4723 1302 4798 αὐτη
1330 4725 1795 4799 ἀναγεγραμμένη
1821 4727 1913 4780 εὐ-

355 4808 648 4886 ρίσκεται),
690 4815 785 4869 καὶ
822 4815 893 4870 ἐν
934 4815 1013 4882 τῷ
1054 4812 1207 4870 εἶναι
1245 4816 1432 4871 αὑτὸν
1477 4817 1547 4871 ἐν
1586 4819 1748 4886 τόπῳ
1793 4817 1912 4874 τινὶ
1960 4875 1966 4882 _

351 4909 851 4978 προσευχόμενον,
884 4910 963 4976 ὡς
992 4909 1318 4974 ἐπαύσατο,
1352 4911 1600 4984 εἰρῆσθαι
1625 4911 1762 4984 πρός
1791 4929 1912 4967 τινα

351 4993 455 5048 τῶν
499 4998 770 5071 μαθητῶν,
817 5002 1121 5068 ἀξιώσαντα
1157 5003 1471 5075 διδαχθῆναι
1492 5005 1907 5077 προσεύχεσθαι,

347 5085 428 5154 ὡς
455 5090 552 5144 καὶ
593 5091 859 5164 Ἰωάννης
907 5095 1187 5151 ἐδίδασκε
1239 5095 1381 5162 τοὺς
1407 5097 1674 5166 μαθητὰς
1698 5098 1906 5153 αὑτοῦ.

346 5177 470 5247 Πῶς
508 5183 616 5261 γὰρ
652 5186 922 5260 ἐνδέχεται
948 5189 1059 5262 (89)
1091 5189 1218 5253 τοὺς
1257 5189 1456 5254 αὐτοὺς
1503 5188 1692 5259 λόγους
1742 5194 1911 5264 χωρὶς

2029 3149 2138 3200 niat
2167 3162 2384 3216 regnum
2417 3158 2585 3201 tuum.
2621 3148 2822 3201 Panem
2847 3157 3084 3201 nostrum
3107 3146 3596 3217 supersubstantia-

2026 3240 2126 3292 lem
2148 3239 2216 3291 da
2243 3238 2392 3292 nobis
2439 3237 2614 3302 hodie,
2642 3247 2690 3292 et
2718 3237 2921 3292 dimitte
2948 3238 3094 3292 nobis
3133 3248 3350 3305 peccata
3386 3248 3594 3304 nostra,

2025 3332 2070 3386 si
2096 3332 2308 3400 quidem
2348 3340 2396 3385 et
2431 3331 2532 3400 ipsi
2563 3331 2876 3385 dimittimus
2921 3332 3064 3385 omni
3098 3331 3304 3386 debenti
3351 3332 3518 3394 nobis,
3543 3343 3594 3385 et

2027 3441 2088 3478 ne
2114 3440 2207 3477 nos
2251 3423 2472 3477 inducas
2509 3423 2565 3477 in
2609 3426 3032 3481 tentationem".
3060 3427 3116 3481 ld
3159 3426 3254 3495 qui
3297 3425 3591 3494 suspican-

2027 3525 2134 3579 tur,
2185 3516 2252 3570 iis
2289 3516 2597 3581 dicendum,
2645 3516 2879 3586 primum
2929 3517 3116 3583 verba,
3169 3519 3296 3572 licet
3341 3518 3592 3586 quazdam

2027 3607 2168 3660 inter
2207 3622 2266 3662 se
2305 3608 2503 3663 similia
2542 3609 2801 3674 habeant,
2837 3609 2892 3663 iu
2941 3608 3128 3663 multis
3169 3609 3381 3662 diversa
3429 3624 3594 3678 appao

2029 3715 2169 3763 rere,
2197 3712 2256 3753 ut
2294 3714 2356 3755 ea
2402 3700 2734 3770 perscrutati
2794 3701 3178 3766 ostendemus;
3218 3701 3419 3756 deinde
3475 3702 3590 3755 fieri

2026 3809 2132 3846 non
2165 3807 2327 3862 posse
2369 3803 2426 3847 ut
2475 3794 2664 3848 eadem
2693 3793 2872 3847 oratio
2906 3793 3049 3847 dicta
3077 3793 3147 3847 sit
3176 3794 3229 3846 in
3257 3805 3454 3858 monte,
3482 3810 3592 3864 quo

2023 3885 2200 3939 ridens
2217 3886 2404 3940 turbas
2431 3886 2690 3952 ascendit,
2711 3885 2928 3954 quando
2951 3901 3066 3940 cum
3091 3887 3328 3954 sedisset,
3353 3904 3591 3943 accesse-

2024 3987 2144 4032 runt
2176 3981 2246 4032 ad
2280 3995 2398 4032 eum
2433 3978 2684 4048 discipuli
2714 3980 2852 4048 ejus,
2881 3989 2930 4033 et
2953 3979 3191 4046 aperiens
3222 3996 3282 4034 os
3309 3997 3464 4034 suum
3495 3982 3593 4034 do-

2021 4071 2226 4126 cebat“
2255 4071 2332 4143 (in
2373 4088 2435 4128 ea
2472 4073 2617 4128 enim
2675 4074 2943 4128 sermonis
2973 4073 3118 4128 serie
3153 4087 3259 4142 qua
3297 4073 3592 4128 beatitudi-

2021 4181 2117 4219 nes
2165 4165 2564 4220 auuuntiautur
2612 4173 2666 4219 et
2706 4167 2988 4236 sequentia
3040 4165 3243 4220 dantur
3288 4175 3588 4235 praecepta,

2020 4258 2223 4325 scripta
2247 4257 2385 4325 apud
2410 4256 2718 4311 Matthaeum
2747 4257 2836 4312 illa
2864 4256 3191 4326 reperitur);
3233 4267 3292 4311 et
3312 4275 3428 4312 cum
3455 4266 3590 4312 esset

2019 4351 2073 4403 in
2094 4350 2322 4420 quodam
2351 4349 2464 4404 loco
2495 4366 2673 4413 orans,
2709 4359 2765 4403 ut
2791 4349 3028 4413 cessavit,
3061 4349 3205 4404 dicta
3233 4349 3306 4404 sit
3333 4349 3397 4402 ad
3425 4365 3590 4410 unum

2021 4455 2086 4496 ex
2125 4440 2405 4510 discipulis
2434 4441 2576 4509 ejus,
2611 4442 2702 4511 qui
2748 4457 2908 4496 orare
2958 4441 3143 4496 doceri
3189 4441 3420 4512 petierat
3453 4443 3588 4497 sicut

2021 4545 2069 4588 et
2118 4533 2356 4590 Joannes
2417 4534 2638 4590 docebat
2691 4534 2980 4598 discipulos
3041 4534 3248 4592 suos“.
3289 4534 3391 4602 Qui
3442 4535 3588 4591 enim

2023 4627 2138 4683 fieri
2171 4636 2372 4700 potest,
2406 4637 2465 4682 ut
2496 4628 2660 4683 iidem
2685 4644 2968 4684 sermones
3009 4629 3154 4684 nulla
3184 4630 3384 4700 praevia
3422 4629 3589 4684 inter-

2023 4721 2306 4793 rogatione
2349 4721 2666 4777 coutiuuata
2709 4721 2851 4776 serie
2902 4723 3172 4788 dicantur,
3218 4734 3273 4776 et
3311 4722 3378 4776 ad
3427 4723 3588 4778 unius

2017 4816 2332 4886 petitionem
2375 4815 2622 4885 discipuli
2656 4813 3044 4885 proferantur?
3082 4815 3189 4870 Sed
3213 4815 3416 4871 dixerit
3441 4815 3587 4871 forte

2018 4910 2291 4980 quispiam
2339 4909 2482 4964 idem
2532 4910 2843 4978 signiﬁcare
2883 4924 3077 4979 preces
3123 4910 3264 4978 illas,
3301 4911 3582 4982 dictasque

2017 5017 2138 5059 esse
2175 5014 2235 5058 ut
2271 5019 2434 5058 unam
2473 5012 2583 5058 tum
2619 5005 2674 5058 in
2713 5004 2995 5074 prolixiori
3043 5019 3316 5070 sermone,
3357 5013 3467 5060 tum
3513 5004 3582 5060 ad

2018 5111 2182 5148 unum
2215 5109 2246 5149 e
2275 5095 2558 5165 discipulis
2595 5095 2646 5149 id
2698 5099 3087 5168 requirentem,
3124 5108 3252 5166 puta
3292 5097 3437 5168 quod
3468 5111 3580 5151 non

2018 5187 2266 5244 affuisset
2315 5203 2435 5242 cum
2473 5190 2613 5244 dicta
2639 5199 2766 5246 sunt
2797 5208 2917 5262 quae
2946 5191 3130 5248 retulit
3159 5191 3466 5256 Matthaeus,
3492 5199 3585 5244 aut

412 5386 674 5444 “Matth.
715 5405 803 5458 νι,
840 5389 897 5445 8.
969 5390 1016 5423 ιε
1054 5388 1210 5456 una,
1269 5389 1452 5457 9,10.
1528 5390 1923 5458 "Luc.xr,2.

2028 5395 2048 5425 ⁸
2075 5392 2264 5448 Mullh.
2301 5409 2355 5459 ν,
2393 5393 2444 5457 l,
2478 5393 2531 5447 τὶ.
2609 5394 2654 5427 ⁴⁹
2706 5395 2835 5450 Luc.
2876 5411 2961 5462 si,
3000 5395 3053 5453 1.

411 5551 518 5625 (ξϐ)
569 5551 719 5625 ’γΥπό
741 5552 910 5606 θεοῦ.
937 5552 1081 5623 Lego
1124 5567 1246 5625 cuni
1265 5550 1522 5625 Bentleio,
1542 5551 1649 5625 ἀ.πύ
1681 5551 1850 5625 Θεῷ,

412 5621 520 5692 (87)
562 5624 745 5678 Codex
791 5639 892 5679 ius.
947 5621 1111 5691 recte,
1166 5621 1345 5675 ἀθλον.
1381 5621 1518 5675 Male
1563 5622 1732 5678 editio
1760 5622 1904 5679 Oxo-

350 5691 562 5760 uieusis,
591 5692 770 5748 ἄλλον.

2086 5547 2200 5631 ς88)
2228 5550 2414 5634 ροὰςι
2442 5565 2572 5634 ius.
2603 5549 2803 5634 [[ἁτερ,
2833 5547 3166 5634 ἁγιατσοῄτω.
3186 5547 3362 5634 ξιξὶιίο
3381 5548 3582 5622 οχοιι.,

2018 5617 2202 5706 "iis?
2228 5619 2405 5706 ἱῂμέλν
2433 5623 2460 5673 ὁ
2487 5622 2544 5673 έν
2572 5617 3378 5706 τρῖξιοιδρανοῗεὶς.,ᾁγιῇσθτῖτωκ
3430 5688 3452 5702 .

2090 5687 2200 5761 (89)
2229 5687 2410 5745 (iudex
2447 5706 2570 5754 uis-.,
2595 5687 2883 5756 ἐνδέχεται.
2915 5687 3092 5742 Editio
3131 5687 3329 5750 Uxou.,
3365 5688 3578 5762 ἐνδέχη-

2013 5775 2120 5813 τοι.
