3974 6160
430 264 540 326 478
1885 267 1989 327 OB!

2096 268 2202 325 NIS
2252 268 2256 277 ’
3541 269 3665 326 473

432 403 557 463 qua
590 388 789 443 dudum
816 389 957 444 dicta
984 380 1165 444 essent
1192 388 1449 442 memoria
1487 402 1592 441 non
1628 390 1858 442 teneret.
1886 388 1989 444 Sed

2097 388 2277 458 πάσης
2306 387 2704 460 προγενομένηι,
2752 386 2994 451 πεύσεως
3028 387 3407 453 ἁποτακτικῶς
3430 388 3538 463 (90)
3563 393 3660 445 εἰ-

437 482 579 535 forte
632 480 824 534 melius
865 481 968 533 erit
1015 480 1255 533 diversas
1300 479 1579 533 orationes
1628 488 1841 546 putare,
1874 495 1989 547 qua:

2099 474 2314 546 ρῆσθαι,
2342 477 2435 529 καὶ
2478 476 2613 548 πρὸς
2646 476 2864 542 ἀξίωσιν
2900 477 3139 549 μαθητοῦ
3184 479 3654 549 άπαγγέλλεσθαι;

436 582 623 639 partes
652 571 889 626 habeant
921 570 1179 638 quasdam
1231 584 1567 624 communes.
1623 571 1757 624 Cum
1810 582 1989 625 autem

2105 566 2244 619 Ἀλλ’
2279 566 2407 631 ἴσως
2434 585 2517 631 τις
2541 566 2681 620 εἴποι
2714 566 2779 621 ἂν
2805 567 2943 640 πρὸς
2972 568 3149 633 τοῦτο,
3189 571 3268 623 ὅτι
3310 570 3663 644 ἰσοδυναμοῦ-

435 660 805 727 quaesierimus
829 659 967 727 apud
993 657 1232 711 Marcum
1269 670 1481 713 essetne
1527 660 1703 728 aliqua
1724 659 1988 728 ejusmodi

2096 659 2185 713 σαί
2217 660 2352 712 εἰσιν
2379 661 2433 713 αἱ
2447 660 2601 729 εὐχαὶ
2617 659 2900 731 εἰρημέναι
2924 660 2999 724 ὡς
3015 660 3130 730 μία·
3149 661 3237 715 ὁτὲ
3263 662 3362 733 μὲν
3378 665 3435 716 ἐν
3450 665 3660 718 ἀποτα-

435 754 611 805 oratio
658 750 831 820 posita
871 748 1061 804 eodem
1092 766 1283 817 sensu,
1317 766 1385 805 ne
1431 752 1715 823 vestigium
1768 752 1985 822 quidem

435 840 577 894 illius
608 840 924 908 reperimus.

2096 844 2414 911 ἀξιώσαντα,
2464 843 2602 897 κατὰ
2652 844 2711 897 τὸ
2764 844 2909 908 εἰκὸς
2963 845 3082 898 τότε
3134 846 3206 917 μὴ
3256 847 3515 918 παρόντα,
3561 848 3659 901 ὅτε

433 931 583 1001 ἔλεγε
614 932 675 985 τὸ
700 932 840 987 κατὰ
865 934 969 988 τὸνσ
990 935 1286 999 Ματθαὶον,
1321 935 1352 1007 ἢ
1407 936 1479 1008 μὴ
1508 939 1885 1010 κεκρατηκότα
1918 939 2024 994 τῶν
2086 941 2388 1012 εἰρημένων
2422 939 2608 993 πάλαι.
2658 942 2881 1011 Μήποτε
2922 940 2979 994 δὲ
3015 940 3121 1012 (92)
3158 941 3363 1011 βέλτιον
3470 941 3660 1013 διαφό-

430 1041 560 1098 ρους
603 1024 917 1107 νομίζεσθαι
961 1029 1060 1093 τὰς
1105 1030 1411 1100 προσευχὰς
1446 1033 1600 1084 κοινά
1638 1050 1760 1085 τινα
1805 1033 2031 1104 ἐχούσας
2072 1034 2234 1106 μέρη.
2289 1034 2631 1105 Ζητήσαντες
2673 1033 2730 1086 δὲ
2776 1032 2870 1086 καὶ
2908 1032 3055 1105 παρὰ
3078 1033 3154 1104 τῷ
3181 1035 3413 1106 Μάρκῳ,
3444 1036 3659 1105 μήποτε
3728 1038 3735 1042 ’

428 1118 666 1195 λανθάνῃ
704 1124 810 1193 (9'5)
852 1126 998 1195 ἡμᾶς
1059 1127 1090 1196 ἠ
1130 1126 1349 1197 τοιαύτη
1427 1126 1818 1198 ἱσοδυναμοῦσα
1867 1128 2350 1201 ἀναγεγραμμένη,
2390 1128 2497 1180 οὐδ’
2536 1127 2680 1198 ἴχνος
2719 1127 3031 1198 ἐγκείμενον
3070 1127 3374 1198 προσευχῆς
3400 1126 3657 1199 εὕρομεν.

502 1215 587 1270 l9.
613 1217 673 1270 Et
698 1221 979 1286 quoniam,
1013 1231 1073 1272 ut
1105 1234 1266 1288 supra
1292 1219 1551 1284 diximus,
1577 1222 1810 1289 primum
1828 1237 1988 1289 opor-

2173 1220 2414 1279 Ἐπε“ιδὲ,
2433 1220 2508 1283 ὡς
2540 1222 2595 1274 έν
2627 1223 2738 1283 τοῖς
2771 1220 3058 1289 ἁνωτέροις
3091 1219 3411 1290 εἰρήκαμεν,
3437 1219 3662 1289 πρῶτον

429 1313 507 1359 tet
545 1316 695 1361 certo
729 1313 961 1377 quodam
988 1311 1148 1363 modo
1173 1312 1526 1365 constitutum
1562 1327 1628 1365 ae
1668 1311 1987 1380 dispositum

2096 1311 2169 1364 δεῖ
2201 1310 2537 1380 καταστῆναι
2572 1310 2689 1372 πῶς
2720 1310 2813 1362 καὶ
2840 1308 3146 1379 διατεθῆναι
3166 1308 3255 1360 τὸν
3286 1307 3662 1380 προσευχόμε-

427 1413 551 1453 esse
578 1415 699 1453 eum
734 1401 824 1469 qui
854 1411 997 1467 orat,
1028 1413 1081 1457 et
1108 1404 1187 1457 sic
1233 1405 1445 1457 demqu
1477 1419 1670 1469 orare;
1708 1404 1987 1460 videamus

2096 1421 2199 1469 νον,
2235 1401 2335 1458 εἷθ’
2364 1403 2535 1467 οὕτως
2574 1402 2849 1468 εὔξασθαι,
2895 1403 3091 1472 ἴδωμεν
3129 1402 3234 1474 πρὸ
3268 1404 3365 1474 τῆς
3401 1402 3663 1474 ἐγκειμέ-

427 1489 559 1557 quid
597 1500 723 1544 ante
763 1493 1061 1545 orationem
1094 1494 1232 1561 apud
1263 1492 1570 1547 Matthmum
1600 1494 1830 1561 positam
1869 1496 1989 1549 Sal-

2096 1512 2184 1565 νης
2223 1496 2529 1567 προσευχῆς
2572 1495 2721 1566 παρὰ
2756 1494 2833 1565 τῷ
2865 1493 3126 1564 Ματθαίῳ
3157 1496 3279 1557 τοὺς
3313 1493 3440 1566 περὶ
3484 1495 3661 1566 αὐτῆς

426 1590 584 1635 vator
609 1591 797 1637 noster
834 1583 900 1637 de
938 1583 1025 1637 illa
1071 1585 1288 1637 dixerit.
1323 1584 1378 1637 Id
1411 1586 1491 1639 sic
1533 1585 1739 1639 habet:
1767 1586 1831 1638 Et
1864 1603 1985 1640 cum

2095 750 2231 823 τικῷ
2258 752 2365 823 (91)
2385 752 2526 823 λόγῳ
2544 770 2556 781 ·
2590 752 2680 804 ὁτὲ
2704 752 2760 806 δὲ
2788 752 2923 824 πρὸς
2948 753 3131 825 ἕτερον
3152 753 3258 807 τῶν
3286 755 3539 828 μαθητῶν
3558 756 3659 812 τὸν
3751 798 3757 805 ,

2094 1588 2198 1642 ὑπὸ
2227 1588 2319 1641 τοῦ
2358 1589 2509 1660 Σωτῆ
2521 1606 2609 1660 ρος
2653 1587 2807 1658 ήμῶν
2835 1586 3278 1658 ἀπηγγελμένους
3303 1586 3411 1657 (94)
3439 1587 3658 1656 λόγους,

426 1675 616 1738 oratis,
649 1690 750 1728 non
777 1676 922 1728 eritis
946 1676 1081 1729 sicut
1110 1677 1419 1746 hypocritm,
1451 1679 1542 1747 qui
1567 1688 1744 1732 amant
1773 1680 1826 1733 in
1859 1697 1985 1750 syn-

2096 1681 2283 1743 οἴτινες
2321 1679 2494 1743 οὕτως
2532 1679 2779 1751 ἔχουσινο
2835 1679 3011 1732 Ὅταν
3057 1679 3495 1747 προσεύχησθε,
3540 1681 3657 1734 οὐκ

430 1768 612 1835 agogis
642 1775 692 1821 et
719 1770 773 1821 in
835 1769 1041 1836 angulis
1065 1769 1355 1836 platearum
1387 1780 1586 1824 stantes
1620 1787 1794 1835 orare,
1829 1784 1881 1824 ut
1913 1773 1989 1824 vi-

428 1861 655 1911 deantur
684 1859 746 1910 ab
775 1858 1094 1911 hominibus.
1122 1860 1283 1912 Amen
1319 1860 1438 1913 dico
1472 1860 1635 1923 vobis,
1686 1872 1988 1926 receperunt

429 1949 715 2003 mercedem
764 1968 935 2007 suam.
972 1951 1048 2004 Tu
1079 1961 1255 2004 autem
1298 1968 1414 2005 cum
1461 1954 1713 2016 oraveris,
1744 1955 1886 2007 intra
1931 1955 1987 2008 in

428 2042 722 2095 cubiculum
755 2054 922 2107 tuum,
960 2053 1007 2096 et
1044 2043 1226 2096 clauso
1263 2050 1394 2098 ostio
1443 2062 1535 2099 ora
1585 2044 1798 2099 Patrem
1844 2060 1990 2101 tuum

426 2133 484 2187 in
508 2134 826 2197 abscondito,
853 2142 902 2186 et
924 2135 1089 2204 228
1117 2132 1277 2188 Pater
1305 2145 1425 2189 tuus
1443 2138 1531 2206 qui
1561 2138 1693 2190 videt
1716 2148 1765 2191 te
1789 2139 1841 2190 in
1865 2139 1988 2191 abs-

431 2222 662 2286 condito,
705 2222 883 2275 reddet
921 2224 1033 2276 tibi.
1082 2223 1305 2279 Orontes
1348 2238 1522 2280 autem
1567 2228 1727 2280 nolite
1761 2229 1984 2282 multum

430 2314 592 2381 loqui,
621 2313 751 2366 sicut
781 2314 991 2368 ethnici.
1024 2313 1222 2370 Putant
1256 2319 1391 2371 enim
1415 2320 1552 2387 quod
1577 2321 1630 2372 in
1659 2321 1988 2391 multiloquio

425 2421 524 2458 suo
573 2408 948 2461 exaudiautur.
996 2407 1175 2462 Nolite
1239 2426 1361 2479 ergo
1403 2414 1691 2466 assimilari
1733 2416 1844 2476 eis;
1892 2417 1988 2469 scit

423 2499 560 2552 enim
594 2498 757 2552 Pater
783 2511 947 2554 vester
971 2502 1100 2570 quid
1122 2519 1248 2570 opus
1262 2504 1328 2554 sit
1357 2505 1496 2556 vobis
1515 2516 1799 2574 antequam
1839 2519 1988 2575 peta-

428 2593 495 2645 tis
524 2609 662 2646 eum.
695 2591 785 2647 Sic
807 2609 927 2663 ergo
944 2611 1031 2648 vos
1059 2596 1277 2648 orabitis
1300 2596 1370 2649 '°.
1398 2596 1621 2652 Videtur
1650 2600 1833 2669 itaque
1862 2599 1991 2654 Ser-

434 2694 592 2739 vator
625 2695 810 2740 uoster
839 2686 1021 2740 tnullis
1049 2688 1098 2740 in
1129 2688 1262 2743 locis
1305 2689 1491 2759 gloria:
1536 2692 1887 2761 cupiditatem
1930 2702 1990 2745 ut

427 2778 676 2832 morbum
708 2781 1072 2848 perniciosum
1101 2782 1434 2847 insectatus;
1464 2785 1681 2852 quodet
1713 2786 1799 2839 hie
1836 2786 1985 2846 fecit,

426 2872 721 2939 prohibens
757 2876 1019 2929 orationis
1089 2885 1333 2945 tempore
1390 2877 1798 2947 hypocritarum
1849 2877 1988 2932 facta

430 2965 645 3017 sectari.
677 2966 768 3019 Est
793 2967 935 3020 enim
978 2968 1386 3037 hypocritarum
1417 2972 1694 3038 proprium
1726 2970 1863 3038 apud
1893 2972 1990 3023 ho-

2090 1772 2307 1827 ἔσεσθε
2324 1771 2525 1840 ὥσπερ
2551 1775 2604 1825 οὶ
2634 1770 2965 1839 ὑποκριταὶ,
2996 1769 3084 1822 ὅτι
3115 1772 3400 1838 φιλοῦσιν
3429 1770 3498 1822 ἐν
3523 1768 3660 1837 ταῖς

2090 1861 2463 1931 συναγωγαῖς
2486 1862 2581 1918 καὶ
2599 1861 2668 1914 ἐν
2686 1862 2815 1927 ταῖς
2840 1861 3075 1931 γωνίαις
3096 1858 3212 1913 τῶν
3226 1860 3520 1915 πλατειῶν
3546 1861 3658 1916 έσ-

2090 1954 2265 2019 τῶτες
2282 1953 2902 2023 προσεύχεσθαι,ὅπως
2921 1951 3153 2021 φανῶσι
3168 1951 3289 2019 τοῖς
3304 1952 3657 2020 ἀνθρώποις.

2104 2045 2281 2116 Ἀμὴν
2294 2045 2446 2115 λέγω
2460 2045 2618 2113 ὑμῖν,
2637 2045 2725 2098 ὅτι
2753 2044 3047 2111 ἀπέχουσι
3075 2044 3180 2097 τὸν
3196 2044 3417 2113 μισθόν
3435 2042 3654 2099 αὐτῶν.

2091 2139 2174 2193 Σὺ
2200 2137 2287 2200 δὲ,
2306 2138 2451 2191 ὅταν
2465 2139 2793 2205 προσεύχῃ,
2816 2136 3053 2190 εισελθε
3073 2140 3159 2204 εΙς
3172 2137 3234 2190 τὸ
3264 2135 3501 2206 ταμεῖόν
3515 2150 3655 2202 σου,

2092 2230 2188 2284 καὶ
2210 2230 2459 2295 κλείσας
2488 2228 2602 2295 τὴν
2629 2230 2813 2294 θύραν
2850 2243 2987 2292 σου,
3011 2228 3337 2294 πρόσευξαι
3363 2229 3444 2292 τῷ
3471 2225 3659 2295 Harp!

2092 2336 2206 2374 σου
2223 2320 2291 2372 ἐν
2324 2318 2403 2384 τῷ
2432 2317 2689 2386 κρυπτῷ,
2709 2317 2806 2371 καὶ
2835 2322 2866 2371 ό
2890 2317 3088 2386 Πατήρ
3104 2335 3240 2383 σου,
3264 2321 3295 2372 ὁ
3316 2318 3566 2383 βλέπων
3581 2332 3656 2373 σε

2090 2411 2161 2464 ἐν
2205 2410 2284 2476 τῷ
2318 2410 2577 2478 κρυπτῷ,
2618 2410 2915 2464 ἀποδώσει
2944 2425 3041 2464 σοι
3073 2411 3203 2482 (95).
3244 2412 3657 2481 Προσευχόμε-

2091 2521 2183 2558 νοι
2214 2503 2283 2556 δὲ
2319 2502 2403 2572 μὴ
2426 2503 2937 2573 βαττολογήσητε,
2971 2502 3171 2572 ὥσπερ
3202 2505 3255 2555 οὶ
3288 2504 3531 2557 ἐθνικοί.
3552 2506 3657 2557 Δο-

2093 2599 2267 2653 κοῦσι
2303 2600 2430 2669 γὰρ,
2459 2598 2546 2652 ὅτι
2576 2598 2644 2651 ὲν
2676 2595 2750 2666 τῇ
2782 2597 3111 2666 πολυλογίᾳ
3154 2595 3350 2651 αὐτῶν
3375 2598 3655 2650 εἰσακου-

2093 2688 2440 2755 σθήσονται.
2475 2688 2571 2756 Μὴ
2607 2683 2719 2742 οὖν
2741 2685 3057 2757 ὁμοιωθῆτε
3081 2686 3311 2752 αὐτοῖς·
3341 2682 3466 2739 οἶδε
3492 2686 3600 2755 γὰρ
3619 2688 3658 2742 ό

2093 2782 2291 2848 Πατὴρ
2319 2780 2483 2849 ὑμῶν
2512 2774 2599 2837 ὧν
2616 2780 2824 2848 χρείαν
2853 2780 3020 2849 ἔχετε
3043 2779 3155 2846 πρὸ
3177 2778 3281 2831 τοῦ
3302 2777 3456 2848 ὑμᾶς
3488 2775 3657 2846 αιτῆ-

2092 2888 2193 2926 σαι
2207 2875 2408 2926 αὐτόν.
2428 2873 2622 2938 Οὕτως
2635 2867 2748 2926 οὖν
2761 2873 3163 2940 προσεύχεσθε
3180 2869 3362 2940 ὑμεῖς.
3381 2867 3654 2942 Πολλαχῶ

2093 2967 2267 3021 τοίνυν
2298 2966 2540 3035 φαίνεται
2560 2970 2588 3019 ὁ
2616 2965 2804 3037 Σωτὴρ
2833 2965 2986 3035 ήμῶν
3018 2964 3359 3035 ἐνιστάμενος
3393 2965 3468 3027 ὡς
3515 2964 3656 3036 πρὸς

431 3055 604 3109 mines
626 3058 843 3124 pietatis
861 3068 952 3111 aut
971 3059 1312 3114 liberalitatis
1340 3061 1476 3115 Velle
1498 3062 1716 3115 nomine
1743 3060 1988 3131 gloriari.

2096 3059 2331 3128 ὀλέθριον
2363 3058 2533 3121 πάθος
2565 3057 2659 3129 τὴν
2691 3057 2989 3126 φιλοδοξίαν
3009 3074 3022 3087 ·
3052 3057 3187 3127 ὅπερ
3220 3058 3311 3110 καὶ
3345 3055 3532 3110 ἐνθάδε
3563 3074 3656 3111 περ

429 3149 695 3203 "cultores
725 3161 903 3205 autem
932 3150 1089 3218 hujus
1120 3154 1401 3207 sententiae
1429 3167 1444 3205 :
1477 3152 1756 3218 Quomodo
1786 3170 1873 3207 cos
1895 3171 1991 3222 po-

429 3244 574 3297 testis
615 3244 822 3298 credere
863 3246 953 3315 qui
998 3248 1221 3316 gloriam
1271 3248 1334 3299 ab
1382 3247 1597 3301 invicem
1647 3248 1907 3315 accipitis,
1940 3258 1987 3302 et

428 3334 653 3404 gloriam
684 3351 802 3404 qum
831 3352 863 3388 a
900 3337 1013 3390 solo
1040 3336 1147 3391 Deo
1188 3347 1288 3402 est,
1316 3353 1421 3390 non
1456 3339 1693 3407 quwritis
1715 3339 1757 3369 ⁸¹
1782 3337 1994 3393 ?debe-

432 3442 553 3480 mus
578 3426 803 3494 gloriam
840 3442 1058 3481 omnem
1093 3427 1160 3482 ab
1193 3428 1507 3484 hominibus
1538 3429 1856 3498 profectam,
1888 3429 1989 3483 etsi

429 3521 500 3574 ob
540 3520 825 3587 pulchrum
851 3521 1055 3590 aliquid
1086 3522 1406 3591 contingere
1452 3524 1723 3588 videatur,
1757 3533 1995 3577 contem-

430 3628 575 3678 nere,
608 3624 658 3669 et
691 3629 809 3672 eam
845 3629 1090 3683 quaerere
1127 3630 1249 3684 qua:
1280 3615 1497 3685 proprie
1538 3632 1600 3670 ac
1648 3622 1775 3671 vere
1822 3617 1990 3686 gloria

428 3713 533 3771 est,
574 3720 693 3773 qua?
724 3704 792 3759 ab
822 3722 888 3762 eo
917 3707 1076 3762 datur
1111 3708 1202 3777 qui
1232 3707 1381 3761 solus
1411 3707 1583 3779 gloria
1625 3709 1846 3779 dignum
1891 3724 1987 3764 or-

428 3808 525 3852 uat
560 3799 717 3851 modo
757 3810 816 3852 se
849 3799 1011 3869 digno
1061 3808 1117 3854 et
1159 3800 1318 3870 longe
1350 3815 1515 3870 supra
1550 3803 1805 3857 meritum
1839 3803 1985 3859 illius

430 3890 520 3959 qui
553 3899 800 3944 ornatur.
833 3891 964 3945 Illud
996 3892 1158 3961 igitur
1182 3893 1354 3962 ipsum
1383 3896 1522 3963 quod
1555 3896 1843 3964 pulchrmn
1871 3897 1991 3951 exi-

429 3982 638 4034 stimari
683 3982 949 4050 potuisset
989 3991 1043 4036 et
1082 3979 1301 4050 dignum
1345 3983 1528 4049 laude,
1572 3996 1699 4041 tunc
1741 3988 1993 4057 inquina-

433 4082 542 4136 tur,
579 4085 699 4126 cum
738 4070 857 4125 ideo
900 4071 960 4126 lit
989 4087 1018 4125 a
1044 4072 1207 4133 nobis
1239 4082 1298 4125 ut
1340 4074 1623 4129 videamur
1659 4078 1727 4132 ab
1751 4078 1994 4132 homini-

428 4167 530 4221 bus
569 4175 625 4221 et
654 4165 880 4236 gloriam
925 4165 994 4220 ab
1047 4165 1360 4221 hominibus
1404 4167 1753 4236 accipiamus.
1791 4170 1993 4237 Quam~

425 4261 614 4314 obrem
670 4258 817 4314 nulla
861 4259 1023 4330 hujus
1067 4274 1096 4312 a
1137 4258 1243 4313 Deo
1286 4275 1496 4315 merces
1551 4263 1818 4332 sequitur.
1857 4264 1991 4319 Cum

428 4351 571 4405 enim
597 4365 762 4405 verax
784 4351 856 4405 sit
880 4350 1058 4405 omnis
1088 4349 1289 4405 Christi
1322 4365 1521 4413 sermo.
1556 4360 1664 4407 tum
1697 4353 1809 4421 ille,
1834 4356 1876 4410 si
1910 4354 1991 4410 fas

425 4454 510 4498 est
538 4444 744 4509 dicere,
778 4446 1024 4500 veracior
1055 4453 1142 4499 est
1171 4459 1329 4512 quem
1355 4460 1478 4499 cum
1500 4444 1861 4515 jurejurando
1884 4447 1987 4502 sibi

429 4546 701 4591 consueto
733 4538 975 4605 pratulit.
1008 4538 1085 4590 De
1110 4537 1178 4591 iis
1210 4547 1389 4591 autem
1430 4537 1521 4607 qui
1548 4550 1769 4608 propter
1803 4541 1993 4595 imma-

433 4644 555 4681 nam
584 4630 809 4698 gloriam
839 4632 1090 4700 proximo
1111 4631 1368 4684 videntur
1395 4630 1742 4697 benefacere,
1770 4645 1861 4690 aut
1895 4636 1986 4705 qui

431 4721 485 4772 in
520 4721 808 4790 synagogis
835 4729 890 4774 et
923 4722 1138 4792 angulis
1165 4721 1464 4789 platearum
1490 4733 1649 4777 orant
1677 4734 1736 4777 ut
1764 4724 1987 4778 videan-

433 4822 521 4865 tur
543 4814 610 4867 ab
639 4813 973 4876 hominibus,
1001 4815 1103 4869 hoc
1124 4815 1295 4883 ipsum
1321 4815 1436 4868 ait:
1462 4815 1625 4869 Amen
1657 4815 1774 4868 dico
1807 4817 1946 4869 vobis
1969 4832 1989 4871 :

431 4910 734 4970 receperunt
767 4904 1053 4957 mercedem
1082 4919 1253 4958 suout.
1283 4902 1353 4959 Ut
1385 4904 1528 4958 enim
1558 4905 1708 4960 dives
1727 4904 1815 4961 ille
1848 4904 1989 4975 apud

496 5063 543 5095 ⁵⁰
574 5064 762 5118 Matth.
788 5078 860 5126 νι,
891 5063 948 5121 5.
1022 5066 1065 5098 ⁸³
1092 5064 1247 5121 Joan.
1287 5084 1340 5136 ν,
1375 5067 1460 5123 Η.

497 5205 610 5279 ;(90)
630 5208 1067 5279 Ἀποτακτικῷς.
1086 5207 1229 5276 Lego
1243 5225 1362 5264 cum
1375 5210 1628 5277 Beutleio,
1640 5210 2000 5274 ἁποτατικῶς.

503 5280 611 5351 (91)
659 5277 1030 5351 Ἀποτατικῷ.
1063 5279 1138 5351 Ita
1162 5281 1330 5351 codex
1371 5285 1776 5343 tuanuseriptus
1811 5285 1995 5345 habet,

431 5350 572 5405 male
594 5350 731 5405 ’vero
768 5351 936 5405 editio
968 5350 1314 5413 Oxouiensis,
1348 5351 1714 5413 ἀποτακτικῷ.

474 5420 613 5544 ἲς(9σὶ)
648 5421 821 5545 Egilio
846 5419 1047 5489 Oxon.,
1074 5406 1454 5491 κεκρατηκότα
1484 5406 1785 5494 εἰρημένων
1807 5421 1989 5477 πάλαι·

496 5510 638 5545 ,ποτε
733 5533 745 5545 .

513 5510 638 5547 ποτε
661 5510 722 5547 OT)
733 5533 745 5545 .

435 5493 638 5563 μήποτε
661 5493 745 5564 δή.
1539 5493 1544 5494 ⁷
1618 5493 1621 5494 ⁷

503 5564 613 5634 (95)
648 5563 944 5634 Λανθὰνῃ.
984 5562 1074 5616 Sic
1120 5563 1281 5618 habet
1330 5564 1497 5619 codex
1551 5578 1650 5618 ms.
1684 5562 1863 5618 Editio
1891 5577 1989 5616 au-

435 5640 541 5685 tem
573 5635 771 5697 Oxou.,
803 5635 1072 5689 λανθάνοι.

506 5701 620 5776 (94)
655 5704 782 5760 Post
834 5704 1301 5775 ἀπηγγελμένους,
1354 5706 1511 5773 addo,
1565 5704 1772 5775 λόγους,
1826 5713 1886 5759 ιιι
1931 5702 1983 5757 in

2094 3151 2338 3222 ποίηκεν,
2365 3149 2685 3221 ἀποτρέπων
2719 3147 2857 3202 κατὰ
2879 3147 2966 3201 τὸν
2997 3148 3183 3217 καιρὸν
3215 3146 3313 3217 τῆς
3335 3147 3497 3218 εὐχῆς
3520 3147 3655 3201 ὐπο-

2094 3241 2293 3314 κριτῶν
2315 3241 2473 3312 ἕργον
2497 3240 2784 3295 ἐπιτελεῖν.
2826 3238 3161 3310 ’Υποκριτῶν
3183 3239 3290 3309 γὰρ
3319 3238 3478 3309 ἔργον
3518 3239 3656 3305 ἐστὶ,

2092 3335 2151 3388 τὸ
2178 3336 2287 3398 τοῖς
2315 3332 2620 3406 ἀνθρώποις
2642 3330 3034 3403 έναὸρύνεσοαι
3057 3331 3142 3383 ἐπ’
3173 3331 3425 3404 εὐσεϐείᾳ
3461 3330 3657 3400 θέλειν,

2093 3425 2126 3497 ἢ
2160 3424 2237 3495 τῷ
2262 3427 2535 3478 κοινωνεῖν
2555 3442 2568 3455 ⁸
2591 3424 2705 3476 δέον
2740 3423 2796 3476 δὲ
2827 3422 3205 3494 μεμνημένους
3237 3422 3330 3476 τοῦ
3348 3440 3361 3454 ’
3392 3422 3524 3491 Πῶς
3550 3424 3655 3479 δύ-

2091 3520 2277 3571 νασθε
2319 3515 2635 3570 πιστεῦσαι
2675 3516 2860 3584 ὑμεῖς,
2911 3514 3097 3578 δόξαν
3141 3516 3298 3583 παρὰ
3335 3515 3659 3584 ἀνθρώπων

2090 3608 2397 3673 λαϐόντες,
2439 3608 2534 3660 καὶ
2566 3606 2681 3674 τὴν
2730 3607 2919 3671 δόξαν
2958 3605 3072 3674 τὴν
3117 3607 3274 3675 παρὰ
3321 3608 3426 3661 τοῦ
3460 3610 3656 3677 μόνου

2096 3699 2241 3753 Θεοῦ
2267 3702 2338 3753 οὺ
2360 3698 2609 3768 (unite;
2640 3699 2819 3770 πάσης
2835 3700 2931 3770 τῆς
2963 3698 3112 3770 παρὰ
3138 3697 3446 3769 ἀνθρώποις
3471 3698 3651 3770 δόξης,

2092 3792 2196 3847 κᾶν
2220 3792 2312 3845 επὶ
2338 3791 2412 3861 τῷ
2446 3790 2593 3862 καλῷ
2626 3790 2866 3860 γίνεσθαι
2888 3790 3170 3862 νομίζηται
3208 3791 3338 3861 (96),
3382 3807 3656 3863 καταφρο-

2093 3894 2223 3953 νεῖν,
2250 3890 2342 3943 καὶ
2357 3888 2534 3959 ζητεῖν
2557 3889 2653 3958 τὴν
2688 3887 2880 3957 κυρίαν
2912 3887 3067 3953 δόξαν
3101 3890 3193 3940 καὶ
3219 3885 3393 3957 ἀληθῆ
3417 3884 3655 3956 ment

2093 3982 2186 4036 τοῦ
2217 3981 2375 4053 μόνου
2409 3982 2498 4033 τὸν
2552 3980 2649 4051 τῆς
2709 3978 2866 4050 δόξης
2914 3979 3061 4046 ἄξιον
3110 3978 3425 4050 πρεπόντως
3481 3974 3656 4048 ἑαυτῷ

2092 4074 2235 4144 ὑπὲρ
2274 4073 2371 4143 τὴν
2416 4070 2570 4137 ἀξίαν
2611 4069 2703 4123 τοῦ
2752 4068 3109 4141 δοξαζομένου
3159 4067 3489 4134 δοξάζοντος.
3546 4067 3655 4122 Καὶ

2094 4166 2222 4219 αὐτὸ
2262 4160 2354 4217 οὖν
2383 4163 2443 4216 τὸ
2472 4162 2721 4234 νομισθὲν
2749 4159 2815 4215 ἂν
2854 4161 3013 4214 καλὸν
3048 4155 3187 4214 εἶναι
3227 4162 3319 4214 καὶ
3354 4159 3654 4223 ἐπαινετὸν,

2097 4256 2377 4329 μολύνεται
2432 4254 2780 4326 νομιζόμενον
2836 4253 3098 4323 γίνεσθαι,
3146 4254 3271 4317 ὅτε,
3319 4253 3465 4316 ὅπως
3512 4251 3658 4319 δοξα-

2096 4350 2306 4421 σθῶμεν
2323 4350 2426 4403 ὑπὸ
2444 4349 2551 4402 τῶν
2579 4346 2894 4418 ἀνθρώπων,
2918 4347 2949 4416 ἢ
2977 4347 3122 4409 ὅπως
3145 4344 3397 4416 φανῶμεν
3427 4348 3535 4408 τοῖς
3564 4346 3659 4398 ἀν·-

2094 4444 2349 4517 θρώποις,
2376 4442 2634 4513 ποιοῦμεν
2664 4443 2825 4495 αὐτό’
2861 4442 3049 4511 διόπερ
3089 4439 3314 4509 οὐδεμία
3361 4438 3458 4491 ἐπὶ
3487 4438 3659 4510 τούτῳ

2092 4538 2199 4593 ἀπὸ
2226 4536 2362 4589 Θεοῦ
2404 4534 2605 4606 ἀμοιϐὴ
2647 4536 2777 4605 ἡμῖν
2806 4533 3016 4586 ἕπεται.
3059 4529 3317 4601 Ἀψευδὴς
3352 4529 3461 4600 γὰρ
3500 4530 3607 4591 πᾶς
3631 4528 3659 4580 ὁ

2091 4629 2184 4684 τοῦ
2230 4626 2402 4699 Ἰησού
2430 4626 2605 4695 λόγος,
2633 4626 2725 4679 καὶ
2746 4626 2794 4678 εἰ
2826 4624 2905 4677 δεῖ
2931 4623 3247 4695 βιαζόμενον
3274 4623 3466 4686 εἰπεῖν,
3493 4620 3660 4690 ἀψευ-

2096 4722 2345 4790 δέστερος
2381 4718 2607 4787 γίνεται,
2643 4717 2779 4769 ἐπὰν
2799 4716 2933 4787 μετὰ
2956 4714 3046 4769 τοῦ
3080 4714 3338 4785 συνήθους
3370 4711 3530 4767 αὐτοῦ
3550 4710 3657 4782 (97)

2098 4814 2260 4885 ὅρκου
2289 4812 2531 4883 λέγηται.
2567 4812 2704 4882 Φιησὶ
2733 4810 2789 4863 δὲ
2826 4809 2953 4880 περ)¹
2978 4808 3082 4862 τῶν
3105 4807 3171 4861 δι’
3199 4805 3546 4878 ἀνθρωπίνην
3582 4803 3663 4859 δό-

2099 4905 2197 4972 ξαν
2228 4900 2285 4959 εὖ
2314 4904 2406 4958 τὸν
2436 4903 2605 4968 πέλας
2646 4901 2941 4957 δοκούντων
2972 4901 3163 4964 ποιεῖν,
3204 4897 3316 4968 ἤὲυ
3347 4900 3467 4962 ταῖς
3497 4913 3661 4951 συναιν-

2110 5210 2346 5263 edilioue
2377 5207 2707 5271 Oxoniensi;
2743 5206 2868 5259 licet
2905 5204 3017 5257 haec
3067 5217 3167 5257 vox
3202 5200 3255 5254 in
3289 5196 3661 5266 manuscripts

2108 5281 2461 5333 desideretur.

2177 5350 2287 5423 (95)
2315 5349 2438 5403 Post
2467 5344 2733 5423 ᾁποδιρσει
2778 5361 2890 5423 σοιι
2913 5342 3107 5423 editio_
3129 5338 3459 5423 O-xouiepsis
3490 5335 3661 5423 gaddit

2103 5409 2242 5475 intra
2269 5409 2445 5474 'uncos
2475 5420 2532 5470 ἐν
2575 5415 2654 5486 τῷ
2684 5413 2934 5487 φανερῶς
2965 5413 3108 5484 quod
3139 5414 3291 5465 abest
3316 5411 3383 5462 ab
3412 5409 3663 5475 Origeuis

2100 5492 2291 5545 codice
2320 5489 2717 5555 manuscripto.

2171 5543 2283 5631 (96)
2312 5559 2499 5615 Codex
2548 5543 2675 5622 m's.,
2727 5552 3036 5629 νομίζηται.
3068 5550 3246 5607 Editio
3276 5548 3478 5614 Oxon.,
3507 5543 3665 5619 νομι-

2096 5632 2277 5773 (alia?)
2308 5698 2523 5761 Αὑτοῦ.
2557 5696 2696 5768 Lego
2720 5713 2838 5752 cum
2867 5692 3124 5755 Bentleio,
3142 5690 3312 5763 αὐτῷ.
