3974 6160
405 269 477 322 Π
1565 269 1898 326 LlBELLUS
1931 268 2019 324 DE
2052 267 2419 325 ORATIONE.

3506 274 3613 331 478

360 382 586 450 γωγαῖς
615 377 707 434 καὶ
740 381 860 444 ταῖς
898 381 1121 450 γωνίαις
1153 380 1258 435 τῶν
1288 381 1558 439 πλατειῶν
1588 388 1928 458 προσευχομέ

2059 388 2262 443 Lucam
2297 388 2432 440 bona
2460 395 2743 456 receperat
2773 383 2963 440 in'vita
2993 399 3088 441 sua
3112 386 3413 456 mortali",
3458 390 3610 445 ideo-

365 491 508 537 νων,
543 474 686 534 ὅπως
717 473 927 541 φανῶσι
965 475 1076 536 τοῖς
1104 472 1431 545 ἀνθρώποις,
1465 475 1524 528 τὸ
1553 477 1683 530 αὑτό
1702 495 1716 509 .
1767 478 1944 548 Ἀμὴν

355 562 528 631 λέγω
555 561 722 630 ὑμῖν-ο
760 561 1054 631 ἀπέχουσι
1087 563 1193 616 τὸν
1227 567 1451 633 μισθὸν
1487 567 1703 621 αὐτῶν.
1735 570 1943 640 Ὥσπερ

352 657 476 728 γὰρ
512 657 750 726 ἀπέσχεν
783 659 811 710 6
849 657 988 710 κατὰ
1029 658 1242 711 Λουκᾶν
1290 658 1541 724 πλούσιος
1575 661 1644 714 τὰ
1677 662 1858 731 ἀγαθὰ
1885 666 1942 716 ὲν

350 749 423 817 τῇ
464 745 659 798 ἑαυτοῦ
698 745 1009 817 ἀνθρωπίνῃ
1059 744 1190 818 ζωῇ,
1216 747 1301 801 διὰ
1332 748 1390 800 τὸ
1421 747 1529 819 (98)
1569 749 1940 821 ἀπεσχηκέναι

348 839 558 902 ταῦτα,
594 841 693 892 οὐκ
714 839 1033 911 ἕστιχωρῶν
1082 845 1259 912 τυχεῖν
1285 840 1391 910 (99)
1441 842 1616 894 αὐτῶν
1669 845 1803 913 μετὰ
1851 846 1940 897 τὸν

350 931 697 1000 ἐνεστηκότα
732 930 870 999 βίον·
908 931 1080 995 οὓτως
1101 935 1128 985 6
1153 933 1370 1002 ἀπέχων
1397 933 1586 986 ἑαυτοῦ
1604 935 1693 988 τὸν
1729 936 1937 1006 μισθὸν,

349 1023 471 1075 εἴτε
509 1021 672 1075 δώσει
707 1023 778 1093 (1)
811 1025 991 1094 τινὶ,ἦ
1029 1026 1084 1077 ἐν
1132 1026 1334 1095 εὐχαῖς,
1364 1026 1457 1080 ἆτε
1496 1027 1568 1097 μὴ
1603 1028 1832 1099 σπείρας
1859 1031 1938 1093 εἰς

346 1116 413 1170 τὸ
447 1115 693 1186 πνεῦμα,
719 1115 854 1168 ἀλλὰ
888 1119 966 1180 εἰς
984 1118 1078 1188 τὴν
1105 1117 1302 1188 σάρκα,
1331 1116 1534 1189 θερίσει
1562 1118 1661 1188 μἐν
1691 1120 1786 1189 τὴν
1820 1119 1940 1188 φθο-

349 1207 481 1279 ρὰν,
521 1209 584 1259 οὐ
615 1207 818 1278 θερίσει
858 1208 1035 1279 δὲτὴν
1069 1208 1279 1262 αἰώνιον
1322 1208 1484 1281 ζωήν.
1512 1211 1605 1274 Εἰς
1632 1212 1728 1281 τὴν
1761 1213 1939 1282 σάρκα

345 1299 407 1352 δὲ
443 1299 664 1371 σπείρει
695 1302 722 1352 6
767 1302 822 1352 ὲν
861 1303 978 1364 ταῖς
1040 1306 1376 1370 συναγωγαῖς
1425 1303 1520 1355 καὶ
1567 1306 1682 1366 ταῖς
1715 1303 1935 1374 ῥύμαις,

340 1393 502 1456 ὅπως
533 1392 762 1463 δοξασθῇ
794 1393 898 1446 ὐπὸ
941 1393 1045 1446 τῶν
1090 1393 1412 1466 ἀνθρώπων,
1450 1395 1617 1448 ποιῶν
1650 1396 1939 1467 ἐλεημοσύ-

341 1505 446 1557 νην
486 1489 632 1558 μετὰ
677 1486 982 1558 σαλπισμοῦ
1015 1505 1107 1539 του
1145 1487 1218 1558 (9.)
1243 1487 1554 1559 ἔμπροσθεν
1594 1489 1805 1552 ἑαυτοῦ,
1841 1490 1872 1560 ἢ
1909 1493 1938 1544 6

341 1579 524 1648 φιλῶν
562 1581 619 1632 έν
640 1583 760 1643 ταῖς
796 1581 1138 1648 συναγωγαῖς
1157 1581 1250 1632 καί
1281 1583 1398 1644 ταῖς
1422 1581 1644 1648 γωνίαις
1675 1581 1782 1634 τῶν
1802 1582 1938 1634 πλα-

341 1673 514 1727 τειῶν
546 1671 718 1735 ἑστὼς
748 1671 1163 1744 πρόσεύχεσθαι,
1181 1673 1348 1735 ὅπως,
1375 1673 1562 1740 φανεὶς
1589 1676 1698 1737 τοῖς
1730 1671 1936 1745 ἀνθρώ-

2049 495 2157 548 que
2187 495 2293 534 non
2321 488 2534 550 poterat
2568 479 2804 549 amplius
2840 493 2900 533 ea
2923 481 3185 548 consequi
3215 488 3340 545 post
3370 496 3612 550 praesen-

2047 580 2151 626 tem
2176 574 2344 624 vitam
2370 572 2482 624 :sie
2503 571 2593 640 qui
2620 571 2924 626 mercedem
2958 587 3108 626 suam
3142 572 3334 641 recipit
3359 587 3452 626 seu
3485 575 3612 642 quid

2046 661 2208 715 alicui
2237 659 2510 725 donando,
2547 675 2642 714 seu
2673 662 2902 726 orando,
2935 661 2981 715 is
3014 676 3132 714 cum
3167 678 3273 716 nou
3309 664 3610 717 seminave-

2046 754 2115 805 rit
2149 753 2201 804 in
2252 751 2469 820 spiritu,
2519 753 2614 805 sed
2650 752 2702 805 in
2741 767 2926 817 carne,
2972 755 3377 822 corruptionem
3418 763 3608 819 metet,

2043 858 2149 896 non
2209 851 2390 896 autem
2445 843 2610 895 vitam
2657 844 3271 899 mleruam“.Semiuat
3321 854 3496 900 autem
3555 846 3610 900 in

2044 950 2209 988 carne
2239 934 2330 1001 qui
2370 934 2422 986 in
2457 935 2744 1003 synagogis
2794 944 2849 988 et
2880 935 3033 997 vicis,
3068 946 3124 989 ut
3156 938 3382 1005 gloriam
3414 939 3479 990 ab
3512 937 3610 991 ho-

2044 1027 2279 1082 minibus
2321 1027 2572 1096 accipiat,
2619 1027 3018 1097 eleemosynam
3061 1030 3194 1083 facit
3240 1032 3364 1084 tuba
3396 1041 3518 1086 ante
3551 1045 3610 1086 se

2041 1129 2294 1184 canente,
2325 1120 2408 1174 vel
2441 1121 2528 1189 qui
2559 1130 2700 1172 amat
2741 1121 2790 1173 in
2826 1124 3115 1192 synagogis
3155 1132 3210 1176 et
3247 1125 3459 1192 angulis
3493 1125 3608 1194 pla-

2043 1222 2250 1264 tearqu
2299 1221 2453 1264 stans
2486 1227 2668 1272 orare,
2701 1222 2759 1263 ut
2796 1212 3041 1264 videatur
3083 1212 3149 1266 ab
3186 1215 3522 1283 hominibus,
3553 1224 3610 1270 et

2042 1303 2162 1372 pius
2195 1303 2388 1370 aliquis
2423 1312 2474 1356 et
2505 1313 2726 1354 sanctus
2755 1303 2821 1354 ab
2866 1303 2930 1354 iis
2984 1304 3074 1371 qui
3110 1304 3373 1366 viderint,
3411 1306 3606 1358 existi—

2043 1404 2236 1447 metur.
2268 1395 2463 1446 Verum
2500 1395 2642 1448 enim
2672 1409 2797 1448 vero
2827 1393 3140 1462 quicunque
3163 1394 3268 1446 lata
3293 1405 3345 1448 et
3368 1396 3607 1464 Spatiosa

2041 1483 2352 1550 ingreditur
2404 1485 2512 1549 via,
2557 1501 2676 1552 qua:
2707 1485 2853 1538 ducit
2893 1485 2960 1536 ad
3006 1486 3360 1554 perditionem
3379 1486 3449 1553 “,
3486 1503 3608 1556 qua:

2040 1577 2173 1630 nihil
2216 1578 2378 1630 habet
2419 1579 2571 1637 recti,
2617 1577 2708 1630 sed
2747 1588 2855 1630 tota
2903 1579 3126 1646 obliqua
3176 1587 3259 1632 est
3294 1591 3349 1633 et
3394 1580 3608 1648 angulis

2037 1668 2338 1723 deformata
2405 1669 2578 1736 (recta
2625 1669 2768 1722 enim
2813 1669 2950 1724 linea
3012 1671 3061 1723 iu
3113 1671 3227 1740 ipsa
3290 1671 3608 1742 plerumque

341 1784 495 1829 ποις,
539 1765 772 1836 εὐσεϐής
818 1783 900 1828 τις
943 1764 1033 1818 καὶ
1061 1766 1203 1828 ὅσιος
1250 1761 1568 1836 εἶναιπαρὰ
1600 1769 1711 1829 τοῖς
1754 1767 1928 1837 ἑωρα-

2037 1759 2208 1816 fracta
2231 1764 2362 1829 est),
2384 1762 2428 1816 is
2455 1764 2506 1814 in
2541 1763 2629 1816 illa
2663 1773 2768 1816 stat
2807 1779 2911 1816 non
2944 1763 3100 1827 bene,
3136 1763 3417 1832 inaugulis
3443 1763 3608 1834 229

339 1858 469 1910 κόσι
501 1857 757 1928 νομισθῇ.
799 1857 955 1910 Ἀλλὰ
987 1856 1079 1910 καὶ
1113 1858 1220 1920 πᾶς
1247 1858 1274 1909 ὁ
1304 1858 1399 1928 τὴν
1430 1858 1684 1911 πλατεῖαν
1715 1859 1808 1912 καὶ
1840 1859 1930 1910 εὐ-

345 1949 611 2021 ρύχωρον
658 1949 854 2002 ὁδεύων
881 1950 1017 2013 ὁδὸν,
1053 1949 1150 2018 τὴν
1187 1950 1503 2018 ἁπάγουσαν
1531 1952 1622 2002 ἐπὶ
1649 1950 1746 2021 τὴν
1779 1949 1929 2003 dmi)-

337 2040 523 2103 λειαν,
567 2041 716 2094 οὐδὲν
756 2041 914 2112 ὀρθὸν
949 2041 1042 2094 καὶ
1081 2041 1232 2105 εὐθὲς
1281 2041 1528 2111 ἔχουσαν,
1576 2042 1712 2096 ἀλλὰ
1746 2046 1926 2096 πᾶσαν

342 2133 580 2186 σκολιὰν
604 2135 972 2204 τυγχάνουσαν
1009 2135 1101 2188 καὶ
1137 2136 1556 2206 γεγωνιωμένην
1611 2136 1925 2203 (κέκλασται

338 2227 457 2298 γὰρ
488 2227 582 2279 ἐπὶ
617 2226 864 2279 πλεῖστον
902 2230 933 2298 ἡ
972 2227 1204 2297 εὐθεῖα),
1236 2229 1294 2280 ὲν
1330 2229 1464 2298 αὐτῇ
1504 2227 1577 2299 (5)
1607 2229 1836 2300 ἕστηκεν
1869 2231 1929 2283 οὐ

341 2320 560 2384 καλῶς,
592 2322 646 2372 ὲν
677 2323 796 2384 ταῖς
839 2321 1062 2389 γωνίαις
1110 2319 1218 2372 τῶν
1261 2319 1528 2373 πλατειῶν
1562 2323 1929 2393 προσευχόμε-

340 2428 460 2474 νος,
487 2410 576 2463 διὰ
608 2411 704 2481 τῆς
739 2411 1044 2480 φιληδονίας
1083 2413 1203 2482 οὐχὶ
1243 2414 1298 2464 έν
1346 2415 1462 2482 μιᾷ,
1496 2412 1606 2464 ἀλλ’
1636 2415 1692 2464 ἐν
1719 2413 1928 2465 πλείοσι

339 2501 637 2570 γινόμενος
666 2501 962 2564 πλατείαις·
984 2505 1038 2554 ὲν
1064 2498 1150 2564 αἷς
1176 2503 1225 2553 οἱ
1252 2503 1330 2566 ὠς
1352 2503 1642 2569 ἅνθρωποι
1669 2504 1930 2570 ἀποθνή-

343 2608 638 2656 σκοντες,
663 2591 751 2644 διὰ
783 2593 842 2644 τὸ
867 2593 962 2663 τῆς
994 2593 1245 2664 θεότητος
1289 2595 1766 2659 ἀποπεπτωκέναι,
1800 2612 1928 2663 τυγ-

346 2685 580 2756 χάνουσι
629 2683 940 2748 δοξάζοντες
992 2686 1084 2737 καὶ
1120 2686 1510 2756 μακαρίζοντες
1558 2688 1683 2749 τοὺς
1725 2689 1779 2738 ἐν
1811 2691 1927 2752 ταῖς

346 2777 642 2840 πλατείαις
672 2777 886 2828 ἀσεϐεῖν
917 2776 989 2846 (4)
1030 2779 1212 2840 αὐτοῖς
1252 2778 1684 2847 νενομισμένους.
1736 2779 1928 2831 Πολλοὶ

340 2870 400 2921 δὲ
441 2871 531 2922 ἀεὶ
565 2871 636 2940 (5)
683 2871 732 2921 οί
782 2871 1089 2940 φαινόμενοι
1133 2874 1188 2924 έν
1225 2870 1301 2940 τῷ
1352 2871 1745 2941 προσεύχεσθαι
1774 2872 1929 2943 φιλη-

2035 1855 2336 1925 platearuui
2380 1869 2572 1920 Oraus,
2600 1867 2654 1908 et
2695 1856 2989 1926 voluptatis
3029 1870 3215 1909 amore
3243 1872 3346 1908 non
3391 1857 3443 1909 in
3477 1873 3604 1918 una,

2035 1951 2128 2005 sed
2177 1949 2226 2002 iu
2277 1948 2460 2002 multis
2511 1949 2817 2003 consistens
2852 1949 3067 2017 plateis,
3113 1950 3397 2017 inquibus
3434 1949 3468 2002 ii
3507 1950 3603 2019 qui

2037 2045 2338 2096 moriuntur
2367 2051 2420 2094 ut
2453 2041 2690 2097 homines
2717 2043 2761 2074 ⁸⁸
2796 2058 2861 2097 eo
2892 2045 3031 2112 quod
3071 2061 3099 2097 a
3132 2044 3416 2098 divinitate
3447 2045 3596 2098 exci-
3651 2034 3656 2038 ’

2036 2134 2233 2196 derint,
2266 2132 2547 2185 celebrant
2579 2133 2873 2201 beatosque
2908 2133 3027 2186 illos
3058 2135 3355 2201 praedicant
3381 2147 3516 2200 quos
3548 2132 3600 2186 in

2035 2225 2230 2296 plateis
2260 2226 2344 2294 pie
2374 2242 2536 2294 agere
2574 2226 2915 2280 existimant.
2948 2225 3086 2280 Sunt
3123 2238 3299 2280 autem
3329 2225 3479 2278 multi
3505 2225 3598 2293 qui

2033 2317 2174 2371 inter
2219 2318 2484 2371 orandum
2537 2319 2864 2387 voluptatum
2913 2331 3170 2373 amatores
3223 2319 3388 2388 magis
3440 2333 3600 2386 quam

2033 2407 2189 2461 Dei“
2225 2410 2499 2474 videntur,
2534 2423 2722 2480 utpote
2766 2412 2855 2480 qui
2899 2412 3090 2465 mediis
3131 2411 3181 2462 in
3233 2409 3502 2463 conviviis
3545 2417 3604 2463 et

2029 2501 2238 2567 poculis
2262 2503 2397 2558 ebrii
2452 2513 2629 2559 orant.
2680 2503 2739 2555 ΙΙι
2791 2518 2918 2557 vere
2968 2503 3018 2554 in
3051 2501 3264 2571 angulis
3297 2499 3601 2568 platearum

2033 2605 2184 2648 stant
2218 2605 2271 2648 et
2309 2607 2489 2649 orant.
2520 2597 2840 2664 Quicunque
2896 2597 3044 2649 enim
3089 2594 3351 2662 voluptati
3385 2593 3602 2646 deditus

2038 2691 2188 2754 vivit,
2220 2689 2491 2757 latamque
2521 2688 2698 2756 diligit
2729 2689 2892 2752 viam,
2932 2688 2978 2740 is
3021 2687 3224 2740 excidit
3263 2686 3332 2740 ab
3368 2692 3600 2753 angusta

2033 2791 2088 2834 et
2111 2791 2262 2836 arcta
2298 2779 2423 2836 Jesu
2459 2782 2660 2835 Christi
2705 2781 2790 2834 via
2825 2795 2943 2849 quae
2974 2796 3039 2833 ne
3068 2779 3349 2832 minimam
3382 2776 3601 2845 quidem

2033 2873 2322 2937 ﬂexuram,
2357 2873 2564 2926 nullum
2590 2872 2812 2925 omnino
2839 2871 3091 2940 angulum
3124 2869 3314 2922 habet.

338 2963 488 3016 δονοι
532 2963 728 3034 μᾶλλον
782 2964 812 3035 ἢ
856 2964 1109 3032 φιλόθεοι,
1162 2966 1217 3016 έν
1267 2965 1450 3035 μέσοις
1499 2967 1609 3028 τοῖς
1663 2967 1984 3035 συμποσίοις
2013 2969 2105 3020 καὶ
2155 2969 2304 3039 παρὰ
2343 2972 2463 3031 ταῖς
2501 2968 2691 3039 μέθαις
2732 2966 3184 3038 ὲμπαροινοῦντες
3210 2967 3273 3035 τῇ
3303 2963 3598 3034 προσευχῇ,

340 3059 564 3129 ἀληθῶς
599 3061 654 3112 ὲν
681 3061 798 3122 ταῖς
842 3059 1064 3127 γωνίαις
1112 3059 1219 3112 τῶν
1271 3058 1539 3112 πλατειῶν
1589 3060 1819 3123 ἑστῶτες

1869 3063 1961 3114 καὶ
1994 3064 2444 3134 προσευχόμενοι·
2497 3066 2601 3127 πᾶς
2650 3065 2758 3135 γὰρ
2803 3065 2831 3115 6
2866 3061 3008 3114 κατὰ
3048 3061 3144 3132 τὴν
3181 3059 3370 3132 ἡδονὴν
3422 3057 3592 3127 βιοὺς,

342 3151 407 3205 τὸ
439 3153 747 3225 εὐρύχωρον
775 3155 1082 3225 ἀγαπήσας,
1123 3152 1446 3207 ἐκπέπτωκε
1494 3156 1592 3226 τῆς
1650 3156 1840 3226 στενῆς
1879 3157 1972 3210 καὶ
1997 3158 2360 3232 τεθλιμμένης
2391 3160 2508 3215 ὁδοῦ
2548 3159 2716 3230 Ἰησοῦ
2765 3158 3019 3230 Χριστοῦ,
3088 3157 3206 3211 οὐδὲ
3246 3157 3344 3228 τὴν
3402 3153 3599 3224 τυχοῦ-

348 3262 454 3299 σαν
479 3247 704 3317 ὲχούσης
737 3246 977 3317 καμπὴν,
1013 3247 1106 3300 καὶ
1133 3246 1253 3300 οὐδὲ
1287 3247 1424 3310 ὅλως
1444 3248 1879 3317 γεγωνιωμένης.

425 3337 490 3389 Εἰ
511 3336 567 3389 δέ
595 3337 707 3391 ἐστί
731 3355 813 3402 τις
842 3339 1068 3410 διαφορὰ
1108 3340 1426 3411 Ἐκκλησίας
1449 3341 1542 3392 καὶ
1572 3341 1920 3410 Συναγωγῆς,

2102 3339 2193 3395 20.
2229 3340 2382 3406 Quod
2420 3340 2464 3394 si
2496 3354 2601 3407 qua
2645 3349 2730 3394 est
2751 3339 3004 3394 Ecclesiae
3041 3337 3347 3393 dill‘ereutia
3381 3347 3436 3392 et
3459 3337 3599 3410 Syn-

346 3431 454 3500 τῆς
499 3435 595 3502 μὲν
639 3435 840 3505 κυρίως
898 3432 1217 3505 Ἐκκλησίας
1260 3435 1357 3486 οὐκ
1395 3433 1624 3504 ἐχούσης
1671 3432 1918 3505 σπῖλονῆ

347 3525 563 3594 ῥυτίδα,
605 3525 636 3596 ἦ
671 3543 724 3578 τι
754 3525 859 3578 τῶν
891 3527 1163 3592 τοιούτων,
1207 3527 1340 3580 ἀλλὰ
1370 3528 1530 3595 ἁγίας
1569 3527 1659 3579 καὶ
1692 3525 1922 3597 ἀμώμου

343 3615 724 3685 τυγχανούσης
744 3632 757 3644 ο
784 3618 864 3680 είς
892 3618 956 3687 ἣν
981 3616 1103 3669 οὔτε
1126 3618 1154 3668 6
1175 3616 1468 3688 ἐκ,πόρνης
1494 3617 1798 3688 είσέρχεται
1823 3619 1922 3687 (6),

342 3705 471 3760 οὗτε
503 3709 531 3760 6
561 3707 826 3779 θλαδίαςῆ
858 3708 1320 3778 ἀποκεκομμένος,
1345 3707 1456 3760 ἁλλ’
1482 3708 1600 3761 οὐδὲ
1631 3708 1924 3776 Αίγύπτιος

343 3802 377 3872 ἢ
427 3802 740 3872 Ἰδουμαῖος,
769 3803 859 3856 ἐὰν
900 3803 994 3874 μὴ,
1031 3803 1160 3856 υἱῶν
1195 3802 1559 3872 γεννηθέντων
1605 3805 1783 3866 αὐτοῖς
1824 3803 1922 3874 (7),

344 3893 432 3946 διὰ
477 3895 580 3964 τὴν
624 3894 810 3966 τρίτην
850 3894 1041 3962 γενεὰν
1079 3894 1230 3964 μόλις
1272 3893 1569 3963 δυνηθῶσιν
1619 3893 1925 3965 ἐφαρμόσαι

343 3988 408 4056 τῇ
452 3985 749 4056 Ἐκκλησία
772 4002 785 4015 ο
825 3986 944 4039 οὐδὲ
975 3987 1003 4038 ὁ
1041 3985 1333 4056 Μωαΰίτης
1361 3987 1454 4040 καὶ
1497 3986 1804 4056 Ἀμανίτης,
1833 3986 1925 4039 ἐὰν

349 4077 423 4148 μὴ
455 4077 658 4149 δεκάτη
686 4077 846 4146 γενεὰ
877 4077 1157 4148 πληρωθῇ,
1188 4080 1282 4131 καὶ
1309 4081 1336 4130 6
1368 4077 1499 4132 αἰὼν
1525 4078 1747 4149 τελεσθῇ
1773 4095 1786 4108 ο
1823 4079 1923 4148 τῆς

344 4171 400 4225 δὲ
434 4174 767 4243 Συναγωγῆς
796 4173 897 4225 ὑπὸ
933 4173 1320 4245 ἑκατοντάρχου
1345 4174 1418 4244 (8)
1451 4175 1918 4246 οἰκοδομουμένης,

348 4265 404 4319 ὲν
433 4269 550 4330 τοῖς
587 4267 692 4337 πρὸ
730 4265 828 4336 τῆς
865 4266 940 4335 (9)
984 4265 1156 4337 Ἰησοῦ
1197 4267 1490 4338 ἐπιδημίας
1518 4269 1728 4340 χρόνοις
1768 4269 1924 4322 τοῦτο

351 4359 652 4422 ποιοῦντος,
704 4360 791 4412 ὅτε
841 4358 1046 4411 οὐδέπω
1099 4359 1512 4430 μεμαρτύρηται
1563 4359 1740 4412 πίστιν
1781 4361 1922 4431 ἔχειν

348 4450 555 4521 ὁπόσην
586 4449 706 4502 οὐδὲ
737 4452 794 4502 ἐν
824 4448 902 4519 τῷ
942 4449 1155 4521 Ἰσραὴλ
1213 4442 1368 4521 εὗρεν
1399 4453 1426 4503 6
1470 4451 1596 4513 Υἱὸς
1628 4449 1721 4504 τοῦ
1749 4452 1884 4505 Θεοῦ
1905 4471 1916 4482 ·

2031 3450 2232 3504 agugm,
2295 3451 2418 3489 cum
2455 3435 2701 3490 Ecclesia
2750 3435 2966 3503 proprie
3013 3434 3153 3486 dicta
3185 3447 3284 3486 nec
3333 3433 3594 3486 maculam

2030 3529 2225 3582 habeat
2251 3543 2425 3596 neque
2461 3544 2647 3596 rugam
2677 3537 2769 3581 aut
2804 3526 2934 3595 quid
2960 3526 3155 3586 simile,
3190 3525 3281 3579 sed
3312 3536 3497 3578 sancta
3525 3527 3597 3578 sit

2027 3629 2083 3673 et
2123 3619 2486 3688 iuculpaliilis,
2544 3620 2594 3672 in
2631 3634 2791 3687 quant
2825 3633 2932 3672 non
2983 3617 3283 3686 ingreditur
3312 3616 3379 3670 de
3412 3626 3595 3669 scorto

2029 3720 2210 3774 natus,
2243 3725 2416 3778 neque
2442 3712 2725 3763 etmuchus
2768 3710 2971 3762 attritis
2994 3708 3074 3761 vel
3121 3707 3410 3775 amputatis
3443 3708 3595 3760 testi-

2033 3803 2188 3866 culis,
2227 3817 2399 3872 ueque
2444 3802 2732 3871 IEgvptius
2776 3812 2867 3854 aut
2899 3800 3159 3854 ldumaeus
3187 3801 3254 3865 ⁵⁷,
3296 3815 3359 3854 ex
3397 3799 3594 3867 quibus

2032 3895 2124 3965 qui
2171 3895 2282 3948 nati
2340 3894 2543 3948 fuerint
2599 3895 2685 3947 vix
2744 3895 2901 3948 tertia
2944 3892 3296 3960 generatione
3339 3898 3592 3960 poterunt

2032 3984 2292 4041 Ecclesia:
2330 3985 2595 4054 coaptari,
2626 4000 2804 4054 neque
2838 3984 3093 4038 Moabites
3125 3992 3217 4038 aut
3260 3982 3591 4038 Ammonites

2031 4080 2134 4134 nisi
2163 4078 2371 4132 decima
2427 4077 2705 4148 generatio
2735 4077 2954 4145 impleta
2997 4076 3138 4130 sitet
3175 4075 3430 4129 smculum
3464 4087 3593 4126 exa-

2029 4183 2209 4236 ctum;
2243 4171 2524 4244 Synagoga
2563 4185 2692 4224 vero
2721 4169 2984 4222 aediﬁcata
3007 4168 3075 4223 sit
3101 4182 3129 4218 a
3161 4167 3474 4220 centurione
3497 4162 3588 4230 qui

2030 4275 2156 4318 ante
2200 4264 2400 4318 Christi
2453 4263 2742 4316 adventum
2797 4260 2898 4312 hoc
2948 4259 3197 4322 faciebat,
3233 4271 3352 4311 cum
3411 4265 3588 4309 tamen

2029 4355 2266 4408 nondum
2330 4352 2698 4406 testimonium
2761 4351 3062 4418 accepisset
3133 4349 3253 4402 lidei
3303 4345 3590 4414 ejusmodi,

2029 4454 2281 4512 quautam
2317 4460 2413 4497 nec
2437 4445 2490 4496 in
2517 4441 2678 4496 Israel
2708 4441 3105 4498 iuvenit-Fi|ius
3133 4440 3221 4494 Dei
3242 4438 3310 4503 ⁸⁸;
3335 4437 3424 4507 qui
3449 4447 3595 4492 amat

351 4539 380 4593 ὁ
407 4538 580 4606 φιλῶν
606 4539 660 4592 δὲ
690 4539 796 4609 (10)
828 4537 1219 4609 προσεύχεσθαι
1242 4541 1298 4593 ἐν
1326 4543 1444 4603 ταῖς
1474 4544 1834 4610 συναγωγαῖς,
1864 4542 1921 4594 οὐ

2037 4539 2083 4591 in
2111 4537 2402 4606 synagogis
2429 4550 2606 4596 orare,
2639 4551 2744 4588 non
2771 4534 2927 4604 longe
2963 4534 3118 4587 abest
3144 4532 3210 4585 ab
3238 4529 3448 4600 angulis
3473 4527 3589 4598 pla-

422 4657 466 4684 ⁸⁸
497 4655 621 4709 Luc.
655 4670 763 4715 xVI,
795 4655 885 4709 25.
962 4658 1008 4688 ⁵³
1040 4655 1216 4710 Galat.
1252 4673 1326 4720 vr,
1356 4656 1408 4711 8.

357 4737 516 4779 mn.
591 4727 636 4759 ⁵⁸
668 4726 860 4780 Matth.
896 4743 1027 4788 νιιι.
1060 4729 1146 4780 10.

435 4866 542 4938 (98)
571 4869 670 4923 Διὰ
693 4871 780 4925 τό.
800 4869 1072 4926 Bentleius
1095 4869 1247 4935 legit,
1273 4869 1358 4924 διά
1382 4888 1438 4923 τε
1475 4871 1552 4923 τό.

579 4942 753 5010 Codex
784 4956 931 5010 ms.,_
947 4943 1143 5010 τυχεῖν.
1173 4941 1346 5010 Edjtia
1380 4941 1696 5003 0x0uiens.,
1717 4938 1906 5010 τυχόν.

434 5007 506 5076 (1)
524 5007 668 5062 Εἴτε
687 5009 876 5063 δώσει.
908 5007 1054 5078 Lego
1083 5027 1202 5062 cum
1236 5009 1498 5074 Bcntlcio,
1516 5010 1613 5062 εἴτ’
1635 5010 1690 5061 ἐν
1709 5007 1871 5062 δόσει.

433 5078 506 5148 (2)
536 5080 696 5132 Μετὰ
723 5081 1073 5149 σαλπισμοῦ
1108 5097 1231 5133 του.
1281 5081 1599 5136 Bentleiusa
1640 5097 1735 5132 του
1772 5080 1912 5135 tollit

364 5161 671 5210 aeceutum,
706 5161 761 5201 ut
784 5167 878 5219 του
904 5153 975 5203 sit
1008 5167 1104 5219 pro
1131 5152 1295 5215 τινός.

434 5219 506 5291 (5)
558 5221 653 5273 Ἐν
685 5218 857 5291 αὐτῇ,
888 5228 989 5274 (ἓῑοι
1009 5217 1179 5288 Legit
1206 5219 1506 5291 Bentleius;
1528 5220 1584 5271 ὲν
1601 5219 1734 5291 αὐτῇ
1761 5217 1912 5287 έστηο

363 5289 606 5352 κεν,ὀύκ
637 5289 810 5353 ἄλλως
839 5293 894 5343 ὲν
914 5293 1032 5352 ταῖς
1061 5291 1284 5355 γωνίαις
1309 5291 1414 5343 τῶν
1459 5289 1723 5342 πλατειῶν
1751 5304 1920 5358 προσ-

370 5359 683 5432 εὐχόμενος,
722 5360 876 5432 ἢίδιὰ
898 5362 996 5429 τῆς
1027 5359 1342 5432 φιλοδοξίας.

433 5427 512 5501 (ἦ)
560 5427 832 5486 Ἀσεϐἐῖν.
863 5427 1004 5500 Lego
1026 5427 1146 5483 eum
1171 5429 1430 5501 Bentleio,
1449 5427 1710 5480 εὐσεϐεῖν.

454 5500 505 5565 5)
552 5504 678 5556 Ἀεί.
713 5501 855 5565 Lego
884 5516 1018 5562 cum,
1039 5501 1250 5561 eodem,
1275 5500 1430 5552 εἰσίν.

454 5503 483 5555 5
552 5504 678 5556 Ἀεί.
713 5501 855 5565 Lego
884 5516 1018 5562 cum,
1039 5501 1250 5561 eodem,
1275 5501 1430 5552 εἰσίν.

431 5501 505 5643 (ὃ)
545 5573 728 5628 Codex
771 5588 897 5635 ms.,
939 5568 1261 5640 εἰσέρχεται.
1301 5569 1477 5624 Editio
1511 5569 1710 5631 Oxon.,
1747 5569 1926 5639 εἰσέρ-

398 5653 535 5697 Titan.

362 5652 535 5784 xviai)“
555 5714 688 5768 Ἐὰν
736 5713 820 5782 μὴ
873 5709 1018 5764 υἱῶν
1072 5709 1474 5779 γεννηθέντων
1519 5709 1739 5775 αὐτοῖς.
1775 5707 1924 5774 Legit

1489 4656 1534 4688 “
1565 4655 1749 4711 Matth.
1781 4673 1876 4725 vn,
1908 4659 1993 4712 15.

2071 4658 2116 4688 ⁵⁵
2146 4655 2288 4710 Psal.
2324 4671 2518 4719 Lxxxi,
2547 4655 2598 4707 7.
2675 4655 2719 4685 ³⁵
2751 4652 2792 4708 ll
2817 4653 2956 4710 Tim.
2994 4669 3095 4717 ιιι,
3152 4651 3203 4705 4.
3299 4649 3341 4682 ⁸⁷
3369 4649 3586 4704 Deuter.

2014 4863 2496 4953 Beiirtlei'us,§6‘f6é
2526 4869 2631 4920 υἱοὶ
2658 4865 2986 4953 γεννηθῶσιν
3015 4865 3224 4953 αὐτρῖς,
3259 4865 3510 4953 ut‘LXX.

2093 4937 2166 5009 (8)
2217 4938 2353 4992 Ὑπὸ
2395 4937 2848 5006 ἑκατοντάρχου.
2905 4939 2993 5009 Sic
3043 4938 3202 4989 habet
3247 4939 3412 4989 codex
3474 4953 3588 4991 ma-

2021 5007 2328 5076 nuscriptus
2378 5009 2430 5062 in
2476 5025 2582 5077 quo
2630 5023 2820 5076 netupe
2876 5007 3142 5078 scriptum
3177 5017 3281 5078 est,
3317 5023 3446 5078 ρχου
3491 5024 3590 5076 per

2021 5081 2500 5134 abbreviatiouem.
2549 5078 2679 5131 Nam
2731 5095 2762 5148 ρ
2806 5086 3019 5148 centum
3067 5077 3224 5130 Valet.
3271 5077 3406 5130 Male
3455 5093 3586 5130 vero

2021 5165 2143 5228 pro-
2168 5167 2319 5220 ρχου,
2367 5151 2534 5205 editio
2567 5147 2886 5204 Oxoniensis
2931 5147 2983 5200 ill
3023 5157 3168 5200 textu
3213 5149 3404 5200 habet.
3452 5148 3589 5217 Χρι-

2022 5237 2146 5273 στου
2157 5261 2168 5272 .

2091 5293 2166 5357 i9)
2202 5289 2322 5357 Πρὸ
2367 5289 2498 5355 τῆς,
2527 5299 2631 5342 etc.
2671 5286 2762 5341 Sic
2807 5299 2950 5342 recte
2979 5286 3339 5357 habet_code_x
3389 5299 3584 5357 manu:

2021 5377 2058 5412 s-
2085 5351 2294 5426 riptus';
2320 5351 2492 5414 editio
2527 5377 2653 5412 vero
2704 5358 3044 5429 annieusis,
3077 5355 3213 5429 πρὸς
3259 5355 3356 5422 τῆς
3400 5351 3583 5429 llr-3006

2019 5423 2308 5501 ἐπιδημίας
2339 5431 2550 5500 χρόνοις
2595 5429 2744 5501 [περὶ
2789 5427 3021 5501 ἐθνικοῦ]
3076 5423 3584 5501 τοῦτο-ποιοῦντοςρ

2025 5487 2439 5572 μεμαρτύρηται
2469 5487 2650 5552 πίστιν
2691 5487 2831 5568 ἔχειν
2864 5487 3071 5563 ὁπόσην
3105 5495 3194 5545 ὅτε
3219 5490 3428 5542 οὐδέπω
3465 5487 3588 5544 οὐδὲ

2026 5586 2081 5622 εν
2112 5571 2202 5656 τῴἱ
2225 5571 2458 5656 Ἰσραήλῖ

2095 5636 2206 5712 (10)
2248 5636 2336 5694 Δέ.
2372 5636 2527 5704 Dele;
2565 5639 2648 5692 vel
2682 5638 2814 5705 lege,
2842 5636 2928 5705 δή.
