3974 6160
393 216 498 278 ιῗθ

1863 225 2019 282 ORlC
2028 223 2179 278 EMS

3509 229 3632 286 ‘80

393 352 627 397 tearum.
660 341 767 399 Sed
791 345 870 400 vir
887 355 1106 403 sanctus
1125 361 1227 402 non
1254 355 1335 401 est
1350 347 1634 417 ejusmodi.
1666 345 1782 400 Non
1814 346 1955 400 enim

2077 344 2275 414 ιακράν
2308 344 2422 394 ἐστι
2464 341 2570 394 τῶν
2599 341 2808 410 γωνιῶν
2839 341 2945 395 τῶν
2979 342 3260 398 πλατειῶν.
3308 344 3444 399 Ἀλλ’
3468 346 3562 416 οὐχ
3591 348 3634 401 6

394 442 549 487 amat
604 447 786 502 orare,
829 438 925 491 sed
965 436 1158 502 diligit,
1191 450 1291 491 nec
1324 436 1376 489 in
1423 435 1732 506 synagogis,
1777 437 1867 490 sed
1902 435 1954 486 in

394 523 663 587 ecclesiis,
722 539 820 578 nec
849 525 900 577 in
932 523 1516 592 angnlis,platcarum,
1567 528 1658 579 sed
1695 525 1745 577 in
1802 523 1959 577 recti-

395 611 582 665 tudine
629 621 863 682 angustae
901 621 952 663 et
981 621 1142 664 arctae
1166 613 1294 674 viae;
1335 628 1507 682 neque
1536 622 1592 666 nt
1620 613 1861 667 videatur
1890 612 1958 665 ab

398 700 730 768 hominibus,
770 701 862 754 sed
901 710 959 753 ut
1003 711 1262 771 appareat
1296 703 1348 756 in
1403 714 1694 773 conspectu
1745 701 1958 756 Domini

2059 433 2212 502 ἅγιος
2256 430 2522 494 τοιοῦτος·
2576 433 2636 485 οὑ
2687 432 2828 502 φιλεῖ
2877 432 2984 504 γὰρ
3024 433 3434 504 προσεύχεσθαι,
3485 435 3630 491 ἀλλὰ

2059 524 2278 593 ἀγαπᾷ·
2315 522 2407 574 καὶ
2437 522 2536 575 οὐκ
2570 523 2626 576 ὲν
2659 526 3012 590 συναγωγαῖς,
3042 523 3154 576 ἀλλ’
3187 527 3244 578 ὲν
3273 525 3586 596 ἐκκλησίαις
3607 545 3623 557 ·

2060 613 2152 666 καὶ
2176 613 2274 664 οὐκ
2299 612 2355 664 ὲν
2380 611 2600 679 γωνίαις
2628 611 2913 675 πλατειῶν,
2934 611 3045 664 ἀλλ’
3075 612 3133 667 ἐν
3159 615 3222 683 τῇ
3255 613 3505 685 εύθύτητι
3522 617 3635 688 τῆς

2062 702 2253 772 στενῆς
2285 702 2378 754 καὶ
2410 701 2768 772 τεθλιμμένης
2793 703 2912 755 ὁδοῦ
2931 719 2945 733 ⁸
2977 702 3109 756 ἀλλά
3130 704 3220 758 καὶ
3243 705 3340 775 οὐχ
3367 705 3456 758 ἵνα
3481 707 3629 777 φανῇ

402 793 520 847 Dei.
579 793 853 846 Masculus
883 793 1026 845 enim
1064 801 1147 846 est
1205 794 1583 863 acceptabilem
1620 795 1829 848 Domini
1861 811 1958 848 an-

2077 795 2170 855 τοίς
2214 790 2543 861 ἀνθρώποις,
2591 791 2705 844 ἀλλ’
2745 793 2811 846 ἶν’
2849 793 2984 865 ὀφθῇ
3014 793 3240 849 ἐνώπιον
3281 796 3486 868 Κυρίου
3528 796 3632 850 τοῦ

365 895 528 936 'num
572 884 836 952 cogitans,
861 883 1097 953 illudque
1147 899 1367 939 servans
1395 888 1737 941 mandatum:
1774 885 1961 940 Tribus

400 973 718 1040 temporibus
763 973 893 1026 anni
923 972 1191 1040 apparebit
1251 988 1400 1026 omne
1453 974 1797 1026 masculinum
1841 983 1962 1025 ante

402 1062 684 1116 Dominum
707 1062 876 1117 Deum
906 1065 970 1116 ”.
999 1062 1091 1117 Est
1113 1071 1291 1116 autem
1315 1062 1960 1135 diligenterintelligenda

402 1154 495 1208 illa
557 1169 684 1212 vox.
734 1155 1030 1210 videantur.
1063 1155 1214 1221 Quod
1262 1156 1404 1210 enim
1465 1164 1671 1208 tantum
1729 1155 1961 1217 videtur,

397 1242 686 1312 pulchrum
722 1260 829 1298 non
861 1255 966 1308 est,
997 1247 1194 1314 quippe
1220 1245 1358 1313 quod
1395 1244 1645 1314 opinione
1676 1243 1846 1298 solum
1893 1243 1966 1297 sit

395 1342 458 1389 et
492 1350 595 1388 non
649 1350 797 1399 vere,
836 1337 1181 1404 animumque
1235 1336 1371 1390 falsa
1429 1345 1483 1390 et
1533 1335 1678 1389 inani
1730 1335 1964 1404 imagine

402 1425 660 1494 decipiat.
697 1425 1160 1492 Quemadmodum
1210 1438 1388 1482 autem
1424 1429 1460 1483 ii
1513 1428 1604 1499 qui
1655 1426 1864 1481 fabulas
1907 1426 1962 1481 in

399 1519 638 1573 theatris
697 1530 880 1587 agunt,
936 1537 1039 1574 non
1085 1518 1136 1573 id
1187 1530 1312 1574 sunt
1371 1521 1513 1589 quod
1543 1521 1746 1583 dicunt,
1793 1533 1967 1588 neque

405 1611 548 1677 quod
584 1619 804 1678 pr0pter
860 1611 1165 1678 impositam
1217 1624 1500 1681 personam
1528 1624 1646 1664 esse
1674 1610 1964 1664 videntur:

2061 881 2214 936 Θεοῦ·
2262 883 2433 955 ἄρρην
2477 884 2584 957 γάρ
2633 886 2746 937 ἐστι
2789 883 2877 938 τὸν
2923 884 3105 939 δεκτδν
3151 887 3388 940 ἐνιαυτὸν
3421 887 3633 960 Κυρίου

2061 975 2215 1040 νοῶν,
2256 977 2348 1029 καὶ
2390 976 2489 1047 τὴν
2536 975 2749 1046 ἐντολὴν
2795 976 2975 1047 τηρῶν
3012 975 3109 1046 τὴν
3152 975 3442 1045 λέγουσανο
3497 979 3636 1046 Τρίς
3721 1012 3724 1014 -

2061 1065 2169 1118 τοῦ
2197 1065 2479 1121 ἐνιαυτοῦ
2513 1067 2832 1136 ὀφθήσεται
2865 1065 2974 1136 (11)
3001 1065 3122 1120 πᾶν
3148 1066 3467 1133 ἀρσενικὸν
3496 1066 3637 1120 ἐνώ-

2061 1167 2202 1210 πιον
2225 1155 2444 1222 Κυρίου
2465 1155 2570 1209 τοῦ
2589 1155 2754 1211 Θεοῦ.
2797 1155 3098 1226 Ἐπιμελῶς
3117 1157 3173 1210 δὲ
3197 1157 3485 1210 ἀκουστέον
3511 1156 3633 1220 τοῦ,

2063 1243 2361 1313 φανῶσιν·
2395 1245 2515 1296 ἐπεὶ
2551 1245 2699 1297 οὐδὲν
2729 1245 3047 1315 φαινόμενον
3082 1245 3242 1299 καλόν
3274 1247 3440 1309 ἐστιν,
3469 1245 3638 1298 οἱονεὶ

2063 1337 2278 1407 δοκήσει
2311 1335 2368 1389 ὃν
2401 1337 2494 1389 καὶ
2525 1336 2624 1388 οὑκ
2656 1336 2888 1406 ἀληθῶς,
2919 1337 3011 1389 καὶ
3038 1337 3135 1408 τὴν
3169 1337 3462 1406 φαντασίαν
3495 1338 3637 1390 πλα-

2064 1427 2190 1491 νῶν,
2214 1427 2325 1480 ἀλλ’
2357 1428 2455 1480 οὐκ
2486 1427 2726 1498 ἀκριϐῶς
2752 1429 2844 1481 καὶ
2871 1427 3084 1498 ἀληθῶς
3111 1429 3390 1481 ὲκτυποῦν.
3424 1429 3636 1500 ’Ὠσπερ

2065 1517 2121 1572 δὲ
2147 1520 2196 1571 οἱ
2223 1520 2278 1572 ὲν
2301 1522 2411 1581 τοῖς
2439 1517 2684 1590 θεάτροις
2713 1518 2999 1589 δραμάτων
3020 1519 3178 1573 τινῶν
3204 1520 3507 1590 ὑποκριταὶ,
3530 1521 3635 1591 οὐχ

2067 1606 2200 1678 ὅπερ
2225 1605 2469 1675 λέγουσίν
2503 1610 2660 1670 εἰσιν,
2695 1607 2801 1660 οὐδ’
2837 1609 2969 1678 ὅπερ
3004 1607 3284 1678 βλέπονται
3324 1609 3446 1661 καθ’
3473 1609 3501 1661 ὃ
3533 1627 3636 1662 πε-

411 1700 490 1754 sic
525 1702 832 1770 quicunque
865 1703 1076 1757 honesti
1117 1702 1296 1770 specie
1324 1712 1529 1756 tantum
1558 1702 1836 1764 ornantur,
1863 1715 1969 1754 non

2077 1696 2337 1768 ρίκεινται
2371 1697 2678 1767 πρόσωπον,
2710 1697 2867 1751 τούτο
2911 1699 3260 1769 τυγχάνουσιν
3280 1717 3300 1730 “
3325 1699 3496 1762 οὕτως
3537 1702 3637 1753 καὶ

401 1791 536 1859 justi
559 1803 702 1858 sunt,
738 1793 1068 1860 sedjnstitiae
1097 1795 1388 1850 histriones
1415 1793 1504 1864 qui
1556 1793 1606 1846 in
1635 1808 1731 1846 suo
1773 1802 1828 1848 et
1859 1793 1959 1862 ipsi

407 1883 570 1953 230
599 1884 809 1938 theatro
842 1896 1025 1955 agunt,
1056 1886 1107 1940 in
1133 1885 1416 1955 synagogis
1439 1883 1642 1939 scilicet
1665 1892 1720 1938 et
1758 1883 1963 1954 angulis

405 1976 728 2044 platearum.
762 1975 860 2042 Qui
895 1991 1020 2031 vero
1049 1978 1326 2047 hypocrita
1353 1992 1456 2030 non
1493 1986 1598 2042 est,
1650 1976 1742 2030 sed
1785 1975 1964 2028 alieno

402 2065 552 2118 omni
601 2073 792 2119 ornatu
828 2066 1071 2134 deposito
1105 2067 1204 2121 sibi
1227 2066 1325 2137 ipsi
1351 2066 1564 2136 placere
1588 2063 1768 2120 studet
1796 2064 1848 2118 in
1874 2062 1966 2118 illo

408 2156 629 2210 theatro
671 2157 811 2226 quod
847 2158 1114 2226 prazdictis
1161 2157 1266 2212 illis
1299 2157 1453 2227 longe
1477 2157 1816 2227 praestantius
1861 2164 1964 2218 est,

413 2243 459 2297 is
484 2243 650 2297 intrat
684 2245 735 2298 in
777 2245 1080 2300 cubiculum
1111 2263 1290 2311 suum,
1320 2248 1408 2301 ubi
1449 2253 1647 2314 praeter
1679 2253 1967 2314 congestas

408 2334 629 2390 divitias
678 2351 800 2390 cum
849 2339 1126 2406 sapientia:
1154 2348 1208 2394 et
1235 2337 1474 2393 scientia:
1517 2335 1623 2390 sibi
1655 2336 1965 2389 thesaurum

411 2426 714 2494 incluserit,
747 2444 842 2483 nec
895 2430 1043 2484 foras
1078 2430 1315 2500 respicit,
1347 2444 1446 2485 nec
1499 2428 1670 2482 inhiat
1701 2427 1767 2481 ad
1817 2436 1968 2480 exte-

411 2517 579 2586 riora,
614 2520 952 2589 occlusisque
1009 2523 1260 2576 munibus
1307 2535 1559 2575 sensuum
1598 2517 1754 2572 osdis
1791 2532 1857 2571 ne
1901 2517 1968 2570 ab

417 2609 524 2665 illis
547 2612 881 2666 distrahatur
911 2623 1005 2666 aut
1035 2629 1217 2667 eorum
1250 2613 1510 2680 imagines
1538 2613 1590 2665 in
1623 2611 1859 2664 animum
1891 2609 1971 2662 in-

415 2699 809 2765 lromittantnr,
859 2711 979 2756 orat
1038 2699 1251 2754 Patrem
1283 2701 1374 2770 qui
1422 2699 1795 2755 absconditum
1828 2698 1972 2766 ejus-

415 2790 555 2843 modi
607 2808 705 2847 nec
757 2793 895 2863 fugit
936 2809 1033 2847 nec
1062 2794 1282 2858 deserit,
1322 2792 1416 2846 sed
1455 2791 1630 2861 ipsum
1686 2790 1974 2854 inhabitat,

415 2886 699 2956 Unigenito
727 2890 889 2942 etiam
939 2889 1245 2942 comitatus.
1283 2887 1389 2956 Ego
1418 2887 1560 2941 enim
1589 2896 1637 2940 et
1665 2883 1850 2950 Pater,
1877 2885 1974 2947 ait,

410 2980 485 3030 ad
515 2995 631 3032 eum
655 2981 913 3033 veniemus
939 2990 986 3033 et
1006 2982 1326 3034 mansionem
1349 2979 1486 3046 apud
1502 2994 1617 3030 eum
1637 2977 1890 3046 faciemus
1907 2975 1971 3027 '°.

2071 1788 2270 1851 πάντες
2295 1789 2344 1840 οἱ
2373 1790 2832 1861 ὲπιμορφάζοντες
2859 1790 2968 1862 (12)
2994 1791 3070 1861 τῷ
3093 1791 3268 1844 δοκεῖν
3298 1791 3394 1863 τὴν
3418 1792 3510 1845 τοῦ
3536 1809 3640 1846 κα-

2065 1877 2157 1931 λοῦ
2196 1880 2492 1948 φαντασίαν
2514 1883 2571 1934 ού
2592 1881 2808 1945 δίκαιοι,
2840 1882 2952 1935 ἀλλ’
2987 1883 3274 1955 ὑποκριταί
3300 1885 3403 1937 εἰσι
3431 1885 3636 1938 δικαιο-

2069 1968 2252 2040 σύνης,
2282 1970 2375 2022 καὶ
2408 1971 2557 2023 αὑτοὶ
2599 1973 2654 2025 ὲν
2686 1971 2798 2042 ἰδίῳ
2826 1971 3034 2044 θεάτρῳ
3060 1973 3488 2044 ὑποκρινόμενοι,
3517 1977 3655 2038 ταῖςς

2071 2063 2406 2128 συναγωγαῖς
2436 2061 2529 2112 καὶ
2555 2061 2675 2124 ταῖς
2700 2061 2920 2130 γωνίαις
2947 2059 3052 2114 τῶν
3077 2061 3359 2116 πλατειῶν.
3401 2062 3457 2115 '0
3481 2061 3538 2114 δὲ
3563 2061 3640 2133 μὴ

2070 2149 2384 2219 ὑποκριτὴς,
2414 2149 2548 2203 ἀλλὰ
2575 2151 2681 2204 πᾶν
2708 2152 2766 2204 τὸ
2791 2151 3062 2223 ἀλλότριον
3095 2152 3444 2224 ἀποθέμενος,
3473 2153 3531 2206 ἐν
3558 2152 3652 2223 τῷ·

2071 2242 2268 2318 παντὸς
2287 2242 2378 2295 τοῦ
2402 2245 2794 2316 προειρημένου
2817 2244 3048 2316 θεάτρου.
3065 2247 3184 2300 καθ’
3205 2246 3503 2318 ὑπερϐολὴν
3529 2248 3640 2316 μείέ

2071 2333 2182 2399 ξονι
2224 2317 2398 2405 ἐαυτῷ
2414 2335 2666 2406 ἀρέσκειν
2681 2336 3028 2407 εὐτρεπίζων,
3042 2337 3339 2408 εἰσέρχεται
3359 2339 3439 2400 είς
3452 2338 3509 2390 τὸ
3523 2340 3644 2392 ἑαυ-

2071 2426 2163 2481 τοῦ
2194 2430 2436 2498 ταμεῖον,
2472 2429 2564 2480 ἐπὶ
2581 2428 2674 2481 τοῦ
2705 2429 3358 2501 ὲναποτεθησαυρισμένου
3387 2429 3638 2496 πλούτου,

2071 2518 2160 2572 τὸν
2183 2518 2279 2588 τῆς
2304 2518 2488 2586 σοφίας
2516 2518 2606 2572 καὶ
2637 2517 2886 2587 γνώσεως
2906 2519 3171 2591 θησαυρὸν
3199 2519 3373 2589 ἐαυτῷ
3397 2518 3651 2573 ἀποκλείι-

2077 2624 2192 2675 σας,
2217 2609 2310 2662 καὶ
2339 2608 2598 2679 μηδαμῶς
2625 2607 2726 2672 ἔξω
2754 2609 2943 2673 νεύων,
2975 2610 3105 2680 μηδὲ
3129 2610 3254 2682 περὶ
3272 2610 3339 2662 τὰ
3363 2608 3466 2674 ἔξω
3487 2627 3643 2681 κεχη-

2074 2699 2200 2764 νὼς,
2220 2700 2398 2755 πᾶσάν
2421 2717 2479 2752 τε
2495 2701 2590 2771 τὴν
2607 2699 2772 2771 θύραν
2795 2701 2899 2754 τῶν
2917 2700 3276 2772 αἰσθητηρίων
3293 2701 3648 2767 ἀποκλείσας,

2076 2791 2164 2845 ἵνα
2211 2790 2284 2861 μὴ
2322 2790 2544 2862 ἕλκηται
2591 2791 2693 2844 ὑπὸ
2737 2790 2842 2845 τῶν
2884 2791 3202 2862 αῖσθήσεων,
3243 2791 3373 2864 μηδὲ
3419 2792 3654 2846 ἐκείνωνμ

2077 2883 2109 2950 ἡ
2155 2881 2424 2950 φαντασία
2455 2879 2531 2949 τῷ
2574 2879 2650 2949 νῷ
2681 2879 2843 2933 αὐτοῦ
2877 2881 3302 2952 ὲπεισκρίνηται,
3351 2881 3651 2953 προσεύχειι

2079 2990 2167 3027 ται
2197 2972 2304 3043 (15)
2339 2971 2416 3042 τῷ
2448 2970 2508 3023 τὸ
2536 2971 2769 3024 τοιοῦτον
2802 2971 3037 3042 κρυπτὸν
3085 2971 3158 3044 μὴ
3199 2973 3464 3042 φεύγοντι,
3507 2969 3654 3042 μηδι

417 3067 642 3121 Planum
675 3081 756 3122 est
789 3086 911 3134 nos,
942 3071 984 3124 si
1010 3081 1086 3125 src
1109 3085 1348 3132 oremus,
1380 3069 1742 3137 postulaturos
1766 3065 1971 3133 justum

2077 3063 2516 3132 ἐγκαταλείποντι
2532 3063 2727 3132 Πατρὶ,
2752 3062 2864 3114 ἀλλ’
2882 3065 2937 3116 ἐν
2960 3062 3107 3134 αὑτῷ
3129 3063 3482 3129 κατοικοῦντι,
3503 3080 3652 3135 συμμ-

419 3174 527 3212 non
580 3160 747 3214 Deum
782 3161 978 3226 solum,
1010 3163 1102 3216 sed
1151 3171 1206 3215 et
1258 3160 1474 3215 Patrem
1497 3159 1588 3227 qui
1639 3171 1735 3211 nos
1791 3163 1975 3224 utpote

423 3251 566 3306 filios
608 3267 712 3306 non
763 3253 1109 3322 derelinquit,
1165 3252 1257 3306 sed
1315 3251 1364 3304 in
1422 3249 1735 3304 abscondito
1792 3257 1976 3301 nostro

421 3347 576 3400 adest
615 3346 848 3415 illudque
882 3347 1118 3416 inspicit,
1147 3354 1413 3414 augetque
1445 3345 1583 3399 bona
1627 3344 1696 3400 in.
1733 3342 1978 3396 cubiculo

429 3443 616 3489 nostro
647 3434 944 3498 recondita,
1002 3435 1047 3487 si
1101 3434 1260 3487 modo
1292 3432 1409 3503 ejus
1456 3431 1656 3486 ostium
1689 3428 1980 3485 occluseri-

423 3539 559 3577 llttlS.

2073 3156 2336 3226 παρόντος
2362 3153 2506 3224 αὐτῷ
2533 3154 2624 3206 καὶ
2651 3155 2740 3207 τοῦ
2766 3156 3116 3223 Μονογενοῦς.
3164 3157 3301 3227 Ἐγὼ
3327 3156 3454 3227 γὰρ,
3489 3155 3655 3227 φησι,

2079 3247 2176 3298 καί
2220 3248 2252 3299 ὁ
2281 3245 2482 3314 Πατὴρ
2502 3245 2647 3314 πρὸς
2681 3246 2866 3300 αὑτὸν
2896 3248 3285 3317 ἐλευσόμεθα,
3321 3248 3418 3301 καί
3448 3247 3649 3317 μονὴν

2079 3339 2212 3406 παρ’
2233 3337 2391 3404 αὐτῷ
2421 3341 2804 3408 ποιησόμεθα.
2838 3339 3005 3411 Δῆλον
3040 3340 3095 3394 δὲ
3119 3341 3198 3394 ὅτι
3222 3340 3296 3411 τῷ
3320 3341 3529 3412 δικαίῳ,
3554 3341 3648 3396 ἐὰν

2078 3429 2141 3500 δὴ
2169 3429 2276 3499 (14)
2303 3429 2472 3494 οὕτως
2491 3429 2791 3502 εὐχώμεθα,
2820 3431 2879 3483 οὐ
2908 3431 3064 3501 μόνον
3093 3431 3228 3500 Θεῷ,
3253 3431 3386 3484 ἀλλά
3411 3433 3504 3486 καὶ
3533 3432 3649 3485 Πα-

2079 3522 2166 3592 τρὶ
2213 3518 2571 3590 ἐντευξόμεθα
2609 3522 2684 3586 ὡς
2727 3522 2856 3577 υἱῶν
2901 3523 2974 3593 μὴ
3033 3522 3458 3594 ἀπολειπομένῳ,
3516 3522 3648 3576 ἀλλά

428 3620 650 3691 παρόντι
683 3620 837 3690 ἡμῶν
879 3617 955 3689 τῷ
991 3616 1236 3691 κρυπτῷ,
1266 3618 1357 3672 καὶ
1395 3615 1655 3689 ὲφορῶντι
1685 3615 1836 3680 αὐτὸ,
1870 3614 1961 3668 καὶ
1995 3615 2210 3670 πλείονα
2234 3616 2301 3669 τά
2326 3618 2382 3672 ἐν
2401 3615 2714 3691 τῷταμιείῳ
2732 3617 2990 3682 ποιοῦντι,
3019 3619 3109 3673 ὲάν
3135 3618 3308 3673 αὐτοῦ
3331 3617 3428 3690 τὴν
3479 3617 3650 3690 θύραν

420 3710 621 3762 ἀποκλε
632 3710 726 3762 ίσω
733 3728 849 3780 μεν.

494 3803 582 3856 ⁸21.
615 3803 879 3858 Caeterum
907 3815 1144 3868 orantes,
1176 3819 1278 3857 non
1309 3801 1512 3866 inania,
1549 3801 1641 3856 sed
1673 3801 1830 3869 digne
1877 3800 1984 3853 Deo

426 3896 732 3964 loquamur.
782 3894 1078 3963 Loquimnr
1098 3905 1276 3950 autem
1309 3909 1471 3958 vana,
1503 3909 1624 3947 cum
1663 3906 1837 3961 neque
1861 3907 1984 3945 nos-

430 3985 686 4055 metipsos
709 4001 880 4055 neque
901 3986 1126 4042 enussos
1163 4002 1191 4040 a
1227 3987 1381 4041 nobis
1417 3987 1469 4039 in
1498 3985 1746 4039 oratione
1769 3998 1978 4038 sermo-

430 4092 525 4131 ncs
587 4091 772 4130 severe
808 4075 1196 4140 examinamus,
1253 4077 1346 4130 sed
1381 4077 1448 4129 de
1493 4075 1655 4128 rebus
1711 4073 1980 4140 corruptis

427 4168 719 4238 loquimur,
743 4178 836 4221 aut
864 4183 1136 4223 sermones
1165 4179 1219 4224 et
1242 4171 1602 4238 cogitationes
1653 4167 1983 4236 proferimus

428 4257 666 4324 abjectas
721 4276 784 4314 ac
852 4259 1277 4328 reprehensione
1320 4260 1528 4328 dignas,
1584 4258 1899 4327 alienasque
1953 4275 1982 4313 a

428 4349 638 4403 Domini
660 4353 916 4418 puritate.
940 4348 1057 4404 Jam
1093 4350 1256 4420 quiin
1289 4350 1535 4406 oratione
1558 4366 1693 4405 vana
1727 4350 1983 4419 loquitur,

428 4439 595 4507 pejori
634 4440 819 4494 habitu
879 4450 984 4505 est,
1025 4455 1184 4509 quam
1249 4456 1384 4511 quos
1410 4457 1569 4511 supra
1619 4441 1854 4495 diximus
1889 4440 1982 4492 ad-

2171 3797 2328 3850 Ἀλλά
2373 3799 2790 3870 προσευχόμενοι
2837 3799 2916 3870 μὴ
2963 3799 3457 3871 βαττολογήσωμεν,
3511 3797 3656 3853 ἀλλὰ

2085 3889 2515 3960 θεολογήσωμεν.
2552 3889 2983 3958 Βαττολογοῧμεν
3014 3889 3091 3956 δὲ,
3127 3891 3215 3942 ὅτε
3251 3891 3323 3962 μὴ
3365 3906 3648 3960 μωμοσκο·

2087 3982 2313 4045 πούντες
2353 3981 2595 4045 ἑαυτοὺς,
2628 3980 2660 4052 ἢ
2691 3979 2813 4044 τοὺς
2851 3981 3332 4051 ἀναπεμπομένους
3369 3982 3465 4051 τῆς
3487 3980 3648 4050 εὐχῆς

2085 4070 2296 4138 λόγους,
2333 4069 2559 4140 λέγομεν
2599 4069 2667 4122 τὰ.
2707 4067 3070 4140 διεφθαρμένα
3111 4069 3262 4142 ἔργα,
3296 4070 3328 4140 ἢ
3371 4068 3580 4138 λόγους,
3614 4069 3646 4138 ἢ

2087 4163 2335 4231 νοήματα
2382 4159 2612 4214 ταπεινὰ⁴
2658 4162 3006 4232 τυγχάνοντα,
3057 4162 3148 4214 καὶ
3209 4160 3499 4230 ὲπίληπτα,
3549 4160 3648 4229 τῆς

2089 4254 2392 4326 ἀφθαρσίας
2424 4252 2677 4326 ἀλλότρια
2708 4253 2799 4308 τοῦ
2833 4253 3057 4324 Κυρίου.
3104 4253 3162 4304 '0
3198 4252 3376 4323 μέντοι
3405 4251 3648 4322 βαττολο-

2089 4349 2198 4418 γῶν
2229 4350 2286 4402 ἐν
2316 4347 2392 4417 τῷ
2421 4347 2689 4417 εὔχεσθαι,
2721 4347 2819 4418 ⁴ἤδη
2851 4348 2943 4402 καὶ
2974 4349 3030 4401 ὲν
3067 4346 3142 4417 τῷ
3171 4348 3370 4419 χείρονι
3401 4347 3510 4417 (15)
3543 4347 3648 4400 τῶν

2088 4438 2496 4511 προειρημένων
2524 4441 2655 4509 ἡμῖν
2688 4436 3069 4515 συναγωγικῶν
3099 4438 3212 4490 ἐστι
3241 4438 3566 4492 καταστάσει
3591 4455 3646 4490 τε

431 4529 600 4583 dictos
648 4545 767 4584 esse
822 4547 1132 4603 synagogze,
1173 4534 1368 4602 viaque
1425 4532 1624 4587 incedit
1687 4530 1972 4585 dil‘ﬁciliori

2085 4529 2436 4600 χαλεπωτέρᾳ
2469 4529 2575 4583 τῶν
2602 4531 2667 4602 ὲν.
2685 4531 2804 4592 ταῖς
2838 4528 3114 4591 πλατείαις
3143 4529 3352 4596 γωνιῶν
3378 4528 3503 4599 ὀδῷ,
3531 4528 3649 4582 οὐδὲ

433 4621 640 4687 angulis
675 4619 999 4686 platearum:
1031 4638 1150 4676 cum
1190 4639 1255 4678 ne
1295 4623 1572 4689 vestigium
1604 4623 1818 4693 quidem
1853 4621 1976 4675 boni

437 4717 617 4761 servet
647 4710 724 4761 vel
753 4709 1018 4778 tingendo.
1058 4713 1167 4765 Soli
1213 4714 1354 4767 enim
1385 4714 1588 4768 ethnici
1622 4713 1773 4782 juxta
1804 4726 1975 4766 evan-

432 4801 661 4864 gelicum
693 4808 893 4854 textum
914 4817 1047 4856 vana
1081 4805 1390 4869 loquuntur,
1421 4821 1540 4858 cum
1573 4819 1886 4872 magnarum
1917 4819 1980 4858 ac

501 4911 547 4943 "
580 4913 793 4967 Denter.
849 4929 977 4978 xvi,
1030 4915 1115 4971 16.
1193 4915 1423 4972 6".loan.
1465 4933 1589 4984 xw,
1641 4917 1731 4971 25.

501 5005 612 5073 (11)
650 5003 827 5059 Codex
862 5021 988 5070 ms.,
1019 5007 1329 5078 ὀφθήσεται.
1366 5009 1542 5065 Editio
1579 5008 1777 5078 O.\'On.,
1827 5009 1989 5082 ὀφθή-

670 5143 1206 5213 Ὲπιμορφάζοντες.
1241 5146 1332 5202 Sic
1386 5157 1532 5203 recte
1587 5149 1752 5201 codex
1801 5165 1990 5201 manu-

435 5217 687 5285 si-riptus,
741 5217 879 5270 male
935 5231 1065 5270 vero
1110 5219 1276 5272 editio
1329 5217 1528 5284 ()xon.,
1577 5217 1990 5290 ὲπιμορφώςον-

656 5352 835 5409 Codex
866 5370 996 5422 ms.,
1023 5357 1402 5428 προσεύχεται.
1435 5358 1575 5412 Edit.
1603 5359 1802 5421 0x0n.,
1834 5375 1994 5428 προσ-

436 5441 800 5566 εδῖἶίῖῗιίιάίι.
830 5494 1026 5566 onn.,
1053 5499 1141 5550 ὅτε
1174 5498 1250 5566 τῷ
1281 5498 1492 5566 δικαίῳ,
1520 5497 1612 5549 ἐὰν
1639 5496 1715 5549 δέ.

506 5561 624 5686 ἐ15)
676 5564 769 5617 Ἐν
807 5564 886 5630 τῷ
930 5568 1176 5636 χείρονι.
1215 5561 1381 5639 Lego,
1412 5561 1469 5619 ὲν
1499 5570 1564 5638 τῇ
1620 5566 1996 5636 χείρονι,ιιιι‹)ι1

525 5648 618 5686 ero
666 5631 732 5686 ad
777 5647 1088 5686 settttentem
1139 5655 1359 5686 vocem-
1411 5638 1759 5686 καταστάσει.
1816 5636 1996 5686 Codex

444 5631 618 5688 rel'ero
666 5631 732 5688 ad
777 5631 1088 5705 sequentem
1139 5631 1374 5706 vocem,
1411 5631 1759 5692 καταστάσει.
1816 5631 1996 5692 (iudex

2085 4624 2228 4692 ἴχνος
2263 4620 2446 4683 σώζων
2486 4620 2588 4673 κᾶν
2625 4620 2962 4691 ὑποκρίσεως
2989 4621 3192 4689 ἁγαθοῦ
3231 4622 3360 4693 (16).
3390 4621 3649 4676 Βαττολοι-

2083 4713 2238 4782 γοῦσι
2261 4713 2368 4782 γὰρ
2393 4711 2532 4764 κατά
2568 4709 2663 4781 τὴν
2689 4709 2830 4774 λέξιν
2854 4711 2944 4763 τοῦ
2980 4712 3307 4780 Εύαγγελίου
3339 4712 3502 4783 μόνην
3535 4710 3648 4783 (17)

2091 4805 2140 4857 οἱ
2171 4803 2395 4864 ἐθνικοὶ,
2425 4801 2544 4854 οὐδὲ
2583 4802 2877 4870 φαντασίαν
2915 4802 3159 4872 μεγάλων
3191 4803 3458 4876 ἔχοντεςῆ
3493 4806 3650 4858 ἐπου-

2101 5024 2223 5062 ms..
2255 5002 2636 5071 συναγωγικῶν
2662 5004 2794 5056 ἐστι.
2828 5002 3020 5068 Recte;
3055 5007 3217 5059 editio
3241 5018 3420 5061 autent
3449 5004 3646 5068 Oxon..

2104 5073 2480 5144 συναγωγικὸς
2506 5076 2639 5126 ἐστι.
2675 5071 2886 5144 Ιιιίιιειιι
2914 5072 3031 5141 lego
3061 5091 3180 5129 cum
3204 5079 3465 5142 Bentleio,
3487 5095 3651 5130 κατα-

2101 5143 2365 5218 στάσει-ἢ
2402 5143 2773 5218 χαλεπωτέρᾳ,
2812 5143 2891 5218 γει
2936 5146 3289 5218 καταστάσειΔ
3320 5151 3372 5218 ἢᾼ
3408 5145 3650 5218 χαλεπω-

2097 5219 2229 5288 τέρᾳ
2255 5213 2364 5288 τῶν
2398 5213 2602 5288 ἐνΑταῖς
2642 5213 2916 5288 πλατείαις
2957 5215 3167 5282 γωνιῶν
3199 5213 3496 5288 Loco
3525 5215 3649 5286 ὁδῷ,

2097 5283 2260 5342 editio
2309 5285 2626 5367 Ottoniensis
2659 5284 2818 5338 habet
2862 5283 2981 5348 ὅδε,
3024 5296 3212 5340 contra
3259 5283 3415 5341 tidem
3449 5283 3650 5341 codicis

2159 5371 2465 5408 :lllllSCl‘lDll.

2103 5366 2465 5424 Inunttscrtptt.

2105 5427 2283 5548 orn((1.6)
2331 5425 2510 5480 Codex
2569 5438 2703 5489 ms.,
2758 5421 2998 5491 ἀγαθοῦ,
3048 5424 3210 5481 editio
3257 5428 3466 5492 Oxon.,
3511 5426 3650 5494 ἀγα-

2103 5514 2292 5691 ῑηῗῇἆ
2329 5565 2504 5622 Codex
2535 5577 2659 5631 ms.,
2690 5563 2877 5638 μόνην.
2902 5565 3042 5621 Edit.
3065 5564 3267 5633 Oxon.,
3297 5562 3470 5636 μόνοι,
3497 5573 3552 5620 ει
3585 5564 3653 5620 ita

2124 5651 2254 5691 enen
2297 5652 2403 5690 nun

2124 5651 2325 5707 egenuu
2335 5652 2403 5690 m.
