3974 6160
452 279 560 335 485

1911 276 2229 336 ORIGENIS

3559 272 3667 329 484

450 392 615 459 Deus,
638 393 783 465 iique
814 393 906 448 ﬁlii
941 393 1030 463 qni
1057 393 1223 447 verbo
1256 391 1376 445 ﬁdei
1404 405 1507 460 qua
1541 392 1596 445 in
1622 391 1797 460 ipsum
1826 391 2004 446 credi-

2111 389 2212 444 Καὶ
2241 391 2291 443 εί
2314 389 2529 457 Κύριός
2563 389 2679 457 ειμι
2716 385 2848 458 ἐγὼ,
2884 384 3002 440 ποῦ
3034 386 3204 439 ἐστιν
3235 387 3269 438 ό
3299 385 3482 454 φόϐος
3512 385 3665 453 μοῦὁ

455 496 546 541 tur
561 488 727 558 geniti
747 497 896 551 sunt,
914 487 1061 539 ﬁrma
1095 495 1270 537 tamen
1289 493 1343 535 et
1363 483 1572 537 stabilis
1588 483 1727 553 apud
1753 484 2006 551 antiquos

458 579 648 634 tiliatio
680 593 783 632 non
820 577 1103 644 reperitur.
1133 572 1252 641 Ipsa
1288 574 1454 645 igitur
1482 575 1597 629 loca
1624 591 1742 643 qua:
1776 575 2006 630 adducta

458 675 604 734 sunt,
638 665 874 720 subditus
895 661 1367 717 ostenduntfuisse
1398 663 1487 730 qui
1521 664 1840 718 dicebantur
1875 664 2003 716 lilii:

455 756 886 829 quandoquidem
909 752 1201 807 secundum
1222 752 1538 820 Apostolum
1562 762 1757 822 quanto
1784 763 2009 823 tempore

452 853 618 902 [iteres
648 843 893 915 parvulus
921 852 1021 908 est,
1080 841 1213 894 nihil
1260 842 1434 911 di/fert
1472 860 1503 895 a
1558 859 1724 907 servo,
1769 859 1883 899 cum
1941 842 2008 897 sit

452 941 691 994 dominus
722 938 992 991 omnium:
1030 936 1119 989 sed
1148 936 1241 989 sub
1264 937 1520 988 tutoribus
1545 943 1593 988 et
1622 936 1886 989 actoribus
1931 944 2006 989 est

453 1047 618 1099 usque
654 1029 720 1082 ad
765 1029 1322 1096 prwﬁnitnm‘tempus
1358 1043 1390 1080 a
1433 1037 1581 1092 patre
1604 1026 1683 1090 7°;
1737 1026 2009 1094 plenitudo

454 1136 633 1175 autem
671 1119 928 1187 temporis
956 1129 1038 1172 est
1074 1118 1126 1171 in
1166 1118 1397 1171 adventu
1437 1115 1646 1169 Domini
1687 1117 1854 1170 nostri
1884 1114 2010 1170 Iesu

451 1216 677 1280 Christi,
702 1194 835 1267 cum‘
871 1212 1212 1281 adoptionem
1263 1209 1532 1278 accipiunt
1568 1209 1657 1277 qui
1716 1208 1918 1272 volunt,
1952 1215 2011 1261 ut

450 1310 647 1364 Paulus
663 1307 820 1361 docet
836 1306 919 1359 his
943 1306 1149 1359 verbis:
1175 1302 1295 1355 Non
1320 1303 1454 1355 enim
1480 1302 1747 1368 accepistis
1768 1302 2010 1370 spiritum

449 1402 708 1455 servitutis
737 1400 789 1451 in
815 1399 1018 1460 timore,
1040 1396 1129 1449 sed
1151 1395 1417 1461 accepistis
1439 1394 1678 1458 spiritum
1716 1394 2010 1461 adoptionis

449 1492 706 1559 ﬁliorum,
736 1491 790 1542 in
833 1505 934 1559 quo
963 1486 1283 1539 clamamus:
1330 1484 1498 1549 Abba,
1532 1483 1694 1537 Pater
1720 1484 1786 1539 ⁷⁸.
1841 1485 1907 1538 Ει
1959 1485 2011 1538 in

450 1582 742 1650 Evangelio
760 1579 1054 1633 secundum
1080 1575 1375 1630 Joannem:
1399 1575 1658 1645 Quotquot
1686 1587 1858 1629 autent
1883 1593 2015 1630 rece-

449 1682 639 1743 perunt
672 1689 811 1732 eum,
841 1671 1000 1742 232
1025 1670 1169 1723 dedit
1202 1670 1275 1722 eis
1291 1674 1591 1736 potestatem
1614 1667 1754 1726 ﬁlios
1784 1666 1880 1720 Dei
1897 1667 2013 1736 ﬁeri

451 1766 531 1818 Itis
554 1767 644 1833 qui
669 1766 883 1817 credunt
909 1766 962 1814 in
983 1763 1189 1815 nomine
1207 1759 1400 1828 ejus".
1429 1758 1491 1810 Et
1510 1768 1731 1827 propter
1760 1759 2009 1827 Spiritum

453 1858 597 1911 hunc
624 1857 926 1925 adoptionis
966 1854 1197 1908 ﬁliorum
1233 1853 1287 1905 in
1316 1850 1578 1904 catholica
1613 1849 1839 1903 Joannis
1888 1848 2010 1917 Epi-

453 1949 586 2001 stola
617 1947 687 2001 de
729 1947 797 2001 iis
826 1946 918 2016 qui
947 1946 1014 1999 de
1044 1946 1152 1999 Deo
1175 1944 1285 1997 nati
1314 1954 1459 2007 sunt,
1485 1941 1769 1996 didicimus
1796 1954 2007 1994 onmem

450 2040 540 2108 qui
567 2051 719 2091 natus
746 2049 818 2091 est
851 2055 915 2091 ex
953 2038 1080 2101 Deo,
1107 2048 1374 2104 peccatum
1405 2051 1506 2088 non
1538 2035 1740 2098 facere,
1762 2032 2010 2102 quoniam

448 2148 620 2186 semen
650 2132 811 2198 ipsius
833 2133 885 2183 in
902 2147 961 2183 eo
989 2138 1185 2192 manet,
1220 2140 1265 2183 et
1304 2144 1404 2180 non
1430 2141 1585 2195 posse
1607 2140 1840 2193 peccare,
1877 2138 2010 2193 quo-

451 2224 594 2276 niam
625 2238 686 2275 ex
712 2222 814 2274 Deo
846 2234 1002 2275 natus
1024 2232 1094 2274 est
1127 2221 1193 2273 ⁷³.
1226 2221 1395 2289 Igitur
1421 2219 1467 2273 si
1498 2217 1859 2286 intelligamus
1885 2213 2011 2282 quid

450 2312 581 2367 illud
606 2313 836 2380 sitquod
857 2312 995 2379 apud
1017 2309 1223 2364 Lucam
1249 2311 1506 2377 scriptum
1525 2318 1628 2369 εει,
1654 2304 1782 2359 Cant
1815 2303 2005 2365 oratis,

447 2406 641 2458 dicite:
663 2401 822 2456 Pater
841 2402 918 2469 7‘;
941 2403 1250 2458 verebimur
1269 2402 1314 2456 si
1335 2402 1429 2455 tilii
1454 2384 1678 2469 legitimi
1701 2412 1804 2451 non
1836 2396 2006 2448 simus

448 2498 552 2553 hac
601 2497 749 2550 illum
800 2511 929 2550 voce
991 2495 1349 2562 compellare:
1420 2509 1485 2546 ne
1533 2490 1601 2545 ad
1638 2489 1740 2542 alia
1794 2495 2010 2557 peccata

448 2599 633 2644 nostra
665 2590 828 2643 etiam
878 2587 1176 2656 impietatis
1209 2587 1413 2640 criincn
1454 2582 1699 2636 accedat.
1746 2578 1800 2633 Id
1829 2589 2010 2633 autem

449 2688 533 2732 est
559 2681 701 2746 quod
731 2678 871 2731 dico.
925 2678 1014 2730 Ait
1040 2675 1239 2730 Paulus
1283 2675 1337 2728 in
1381 2675 1548 2743 prima
1598 2671 1664 2726 ad
1706 2670 2012 2725 Corinthios

448 2763 719 2836 Epistula:
755 2765 923 2821 Nemo
954 2774 1126 2835 potest
1182 2768 1352 2819 dicere
1402 2763 1657 2816 Dominus
1688 2759 1865 2825 Jesus,
1912 2758 2014 2813 nisi

449 2861 506 2914 in
560 2854 761 2928 Spiritu
795 2868 1009 2921 sancto;
1061 2867 1107 2910 et
1151 2873 1299 2911 nemo
1346 2856 1401 2909 in
1434 2853 1634 2923 Spiritu
1678 2851 1773 2905 Dei
1803 2851 2013 2918 loquens

451 2950 575 3003 dicit
614 2949 892 3002 anathema
934 2948 1062 3002 Jesu
1089 2949 1156 3000 ⁷⁸.
1206 2947 1351 3001 Idem
1385 2945 1527 2999 enim
1551 2954 1706 2998 vocat
1751 2940 2010 3010 Spiritum

2105 482 2214 535 Καὶ
2245 483 2291 533 εί
2323 480 2534 550 λέγεται
2571 481 2682 551 (25)
2712 480 2888 533 τοίνυν
2917 477 3097 548 πατὴρ
3123 478 3152 529 ό
3174 475 3322 541 Θεὸς,
3356 476 3452 528 καὶ
3483 476 3586 528 υἱοὶ
3615 479 3668 529 oi.

2104 571 2180 642 τῷ
2211 572 2349 643 λόγῳ
2374 572 2473 642 τῆς
2499 575 2576 636 εἰς
2603 571 2760 625 αὐτὸν
2786 570 3016 633 πίστεως
3047 567 3430 638 γεγεννημένοι
3447 583 3463 597 ο
3495 567 3555 620 τὸ
3581 566 3667 637 βέ-

2106 664 2257 718 ϐαιόν
2294 681 2353 717 τε
2384 664 2494 734 (26)
2530 663 2623 716 καὶ
2659 663 2717 716 τὸ
2750 661 3137 733 ἀμετάπτωτον
3170 660 3267 730 τῆς
3303 659 3542 728 υίότητος
3572 659 3671 711 οὐκ

2107 753 2250 809 ἔστιν
2279 755 2404 808 ἰδεῖν
2428 754 2579 825 παρὰ
2608 755 2718 816 τοῖς
2739 753 3001 823 ἀρχαίοις.
3034 749 3183 803 Αὑτὰ
3213 748 3341 817 γοῦν
3373 748 3411 802 δι
3442 748 3671 819 παρεθέ-

2111 848 2247 919 μεθα
2272 847 2549 910 ὑπαιτίους
2573 847 2820 917 ἐμφαίνει
2840 839 2977 897 εῖναι
2996 842 3121 906 τοὺς
3141 840 3460 911 λεγομένους
3488 839 3633 904 υἱούς
3650 855 3670 872 ’

2107 938 2229 990 ἐπεὶ
2266 937 2405 990 κατὰ
2434 936 2524 990 τὸν
2572 934 2909 998 Ἀπόστολον,
2953 932 3061 998 ἕως
3088 935 3122 986 ό
3153 932 3524 1000 κληρονόμος
3568 928 3675 995 νή·-

2108 1031 2243 1095 πιός
2262 1029 2448 1090 ἐστιν,
2473 1026 2650 1080 οὐδὲν
2671 1024 2929 1094 διαφέρει
2951 1023 3191 1085 δούλου,
3214 1024 3414 1091 κύριος
3436 1020 3676 1076 πάντων
3752 1058 3757 1062 -

2107 1119 2208 1182 ὢν,
2226 1120 2359 1193 ἀλλ’
2382 1119 2497 1173 ὑπὸ
2517 1119 2870 1188 ἐπιτρόπους
2892 1118 3024 1171 ἐστὶ
3049 1116 3145 1170 καὶ
3170 1117 3519 1184 οἰκονόμους
3538 1113 3675 1181 ἄχρι

2108 1212 2220 1279 τῆς
2263 1211 2622 1280 προθεσμίας
2652 1211 2759 1265 τοῦ
2798 1211 3045 1279 πατρός·
3081 1209 3142 1261 τὸ
3172 1208 3230 1262 δὲ
3263 1208 3534 1279 πλήρωμα
3577 1206 3671 1259 τοῦ

2108 1304 2297 1374 χρόνου
2324 1304 2379 1354 ἐν
2403 1304 2468 1373 τῇ
2497 1303 2589 1354 του
2618 1302 2817 1372 Κυρίου
2840 1299 2995 1371 ήμῶν
3032 1299 3204 1369 Ἰησοῦ
3233 1298 3470 1371 Χριστοῦ
3496 1298 3677 1370 ἐπιδη-

2114 1395 2210 1465 μία
2255 1394 2479 1459 ἔνεστιν,
2530 1396 2621 1447 ὅτε
2666 1393 2764 1464 τὴν
2811 1392 3078 1446 υἱοθεσίαν
3121 1390 3592 1461 ἁπολαμϐάνουσιν
3621 1390 3675 1444 οἱ

2115 1487 2443 1559 βουλόμενοι,
2493 1487 2568 1551 ὡς
2609 1490 2637 1541 ό
2671 1487 2880 1549 Παῦλος
2921 1486 3156 1540 διδάσκει
3188 1483 3277 1537 διὰ
3303 1483 3536 1537 τούτων·
3591 1486 3674 1538 οὐ

2111 1581 2220 1651 τὰρ
2234 1578 2477 1633 ἐλάϐετε
2492 1580 2726 1649 πνεῦμα
2751 1579 3029 1645 δουλείας
3043 1582 3128 1644 είς
3146 1580 3349 1648 φόϐον,
3363 1579 3522 1632 ἀλλὰ
3541 1578 3676 1633 ἐλά·

2113 1676 2240 1728 ϐετε
2253 1672 2484 1742 πνεῦμα
2495 1673 2815 1737 υἱοθεσίας,
2832 1672 2900 1723 ὲν
2920 1664 2967 1736 ᾧ
2983 1667 3283 1738 κράζομεν·
3310 1667 3471 1723 Ἀόὅᾶ
3495 1672 3527 1723 ό
3552 1673 3675 1722 Πα-

2108 1764 2240 1833 τήρ.
2262 1765 2369 1816 Καὶ
2392 1764 2448 1814 ὲν
2472 1761 2549 1832 τῷ
2574 1762 2713 1814 κατὰ
2754 1762 3020 1831 Ἰωάννην·
3051 1760 3218 1811 Ὅσοι
3241 1756 3307 1810 δὲ
3327 1757 3546 1811 ἔλαϐον
3566 1761 3675 1811 αὑ-

2109 1856 2233 1919 τὸν,
2268 1854 2486 1909 ἔδωκεν
2501 1851 2702 1916 αὐτοῖς
2717 1850 3001 1916 ἐξουσίαν
3023 1848 3199 1902 τέκνα
3217 1846 3361 1902 Θεοῦ
3376 1849 3673 1917 γενέσθαι,

2108 1945 2227 2009 τοῖς
2250 1945 2637 1997 πιστεύουσιν
2661 1945 2746 2007 είς
2766 1942 2829 1995 τὸ
2852 1942 3034 2010 ὄνομα
3057 1941 3240 1995 αὐτοῦ
3257 1958 3270 1970 ·
3297 1942 3389 1994 καὶ
3408 1940 3496 1994 διὰ
3519 1940 3677 1994 τοῦτο

2108 2037 2168 2089 τὸ
2201 2036 2300 2106 τῆς
2333 2034 2600 2098 υἱοθεσίας
2634 2033 2850 2104 πνεῦμα
2878 2034 2935 2087 ὲν
2965 2037 3030 2104 τῇ
3067 2032 3321 2104 καθολικῇ
3356 2033 3449 2085 τοῦ
3493 2033 3675 2086 Ἰωάν-

2110 2142 2200 2178 νου
2218 2123 2497 2195 Ἐπιστολῇ
2521 2124 2646 2195 περὶ
2673 2123 2777 2176 τῶν
2807 2124 2870 2175 ἐκ
2894 2123 3027 2175 Θεοῦ
3061 2120 3468 2193 γεγεννημένων
3500 2140 3679 2194 μεμα-

2112 2219 2375 2292 θήκαμεν,
2409 2218 2490 2270 ὅτι
2529 2215 2652 2282 Πᾶς
2689 2219 2721 2269 ὀ
2770 2215 3193 2286 γεγεννημένος
3237 2218 3305 2270 ἐκ
3352 2217 3458 2271 τοῦ
3527 2217 3675 2272 Θεοῦ

2111 2312 2400 2382 ἁμαρτίαν
2445 2313 2516 2363 οὺ
2547 2308 2720 2374 ποιεῖ,
2772 2307 2863 2362 ὅτι
2908 2308 3139 2379 σπέρμα
3180 2310 3367 2377 αὐτοῦ
3405 2310 3476 2363 ἐν
3516 2308 3679 2380 αὐτῷ

2106 2403 2290 2473 μένει,
2316 2405 2411 2458 καὶ
2436 2405 2507 2457 οὐ
2523 2402 2769 2456 δύναται
2797 2402 3171 2472 ἁμαρτάνειν,
3192 2401 3280 2454 ὅτι
3309 2401 3377 2454 ἐκ
3401 2400 3507 2454 τοῦ
3526 2401 3678 2457 Θεοῦ

2112 2495 2432 2566 γεγένηται.
2480 2496 2542 2548 Ei
2596 2494 2775 2565 μέντοι
2815 2495 3106 2565 νοήσαιμεν
3147 2493 3198 2544 τί
3240 2493 3354 2544 ἐστι
3399 2492 3480 2558 τὸ,
3529 2492 3679 2546 ὅταν

2112 2589 2547 2657 προσεύχησθε,
2579 2585 2802 2656 λέγετε,
2828 2585 3036 2653 Πάτερ,
3064 2587 3198 2656 ὅπερ
3221 2583 3369 2651 παρὰ
3394 2584 3472 2655 τῷ
3495 2586 3677 2656 Λουκᾷ

2111 2679 2434 2750 γέγραπται,
2450 2679 2746 2750 ὀκνήσομεν
2766 2677 2899 2749 (27),
2922 2677 2995 2748 μὴ
3017 2676 3292 2746 γενόμενοι
3318 2676 3422 2728 υἱοὶ
3442 2676 3678 2746 γνήσιοι,

2113 2769 2535 2843 προενέγκασθαι
2554 2768 2753 2840 ταύτην
2779 2769 2877 2839 τὴν
2905 2767 3087 2838 φωνὴν
3115 2765 3281 2836 αὐτῷ,
3310 2767 3515 2837 μήποτε
3540 2766 3677 2837 πρὸς

2111 2865 2222 2926 τοῖς
2240 2861 2418 2924 ἄλλοις
2438 2860 2593 2932 ἡμῶν
2611 2861 2966 2932 ἁμαρτήμασι
2988 2858 3081 2912 καί
3102 2856 3354 2921 ἀσεϐείας
3374 2856 3538 2933 ξγκλή
3547 2874 3677 2927 ματι

2113 2954 2283 3025 ἔνοχοι
2327 2951 2631 3023 γενώμεθα.
2679 2953 2743 3004 Ὃ
2788 2950 2846 3003 δὲ
2883 2949 2991 3020 (28)
3030 2949 3191 3017 λέγω,
3239 2947 3471 3001 τοιοῦτόν
3519 2948 3673 3000 ἐστι’

454 3050 700 3093 sanctum
734 3048 787 3092 et
810 3039 1067 3107 Spiritum
1097 3037 1213 3092 Dei.
1242 3036 1381 3103 Quid
1427 3037 1500 3089 sit
1537 3045 1713 3089 autem
1751 3034 1931 3086 dicere
1959 3033 2009 3085 in

2115 3047 2275 3117 φησιν
2323 3047 2379 3097 ὲν
2429 3047 2494 3116 τῇ
2542 3042 2782 3115 προτέρᾳ
2826 3042 2962 3113 πρὸς
3001 3039 3314 3110 Κορινθίους
3357 3042 3384 3092 ὁ
3427 3038 3671 3104 Παῦλος⁶

454 3132 658 3202 Spiritu
683 3140 870 3184 sancto
900 3130 1184 3183 Dominum
1213 3128 1419 3192 Iesum,
1447 3143 1549 3180 non
1570 3127 1856 3180 admodum
1890 3141 2012 3193 per-

455 3224 698 3293 Spicuum
723 3232 837 3285 est;
862 3236 981 3275 cum
1010 3218 1315 3290 proferatur
1331 3219 1443 3272 haec
1466 3233 1566 3272 vox
1590 3228 1644 3270 et
1671 3218 1737 3271 ab
1762 3216 2013 3287 hypocri-

452 3315 528 3369 tis
566 3313 883 3377 innumeris,
942 3322 998 3366 et
1054 3311 1122 3365 ab
1173 3309 1520 3364 heterodoxis
1572 3308 2007 3378 quamplurimis,

453 3420 847 3473 nonnunquam
878 3412 930 3459 et
967 3420 995 3456 a
1026 3402 1360 3458 daemonibus
1381 3400 1539 3470 hujus
1562 3401 1795 3455 nominis
1818 3401 2013 3456 virtute

452 3499 743 3568 superatis.
799 3498 997 3552 llorum
1028 3512 1157 3568 ergo
1212 3494 1443 3562 aliquem
1484 3495 1537 3547 in
1581 3492 1785 3564 Spiritu
1821 3506 2009 3548 sancto

455 3592 632 3644 dicere
690 3589 975 3644 Dominum
1025 3586 1209 3643 Iesum
1264 3601 1420 3644 nemo
1479 3584 1746 3641 allirmare
1791 3587 2010 3642 audeat.

454 3681 635 3750 Quare
668 3697 734 3736 ne
761 3682 954 3738 vellent
983 3683 1203 3752 quidem
1254 3681 1433 3735 dicere
1467 3678 1751 3734 Dominum
1803 3679 2007 3742 Iesum,

454 3789 577 3827 cum
610 3773 683 3827 illi
713 3773 809 3827 soli
863 3775 1045 3828 dicant
1074 3773 1354 3827 Dominum
1379 3772 1585 3841 Iesum,
1619 3773 1708 3843 qui
1735 3788 1800 3828 ex
1830 3774 2011 3826 animo

457 3863 701 3916 serviunt
737 3863 915 3917 Vetbo
966 3863 1082 3929 Dei,
1117 3863 1426 3934 nullumque
1471 3866 1634 3920 alium
1688 3865 1739 3919 in
1773 3864 2012 3934 qualibet

459 3955 663 4025 agenda
699 3969 757 4008 re
796 3956 1076 4009 Dominum
1111 3956 1424 4025 pradicant.
1453 3957 1604 4025 Quod
1639 3959 1683 4012 si
1716 3958 1847 4012 tales
1887 3963 2013 4011 sunt

457 4046 550 4116 qui
578 4047 802 4101 dicunt:
846 4046 1100 4101 Dominus
1132 4048 1306 4114 Iesus,
1335 4048 1516 4102 forsan
1553 4050 1860 4117 quicunque
1888 4062 2012 4116 pec-

455 4147 564 4202 cat,
620 4139 1065 4206 prmvaricalionc
1108 4155 1202 4194 sua
1256 4141 1725 4196 anathematizans
1771 4137 2009 4193 Verbum

455 4230 720 4295 divinum,
752 4232 1003 4300 operibus
1032 4232 1162 4301 ipsis
1195 4233 1393 4286 clamat
1440 4234 1732 4287 anathema
1760 4231 1907 4288 Iesu.
1947 4231 2012 4286 Ut

458 4323 618 4392 igitur
673 4323 760 4391 qui
798 4322 922 4377 talis
945 4333 1048 4387 est,
1083 4324 1213 4379 dicit
1237 4324 1520 4379 Dominum
1565 4323 1768 4388 Iesum,
1816 4332 1869 4378 et
1917 4323 2009 4392 qui

456 4417 735 4472 contrario
783 4430 842 4470 se
876 4418 1033 4471 modo
1080 4417 1264 4481 habet,
1323 4417 1452 4471 dicit
1501 4416 1787 4472 anathema
1835 4414 2005 4469 Iesu:

456 4508 539 4559 sic
583 4507 751 4560 omnis
794 4507 885 4576 qui
932 4516 1085 4561 natus
1142 4518 1214 4562 est
1269 4524 1332 4562 ex
1361 4507 1466 4562 Deo
1505 4518 1552 4561 et
1606 4518 1871 4577 peccatum
1904 4523 2007 4560 non

461 4595 586 4664 facit
612 4594 683 4663 ",
706 4613 769 4652 eo
788 4600 927 4667 quod
942 4599 1163 4655 seminis
1184 4601 1348 4654 divini
1382 4601 1451 4655 sit
1479 4602 1747 4669 particeps
1771 4600 1910 4667 quod
1941 4600 2009 4653 ab

461 4691 604 4742 omni
641 4700 859 4756 peccato
885 4692 1101 4755 avertit,
1141 4708 1236 4760 per
1258 4707 1320 4745 ea
1343 4707 1460 4761 quae
1493 4693 1622 4762 agit,
1646 4694 1778 4747 dicit
1805 4709 1821 4748 :
1848 4691 2011 4745 Pater

464 4795 635 4833 noster
664 4782 822 4849 quies
851 4781 906 4835 in
928 4783 1106 4847 caelis;
1135 4786 1244 4852 ipso
1270 4786 1457 4852 spiritu
1488 4788 1838 4840 testimonium
1889 4789 2010 4840 red-

538 4874 788 4945 i'_Galat.
814 4892 887 4939 tv,
920 4878 970 4931 1.
1044 4878 1089 4909 ⁷⁸
1122 4882 1275 4933 llatn.
1306 4895 1421 4944 vut,
1457 4880 1543 4934 t5.
1621 4881 1666 4912 ⁷³
1700 4880 1860 4935 Ioan.
1889 4897 1927 4945 ι,
1957 4882 2051 4936 ἸΞ.

465 4944 512 4975 ⁷⁵
546 4942 751 4997 IIoan.
786 4957 865 5006 Ill,
896 4946 949 4999 9.

537 5033 662 5102 (25)
718 5032 897 5088 Codex
960 5049 1084 5099 ms.,
1131 5032 1363 5103 λέγεται.
1428 5034 1606 5090 Editio
1656 5034 1870 5101 Oxon.,
1922 5035 2009 5088 λέ-

540 5121 620 5158 τε.

467 5171 762 5297 ὲαξὲξζέὀ
797 5173 1043 5238 βέϐαιόν
1079 5190 1161 5227 τε.
1196 5174 1340 5242 Lego
1378 5189 1496 5229 cum
1527 5174 1791 5240 Bentleio,
1825 5176 1886 5228 τὸ
1919 5175 2010 5245 ﬁt.

502 5261 616 5298 αιον
648 5261 710 5298 γε
719 5284 733 5298 ο

534 5259 878 5388 (εὲμζίίῗίοσίειιΔ
902 5329 1026 5388 ms.,
1051 5312 1389 5388 ouvﬁcopsv,
1423 5313 1555 5368 edit.
1604 5312 1800 5381 0mm,
1834 5316 2012 5388 ὠκνή-

467 5400 655 5456 σαμεν.
677 5382 948 5456 Bentleius
964 5384 1106 5454 legit,
1142 5382 1488 5456 ὀκνήσαιμεν.

535 5452 649 5526 (28)
687 5455 861 5509 Editio
895 5452 1091 5517 Uxou.,
1122 5452 1459 5526 ἐγκλήματος
1485 5453 1656 5524 ἔνοχοι
1693 5452 1973 5523 γενώμεθα
1992 5471 2006 5483 ο

465 5525 567 5582 ὅδε.
600 5529 668 5578 At
700 5527 864 5580 codex
902 5540 1002 5577 IIIS.
1034 5536 1089 5576 ut
1120 5526 1170 5576 in
1206 5525 1390 5577 no’stro
1420 5534 1592 5579 textu.

536 5596 646 5665 (29)
696 5595 943 5661 Ἰησοῦν.
962 5595 1234 5665 Bentleius
1253 5595 1398 5664 legit,
1438 5593 1663 5665 Ἰησοῦς.

532 5664 647 5747 (50)
683 5668 897 5734 Κύριον
955 5664 1204 5732 Ἰησοῦν.
1252 5663 1391 5720 Idem
1442 5663 1604 5736 legit,
1660 5663 1861 5736 Κύριος
1906 5667 2015 5738 Ἰη-

2117 3136 2324 3202 Οὺδείς
2354 3135 2599 3189 δύναται
2632 3133 2823 3187 εἰπεῖν
2861 3133 3074 3199 Κύριος
3118 3129 3373 3199 Ἰησοῦς,
3407 3132 3459 3184 ει
3488 3129 3573 3199 μὴ
3604 3132 3678 3185 ἐν

2112 3230 2406 3299 Πνεύματι
2434 3228 2578 3298 ἁγίῳ
2595 3243 2608 3256 ·
2646 3225 2748 3280 καὶ
2771 3224 2967 3290 οὐδεὶς
2994 3224 3064 3277 ἐν
3092 3224 3388 3292 Πνεύματι
3413 3223 3555 3293 ἁγίῳ
3570 3226 3678 3277 λα-

2110 3323 2238 3380 λῶν
2275 3323 2434 3391 λέγει
2460 3320 2725 3389 ἀνάθεμα
2769 3317 3011 3387 Ἰησοῦν
3050 3316 3159 3389 (29)
3180 3334 3192 3346 ·
3230 3318 3288 3370 τὸ
3319 3317 3446 3369 αὐτὸ
3478 3316 3678 3387 ὀνομά-

2113 3413 2218 3479 ζων
2251 3413 2405 3482 ἆγιον
2438 3412 2680 3482 Πνεῦμα,
2706 3412 2799 3465 καὶ
2824 3409 3048 3479 Πνεῦμα
3070 3408 3224 3463 Θεοῦ.
3255 3407 3319 3460 Τί
3344 3408 3401 3460 δὲ
3421 3408 3482 3460 τὸ
3505 3409 3681 3461 εἰπεῖν

2111 3509 2168 3560 ὲν
2199 3506 2471 3576 Πνεύματι
2497 3504 2634 3572 ἁγίῳ
2661 3502 2860 3576 Κύριον
2906 3500 3108 3570 Ἰησοῦν
3130 3500 3261 3570 (50),
3294 3500 3356 3553 οὐ
3394 3499 3534 3553 πάνυ
3561 3500 3681 3553 ἐστὶ

2115 3598 2299 3666 σαφὲς,
2332 3594 2748 3667 προφερομένων
2771 3593 2869 3662 τὴν
2903 3592 3084 3661 φωνὴν
3109 3589 3413 3661 ὑποκριτῶν
3447 3590 3677 3661 μυρίων,

2113 3690 2206 3744 καί
2237 3687 2552 3758 ἑτεροδόξων
2577 3684 2854 3747 πλειόνων,
2885 3683 3052 3735 ἐνίοτε
3081 3681 3173 3735 καὶ
3206 3682 3497 3752 δαιμόνων,
3522 3698 3680 3734 νικω-

2115 3781 2289 3853 μένων
2323 3779 2426 3832 ὑπὸ
2455 3779 2551 3849 τῆς
2584 3779 2641 3830 ὲν
2679 3774 2757 3845 τῷ
2795 3774 3016 3844 ὀνόματι
3041 3773 3337 3843 δυνάμεως.
3370 3773 3556 3836 Οὐδεὶς
3581 3769 3678 3826 οὖν

2111 3874 2366 3945 τολμήσει
2401 3869 2510 3940 (51)
2534 3867 2654 3922 τινὰ
2679 3867 2881 3920 τούτων
2907 3864 3283 3937 ἀποφήνασθαι
3317 3867 3372 3918 ἐν
3400 3866 3674 3935 Πνεύματι

2108 3962 2251 4033 ἁγίῳ
2283 3961 2457 4029 λέγειν
2486 3958 2688 4030 Κύριον
2728 3955 2951 4026 Ἰησοῦν.
2992 3954 3189 4025 Διόπερ
3211 3955 3317 4007 οὐδ’
3349 3954 3413 4008 ἂν
3439 3955 3673 4025 δεχθείεν

2111 4053 2287 4121 λέγειν
2320 4051 2521 4121 Κύριον
2570 4048 2774 4120 Ἰησοῦν
2817 4047 2947 4119 (52),
2994 4047 3168 4117 μόνων
3201 4047 3309 4100 τῶν
3351 4047 3458 4100 ἀπὸ
3497 4046 3671 4099 διαθέ-

2113 4162 2248 4208 σεως
2263 4144 2544 4212 λεγόντων,
2561 4143 2617 4195 ὲν
2633 4140 2708 4211 τῷ
2732 4140 2995 4194 δουλεύειν
3018 4137 3095 4208 τῷ
3117 4138 3272 4209 Λόγῳ
3292 4138 3383 4191 τοῦ
3405 4138 3558 4204 Θεοῦ,
3581 4138 3675 4191 καὶ

2113 4236 2315 4307 μηδένα
2348 4233 2496 4306 παρὰ
2531 4232 2717 4287 τοῦτον
2757 4235 2813 4286 ὲν
2838 4230 2914 4302 τῷ
2946 4230 3222 4285 ὁτιποτοῦν
3260 4232 3515 4302 πράττειν
3541 4232 3669 4286 ἀνα-

2111 4329 2440 4401 γορευόντων
2478 4325 2679 4397 Κύριον
2716 4324 2849 4394 (55),
2895 4323 2954 4376 τὸ
2996 4322 3197 4394 Κύριος
3243 4322 3464 4394 Ἰησοῦς.
3507 4323 3570 4375 Et
3616 4322 3673 4373 δὲ

2042 4402 2336 4474 1)τοιοῦτσι
2377 4419 2426 4470 οἱ
2468 4416 2715 4485 λέγοντες
2759 4416 2970 4481 Κύριος
3023 4412 3270 4480 Ἰησοῦς,
3317 4415 3455 4483 τάχα
3490 4414 3597 4478 πᾶς
3644 4413 3675 4465 ὁ

2116 4509 2462 4581 ἁμαρτάνων,
2511 4504 2600 4558 διὰ
2641 4503 2734 4557 τοῦ
2769 4506 3100 4576 παρανομεῖν
3139 4502 3543 4575 ἀναθεματίζων
3583 4502 3673 4557 τὸν

2115 4601 2253 4654 θεῖον
2283 4598 2471 4667 Λόγον,
2502 4595 2588 4648 διὰ
2629 4594 2734 4649 τῶν
2774 4595 2946 4666 ἔργων
2979 4594 3245 4666 κέκραγεν
3286 4593 3529 4664 ἀνάθεμα
3573 4596 3674 4665 Ἰη-

2117 4690 2261 4754 σοῦς.
2294 4688 2503 4757 Ὥσπερ
2525 4680 2614 4738 οῦν
2634 4686 2662 4737 ὁ
2686 4686 2887 4738 τοιόσδε
2910 4685 3054 4752 λέγει
3078 4684 3184 4757 (54)
3210 4685 3410 4756 Κύριος
3446 4685 3671 4756 Ἰησοῦς,

2119 4784 2210 4841 καὶ
2241 4784 2270 4835 ὁ
2309 4780 2480 4848 τούτῳ
2521 4777 2774 4841 ἐναντίως
2802 4777 3158 4850 διακείμενος,
3194 4778 3255 4832 τὸ
3285 4777 3528 4849 ἀνάθεμα
3572 4778 3672 4850 ’11}:-

2159 4881 2206 4913 ⁷³
2231 4879 2250 4932 l
2275 4878 2432 4931 Ioan.
2468 4889 2551 4940 Ill,
2584 4874 2637 4929 9.
2712 4873 2758 4904 '"
2784 4872 3008 4939 Lucan,
3030 4875 3085 4928 Ξ.
3188 4873 3234 4903 ⁷⁵
3267 4874 3285 4927 l
3317 4872 3439 4927 Cor.
3476 4889 3586 4939 xu,
3614 4872 3669 4925 5.

2188 5034 2300 5106 (51)
2345 5037 2668 5105 Τυλμήσει,
2718 5045 2822 5106 etc.
2852 5035 2995 5090 Idem
3030 5036 3184 5105 legit,
3224 5035 3669 5106 eolpﬁcaia.......

2113 5106 2310 5175 λέγειν,
2352 5106 2553 5177 Κύριος
2599 5105 2822 5177 Ἰησοῦς.
2854 5106 2907 5159 In
2944 5109 3310 5174 ntauuscripto
3333 5105 3552 5177 legitur.
3585 5105 3669 5158 λέ-

2111 5192 2400 5258 leuamen.
2435 5174 2561 5232 vero
2609 5174 2803 5245 λέγων,
2848 5177 3293 5243 quemadmodum
3328 5174 3383 5226 in
3435 5177 3672 5232 editione

2113 5248 2424 5302 Oxoniensi.

2182 5317 2292 5386 (52)
2330 5317 2503 5369 Codex
2528 5332 2667 5386 ms.,
2699 5314 2933 5386 δεχθεῖεν
2971 5315 3148 5383 λέγειν
3191 5312 3662 5386 ΚύριονηἸησοῦν.

2111 5382 2289 5441 Editio
2305 5388 2500 5456 Oxum,
2518 5385 2728 5455 δεχθείη
2755 5382 2924 5453 λέγων
2948 5382 3147 5456 Κύριον
3167 5382 3394 5456 Ἰησοῦν.
3413 5382 3678 5437 Bentleius

2115 5455 2521 5526 ὶθείιγδεχθεῖεν
2552 5453 2744 5526 λέγειν,
2781 5456 2980 5526 Κύριος
3021 5453 3243 5526 Ἰησοῦςέ

2117 5522 2316 5651 Ε’(ὃιῗ).
2336 5522 2573 5594 Κύριον.
2601 5522 2763 5581 Forte
2783 5522 3093 5597 legendum,
3117 5524 3336 5596 κυρίως,
3368 5534 3427 5577 ιη
3452 5522 3670 5591 coniicit

2162 5612 2225 5649 en
2274 5609 2412 5648 eius.

2119 5634 2521 5806 :3éi5'ﬁddex
2568 5680 2670 5722 ius.
2719 5673 2887 5735 recte,
2916 5663 3083 5734 λέγει.
3108 5664 3303 5740 ,Ειιὶιὶο
3345 5662 3546 5735 Οχοιιη
3583 5667 3673 5722 u-
