  <div class='ocr_page' id='page_1' title='image "/cluster/home/n/w/nwhite01/storage/ocr_20150623/11/mdp.39015013266690/256.png"; bbox 0 0 3974 6160; ppageno 0'>
   <div class='ocr_carea' id='block_1_1' title="bbox 319 282 420 340">
    <p class='ocr_par' dir='ltr' id='par_1_1' title="bbox 319 282 420 340">
     <span class='ocr_line' id='line_1_1' title="bbox 319 282 420 340; baseline 0 -1"><span class='ocrx_word' id='word_1_1' title='bbox 319 282 420 340; x_wconf 72' lang='grc'><strong>485</strong></span> 
     </span>
    </p>
   </div>
   <div class='ocr_carea' id='block_1_2' title="bbox 1500 277 2346 337">
    <p class='ocr_par' dir='ltr' id='par_1_2' title="bbox 1500 277 2346 337">
     <span class='ocr_line' id='line_1_2' title="bbox 1500 277 2346 337; baseline -0.006 -1"><span class='ocrx_word' id='word_1_2' title='bbox 1500 280 1830 337; x_wconf 84' lang='lat' dir='ltr'><strong>LIBELLUS</strong></span> <span class='ocrx_word' id='word_1_3' title='bbox 1862 279 1947 335; x_wconf 86' lang='lat' dir='ltr'><strong>DE</strong></span> <span class='ocrx_word' id='word_1_4' title='bbox 1978 277 2346 335; x_wconf 80' lang='lat' dir='ltr'><strong>ORATIONE.</strong></span> 
     </span>
    </p>
   </div>
   <div class='ocr_carea' id='block_1_3' title="bbox 3425 280 3530 336">
    <p class='ocr_par' dir='ltr' id='par_1_3' title="bbox 3425 280 3530 336">
     <span class='ocr_line' id='line_1_3' title="bbox 3425 280 3530 336; baseline 0.019 -2"><span class='ocrx_word' id='word_1_5' title='bbox 3425 280 3530 336; x_wconf 72' lang='grc' dir='ltr'><strong>ιεο</strong></span> 
     </span>
    </p>
   </div>
   <div class='ocr_carea' id='block_1_4' title="bbox 321 373 1876 467">
    <p class='ocr_par' dir='ltr' id='par_1_4' title="bbox 321 395 1872 467">
     <span class='ocr_line' id='line_1_4' title="bbox 321 395 1872 467; baseline -0.001 -14"><span class='ocrx_word' id='word_1_6' title='bbox 321 396 442 463; x_wconf 82' lang='grc' dir='ltr'><em>σοῦς</em></span> <span class='ocrx_word' id='word_1_7' title='bbox 458 415 473 429; x_wconf 78' lang='grc' dir='ltr'>ο</span> <span class='ocrx_word' id='word_1_8' title='bbox 497 397 659 459; x_wconf 73' lang='grc' dir='ltr'><em>οὕτως</em></span> <span class='ocrx_word' id='word_1_9' title='bbox 688 395 804 462; x_wconf 78' lang='grc' dir='ltr'><strong>πᾶς</strong></span> <span class='ocrx_word' id='word_1_10' title='bbox 833 399 866 449; x_wconf 84' lang='grc' dir='ltr'><em>ὁ</em></span> <span class='ocrx_word' id='word_1_11' title='bbox 891 395 962 450; x_wconf 84' lang='grc' dir='ltr'><em>ἐκ</em></span> <span class='ocrx_word' id='word_1_12' title='bbox 985 397 1090 451; x_wconf 85' lang='grc' dir='ltr'><em>τοῦ</em></span> <span class='ocrx_word' id='word_1_13' title='bbox 1120 396 1267 450; x_wconf 83' lang='grc' dir='ltr'><strong>Θεοῦ</strong></span> <span class='ocrx_word' id='word_1_14' title='bbox 1293 401 1742 467; x_wconf 74' lang='grc' dir='ltr'><strong>γεγεννημένος,</strong></span> <span class='ocrx_word' id='word_1_15' title='bbox 1773 398 1872 452; x_wconf 78' lang='grc' dir='ltr'><strong>καί</strong></span> 
     </span>
    </p>
   </div>
   <div class='ocr_carea' id='block_1_5' title="bbox 1980 373 3529 467">
    <p class='ocr_par' dir='ltr' id='par_1_5' title="bbox 1980 373 3529 466">
     <span class='ocr_line' id='line_1_5' title="bbox 1980 373 3529 466; baseline 0.002 -19"><span class='ocrx_word' id='word_1_16' title='bbox 1980 396 2124 449; x_wconf 82' lang='lat' dir='ltr'><strong>dente</strong></span> <span class='ocrx_word' id='word_1_17' title='bbox 2154 395 2361 463; x_wconf 75' lang='lat' dir='ltr'><strong>spiritui</strong></span> <span class='ocrx_word' id='word_1_18' title='bbox 2405 407 2589 447; x_wconf 88' lang='lat' dir='ltr'><strong>eormn</strong></span> <span class='ocrx_word' id='word_1_19' title='bbox 2620 393 2758 464; x_wconf 72' lang='lat' dir='ltr'><strong>quod</strong></span> <span class='ocrx_word' id='word_1_20' title='bbox 2781 393 2884 447; x_wconf 89' lang='lat' dir='ltr'><strong>sint</strong></span> <span class='ocrx_word' id='word_1_21' title='bbox 2912 392 3014 458; x_wconf 82' lang='lat' dir='ltr'><strong>ﬁlii</strong></span> <span class='ocrx_word' id='word_1_22' title='bbox 3037 391 3134 446; x_wconf 87' lang='lat' dir='ltr'><strong>Dei</strong></span> <span class='ocrx_word' id='word_1_23' title='bbox 3153 393 3219 459; x_wconf 82' lang='lat'><strong>&quot;,</strong></span> <span class='ocrx_word' id='word_1_24' title='bbox 3257 373 3529 466; x_wconf 74' lang='lat' dir='ltr'><strong>ipsiusque</strong></span> 
     </span>
    </p>
   </div>
   <div class='ocr_carea' id='block_1_6' title="bbox 318 479 1869 563">
    <p class='ocr_par' dir='ltr' id='par_1_6' title="bbox 318 479 1869 563">
     <span class='ocr_line' id='line_1_6' title="bbox 318 479 1869 563; baseline -0.001 -18"><span class='ocrx_word' id='word_1_25' title='bbox 318 491 398 563; x_wconf 85' lang='grc' dir='ltr'><em>μὴ</em></span> <span class='ocrx_word' id='word_1_26' title='bbox 439 489 616 545; x_wconf 78' lang='grc' dir='ltr'><em>ποιῶν</em></span> <span class='ocrx_word' id='word_1_27' title='bbox 644 489 954 558; x_wconf 76' lang='grc' dir='ltr'><strong>ἁμαρτίαν,</strong></span> <span class='ocrx_word' id='word_1_28' title='bbox 996 490 1074 562; x_wconf 82' lang='grc' dir='ltr'><em>τῷ</em></span> <span class='ocrx_word' id='word_1_29' title='bbox 1108 479 1417 561; x_wconf 76' lang='grc' dir='ltr'><em>σπέρματος</em></span> <span class='ocrx_word' id='word_1_30' title='bbox 1454 493 1695 562; x_wconf 79' lang='grc' dir='ltr'><strong>μετέχειν</strong></span> <span class='ocrx_word' id='word_1_31' title='bbox 1736 492 1869 545; x_wconf 88' lang='grc' dir='ltr'><em>Θεοῦ</em></span> 
     </span>
    </p>
   </div>
   <div class='ocr_carea' id='block_1_7' title="bbox 318 574 1866 653">
    <p class='ocr_par' dir='ltr' id='par_1_7' title="bbox 318 574 1866 653">
     <span class='ocr_line' id='line_1_7' title="bbox 318 574 1866 653; baseline 0 -17"><span class='ocrx_word' id='word_1_32' title='bbox 318 583 491 652; x_wconf 86' lang='grc' dir='ltr'><strong>πάσης</strong></span> <span class='ocrx_word' id='word_1_33' title='bbox 513 579 780 651; x_wconf 87' lang='grc' dir='ltr'><em>ἁμαρτίας</em></span> <span class='ocrx_word' id='word_1_34' title='bbox 795 579 1210 652; x_wconf 76' lang='grc' dir='ltr'><strong>ἀποτρέποντος,</strong></span> <span class='ocrx_word' id='word_1_35' title='bbox 1233 581 1302 634; x_wconf 85' lang='grc' dir='ltr'><em>δι’</em></span> <span class='ocrx_word' id='word_1_36' title='bbox 1315 574 1389 635; x_wconf 82' lang='grc' dir='ltr'><strong>ὧν</strong></span> <span class='ocrx_word' id='word_1_37' title='bbox 1415 582 1659 653; x_wconf 80' lang='grc' dir='ltr'><strong>πράττει,</strong></span> <span class='ocrx_word' id='word_1_38' title='bbox 1691 583 1866 652; x_wconf 89' lang='grc' dir='ltr'><em>λέγει·</em></span> 
     </span>
    </p>
   </div>
   <div class='ocr_carea' id='block_1_8' title="bbox 315 669 1874 740">
    <p class='ocr_par' dir='ltr' id='par_1_8' title="bbox 315 669 1874 740">
     <span class='ocr_line' id='line_1_8' title="bbox 315 669 1874 740; baseline 0.001 -12"><span class='ocrx_word' id='word_1_39' title='bbox 315 673 498 740; x_wconf 84' lang='grc' dir='ltr'><em>Πάτερ</em></span> <span class='ocrx_word' id='word_1_40' title='bbox 517 669 704 739; x_wconf 74' lang='grc' dir='ltr'><em>ἡμῶν,</em></span> <span class='ocrx_word' id='word_1_41' title='bbox 727 674 760 725; x_wconf 86' lang='grc' dir='ltr'><strong>ό</strong></span> <span class='ocrx_word' id='word_1_42' title='bbox 774 673 844 724; x_wconf 83' lang='grc' dir='ltr'><em>ὲν</em></span> <span class='ocrx_word' id='word_1_43' title='bbox 870 671 993 737; x_wconf 88' lang='grc' dir='ltr'><em>τοῖς</em></span> <span class='ocrx_word' id='word_1_44' title='bbox 1021 673 1295 740; x_wconf 80' lang='grc' dir='ltr'><em>οὐρανοῖς</em></span> <span class='ocrx_word' id='word_1_45' title='bbox 1311 690 1324 702; x_wconf 87' lang='grc'><strong>·</strong></span> <span class='ocrx_word' id='word_1_46' title='bbox 1347 673 1532 727; x_wconf 85' lang='grc' dir='ltr'><em>αὑτοῦ</em></span> <span class='ocrx_word' id='word_1_47' title='bbox 1560 675 1666 728; x_wconf 87' lang='grc' dir='ltr'><em>τοῦ</em></span> <span class='ocrx_word' id='word_1_48' title='bbox 1690 677 1874 732; x_wconf 79' lang='grc' dir='ltr'><em>Πνεύ-</em></span> 
     </span>
    </p>
   </div>
   <div class='ocr_carea' id='block_1_9' title="bbox 309 763 1874 834">
    <p class='ocr_par' dir='ltr' id='par_1_9' title="bbox 309 763 1874 834">
     <span class='ocr_line' id='line_1_9' title="bbox 309 763 1874 834; baseline 0.003 -18"><span class='ocrx_word' id='word_1_49' title='bbox 309 781 490 834; x_wconf 83' lang='grc' dir='ltr'><em>ματος</em></span> <span class='ocrx_word' id='word_1_50' title='bbox 535 763 1096 831; x_wconf 83' lang='grc' dir='ltr'><em>συμμαρτυροῦντος</em></span> <span class='ocrx_word' id='word_1_51' title='bbox 1139 764 1218 830; x_wconf 83' lang='grc' dir='ltr'><em>τῷ</em></span> <span class='ocrx_word' id='word_1_52' title='bbox 1257 767 1544 834; x_wconf 82' lang='grc' dir='ltr'><em>πνεύματι</em></span> <span class='ocrx_word' id='word_1_53' title='bbox 1578 767 1754 819; x_wconf 88' lang='grc' dir='ltr'><em>αὐτῶν</em></span> <span class='ocrx_word' id='word_1_54' title='bbox 1785 767 1874 820; x_wconf 85' lang='grc' dir='ltr'><em>ὅτι</em></span> 
     </span>
    </p>
   </div>
   <div class='ocr_carea' id='block_1_10' title="bbox 315 853 1874 928">
    <p class='ocr_par' dir='ltr' id='par_1_10' title="bbox 315 853 1874 928">
     <span class='ocr_line' id='line_1_10' title="bbox 315 853 1874 928; baseline 0.003 -20"><span class='ocrx_word' id='word_1_55' title='bbox 315 855 418 908; x_wconf 63' lang='grc' dir='ltr'><strong>είσῖ⁹</strong></span> <span class='ocrx_word' id='word_1_56' title='bbox 449 853 630 908; x_wconf 83' lang='grc' dir='ltr'><em>τέκνα</em></span> <span class='ocrx_word' id='word_1_57' title='bbox 654 854 820 918; x_wconf 87' lang='grc' dir='ltr'><strong>Θεοῦ,</strong></span> <span class='ocrx_word' id='word_1_58' title='bbox 850 855 942 908; x_wconf 79' lang='grc' dir='ltr'><em>καὶ</em></span> <span class='ocrx_word' id='word_1_59' title='bbox 973 859 1327 926; x_wconf 82' lang='grc' dir='ltr'><strong>κληρονόμοι</strong></span> <span class='ocrx_word' id='word_1_60' title='bbox 1365 858 1578 922; x_wconf 82' lang='grc' dir='ltr'><em>αὑτοῦ,</em></span> <span class='ocrx_word' id='word_1_61' title='bbox 1610 863 1874 928; x_wconf 69' lang='grc' dir='ltr'><em>συγκλη-</em></span> 
     </span>
    </p>
   </div>
   <div class='ocr_carea' id='block_1_11' title="bbox 307 946 1874 1020">
    <p class='ocr_par' dir='ltr' id='par_1_11' title="bbox 307 946 1874 1020">
     <span class='ocr_line' id='line_1_11' title="bbox 307 946 1874 1020; baseline 0.003 -21"><span class='ocrx_word' id='word_1_62' title='bbox 307 948 545 1016; x_wconf 87' lang='grc' dir='ltr'><em>ρονόμοι</em></span> <span class='ocrx_word' id='word_1_63' title='bbox 591 964 656 1000; x_wconf 86' lang='grc' dir='ltr'><strong>τε</strong></span> <span class='ocrx_word' id='word_1_64' title='bbox 679 946 783 1000; x_wconf 85' lang='grc' dir='ltr'><strong>τοῦ</strong></span> <span class='ocrx_word' id='word_1_65' title='bbox 815 947 1094 1015; x_wconf 85' lang='grc' dir='ltr'><em>Χριστοῦ·</em></span> <span class='ocrx_word' id='word_1_66' title='bbox 1142 950 1260 1002; x_wconf 79' lang='grc' dir='ltr'><em>ἐπεὶ</em></span> <span class='ocrx_word' id='word_1_67' title='bbox 1294 950 1754 1020; x_wconf 81' lang='grc' dir='ltr'><em>συμπάσχοντες</em></span> <span class='ocrx_word' id='word_1_68' title='bbox 1785 953 1874 1004; x_wconf 75' lang='grc' dir='ltr'><em>καὶ</em></span> 
     </span>
    </p>
   </div>
   <div class='ocr_carea' id='block_1_12' title="bbox 315 1037 1873 1114">
    <p class='ocr_par' dir='ltr' id='par_1_12' title="bbox 315 1037 1873 1114">
     <span class='ocr_line' id='line_1_12' title="bbox 315 1037 1873 1114; baseline 0.002 -21"><span class='ocrx_word' id='word_1_69' title='bbox 315 1037 777 1102; x_wconf 80' lang='grc' dir='ltr'><em>συνδοξὰζεσθαι</em></span> <span class='ocrx_word' id='word_1_70' title='bbox 822 1037 1125 1103; x_wconf 75' lang='grc' dir='ltr'><strong>ἐλπίζουσιν</strong></span> <span class='ocrx_word' id='word_1_71' title='bbox 1173 1041 1424 1108; x_wconf 80' lang='grc' dir='ltr'><strong>εὐλόγως.</strong></span> <span class='ocrx_word' id='word_1_72' title='bbox 1465 1041 1578 1094; x_wconf 84' lang='grc' dir='ltr'><strong>Ἵνα</strong></span> <span class='ocrx_word' id='word_1_73' title='bbox 1609 1042 1663 1094; x_wconf 85' lang='grc' dir='ltr'><em>δὲ</em></span> <span class='ocrx_word' id='word_1_74' title='bbox 1709 1043 1781 1114; x_wconf 84' lang='grc' dir='ltr'><em>μὴ</em></span> <span class='ocrx_word' id='word_1_75' title='bbox 1816 1045 1873 1111; x_wconf 77' lang='grc' dir='ltr'>ἐξ</span> 
     </span>
    </p>
   </div>
   <div class='ocr_carea' id='block_1_13' title="bbox 315 1129 1874 1206">
    <p class='ocr_par' dir='ltr' id='par_1_13' title="bbox 315 1129 1874 1206">
     <span class='ocr_line' id='line_1_13' title="bbox 315 1129 1874 1206; baseline 0.004 -25"><span class='ocrx_word' id='word_1_76' title='bbox 315 1129 535 1201; x_wconf 78' lang='grc' dir='ltr'><strong>ἡμίσους</strong></span> <span class='ocrx_word' id='word_1_77' title='bbox 567 1130 764 1199; x_wconf 82' lang='grc' dir='ltr'><em>λέγωσι</em></span> <span class='ocrx_word' id='word_1_78' title='bbox 794 1131 875 1194; x_wconf 82' lang='grc' dir='ltr'><em>τὸ,</em></span> <span class='ocrx_word' id='word_1_79' title='bbox 905 1131 1093 1200; x_wconf 82' lang='grc' dir='ltr'><em>Πάτερ</em></span> <span class='ocrx_word' id='word_1_80' title='bbox 1132 1131 1316 1201; x_wconf 79' lang='grc' dir='ltr'><em>ἡμῶν,</em></span> <span class='ocrx_word' id='word_1_81' title='bbox 1357 1135 1405 1186; x_wconf 86' lang='grc' dir='ltr'><strong>οἱ</strong></span> <span class='ocrx_word' id='word_1_82' title='bbox 1443 1134 1665 1188; x_wconf 74' lang='grc' dir='ltr'><em>τοιοῦτοι</em></span> <span class='ocrx_word' id='word_1_83' title='bbox 1740 1136 1874 1206; x_wconf 77' lang='grc' dir='ltr'><em>μετὰ</em></span> 
     </span>
    </p>
   </div>
   <div class='ocr_carea' id='block_1_14' title="bbox 313 1222 1874 1300">
    <p class='ocr_par' dir='ltr' id='par_1_14' title="bbox 313 1222 1874 1300">
     <span class='ocr_line' id='line_1_14' title="bbox 313 1222 1874 1300; baseline 0.003 -24"><span class='ocrx_word' id='word_1_84' title='bbox 313 1222 416 1277; x_wconf 84' lang='grc' dir='ltr'><strong>τῶν</strong></span> <span class='ocrx_word' id='word_1_85' title='bbox 447 1223 644 1294; x_wconf 79' lang='grc' dir='ltr'><em>ἔργων,</em></span> <span class='ocrx_word' id='word_1_86' title='bbox 672 1226 765 1278; x_wconf 73' lang='grc' dir='ltr'><em>καὶ</em></span> <span class='ocrx_word' id='word_1_87' title='bbox 788 1228 826 1293; x_wconf 76' lang='grc' dir='ltr'>ἡ</span> <span class='ocrx_word' id='word_1_88' title='bbox 860 1225 1091 1293; x_wconf 81' lang='grc' dir='ltr'><strong>καρδία,</strong></span> <span class='ocrx_word' id='word_1_89' title='bbox 1117 1228 1149 1296; x_wconf 86' lang='grc' dir='ltr'><strong>ἡ</strong></span> <span class='ocrx_word' id='word_1_90' title='bbox 1177 1226 1284 1278; x_wconf 89' lang='grc' dir='ltr'><strong>τῶν</strong></span> <span class='ocrx_word' id='word_1_91' title='bbox 1311 1225 1489 1280; x_wconf 86' lang='grc' dir='ltr'><em>καλῶν</em></span> <span class='ocrx_word' id='word_1_92' title='bbox 1518 1227 1692 1298; x_wconf 76' lang='grc' dir='ltr'><em>ἔργων</em></span> <span class='ocrx_word' id='word_1_93' title='bbox 1726 1229 1874 1300; x_wconf 82' lang='grc' dir='ltr'><em>πηγὴ</em></span> 
     </span>
    </p>
   </div>
   <div class='ocr_carea' id='block_1_15' title="bbox 312 1311 1875 1389">
    <p class='ocr_par' dir='ltr' id='par_1_15' title="bbox 312 1311 1875 1389">
     <span class='ocr_line' id='line_1_15' title="bbox 312 1311 1875 1389; baseline 0.004 -23"><span class='ocrx_word' id='word_1_94' title='bbox 312 1314 399 1366; x_wconf 80' lang='grc' dir='ltr'><em>καὶ</em></span> <span class='ocrx_word' id='word_1_95' title='bbox 428 1313 591 1384; x_wconf 76' lang='grc' dir='ltr'><em>ἀρχὴ,</em></span> <span class='ocrx_word' id='word_1_96' title='bbox 621 1316 885 1368; x_wconf 84' lang='grc' dir='ltr'><em>πιστεύει</em></span> <span class='ocrx_word' id='word_1_97' title='bbox 915 1319 1001 1381; x_wconf 82' lang='grc' dir='ltr'><em>εἰς</em></span> <span class='ocrx_word' id='word_1_98' title='bbox 1026 1316 1436 1384; x_wconf 83' lang='grc' dir='ltr'><em>δικαιοσύνην,</em></span> <span class='ocrx_word' id='word_1_99' title='bbox 1466 1311 1545 1381; x_wconf 71' lang='grc' dir='ltr'><em>οἷς</em></span> <span class='ocrx_word' id='word_1_100' title='bbox 1575 1318 1875 1389; x_wconf 79' lang='grc' dir='ltr'><strong>συμφώνως</strong></span> 
     </span>
    </p>
   </div>
   <div class='ocr_carea' id='block_1_16' title="bbox 305 1404 1876 1482">
    <p class='ocr_par' dir='ltr' id='par_1_16' title="bbox 305 1404 1876 1482">
     <span class='ocr_line' id='line_1_16' title="bbox 305 1404 1876 1482; baseline 0.005 -25"><span class='ocrx_word' id='word_1_101' title='bbox 305 1404 369 1458; x_wconf 81' lang='grc' dir='ltr'><em>τὸ</em></span> <span class='ocrx_word' id='word_1_102' title='bbox 419 1406 624 1474; x_wconf 71' lang='grc' dir='ltr'><em>στόμια</em></span> <span class='ocrx_word' id='word_1_103' title='bbox 662 1406 940 1474; x_wconf 76' lang='grc' dir='ltr'><em>ὁμολογεῖ</em></span> <span class='ocrx_word' id='word_1_104' title='bbox 971 1409 1055 1472; x_wconf 83' lang='grc' dir='ltr'><em>εἰς</em></span> <span class='ocrx_word' id='word_1_105' title='bbox 1084 1409 1400 1476; x_wconf 75' lang='grc' dir='ltr'><em>σωτηρίαν.</em></span> <span class='ocrx_word' id='word_1_106' title='bbox 1435 1411 1548 1462; x_wconf 76' lang='grc' dir='ltr'><em>Πᾶν</em></span> <span class='ocrx_word' id='word_1_107' title='bbox 1588 1407 1680 1463; x_wconf 77' lang='grc' dir='ltr'><strong>οὖν</strong></span> <span class='ocrx_word' id='word_1_108' title='bbox 1719 1411 1876 1482; x_wconf 78' lang='grc' dir='ltr'><em>ἔργον</em></span> 
     </span>
    </p>
   </div>
   <div class='ocr_carea' id='block_1_17' title="bbox 304 1497 1878 1570">
    <p class='ocr_par' dir='ltr' id='par_1_17' title="bbox 304 1497 1878 1570">
     <span class='ocr_line' id='line_1_17' title="bbox 304 1497 1878 1570; baseline 0.005 -22"><span class='ocrx_word' id='word_1_109' title='bbox 304 1497 500 1560; x_wconf 83' lang='grc' dir='ltr'><em>αὐτοῖς,</em></span> <span class='ocrx_word' id='word_1_110' title='bbox 527 1498 635 1549; x_wconf 66' lang='grc' dir='ltr'><em>καὶ</em></span> <span class='ocrx_word' id='word_1_111' title='bbox 659 1497 834 1564; x_wconf 84' lang='grc' dir='ltr'><strong>λόγος,</strong></span> <span class='ocrx_word' id='word_1_112' title='bbox 860 1499 952 1550; x_wconf 71' lang='grc' dir='ltr'><em>καὶ</em></span> <span class='ocrx_word' id='word_1_113' title='bbox 975 1498 1151 1567; x_wconf 88' lang='grc' dir='ltr'><em>νόημα</em></span> <span class='ocrx_word' id='word_1_114' title='bbox 1181 1500 1283 1551; x_wconf 89' lang='grc' dir='ltr'><em>ὐπὸ</em></span> <span class='ocrx_word' id='word_1_115' title='bbox 1311 1500 1402 1552; x_wconf 75' lang='grc' dir='ltr'><strong>τοῦ</strong></span> <span class='ocrx_word' id='word_1_116' title='bbox 1434 1502 1750 1570; x_wconf 75' lang='grc' dir='ltr'><strong>μονογενοῦς</strong></span> <span class='ocrx_word' id='word_1_117' title='bbox 1779 1504 1878 1556; x_wconf 88' lang='grc' dir='ltr'><strong>Λό-</strong></span> 
     </span>
    </p>
   </div>
   <div class='ocr_carea' id='block_1_18' title="bbox 306 1587 1878 1660">
    <p class='ocr_par' dir='ltr' id='par_1_18' title="bbox 306 1587 1878 1660">
     <span class='ocr_line' id='line_1_18' title="bbox 306 1587 1878 1660; baseline 0.004 -23"><span class='ocrx_word' id='word_1_118' title='bbox 306 1602 400 1653; x_wconf 82' lang='grc' dir='ltr'><strong>γου</strong></span> <span class='ocrx_word' id='word_1_119' title='bbox 427 1603 489 1656; x_wconf 88' lang='grc' dir='ltr'><strong>με</strong></span> <span class='ocrx_word' id='word_1_120' title='bbox 500 1587 843 1657; x_wconf 77' lang='grc' dir='ltr'><em>μορφωμένα</em></span> <span class='ocrx_word' id='word_1_121' title='bbox 872 1589 989 1640; x_wconf 84' lang='grc' dir='ltr'><em>κατ’</em></span> <span class='ocrx_word' id='word_1_122' title='bbox 1017 1588 1196 1652; x_wconf 84' lang='grc' dir='ltr'><em>αὐτὸν,</em></span> <span class='ocrx_word' id='word_1_123' title='bbox 1240 1587 1542 1659; x_wconf 79' lang='grc' dir='ltr'><em>μεμίμηται</em></span> <span class='ocrx_word' id='word_1_124' title='bbox 1571 1589 1669 1660; x_wconf 82' lang='grc' dir='ltr'><strong>τὴν</strong></span> <span class='ocrx_word' id='word_1_125' title='bbox 1698 1590 1878 1644; x_wconf 85' lang='grc' dir='ltr'><em>εἰκόνα</em></span> 
     </span>
    </p>
   </div>
   <div class='ocr_carea' id='block_1_19' title="bbox 305 1676 1873 1748">
    <p class='ocr_par' dir='ltr' id='par_1_19' title="bbox 305 1676 1873 1748">
     <span class='ocr_line' id='line_1_19' title="bbox 305 1676 1873 1748; baseline 0.003 -20"><span class='ocrx_word' id='word_1_126' title='bbox 305 1676 396 1729; x_wconf 80' lang='grc' dir='ltr'><em>τοῦ</em></span> <span class='ocrx_word' id='word_1_127' title='bbox 435 1677 580 1729; x_wconf 73' lang='grc' dir='ltr'><em>Θεοῦ</em></span> <span class='ocrx_word' id='word_1_128' title='bbox 624 1677 716 1730; x_wconf 75' lang='grc' dir='ltr'><strong>τοῦ</strong></span> <span class='ocrx_word' id='word_1_129' title='bbox 764 1679 1014 1748; x_wconf 80' lang='grc' dir='ltr'><strong>ἀοράτου,</strong></span> <span class='ocrx_word' id='word_1_130' title='bbox 1053 1680 1146 1732; x_wconf 72' lang='grc' dir='ltr'><em>καὶ</em></span> <span class='ocrx_word' id='word_1_131' title='bbox 1179 1681 1367 1748; x_wconf 85' lang='grc' dir='ltr'><em>γέγονε</em></span> <span class='ocrx_word' id='word_1_132' title='bbox 1408 1681 1527 1734; x_wconf 90' lang='grc' dir='ltr'><em>κατ’</em></span> <span class='ocrx_word' id='word_1_133' title='bbox 1562 1681 1742 1734; x_wconf 78' lang='grc' dir='ltr'><strong>εἰκόνα</strong></span> <span class='ocrx_word' id='word_1_134' title='bbox 1781 1682 1873 1734; x_wconf 82' lang='grc' dir='ltr'><em>τοῦ</em></span> 
     </span>
    </p>
   </div>
   <div class='ocr_carea' id='block_1_20' title="bbox 1972 485 3523 555">
    <p class='ocr_par' dir='ltr' id='par_1_20' title="bbox 1972 485 3523 555">
     <span class='ocr_line' id='line_1_20' title="bbox 1972 485 3523 555; baseline 0.003 -19"><span class='ocrx_word' id='word_1_135' title='bbox 1972 486 2226 550; x_wconf 71' lang='lat' dir='ltr'><strong>lim-edes,</strong></span> <span class='ocrx_word' id='word_1_136' title='bbox 2282 485 2573 538; x_wconf 77' lang='lat' dir='ltr'><strong>cohwredes</strong></span> <span class='ocrx_word' id='word_1_137' title='bbox 2619 496 2790 538; x_wconf 79' lang='lat' dir='ltr'><strong>autem</strong></span> <span class='ocrx_word' id='word_1_138' title='bbox 2844 485 3059 550; x_wconf 75' lang='lat' dir='ltr'><strong>Christi,</strong></span> <span class='ocrx_word' id='word_1_139' title='bbox 3089 486 3523 555; x_wconf 79' lang='lat' dir='ltr'><strong>quandoquidem</strong></span> 
     </span>
    </p>
   </div>
   <div class='ocr_carea' id='block_1_21' title="bbox 1971 575 3526 645">
    <p class='ocr_par' dir='ltr' id='par_1_21' title="bbox 1971 575 3526 645">
     <span class='ocr_line' id='line_1_21' title="bbox 1971 575 3526 645; baseline 0.003 -17"><span class='ocrx_word' id='word_1_140' title='bbox 1971 576 2379 645; x_wconf 74' lang='lat' dir='ltr'><strong>compatiuntur,</strong></span> <span class='ocrx_word' id='word_1_141' title='bbox 2417 575 2641 643; x_wconf 88' lang='lat' dir='ltr'><strong>ideoque</strong></span> <span class='ocrx_word' id='word_1_142' title='bbox 2669 575 3054 645; x_wconf 84' lang='lat' dir='ltr'><strong>congloriﬁcari</strong></span> <span class='ocrx_word' id='word_1_143' title='bbox 3093 585 3238 628; x_wconf 86' lang='lat' dir='ltr'><strong>recte</strong></span> <span class='ocrx_word' id='word_1_144' title='bbox 3283 589 3526 644; x_wconf 84' lang='lat' dir='ltr'><strong>Sperant.</strong></span> 
     </span>
    </p>
   </div>
   <div class='ocr_carea' id='block_1_22' title="bbox 1972 665 3528 729">
    <p class='ocr_par' dir='ltr' id='par_1_22' title="bbox 1972 665 3528 729">
     <span class='ocr_line' id='line_1_22' title="bbox 1972 665 3528 729; baseline 0 -7"><span class='ocrx_word' id='word_1_145' title='bbox 1972 667 2050 722; x_wconf 86' lang='lat' dir='ltr'><strong>Ne</strong></span> <span class='ocrx_word' id='word_1_146' title='bbox 2079 677 2254 720; x_wconf 88' lang='lat' dir='ltr'><strong>autem</strong></span> <span class='ocrx_word' id='word_1_147' title='bbox 2317 665 2478 720; x_wconf 88' lang='lat' dir='ltr'><strong>Pater</strong></span> <span class='ocrx_word' id='word_1_148' title='bbox 2505 675 2680 719; x_wconf 82' lang='lat' dir='ltr'><strong>noster</strong></span> <span class='ocrx_word' id='word_1_149' title='bbox 2715 669 2991 721; x_wconf 89' lang='lat' dir='ltr'><strong>dimidiate</strong></span> <span class='ocrx_word' id='word_1_150' title='bbox 3049 668 3229 721; x_wconf 89' lang='lat' dir='ltr'><strong>dicant</strong></span> <span class='ocrx_word' id='word_1_151' title='bbox 3259 667 3352 729; x_wconf 88' lang='lat' dir='ltr'><strong>illi,</strong></span> <span class='ocrx_word' id='word_1_152' title='bbox 3403 683 3528 722; x_wconf 88' lang='lat' dir='ltr'><strong>cum</strong></span> 
     </span>
    </p>
   </div>
   <div class='ocr_carea' id='block_1_23' title="bbox 1971 759 3528 828">
    <p class='ocr_par' dir='ltr' id='par_1_23' title="bbox 1971 759 3528 828">
     <span class='ocr_line' id='line_1_23' title="bbox 1971 759 3528 828; baseline -0.002 -14"><span class='ocrx_word' id='word_1_153' title='bbox 1971 759 2224 827; x_wconf 82' lang='lat' dir='ltr'><strong>operibus</strong></span> <span class='ocrx_word' id='word_1_154' title='bbox 2257 759 2419 811; x_wconf 88' lang='lat' dir='ltr'><strong>etiam</strong></span> <span class='ocrx_word' id='word_1_155' title='bbox 2463 775 2553 811; x_wconf 89' lang='lat' dir='ltr'><strong>cor</strong></span> <span class='ocrx_word' id='word_1_156' title='bbox 2582 761 2843 813; x_wconf 90' lang='lat' dir='ltr'><strong>bonorum</strong></span> <span class='ocrx_word' id='word_1_157' title='bbox 2877 774 3097 828; x_wconf 88' lang='lat' dir='ltr'><strong>operum</strong></span> <span class='ocrx_word' id='word_1_158' title='bbox 3135 761 3254 813; x_wconf 81' lang='lat' dir='ltr'><strong>lous</strong></span> <span class='ocrx_word' id='word_1_159' title='bbox 3285 771 3338 813; x_wconf 88' lang='lat' dir='ltr'><strong>et</strong></span> <span class='ocrx_word' id='word_1_160' title='bbox 3375 761 3528 828; x_wconf 86' lang='lat' dir='ltr'><strong>priu-</strong></span> 
     </span>
    </p>
   </div>
   <div class='ocr_carea' id='block_1_24' title="bbox 1973 849 3529 918">
    <p class='ocr_par' dir='ltr' id='par_1_24' title="bbox 1973 849 3529 918">
     <span class='ocr_line' id='line_1_24' title="bbox 1973 849 3529 918; baseline 0.001 -15"><span class='ocrx_word' id='word_1_161' title='bbox 1973 851 2170 918; x_wconf 91' lang='lat' dir='ltr'><strong>cipium</strong></span> <span class='ocrx_word' id='word_1_162' title='bbox 2205 851 2365 902; x_wconf 85' lang='lat' dir='ltr'><strong>credit</strong></span> <span class='ocrx_word' id='word_1_163' title='bbox 2388 851 2455 901; x_wconf 87' lang='lat' dir='ltr'><strong>ad</strong></span> <span class='ocrx_word' id='word_1_164' title='bbox 2495 849 2789 917; x_wconf 76' lang='lat' dir='ltr'><strong>justitiam,-</strong></span> <span class='ocrx_word' id='word_1_165' title='bbox 2844 852 3041 918; x_wconf 91' lang='lat' dir='ltr'><strong>quibus</strong></span> <span class='ocrx_word' id='word_1_166' title='bbox 3086 854 3426 907; x_wconf 92' lang='lat' dir='ltr'><strong>consentiens</strong></span> <span class='ocrx_word' id='word_1_167' title='bbox 3473 870 3529 905; x_wconf 89' lang='lat' dir='ltr'><strong>os</strong></span> 
     </span>
    </p>
   </div>
   <div class='ocr_carea' id='block_1_25' title="bbox 1973 941 3532 1012">
    <p class='ocr_par' dir='ltr' id='par_1_25' title="bbox 1973 941 3532 1012">
     <span class='ocr_line' id='line_1_25' title="bbox 1973 941 3532 1012; baseline 0.002 -17"><span class='ocrx_word' id='word_1_168' title='bbox 1973 943 2251 1011; x_wconf 83' lang='lat' dir='ltr'><strong>conﬁtetur</strong></span> <span class='ocrx_word' id='word_1_169' title='bbox 2272 943 2339 994; x_wconf 80' lang='lat' dir='ltr'><strong>ad</strong></span> <span class='ocrx_word' id='word_1_170' title='bbox 2371 941 2594 994; x_wconf 75' lang='lat' dir='ltr'><strong>salutem</strong></span> <span class='ocrx_word' id='word_1_171' title='bbox 2627 943 2691 995; x_wconf 82' lang='grc'><strong>⁷⁸.</strong></span> <span class='ocrx_word' id='word_1_172' title='bbox 2747 943 2928 1010; x_wconf 80' lang='lat' dir='ltr'><strong>Itaque</strong></span> <span class='ocrx_word' id='word_1_173' title='bbox 2963 959 3120 997; x_wconf 90' lang='lat' dir='ltr'><strong>omne</strong></span> <span class='ocrx_word' id='word_1_174' title='bbox 3151 959 3338 997; x_wconf 87' lang='lat' dir='ltr'><strong>eorum</strong></span> <span class='ocrx_word' id='word_1_175' title='bbox 3395 960 3532 1012; x_wconf 78' lang='lat' dir='ltr'><strong>Opus</strong></span> 
     </span>
    </p>
   </div>
   <div class='ocr_carea' id='block_1_26' title="bbox 1973 1035 3532 1107">
    <p class='ocr_par' dir='ltr' id='par_1_26' title="bbox 1973 1035 3532 1107">
     <span class='ocr_line' id='line_1_26' title="bbox 1973 1035 3532 1107; baseline 0.001 -17"><span class='ocrx_word' id='word_1_176' title='bbox 1973 1046 2028 1090; x_wconf 86' lang='lat' dir='ltr'><strong>et</strong></span> <span class='ocrx_word' id='word_1_177' title='bbox 2060 1051 2236 1091; x_wconf 86' lang='lat' dir='ltr'><strong>sermo</strong></span> <span class='ocrx_word' id='word_1_178' title='bbox 2261 1046 2315 1090; x_wconf 92' lang='lat' dir='ltr'><strong>et</strong></span> <span class='ocrx_word' id='word_1_179' title='bbox 2365 1036 2617 1105; x_wconf 77' lang='lat' dir='ltr'><strong>cogitatio</strong></span> <span class='ocrx_word' id='word_1_180' title='bbox 2649 1035 2714 1089; x_wconf 91' lang='lat' dir='ltr'><strong>ah</strong></span> <span class='ocrx_word' id='word_1_181' title='bbox 2741 1037 3017 1102; x_wconf 86' lang='lat' dir='ltr'><strong>unigenito</strong></span> <span class='ocrx_word' id='word_1_182' title='bbox 3048 1037 3225 1091; x_wconf 80' lang='lat' dir='ltr'><strong>Verbo</strong></span> <span class='ocrx_word' id='word_1_183' title='bbox 3256 1039 3352 1107; x_wconf 87' lang='lat' dir='ltr'><strong>ipsi</strong></span> <span class='ocrx_word' id='word_1_184' title='bbox 3399 1054 3532 1091; x_wconf 89' lang='lat' dir='ltr'><strong>cou-</strong></span> 
     </span>
    </p>
   </div>
   <div class='ocr_carea' id='block_1_27' title="bbox 1976 1129 3528 1198">
    <p class='ocr_par' dir='ltr' id='par_1_27' title="bbox 1976 1129 3528 1198">
     <span class='ocr_line' id='line_1_27' title="bbox 1976 1129 3528 1198; baseline 0.001 -15"><span class='ocrx_word' id='word_1_185' title='bbox 1976 1129 2200 1183; x_wconf 83' lang='lat' dir='ltr'><strong>lormata</strong></span> <span class='ocrx_word' id='word_1_186' title='bbox 2235 1129 2510 1182; x_wconf 91' lang='lat' dir='ltr'><strong>imitantur</strong></span> <span class='ocrx_word' id='word_1_187' title='bbox 2543 1129 2828 1198; x_wconf 79' lang='lat' dir='ltr'><strong>imaginem</strong></span> <span class='ocrx_word' id='word_1_188' title='bbox 2864 1129 3150 1182; x_wconf 69' lang='lat' dir='ltr'><strong>invisibilis</strong></span> <span class='ocrx_word' id='word_1_189' title='bbox 3181 1130 3272 1184; x_wconf 86' lang='lat' dir='ltr'><strong>Dei</strong></span> <span class='ocrx_word' id='word_1_190' title='bbox 3307 1141 3360 1183; x_wconf 90' lang='lat' dir='ltr'><strong>et</strong></span> <span class='ocrx_word' id='word_1_191' title='bbox 3397 1130 3528 1184; x_wconf 85' lang='lat' dir='ltr'><strong>ﬁunt</strong></span> 
     </span>
    </p>
   </div>
   <div class='ocr_carea' id='block_1_28' title="bbox 1976 1219 3560 1291">
    <p class='ocr_par' dir='ltr' id='par_1_28' title="bbox 1976 1219 3560 1291">
     <span class='ocr_line' id='line_1_28' title="bbox 1976 1219 3560 1291; baseline 0 -18"><span class='ocrx_word' id='word_1_192' title='bbox 1976 1221 2042 1273; x_wconf 85' lang='lat' dir='ltr'><strong>ad</strong></span> <span class='ocrx_word' id='word_1_193' title='bbox 2075 1221 2357 1291; x_wconf 82' lang='lat' dir='ltr'><strong>imaginem</strong></span> <span class='ocrx_word' id='word_1_194' title='bbox 2407 1219 2681 1274; x_wconf 80' lang='lat' dir='ltr'><strong>Creatoris</strong></span> <span class='ocrx_word' id='word_1_195' title='bbox 2725 1221 2812 1288; x_wconf 87' lang='lat' dir='ltr'><strong>qui</strong></span> <span class='ocrx_word' id='word_1_196' title='bbox 2839 1219 2998 1271; x_wconf 89' lang='lat' dir='ltr'><strong>solem</strong></span> <span class='ocrx_word' id='word_1_197' title='bbox 3049 1236 3199 1270; x_wconf 84' lang='lat' dir='ltr'><strong>suum</strong></span> <span class='ocrx_word' id='word_1_198' title='bbox 3235 1221 3365 1271; x_wconf 77' lang='lat' dir='ltr'><strong>oriri</strong></span> <span class='ocrx_word' id='word_1_199' title='bbox 3401 1221 3560 1288; x_wconf 78' lang='lat' dir='ltr'><strong>facit“</strong></span> 
     </span>
    </p>
   </div>
   <div class='ocr_carea' id='block_1_29' title="bbox 1975 1312 3530 1382">
    <p class='ocr_par' dir='ltr' id='par_1_29' title="bbox 1975 1312 3530 1382">
     <span class='ocr_line' id='line_1_29' title="bbox 1975 1312 3530 1382; baseline 0.001 -18"><span class='ocrx_word' id='word_1_200' title='bbox 1975 1329 2131 1381; x_wconf 80' lang='lat' dir='ltr'><strong>super</strong></span> <span class='ocrx_word' id='word_1_201' title='bbox 2154 1314 2320 1366; x_wconf 79' lang='lat' dir='ltr'><strong>malos</strong></span> <span class='ocrx_word' id='word_1_202' title='bbox 2339 1322 2387 1364; x_wconf 86' lang='lat' dir='ltr'><strong>et</strong></span> <span class='ocrx_word' id='word_1_203' title='bbox 2435 1312 2590 1382; x_wconf 81' lang='lat'><strong>233</strong></span> <span class='ocrx_word' id='word_1_204' title='bbox 2624 1313 2802 1376; x_wconf 87' lang='lat' dir='ltr'><strong>bonos,</strong></span> <span class='ocrx_word' id='word_1_205' title='bbox 2831 1322 2879 1365; x_wconf 85' lang='lat' dir='ltr'><strong>et</strong></span> <span class='ocrx_word' id='word_1_206' title='bbox 2909 1312 3039 1380; x_wconf 81' lang='lat' dir='ltr'><strong>pluit</strong></span> <span class='ocrx_word' id='word_1_207' title='bbox 3074 1328 3226 1377; x_wconf 82' lang='lat' dir='ltr'><strong>super</strong></span> <span class='ocrx_word' id='word_1_208' title='bbox 3261 1313 3425 1372; x_wconf 87' lang='lat' dir='ltr'><strong>iustos</strong></span> <span class='ocrx_word' id='word_1_209' title='bbox 3481 1322 3530 1366; x_wconf 81' lang='lat' dir='ltr'><strong>et</strong></span> 
     </span>
    </p>
   </div>
   <div class='ocr_carea' id='block_1_30' title="bbox 1977 1403 3528 1473">
    <p class='ocr_par' dir='ltr' id='par_1_30' title="bbox 1977 1403 3528 1473">
     <span class='ocr_line' id='line_1_30' title="bbox 1977 1403 3528 1473; baseline 0.001 -17"><span class='ocrx_word' id='word_1_210' title='bbox 1977 1403 2266 1471; x_wconf 82' lang='lat' dir='ltr'><strong>injustas&quot;,</strong></span> <span class='ocrx_word' id='word_1_211' title='bbox 2298 1413 2355 1455; x_wconf 88' lang='lat' dir='ltr'><strong>ut</strong></span> <span class='ocrx_word' id='word_1_212' title='bbox 2393 1405 2462 1457; x_wconf 88' lang='lat' dir='ltr'><strong>sit</strong></span> <span class='ocrx_word' id='word_1_213' title='bbox 2491 1409 2540 1457; x_wconf 88' lang='lat' dir='ltr'><strong>in</strong></span> <span class='ocrx_word' id='word_1_214' title='bbox 2594 1406 2725 1471; x_wconf 88' lang='lat' dir='ltr'><strong>ipsis</strong></span> <span class='ocrx_word' id='word_1_215' title='bbox 2754 1407 2922 1473; x_wconf 78' lang='lat' dir='ltr'><strong>imago</strong></span> <span class='ocrx_word' id='word_1_216' title='bbox 2976 1404 3184 1473; x_wconf 82' lang='lat' dir='ltr'><strong>(Verbi)</strong></span> <span class='ocrx_word' id='word_1_217' title='bbox 3216 1405 3487 1458; x_wconf 68' lang='lat' dir='ltr'><strong>caelestis&quot;o</strong></span> <span class='ocrx_word' id='word_1_218' title='bbox 3513 1449 3528 1469; x_wconf 86' lang='lat'><strong>,</strong></span> 
     </span>
    </p>
   </div>
   <div class='ocr_carea' id='block_1_31' title="bbox 1976 1494 3530 1565">
    <p class='ocr_par' dir='ltr' id='par_1_31' title="bbox 1976 1494 3530 1565">
     <span class='ocr_line' id='line_1_31' title="bbox 1976 1494 3530 1565; baseline 0.004 -21"><span class='ocrx_word' id='word_1_219' title='bbox 1976 1495 2120 1564; x_wconf 89' lang='lat' dir='ltr'><strong>quod</strong></span> <span class='ocrx_word' id='word_1_220' title='bbox 2150 1503 2202 1548; x_wconf 87' lang='lat' dir='ltr'><strong>el</strong></span> <span class='ocrx_word' id='word_1_221' title='bbox 2235 1495 2406 1562; x_wconf 88' lang='lat' dir='ltr'><strong>ipsum</strong></span> <span class='ocrx_word' id='word_1_222' title='bbox 2433 1496 2708 1562; x_wconf 85' lang='lat' dir='ltr'><strong>estimago</strong></span> <span class='ocrx_word' id='word_1_223' title='bbox 2749 1496 2862 1550; x_wconf 85' lang='lat' dir='ltr'><strong>Dei.</strong></span> <span class='ocrx_word' id='word_1_224' title='bbox 2893 1494 3027 1550; x_wconf 87' lang='lat' dir='ltr'><strong>Cum</strong></span> <span class='ocrx_word' id='word_1_225' title='bbox 3072 1497 3235 1565; x_wconf 78' lang='lat' dir='ltr'><strong>igitur</strong></span> <span class='ocrx_word' id='word_1_226' title='bbox 3282 1497 3530 1563; x_wconf 79' lang='lat' dir='ltr'><strong>imaginis</strong></span> 
     </span>
    </p>
   </div>
   <div class='ocr_carea' id='block_1_32' title="bbox 1979 1587 3532 1656">
    <p class='ocr_par' dir='ltr' id='par_1_32' title="bbox 1979 1587 3532 1656">
     <span class='ocr_line' id='line_1_32' title="bbox 1979 1587 3532 1656; baseline 0.001 -16"><span class='ocrx_word' id='word_1_227' title='bbox 1979 1588 2155 1655; x_wconf 81' lang='lat' dir='ltr'><strong>imago</strong></span> <span class='ocrx_word' id='word_1_228' title='bbox 2184 1588 2291 1640; x_wconf 90' lang='lat' dir='ltr'><strong>sint</strong></span> <span class='ocrx_word' id='word_1_229' title='bbox 2341 1589 2534 1649; x_wconf 88' lang='lat' dir='ltr'><strong>sancti,</strong></span> <span class='ocrx_word' id='word_1_230' title='bbox 2583 1598 2636 1640; x_wconf 89' lang='lat' dir='ltr'><strong>et</strong></span> <span class='ocrx_word' id='word_1_231' title='bbox 2670 1588 2847 1656; x_wconf 82' lang='lat' dir='ltr'><strong>imago</strong></span> <span class='ocrx_word' id='word_1_232' title='bbox 2874 1587 3044 1640; x_wconf 85' lang='lat' dir='ltr'><strong>Filius</strong></span> <span class='ocrx_word' id='word_1_233' title='bbox 3074 1589 3164 1649; x_wconf 90' lang='lat' dir='ltr'><strong>sit,</strong></span> <span class='ocrx_word' id='word_1_234' title='bbox 3216 1587 3532 1642; x_wconf 84' lang='lat' dir='ltr'><strong>ﬁliatiouem</strong></span> 
     </span>
    </p>
   </div>
   <div class='ocr_carea' id='block_1_33' title="bbox 1978 1679 3532 1750">
    <p class='ocr_par' dir='ltr' id='par_1_33' title="bbox 1978 1679 3532 1750">
     <span class='ocr_line' id='line_1_33' title="bbox 1978 1679 3532 1750; baseline 0.003 -20"><span class='ocrx_word' id='word_1_235' title='bbox 1978 1679 2312 1747; x_wconf 79' lang='lat' dir='ltr'><strong>exprimunt,</strong></span> <span class='ocrx_word' id='word_1_236' title='bbox 2343 1696 2446 1732; x_wconf 85' lang='lat' dir='ltr'><strong>non</strong></span> <span class='ocrx_word' id='word_1_237' title='bbox 2477 1682 2692 1750; x_wconf 87' lang='lat' dir='ltr'><strong>corpori</strong></span> <span class='ocrx_word' id='word_1_238' title='bbox 2720 1691 2924 1734; x_wconf 89' lang='lat' dir='ltr'><strong>tantum</strong></span> <span class='ocrx_word' id='word_1_239' title='bbox 2945 1681 3126 1749; x_wconf 75' lang='lat' dir='ltr'><strong>gloriae</strong></span> <span class='ocrx_word' id='word_1_240' title='bbox 3157 1681 3355 1735; x_wconf 84' lang='lat' dir='ltr'><strong>Christi</strong></span> <span class='ocrx_word' id='word_1_241' title='bbox 3403 1697 3532 1735; x_wconf 89' lang='lat' dir='ltr'><strong>con-</strong></span> 
     </span>
    </p>
   </div>
   <div class='ocr_carea' id='block_1_34' title="bbox 307 1755 1876 1843">
    <p class='ocr_par' dir='ltr' id='par_1_34' title="bbox 307 1769 1876 1843">
     <span class='ocr_line' id='line_1_34' title="bbox 307 1769 1876 1843; baseline 0.004 -22"><span class='ocrx_word' id='word_1_242' title='bbox 307 1769 614 1832; x_wconf 87' lang='grc' dir='ltr'><em>κτίσαντος,</em></span> <span class='ocrx_word' id='word_1_243' title='bbox 648 1769 1082 1837; x_wconf 71' lang='grc' dir='ltr'><em>ἀνατέλλοντος</em></span> <span class='ocrx_word' id='word_1_244' title='bbox 1107 1772 1212 1824; x_wconf 86' lang='grc' dir='ltr'><strong>τὸν</strong></span> <span class='ocrx_word' id='word_1_245' title='bbox 1253 1771 1431 1840; x_wconf 80' lang='grc' dir='ltr'><em>ἣλιον</em></span> <span class='ocrx_word' id='word_1_246' title='bbox 1456 1774 1552 1826; x_wconf 79' lang='grc' dir='ltr'><strong>ἐπὶ</strong></span> <span class='ocrx_word' id='word_1_247' title='bbox 1581 1775 1876 1843; x_wconf 82' lang='grc' dir='ltr'><em>πονηροὺς</em></span> 
     </span>
    </p>
   </div>
   <div class='ocr_carea' id='block_1_35' title="bbox 1980 1755 3533 1843">
    <p class='ocr_par' dir='ltr' id='par_1_35' title="bbox 1980 1769 3533 1841">
     <span class='ocr_line' id='line_1_35' title="bbox 1980 1769 3533 1841; baseline 0.003 -19"><span class='ocrx_word' id='word_1_248' title='bbox 1980 1771 2179 1823; x_wconf 80' lang='lat' dir='ltr'><strong>formes</strong></span> <span class='ocrx_word' id='word_1_249' title='bbox 2224 1769 2374 1834; x_wconf 84' lang='lat' dir='ltr'><strong>facti,</strong></span> <span class='ocrx_word' id='word_1_250' title='bbox 2421 1772 2514 1824; x_wconf 90' lang='lat' dir='ltr'><strong>sed</strong></span> <span class='ocrx_word' id='word_1_251' title='bbox 2548 1780 2602 1825; x_wconf 86' lang='lat' dir='ltr'><strong>et</strong></span> <span class='ocrx_word' id='word_1_252' title='bbox 2633 1771 2682 1824; x_wconf 88' lang='lat' dir='ltr'><strong>ei</strong></span> <span class='ocrx_word' id='word_1_253' title='bbox 2710 1771 2799 1840; x_wconf 88' lang='lat' dir='ltr'><strong>qui</strong></span> <span class='ocrx_word' id='word_1_254' title='bbox 2857 1780 2938 1825; x_wconf 89' lang='lat' dir='ltr'><strong>est</strong></span> <span class='ocrx_word' id='word_1_255' title='bbox 2976 1772 3028 1824; x_wconf 94' lang='lat' dir='ltr'><strong>in</strong></span> <span class='ocrx_word' id='word_1_256' title='bbox 3081 1787 3330 1841; x_wconf 84' lang='lat' dir='ltr'><strong>corpore.</strong></span> <span class='ocrx_word' id='word_1_257' title='bbox 3367 1773 3533 1826; x_wconf 87' lang='lat' dir='ltr'><strong>Fiunt</strong></span> 
     </span>
    </p>
   </div>
   <div class='ocr_carea' id='block_1_36' title="bbox 309 1860 1875 1930">
    <p class='ocr_par' dir='ltr' id='par_1_36' title="bbox 309 1860 1875 1930">
     <span class='ocr_line' id='line_1_36' title="bbox 309 1860 1875 1930; baseline 0.004 -18"><span class='ocrx_word' id='word_1_258' title='bbox 309 1860 400 1913; x_wconf 79' lang='grc' dir='ltr'><strong>καί</strong></span> <span class='ocrx_word' id='word_1_259' title='bbox 430 1861 716 1928; x_wconf 77' lang='grc' dir='ltr'><em>ἀγαθούς,</em></span> <span class='ocrx_word' id='word_1_260' title='bbox 735 1862 834 1914; x_wconf 81' lang='grc' dir='ltr'><em>καὶ</em></span> <span class='ocrx_word' id='word_1_261' title='bbox 854 1862 1185 1930; x_wconf 74' lang='grc' dir='ltr'><em>βρέχοντος</em></span> <span class='ocrx_word' id='word_1_262' title='bbox 1209 1864 1306 1916; x_wconf 80' lang='grc' dir='ltr'><strong>ἐπὶ</strong></span> <span class='ocrx_word' id='word_1_263' title='bbox 1331 1863 1598 1930; x_wconf 77' lang='grc' dir='ltr'><em>δικαίους</em></span> <span class='ocrx_word' id='word_1_264' title='bbox 1624 1865 1721 1918; x_wconf 81' lang='grc' dir='ltr'><strong>καί</strong></span> <span class='ocrx_word' id='word_1_265' title='bbox 1748 1865 1875 1919; x_wconf 83' lang='grc' dir='ltr'><em>ἀδί-</em></span> 
     </span>
    </p>
   </div>
   <div class='ocr_carea' id='block_1_37' title="bbox 309 1949 1874 2026">
    <p class='ocr_par' dir='ltr' id='par_1_37' title="bbox 309 1949 1874 2026">
     <span class='ocr_line' id='line_1_37' title="bbox 309 1949 1874 2026; baseline 0.004 -22"><span class='ocrx_word' id='word_1_266' title='bbox 309 1969 480 2018; x_wconf 82' lang='grc' dir='ltr'><em>κους·</em></span> <span class='ocrx_word' id='word_1_267' title='bbox 511 1953 594 2015; x_wconf 80' lang='grc' dir='ltr'><em>ὡς</em></span> <span class='ocrx_word' id='word_1_268' title='bbox 622 1949 757 2006; x_wconf 84' lang='grc' dir='ltr'><em>εἶναι</em></span> <span class='ocrx_word' id='word_1_269' title='bbox 789 1957 845 2008; x_wconf 81' lang='grc' dir='ltr'>ἐν</span> <span class='ocrx_word' id='word_1_270' title='bbox 888 1956 1067 2017; x_wconf 87' lang='grc' dir='ltr'><em>αὐτοῖς</em></span> <span class='ocrx_word' id='word_1_271' title='bbox 1099 1955 1213 2024; x_wconf 81' lang='grc' dir='ltr'><em>τὴν</em></span> <span class='ocrx_word' id='word_1_272' title='bbox 1251 1959 1453 2010; x_wconf 73' lang='grc' dir='ltr'><em>εἰκόνα</em></span> <span class='ocrx_word' id='word_1_273' title='bbox 1488 1957 1593 2010; x_wconf 88' lang='grc' dir='ltr'><em>τοῦ</em></span> <span class='ocrx_word' id='word_1_274' title='bbox 1623 1958 1874 2026; x_wconf 80' lang='grc' dir='ltr'><em>ἐπουρα-</em></span> 
     </span>
    </p>
   </div>
   <div class='ocr_carea' id='block_1_38' title="bbox 309 2045 1878 2111">
    <p class='ocr_par' dir='ltr' id='par_1_38' title="bbox 309 2045 1878 2111">
     <span class='ocr_line' id='line_1_38' title="bbox 309 2045 1878 2111; baseline 0.004 -14"><span class='ocrx_word' id='word_1_275' title='bbox 309 2045 463 2110; x_wconf 79' lang='grc' dir='ltr'><em>νίου,</em></span> <span class='ocrx_word' id='word_1_276' title='bbox 495 2046 595 2097; x_wconf 75' lang='grc' dir='ltr'><em>καὶ</em></span> <span class='ocrx_word' id='word_1_277' title='bbox 630 2046 790 2098; x_wconf 78' lang='grc' dir='ltr'><em>αὐτοῦ</em></span> <span class='ocrx_word' id='word_1_278' title='bbox 835 2047 984 2110; x_wconf 75' lang='grc' dir='ltr'><em>ὄντος</em></span> <span class='ocrx_word' id='word_1_279' title='bbox 1025 2047 1229 2111; x_wconf 89' lang='grc' dir='ltr'><em>είκόνος</em></span> <span class='ocrx_word' id='word_1_280' title='bbox 1257 2048 1413 2101; x_wconf 76' lang='grc' dir='ltr'><em>Θεοῦ.</em></span> <span class='ocrx_word' id='word_1_281' title='bbox 1459 2049 1636 2104; x_wconf 86' lang='grc' dir='ltr'><em>Είκὼν</em></span> <span class='ocrx_word' id='word_1_282' title='bbox 1667 2047 1758 2103; x_wconf 73' lang='grc' dir='ltr'><strong>οὖν</strong></span> <span class='ocrx_word' id='word_1_283' title='bbox 1803 2052 1878 2103; x_wconf 83' lang='grc' dir='ltr'><em>εί-</em></span> 
     </span>
    </p>
   </div>
   <div class='ocr_carea' id='block_1_39' title="bbox 311 2134 1873 2211">
    <p class='ocr_par' dir='ltr' id='par_1_39' title="bbox 311 2134 1873 2211">
     <span class='ocr_line' id='line_1_39' title="bbox 311 2134 1873 2211; baseline 0.006 -25"><span class='ocrx_word' id='word_1_284' title='bbox 311 2134 463 2197; x_wconf 76' lang='grc' dir='ltr'><em>κόνος</em></span> <span class='ocrx_word' id='word_1_285' title='bbox 500 2137 550 2188; x_wconf 81' lang='grc' dir='ltr'><strong>οἱ</strong></span> <span class='ocrx_word' id='word_1_286' title='bbox 587 2135 728 2204; x_wconf 77' lang='grc' dir='ltr'><em>ἅγιοι</em></span> <span class='ocrx_word' id='word_1_287' title='bbox 761 2139 1129 2207; x_wconf 82' lang='grc' dir='ltr'><em>τυγχάνοντες,</em></span> <span class='ocrx_word' id='word_1_288' title='bbox 1166 2140 1260 2210; x_wconf 79' lang='grc' dir='ltr'><em>τῆς</em></span> <span class='ocrx_word' id='word_1_289' title='bbox 1295 2141 1497 2204; x_wconf 80' lang='grc' dir='ltr'><strong>εἰκόνος</strong></span> <span class='ocrx_word' id='word_1_290' title='bbox 1535 2140 1699 2211; x_wconf 77' lang='grc' dir='ltr'><em>οὔσης</em></span> <span class='ocrx_word' id='word_1_291' title='bbox 1724 2141 1873 2207; x_wconf 74' lang='grc' dir='ltr'><strong>Υῐοῦ,</strong></span> 
     </span>
    </p>
   </div>
   <div class='ocr_carea' id='block_1_40' title="bbox 310 2225 1877 2306">
    <p class='ocr_par' dir='ltr' id='par_1_40' title="bbox 310 2225 1877 2306">
     <span class='ocr_line' id='line_1_40' title="bbox 310 2225 1877 2306; baseline 0.008 -29"><span class='ocrx_word' id='word_1_292' title='bbox 310 2225 710 2296; x_wconf 86' lang='grc' dir='ltr'><em>ὰπομάττονται</em></span> <span class='ocrx_word' id='word_1_293' title='bbox 735 2229 971 2298; x_wconf 86' lang='grc' dir='ltr'><em>υίότητα,</em></span> <span class='ocrx_word' id='word_1_294' title='bbox 1002 2232 1060 2282; x_wconf 92' lang='grc' dir='ltr'><em>οὐ</em></span> <span class='ocrx_word' id='word_1_295' title='bbox 1095 2232 1237 2302; x_wconf 85' lang='grc' dir='ltr'><em>μόνῳ</em></span> <span class='ocrx_word' id='word_1_296' title='bbox 1260 2231 1335 2302; x_wconf 82' lang='grc' dir='ltr'><em>τῷ</em></span> <span class='ocrx_word' id='word_1_297' title='bbox 1360 2231 1568 2303; x_wconf 86' lang='grc' dir='ltr'><em>σώματι</em></span> <span class='ocrx_word' id='word_1_298' title='bbox 1595 2234 1694 2303; x_wconf 72' lang='grc' dir='ltr'><em>τῆς</em></span> <span class='ocrx_word' id='word_1_299' title='bbox 1722 2235 1877 2306; x_wconf 78' lang='grc' dir='ltr'><em>δόξης</em></span> 
     </span>
    </p>
   </div>
   <div class='ocr_carea' id='block_1_41' title="bbox 311 2320 1876 2396">
    <p class='ocr_par' dir='ltr' id='par_1_41' title="bbox 311 2320 1876 2396">
     <span class='ocr_line' id='line_1_41' title="bbox 311 2320 1876 2396; baseline 0.007 -25"><span class='ocrx_word' id='word_1_300' title='bbox 311 2320 403 2372; x_wconf 77' lang='grc' dir='ltr'><strong>τοῦ</strong></span> <span class='ocrx_word' id='word_1_301' title='bbox 434 2321 672 2391; x_wconf 77' lang='grc' dir='ltr'><em>Χριστοῦ</em></span> <span class='ocrx_word' id='word_1_302' title='bbox 705 2323 976 2392; x_wconf 89' lang='grc' dir='ltr'><em>γινόμενοι</em></span> <span class='ocrx_word' id='word_1_303' title='bbox 1012 2323 1341 2396; x_wconf 82' lang='grc' dir='ltr'><em>σύμμορφοι,</em></span> <span class='ocrx_word' id='word_1_304' title='bbox 1379 2325 1513 2379; x_wconf 88' lang='grc' dir='ltr'><em>ἀλλὰ</em></span> <span class='ocrx_word' id='word_1_305' title='bbox 1541 2327 1633 2379; x_wconf 75' lang='grc' dir='ltr'><em>καὶ</em></span> <span class='ocrx_word' id='word_1_306' title='bbox 1669 2327 1778 2381; x_wconf 78' lang='grc' dir='ltr'><em>ὄντι</em></span> <span class='ocrx_word' id='word_1_307' title='bbox 1820 2330 1876 2382; x_wconf 84' lang='grc' dir='ltr'><em>ἐν</em></span> 
     </span>
    </p>
   </div>
   <div class='ocr_carea' id='block_1_42' title="bbox 311 2410 1875 2488">
    <p class='ocr_par' dir='ltr' id='par_1_42' title="bbox 311 2410 1875 2488">
     <span class='ocr_line' id='line_1_42' title="bbox 311 2410 1875 2488; baseline 0.005 -25"><span class='ocrx_word' id='word_1_308' title='bbox 311 2411 388 2475; x_wconf 83' lang='grc' dir='ltr'><em>τῷ</em></span> <span class='ocrx_word' id='word_1_309' title='bbox 415 2410 649 2480; x_wconf 84' lang='grc' dir='ltr'><em>σώματι.</em></span> <span class='ocrx_word' id='word_1_310' title='bbox 676 2413 914 2466; x_wconf 84' lang='grc' dir='ltr'><em>Γίνονται</em></span> <span class='ocrx_word' id='word_1_311' title='bbox 934 2413 990 2466; x_wconf 81' lang='grc' dir='ltr'><em>δὲ</em></span> <span class='ocrx_word' id='word_1_312' title='bbox 1018 2414 1324 2486; x_wconf 72' lang='grc' dir='ltr'><em>σύμμοριροι</em></span> <span class='ocrx_word' id='word_1_313' title='bbox 1344 2416 1420 2486; x_wconf 81' lang='grc' dir='ltr'><em>τῷ</em></span> <span class='ocrx_word' id='word_1_314' title='bbox 1445 2417 1500 2470; x_wconf 83' lang='grc' dir='ltr'>ὲν</span> <span class='ocrx_word' id='word_1_315' title='bbox 1525 2415 1736 2487; x_wconf 81' lang='grc' dir='ltr'><em>σώματι</em></span> <span class='ocrx_word' id='word_1_316' title='bbox 1767 2417 1875 2488; x_wconf 75' lang='grc'>(55)</span> 
     </span>
    </p>
   </div>
   <div class='ocr_carea' id='block_1_43' title="bbox 309 2501 1875 2576">
    <p class='ocr_par' dir='ltr' id='par_1_43' title="bbox 309 2501 1875 2576">
     <span class='ocr_line' id='line_1_43' title="bbox 309 2501 1875 2576; baseline 0.005 -23"><span class='ocrx_word' id='word_1_317' title='bbox 309 2503 409 2573; x_wconf 84' lang='grc' dir='ltr'><em>τῆς</em></span> <span class='ocrx_word' id='word_1_318' title='bbox 429 2501 608 2573; x_wconf 80' lang='grc' dir='ltr'><em>δόξης,</em></span> <span class='ocrx_word' id='word_1_319' title='bbox 638 2505 1137 2574; x_wconf 70' lang='grc' dir='ltr'><em>μεταμορφούμενοι</em></span> <span class='ocrx_word' id='word_1_320' title='bbox 1164 2509 1228 2576; x_wconf 83' lang='grc' dir='ltr'><em>τῇ</em></span> <span class='ocrx_word' id='word_1_321' title='bbox 1262 2507 1592 2560; x_wconf 85' lang='grc' dir='ltr'><em>ἀνακαινίσει</em></span> <span class='ocrx_word' id='word_1_322' title='bbox 1618 2509 1711 2561; x_wconf 78' lang='grc' dir='ltr'><em>τοῦ</em></span> <span class='ocrx_word' id='word_1_323' title='bbox 1741 2510 1875 2571; x_wconf 89' lang='grc' dir='ltr'><em>νοός.</em></span> 
     </span>
    </p>
   </div>
   <div class='ocr_carea' id='block_1_44' title="bbox 309 2594 1881 2667">
    <p class='ocr_par' dir='ltr' id='par_1_44' title="bbox 309 2594 1881 2667">
     <span class='ocr_line' id='line_1_44' title="bbox 309 2594 1881 2667; baseline 0.005 -21"><span class='ocrx_word' id='word_1_324' title='bbox 309 2595 375 2646; x_wconf 84' lang='grc' dir='ltr'><strong>Εἰ</strong></span> <span class='ocrx_word' id='word_1_325' title='bbox 403 2594 448 2646; x_wconf 82' lang='grc' dir='ltr'><em>δ’</em></span> <span class='ocrx_word' id='word_1_326' title='bbox 483 2595 534 2644; x_wconf 85' lang='grc' dir='ltr'><strong>οἱ</strong></span> <span class='ocrx_word' id='word_1_327' title='bbox 567 2594 794 2647; x_wconf 74' lang='grc' dir='ltr'><em>τοιοῦτοι</em></span> <span class='ocrx_word' id='word_1_328' title='bbox 827 2595 896 2648; x_wconf 79' lang='grc' dir='ltr'><em>διῖ</em></span> <span class='ocrx_word' id='word_1_329' title='bbox 933 2596 1068 2647; x_wconf 82' lang='grc' dir='ltr'><em>ὅλων</em></span> <span class='ocrx_word' id='word_1_330' title='bbox 1107 2598 1238 2664; x_wconf 73' lang='grc' dir='ltr'><em>φασὶ</em></span> <span class='ocrx_word' id='word_1_331' title='bbox 1275 2598 1361 2649; x_wconf 90' lang='grc' dir='ltr'><em>τό·</em></span> <span class='ocrx_word' id='word_1_332' title='bbox 1396 2597 1583 2666; x_wconf 82' lang='grc' dir='ltr'><em>Πάτερ</em></span> <span class='ocrx_word' id='word_1_333' title='bbox 1629 2599 1814 2667; x_wconf 75' lang='grc' dir='ltr'><em>ἡμῶν,</em></span> <span class='ocrx_word' id='word_1_334' title='bbox 1849 2603 1881 2654; x_wconf 86' lang='grc' dir='ltr'><strong>ό</strong></span> 
     </span>
    </p>
   </div>
   <div class='ocr_carea' id='block_1_45' title="bbox 306 2685 1883 2765">
    <p class='ocr_par' dir='ltr' id='par_1_45' title="bbox 306 2685 1883 2765">
     <span class='ocr_line' id='line_1_45' title="bbox 306 2685 1883 2765; baseline 0.006 -28"><span class='ocrx_word' id='word_1_335' title='bbox 306 2686 382 2738; x_wconf 83' lang='grc' dir='ltr'><em>ἐν</em></span> <span class='ocrx_word' id='word_1_336' title='bbox 406 2685 534 2751; x_wconf 87' lang='grc' dir='ltr'><em>τοῖς</em></span> <span class='ocrx_word' id='word_1_337' title='bbox 560 2687 848 2754; x_wconf 63' lang='grc' dir='ltr'><em>οὐρανοῖς·</em></span> <span class='ocrx_word' id='word_1_338' title='bbox 865 2688 1096 2758; x_wconf 86' lang='grc' dir='ltr'><em>δηλονότι</em></span> <span class='ocrx_word' id='word_1_339' title='bbox 1123 2694 1151 2743; x_wconf 87' lang='grc' dir='ltr'>ὁ</span> <span class='ocrx_word' id='word_1_340' title='bbox 1183 2691 1348 2745; x_wconf 89' lang='grc' dir='ltr'><em>ποιῶν</em></span> <span class='ocrx_word' id='word_1_341' title='bbox 1375 2692 1469 2763; x_wconf 83' lang='grc' dir='ltr'><strong>τὴν</strong></span> <span class='ocrx_word' id='word_1_342' title='bbox 1500 2693 1787 2765; x_wconf 85' lang='grc' dir='ltr'><em>ἁμαρτίαν,</em></span> <span class='ocrx_word' id='word_1_343' title='bbox 1809 2695 1883 2758; x_wconf 77' lang='grc' dir='ltr'><em>ὣς</em></span> 
     </span>
    </p>
   </div>
   <div class='ocr_carea' id='block_1_46' title="bbox 313 2780 1882 2854">
    <p class='ocr_par' dir='ltr' id='par_1_46' title="bbox 313 2780 1882 2854">
     <span class='ocr_line' id='line_1_46' title="bbox 313 2780 1882 2854; baseline 0.008 -24"><span class='ocrx_word' id='word_1_344' title='bbox 313 2794 483 2849; x_wconf 85' lang='grc' dir='ltr'><em>φησιν</em></span> <span class='ocrx_word' id='word_1_345' title='bbox 519 2781 576 2831; x_wconf 82' lang='grc' dir='ltr'>ἐν</span> <span class='ocrx_word' id='word_1_346' title='bbox 606 2783 668 2851; x_wconf 79' lang='grc' dir='ltr'><em>τῇ</em></span> <span class='ocrx_word' id='word_1_347' title='bbox 704 2780 960 2852; x_wconf 88' lang='grc' dir='ltr'><em>καθολικῇ</em></span> <span class='ocrx_word' id='word_1_348' title='bbox 999 2786 1026 2835; x_wconf 87' lang='grc' dir='ltr'>ὁ</span> <span class='ocrx_word' id='word_1_349' title='bbox 1070 2784 1340 2854; x_wconf 75' lang='grc' dir='ltr'><em>Ἰωάννης,</em></span> <span class='ocrx_word' id='word_1_350' title='bbox 1371 2786 1439 2838; x_wconf 86' lang='grc' dir='ltr'><em>ἐκ</em></span> <span class='ocrx_word' id='word_1_351' title='bbox 1467 2786 1572 2839; x_wconf 87' lang='grc' dir='ltr'><em>τοῦ</em></span> <span class='ocrx_word' id='word_1_352' title='bbox 1602 2787 1882 2842; x_wconf 78' lang='grc' dir='ltr'><em>διαϐόλου</em></span> 
     </span>
    </p>
   </div>
   <div class='ocr_carea' id='block_1_47' title="bbox 307 2869 1884 2946">
    <p class='ocr_par' dir='ltr' id='par_1_47' title="bbox 307 2869 1884 2946">
     <span class='ocr_line' id='line_1_47' title="bbox 307 2869 1884 2946; baseline 0.006 -23"><span class='ocrx_word' id='word_1_353' title='bbox 307 2869 506 2933; x_wconf 80' lang='grc' dir='ltr'><em>ἐστὶν,</em></span> <span class='ocrx_word' id='word_1_354' title='bbox 537 2869 624 2922; x_wconf 80' lang='grc' dir='ltr'><em>ὅτι</em></span> <span class='ocrx_word' id='word_1_355' title='bbox 663 2873 764 2926; x_wconf 82' lang='grc' dir='ltr'><strong>ἀπ’</strong></span> <span class='ocrx_word' id='word_1_356' title='bbox 795 2873 984 2940; x_wconf 82' lang='grc' dir='ltr'><em>ἀρχῆς</em></span> <span class='ocrx_word' id='word_1_357' title='bbox 1023 2877 1056 2927; x_wconf 90' lang='grc' dir='ltr'><strong>ό</strong></span> <span class='ocrx_word' id='word_1_358' title='bbox 1083 2875 1359 2943; x_wconf 77' lang='grc' dir='ltr'><em>διάϐολος</em></span> <span class='ocrx_word' id='word_1_359' title='bbox 1394 2877 1732 2946; x_wconf 79' lang='grc' dir='ltr'><em>ἁμαρτάνει.</em></span> <span class='ocrx_word' id='word_1_360' title='bbox 1776 2882 1884 2934; x_wconf 73' lang='grc' dir='ltr'><strong>Καὶ</strong></span> 
     </span>
    </p>
   </div>
   <div class='ocr_carea' id='block_1_48' title="bbox 306 2960 1879 3040">
    <p class='ocr_par' dir='ltr' id='par_1_48' title="bbox 306 2960 1879 3040">
     <span class='ocr_line' id='line_1_48' title="bbox 306 2960 1879 3040; baseline 0.006 -26"><span class='ocrx_word' id='word_1_361' title='bbox 306 2960 502 3032; x_wconf 83' lang='grc' dir='ltr'><em>ὥσπερ</em></span> <span class='ocrx_word' id='word_1_362' title='bbox 549 2961 767 3032; x_wconf 87' lang='grc' dir='ltr'><em>σπέρμα</em></span> <span class='ocrx_word' id='word_1_363' title='bbox 811 2963 905 3016; x_wconf 83' lang='grc' dir='ltr'><strong>τοῦ</strong></span> <span class='ocrx_word' id='word_1_364' title='bbox 948 2964 1103 3029; x_wconf 80' lang='grc' dir='ltr'><em>Θεοῦ,</em></span> <span class='ocrx_word' id='word_1_365' title='bbox 1143 2970 1201 3020; x_wconf 86' lang='grc' dir='ltr'>ἐν</span> <span class='ocrx_word' id='word_1_366' title='bbox 1240 2967 1315 3038; x_wconf 82' lang='grc' dir='ltr'><em>τῷ</em></span> <span class='ocrx_word' id='word_1_367' title='bbox 1359 2970 1739 3040; x_wconf 81' lang='grc' dir='ltr'><em>γεγεννημένῳ</em></span> <span class='ocrx_word' id='word_1_368' title='bbox 1771 2970 1879 3040; x_wconf 88' lang='grc'>(56)</span> 
     </span>
    </p>
   </div>
   <div class='ocr_carea' id='block_1_49' title="bbox 1979 1862 3532 1931">
    <p class='ocr_par' dir='ltr' id='par_1_49' title="bbox 1979 1862 3532 1931">
     <span class='ocr_line' id='line_1_49' title="bbox 1979 1862 3532 1931; baseline 0.003 -17"><span class='ocrx_word' id='word_1_369' title='bbox 1979 1870 2158 1914; x_wconf 90' lang='lat' dir='ltr'><strong>autem</strong></span> <span class='ocrx_word' id='word_1_370' title='bbox 2200 1862 2404 1916; x_wconf 88' lang='lat' dir='ltr'><strong>similes</strong></span> <span class='ocrx_word' id='word_1_371' title='bbox 2437 1863 2485 1916; x_wconf 89' lang='lat' dir='ltr'><strong>ei</strong></span> <span class='ocrx_word' id='word_1_372' title='bbox 2536 1863 2624 1931; x_wconf 86' lang='lat' dir='ltr'><strong>qui</strong></span> <span class='ocrx_word' id='word_1_373' title='bbox 2663 1873 2746 1917; x_wconf 87' lang='lat' dir='ltr'><strong>est</strong></span> <span class='ocrx_word' id='word_1_374' title='bbox 2778 1865 2828 1914; x_wconf 91' lang='lat' dir='ltr'><strong>in</strong></span> <span class='ocrx_word' id='word_1_375' title='bbox 2859 1878 3085 1931; x_wconf 84' lang='lat' dir='ltr'><strong>corpore</strong></span> <span class='ocrx_word' id='word_1_376' title='bbox 3115 1862 3319 1930; x_wconf 64' lang='lat' dir='ltr'><strong>glorias,</strong></span> <span class='ocrx_word' id='word_1_377' title='bbox 3355 1874 3532 1919; x_wconf 88' lang='lat' dir='ltr'><strong>trans—</strong></span> 
     </span>
    </p>
   </div>
   <div class='ocr_carea' id='block_1_50' title="bbox 1979 1953 3534 2022">
    <p class='ocr_par' dir='ltr' id='par_1_50' title="bbox 1979 1953 3534 2022">
     <span class='ocr_line' id='line_1_50' title="bbox 1979 1953 3534 2022; baseline 0.002 -15"><span class='ocrx_word' id='word_1_378' title='bbox 1979 1953 2193 2007; x_wconf 86' lang='lat' dir='ltr'><strong>l&#39;ormati</strong></span> <span class='ocrx_word' id='word_1_379' title='bbox 2234 1954 2580 2008; x_wconf 82' lang='lat' dir='ltr'><strong>renovatione</strong></span> <span class='ocrx_word' id='word_1_380' title='bbox 2627 1954 2840 2007; x_wconf 88' lang='lat' dir='ltr'><strong>mentis.</strong></span> <span class='ocrx_word' id='word_1_381' title='bbox 2875 1954 2931 2006; x_wconf 92' lang='lat' dir='ltr'><strong>Si</strong></span> <span class='ocrx_word' id='word_1_382' title='bbox 2971 1965 3148 2007; x_wconf 86' lang='lat' dir='ltr'><strong>autem</strong></span> <span class='ocrx_word' id='word_1_383' title='bbox 3185 1956 3273 2022; x_wconf 88' lang='lat' dir='ltr'><strong>qui</strong></span> <span class='ocrx_word' id='word_1_384' title='bbox 3310 1958 3534 2010; x_wconf 90' lang='lat' dir='ltr'><strong>omnino</strong></span> 
     </span>
    </p>
   </div>
   <div class='ocr_carea' id='block_1_51' title="bbox 1982 2043 3533 2114">
    <p class='ocr_par' dir='ltr' id='par_1_51' title="bbox 1982 2043 3533 2114">
     <span class='ocr_line' id='line_1_51' title="bbox 1982 2043 3533 2114; baseline 0.001 -16"><span class='ocrx_word' id='word_1_385' title='bbox 1982 2046 2111 2100; x_wconf 87' lang='lat' dir='ltr'><strong>tales</strong></span> <span class='ocrx_word' id='word_1_386' title='bbox 2144 2055 2290 2110; x_wconf 89' lang='lat' dir='ltr'><strong>sunt,</strong></span> <span class='ocrx_word' id='word_1_387' title='bbox 2345 2047 2559 2100; x_wconf 88' lang='lat' dir='ltr'><strong>dicunt:</strong></span> <span class='ocrx_word' id='word_1_388' title='bbox 2618 2043 2774 2097; x_wconf 83' lang='lat' dir='ltr'><strong>Pater</strong></span> <span class='ocrx_word' id='word_1_389' title='bbox 2820 2053 2993 2097; x_wconf 83' lang='lat' dir='ltr'><strong>noster</strong></span> <span class='ocrx_word' id='word_1_390' title='bbox 3040 2045 3128 2114; x_wconf 86' lang='lat' dir='ltr'><strong>qui</strong></span> <span class='ocrx_word' id='word_1_391' title='bbox 3177 2061 3230 2098; x_wconf 84' lang='lat' dir='ltr'><strong>es</strong></span> <span class='ocrx_word' id='word_1_392' title='bbox 3265 2047 3319 2100; x_wconf 84' lang='lat' dir='ltr'><strong>in</strong></span> <span class='ocrx_word' id='word_1_393' title='bbox 3353 2048 3533 2113; x_wconf 65' lang='lat' dir='ltr'><strong>caelis;</strong></span> 
     </span>
    </p>
   </div>
   <div class='ocr_carea' id='block_1_52' title="bbox 1979 2136 3531 2206">
    <p class='ocr_par' dir='ltr' id='par_1_52' title="bbox 1979 2136 3531 2206">
     <span class='ocr_line' id='line_1_52' title="bbox 1979 2136 3531 2206; baseline 0.003 -16"><span class='ocrx_word' id='word_1_394' title='bbox 1979 2136 2324 2191; x_wconf 81' lang='lat' dir='ltr'><strong>manifestum</strong></span> <span class='ocrx_word' id='word_1_395' title='bbox 2378 2147 2460 2191; x_wconf 89' lang='lat' dir='ltr'><strong>est</strong></span> <span class='ocrx_word' id='word_1_396' title='bbox 2493 2152 2614 2190; x_wconf 87' lang='lat' dir='ltr'><strong>eum</strong></span> <span class='ocrx_word' id='word_1_397' title='bbox 2651 2137 2737 2206; x_wconf 86' lang='lat' dir='ltr'><strong>qui</strong></span> <span class='ocrx_word' id='word_1_398' title='bbox 2773 2137 2898 2203; x_wconf 73' lang='lat' dir='ltr'><strong>facit</strong></span> <span class='ocrx_word' id='word_1_399' title='bbox 2940 2147 3228 2203; x_wconf 85' lang='lat' dir='ltr'><strong>peccatum,</strong></span> <span class='ocrx_word' id='word_1_400' title='bbox 3257 2147 3314 2192; x_wconf 87' lang='lat' dir='ltr'><strong>ut</strong></span> <span class='ocrx_word' id='word_1_401' title='bbox 3371 2140 3448 2192; x_wconf 85' lang='lat' dir='ltr'><strong>ait</strong></span> <span class='ocrx_word' id='word_1_402' title='bbox 3477 2141 3531 2194; x_wconf 89' lang='lat' dir='ltr'><strong>in</strong></span> 
     </span>
    </p>
   </div>
   <div class='ocr_carea' id='block_1_53' title="bbox 1978 2213 3532 2302">
    <p class='ocr_par' dir='ltr' id='par_1_53' title="bbox 1978 2213 3532 2302">
     <span class='ocr_line' id='line_1_53' title="bbox 1978 2213 3532 2302; baseline 0.002 -18"><span class='ocrx_word' id='word_1_403' title='bbox 1978 2229 2213 2298; x_wconf 88' lang='lat' dir='ltr'><strong>Epistula</strong></span> <span class='ocrx_word' id='word_1_404' title='bbox 2237 2213 2503 2284; x_wconf 75' lang='lat' dir='ltr'><strong>cathOlica</strong></span> <span class='ocrx_word' id='word_1_405' title='bbox 2530 2229 2785 2293; x_wconf 80' lang='lat' dir='ltr'><strong>Joannes,</strong></span> <span class='ocrx_word' id='word_1_406' title='bbox 2809 2247 2872 2284; x_wconf 75' lang='lat' dir='ltr'><strong>ex</strong></span> <span class='ocrx_word' id='word_1_407' title='bbox 2896 2231 3104 2285; x_wconf 84' lang='lat' dir='ltr'><strong>diabolo</strong></span> <span class='ocrx_word' id='word_1_408' title='bbox 3120 2249 3250 2296; x_wconf 83' lang='lat' dir='ltr'><strong>esse,</strong></span> <span class='ocrx_word' id='word_1_409' title='bbox 3285 2233 3532 2302; x_wconf 85' lang='lat' dir='ltr'><strong>quoniam</strong></span> 
     </span>
    </p>
   </div>
   <div class='ocr_carea' id='block_1_54' title="bbox 1977 2322 3535 2388">
    <p class='ocr_par' dir='ltr' id='par_1_54' title="bbox 1977 2322 3535 2388">
     <span class='ocr_line' id='line_1_54' title="bbox 1977 2322 3535 2388; baseline 0.002 -12"><span class='ocrx_word' id='word_1_410' title='bbox 1977 2323 2042 2376; x_wconf 76' lang='lat' dir='ltr'><strong>ab</strong></span> <span class='ocrx_word' id='word_1_411' title='bbox 2072 2324 2221 2375; x_wconf 85' lang='lat' dir='ltr'><strong>initio</strong></span> <span class='ocrx_word' id='word_1_412' title='bbox 2238 2323 2478 2375; x_wconf 79' lang='lat' dir='ltr'><strong>diabolus</strong></span> <span class='ocrx_word' id='word_1_413' title='bbox 2493 2333 2666 2388; x_wconf 84' lang='lat' dir='ltr'><strong>peccat</strong></span> <span class='ocrx_word' id='word_1_414' title='bbox 2693 2322 2760 2374; x_wconf 71' lang='grc' dir='ltr'><em>εί.</em></span> <span class='ocrx_word' id='word_1_415' title='bbox 2791 2323 2853 2374; x_wconf 84' lang='grc' dir='ltr'><em>Ει</em></span> <span class='ocrx_word' id='word_1_416' title='bbox 2881 2323 3018 2376; x_wconf 85' lang='lat' dir='ltr'><strong>sieut</strong></span> <span class='ocrx_word' id='word_1_417' title='bbox 3046 2337 3230 2376; x_wconf 83' lang='lat' dir='ltr'><strong>semen</strong></span> <span class='ocrx_word' id='word_1_418' title='bbox 3261 2325 3354 2378; x_wconf 88' lang='lat' dir='ltr'><strong>Dei</strong></span> <span class='ocrx_word' id='word_1_419' title='bbox 3391 2326 3443 2378; x_wconf 88' lang='lat' dir='ltr'><strong>in</strong></span> <span class='ocrx_word' id='word_1_420' title='bbox 3467 2341 3535 2379; x_wconf 83' lang='lat' dir='ltr'><strong>eo</strong></span> 
     </span>
    </p>
   </div>
   <div class='ocr_carea' id='block_1_55' title="bbox 1979 2413 3534 2484">
    <p class='ocr_par' dir='ltr' id='par_1_55' title="bbox 1979 2413 3534 2484">
     <span class='ocr_line' id='line_1_55' title="bbox 1979 2413 3534 2484; baseline 0.004 -19"><span class='ocrx_word' id='word_1_421' title='bbox 1979 2416 2243 2483; x_wconf 77' lang='lat' dir='ltr'><strong>quiuatus</strong></span> <span class='ocrx_word' id='word_1_422' title='bbox 2271 2423 2352 2469; x_wconf 90' lang='lat' dir='ltr'><strong>est</strong></span> <span class='ocrx_word' id='word_1_423' title='bbox 2380 2429 2446 2468; x_wconf 80' lang='lat' dir='ltr'><strong>ex</strong></span> <span class='ocrx_word' id='word_1_424' title='bbox 2473 2413 2600 2480; x_wconf 89' lang='lat' dir='ltr'><strong>Deo,</strong></span> <span class='ocrx_word' id='word_1_425' title='bbox 2634 2430 2873 2474; x_wconf 86' lang='lat' dir='ltr'><strong>manens,</strong></span> <span class='ocrx_word' id='word_1_426' title='bbox 2900 2426 3156 2468; x_wconf 80' lang='lat' dir='ltr'><strong>causaest</strong></span> <span class='ocrx_word' id='word_1_427' title='bbox 3175 2430 3273 2468; x_wconf 89' lang='lat' dir='ltr'><strong>cur</strong></span> <span class='ocrx_word' id='word_1_428' title='bbox 3303 2431 3534 2484; x_wconf 87' lang='lat' dir='ltr'><strong>peccare</strong></span> 
     </span>
    </p>
   </div>
   <div class='ocr_carea' id='block_1_56' title="bbox 1978 2509 3532 2580">
    <p class='ocr_par' dir='ltr' id='par_1_56' title="bbox 1978 2509 3532 2580">
     <span class='ocr_line' id='line_1_56' title="bbox 1978 2509 3532 2580; baseline 0.001 -18"><span class='ocrx_word' id='word_1_429' title='bbox 1978 2524 2085 2562; x_wconf 92' lang='lat' dir='ltr'><strong>non</strong></span> <span class='ocrx_word' id='word_1_430' title='bbox 2123 2510 2406 2578; x_wconf 89' lang='lat' dir='ltr'><strong>possitqui</strong></span> <span class='ocrx_word' id='word_1_431' title='bbox 2439 2509 2714 2580; x_wconf 79' lang='lat' dir='ltr'><strong>unigenito</strong></span> <span class='ocrx_word' id='word_1_432' title='bbox 2770 2511 2949 2565; x_wconf 80' lang='lat' dir='ltr'><strong>Verbo</strong></span> <span class='ocrx_word' id='word_1_433' title='bbox 3007 2511 3374 2567; x_wconf 79' lang='lat' dir='ltr'><strong>conformatus</strong></span> <span class='ocrx_word' id='word_1_434' title='bbox 3429 2525 3532 2580; x_wconf 77' lang='grc' dir='ltr'><em>ρει,</em></span> 
     </span>
    </p>
   </div>
   <div class='ocr_carea' id='block_1_57' title="bbox 1981 2598 3530 2667">
    <p class='ocr_par' dir='ltr' id='par_1_57' title="bbox 1981 2598 3530 2667">
     <span class='ocr_line' id='line_1_57' title="bbox 1981 2598 3530 2667; baseline 0.001 -16"><span class='ocrx_word' id='word_1_435' title='bbox 1981 2599 2058 2652; x_wconf 90' lang='lat' dir='ltr'><strong>sic</strong></span> <span class='ocrx_word' id='word_1_436' title='bbox 2081 2600 2226 2651; x_wconf 90' lang='lat' dir='ltr'><strong>omni</strong></span> <span class='ocrx_word' id='word_1_437' title='bbox 2256 2600 2346 2667; x_wconf 86' lang='lat' dir='ltr'><strong>qui</strong></span> <span class='ocrx_word' id='word_1_438' title='bbox 2393 2598 2522 2653; x_wconf 81' lang='lat' dir='ltr'><strong>facit</strong></span> <span class='ocrx_word' id='word_1_439' title='bbox 2564 2607 2861 2666; x_wconf 84' lang='lat' dir='ltr'><strong>peccatum,</strong></span> <span class='ocrx_word' id='word_1_440' title='bbox 2901 2613 3086 2653; x_wconf 87' lang='lat' dir='ltr'><strong>semen</strong></span> <span class='ocrx_word' id='word_1_441' title='bbox 3123 2601 3318 2655; x_wconf 88' lang='lat' dir='ltr'><strong>diaboli</strong></span> <span class='ocrx_word' id='word_1_442' title='bbox 3370 2602 3530 2665; x_wconf 87' lang='lat' dir='ltr'><strong>inest,</strong></span> 
     </span>
    </p>
   </div>
   <div class='ocr_carea' id='block_1_58' title="bbox 1980 2689 3537 2756">
    <p class='ocr_par' dir='ltr' id='par_1_58' title="bbox 1980 2689 3537 2756">
     <span class='ocr_line' id='line_1_58' title="bbox 1980 2689 3537 2756; baseline 0.006 -16"><span class='ocrx_word' id='word_1_443' title='bbox 1980 2689 2123 2756; x_wconf 94' lang='lat' dir='ltr'><strong>quod</strong></span> <span class='ocrx_word' id='word_1_444' title='bbox 2153 2690 2384 2755; x_wconf 85' lang='lat' dir='ltr'><strong>quandiu</strong></span> <span class='ocrx_word' id='word_1_445' title='bbox 2421 2689 2472 2742; x_wconf 93' lang='lat' dir='ltr'><strong>in</strong></span> <span class='ocrx_word' id='word_1_446' title='bbox 2515 2690 2693 2743; x_wconf 89' lang='lat' dir='ltr'><strong>anima</strong></span> <span class='ocrx_word' id='word_1_447' title='bbox 2731 2699 2834 2753; x_wconf 89' lang='lat' dir='ltr'><strong>est,</strong></span> <span class='ocrx_word' id='word_1_448' title='bbox 2885 2692 3018 2745; x_wconf 82' lang='lat' dir='ltr'><strong>nihil</strong></span> <span class='ocrx_word' id='word_1_449' title='bbox 3065 2708 3182 2747; x_wconf 92' lang='lat' dir='ltr'><strong>eam</strong></span> <span class='ocrx_word' id='word_1_450' title='bbox 3232 2695 3362 2749; x_wconf 87' lang='lat' dir='ltr'><strong>recti</strong></span> <span class='ocrx_word' id='word_1_451' title='bbox 3403 2695 3537 2750; x_wconf 85' lang='lat' dir='ltr'><strong>sinit</strong></span> 
     </span>
    </p>
   </div>
   <div class='ocr_carea' id='block_1_59' title="bbox 1983 2781 3534 2852">
    <p class='ocr_par' dir='ltr' id='par_1_59' title="bbox 1983 2781 3534 2852">
     <span class='ocr_line' id='line_1_59' title="bbox 1983 2781 3534 2852; baseline 0.005 -20"><span class='ocrx_word' id='word_1_452' title='bbox 1983 2791 2142 2846; x_wconf 85' lang='lat' dir='ltr'><strong>agere</strong></span> <span class='ocrx_word' id='word_1_453' title='bbox 2165 2794 2341 2847; x_wconf 82' lang='lat' dir='ltr'><strong>posse.</strong></span> <span class='ocrx_word' id='word_1_454' title='bbox 2366 2781 2436 2833; x_wconf 87' lang='lat' dir='ltr'><strong>At</strong></span> <span class='ocrx_word' id='word_1_455' title='bbox 2467 2783 2715 2848; x_wconf 89' lang='lat' dir='ltr'><strong>quoniam</strong></span> <span class='ocrx_word' id='word_1_456' title='bbox 2745 2781 2800 2834; x_wconf 86' lang='lat' dir='ltr'><strong>in</strong></span> <span class='ocrx_word' id='word_1_457' title='bbox 2829 2783 2924 2835; x_wconf 79' lang='lat' dir='ltr'><strong>Itoc</strong></span> <span class='ocrx_word' id='word_1_458' title='bbox 2947 2786 3188 2852; x_wconf 81' lang='lat' dir='ltr'><strong>apparuit</strong></span> <span class='ocrx_word' id='word_1_459' title='bbox 3214 2783 3386 2839; x_wconf 86' lang='lat' dir='ltr'><strong>Filius</strong></span> <span class='ocrx_word' id='word_1_460' title='bbox 3417 2786 3534 2852; x_wconf 86' lang='lat' dir='ltr'><strong>Dei,</strong></span> 
     </span>
    </p>
   </div>
   <div class='ocr_carea' id='block_1_60' title="bbox 1982 2871 3536 2943">
    <p class='ocr_par' dir='ltr' id='par_1_60' title="bbox 1982 2871 3536 2943">
     <span class='ocr_line' id='line_1_60' title="bbox 1982 2871 3536 2943; baseline 0.009 -22"><span class='ocrx_word' id='word_1_461' title='bbox 1982 2879 2036 2922; x_wconf 90' lang='lat' dir='ltr'><strong>ut</strong></span> <span class='ocrx_word' id='word_1_462' title='bbox 2056 2871 2306 2924; x_wconf 82' lang='lat' dir='ltr'><strong>dissolvat</strong></span> <span class='ocrx_word' id='word_1_463' title='bbox 2325 2888 2478 2940; x_wconf 83' lang='lat' dir='ltr'><strong>opera</strong></span> <span class='ocrx_word' id='word_1_464' title='bbox 2509 2871 2704 2924; x_wconf 84' lang='lat' dir='ltr'><strong>diaboli</strong></span> <span class='ocrx_word' id='word_1_465' title='bbox 2732 2873 2798 2936; x_wconf 78' lang='grc'><strong>⁸³,</strong></span> <span class='ocrx_word' id='word_1_466' title='bbox 2825 2874 2937 2928; x_wconf 82' lang='lat' dir='ltr'><strong>ﬁeri</strong></span> <span class='ocrx_word' id='word_1_467' title='bbox 2956 2886 3132 2943; x_wconf 84' lang='lat' dir='ltr'><strong>potest</strong></span> <span class='ocrx_word' id='word_1_468' title='bbox 3158 2877 3536 2935; x_wconf 80' lang='lat' dir='ltr'><strong>inadvenienle</strong></span> 
     </span>
    </p>
   </div>
   <div class='ocr_carea' id='block_1_61' title="bbox 1985 2962 3534 3030">
    <p class='ocr_par' dir='ltr' id='par_1_61' title="bbox 1985 2962 3534 3030">
     <span class='ocr_line' id='line_1_61' title="bbox 1985 2962 3534 3030; baseline 0.007 -16"><span class='ocrx_word' id='word_1_469' title='bbox 1985 2962 2038 3014; x_wconf 92' lang='lat' dir='ltr'><strong>in</strong></span> <span class='ocrx_word' id='word_1_470' title='bbox 2067 2963 2301 3015; x_wconf 88' lang='lat' dir='ltr'><strong>animam</strong></span> <span class='ocrx_word' id='word_1_471' title='bbox 2338 2976 2574 3018; x_wconf 88' lang='lat' dir='ltr'><strong>nostram</strong></span> <span class='ocrx_word' id='word_1_472' title='bbox 2608 2964 2780 3018; x_wconf 84' lang='lat' dir='ltr'><strong>Verbo</strong></span> <span class='ocrx_word' id='word_1_473' title='bbox 2807 2965 2922 3030; x_wconf 90' lang='lat' dir='ltr'><strong>Dei,</strong></span> <span class='ocrx_word' id='word_1_474' title='bbox 2949 2977 3004 3020; x_wconf 90' lang='lat' dir='ltr'><strong>ut</strong></span> <span class='ocrx_word' id='word_1_475' title='bbox 3027 2967 3304 3023; x_wconf 68' lang='lat' dir='ltr'><strong>dissolutis</strong></span> <span class='ocrx_word' id='word_1_476' title='bbox 3335 2971 3534 3025; x_wconf 86' lang='lat' dir='ltr'><strong>diaboli</strong></span> 
     </span>
    </p>
   </div>
   <div class='ocr_carea' id='block_1_62' title="bbox 307 3052 1876 3150">
    <p class='ocr_par' dir='ltr' id='par_1_62' title="bbox 307 3052 1876 3132">
     <span class='ocr_line' id='line_1_62' title="bbox 307 3052 1876 3132; baseline 0.007 -27"><span class='ocrx_word' id='word_1_477' title='bbox 307 3056 376 3106; x_wconf 85' lang='grc' dir='ltr'><em>ὲκ</em></span> <span class='ocrx_word' id='word_1_478' title='bbox 399 3052 494 3105; x_wconf 77' lang='grc' dir='ltr'><em>τοῦ</em></span> <span class='ocrx_word' id='word_1_479' title='bbox 518 3052 648 3105; x_wconf 79' lang='grc' dir='ltr'><em>Θεοῦ</em></span> <span class='ocrx_word' id='word_1_480' title='bbox 675 3054 854 3124; x_wconf 89' lang='grc' dir='ltr'><em>μένον,</em></span> <span class='ocrx_word' id='word_1_481' title='bbox 877 3055 1044 3110; x_wconf 75' lang='grc' dir='ltr'><em>αἴτιον</em></span> <span class='ocrx_word' id='word_1_482' title='bbox 1063 3058 1155 3111; x_wconf 80' lang='grc' dir='ltr'><strong>τοῦ</strong></span> <span class='ocrx_word' id='word_1_483' title='bbox 1184 3059 1256 3130; x_wconf 83' lang='grc' dir='ltr'><em>μὴ</em></span> <span class='ocrx_word' id='word_1_484' title='bbox 1278 3060 1533 3115; x_wconf 78' lang='grc' dir='ltr'><em>δύνασθαι</em></span> <span class='ocrx_word' id='word_1_485' title='bbox 1553 3063 1876 3132; x_wconf 84' lang='grc' dir='ltr'><em>ἁμαρτάνειν</em></span> 
     </span>
    </p>
   </div>
   <div class='ocr_carea' id='block_1_63' title="bbox 1980 3052 3534 3150">
    <p class='ocr_par' dir='ltr' id='par_1_63' title="bbox 1984 3053 3534 3143">
     <span class='ocr_line' id='line_1_63' title="bbox 1984 3053 3534 3143; baseline 0.005 -37"><span class='ocrx_word' id='word_1_486' title='bbox 1984 3053 2239 3122; x_wconf 84' lang='lat' dir='ltr'><strong>Operibus</strong></span> <span class='ocrx_word' id='word_1_487' title='bbox 2275 3055 2573 3109; x_wconf 86' lang='lat' dir='ltr'><strong>immissum</strong></span> <span class='ocrx_word' id='word_1_488' title='bbox 2603 3059 2650 3110; x_wconf 91' lang='lat' dir='ltr'><strong>in</strong></span> <span class='ocrx_word' id='word_1_489' title='bbox 2681 3073 2779 3111; x_wconf 89' lang='lat' dir='ltr'><strong>nos</strong></span> <span class='ocrx_word' id='word_1_490' title='bbox 2802 3058 3000 3113; x_wconf 87' lang='lat' dir='ltr'><strong>malum</strong></span> <span class='ocrx_word' id='word_1_491' title='bbox 3022 3074 3200 3114; x_wconf 89' lang='lat' dir='ltr'><strong>semen</strong></span> <span class='ocrx_word' id='word_1_492' title='bbox 3229 3074 3534 3143; x_wconf 75' lang='lat' dir='ltr'><strong>evanescat,</strong></span> 
     </span>
    </p>
   </div>
   <div class='ocr_carea' id='block_1_64' title="bbox 311 3143 1877 3225">
    <p class='ocr_par' dir='ltr' id='par_1_64' title="bbox 311 3143 1877 3225">
     <span class='ocr_line' id='line_1_64' title="bbox 311 3143 1877 3225; baseline 0.007 -30"><span class='ocrx_word' id='word_1_493' title='bbox 311 3143 522 3213; x_wconf 85' lang='grc' dir='ltr'><em>γίνεται</em></span> <span class='ocrx_word' id='word_1_494' title='bbox 551 3144 628 3214; x_wconf 87' lang='grc' dir='ltr'><em>τῷ</em></span> <span class='ocrx_word' id='word_1_495' title='bbox 659 3147 798 3199; x_wconf 79' lang='grc' dir='ltr'><em>κατὰ</em></span> <span class='ocrx_word' id='word_1_496' title='bbox 834 3147 924 3200; x_wconf 87' lang='grc' dir='ltr'><strong>τὸν</strong></span> <span class='ocrx_word' id='word_1_497' title='bbox 959 3150 1212 3220; x_wconf 84' lang='grc' dir='ltr'><em>μονογενῆ</em></span> <span class='ocrx_word' id='word_1_498' title='bbox 1242 3151 1409 3219; x_wconf 85' lang='grc' dir='ltr'><em>Λόγον</em></span> <span class='ocrx_word' id='word_1_499' title='bbox 1447 3155 1877 3225; x_wconf 81' lang='grc' dir='ltr'><em>μεμορφωμένῳ·</em></span> 
     </span>
    </p>
   </div>
   <div class='ocr_carea' id='block_1_65' title="bbox 309 3233 1878 3315">
    <p class='ocr_par' dir='ltr' id='par_1_65' title="bbox 309 3233 1878 3315">
     <span class='ocr_line' id='line_1_65' title="bbox 309 3233 1878 3315; baseline 0.009 -30"><span class='ocrx_word' id='word_1_500' title='bbox 309 3233 486 3296; x_wconf 72' lang='grc' dir='ltr'><em>οὕτως</em></span> <span class='ocrx_word' id='word_1_501' title='bbox 512 3236 568 3288; x_wconf 85' lang='grc' dir='ltr'><strong>ὲν</strong></span> <span class='ocrx_word' id='word_1_502' title='bbox 585 3237 744 3290; x_wconf 71' lang='grc' dir='ltr'><em>παντὶ</em></span> <span class='ocrx_word' id='word_1_503' title='bbox 768 3236 844 3308; x_wconf 82' lang='grc' dir='ltr'><em>τῷ</em></span> <span class='ocrx_word' id='word_1_504' title='bbox 867 3239 1103 3292; x_wconf 79' lang='grc' dir='ltr'><em>ποιοῦντι</em></span> <span class='ocrx_word' id='word_1_505' title='bbox 1119 3239 1214 3310; x_wconf 83' lang='grc' dir='ltr'><em>τὴν</em></span> <span class='ocrx_word' id='word_1_506' title='bbox 1235 3241 1506 3312; x_wconf 79' lang='grc' dir='ltr'><em>ἁμαρτίαν</em></span> <span class='ocrx_word' id='word_1_507' title='bbox 1550 3245 1766 3315; x_wconf 85' lang='grc' dir='ltr'><em>σπέρμα</em></span> <span class='ocrx_word' id='word_1_508' title='bbox 1786 3244 1878 3298; x_wconf 80' lang='grc' dir='ltr'><strong>τοῦ</strong></span> 
     </span>
    </p>
   </div>
   <div class='ocr_carea' id='block_1_66' title="bbox 313 3322 1878 3405">
    <p class='ocr_par' dir='ltr' id='par_1_66' title="bbox 313 3322 1878 3405">
     <span class='ocr_line' id='line_1_66' title="bbox 313 3322 1878 3405; baseline 0.008 -29"><span class='ocrx_word' id='word_1_509' title='bbox 313 3322 561 3376; x_wconf 76' lang='grc' dir='ltr'><em>διαϐόλου</em></span> <span class='ocrx_word' id='word_1_510' title='bbox 595 3324 818 3390; x_wconf 77' lang='grc' dir='ltr'><em>ἔνεστιν,</em></span> <span class='ocrx_word' id='word_1_511' title='bbox 861 3328 982 3382; x_wconf 80' lang='grc' dir='ltr'><em>ὅσον</em></span> <span class='ocrx_word' id='word_1_512' title='bbox 1023 3330 1312 3400; x_wconf 80' lang='grc' dir='ltr'><em>ἐνυπάρχει</em></span> <span class='ocrx_word' id='word_1_513' title='bbox 1337 3334 1404 3401; x_wconf 83' lang='grc' dir='ltr'><em>τῇ</em></span> <span class='ocrx_word' id='word_1_514' title='bbox 1445 3332 1607 3403; x_wconf 69' lang='grc' dir='ltr'><em>ψυχῇ,</em></span> <span class='ocrx_word' id='word_1_515' title='bbox 1662 3336 1734 3405; x_wconf 80' lang='grc' dir='ltr'><em>μὴ</em></span> <span class='ocrx_word' id='word_1_516' title='bbox 1775 3336 1878 3388; x_wconf 84' lang='grc' dir='ltr'><strong>ὲῶν</strong></span> 
     </span>
    </p>
   </div>
   <div class='ocr_carea' id='block_1_67' title="bbox 311 3413 1879 3494">
    <p class='ocr_par' dir='ltr' id='par_1_67' title="bbox 311 3413 1879 3494">
     <span class='ocr_line' id='line_1_67' title="bbox 311 3413 1879 3494; baseline 0.009 -28"><span class='ocrx_word' id='word_1_517' title='bbox 311 3413 574 3468; x_wconf 85' lang='grc' dir='ltr'><em>δύνασθαι</em></span> <span class='ocrx_word' id='word_1_518' title='bbox 598 3417 888 3488; x_wconf 79' lang='grc' dir='ltr'><em>κατορθοῦν</em></span> <span class='ocrx_word' id='word_1_519' title='bbox 913 3419 1001 3472; x_wconf 85' lang='grc' dir='ltr'><strong>τὸν</strong></span> <span class='ocrx_word' id='word_1_520' title='bbox 1026 3419 1214 3490; x_wconf 71' lang='grc' dir='ltr'><em>ἔχοντα</em></span> <span class='ocrx_word' id='word_1_521' title='bbox 1239 3422 1400 3476; x_wconf 90' lang='grc' dir='ltr'><em>αὐτόν</em></span> <span class='ocrx_word' id='word_1_522' title='bbox 1428 3424 1557 3494; x_wconf 84' lang='grc'>(57).</span> <span class='ocrx_word' id='word_1_523' title='bbox 1601 3423 1735 3477; x_wconf 85' lang='grc' dir='ltr'><em>Ἀλλ’</em></span> <span class='ocrx_word' id='word_1_524' title='bbox 1759 3428 1879 3480; x_wconf 72' lang='grc' dir='ltr'><em>ἐπεὶ</em></span> 
     </span>
    </p>
   </div>
   <div class='ocr_carea' id='block_1_68' title="bbox 306 3504 1878 3589">
    <p class='ocr_par' dir='ltr' id='par_1_68' title="bbox 306 3504 1878 3589">
     <span class='ocr_line' id='line_1_68' title="bbox 306 3504 1878 3589; baseline 0.01 -33"><span class='ocrx_word' id='word_1_525' title='bbox 306 3507 400 3571; x_wconf 81' lang='grc' dir='ltr'><strong>είς</strong></span> <span class='ocrx_word' id='word_1_526' title='bbox 433 3504 606 3559; x_wconf 87' lang='grc' dir='ltr'><em>τοῦτο</em></span> <span class='ocrx_word' id='word_1_527' title='bbox 644 3508 981 3589; x_wconf 55' lang='grc' dir='ltr'><em>ἐφανερώθη</em></span> <span class='ocrx_word' id='word_1_528' title='bbox 1011 3515 1042 3565; x_wconf 88' lang='grc' dir='ltr'><strong>ό</strong></span> <span class='ocrx_word' id='word_1_529' title='bbox 1083 3511 1212 3577; x_wconf 81' lang='grc' dir='ltr'><em>Υἱὸς</em></span> <span class='ocrx_word' id='word_1_530' title='bbox 1239 3511 1345 3567; x_wconf 86' lang='grc' dir='ltr'><em>τοῦ</em></span> <span class='ocrx_word' id='word_1_531' title='bbox 1384 3515 1551 3578; x_wconf 85' lang='grc' dir='ltr'><em>Θεοῦ,</em></span> <span class='ocrx_word' id='word_1_532' title='bbox 1590 3517 1690 3570; x_wconf 81' lang='grc' dir='ltr'><em>ἵνα</em></span> <span class='ocrx_word' id='word_1_533' title='bbox 1715 3519 1878 3589; x_wconf 81' lang='grc' dir='ltr'><strong>λύσῃ</strong></span> 
     </span>
    </p>
   </div>
   <div class='ocr_carea' id='block_1_69' title="bbox 310 3597 1881 3682">
    <p class='ocr_par' dir='ltr' id='par_1_69' title="bbox 310 3597 1881 3682">
     <span class='ocr_line' id='line_1_69' title="bbox 310 3597 1881 3682; baseline 0.01 -33"><span class='ocrx_word' id='word_1_534' title='bbox 310 3598 383 3651; x_wconf 87' lang='grc' dir='ltr'><strong>τὰ</strong></span> <span class='ocrx_word' id='word_1_535' title='bbox 418 3597 567 3667; x_wconf 77' lang='grc' dir='ltr'><em>ἔργα</em></span> <span class='ocrx_word' id='word_1_536' title='bbox 605 3600 710 3653; x_wconf 85' lang='grc' dir='ltr'><em>τοῦ</em></span> <span class='ocrx_word' id='word_1_537' title='bbox 752 3601 1049 3668; x_wconf 76' lang='grc' dir='ltr'><em>διαϐόλου,</em></span> <span class='ocrx_word' id='word_1_538' title='bbox 1092 3604 1312 3660; x_wconf 88' lang='grc' dir='ltr'><em>δυνατὸν</em></span> <span class='ocrx_word' id='word_1_539' title='bbox 1343 3609 1408 3677; x_wconf 85' lang='grc' dir='ltr'><em>τῇ</em></span> <span class='ocrx_word' id='word_1_540' title='bbox 1454 3609 1533 3672; x_wconf 84' lang='grc' dir='ltr'><strong>είς</strong></span> <span class='ocrx_word' id='word_1_541' title='bbox 1577 3608 1674 3680; x_wconf 84' lang='grc' dir='ltr'><strong>τὴν</strong></span> <span class='ocrx_word' id='word_1_542' title='bbox 1703 3610 1881 3682; x_wconf 80' lang='grc' dir='ltr'><em>ψυχὴν</em></span> 
     </span>
    </p>
   </div>
   <div class='ocr_carea' id='block_1_70' title="bbox 308 3688 1882 3773">
    <p class='ocr_par' dir='ltr' id='par_1_70' title="bbox 308 3688 1882 3773">
     <span class='ocr_line' id='line_1_70' title="bbox 308 3688 1882 3773; baseline 0.011 -35"><span class='ocrx_word' id='word_1_543' title='bbox 308 3690 341 3759; x_wconf 73' lang='grc' dir='ltr'><strong>ἡ</strong></span> <span class='ocrx_word' id='word_1_544' title='bbox 349 3688 466 3758; x_wconf 89' lang='grc' dir='ltr'><strong>μῶν</strong></span> <span class='ocrx_word' id='word_1_545' title='bbox 491 3689 755 3762; x_wconf 79' lang='grc' dir='ltr'><em>ἐπιδημίᾳ</em></span> <span class='ocrx_word' id='word_1_546' title='bbox 778 3691 872 3746; x_wconf 83' lang='grc' dir='ltr'><strong>τοῦ</strong></span> <span class='ocrx_word' id='word_1_547' title='bbox 897 3693 1070 3762; x_wconf 87' lang='grc' dir='ltr'><em>Λόγου</em></span> <span class='ocrx_word' id='word_1_548' title='bbox 1091 3695 1183 3748; x_wconf 81' lang='grc' dir='ltr'><em>τοῦ</em></span> <span class='ocrx_word' id='word_1_549' title='bbox 1212 3696 1642 3762; x_wconf 78' lang='grc' dir='ltr'><em>Θεοῦ,λυθέντων</em></span> <span class='ocrx_word' id='word_1_550' title='bbox 1665 3701 1770 3756; x_wconf 91' lang='grc' dir='ltr'><strong>τῶν</strong></span> <span class='ocrx_word' id='word_1_551' title='bbox 1793 3701 1882 3773; x_wconf 80' lang='grc' dir='ltr'><strong>ἑρ-</strong></span> 
     </span>
    </p>
   </div>
   <div class='ocr_carea' id='block_1_71' title="bbox 303 3779 1880 3863">
    <p class='ocr_par' dir='ltr' id='par_1_71' title="bbox 303 3779 1880 3863">
     <span class='ocr_line' id='line_1_71' title="bbox 303 3779 1880 3863; baseline 0.01 -33"><span class='ocrx_word' id='word_1_552' title='bbox 303 3795 416 3863; x_wconf 83' lang='grc' dir='ltr'><strong>γων</strong></span> <span class='ocrx_word' id='word_1_553' title='bbox 458 3779 562 3833; x_wconf 74' lang='grc' dir='ltr'><strong>τοῦ</strong></span> <span class='ocrx_word' id='word_1_554' title='bbox 613 3781 875 3847; x_wconf 81' lang='grc' dir='ltr'><em>διαϐόλου,</em></span> <span class='ocrx_word' id='word_1_555' title='bbox 924 3784 1344 3856; x_wconf 82' lang='grc' dir='ltr'><em>ὲξαφανισθῆναι</em></span> <span class='ocrx_word' id='word_1_556' title='bbox 1385 3788 1443 3842; x_wconf 84' lang='grc' dir='ltr'><em>τὸ</em></span> <span class='ocrx_word' id='word_1_557' title='bbox 1494 3790 1702 3845; x_wconf 83' lang='grc' dir='ltr'><em>ὲντεθὲν</em></span> <span class='ocrx_word' id='word_1_558' title='bbox 1749 3795 1880 3863; x_wconf 81' lang='grc' dir='ltr'>ἡμῖν</span> 
     </span>
    </p>
   </div>
   <div class='ocr_carea' id='block_1_72' title="bbox 304 3859 1875 3939">
    <p class='ocr_par' dir='ltr' id='par_1_72' title="bbox 304 3859 1875 3939">
     <span class='ocr_line' id='line_1_72' title="bbox 304 3859 1875 3939; baseline 0.011 -29"><span class='ocrx_word' id='word_1_559' title='bbox 304 3859 536 3930; x_wconf 78' lang='grc' dir='ltr'><em>σπέρμα</em></span> <span class='ocrx_word' id='word_1_560' title='bbox 562 3864 814 3934; x_wconf 80' lang='grc' dir='ltr'><em>πονηρὸν,</em></span> <span class='ocrx_word' id='word_1_561' title='bbox 847 3865 940 3918; x_wconf 73' lang='grc' dir='ltr'><em>καὶ</em></span> <span class='ocrx_word' id='word_1_562' title='bbox 965 3867 1210 3934; x_wconf 87' lang='grc' dir='ltr'><em>γενέσθαι</em></span> <span class='ocrx_word' id='word_1_563' title='bbox 1232 3871 1379 3939; x_wconf 80' lang='grc' dir='ltr'><em>ἡμᾶς</em></span> <span class='ocrx_word' id='word_1_564' title='bbox 1410 3870 1574 3926; x_wconf 85' lang='grc' dir='ltr'><em>τέκνα</em></span> <span class='ocrx_word' id='word_1_565' title='bbox 1603 3873 1694 3925; x_wconf 81' lang='grc' dir='ltr'><em>τοῦ</em></span> <span class='ocrx_word' id='word_1_566' title='bbox 1719 3859 1875 3928; x_wconf 76' lang='grc' dir='ltr'><em>Θεοῦ.</em></span> 
     </span>
    </p>
   </div>
   <div class='ocr_carea' id='block_1_73' title="bbox 299 3951 1878 4036">
    <p class='ocr_par' dir='ltr' id='par_1_73' title="bbox 299 3951 1878 4036">
     <span class='ocr_line' id='line_1_73' title="bbox 299 3951 1878 4036; baseline 0.012 -34"><span class='ocrx_word' id='word_1_567' title='bbox 299 3951 390 4024; x_wconf 75' lang='grc' dir='ltr'><strong>Μὴ</strong></span> <span class='ocrx_word' id='word_1_568' title='bbox 419 3951 604 4018; x_wconf 79' lang='grc' dir='ltr'><em>λέξεις</em></span> <span class='ocrx_word' id='word_1_569' title='bbox 630 3954 806 4008; x_wconf 82' lang='grc' dir='ltr'><em>τοίνυν</em></span> <span class='ocrx_word' id='word_1_570' title='bbox 832 3956 1136 4027; x_wconf 84' lang='grc' dir='ltr'><em>νθμίσωμεν</em></span> <span class='ocrx_word' id='word_1_571' title='bbox 1163 3959 1501 4015; x_wconf 84' lang='grc' dir='ltr'><em>διδάσκεσθαι</em></span> <span class='ocrx_word' id='word_1_572' title='bbox 1520 3962 1696 4032; x_wconf 86' lang='grc' dir='ltr'><em>λέγειν</em></span> <span class='ocrx_word' id='word_1_573' title='bbox 1733 3967 1878 4036; x_wconf 81' lang='grc' dir='ltr'><em>ἡμᾶς</em></span> 
     </span>
    </p>
   </div>
   <div class='ocr_carea' id='block_1_74' title="bbox 1986 3145 3534 3222">
    <p class='ocr_par' dir='ltr' id='par_1_74' title="bbox 1986 3145 3534 3222">
     <span class='ocr_line' id='line_1_74' title="bbox 1986 3145 3534 3222; baseline 0.006 -26"><span class='ocrx_word' id='word_1_574' title='bbox 1986 3145 2285 3212; x_wconf 86' lang='lat' dir='ltr'><strong>liamusque</strong></span> <span class='ocrx_word' id='word_1_575' title='bbox 2316 3145 2409 3199; x_wconf 85' lang='lat' dir='ltr'><strong>lilii</strong></span> <span class='ocrx_word' id='word_1_576' title='bbox 2438 3146 2551 3202; x_wconf 90' lang='lat' dir='ltr'><strong>Dei.</strong></span> <span class='ocrx_word' id='word_1_577' title='bbox 2583 3146 2662 3201; x_wconf 91' lang='lat' dir='ltr'><strong>Ne</strong></span> <span class='ocrx_word' id='word_1_578' title='bbox 2681 3164 2837 3204; x_wconf 83' lang='lat' dir='ltr'><strong>voces</strong></span> <span class='ocrx_word' id='word_1_579' title='bbox 2870 3149 3032 3220; x_wconf 80' lang='lat' dir='ltr'><strong>igitur</strong></span> <span class='ocrx_word' id='word_1_580' title='bbox 3057 3160 3260 3205; x_wconf 88' lang='lat' dir='ltr'><strong>tantmn</strong></span> <span class='ocrx_word' id='word_1_581' title='bbox 3287 3162 3534 3222; x_wconf 84' lang='lat' dir='ltr'><strong>putemus</strong></span> 
     </span>
    </p>
   </div>
   <div class='ocr_carea' id='block_1_75' title="bbox 1984 3235 3536 3310">
    <p class='ocr_par' dir='ltr' id='par_1_75' title="bbox 1984 3235 3536 3310">
     <span class='ocr_line' id='line_1_75' title="bbox 1984 3235 3536 3310; baseline 0.006 -21"><span class='ocrx_word' id='word_1_582' title='bbox 1984 3235 2235 3290; x_wconf 83' lang='lat' dir='ltr'><strong>didicisse</strong></span> <span class='ocrx_word' id='word_1_583' title='bbox 2262 3252 2361 3292; x_wconf 90' lang='lat' dir='ltr'><strong>nos</strong></span> <span class='ocrx_word' id='word_1_584' title='bbox 2408 3239 2591 3293; x_wconf 88' lang='lat' dir='ltr'><strong>dicere</strong></span> <span class='ocrx_word' id='word_1_585' title='bbox 2625 3249 2775 3294; x_wconf 88' lang='lat' dir='ltr'><strong>certo</strong></span> <span class='ocrx_word' id='word_1_586' title='bbox 2815 3242 3044 3310; x_wconf 91' lang='lat' dir='ltr'><strong>quodam</strong></span> <span class='ocrx_word' id='word_1_587' title='bbox 3081 3244 3345 3299; x_wconf 89' lang='lat' dir='ltr'><strong>orationis</strong></span> <span class='ocrx_word' id='word_1_588' title='bbox 3399 3255 3536 3299; x_wconf 82' lang='lat' dir='ltr'><strong>tem-</strong></span> 
     </span>
    </p>
   </div>
   <div class='ocr_carea' id='block_1_76' title="bbox 1978 3329 3534 3403">
    <p class='ocr_par' dir='ltr' id='par_1_76' title="bbox 1978 3329 3534 3403">
     <span class='ocr_line' id='line_1_76' title="bbox 1978 3329 3534 3403; baseline 0.007 -23"><span class='ocrx_word' id='word_1_589' title='bbox 1978 3340 2141 3396; x_wconf 85' lang='lat' dir='ltr'><strong>pore;</strong></span> <span class='ocrx_word' id='word_1_590' title='bbox 2192 3329 2284 3383; x_wconf 89' lang='lat' dir='ltr'><strong>sed</strong></span> <span class='ocrx_word' id='word_1_591' title='bbox 2343 3331 2386 3385; x_wconf 87' lang='lat' dir='ltr'><strong>si</strong></span> <span class='ocrx_word' id='word_1_592' title='bbox 2445 3331 2794 3399; x_wconf 82' lang='lat' dir='ltr'><strong>intelligimus</strong></span> <span class='ocrx_word' id='word_1_593' title='bbox 2837 3349 2956 3401; x_wconf 76' lang='lat' dir='ltr'><strong>qute</strong></span> <span class='ocrx_word' id='word_1_594' title='bbox 2992 3350 3152 3403; x_wconf 82' lang='lat' dir='ltr'><strong>supra</strong></span> <span class='ocrx_word' id='word_1_595' title='bbox 3200 3337 3433 3391; x_wconf 72' lang='lat' dir='ltr'><strong>diximus</strong></span> <span class='ocrx_word' id='word_1_596' title='bbox 3482 3339 3534 3391; x_wconf 88' lang='lat' dir='ltr'><strong>in</strong></span> 
     </span>
    </p>
   </div>
   <div class='ocr_carea' id='block_1_77' title="bbox 1979 3420 3534 3498">
    <p class='ocr_par' dir='ltr' id='par_1_77' title="bbox 1979 3420 3534 3498">
     <span class='ocr_line' id='line_1_77' title="bbox 1979 3420 3534 3498; baseline 0.006 -25"><span class='ocrx_word' id='word_1_597' title='bbox 1979 3420 2141 3475; x_wconf 88' lang='lat' dir='ltr'><strong>illud:</strong></span> <span class='ocrx_word' id='word_1_598' title='bbox 2174 3422 2300 3477; x_wconf 87' lang='lat' dir='ltr'><strong>Sine</strong></span> <span class='ocrx_word' id='word_1_599' title='bbox 2329 3425 2712 3478; x_wconf 83' lang='lat' dir='ltr'><strong>intermissione</strong></span> <span class='ocrx_word' id='word_1_600' title='bbox 2750 3438 2929 3491; x_wconf 87' lang='lat' dir='ltr'><strong>orate;</strong></span> <span class='ocrx_word' id='word_1_601' title='bbox 2967 3437 3072 3482; x_wconf 86' lang='lat' dir='ltr'><strong>tota</strong></span> <span class='ocrx_word' id='word_1_602' title='bbox 3097 3429 3204 3482; x_wconf 85' lang='lat' dir='ltr'><strong>vita</strong></span> <span class='ocrx_word' id='word_1_603' title='bbox 3230 3440 3412 3484; x_wconf 89' lang='lat' dir='ltr'><strong>nostra</strong></span> <span class='ocrx_word' id='word_1_604' title='bbox 3443 3433 3534 3498; x_wconf 91' lang='lat' dir='ltr'><strong>qui</strong></span> 
     </span>
    </p>
   </div>
   <div class='ocr_carea' id='block_1_78' title="bbox 1979 3511 3538 3591">
    <p class='ocr_par' dir='ltr' id='par_1_78' title="bbox 1979 3511 3538 3591">
     <span class='ocr_line' id='line_1_78' title="bbox 1979 3511 3538 3591; baseline 0.01 -26"><span class='ocrx_word' id='word_1_605' title='bbox 1979 3511 2346 3568; x_wconf 86' lang='lat' dir='ltr'><strong>indesinenter</strong></span> <span class='ocrx_word' id='word_1_606' title='bbox 2378 3529 2616 3578; x_wconf 88' lang='lat' dir='ltr'><strong>oramus,</strong></span> <span class='ocrx_word' id='word_1_607' title='bbox 2646 3517 2818 3570; x_wconf 89' lang='lat' dir='ltr'><strong>dicat:</strong></span> <span class='ocrx_word' id='word_1_608' title='bbox 2870 3517 3029 3572; x_wconf 84' lang='lat' dir='ltr'><strong>Pater</strong></span> <span class='ocrx_word' id='word_1_609' title='bbox 3070 3530 3247 3574; x_wconf 85' lang='lat' dir='ltr'><strong>noster</strong></span> <span class='ocrx_word' id='word_1_610' title='bbox 3275 3524 3363 3591; x_wconf 87' lang='lat' dir='ltr'><strong>qui</strong></span> <span class='ocrx_word' id='word_1_611' title='bbox 3396 3540 3448 3577; x_wconf 87' lang='lat' dir='ltr'><strong>es</strong></span> <span class='ocrx_word' id='word_1_612' title='bbox 3482 3526 3538 3580; x_wconf 82' lang='lat' dir='ltr'><strong>in</strong></span> 
     </span>
    </p>
   </div>
   <div class='ocr_carea' id='block_1_79' title="bbox 1982 3606 3539 3684">
    <p class='ocr_par' dir='ltr' id='par_1_79' title="bbox 1982 3606 3539 3684">
     <span class='ocr_line' id='line_1_79' title="bbox 1982 3606 3539 3684; baseline 0.008 -26"><span class='ocrx_word' id='word_1_613' title='bbox 1982 3606 2353 3674; x_wconf 73' lang='lat' dir='ltr'><strong>coelis,&#39;sitque</strong></span> <span class='ocrx_word' id='word_1_614' title='bbox 2396 3610 2716 3662; x_wconf 83' lang='lat' dir='ltr'><strong>conversatio</strong></span> <span class='ocrx_word' id='word_1_615' title='bbox 2778 3619 2954 3662; x_wconf 82' lang='lat' dir='ltr'><strong>nostra</strong></span> <span class='ocrx_word' id='word_1_616' title='bbox 3001 3611 3145 3665; x_wconf 91' lang='lat' dir='ltr'><strong>nullo</strong></span> <span class='ocrx_word' id='word_1_617' title='bbox 3185 3615 3343 3667; x_wconf 89' lang='lat' dir='ltr'><strong>modo</strong></span> <span class='ocrx_word' id='word_1_618' title='bbox 3377 3631 3539 3684; x_wconf 87' lang='lat' dir='ltr'><strong>super</strong></span> 
     </span>
    </p>
   </div>
   <div class='ocr_carea' id='block_1_80' title="bbox 1984 3697 3533 3768">
    <p class='ocr_par' dir='ltr' id='par_1_80' title="bbox 1984 3697 3533 3768">
     <span class='ocr_line' id='line_1_80' title="bbox 1984 3697 3533 3768; baseline 0.006 -19"><span class='ocrx_word' id='word_1_619' title='bbox 1984 3704 2202 3759; x_wconf 87' lang='lat' dir='ltr'><strong>terram,</strong></span> <span class='ocrx_word' id='word_1_620' title='bbox 2236 3697 2328 3750; x_wconf 83' lang='lat' dir='ltr'><strong>sed</strong></span> <span class='ocrx_word' id='word_1_621' title='bbox 2351 3699 2568 3752; x_wconf 81' lang='lat' dir='ltr'><strong>omnino</strong></span> <span class='ocrx_word' id='word_1_622' title='bbox 2597 3699 2651 3750; x_wconf 83' lang='lat' dir='ltr'><strong>in</strong></span> <span class='ocrx_word' id='word_1_623' title='bbox 2676 3698 2816 3753; x_wconf 71' lang='lat' dir='ltr'><strong>cwlis</strong></span> <span class='ocrx_word' id='word_1_624' title='bbox 2839 3700 2884 3731; x_wconf 82' lang='grc'><strong>⁸³</strong></span> <span class='ocrx_word' id='word_1_625' title='bbox 2909 3701 3000 3768; x_wconf 89' lang='lat' dir='ltr'><strong>qui</strong></span> <span class='ocrx_word' id='word_1_626' title='bbox 3035 3702 3213 3758; x_wconf 87' lang='lat' dir='ltr'><strong>throni</strong></span> <span class='ocrx_word' id='word_1_627' title='bbox 3247 3715 3370 3758; x_wconf 89' lang='lat' dir='ltr'><strong>sunt</strong></span> <span class='ocrx_word' id='word_1_628' title='bbox 3409 3707 3533 3761; x_wconf 89' lang='lat' dir='ltr'><strong>Dei:</strong></span> 
     </span>
    </p>
   </div>
   <div class='ocr_carea' id='block_1_81' title="bbox 1983 3788 3534 3866">
    <p class='ocr_par' dir='ltr' id='par_1_81' title="bbox 1983 3788 3534 3866">
     <span class='ocr_line' id='line_1_81' title="bbox 1983 3788 3534 3866; baseline 0.007 -26"><span class='ocrx_word' id='word_1_629' title='bbox 1983 3800 2103 3840; x_wconf 88' lang='lat' dir='ltr'><strong>cum</strong></span> <span class='ocrx_word' id='word_1_630' title='bbox 2143 3788 2435 3841; x_wconf 83' lang='lat' dir='ltr'><strong>stabilitum</strong></span> <span class='ocrx_word' id='word_1_631' title='bbox 2471 3790 2542 3842; x_wconf 88' lang='lat' dir='ltr'><strong>sit</strong></span> <span class='ocrx_word' id='word_1_632' title='bbox 2573 3803 2794 3858; x_wconf 86' lang='lat' dir='ltr'><strong>regnum</strong></span> <span class='ocrx_word' id='word_1_633' title='bbox 2834 3790 2928 3845; x_wconf 88' lang='lat' dir='ltr'><strong>Dei</strong></span> <span class='ocrx_word' id='word_1_634' title='bbox 2975 3793 3026 3846; x_wconf 90' lang='lat' dir='ltr'><strong>in</strong></span> <span class='ocrx_word' id='word_1_635' title='bbox 3063 3793 3128 3847; x_wconf 92' lang='lat' dir='ltr'><strong>iis</strong></span> <span class='ocrx_word' id='word_1_636' title='bbox 3161 3796 3410 3850; x_wconf 90' lang='lat' dir='ltr'><strong>omnibus</strong></span> <span class='ocrx_word' id='word_1_637' title='bbox 3443 3799 3534 3866; x_wconf 91' lang='lat' dir='ltr'><strong>qui</strong></span> 
     </span>
    </p>
   </div>
   <div class='ocr_carea' id='block_1_82' title="bbox 1984 3881 3536 3957">
    <p class='ocr_par' dir='ltr' id='par_1_82' title="bbox 1984 3881 3536 3957">
     <span class='ocr_line' id='line_1_82' title="bbox 1984 3881 3536 3957; baseline 0.006 -25"><span class='ocrx_word' id='word_1_638' title='bbox 1984 3888 2200 3944; x_wconf 87' lang='lat' dir='ltr'><strong>portant</strong></span> <span class='ocrx_word' id='word_1_639' title='bbox 2261 3881 2537 3950; x_wconf 83' lang='lat' dir='ltr'><strong>imaginem</strong></span> <span class='ocrx_word' id='word_1_640' title='bbox 2617 3883 2832 3937; x_wconf 74' lang='lat' dir='ltr'><strong>caelestis</strong></span> <span class='ocrx_word' id='word_1_641' title='bbox 2859 3883 2937 3949; x_wconf 65' lang='grc'><strong>⁸⁸,</strong></span> <span class='ocrx_word' id='word_1_642' title='bbox 2991 3885 3232 3957; x_wconf 86' lang='lat' dir='ltr'><strong>adeoque</strong></span> <span class='ocrx_word' id='word_1_643' title='bbox 3288 3890 3536 3944; x_wconf 72' lang='lat' dir='ltr'><strong>caelestes</strong></span> 
     </span>
    </p>
   </div>
   <div class='ocr_carea' id='block_1_83' title="bbox 1983 3969 2340 4029">
    <p class='ocr_par' dir='ltr' id='par_1_83' title="bbox 1983 3969 2340 4029">
     <span class='ocr_line' id='line_1_83' title="bbox 1983 3969 2340 4029; baseline 0.014 -5"><span class='ocrx_word' id='word_1_644' title='bbox 1983 3969 2157 4024; x_wconf 80' lang='lat' dir='ltr'><strong>eﬂ‘ecti</strong></span> <span class='ocrx_word' id='word_1_645' title='bbox 2197 3984 2340 4029; x_wconf 90' lang='lat' dir='ltr'><strong>sunt.</strong></span> 
     </span>
    </p>
   </div>
   <div class='ocr_carea' id='block_1_84' title="bbox 297 4043 3538 4138">
    <p class='ocr_par' dir='ltr' id='par_1_84' title="bbox 297 4043 3538 4138">
     <span class='ocr_line' id='line_1_84' title="bbox 297 4043 3538 4138; baseline 0.01 -43"><span class='ocrx_word' id='word_1_646' title='bbox 297 4043 358 4099; x_wconf 71' lang='grc' dir='ltr'><strong>ἐν</strong></span> <span class='ocrx_word' id='word_1_647' title='bbox 389 4064 507 4102; x_wconf 88' lang='grc' dir='ltr'><em>τινι</em></span> <span class='ocrx_word' id='word_1_648' title='bbox 541 4048 962 4119; x_wconf 84' lang='grc' dir='ltr'><em>ἁποτεταγμένῳ</em></span> <span class='ocrx_word' id='word_1_649' title='bbox 991 4050 1084 4103; x_wconf 84' lang='grc' dir='ltr'><strong>τοῦ</strong></span> <span class='ocrx_word' id='word_1_650' title='bbox 1111 4050 1360 4121; x_wconf 75' lang='grc' dir='ltr'><em>εὔχεσθαι</em></span> <span class='ocrx_word' id='word_1_651' title='bbox 1383 4053 1587 4124; x_wconf 80' lang='grc' dir='ltr'><em>καιρῷ·</em></span> <span class='ocrx_word' id='word_1_652' title='bbox 1640 4055 1752 4108; x_wconf 83' lang='grc' dir='ltr'><em>ἀλλ’</em></span> <span class='ocrx_word' id='word_1_653' title='bbox 1779 4060 1827 4110; x_wconf 85' lang='grc' dir='ltr'><strong>εί</strong></span> <span class='ocrx_word' id='word_1_654' title='bbox 1870 4060 2122 4131; x_wconf 86' lang='grc' dir='ltr'><em>συνίεμεν</em></span> <span class='ocrx_word' id='word_1_655' title='bbox 2165 4062 2270 4117; x_wconf 87' lang='grc' dir='ltr'><strong>τῶν</strong></span> <span class='ocrx_word' id='word_1_656' title='bbox 2319 4065 2448 4135; x_wconf 84' lang='grc' dir='ltr'><strong>ἡμῖν</strong></span> <span class='ocrx_word' id='word_1_657' title='bbox 2489 4065 2984 4138; x_wconf 85' lang='grc' dir='ltr'><em>προεξετασθέντων</em></span> <span class='ocrx_word' id='word_1_658' title='bbox 3033 4074 3112 4134; x_wconf 88' lang='grc' dir='ltr'><strong>είς</strong></span> <span class='ocrx_word' id='word_1_659' title='bbox 3162 4072 3221 4124; x_wconf 86' lang='grc' dir='ltr'><em>τὸ</em></span> <span class='ocrx_word' id='word_1_660' title='bbox 3280 4072 3538 4130; x_wconf 79' lang='grc' dir='ltr'><em>ἀδιαλεί-</em></span> 
     </span>
    </p>
   </div>
   <div class='ocr_carea' id='block_1_85' title="bbox 299 4141 3536 4232">
    <p class='ocr_par' dir='ltr' id='par_1_85' title="bbox 299 4141 3536 4232">
     <span class='ocr_line' id='line_1_85' title="bbox 299 4141 3536 4232; baseline 0.007 -38"><span class='ocrx_word' id='word_1_661' title='bbox 299 4159 459 4209; x_wconf 77' lang='grc' dir='ltr'><em>πτως</em></span> <span class='ocrx_word' id='word_1_662' title='bbox 514 4143 952 4232; x_wconf 82' lang='grc' dir='ltr'><em>προσεύχεσθαι</em></span> <span class='ocrx_word' id='word_1_663' title='bbox 987 4141 1116 4214; x_wconf 90' lang='grc'>(58),</span> <span class='ocrx_word' id='word_1_664' title='bbox 1158 4146 1265 4208; x_wconf 84' lang='grc' dir='ltr'><em>πᾶς</em></span> <span class='ocrx_word' id='word_1_665' title='bbox 1310 4145 1464 4216; x_wconf 83' lang='grc' dir='ltr'><em>ἡμῶν</em></span> <span class='ocrx_word' id='word_1_666' title='bbox 1514 4150 1541 4199; x_wconf 89' lang='grc' dir='ltr'>ὁ</span> <span class='ocrx_word' id='word_1_667' title='bbox 1586 4147 1698 4217; x_wconf 85' lang='grc' dir='ltr'><em>βίος</em></span> <span class='ocrx_word' id='word_1_668' title='bbox 1730 4150 2083 4218; x_wconf 79' lang='grc' dir='ltr'><em>ἀδιαλείπτως</em></span> <span class='ocrx_word' id='word_1_669' title='bbox 2124 4161 2569 4229; x_wconf 86' lang='grc' dir='ltr'><em>προσευχομένων</em></span> <span class='ocrx_word' id='word_1_670' title='bbox 2604 4160 2805 4229; x_wconf 82' lang='grc' dir='ltr'><em>λεγέτω</em></span> <span class='ocrx_word' id='word_1_671' title='bbox 2842 4163 2921 4227; x_wconf 87' lang='grc' dir='ltr'><em>τὸ,</em></span> <span class='ocrx_word' id='word_1_672' title='bbox 2973 4163 3160 4230; x_wconf 81' lang='grc' dir='ltr'><em>Πάτερ</em></span> <span class='ocrx_word' id='word_1_673' title='bbox 3203 4163 3368 4232; x_wconf 78' lang='grc' dir='ltr'><em>ἡμῶν</em></span> <span class='ocrx_word' id='word_1_674' title='bbox 3397 4168 3430 4217; x_wconf 83' lang='grc' dir='ltr'><strong>ό</strong></span> <span class='ocrx_word' id='word_1_675' title='bbox 3465 4165 3536 4218; x_wconf 84' lang='grc' dir='ltr'><em>ἐν</em></span> 
     </span>
    </p>
   </div>
   <div class='ocr_carea' id='block_1_86' title="bbox 303 4231 3534 4324">
    <p class='ocr_par' dir='ltr' id='par_1_86' title="bbox 303 4231 3534 4324">
     <span class='ocr_line' id='line_1_86' title="bbox 303 4231 3534 4324; baseline 0.008 -40"><span class='ocrx_word' id='word_1_676' title='bbox 303 4232 424 4299; x_wconf 79' lang='grc' dir='ltr'><em>τοῖς</em></span> <span class='ocrx_word' id='word_1_677' title='bbox 451 4231 758 4300; x_wconf 84' lang='grc' dir='ltr'><em>οὐρανοῖς,</em></span> <span class='ocrx_word' id='word_1_678' title='bbox 787 4231 856 4286; x_wconf 81' lang='grc' dir='ltr'><strong>τό</strong></span> <span class='ocrx_word' id='word_1_679' title='bbox 903 4234 1230 4302; x_wconf 80' lang='grc' dir='ltr'><em>πολίτευμα</em></span> <span class='ocrx_word' id='word_1_680' title='bbox 1278 4235 1412 4304; x_wconf 82' lang='grc' dir='ltr'><em>ἔχων</em></span> <span class='ocrx_word' id='word_1_681' title='bbox 1435 4237 1680 4308; x_wconf 82' lang='grc' dir='ltr'><em>οὐδαμῶς</em></span> <span class='ocrx_word' id='word_1_682' title='bbox 1712 4242 1802 4294; x_wconf 80' lang='grc' dir='ltr'><strong>ἐπὶ</strong></span> <span class='ocrx_word' id='word_1_683' title='bbox 1833 4244 1952 4314; x_wconf 77' lang='grc' dir='ltr'><em>γῆς,</em></span> <span class='ocrx_word' id='word_1_684' title='bbox 1977 4246 2110 4299; x_wconf 83' lang='grc' dir='ltr'><em>ἀλλὰ</em></span> <span class='ocrx_word' id='word_1_685' title='bbox 2125 4251 2480 4321; x_wconf 79' lang='grc' dir='ltr'><em>παντὶτρόπῳ</em></span> <span class='ocrx_word' id='word_1_686' title='bbox 2503 4253 2558 4306; x_wconf 85' lang='grc' dir='ltr'><strong>ὲν</strong></span> <span class='ocrx_word' id='word_1_687' title='bbox 2579 4253 2842 4324; x_wconf 75' lang='grc' dir='ltr'><em>οὐρανοῖς,</em></span> <span class='ocrx_word' id='word_1_688' title='bbox 2868 4253 3073 4324; x_wconf 84' lang='grc' dir='ltr'><em>θρόνοις</em></span> <span class='ocrx_word' id='word_1_689' title='bbox 3096 4255 3410 4322; x_wconf 88' lang='grc' dir='ltr'><em>τυγχάνουσι</em></span> <span class='ocrx_word' id='word_1_690' title='bbox 3441 4255 3534 4310; x_wconf 77' lang='grc' dir='ltr'><em>τοῦ</em></span> 
     </span>
    </p>
   </div>
   <div class='ocr_carea' id='block_1_87' title="bbox 303 4327 3534 4416">
    <p class='ocr_par' dir='ltr' id='par_1_87' title="bbox 303 4327 3534 4416">
     <span class='ocr_line' id='line_1_87' title="bbox 303 4327 3534 4416; baseline 0.008 -37"><span class='ocrx_word' id='word_1_691' title='bbox 303 4327 436 4383; x_wconf 76' lang='grc' dir='ltr'><em>Θεοῦ</em></span> <span class='ocrx_word' id='word_1_692' title='bbox 482 4328 570 4382; x_wconf 77' lang='grc' dir='ltr'><em>διὰ</em></span> <span class='ocrx_word' id='word_1_693' title='bbox 618 4329 677 4382; x_wconf 84' lang='grc' dir='ltr'><em>τὸ</em></span> <span class='ocrx_word' id='word_1_694' title='bbox 731 4328 972 4400; x_wconf 85' lang='grc' dir='ltr'><em>ἱδρύσθαι</em></span> <span class='ocrx_word' id='word_1_695' title='bbox 1021 4331 1119 4402; x_wconf 76' lang='grc' dir='ltr'><strong>τὴν</strong></span> <span class='ocrx_word' id='word_1_696' title='bbox 1155 4331 1245 4384; x_wconf 76' lang='grc' dir='ltr'><strong>τοῦ</strong></span> <span class='ocrx_word' id='word_1_697' title='bbox 1271 4332 1406 4386; x_wconf 82' lang='grc' dir='ltr'><em>Θεοῦ</em></span> <span class='ocrx_word' id='word_1_698' title='bbox 1441 4333 1714 4404; x_wconf 81' lang='grc' dir='ltr'><em>βασιλείαν</em></span> <span class='ocrx_word' id='word_1_699' title='bbox 1739 4339 1796 4393; x_wconf 86' lang='grc' dir='ltr'><strong>ὲν</strong></span> <span class='ocrx_word' id='word_1_700' title='bbox 1824 4342 1956 4396; x_wconf 83' lang='grc' dir='ltr'><em>πᾶσι</em></span> <span class='ocrx_word' id='word_1_701' title='bbox 1981 4347 2092 4408; x_wconf 85' lang='grc' dir='ltr'><em>τοῖς</em></span> <span class='ocrx_word' id='word_1_702' title='bbox 2125 4346 2343 4416; x_wconf 80' lang='grc' dir='ltr'><em>φοροῦσι</em></span> <span class='ocrx_word' id='word_1_703' title='bbox 2377 4346 2492 4414; x_wconf 85' lang='grc' dir='ltr'><em>τὴν</em></span> <span class='ocrx_word' id='word_1_704' title='bbox 2531 4349 2732 4400; x_wconf 73' lang='grc' dir='ltr'><em>εἰκόνα</em></span> <span class='ocrx_word' id='word_1_705' title='bbox 2762 4347 2865 4402; x_wconf 85' lang='grc' dir='ltr'><em>τοῦ</em></span> <span class='ocrx_word' id='word_1_706' title='bbox 2891 4349 3246 4415; x_wconf 79' lang='grc' dir='ltr'><em>ἐπουρανίου</em></span> <span class='ocrx_word' id='word_1_707' title='bbox 3267 4365 3280 4378; x_wconf 92' lang='grc'><strong>·</strong></span> <span class='ocrx_word' id='word_1_708' title='bbox 3332 4355 3424 4404; x_wconf 66' lang='grc' dir='ltr'><em>καὶ</em></span> <span class='ocrx_word' id='word_1_709' title='bbox 3449 4351 3534 4406; x_wconf 79' lang='grc' dir='ltr'><em>διὰ</em></span> 
     </span>
    </p>
   </div>
   <div class='ocr_carea' id='block_1_88' title="bbox 310 4421 1187 4495">
    <p class='ocr_par' dir='ltr' id='par_1_88' title="bbox 310 4421 1187 4495">
     <span class='ocr_line' id='line_1_88' title="bbox 310 4421 1187 4495; baseline 0.003 -20"><span class='ocrx_word' id='word_1_710' title='bbox 310 4423 468 4477; x_wconf 79' lang='grc' dir='ltr'><em>τοῦτο</em></span> <span class='ocrx_word' id='word_1_711' title='bbox 493 4422 800 4492; x_wconf 83' lang='grc' dir='ltr'><em>γενομένοις</em></span> <span class='ocrx_word' id='word_1_712' title='bbox 832 4421 1187 4495; x_wconf 81' lang='grc' dir='ltr'><em>ἐπουρανίοις.</em></span> 
     </span>
    </p>
   </div>
   <div class='ocr_carea' id='block_1_89' title="bbox 389 4512 1876 4594">
    <p class='ocr_par' dir='ltr' id='par_1_89' title="bbox 389 4512 1874 4591">
     <span class='ocr_line' id='line_1_89' title="bbox 389 4512 1874 4591; baseline 0.004 -26"><span class='ocrx_word' id='word_1_713' title='bbox 389 4513 563 4568; x_wconf 84' lang='grc' dir='ltr'><strong>Ἐπὰν</strong></span> <span class='ocrx_word' id='word_1_714' title='bbox 591 4512 811 4582; x_wconf 82' lang='grc' dir='ltr'><em>λέγηται</em></span> <span class='ocrx_word' id='word_1_715' title='bbox 852 4514 880 4565; x_wconf 89' lang='grc' dir='ltr'>ὁ</span> <span class='ocrx_word' id='word_1_716' title='bbox 906 4513 1092 4584; x_wconf 80' lang='grc' dir='ltr'><em>Πατὴρ</em></span> <span class='ocrx_word' id='word_1_717' title='bbox 1120 4514 1226 4567; x_wconf 87' lang='grc' dir='ltr'><strong>τῶν</strong></span> <span class='ocrx_word' id='word_1_718' title='bbox 1269 4515 1437 4584; x_wconf 80' lang='grc' dir='ltr'><em>ἁγίων</em></span> <span class='ocrx_word' id='word_1_719' title='bbox 1489 4517 1596 4591; x_wconf 83' lang='grc'>(59)</span> <span class='ocrx_word' id='word_1_720' title='bbox 1644 4515 1779 4574; x_wconf 79' lang='grc' dir='ltr'><em>εἶναι</em></span> <span class='ocrx_word' id='word_1_721' title='bbox 1817 4523 1874 4574; x_wconf 82' lang='grc' dir='ltr'><strong>ὲν</strong></span> 
     </span>
    </p>
   </div>
   <div class='ocr_carea' id='block_1_90' title="bbox 1980 4512 3532 4594">
    <p class='ocr_par' dir='ltr' id='par_1_90' title="bbox 2045 4521 3532 4590">
     <span class='ocr_line' id='line_1_90' title="bbox 2045 4521 3532 4590; baseline 0.002 -15"><span class='ocrx_word' id='word_1_722' title='bbox 2045 4522 2134 4575; x_wconf 75' lang='grc'><strong>25.</strong></span> <span class='ocrx_word' id='word_1_723' title='bbox 2166 4521 2298 4576; x_wconf 86' lang='lat' dir='ltr'><strong>Cum</strong></span> <span class='ocrx_word' id='word_1_724' title='bbox 2331 4521 2528 4574; x_wconf 90' lang='lat' dir='ltr'><strong>dicitur</strong></span> <span class='ocrx_word' id='word_1_725' title='bbox 2561 4531 2869 4576; x_wconf 90' lang='lat' dir='ltr'><strong>sanctorum</strong></span> <span class='ocrx_word' id='word_1_726' title='bbox 2921 4521 3080 4576; x_wconf 82' lang='lat' dir='ltr'><strong>Pater</strong></span> <span class='ocrx_word' id='word_1_727' title='bbox 3119 4537 3236 4576; x_wconf 90' lang='lat' dir='ltr'><strong>esse</strong></span> <span class='ocrx_word' id='word_1_728' title='bbox 3271 4524 3322 4576; x_wconf 91' lang='lat' dir='ltr'><strong>in</strong></span> <span class='ocrx_word' id='word_1_729' title='bbox 3354 4525 3532 4590; x_wconf 77' lang='lat' dir='ltr'><strong>ccelis,</strong></span> 
     </span>
    </p>
   </div>
   <div class='ocr_carea' id='block_1_91' title="bbox 309 4607 1876 4684">
    <p class='ocr_par' dir='ltr' id='par_1_91' title="bbox 309 4607 1874 4684">
     <span class='ocr_line' id='line_1_91' title="bbox 309 4607 1874 4684; baseline 0.004 -23"><span class='ocrx_word' id='word_1_730' title='bbox 309 4610 417 4672; x_wconf 73' lang='grc' dir='ltr'><em>τοῖς</em></span> <span class='ocrx_word' id='word_1_731' title='bbox 447 4607 717 4678; x_wconf 83' lang='grc' dir='ltr'><em>οὐρανοῖς,</em></span> <span class='ocrx_word' id='word_1_732' title='bbox 750 4608 810 4659; x_wconf 91' lang='grc' dir='ltr'><strong>οὐ</strong></span> <span class='ocrx_word' id='word_1_733' title='bbox 841 4607 1268 4678; x_wconf 72' lang='grc' dir='ltr'><em>περιγεγράφθω</em></span> <span class='ocrx_word' id='word_1_734' title='bbox 1310 4611 1470 4666; x_wconf 85' lang='grc' dir='ltr'><em>αὐτὸν</em></span> <span class='ocrx_word' id='word_1_735' title='bbox 1501 4613 1735 4684; x_wconf 85' lang='grc' dir='ltr'><em>σχήματι</em></span> <span class='ocrx_word' id='word_1_736' title='bbox 1768 4632 1874 4668; x_wconf 89' lang='grc' dir='ltr'><em>σω-</em></span> 
     </span>
    </p>
   </div>
   <div class='ocr_carea' id='block_1_92' title="bbox 1980 4607 3522 4684">
    <p class='ocr_par' dir='ltr' id='par_1_92' title="bbox 1982 4612 3522 4684">
     <span class='ocr_line' id='line_1_92' title="bbox 1982 4612 3522 4684; baseline 0.003 -18"><span class='ocrx_word' id='word_1_737' title='bbox 1982 4629 2084 4667; x_wconf 90' lang='lat' dir='ltr'><strong>non</strong></span> <span class='ocrx_word' id='word_1_738' title='bbox 2119 4613 2206 4667; x_wconf 87' lang='lat' dir='ltr'><strong>ille</strong></span> <span class='ocrx_word' id='word_1_739' title='bbox 2237 4612 2403 4683; x_wconf 83' lang='lat' dir='ltr'><strong>ﬁgura</strong></span> <span class='ocrx_word' id='word_1_740' title='bbox 2434 4628 2692 4682; x_wconf 86' lang='lat' dir='ltr'><strong>corporea</strong></span> <span class='ocrx_word' id='word_1_741' title='bbox 2741 4614 3107 4668; x_wconf 87' lang='lat' dir='ltr'><strong>circumscribi</strong></span> <span class='ocrx_word' id='word_1_742' title='bbox 3141 4617 3415 4684; x_wconf 87' lang='lat' dir='ltr'><strong>putamlus</strong></span> <span class='ocrx_word' id='word_1_743' title='bbox 3437 4627 3522 4671; x_wconf 90' lang='lat' dir='ltr'><strong>est</strong></span> 
     </span>
    </p>
   </div>
   <div class='ocr_carea' id='block_1_93' title="bbox 309 4698 1876 4777">
    <p class='ocr_par' dir='ltr' id='par_1_93' title="bbox 309 4698 1874 4773">
     <span class='ocr_line' id='line_1_93' title="bbox 309 4698 1874 4773; baseline 0.005 -22"><span class='ocrx_word' id='word_1_744' title='bbox 309 4698 530 4770; x_wconf 82' lang='grc' dir='ltr'><em>ματικῷ</em></span> <span class='ocrx_word' id='word_1_745' title='bbox 558 4698 913 4770; x_wconf 80' lang='grc' dir='ltr'><em>ὑποληπτέον,</em></span> <span class='ocrx_word' id='word_1_746' title='bbox 942 4701 1034 4752; x_wconf 77' lang='grc' dir='ltr'><em>καὶ</em></span> <span class='ocrx_word' id='word_1_747' title='bbox 1059 4702 1114 4754; x_wconf 82' lang='grc' dir='ltr'>ἐν</span> <span class='ocrx_word' id='word_1_748' title='bbox 1141 4702 1387 4773; x_wconf 81' lang='grc' dir='ltr'><em>οὐρανοῖς</em></span> <span class='ocrx_word' id='word_1_749' title='bbox 1415 4707 1684 4758; x_wconf 86' lang='grc' dir='ltr'><em>κατοικεῖν</em></span> <span class='ocrx_word' id='word_1_750' title='bbox 1707 4723 1719 4736; x_wconf 79' lang='grc'><em>’</em></span> <span class='ocrx_word' id='word_1_751' title='bbox 1754 4708 1874 4760; x_wconf 82' lang='grc' dir='ltr'><em>ἐπεί</em></span> 
     </span>
    </p>
   </div>
   <div class='ocr_carea' id='block_1_94' title="bbox 1980 4698 3534 4777">
    <p class='ocr_par' dir='ltr' id='par_1_94' title="bbox 1980 4704 3534 4777">
     <span class='ocr_line' id='line_1_94' title="bbox 1980 4704 3534 4777; baseline 0.001 -18"><span class='ocrx_word' id='word_1_752' title='bbox 1980 4716 2034 4760; x_wconf 90' lang='lat' dir='ltr'><strong>et</strong></span> <span class='ocrx_word' id='word_1_753' title='bbox 2058 4706 2110 4758; x_wconf 91' lang='lat' dir='ltr'><strong>in</strong></span> <span class='ocrx_word' id='word_1_754' title='bbox 2139 4705 2290 4759; x_wconf 64' lang='lat' dir='ltr'><strong>oculis</strong></span> <span class='ocrx_word' id='word_1_755' title='bbox 2314 4705 2577 4759; x_wconf 87' lang='lat' dir='ltr'><strong>habitare.</strong></span> <span class='ocrx_word' id='word_1_756' title='bbox 2595 4704 2727 4760; x_wconf 82' lang='lat' dir='ltr'><strong>Nam</strong></span> <span class='ocrx_word' id='word_1_757' title='bbox 2758 4707 3176 4774; x_wconf 86' lang='lat' dir='ltr'><strong>comprehensus</strong></span> <span class='ocrx_word' id='word_1_758' title='bbox 3199 4708 3350 4761; x_wconf 68' lang='lat' dir='ltr'><strong>caelis</strong></span> <span class='ocrx_word' id='word_1_759' title='bbox 3374 4708 3534 4777; x_wconf 81' lang='lat' dir='ltr'><strong>Deus,</strong></span> 
     </span>
    </p>
   </div>
   <div class='ocr_carea' id='block_1_95' title="bbox 314 4793 1876 4872">
    <p class='ocr_par' dir='ltr' id='par_1_95' title="bbox 314 4793 1876 4872">
     <span class='ocr_line' id='line_1_95' title="bbox 314 4793 1876 4872; baseline 0.006 -29"><span class='ocrx_word' id='word_1_760' title='bbox 314 4808 394 4843; x_wconf 83' lang='grc' dir='ltr'><strong>τοι</strong></span> <span class='ocrx_word' id='word_1_761' title='bbox 424 4794 804 4864; x_wconf 85' lang='grc' dir='ltr'><em>περιεχόμενος</em></span> <span class='ocrx_word' id='word_1_762' title='bbox 830 4793 1064 4848; x_wconf 83' lang='grc' dir='ltr'><em>ἐλάττων</em></span> <span class='ocrx_word' id='word_1_763' title='bbox 1088 4794 1194 4848; x_wconf 87' lang='grc' dir='ltr'><strong>τῶν</strong></span> <span class='ocrx_word' id='word_1_764' title='bbox 1222 4796 1463 4866; x_wconf 82' lang='grc' dir='ltr'><em>οὐρανῶν</em></span> <span class='ocrx_word' id='word_1_765' title='bbox 1493 4800 1520 4850; x_wconf 88' lang='grc' dir='ltr'><strong>ό</strong></span> <span class='ocrx_word' id='word_1_766' title='bbox 1563 4797 1692 4862; x_wconf 86' lang='grc' dir='ltr'><em>Θεὸς</em></span> <span class='ocrx_word' id='word_1_767' title='bbox 1725 4801 1876 4872; x_wconf 89' lang='grc' dir='ltr'><em>εὐρε-</em></span> 
     </span>
    </p>
   </div>
   <div class='ocr_carea' id='block_1_96' title="bbox 1980 4793 3533 4872">
    <p class='ocr_par' dir='ltr' id='par_1_96' title="bbox 1981 4797 3533 4864">
     <span class='ocr_line' id='line_1_96' title="bbox 1981 4797 3533 4864; baseline 0.001 -13"><span class='ocrx_word' id='word_1_768' title='bbox 1981 4797 2382 4852; x_wconf 87' lang='lat' dir='ltr'><strong>centiueutihus</strong></span> <span class='ocrx_word' id='word_1_769' title='bbox 2410 4797 2582 4864; x_wconf 89' lang='lat' dir='ltr'><strong>ipsum</strong></span> <span class='ocrx_word' id='word_1_770' title='bbox 2613 4798 2765 4852; x_wconf 74' lang='lat' dir='ltr'><strong>cmlis</strong></span> <span class='ocrx_word' id='word_1_771' title='bbox 2805 4797 3136 4852; x_wconf 74' lang='lat' dir='ltr'><strong>inveniretur</strong></span> <span class='ocrx_word' id='word_1_772' title='bbox 3164 4799 3376 4862; x_wconf 90' lang='lat' dir='ltr'><strong>minor;</strong></span> <span class='ocrx_word' id='word_1_773' title='bbox 3409 4815 3533 4853; x_wconf 90' lang='lat' dir='ltr'><strong>cum</strong></span> 
     </span>
    </p>
   </div>
   <div class='ocr_carea' id='block_1_97' title="bbox 318 4882 1872 4962">
    <p class='ocr_par' dir='ltr' id='par_1_97' title="bbox 318 4882 1872 4962">
     <span class='ocr_line' id='line_1_97' title="bbox 318 4882 1872 4962; baseline 0.006 -28"><span class='ocrx_word' id='word_1_774' title='bbox 318 4882 563 4952; x_wconf 83' lang='grc' dir='ltr'><em>θήσεται,</em></span> <span class='ocrx_word' id='word_1_775' title='bbox 609 4887 962 4956; x_wconf 84' lang='grc' dir='ltr'><em>περιεχόντων</em></span> <span class='ocrx_word' id='word_1_776' title='bbox 1004 4887 1166 4940; x_wconf 83' lang='grc' dir='ltr'><em>αὐτὸν</em></span> <span class='ocrx_word' id='word_1_777' title='bbox 1199 4887 1305 4940; x_wconf 85' lang='grc' dir='ltr'><strong>τῶν</strong></span> <span class='ocrx_word' id='word_1_778' title='bbox 1336 4888 1604 4960; x_wconf 81' lang='grc' dir='ltr'><em>οὐρανῶν·</em></span> <span class='ocrx_word' id='word_1_779' title='bbox 1655 4889 1770 4944; x_wconf 84' lang='grc' dir='ltr'><em>δέον</em></span> <span class='ocrx_word' id='word_1_780' title='bbox 1807 4895 1872 4962; x_wconf 84' lang='grc' dir='ltr'><em>τῇ</em></span> 
     </span>
    </p>
   </div>
   <div class='ocr_carea' id='block_1_98' title="bbox 315 4975 1876 5054">
    <p class='ocr_par' dir='ltr' id='par_1_98' title="bbox 315 4975 1876 5054">
     <span class='ocr_line' id='line_1_98' title="bbox 315 4975 1876 5054; baseline 0.003 -23"><span class='ocrx_word' id='word_1_781' title='bbox 315 4975 512 5044; x_wconf 78' lang='grc' dir='ltr'><em>ἀφάτῳ</em></span> <span class='ocrx_word' id='word_1_782' title='bbox 537 4976 756 5046; x_wconf 85' lang='grc' dir='ltr'><em>δυνάμει</em></span> <span class='ocrx_word' id='word_1_783' title='bbox 785 4978 880 5049; x_wconf 78' lang='grc' dir='ltr'><em>τῆς</em></span> <span class='ocrx_word' id='word_1_784' title='bbox 913 4978 1163 5048; x_wconf 86' lang='grc' dir='ltr'><em>θεότητος</em></span> <span class='ocrx_word' id='word_1_785' title='bbox 1189 4979 1353 5031; x_wconf 81' lang='grc' dir='ltr'><em>αὐτοῦ</em></span> <span class='ocrx_word' id='word_1_786' title='bbox 1405 4981 1688 5035; x_wconf 85' lang='grc' dir='ltr'><em>πεπεῖσθαι</em></span> <span class='ocrx_word' id='word_1_787' title='bbox 1722 5001 1876 5054; x_wconf 84' lang='grc' dir='ltr'><em>περι-</em></span> 
     </span>
    </p>
   </div>
   <div class='ocr_carea' id='block_1_99' title="bbox 316 5065 1875 5138">
    <p class='ocr_par' dir='ltr' id='par_1_99' title="bbox 316 5065 1875 5138">
     <span class='ocr_line' id='line_1_99' title="bbox 316 5065 1875 5138; baseline 0.003 -19"><span class='ocrx_word' id='word_1_788' title='bbox 316 5065 538 5136; x_wconf 85' lang='grc' dir='ltr'><em>έχεσθαι</em></span> <span class='ocrx_word' id='word_1_789' title='bbox 582 5069 674 5120; x_wconf 73' lang='grc' dir='ltr'><em>καὶ</em></span> <span class='ocrx_word' id='word_1_790' title='bbox 708 5069 1018 5138; x_wconf 89' lang='grc' dir='ltr'><em>συνέχεσθαι</em></span> <span class='ocrx_word' id='word_1_791' title='bbox 1065 5070 1133 5121; x_wconf 87' lang='grc' dir='ltr'><em>τὰ</em></span> <span class='ocrx_word' id='word_1_792' title='bbox 1179 5070 1355 5122; x_wconf 87' lang='grc' dir='ltr'><em>πάντα</em></span> <span class='ocrx_word' id='word_1_793' title='bbox 1393 5070 1484 5122; x_wconf 86' lang='grc' dir='ltr'><em>ὐπ’</em></span> <span class='ocrx_word' id='word_1_794' title='bbox 1514 5071 1696 5123; x_wconf 79' lang='grc' dir='ltr'><em>αὐτοῦ.</em></span> <span class='ocrx_word' id='word_1_795' title='bbox 1766 5073 1875 5124; x_wconf 82' lang='grc' dir='ltr'><strong>Καὶ</strong></span> 
     </span>
    </p>
   </div>
   <div class='ocr_carea' id='block_1_100' title="bbox 317 5156 1877 5232">
    <p class='ocr_par' dir='ltr' id='par_1_100' title="bbox 317 5156 1877 5232">
     <span class='ocr_line' id='line_1_100' title="bbox 317 5156 1877 5232; baseline 0.003 -22"><span class='ocrx_word' id='word_1_796' title='bbox 317 5156 621 5220; x_wconf 82' lang='grc' dir='ltr'><em>καθολικῶς</em></span> <span class='ocrx_word' id='word_1_797' title='bbox 651 5157 748 5220; x_wconf 83' lang='grc' dir='ltr'><em>τὰς</em></span> <span class='ocrx_word' id='word_1_798' title='bbox 773 5160 892 5213; x_wconf 81' lang='grc' dir='ltr'><em>ὅσον</em></span> <span class='ocrx_word' id='word_1_799' title='bbox 923 5159 1014 5212; x_wconf 76' lang='grc' dir='ltr'><strong>ἐπὶ</strong></span> <span class='ocrx_word' id='word_1_800' title='bbox 1039 5159 1118 5230; x_wconf 82' lang='grc' dir='ltr'><em>τῷ</em></span> <span class='ocrx_word' id='word_1_801' title='bbox 1150 5160 1296 5232; x_wconf 78' lang='grc' dir='ltr'><em>ρητῷ</em></span> <span class='ocrx_word' id='word_1_802' title='bbox 1327 5160 1497 5226; x_wconf 80' lang='grc' dir='ltr'><em>λέξεις</em></span> <span class='ocrx_word' id='word_1_803' title='bbox 1542 5160 1640 5223; x_wconf 83' lang='grc' dir='ltr'><em>τὰς</em></span> <span class='ocrx_word' id='word_1_804' title='bbox 1670 5163 1877 5232; x_wconf 78' lang='grc' dir='ltr'><em>νομιζο-</em></span> 
     </span>
    </p>
   </div>
   <div class='ocr_carea' id='block_1_101' title="bbox 388 5271 1459 5340">
    <p class='ocr_par' dir='ltr' id='par_1_101' title="bbox 388 5271 1459 5340">
     <span class='ocr_line' id='line_1_101' title="bbox 388 5271 1459 5340; baseline 0.002 -16"><span class='ocrx_word' id='word_1_805' title='bbox 388 5272 434 5303; x_wconf 82' lang='grc'><strong>¹¹⁷</strong></span> <span class='ocrx_word' id='word_1_806' title='bbox 461 5271 618 5326; x_wconf 81' lang='lat' dir='ltr'><strong>Rom.</strong></span> <span class='ocrx_word' id='word_1_807' title='bbox 658 5288 785 5333; x_wconf 69' lang='lat' dir='ltr'><strong>vni,</strong></span> <span class='ocrx_word' id='word_1_808' title='bbox 818 5273 904 5328; x_wconf 87' lang='lat' dir='ltr'><strong>l6.</strong></span> <span class='ocrx_word' id='word_1_809' title='bbox 1001 5274 1046 5306; x_wconf 78' lang='grc'><strong>⁷⁸</strong></span> <span class='ocrx_word' id='word_1_810' title='bbox 1078 5273 1230 5328; x_wconf 81' lang='lat' dir='ltr'><strong>Rom.</strong></span> <span class='ocrx_word' id='word_1_811' title='bbox 1266 5290 1330 5340; x_wconf 71' lang='grc' dir='ltr'><strong>κ,</strong></span> <span class='ocrx_word' id='word_1_812' title='bbox 1373 5275 1459 5327; x_wconf 79' lang='grc'><strong>10.</strong></span> 
     </span>
    </p>
   </div>
   <div class='ocr_carea' id='block_1_102' title="bbox 317 5341 1472 5412">
    <p class='ocr_par' dir='ltr' id='par_1_102' title="bbox 317 5341 1472 5412">
     <span class='ocr_line' id='line_1_102' title="bbox 317 5341 1472 5412; baseline 0.002 -16"><span class='ocrx_word' id='word_1_813' title='bbox 317 5341 364 5374; x_wconf 86' lang='grc'><strong><em>⁸³</em></strong></span> <span class='ocrx_word' id='word_1_814' title='bbox 393 5343 590 5412; x_wconf 88' lang='lat' dir='ltr'><strong>Philip.</strong></span> <span class='ocrx_word' id='word_1_815' title='bbox 623 5359 718 5410; x_wconf 80' lang='lat' dir='ltr'><strong>ill,</strong></span> <span class='ocrx_word' id='word_1_816' title='bbox 753 5343 844 5398; x_wconf 78' lang='lat'><strong>‘20.</strong></span> <span class='ocrx_word' id='word_1_817' title='bbox 922 5343 969 5375; x_wconf 75' lang='lat'><strong>“</strong></span> <span class='ocrx_word' id='word_1_818' title='bbox 999 5344 1020 5397; x_wconf 84' lang='grc' dir='ltr'>Ι</span> <span class='ocrx_word' id='word_1_819' title='bbox 1055 5345 1180 5399; x_wconf 87' lang='lat' dir='ltr'><strong>Cor.</strong></span> <span class='ocrx_word' id='word_1_820' title='bbox 1237 5360 1326 5408; x_wconf 72' lang='lat' dir='ltr'><strong>xv,</strong></span> <span class='ocrx_word' id='word_1_821' title='bbox 1382 5345 1472 5399; x_wconf 76' lang='lat'><strong>49.</strong></span> 
     </span>
    </p>
   </div>
   <div class='ocr_carea' id='block_1_103' title="bbox 385 5459 1869 5532">
    <p class='ocr_par' dir='ltr' id='par_1_103' title="bbox 385 5459 1869 5532">
     <span class='ocr_line' id='line_1_103' title="bbox 385 5459 1869 5532; baseline 0.001 -18"><span class='ocrx_word' id='word_1_822' title='bbox 385 5461 496 5530; x_wconf 82' lang='grc'>(55)</span> <span class='ocrx_word' id='word_1_823' title='bbox 531 5459 616 5526; x_wconf 85' lang='grc' dir='ltr'>Τῷ</span> <span class='ocrx_word' id='word_1_824' title='bbox 646 5461 716 5516; x_wconf 79' lang='grc' dir='ltr'><em>ἐν</em></span> <span class='ocrx_word' id='word_1_825' title='bbox 747 5460 992 5531; x_wconf 87' lang='grc' dir='ltr'><em>σώματι.</em></span> <span class='ocrx_word' id='word_1_826' title='bbox 1050 5459 1201 5530; x_wconf 84' lang='lat' dir='ltr'><strong>Legit</strong></span> <span class='ocrx_word' id='word_1_827' title='bbox 1228 5460 1518 5532; x_wconf 86' lang='lat' dir='ltr'><strong>Bentleius,</strong></span> <span class='ocrx_word' id='word_1_828' title='bbox 1536 5460 1613 5531; x_wconf 85' lang='grc' dir='ltr'><em>τῷ</em></span> <span class='ocrx_word' id='word_1_829' title='bbox 1640 5459 1869 5532; x_wconf 81' lang='grc' dir='ltr'><em>σώματι.</em></span> 
     </span>
    </p>
   </div>
   <div class='ocr_carea' id='block_1_104' title="bbox 315 5528 1874 5602">
    <p class='ocr_par' dir='ltr' id='par_1_104' title="bbox 315 5528 1874 5602">
     <span class='ocr_line' id='line_1_104' title="bbox 315 5528 1874 5602; baseline 0.001 -20"><span class='ocrx_word' id='word_1_830' title='bbox 315 5528 484 5602; x_wconf 59' lang='lat' dir='ltr'><strong>Paulo</strong></span> <span class='ocrx_word' id='word_1_831' title='bbox 517 5541 637 5602; x_wconf 85' lang='lat' dir='ltr'><strong>post</strong></span> <span class='ocrx_word' id='word_1_832' title='bbox 683 5528 845 5587; x_wconf 71' lang='lat' dir='ltr'><strong>recte</strong></span> <span class='ocrx_word' id='word_1_833' title='bbox 871 5533 1041 5602; x_wconf 78' lang='lat' dir='ltr'><strong>codex</strong></span> <span class='ocrx_word' id='word_1_834' title='bbox 1064 5528 1188 5594; x_wconf 52' lang='lat' dir='ltr'><strong>ms),</strong></span> <span class='ocrx_word' id='word_1_835' title='bbox 1232 5533 1295 5601; x_wconf 83' lang='grc' dir='ltr'><em>τῇ</em></span> <span class='ocrx_word' id='word_1_836' title='bbox 1322 5528 1679 5596; x_wconf 78' lang='grc' dir='ltr'><em>ἀνακαινίσει,</em></span> <span class='ocrx_word' id='word_1_837' title='bbox 1713 5528 1874 5586; x_wconf 70' lang='lat' dir='ltr'><strong>emno</strong></span> 
     </span>
    </p>
   </div>
   <div class='ocr_carea' id='block_1_105' title="bbox 315 5599 1020 5672">
    <p class='ocr_par' dir='ltr' id='par_1_105' title="bbox 315 5599 1020 5672">
     <span class='ocr_line' id='line_1_105' title="bbox 315 5599 1020 5672; baseline -0.001 -20"><span class='ocrx_word' id='word_1_838' title='bbox 315 5599 602 5672; x_wconf 58' lang='grc' dir='ltr'><em>οιριιηλτῇ</em></span> <span class='ocrx_word' id='word_1_839' title='bbox 635 5599 1020 5657; x_wconf 81' lang='grc' dir='ltr'><em>ἀνακαινώσει.</em></span> 
     </span>
    </p>
   </div>
   <div class='ocr_carea' id='block_1_106' title="bbox 385 5667 1872 5742">
    <p class='ocr_par' dir='ltr' id='par_1_106' title="bbox 385 5667 1872 5742">
     <span class='ocr_line' id='line_1_106' title="bbox 385 5667 1872 5742; baseline 0 -20"><span class='ocrx_word' id='word_1_840' title='bbox 385 5667 712 5742; x_wconf 69' lang='grc' dir='ltr'><strong>(56)(ὶῦιιεχ</strong></span> <span class='ocrx_word' id='word_1_841' title='bbox 741 5689 866 5740; x_wconf 88' lang='lat' dir='ltr'><strong>ms.,</strong></span> <span class='ocrx_word' id='word_1_842' title='bbox 911 5669 1305 5742; x_wconf 84' lang='grc' dir='ltr'><em>γεγεννημένῳ.</em></span> <span class='ocrx_word' id='word_1_843' title='bbox 1361 5671 1506 5726; x_wconf 89' lang='lat' dir='ltr'><strong>Edit.</strong></span> <span class='ocrx_word' id='word_1_844' title='bbox 1543 5671 1740 5735; x_wconf 84' lang='lat' dir='ltr'><strong>Oxon.,</strong></span> <span class='ocrx_word' id='word_1_845' title='bbox 1781 5687 1872 5738; x_wconf 54' lang='lat' dir='ltr'><strong>ys.</strong></span> 
     </span>
    </p>
   </div>
   <div class='ocr_carea' id='block_1_107' title="bbox 315 5741 612 5812">
    <p class='ocr_par' dir='ltr' id='par_1_107' title="bbox 315 5741 612 5812">
     <span class='ocr_line' id='line_1_107' title="bbox 315 5741 612 5812; baseline 0.01 -22"><span class='ocrx_word' id='word_1_846' title='bbox 315 5754 446 5810; x_wconf 80' lang='grc' dir='ltr'><em>γενη</em></span> <span class='ocrx_word' id='word_1_847' title='bbox 451 5741 612 5812; x_wconf 85' lang='grc' dir='ltr'><em>μένῳ.</em></span> 
     </span>
    </p>
   </div>
   <div class='ocr_carea' id='block_1_108' title="bbox 1579 5275 2059 5340">
    <p class='ocr_par' dir='ltr' id='par_1_108' title="bbox 1579 5275 2059 5340">
     <span class='ocr_line' id='line_1_108' title="bbox 1579 5275 2059 5340; baseline 0 -12"><span class='ocrx_word' id='word_1_848' title='bbox 1579 5277 1624 5306; x_wconf 64' lang='grc' dir='ltr'><strong>’τ’</strong></span> <span class='ocrx_word' id='word_1_849' title='bbox 1661 5275 1852 5328; x_wconf 81' lang='lat' dir='ltr'><strong>Matth.</strong></span> <span class='ocrx_word' id='word_1_850' title='bbox 1886 5291 1936 5340; x_wconf 82' lang='grc' dir='ltr'><strong>ν,</strong></span> <span class='ocrx_word' id='word_1_851' title='bbox 1969 5277 2059 5330; x_wconf 72' lang='grc'><strong>45.</strong></span> 
     </span>
    </p>
   </div>
   <div class='ocr_carea' id='block_1_109' title="bbox 1982 4884 3537 4942">
    <p class='ocr_par' dir='ltr' id='par_1_109' title="bbox 1982 4884 3537 4942">
     <span class='ocr_line' id='line_1_109' title="bbox 1982 4884 3537 4942; baseline -0.002 -1"><span class='ocrx_word' id='word_1_852' title='bbox 1982 4888 2288 4942; x_wconf 89' lang='lat' dir='ltr'><strong>econtrario</strong></span> <span class='ocrx_word' id='word_1_853' title='bbox 2333 4886 2554 4939; x_wconf 89' lang='lat' dir='ltr'><strong>credere</strong></span> <span class='ocrx_word' id='word_1_854' title='bbox 2587 4900 2804 4939; x_wconf 85' lang='lat' dir='ltr'><strong>necesse</strong></span> <span class='ocrx_word' id='word_1_855' title='bbox 2836 4885 2907 4938; x_wconf 90' lang='lat' dir='ltr'><strong>sit</strong></span> <span class='ocrx_word' id='word_1_856' title='bbox 2947 4884 3202 4938; x_wconf 77' lang='lat' dir='ltr'><strong>inell&#39;abili</strong></span> <span class='ocrx_word' id='word_1_857' title='bbox 3249 4901 3369 4937; x_wconf 89' lang='lat' dir='ltr'><strong>eum</strong></span> <span class='ocrx_word' id='word_1_858' title='bbox 3400 4885 3537 4938; x_wconf 80' lang='lat' dir='ltr'><strong>divi-</strong></span> 
     </span>
    </p>
   </div>
   <div class='ocr_carea' id='block_1_110' title="bbox 1984 4976 3536 5048">
    <p class='ocr_par' dir='ltr' id='par_1_110' title="bbox 1984 4976 3536 5048">
     <span class='ocr_line' id='line_1_110' title="bbox 1984 4976 3536 5048; baseline -0.002 -16"><span class='ocrx_word' id='word_1_859' title='bbox 1984 4993 2158 5048; x_wconf 88' lang='lat' dir='ltr'><strong>naque</strong></span> <span class='ocrx_word' id='word_1_860' title='bbox 2202 4993 2296 5032; x_wconf 88' lang='lat' dir='ltr'><strong>sua</strong></span> <span class='ocrx_word' id='word_1_861' title='bbox 2327 4978 2526 5030; x_wconf 85' lang='lat' dir='ltr'><strong>virtute</strong></span> <span class='ocrx_word' id='word_1_862' title='bbox 2557 4976 3012 5044; x_wconf 87' lang='lat' dir='ltr'><strong>comprehendere</strong></span> <span class='ocrx_word' id='word_1_863' title='bbox 3054 4977 3232 5030; x_wconf 86' lang='lat' dir='ltr'><strong>omnia</strong></span> <span class='ocrx_word' id='word_1_864' title='bbox 3267 4991 3329 5028; x_wconf 90' lang='lat' dir='ltr'><strong>ac</strong></span> <span class='ocrx_word' id='word_1_865' title='bbox 3359 4979 3536 5029; x_wconf 86' lang='lat' dir='ltr'><strong>conti-</strong></span> 
     </span>
    </p>
   </div>
   <div class='ocr_carea' id='block_1_111' title="bbox 1984 5067 3535 5138">
    <p class='ocr_par' dir='ltr' id='par_1_111' title="bbox 1984 5067 3535 5138">
     <span class='ocr_line' id='line_1_111' title="bbox 1984 5067 3535 5138; baseline 0 -18"><span class='ocrx_word' id='word_1_866' title='bbox 1984 5083 2131 5124; x_wconf 90' lang='lat' dir='ltr'><strong>nere.</strong></span> <span class='ocrx_word' id='word_1_867' title='bbox 2171 5073 2345 5138; x_wconf 87' lang='lat' dir='ltr'><strong>Atque</strong></span> <span class='ocrx_word' id='word_1_868' title='bbox 2391 5069 2442 5122; x_wconf 91' lang='lat' dir='ltr'><strong>in</strong></span> <span class='ocrx_word' id='word_1_869' title='bbox 2477 5067 2787 5122; x_wconf 81' lang='lat' dir='ltr'><strong>universum</strong></span> <span class='ocrx_word' id='word_1_870' title='bbox 2839 5082 2957 5136; x_wconf 75' lang='lat' dir='ltr'><strong>qua:</strong></span> <span class='ocrx_word' id='word_1_871' title='bbox 2988 5068 3150 5121; x_wconf 86' lang='lat' dir='ltr'><strong>verba</strong></span> <span class='ocrx_word' id='word_1_872' title='bbox 3201 5069 3265 5118; x_wconf 89' lang='lat' dir='ltr'><strong>ad</strong></span> <span class='ocrx_word' id='word_1_873' title='bbox 3298 5067 3535 5120; x_wconf 87' lang='lat' dir='ltr'><strong>litteram</strong></span> 
     </span>
    </p>
   </div>
   <div class='ocr_carea' id='block_1_112' title="bbox 1983 5159 3538 5232">
    <p class='ocr_par' dir='ltr' id='par_1_112' title="bbox 1983 5159 3538 5232">
     <span class='ocr_line' id='line_1_112' title="bbox 1983 5159 3538 5232; baseline -0.001 -18"><span class='ocrx_word' id='word_1_874' title='bbox 1983 5173 2194 5232; x_wconf 87' lang='lat' dir='ltr'><strong>sumpta</strong></span> <span class='ocrx_word' id='word_1_875' title='bbox 2226 5162 2476 5214; x_wconf 83' lang='lat' dir='ltr'><strong>videntur</strong></span> <span class='ocrx_word' id='word_1_876' title='bbox 2524 5159 2939 5229; x_wconf 86' lang='lat' dir='ltr'><strong>simplicioribus</strong></span> <span class='ocrx_word' id='word_1_877' title='bbox 2972 5159 3138 5212; x_wconf 91' lang='lat' dir='ltr'><strong>Deum</strong></span> <span class='ocrx_word' id='word_1_878' title='bbox 3173 5159 3226 5211; x_wconf 90' lang='lat' dir='ltr'><strong>in</strong></span> <span class='ocrx_word' id='word_1_879' title='bbox 3266 5159 3382 5212; x_wconf 90' lang='lat' dir='ltr'><strong>loco</strong></span> <span class='ocrx_word' id='word_1_880' title='bbox 3417 5169 3538 5212; x_wconf 86' lang='lat' dir='ltr'><strong>esse</strong></span> 
     </span>
    </p>
   </div>
   <div class='ocr_carea' id='block_1_113' title="bbox 2136 5271 3532 5341">
    <p class='ocr_par' dir='ltr' id='par_1_113' title="bbox 2136 5271 3532 5341">
     <span class='ocr_line' id='line_1_113' title="bbox 2136 5271 3532 5341; baseline -0.004 -13"><span class='ocrx_word' id='word_1_881' title='bbox 2136 5276 2183 5308; x_wconf 79' lang='grc' dir='ltr'><strong>⁸ο</strong></span> <span class='ocrx_word' id='word_1_882' title='bbox 2211 5274 2232 5328; x_wconf 90' lang='grc' dir='ltr'>Ι</span> <span class='ocrx_word' id='word_1_883' title='bbox 2257 5275 2386 5331; x_wconf 86' lang='lat' dir='ltr'><strong>Cor.</strong></span> <span class='ocrx_word' id='word_1_884' title='bbox 2419 5290 2510 5341; x_wconf 78' lang='lat' dir='ltr'><strong>xv,</strong></span> <span class='ocrx_word' id='word_1_885' title='bbox 2543 5275 2632 5330; x_wconf 68' lang='lat'><strong>49.</strong></span> <span class='ocrx_word' id='word_1_886' title='bbox 2743 5275 2786 5307; x_wconf 77' lang='grc'>⁸³</span> <span class='ocrx_word' id='word_1_887' title='bbox 2822 5275 2837 5328; x_wconf 94' lang='lat' dir='ltr'><strong>l</strong></span> <span class='ocrx_word' id='word_1_888' title='bbox 2871 5273 3031 5330; x_wconf 81' lang='lat' dir='ltr'><strong>Joan.</strong></span> <span class='ocrx_word' id='word_1_889' title='bbox 3060 5290 3154 5338; x_wconf 86' lang='grc' dir='ltr'><em>ιιι,</em></span> <span class='ocrx_word' id='word_1_890' title='bbox 3185 5275 3243 5330; x_wconf 88' lang='grc'><em>8.</em></span> <span class='ocrx_word' id='word_1_891' title='bbox 3317 5273 3363 5305; x_wconf 77' lang='grc'><strong>⁸³</strong></span> <span class='ocrx_word' id='word_1_892' title='bbox 3401 5271 3532 5324; x_wconf 85' lang='lat' dir='ltr'><strong>Ibid.</strong></span> 
     </span>
    </p>
   </div>
   <div class='ocr_carea' id='block_1_114' title="bbox 2053 5457 3539 5532">
    <p class='ocr_par' dir='ltr' id='par_1_114' title="bbox 2053 5457 3539 5532">
     <span class='ocr_line' id='line_1_114' title="bbox 2053 5457 3539 5532; baseline -0.004 -16"><span class='ocrx_word' id='word_1_893' title='bbox 2053 5461 2165 5532; x_wconf 81' lang='lat'><strong>(57)</strong></span> <span class='ocrx_word' id='word_1_894' title='bbox 2198 5465 2412 5517; x_wconf 85' lang='grc' dir='ltr'><em>Αὐτόν.</em></span> <span class='ocrx_word' id='word_1_895' title='bbox 2475 5461 2615 5531; x_wconf 82' lang='lat' dir='ltr'><strong>Lege</strong></span> <span class='ocrx_word' id='word_1_896' title='bbox 2654 5477 2775 5515; x_wconf 89' lang='lat' dir='ltr'><strong>cum</strong></span> <span class='ocrx_word' id='word_1_897' title='bbox 2807 5458 3072 5523; x_wconf 88' lang='lat' dir='ltr'><strong>Bentleio,</strong></span> <span class='ocrx_word' id='word_1_898' title='bbox 3104 5457 3254 5521; x_wconf 86' lang='grc' dir='ltr'><em>αὐτό,</em></span> <span class='ocrx_word' id='word_1_899' title='bbox 3306 5459 3539 5512; x_wconf 84' lang='lat' dir='ltr'><strong>refertur</strong></span> 
     </span>
    </p>
   </div>
   <div class='ocr_carea' id='block_1_115' title="bbox 1980 5535 2489 5604">
    <p class='ocr_par' dir='ltr' id='par_1_115' title="bbox 1980 5535 2489 5604">
     <span class='ocr_line' id='line_1_115' title="bbox 1980 5535 2489 5604; baseline -0.002 -18"><span class='ocrx_word' id='word_1_900' title='bbox 1980 5535 2128 5604; x_wconf 79' lang='lat' dir='ltr'><strong>enim</strong></span> <span class='ocrx_word' id='word_1_901' title='bbox 2151 5535 2216 5586; x_wconf 89' lang='lat' dir='ltr'><strong>ad</strong></span> <span class='ocrx_word' id='word_1_902' title='bbox 2253 5535 2489 5604; x_wconf 84' lang='grc' dir='ltr'><em>σπέρμα.</em></span> 
     </span>
    </p>
   </div>
   <div class='ocr_carea' id='block_1_116' title="bbox 2050 5592 3540 5672">
    <p class='ocr_par' dir='ltr' id='par_1_116' title="bbox 2050 5592 3540 5672">
     <span class='ocr_line' id='line_1_116' title="bbox 2050 5592 3540 5672; baseline -0.005 -17"><span class='ocrx_word' id='word_1_903' title='bbox 2050 5603 2160 5672; x_wconf 81' lang='grc'>(58)</span> <span class='ocrx_word' id='word_1_904' title='bbox 2193 5592 2656 5671; x_wconf 72' lang='grc' dir='ltr'><em>Προσὲῦχεσθαι.</em></span> <span class='ocrx_word' id='word_1_905' title='bbox 2729 5598 2892 5651; x_wconf 86' lang='lat' dir='ltr'><strong>Forte</strong></span> <span class='ocrx_word' id='word_1_906' title='bbox 2945 5596 3254 5664; x_wconf 76' lang='lat' dir='ltr'><strong>legendum,</strong></span> <span class='ocrx_word' id='word_1_907' title='bbox 3307 5592 3540 5663; x_wconf 69' lang='grc' dir='ltr'><em>προσεύ-</em></span> 
     </span>
    </p>
   </div>
   <div class='ocr_carea' id='block_1_117' title="bbox 1979 5672 2157 5742">
    <p class='ocr_par' dir='ltr' id='par_1_117' title="bbox 1979 5672 2157 5742">
     <span class='ocr_line' id='line_1_117' title="bbox 1979 5672 2157 5742; baseline -0.006 -17"><span class='ocrx_word' id='word_1_908' title='bbox 1979 5672 2157 5742; x_wconf 87' lang='grc' dir='ltr'><em>χεσθε.</em></span> 
     </span>
    </p>
   </div>
   <div class='ocr_carea' id='block_1_118' title="bbox 2047 5730 3336 5812">
    <p class='ocr_par' dir='ltr' id='par_1_118' title="bbox 2047 5730 3336 5812">
     <span class='ocr_line' id='line_1_118' title="bbox 2047 5730 3336 5812; baseline -0.011 -14"><span class='ocrx_word' id='word_1_909' title='bbox 2047 5743 2157 5812; x_wconf 74' lang='grc'>(59)</span> <span class='ocrx_word' id='word_1_910' title='bbox 2197 5741 2313 5796; x_wconf 80' lang='grc' dir='ltr'><strong>Τῶν</strong></span> <span class='ocrx_word' id='word_1_911' title='bbox 2340 5742 2538 5808; x_wconf 63' lang='grc' dir='ltr'><em>ἁγίων.</em></span> <span class='ocrx_word' id='word_1_912' title='bbox 2582 5739 2732 5806; x_wconf 74' lang='lat' dir='ltr'><strong>Lt&#39;git</strong></span> <span class='ocrx_word' id='word_1_913' title='bbox 2756 5731 3173 5798; x_wconf 68' lang='lat' dir='ltr'><strong>Bentleius,~.tiw</strong></span> <span class='ocrx_word' id='word_1_914' title='bbox 3201 5730 3336 5784; x_wconf 79' lang='grc' dir='ltr'><em>ὅλων</em></span> 
     </span>
    </p>
   </div>
  </div>
