3974 6160
485 265 589 322 ιει

1946 262 2265 320 ORIGENIS

3617 262 3714 327 ιω

488 383 687 448 dicere,
718 382 796 438 sic
824 383 1137 454 accipienda
1169 391 1296 438 sunt
1343 390 1400 434 ut
1433 381 1641 452 magnis
1666 391 1721 436 et
1751 379 2044 451 spirituali-

2153 379 2320 449 μένας
2349 381 2458 444 τοῖς
2487 379 2872 452 ἁπλουστέροις
2919 381 2976 433 ὲν
3008 380 3157 452 τόπῳ
3207 382 3432 450 φάσκειν
3460 377 3596 437 εἶναι
3628 386 3715 440 τὸν

489 477 590 531 bus
617 478 683 531 de
714 478 821 531 Deo
853 475 1158 531 notionibus
1183 474 1541 539 conveniant;
1592 473 1892 544 cujusmodi
1921 483 2050 528 sunt

490 568 540 622 in
569 567 786 623 Joannis
819 567 1110 637 Evangelia
1139 568 1254 622 haec
1282 568 1446 621 verba
1480 585 1494 621 :
1533 565 1666 621 Ante
1691 567 1827 621 diem
1857 567 2046 636 festum

490 659 712 715 Pascha:
741 662 907 714 sciens
939 659 1095 713 Jews
1126 661 1251 729 quia
1280 661 1414 714 venit
1452 659 1584 714 hora
1620 667 1678 712 ut
1719 668 1952 713 transeat
1982 675 2049 713 ex

486 755 583 807 Itoe
626 753 821 807 mundo
869 753 938 806 ad
991 752 1239 819 Patrem;
1291 769 1409 807 cum
1465 753 1734 808 dilexisset
1782 769 1904 806 suos
1957 754 2046 821 qui

483 855 632 899 erant
677 847 731 897 in
777 846 992 910 mundo,
1041 847 1094 899 in
1141 847 1294 916 ﬁnem
1329 849 1510 901 dilexit
1550 863 1637 901 eos
1659 847 1725 900 ⁸⁸.
1777 847 1841 900 Ει
1887 847 2046 916 paulo

483 945 605 1006 post
639 953 653 989 :
684 935 864 991 Sciens
907 939 1031 1007 quia
1071 939 1247 991 omnia
1291 939 1434 992 dedit
1465 939 1512 992 ei
1548 935 1708 992 Pater
1738 939 1792 991 in
1833 937 2042 999 manus,

479 1037 532 1082 et
573 1027 695 1094 quin
722 1045 753 1081 a
797 1027 905 1082 Deo
948 1029 1101 1082 exivit
1143 1039 1188 1081 et
1219 1027 1380 1100 234
1408 1029 1476 1082 ad
1510 1028 1670 1099 Deum
1706 1029 1845 1081 vadit
1871 1028 1938 1085 ⁸⁸.
1982 1029 2046 1082 Ει

477 1130 600 1192 post
627 1119 732 1172 alia
771 1139 784 1174 :
826 1120 1085 1181 Audistis,
1126 1120 1249 1190 quia
1293 1137 1384 1189 ego
1423 1121 1534 1173 dixi
1581 1122 1723 1174 uobis
1766 1134 1784 1172 :
1820 1119 1964 1173 Vada
1995 1129 2043 1174 et

479 1213 626 1267 venio
663 1213 731 1266 ad
777 1230 883 1266 vos.
937 1211 995 1267 Si
1033 1213 1315 1280 diligeretis
1363 1229 1464 1276 me,
1522 1212 1818 1280 gauderetis
1867 1215 2044 1282 utique

478 1306 604 1370 quia
643 1306 774 1360 vado
806 1304 874 1357 ad
915 1303 1127 1360 Patrem
1151 1305 1216 1359 ⁸⁷.
1265 1305 1332 1359 Et
1361 1305 1554 1358 iterum
1603 1313 1723 1373 post
1761 1305 1863 1357 alia
1895 1307 1921 1358 ἐς
1973 1303 2043 1356 Ει

481 1415 618 1452 nunc
656 1398 790 1452 vado
834 1399 903 1452 ad
935 1416 1052 1452 eum
1090 1400 1178 1468 qui
1207 1399 1346 1451 misit
1389 1414 1490 1463 me,
1530 1408 1577 1450 et
1612 1414 1761 1451 nemo
1797 1413 1858 1452 ea:
1901 1399 2042 1452 vobis

480 1493 777 1560 interrogat
821 1507 942 1546 me:
975 1490 1092 1556 Quo
1122 1491 1268 1544 radis
1293 1491 1380 1545 ⁸⁸⁴ὶ
1414 1489 1470 1546 Si
1519 1491 1660 1544 enim
1689 1491 1803 1545 iure
1832 1491 1900 1546 de
1927 1490 2044 1545 loco

482 1581 794 1651 accipienda
841 1591 990 1644 sunt,
1041 1582 1252 1636 scilicet
1289 1583 1479 1637 eodem
1521 1597 1682 1638 sensu
1728 1583 2042 1652 accipienda

481 1680 642 1725 erunt
667 1679 721 1725 et
748 1672 846 1725 ista
878 1685 893 1724 :
927 1670 1211 1738 Respondit
1252 1673 1408 1726 Jesus
1435 1685 1482 1727 et
1526 1675 1656 1728 dixit
1683 1675 1755 1728 eis
1786 1687 1804 1726 :
1831 1673 1893 1728 Si
1928 1675 2042 1743 quis

479 1762 653 1832 diligit
679 1779 779 1827 me,
824 1780 1115 1818 sermonem
1144 1781 1314 1818 meum
1340 1767 1591 1832 servabit,
1639 1775 1686 1818 et
1715 1766 1875 1820 Pater
1903 1783 2046 1819 meus

481 1857 660 1926 diliget
689 1871 828 1922 eum,
865 1864 912 1908 et
941 1856 1009 1908 ad
1033 1872 1149 1909 eum
1175 1858 1457 1923 veniemus,
1483 1867 1529 1910 et
1554 1857 1878 1910 mansionem
1907 1857 2045 1925 apud

481 1966 600 2004 eum
630 1949 880 2017 faciemus
905 1947 971 1999 ⁸⁵.
1022 1948 1093 2000 At
1146 1962 1249 2000 non
1285 1949 1398 2003 hare
1437 1948 1571 2001 liunt
1619 1949 1685 2002 de
1719 1948 1838 2003 loco
1867 1951 1933 2004 ad
1963 1949 2045 2004 lo-

483 2055 606 2094 cum
652 2037 925 2091 intellecto
958 2038 1187 2090 transitu
1236 2036 1412 2092 Patris
1441 2047 1494 2092 et
1531 2037 1650 2092 Filii
1684 2038 1751 2092 ad
1799 2054 1923 2093 eum
1953 2041 2043 2108 qui

481 2144 783 2182 sermonem
813 2126 938 2182 Jesu
970 2128 1174 2196 diligit;
1205 2143 1336 2197 ergo
1369 2143 1540 2198 neque
1576 2129 1665 2182 illa
1705 2131 1771 2184 de
1803 2129 1920 2184 loco
1951 2146 2045 2185 ac-

479 2220 728 2292 cipienda
757 2229 919 2284 sunt;
967 2220 1062 2275 sed
1095 2220 1251 2274 nobis
1295 2234 1356 2274 se
1401 2229 1773 2291 attemperans
1809 2219 2044 2276 Verbum

479 2312 599 2378 Dei,
631 2321 687 2368 et
734 2327 833 2382 pro
875 2312 1140 2382 dignitate
1189 2327 1285 2367 sua
1333 2312 1571 2381 quandiu
1621 2316 1762 2383 apud
1800 2315 2047 2369 homines

476 2414 583 2468 est,
617 2403 978 2468 humiliatum,
1014 2403 1245 2458 transire
1275 2403 1473 2458 dicitur
1503 2406 1570 2458 de
1602 2405 1706 2460 hoc
1735 2407 1935 2462 mundo
1979 2406 2046 2461 ad

477 2495 720 2561 Patrem,
747 2506 806 2549 ut
835 2505 891 2550 et
921 2509 1018 2548 nos
1041 2493 1150 2548 illic
1183 2495 1481 2562 perlectum
1514 2497 1688 2565 ipsum
1721 2497 2048 2566 contemple-

477 2603 622 2650 mur,
671 2603 701 2642 a
747 2585 1018 2644 vacuitate
1065 2605 1171 2660 qua
1205 2605 1264 2644 se
1311 2589 1450 2660 apud
1482 2603 1579 2643 nos
1618 2589 1927 2653 evacuavit,
1979 2589 2046 2644 ad

476 2680 753 2749 propriam
786 2679 1176 2750 plenitudinem
1231 2698 1539 2748 reversum;
1595 2683 1685 2737 ubi
1735 2693 1790 2738 et
1831 2684 1933 2752 ipsi
1978 2697 2046 2739 eo

475 2773 615 2826 duce
651 2782 869 2828 utentes
899 2774 1231 2844 replebimur
1274 2783 1330 2830 et
1353 2777 1496 2829 omni
1533 2777 1802 2832 vacuitate
1843 2776 2042 2832 libera-

475 2864 674 2918 bimur.
715 2865 894 2919 Abeat
937 2866 1102 2936 igitur
1134 2867 1325 2921 relicto
1361 2868 1559 2922 mundo
1593 2869 1829 2922 Verbum
1855 2868 1948 2922 Dei
1979 2869 2046 2923 ad

479 2971 600 3010 eum
644 2957 736 3027 qui
785 2957 959 3030 ipsum
1007 2959 1180 3023 misit,
1213 2970 1268 3013 et
1315 2961 1382 3014 ad
1413 2960 1630 3015 Patrem
1663 2963 1845 3015 vadat.
1909 2960 2044 3015 Illud

2149 469 2301 535 Θεὸν,
2367 471 2734 542 μεταληπτέον
2782 472 3098 544 πρεπόντως
3146 477 3266 536 ταῖς
3316 474 3578 546 μεγάλαις
3627 482 3715 534 καὶ

2151 567 2544 634 πνευματικαῖς
2585 565 2814 626 ἐννοίαις
2862 566 2989 636 περὶ
3022 565 3156 620 Θεοῦ
3181 583 3194 596 ο
3235 562 3342 621 οἷαί
3371 569 3506 625 εἰσιν
3546 570 3604 624 ἐν
3642 572 3716 643 τῷ

2149 654 2288 710 κατὰ
2334 657 2584 729 Ἰωάννην
2617 652 2776 712 αὗται
2796 675 2809 688 ·
2845 659 2965 727 Πρὸ
3004 659 3072 712 δὲ
3101 659 3208 728 τῆς
3230 661 3441 731 ἑορτῆς
3470 662 3575 717 τοῦ
3606 664 3715 718 πάι

2146 765 2271 818 σχα
2299 749 2467 817 εἰδὼς
2492 753 2524 804 ό
2555 752 2811 818 Ἰησοῦς,
2845 750 2931 804 ὅτι
2957 749 3143 822 ἦλθεν
3183 755 3369 810 αὑτοῦ
3401 758 3438 825 ἡ
3467 755 3589 825 ὣςρα
3620 759 3717 814 ἵνα

2141 839 2367 917 μεταϐῇ
2394 841 2460 894 ἐκ
2493 840 2599 895 τοῦ
2643 845 2873 911 κόσμου
2905 845 3118 898 τούτου
3153 846 3305 913 πρὸς
3332 845 3438 900 τὸν
3468 849 3713 917 Πατέρα,

2145 933 2465 1004 ἀγαπήσας
2496 934 2636 1002 τοὺς
2679 935 2868 1002 ἰδίους
2899 937 3038 1002 τοὺς
3071 938 3140 991 ἐν
3164 939 3243 1004 τῷ
3271 940 3494 1009 κόσμῳ,
3519 943 3606 1004 εις
3629 940 3714 995 τέ-

2143 1029 2254 1092 λος
2297 1027 2618 1097 ἠγάπησεν
2671 1029 2910 1094 αὐτούς.
2957 1031 3069 1083 Καὶ
3099 1030 3214 1100 μετ’
3243 1030 3429 1098 ὀλίγαο
3488 1031 3673 1098 Εἰδὼς
3699 1071 3716 1098 ,
3755 1068 3758 1070 -

2145 1121 2233 1176 ὅτι
2263 1120 2457 1187 πάντα
2481 1121 2703 1175 ἔδωκεν
2729 1121 2889 1187 αὐτῷ
2921 1125 2953 1175 ὁ
2989 1121 3191 1191 Πατὴρ
3227 1124 3314 1190 εὶς
3357 1124 3465 1190 τὰς
3493 1124 3711 1192 χεῖρας,

2144 1215 2242 1268 καὶ
2270 1215 2359 1267 ὅτι
2401 1213 2519 1268 ἀπὸ
2553 1214 2698 1269 Θεοῦ
2723 1213 2963 1282 ἐξῆλθε,
2998 1214 3095 1268 καὶ
3125 1216 3276 1284 πρὸς
3307 1216 3455 1269 Θεὸν
3478 1215 3714 1290 ὑπάγει.

2142 1307 2251 1358 Καὶ
2282 1304 2399 1377 μεθ’
2431 1306 2622 1376 έτεραο
2669 1306 3012 1368 Ἠκούσατε,
3070 1305 3158 1358 ὅτι
3189 1305 3304 1374 ἐγὼ
3332 1303 3503 1360 εἷπον
3539 1307 3712 1376 ὑμῖν·

2155 1397 2375 1466 Ὑπάγω
2407 1397 2504 1450 καὶ
2553 1398 2795 1465 ἔρχομαι
2840 1397 2988 1464 πρὸς
3014 1395 3186 1465 ὑμᾶς.
3227 1399 3294 1450 Ei
3333 1395 3599 1465 ἠγαπᾶτέ
3616 1415 3711 1466 με,

2143 1487 2389 1559 ἐχάρητε
2417 1486 2512 1550 ἂν,
2545 1489 2632 1541 ὅτι
2663 1489 2982 1556 πορεύομαι
3008 1487 3156 1554 πρὸς
3181 1487 3285 1541 τὸν
3309 1488 3556 1556 Πατέρα.
3605 1490 3712 1542 Καὶ

2145 1578 2307 1636 πάλιν
2334 1581 2448 1652 μεθ’
2472 1581 2660 1652 ἕτερα·
2688 1580 2816 1634 Νῦν
2836 1579 2902 1633 δὲ
2925 1580 3130 1650 ὑπάγω
3150 1580 3298 1648 πρὸς
3320 1580 3426 1635 τὸν
3445 1582 3712 1651 πέμψαν-

2145 1672 2219 1727 τά
2259 1691 2354 1744 με,
2389 1672 2486 1726 καὶ
2519 1672 2714 1738 οὐδεὶς
2757 1671 2826 1736 ἐξ
2873 1671 3038 1739 ὑμῶν
3062 1671 3245 1740 ἐρωτᾷ
3270 1690 3367 1741 με,
3409 1673 3535 1726 Ποῦ
3561 1672 3710 1727 ὑπά-

2145 1782 2304 1836 γεις;
2350 1767 2412 1820 Ei
2457 1765 2566 1838 γὰρ
2596 1765 2764 1818 ταῦτα
2798 1765 3036 1827 τοπικῶς
3083 1765 3385 1829 ἐκδεκτέον,
3432 1765 3588 1836 δῆλον
3632 1767 3710 1820 ὅτι

2146 1861 2239 1912 καὶ
2281 1860 2342 1912 τό
2368 1876 2382 1889 ·
2424 1858 2726 1925 Ἀπεκρίθη
2771 1859 2804 1910 ό
2840 1857 3070 1924 Ἰησοῦς
3118 1857 3216 1910 καὶ
3265 1853 3431 1910 εἶπεν
3475 1859 3706 1924 αὐτοῖς·

2157 1953 2290 2007 Ἐάν
2315 1970 2405 2019 τις
2432 1950 2632 2023 ἀγαπᾷ
2673 1967 2768 2020 με,
2809 1951 2915 2004 τὸν
2951 1952 3136 2020 λόγον
3169 1970 3287 2021 μου
3316 1953 3582 2018 τηρήσει,
3616 1952 3710 2004 καὶ

2144 2049 2177 2100 o'
2209 2045 2409 2114 Πατήρ
2450 2063 2569 2116 μου
2615 2041 2912 2114 ἀγαπήσει
2937 2045 3143 2111 αὑτὸν,
3184 2045 3282 2098 καὶ
3331 2043 3480 2111 πρὸς
3529 2045 3710 2098 αὑτὸν

2143 2138 2530 2207 ἐλευσόμεθα,
2576 2140 2674 2192 καὶ
2711 2139 2911 2210 μονὴν
2951 2139 3084 2205 παρ’
3126 2137 3285 2202 αὐτῷ
3326 2140 3708 2206 ποιησόμεθα.

2143 2231 2278 2301 Οὐχὶ
2293 2231 2348 2284 δέ
2374 2248 2436 2298 γε
2457 2231 2628 2284 ταῦτα
2646 2233 2876 2303 τοπικῆς
2894 2230 3244 2302 μεταϐάσεως
3269 2232 3565 2304 νοουμένης
3587 2231 3712 2302 περὶ

2144 2323 2233 2377 τὸν
2266 2323 2485 2395 Πατέρα
2515 2325 2608 2376 καὶ
2633 2325 2726 2378 τὸν
2759 2324 2883 2377 Υίὸν
2909 2324 3044 2395 πρὸς
3070 2325 3159 2377 τὸν
3180 2325 3477 2393 ἀγαπῶντα
3507 2324 3598 2378 τὸν
3630 2325 3712 2378 λό-

2145 2433 2239 2486 γον
2271 2414 2365 2469 τοῦ
2412 2417 2582 2488 Ἰησοῦ
2615 2418 2822 2487 γίνεται
2841 2434 2854 2448 ’
2890 2417 2997 2470 οὐδ’
3026 2417 3133 2487 ἄρα
3163 2418 3400 2481 τοπικῶς
3419 2417 3593 2472 ταῦτα
3624 2421 3710 2472 ἐκ·

2144 2508 2358 2562 δεκτέον
2377 2526 2390 2539 °
2411 2509 2524 2563 ἀλλ’
2546 2512 2575 2562 ὁ
2602 2511 2770 2580 Λόγος
2793 2509 2886 2563 τοῦ
2915 2509 3050 2562 Θεοῦ
3084 2513 3214 2580 ἡμῖν
3245 2511 3709 2579 συγκαταϐαίνων,

2145 2601 2238 2652 καὶ
2269 2600 2344 2664 ῶς
2391 2601 2526 2673 πρὸς
2567 2603 2667 2674 τὴν
2701 2603 2834 2657 ἰδίαν
2871 2601 3048 2666 ἀξίαν,
3095 2604 3181 2656 ὅτε
3229 2605 3377 2676 παρά
3405 2604 3711 2676 ἀνθρώποις

2145 2693 2282 2755 ἐστὶ,
2314 2695 2752 2766 ταπεινούμενος,
2791 2695 3132 2767 μεταϐαίνειν
3163 2695 3378 2764 λέγεται
3407 2695 3513 2767 (40)
3541 2699 3602 2750 ἐκ
3622 2697 3712 2751 τοῦ

2147 2785 2350 2856 κόσμου
2401 2785 2591 2838 τούτου
2641 2786 2777 2858 πρὸς
2827 2787 2920 2840 τὸν
2969 2787 3208 2859 Πατέρα,
3253 2787 3400 2850 ὅπως
3431 2789 3524 2841 καὶ
3555 2789 3714 2859 ἡμεῖς

2147 2875 2320 2930 ἐκεῖθι
2350 2877 2554 2930 τέλειον
2571 2878 2734 2931 αὐτὸν
2747 2877 3067 2949 θεασώμεθα
3080 2879 3186 2933 ἀπὸ
3198 2880 3295 2950 τῆς
3325 2882 3450 2951 παρ’
3473 2881 3602 2950 ἡμῖν
3623 2898 3714 2932 κε-

2146 2971 2386 3042 νότητος,
2415 2973 2481 3042 ἣν
2509 2971 2777 3025 ἐκένωσεν
2819 2972 3028 3036 ἑαυτὸν,
3067 2973 3157 3025 ἐπὶ
3193 2972 3254 3026 τὸ
3285 2973 3408 3026 ἴδιον
3443 2972 3714 3044 πλήρωμα

479 3060 694 3116 quoque
723 3050 866 3136 quod
901 3051 953 3103 in
995 3049 1100 3102 line
1133 3051 1406 3118 Evangelii
1455 3053 1750 3108 secundum
1781 3050 2042 3107 Joannem

2150 3061 2645 3133 παλινδρομοῦνταο
2679 3061 2806 3116 ἔνθα
2839 3063 2932 3116 καὶ
2979 3065 3159 3134 ἡμεῖς,
3192 3063 3336 3135 αὐτῷ
3362 3063 3540 3136 ὁδηγῷ
3569 3063 3714 3135 χρώ-

479 3143 740 3212 seriptum
765 3150 847 3197 est
875 3156 891 3195 :
925 3139 1054 3194 Noli
1085 3159 1165 3196 me
1188 3157 1424 3213 tangere,
1453 3146 1682 3199 nondum
1707 3147 1842 3198 enim
1865 3162 2046 3200 ascen-

480 3233 537 3285 di
577 3233 644 3286 ad
676 3229 890 3288 Patrem
918 3249 1085 3286 meum
1113 3235 1184 3302 '°,
1239 3236 1467 3306 mystice
1519 3239 1691 3307 magis
1749 3237 2047 3307 intelligere

481 3337 811 3392 quteramus,
853 3339 1246 3396 ascensumque
1279 3326 1398 3381 Filii
1436 3329 1502 3382 ad
1548 3328 1764 3382 Patrem
1794 3329 2042 3384 diviniori

481 3417 715 3488 quodam
751 3417 911 3473 modo
954 3433 1074 3472 cum
1103 3430 1292 3474 sancta
1324 3421 1714 3492 perspicuitate
1743 3421 1819 3476 ita
1861 3425 2046 3478 conci-

479 3511 695 3581 piamus
723 3519 783 3565 ut
811 3525 876 3566 eo
915 3525 1142 3566 ascensu
1182 3529 1334 3569 mens
1360 3517 1541 3585 potius
1586 3517 1851 3571 ascendat
1881 3532 2042 3586 quam

475 3619 706 3675 corpus.
746 3604 869 3660 Haec
894 3607 960 3661 de
988 3606 1092 3662 illis
1127 3609 1310 3663 verbis
1342 3624 1355 3662 :
1389 3606 1554 3662 Pater
1590 3621 1762 3663 noster
1787 3610 1880 3680 qui
1911 3627 1964 3666 es
1989 3611 2045 3663 in

479 3697 646 3762 catis,
678 3699 984 3753 accuratius
1017 3701 1338 3770 disputanda
1369 3702 1598 3769 credidi,
1649 3702 1716 3755 ad
1757 3701 2044 3756 tollendam

480 3791 736 3846 humilem
785 3791 852 3845 de
904 3791 1012 3847 Deo
1068 3794 1381 3863 opinionem
1429 3810 1618 3849 eorum
1670 3795 1762 3865 qui
1807 3797 1860 3850 in
1907 3795 2046 3852 coelo

481 3881 654 3948 ipsum
686 3891 745 3935 ut
793 3883 847 3936 in
878 3883 997 3939 loco
1033 3900 1153 3940 esse
1189 3895 1404 3956 putant,
1438 3896 1490 3940 et
1540 3901 1607 3941 ne
1636 3888 1758 3957 quis
1791 3888 1954 3943 Deum
1990 3889 2042 3943 in

481 3985 744 4039 corporeo
783 3987 905 4028 esse
934 3975 1054 4028 loco
1102 3976 1418 4031 arbitretur.
1463 3976 1871 4048 COnsequenler
1899 3980 2046 4034 enim

481 4063 773 4120 dicendqu
825 4075 968 4120 esset
1005 4081 1206 4136 corpus
1233 4069 1410 4137 ipsum
1459 4084 1600 4137 esse,
1639 4072 1780 4125 unde
1807 4087 2048 4142 sequun-

482 4166 572 4214 tur
615 4157 934 4226 impiissima
963 4157 1240 4228 dogmata,
1273 4161 1596 4217 divisihilem
1642 4164 1815 4234 ipsum
1849 4175 1904 4220 et
1929 4182 2046 4220 ma-

481 4253 725 4309 tcrialem
771 4261 825 4308 et
877 4252 1286 4324 corruptibilem
1336 4269 1460 4310 esse
1507 4257 1732 4312 credere
1783 4275 1798 4310 :
1849 4273 2047 4328 corpus

476 4348 624 4403 enim
662 4363 823 4404 ornne
864 4347 1131 4403 divisibile
1166 4357 1248 4404 est
1277 4358 1331 4403 et
1373 4349 1651 4403 tnaleriale
1675 4361 1729 4404 et
1775 4353 2046 4420 corrupti-

481 4443 610 4498 bile.
666 4442 776 4496 Aut
805 4441 990 4495 dicant
1040 4444 1197 4498 nobis
1222 4461 1325 4499 non
1361 4447 1518 4500 vanis
1548 4444 1695 4499 ducti
1737 4443 2038 4510 affectibus,

479 4539 574 4591 sed
605 4539 755 4593 clare
804 4553 864 4592 se
897 4538 1358 4607 comprehendere
1399 4549 1730 4603 asserentes,
1786 4538 1876 4608 qui
1926 4537 2040 4591 ﬁeri

480 4631 649 4697 possit
691 4639 750 4684 ut
781 4631 1003 4685 alterius
1048 4631 1120 4685 sit
1152 4639 1359 4684 natura:
1393 4645 1556 4700 quam
1605 4629 1925 4685 materialis.
1973 4629 2042 4682 At

479 4721 734 4787 quoniam
775 4721 942 4776 multa
971 4737 1159 4774 eorum
1191 4737 1313 4791 quae
1340 4731 1466 4776 ante
1491 4737 1812 4792 corporeum
1836 4721 2038 4776 Christi

480 4810 766 4867 adventum
794 4815 995 4883 scripta
1028 4825 1178 4879 sunt,
1212 4829 1474 4885 corporeo
1496 4815 1665 4869 Deum
1693 4816 1744 4868 in
1776 4813 1894 4870 loco
1920 4828 2043 4868 esse

480 4901 730 4955 videntur
758 4903 961 4966 dicere.
996 4920 1102 4959 non
1135 4905 1264 4959 mihi
1297 4906 1514 4960 videtur
1541 4921 1572 4958 a
1607 4906 1886 4975 proposito
1909 4905 2043 4962 alie-

479 5009 607 5046 nmn
637 5009 703 5048 ex
731 4997 813 5050 his
843 5011 1056 5066 quoque
1087 5015 1255 5068 pauca
1294 5015 1619 5070 proponere,
1659 5011 1717 5055 ut
1765 5003 1946 5058 omnis
1977 5003 2042 5058 iis

479 5083 749 5138 dubitatio
791 5087 1054 5156 eripiatur
1095 5093 1186 5159 qui
1239 5103 1460 5162 propter
1494 5093 1821 5163 imperitiam
1870 5109 2042 5163 quan-

481 5186 594 5230 tum
651 5179 703 5232 in
761 5179 894 5249 ipsis
944 5193 1029 5239 est
1075 5187 1269 5255 exiguo
1324 5193 1380 5239 et
1434 5186 1582 5241 brevi
1646 5185 1764 5241 loco
1814 5187 2042 5242 concluo

479 5271 613 5327 dunt
653 5272 820 5328 Deum
869 5276 1048 5331 omnia
1090 5288 1456 5346 superantem.
1520 5279 1596 5334 Ac
1643 5279 1873 5348 primum
1925 5281 2044 5348 qui-

550 5385 596 5417 "
632 5387 788 5446 Joan.
826 5405 959 5458 xm,
1002 5393 1054 5448 i.
1128 5392 1174 5425 ⁸⁸
1222 5391 1381 5457 ΗΜ..
1430 5393 1486 5450 5.
1561 5393 1606 5426 ⁸⁷
1637 5392 1794 5450 Joan.
1829 5411 1938 5464 xiv,
1976 5397 2070 5452 28.

482 5457 574 5514 l7.

549 5599 660 5668 (ιθ)
705 5599 882 5653 Codex
932 5614 1056 5666 ms.,
1107 5597 1342 5667 λέγεται.
1407 5597 1584 5652 Ειιὶιίο
1637 5595 1837 5663 Οιοιι..
1881 5598 2046 5670 λέγη-

478 5686 661 5811 uti!)
693 5739 819 5796 Post
847 5740 967 5798 τινά
996 5741 1132 5798 forte
1160 5737 1486 5809 addendum,
1513 5737 1740 5793 οἴεσθαι.

2150 3172 2322 3227 μενοι,
2353 3155 2751 3226 πληρωθέντες,
2785 3156 2966 3226 πάσης
2996 3156 3282 3228 κενότητος
3339 3156 3716 3226 ἀπαλλαγησόο

2149 3247 2306 3318 μεθα.
2351 3247 2583 3299 Ἀπιέτω
2603 3246 2781 3300 τοίνυν
2802 3247 2937 3319 πρὸς
2959 3248 3048 3301 τὸν
3069 3247 3356 3319 πέμψαντα
3378 3248 3538 3301 αὑτὸν
3561 3249 3716 3316 ἀφεὶς

2145 3339 2236 3394 τὸν
2262 3339 2463 3410 κόσμον
2491 3340 2518 3391 ὁ
2550 3343 2643 3391 τοῦ
2675 3338 2811 3392 Θεοῦ
2859 3339 3049 3408 Λόγος,
3077 3340 3170 3393 καὶ
3212 3339 3347 3411 πρὸς
3377 3339 3468 3392 τὸν
3498 3340 3716 3412 Πατέρα

2146 3430 2480 3504 πορευέσθω.
2527 3432 2636 3484 Καὶ
2665 3431 2725 3483 τὸ
2754 3431 2846 3483 ἐπὶ
2886 3431 3029 3484 τέλει
3061 3431 3117 3484 δὲ
3161 3431 3254 3485 τοῦ
3285 3431 3426 3486 κατά
3467 3431 3714 3503 Ἰωάννην

2145 3523 2474 3593 Εὑαγγελίου
2495 3539 2508 3553 ·
2541 3523 2633 3586 Μή
2667 3542 2786 3592 μου
2813 3524 3024 3587 ἅπτου,
3057 3525 3222 3578 οὔπω
3248 3524 3357 3593 γὰρ
3381 3524 3716 3592 ἀναϐέϐηκα

2145 3616 2294 3686 πρὸς
2324 3615 2430 3669 τὸν
2454 3615 2685 3683 Πατέρα
2705 3633 2846 3683 μου,
2901 3614 3302 3685 μυστικώτερον
3336 3616 3522 3686 νοῆσαι
3552 3613 3714 3686 ζητή-

2147 3725 2348 3778 σωμεν,
2375 3708 2476 3777 τῆς
2523 3705 2840 3769 ἀναϐάσεως
2890 3705 3026 3778 πρὸς
3057 3705 3149 3760 τὸν
3199 3707 3418 3778 Πατέρα
3460 3705 3557 3760 τοῦ
3586 3704 3714 3759 Υἱοῦ

2146 3799 2611 3871 θεοπρεπέστερον
2649 3799 2765 3870 μεθ’
2783 3799 2945 3867 ἁγίας
2975 3799 3300 3870 τρανότητος
3329 3801 3458 3869 ἡμῖν
3496 3797 3710 3869 νοουμέ-

2145 3909 2260 3962 νης,
2296 3892 2484 3962 ἥντινα
2507 3892 2770 3946 ἀνάϐασιν
2796 3891 2920 3955 νοῦς
2975 3890 3173 3962 μᾶλλον
3221 3891 3497 3945 ἀναϐαίνει
3529 3891 3713 3962 σώμα-

2145 3999 2254 4044 τος.
2282 3981 2464 4034 Ταῦτα
2485 3980 2722 4052 ἡγοῦμαι
2744 3981 3158 4054 συνεξητακέναι
3181 3980 3277 4052 τῷ,
3304 3979 3492 4049 Πάτερ
3529 3980 3713 4051 ἡμῶν,

2147 4077 2179 4128 ό
2209 4075 2278 4126 ἐν
2305 4072 2425 4136 τοῖς
2471 4072 2763 4140 οὐρανοῖς,
2800 4073 2940 4144 ὑπὲρ
2971 4073 3062 4126 τοῦ
3109 4071 3368 4143 ταπεινὴν
3416 4072 3544 4144 περὶ⁵
3581 4071 3714 4125 Θεοῦ

2146 4163 2414 4235 ὑπόληψιν
2458 4162 2564 4218 τῶν
2611 4164 2938 4233 νομιζόντων
2987 4163 3148 4216 αὑτὸν
3197 4158 3336 4216 εἶναι
3382 4162 3621 4224 τοπικῶς
3661 4165 3717 4215 ἐν

2144 4257 2392 4328 οὐρανοῖς
2439 4256 2730 4328 περιελεῖν,
2766 4255 2862 4308 xui.
2898 4255 2971 4324 μὴ
3005 4257 3098 4324 ἐᾷν
3131 4273 3250 4309 τινα
3297 4255 3406 4326 (41)
3437 4257 3494 4308 ὲν
3529 4272 3714 4325 σωμα-

2145 4347 2280 4418 τικῷ
2326 4347 2474 4420 τόπῳ
2523 4343 2661 4402 εἶναι
2708 4348 2798 4400 τὸν
2841 4345 3007 4400 Θεόνο
3054 4348 3176 4400 ἐπεὶ
3224 4348 3396 4419 τούτῳ
3427 4345 3716 4400 ἀκόλουθόν

2148 4443 2261 4495 ἐστι
2290 4442 2382 4495 καὶ
2407 4442 2565 4513 σῶμα
2597 4442 2762 4495 αὐτὸν
2788 4437 2924 4494 εἶναι
2949 4427 3158 4510 λέγειν’
3186 4433 3230 4508 ᾧ
3258 4441 3446 4494 ’έπεται
3477 4440 3721 4509 δόγματα

2146 4535 2502 4600 ἀσεϐέστατα,
2547 4535 2608 4587 τὸ
2649 4533 2938 4607 διαιρετὸν,
2986 4533 3080 4587 καὶ
3111 4533 3321 4591 ὑλικὸν.
3352 4533 3445 4586 καὶ
3482 4532 3717 4604 φθαρτὸν

2148 4626 2308 4679 αὑτὸν
2335 4622 2474 4680 εἶναι
2505 4625 2908 4698 ὑπολαμϐάνειν
2928 4642 2942 4657 ο
2969 4628 3076 4680 πᾶν
3104 4626 3212 4697 γάρ
3247 4626 3407 4696 σῶμα
3446 4623 3714 4696 διαιρετόν

2147 4721 2280 4782 ἐστι,
2318 4722 2410 4774 καὶ
2445 4721 2646 4785 ὑλικὸν,
2682 4721 2773 4774 καὶ
2802 4719 3060 4791 φθαρτόν.
3115 4719 3186 4772 ’Ἦ
3225 4717 3531 4787 λεγέτωσαν
3589 4718 3716 4787 ἡμῖν

2152 4812 2226 4883 μὴ
2252 4812 2696 4876 κενοπαθοῦντες,
2727 4811 2860 4865 ἀλλά
2904 4809 3116 4882 τρανῶς
3147 4809 3580 4879 καταλαμϐάνειν
3614 4807 3714 4875 ed.-

2151 4920 2388 4967 σκοντες,
2424 4903 2538 4966 πῶς
2568 4898 2677 4955 οἷόν
2701 4903 2758 4954 τέ
2787 4905 2933 4954 ἐστιν
2967 4901 3075 4971 (49)
3107 4898 3299 4971 ἐτέρας
3330 4898 3543 4968 φύσεως
3571 4894 3720 4967 παρά

2147 4997 2246 5068 τὴν
2276 4997 2501 5067 ὑλικήν;
2566 4997 2718 5049 Ἐπεὶ
2748 4995 2804 5048 δὲ
2836 4995 2928 5047 καὶ
2959 4994 3065 5066 πρὸ
3093 4993 3193 5063 τῆς
3239 4991 3553 5064 σωματικῆς
3583 4990 3716 5059 Χρι-

2152 5087 2277 5142 στοῦ
2309 5088 2596 5161 ἐπιδημίας
2637 5088 2977 5159 γραμμάτων
3011 5087 3179 5141 πολλά
3230 5085 3290 5139 τὺ
3317 5090 3373 5139 ὲν
3426 5082 3718 5156 σωματικῷ

2151 5184 2301 5254 τόπῳ
2351 5177 2489 5236 εἶναι
2522 5180 2610 5234 τὸν
2639 5180 2770 5233 Θεὸν
2798 5180 2977 5250 λέγειν
3015 5179 3180 5241 δοκεῖ,
3230 5181 3331 5232 οὐκ
3381 5178 3580 5232 ἄτοπόν
3628 5192 3717 5249 μοι

2151 5277 2400 5347 φαίνεται
2429 5275 2584 5339 ὀλίγα
2608 5275 2874 5328 κάκείνων
2907 5271 3268 5345 παραθέσθαι,
3297 5272 3436 5340 ὑπὲρ
3458 5268 3553 5322 τοῦ
3583 5269 3719 5322 πάν-

2145 5393 2192 5427 ⁶⁸
2232 5392 2389 5449 Joan.
2424 5409 2548 5456 χιι,
2601 5392 2656 5446 5.
2730 5393 2775 5422 ⁸⁸
2806 5390 2964 5448 Joau.
3012 5407 3124 5456 xiv,
3165 5389 3255 5443 25.
3331 5385 3377 5417 '°
3407 5384 3564 5440 Joan.
3611 5399 3714 5446 sx,

2149 5600 2344 5726 οἳ
2533 5596 2662 5654 οἶόν
2688 5600 2748 5654 τέ
2775 5599 2962 5654 ἐστιν.
3003 5596 3146 5667 Lego
3177 5611 3302 5652 cum
3331 5593 3595 5661 Bentleio,
3611 5587 3724 5650 πῶς
