3974 6160
297 292 402 356 489

292 506 520 576 σμὸν,τὸ
563 506 684 560 ὅσον
734 509 822 560 ἐπ’
852 510 1056 572 αὐτοῖς,
1108 507 1290 581 μικρῷ
1341 510 1435 562 καὶ
1468 509 1663 582 βραχεῖ
1709 513 1859 583 τόπῳ

286 596 864 667 ἐμπεριλαμδανόντων
892 601 982 652 τὸν
1007 600 1100 652 ἐπὶ
1135 600 1350 654 πάντων
1382 602 1534 655 Θεόν.
1568 605 1679 657 Καὶ
1709 606 1860 677 πρῶ-

283 686 371 738 τόν
404 702 466 754 γε
492 688 549 739 ἐν
573 690 639 758 τῇ
664 689 929 757 Γενέσει,
965 691 1133 760 Ἀδὰμ
1161 692 1260 747 καὶ
1279 695 1427 758 Εὔα,
1461 695 1644 765 φησὶν,
1675 697 1858 766 ἢκου-

283 791 402 828 σαν
449 775 558 844 τῆς
608 778 813 846 φωνῆς
845 782 1066 849 Κυρίου
1113 782 1220 835 τοῦ
1270 784 1418 838 Θεοῦ
1467 787 1860 854 περιπατοῦν-

283 881 382 930 τος
434 867 499 919 τὸ
548 867 813 922 δειλινὸν
857 871 928 924 ἐν
982 870 1064 937 τῷ
1107 872 1450 941 παραδείσῳ
1474 892 1487 905 ·
1544 877 1641 929 καὶ
1688 878 1858 945 ἐκρύ-

281 955 494 1021 ϐησαν,
539 955 574 1008 ὅ
602 973 664 1009 τε
705 957 886 1027 Ἀδὰμ
913 960 1007 1012 καὶ
1040 961 1078 1027 ἡ
1116 959 1270 1029 γυνὴ
1302 961 1488 1015 αὐτοῦ
1518 961 1635 1016 ἀπὸ
1665 977 1854 1031 προσ-

278 1040 438 1095 ώπου
482 1046 706 1110 Κυρίου
744 1047 848 1100 τοῦ
883 1047 1030 1101 Θεοῦ
1062 1048 1131 1107 ὲν
1156 1047 1324 1118 μέσῳ
1360 1050 1468 1105 τοῦ
1500 1049 1693 1115 ξύλου
1745 1051 1852 1106 τοῦ

278 1133 665 1202 παραδείσου.
709 1137 969 1208 Ἐροῦμεν
1001 1139 1138 1210 πρὸς
1186 1140 1313 1202 τοὺς
1353 1141 1433 1204 είς
1478 1141 1604 1204 τούς
1649 1140 1853 1211 θησαυ-

277 1229 399 1298 ροὺς
423 1227 528 1298 τῆς
560 1227 757 1293 λέξεως
799 1229 974 1283 ἐλθεῖν
1009 1230 1083 1302 μὴ
1118 1229 1496 1302 βουλομένους,
1535 1233 1672 1286 ἀλλὰ
1720 1233 1853 1304 μηδέ

273 1323 368 1392 τὴν
399 1322 577 1392 ἀρχὴν
612 1321 905 1392 κρούοντας
935 1323 1034 1393 τὴν
1063 1323 1233 1394 θύραν
1270 1324 1469 1394 αὐτῆς,
1504 1327 1555 1378 εί
1601 1324 1853 1378 δύνανται

275 1413 624 1483 παραστῆσαι
656 1411 857 1484 Κύριον
887 1414 979 1466 τὸν
1005 1414 1136 1467 Θεὸν
1172 1414 1482 1486 πληροῦντα
1510 1415 1600 1469 τὸν
1629 1417 1852 1487 οὐρανὸν

271 1505 360 1558 καὶ
380 1503 484 1574 τὴν
506 1505 629 1573 γῆν,
652 1505 764 1569 τὸν,
789 1505 864 1569 ὡς
886 1507 1037 1559 αὐτοὶ¹
1065 1506 1522 1577 ὑπολαμϐάνουσι,
1542 1505 1855 1577 σωματικῶ-

268 1611 421 1665 τερον
459 1594 674 1666 οὐρανῷ
715 1595 888 1667 θρόνῳ
921 1597 1218 1668 χρώμενον,
1251 1597 1346 1652 καὶ
1374 1600 1441 1670 τῇ
1474 1601 1542 1670 γῇ
1577 1597 1851 1668 ὑποποδίῳ

266 1686 371 1738 τῶν
401 1687 584 1740 ποδῶν
613 1688 797 1752 αὐτοῦ,
839 1691 942 1742 ὑπὸ
972 1690 1112 1742 οὕτω
1147 1689 1374 1760 βραχείᾳ
1407 1689 1516 1761 (45)
1561 1689 1850 1760 συγκρίσει

1522 298 1860 359 LIBELLUS
1897 299 1986 354 DE
2020 297 2388 355 ORATIONE.

289 433 356 469 τα
388 417 760 487 περισπασμδν
801 417 1022 485 ἀφελεῖν
1069 417 1177 471 ἀπὸ
1214 416 1322 471 τῶν
1369 418 1458 471 διὰ
1519 423 1609 477 τὸν
1651 385 1840 477 ,ἰδιωτι-

1961 423 2084 477 dem
2146 424 2201 478 in
2261 421 2454 477 Genesi
2518 421 2716 476 dicitur
2768 437 2782 475 :

3420 303 3528 363 490

2836 419 3006 476 Adam
3062 429 3111 475 et
3169 418 3285 477 Eva
3342 424 3530 477 audie-

1960 523 2082 566 runt
2135 529 2306 567 vocem
2343 511 2558 566 Domini
2597 511 2693 565 Dei
2749 510 3131 565 deambulantis
3183 512 3238 564 in
3277 512 3529 576 paradiso

1959 605 2027 655 ad
2062 618 2363 670 vesperam;
2414 611 2464 656 et
2513 602 2894 656 absconderant
2943 617 2999 654 se
3043 598 3213 653 Adam
3257 611 3306 655 et
3340 600 3530 656 mulier

1958 694 2116 763 235
2150 694 2261 762 ejus
2285 711 2316 745 a
2352 693 2487 761 facie
2521 692 2732 744 Domini
2765 692 2860 744 Dei
2895 693 2947 745 in
2989 692 3161 744 medio
3199 691 3332 761 ligni
3363 708 3528 758 para-

1957 786 2059 838 disi
2082 785 2147 836 ἰ.
2181 783 2637 852 lnterrogabimus
2670 796 2800 852 ergo
2827 797 2921 836 eos
2949 783 3040 849 qui
3079 781 3376 850 Scripturre
3409 781 3522 837 the-

1955 888 2148 929 sauros
2181 873 2387 943 ingredi
2435 873 2652 935 nolunt,
2692 881 2746 926 et
2785 872 3007 939 januam
3055 886 3122 925 ne
3166 872 3378 940 pulsant
3405 871 3521 941 qui-

1955 963 2098 1027 dem,
2131 961 2411 1030 possintne
2440 961 2668 1026 probare
2696 961 2981 1014 Dominum
3011 960 3178 1017 Deum
3206 965 3296 1032 qui
3329 963 3526 1018 cmlum

1952 1062 2008 1109 et
2041 1063 2239 1108 terram
2285 1053 2508 1121 implet,
2543 1053 2662 1116 cui,
2707 1061 2764 1105 ut
2803 1053 2901 1121 ipsi
2939 1054 3279 1120 existimant,
3319 1056 3522 1110 caelum

1953 1145 2253 1213 corporalis
2303 1144 2529 1198 thronus
2577 1152 2662 1197 est
2697 1153 2752 1198 et
2800 1153 2942 1197 terra
2993 1144 3287 1199 scabellum
3328 1146 3523 1216 pedum

1953 1236 2100 1305 ejus,
2145 1246 2252 1291 tam
2303 1237 2486 1301 brevi,
2537 1236 2580 1289 si
2625 1251 2748 1290 cum
2798 1235 3054 1290 universo
3098 1237 3237 1292 ccelo
3283 1248 3337 1292 et
3379 1249 3524 1294 terra

1953 1327 2283 1393 conferatur,
2316 1327 2434 1382 loco
2467 1327 2758 1389 centineri,
2789 1327 2862 1379 ita
2895 1333 2956 1378 ut
2981 1341 3142 1395 quem
3175 1328 3279 1382 sibi
3313 1330 3525 1399 lingunt

1951 1433 2269 1489 corporeum
2317 1419 2664 1485 paradisum,
2713 1418 2852 1472 Deus
2901 1433 3008 1471 non
3051 1418 3307 1486 impleat,
3350 1422 3442 1473 sed
3477 1419 3526 1477 is

1955 1517 2164 1563 tantum
2215 1509 2584 1578 magnitudine
2629 1508 2889 1571 excedat,
2939 1517 2998 1560 ιιι
3040 1508 3204 1562 etiam
3259 1509 3523 1564 deambu-

1953 1601 2154 1656 lantem
2185 1599 2479 1662 contineat,
2511 1613 2788 1667 sonusque
2821 1598 3017 1667 planta:
3049 1601 3244 1667 pedum
3272 1597 3391 1666 ejus
3424 1615 3523 1653 au-

1951 1693 2152 1748 diatur.
2184 1692 2322 1747 lllud
2356 1693 2578 1761 insuper
2621 1691 2675 1745 in
2704 1703 2892 1745 eorum
2914 1691 3194 1760 sententia
3225 1691 3521 1745 absurdius

267 1775 356 1830 τοῦ
389 1778 596 1840 παντὸς
625 1779 856 1849 οὐρανοῦ
889 1781 984 1833 καὶ
1013 1781 1114 1851 τῆς
1142 1782 1244 1852 γῆς
1277 1779 1622 1851 περιέχεσθαι
1659 1781 1840 1844 τόπου,

1949 1791 2033 1838 est
2081 1783 2345 1836 Adamum
2393 1791 2446 1836 et
2501 1782 2663 1836 Evam
2727 1781 2895 1836 Deam
2962 1790 3184 1851 propter
3237 1791 3518 1850 peccatum

265 1868 403 1921 ὥστε
447 1869 513 1922 ὃν
553 1869 991 1940 ὑπολαμϐάνουσι
1047 1871 1356 1942 σωματικὸν
1397 1870 1722 1941 παράδεισον
1772 1871 1846 1942 μὴ

265 1962 673 2032 ὲκπληροῦσθαι
720 1963 824 2015 ὑπὸ
865 1963 958 2016 τοῦ
1007 1963 1163 2026 Θεοῦ,
1208 1963 1343 2017 ἀλλὰ
1387 1962 1623 2033 τοσούτῳ
1678 1963 1844 2016 αὐτοῦ

264 2049 397 2105 εἷναι
434 2053 518 2122 τῷ
553 2053 769 2124 μεγέθει
803 2054 1044 2126 μείζονα,
1073 2055 1148 2118 ώς
1180 2055 1274 2108 καὶ
1304 2055 1706 2126 περιπατοῦντα
1747 2073 1847 2124 χω-

267 2147 379 2214 ρεῖν
424 2146 610 2209 αὑτὸν,
650 2147 987 2218 ἀκουομένης
1017 2148 1197 2218 φωνῆς
1227 2147 1336 2200 ἀπὸ
1365 2147 1465 2217 τῆς
1500 2147 1708 2218 βάσεως
1737 2146 1844 2200 τῶν

265 2239 437 2293 ποδῶν
471 2241 654 2293 αὐτοῦ.
687 2242 808 2293 Ἔτι
843 2241 900 2294 δὲ
942 2242 1061 2293 κατ’
1099 2239 1335 2302 ἐκείνους
1374 2237 1715 2309 ἀτοπώτερον
1759 2238 1839 2300 τὸ,

266 2329 621 2401 αἰδουμένους
645 2331 734 2385 τὸν
763 2332 895 2384 Θεὸν
930 2330 1018 2383 διὰ
1045 2330 1141 2401 τὴν
1174 2329 1503 2400 παράϐασιν,
1538 2330 1630 2382 τὸν
1674 2329 1843 2400 Ἀδὰμ

265 2421 359 2473 καὶ
398 2424 499 2492 τὴν
541 2421 682 2474 Εὕαν
725 2422 1057 2494 κρύπτεσθαι
1103 2423 1213 2475 ἀπὸ
1245 2420 1534 2492 προσώπου
1573 2420 1665 2473 τοῦ
1705 2419 1840 2474 Θεοῦ

263 2514 320 2564 ὲν
347 2513 500 2584 μέσῳ
525 2513 620 2566 τοῦ
647 2513 802 2578 ξύλου
841 2513 934 2565 τοῦ
963 2513 1308 2582 παραδείσου·
1331 2501 1466 2565 ὀὐδέ
1490 2515 1594 2585 γὰρ
1624 2509 1841 2583 λέγεται⁹

259 2602 343 2656 ὅτι
391 2604 510 2669 (44)
556 2602 730 2665 οὕτως
779 2603 1048 2672 ἠθέλησαν
1103 2601 1467 2673 κρύπτεσθαι,
1512 2604 1625 2656 ἀλλ’
1676 2605 1842 2668 ὅντως

260 2693 598 2764 ἐκρύϐησαν.
650 2691 774 2755 Πῶς
823 2693 882 2745 δὲ
934 2694 1052 2746 κατ’
1100 2694 1296 2756 αὐτοὺς
1364 2693 1688 2748 πυνθάνεται
1746 2695 1838 2748 τοῦ

274 2783 451 2852 Ἀδὰμ
475 2785 504 2834 ό
535 2783 686 2846 Θεὸς,
719 2782 911 2850 λέγων,
941 2781 1063 2837 Ποῦ
1103 2778 1189 2844 ei;
1222 2784 1354 2854 Περὶ
1395 2783 1599 2836 τούτων
1637 2784 1692 2837 δὲ
1723 2785 1842 2837 ἐπι-

257 2875 445 2928 πλείον
475 2874 846 2944 διειλήφαμεν,
872 2873 1210 2938 ἐξετάζοντες
1233 2875 1300 2928 τὰ
1328 2877 1408 2937 είς
1429 2876 1529 2945 τὴν
1554 2875 1834 2929 Γένεσιν·

258 2966 400 3038 πλὴν
445 2965 538 3018 καὶ
585 2964 700 3028 νῦν,
749 2965 834 3017 ἵνα
869 2964 942 3035 μὴ
993 2965 1174 3017 τέλεον
1220 2968 1730 3036 παρασιωπήσωμεν
1777 2965 1840 3019 τὸ

257 3056 575 3127 τηλικοῦτον
626 3055 937 3126 πρόϐλημα,
975 3055 1266 3123 αὐτάρκως
1310 3055 1835 3126 ἀναμνησθησόμεοα
1863 3092 1904 3148 C

258 3147 376 3212 τοῦ,
421 3147 737 3212 Ἐνοικήσω
784 3147 853 3199 ἐν
883 3145 1088 3212 αὐτοῖς
1120 3146 1215 3199 καὶ
1265 3145 1720 3214 ἐμπεριπατήσω
1764 3147 1834 3200 ἐν

258 3239 488 3303 αὐτοῖς,
514 3237 804 3308 λεγομένου
837 3239 894 3290 ἐν
935 3237 1366 3305 Δευτερονομίῳ
1392 3236 1496 3289 ὐπὸ
1538 3236 1631 3290 τοῦ
1672 3237 1826 3291 Θεοῦ.

271 3331 490 3390 ὐποῖος
533 3328 638 3398 γὰρ
670 3325 832 3379 αὐτοῦ
865 3329 893 3379 ὁ
922 3327 1219 3398 περίπατος
1258 3328 1315 3378 ἐν
1342 3329 1454 3388 τοῖς
1493 3327 1687 3395 ἁγίοις,
1718 3345 1830 3380 τοι-

256 3420 416 3483 οῦτός
442 3437 527 3482 τις
567 3420 659 3472 καὶ
687 3422 742 3472 ἐν
779 3417 854 3488 τῷ
906 3417 1240 3489 παραδείσῳ,
1274 3416 1648 3486 κρυπτομένου
1701 3417 1832 3472 Θεὸν

257 3511 350 3564 καὶ
403 3509 696 3580 φεύγοντος
737 3509 832 3579 τὴν
887 3509 1191 3577 ἐπισκοπὴν
1225 3508 1410 3573 αὐτοῦ,
1459 3509 1551 3561 καὶ
1600 3507 1846 3576 ἀφιστατ

259 3602 423 3673 μένου
467 3602 564 3671 τῆς
600 3599 910 3672 παρρησίας
957 3600 1069 3670 (45)
1115 3599 1312 3662 παντὸς
1361 3598 1456 3652 τοῦ
1495 3599 1831 3669 ἁμαρτάνον-

253 3710 342 3757 τος
362 3710 375 3723 °
407 3691 554 3746 οὕτω
583 3692 690 3762 γὰρ
738 3694 832 3745 καὶ
863 3690 1014 3744 Κάϊν
1042 3689 1300 3760 ἐξῆλθεν
1339 3688 1457 3743 ἀπὸ
1510 3687 1831 3757 προσώπου

253 3785 358 3838 τοῦ
419 3782 592 3846 Θεοῦ,
650 3783 746 3835 καὶ
783 3780 1023 3850 ᾤκησεν
1065 3782 1135 3835 ἐν
1190 3779 1266 3852 γῇ
1319 3779 1466 3834 Ναῒδ
1519 3781 1832 3835 κατέναντι

265 3875 455 3946 Ὲδέμ.
495 3877 580 3939 Ὠς
608 3871 699 3929 οὖν
725 3876 781 3928 ἐν
806 3878 918 3938 τοῖς
968 3874 1142 3943 ἁγίοις
1171 3875 1389 3936 ἐνοικεῖ,
1419 3873 1590 3937 οὕτως
1633 3875 1726 3927 καὶ
1772 3875 1832 3928 ἐν

251 3969 492 4041 οὐρανῷ,
537 3970 654 4040 ἤτοι
690 3969 850 4021 ποιντὶ¹
886 3968 1027 4038 ἁγίῳ
1069 3968 1160 4019 καὶ
1210 3967 1461 4038 φοροῦντι
1503 3965 1598 4036 τὴν
1627 3967 1833 4020 εἰκόνα

252 4062 355 4115 τοῦ
387 4061 775 4128 ἐπουρανίου,
804 4059 837 4128 ἢ
877 4058 954 4128 τῷ
980 4057 1198 4128 Χριστῷ
1237 4061 1294 4110 ἐν
1325 4053 1369 4125 ᾧ
1406 4060 1509 4110 εἰσι
1553 4058 1750 4120 πάντες
1780 4058 1829 4110 οἱ

253 4152 552 4223 σωζόμενοι
609 4150 893 4220 φωστῆρες
933 4150 1026 4202 καὶ
1076 4149 1304 4221 ἀστέρες
1349 4150 1440 4202 τοῦ
1479 4149 1743 4220 οὐρανού’
1795 4149 1828 4219 ἢ

253 4245 342 4297 καὶ
367 4244 460 4298 διὰ
508 4243 634 4305 τούς
671 4240 780 4312 (46)
809 4242 868 4292 ἐν
893 4238 1104 4310 οὐρανῷ
1130 4239 1318 4306 ἁγίους
1361 4241 1621 4293 κατοικεῖ.
1653 4237 1726 4290 Τὸ
1755 4241 1834 4292 εἰ·

257 4337 517 4408 ρημένον·
571 4334 728 4402 Πρὸς
775 4333 850 4385 σὲ
881 4326 995 4402 ᾖρα
1033 4330 1173 4395 τοὺς
1205 4329 1548 4398 ὀφθαλμούς
1581 4346 1693 4390 ιιου
1726 4329 1832 4384 τὸν

1949 1887 2104 1928 suum
2161 1872 2520 1929 formidantes
2574 1873 2911 1928 abscondere
2957 1887 3016 1927 se
3048 1887 3079 1926 a
3127 1871 3268 1927 faeie
3313 1872 3407 1928 Dei
3463 1875 3519 1927 in

1948 1963 2124 2017 medio
2163 1962 2294 2032 ligni
2327 1963 2604 2032 paradisi:
2639 1978 2745 2018 non
2783 1965 2929 2018 enim
2977 1965 3236 2018 dicuntur
3276 1965 3520 2020 voluisse

1946 2067 2006 2108 se
2035 2056 2115 2108 sie
2149 2055 2498 2118 abscondere,
2531 2055 2629 2108 sed
2664 2069 2852 2108 revera
2894 2053 3244 2108 abscondisse
3277 2068 3353 2108 se.
3382 2052 3515 2108 Item

1946 2145 2215 2214 quomodo
2255 2144 2410 2213 juxta
2453 2145 2571 2199 illos
2609 2145 2913 2214 interrogat
2943 2145 3208 2198 Adamum
3246 2145 3384 2199 Deus
3428 2145 3513 2198 di-

1945 2249 2075 2290 cens
2116 2253 2128 2289 :
2175 2233 2275 2288 Ubi
2321 2237 2418 2291 es?
2475 2235 2599 2290 Haec
2656 2235 3017 2292 tractavimus
3065 2237 3342 2306 copiosius
3391 2251 3515 2290 cum

1943 2340 2326 2380 enarraremus
2377 2326 2671 2391 Genesim;
2724 2341 2869 2382 nunc
2917 2342 2984 2381 ne
3037 2335 3241 2381 tantam
3294 2328 3514 2384 silentio

1943 2417 2300 2486 quaestionem
2347 2416 2572 2470 omnino
2611 2426 3025 2484 praetereamus,
3053 2416 3284 2471 sufﬁciet
3323 2419 3367 2471 si
3405 2432 3516 2472 me-

1945 2508 2263 2563 minerimus
2297 2508 2458 2576 hujus
2509 2508 2794 2563 sententiae
2836 2524 2850 2561 :
2889 2507 3153 2562 Habitabo
3190 2510 3244 2561 in
3287 2509 3418 2576 ipsis
3462 2518 3514 2562 et

1943 2601 2277 2654 inambulabo
2321 2603 2375 2653 in
2419 2601 2547 2668 ipsis
2565 2600 2635 2666 ⁸³,
2659 2615 2782 2668 qua
2815 2614 2844 2654 a
2877 2601 2986 2655 Deo
3020 2602 3072 2654 in
3111 2601 3512 2657 Deuleronomio

1943 2692 2234 2761 profertur.
2264 2692 2451 2758 Qualis
2482 2692 2624 2745 enim
2665 2692 2782 2760 ejus
2813 2691 3184 2747 deambulatio
3219 2693 3272 2746 in
3303 2696 3512 2749 sanctis

1941 2793 2046 2848 est,
2093 2784 2216 2837 talis
2257 2793 2313 2838 et
2346 2784 2397 2837 in
2430 2785 2717 2852 paradiso;
2753 2797 2874 2836 cum
2918 2797 2948 2836 a
2985 2783 3092 2837 Deo
3123 2784 3419 2839 abscondat
3454 2800 3514 2840 se

1939 2874 2168 2944 ejusque
2217 2876 2610 2944 inspectionem
2647 2873 2822 2942 fugiat
2861 2883 2916 2928 et
2963 2874 3030 2929 ab
3060 2875 3176 2944 ejus
3216 2875 3506 2943 prresentia

1943 2970 2158 3043 recedat
2176 2968 2484 3036 quicunque
2509 2976 2715 3036 peccat.
2744 2966 2837 3021 Sic
2861 2966 3005 3021 enim
3030 2976 3084 3020 et
3107 2965 3241 3019 Cain
3269 2983 3507 3035 egressus

1941 3069 2013 3111 est
2045 3041 2085 3108 ἀ
2113 3041 2256 3123 facie
2303 3054 2397 3108 Dei
2440 3067 2487 3108 et
2539 3056 2791 3109 habitavit
2845 3056 2898 3109 in
2941 3067 3082 3109 terra
3130 3053 3270 3109 Nwd
3319 3066 3503 3108 contra

1939 3149 2103 3202 Edem
2123 3149 2188 3201 ⁸³.
2228 3147 2294 3202 Ut
2325 3148 2487 3217 igitur
2511 3149 2562 3201 in
2590 3150 2795 3202 sanctis
2822 3148 3050 3212 habitat,
3080 3149 3159 3203 sic
3182 3158 3236 3203 et
3263 3149 3316 3202 in
3346 3147 3505 3214 ςωίο,

1935 3239 2052 3293 sive
2094 3239 2220 3292 illud
2255 3238 2326 3292 sit
2354 3239 2582 3306 quilibet
2618 3249 2840 3294 sanctus
2871 3249 2927 3294 et
2955 3250 3183 3309 portans
3221 3241 3506 3310 imaginem

1935 3327 2173 3391 caleslis,
2217 3329 2330 3381 sive
2377 3328 2627 3382 Christus
2661 3328 2717 3382 in
2759 3343 2866 3398 quo
2911 3329 3202 3383 luminaria
3250 3339 3305 3383 et
3355 3339 3506 3386 astra

1934 3418 2055 3472 εαξΙί
2091 3427 2219 3471 ειιιιι
2251 3434 2443 3473 omnes
2465 3423 2552 3486 qui
2588 3419 2866 3472 salvantur
2893 3437 2908 3473 :
2941 3435 3032 3475 seu
3067 3422 3212 3485 quod
3247 3421 3416 3476 sancti
3449 3421 3504 3476 in

1933 3510 2072 3564 coelo
2107 3510 2376 3563 habitent.
2419 3509 2571 3575 Quod
2618 3520 2796 3563 autem
2848 3510 3048 3564 dicitur
3083 3526 3096 3563 :
3136 3511 3218 3563 Ad
3256 3521 3302 3564 te
3344 3511 3505 3567 levavi

1933 3600 2112 3653 oculos
2143 3615 2283 3652 meos
2325 3601 2413 3667 qui
2445 3600 2654 3653 habitas
2682 3601 2738 3652 in
2770 3599 2896 3652 caelo
2919 3600 2996 3665 θδς
3037 3609 3089 3653 et
3117 3602 3259 3668 quod
3304 3602 3355 3653 in
3402 3600 3507 3654 Ec-

1933 3692 2183 3747 clesiaste
2232 3693 2461 3746 habetur
2496 3710 2508 3743 :
2553 3691 2684 3745 Noli
2733 3691 2987 3759 festinare
3025 3693 3092 3744 ad
3133 3691 3504 3760 proferendum

1932 3784 2138 3838 verbum
2169 3783 2222 3838 in
2251 3791 2526 3851 conspectu
2549 3782 2678 3846 Dei;
2713 3783 2837 3852 quia
2865 3781 3000 3835 Deus
3026 3784 3078 3834 in
3115 3781 3240 3834 melo
3265 3798 3500 3847 sursum,

1931 3886 1978 3928 et
2011 3885 2070 3928 tu
2105 3891 2261 3943 super
2301 3884 2496 3928 terram
2525 3873 2769 3928 deorsum
2789 3873 2856 3939 ’³,
2889 3873 3130 3927 iudicare
3167 3871 3274 3926 vult
3301 3886 3502 3942 quanta

1931 3967 2004 4022 sit
2045 3968 2112 4021 ab
2158 3967 2222 4022 iis
2269 3967 2360 4036 qui
2417 3975 2548 4022 sunt
2596 3966 2652 4019 in
2691 3979 2908 4034 corpore
2970 3963 3292 4018 humilitatis
3325 3965 3372 3998 ⁸⁸
3417 3966 3502 4019 di—

1931 4059 2131 4114 stantia
2163 4060 2228 4112 ad
2262 4059 2412 4113 illum
2462 4058 2556 4127 qui
2599 4067 2683 4112 est
2717 4060 2856 4125 apud
2902 4057 3124 4126 angelos
3163 4055 3256 4125 qui
3303 4064 3358 4109 et
3399 4056 3502 4125 ipsi

1933 4151 2092 4206 Verbi
2116 4151 2313 4205 auxilio
2336 4150 2666 4212 exaltantur,
2691 4158 2744 4204 et
2770 4149 2909 4217 apud
2935 4158 3151 4202 sanctas
3182 4154 3499 4217 potestates,

1930 4242 2013 4296 vel
2049 4244 2188 4312 apud
2228 4243 2399 4311 ipsum
2444 4241 2741 4296 Christum.
2787 4237 2969 4306 Neque
3016 4238 3164 4290 enim
3206 4237 3498 4291 absurdum

1930 4345 2014 4392 est
2047 4337 2197 4389 illum
2229 4349 2347 4389 esse
2398 4335 2617 4404 prOprie
2668 4333 2925 4386 thronum
2973 4328 3172 4391 Patris,
3212 4326 3497 4397 allegoria-

254 4426 644 4482 κατοικοῦντα
665 4426 734 4478 ἐν
761 4423 840 4489 τῷ
863 4421 1095 4490 οὐρανῷ
1113 4439 1127 4453 '
1165 4421 1258 4475 καὶ
1289 4421 1348 4475 τὸ
1382 4423 1438 4475 ἐν
1467 4420 1545 4492 τῷ
1588 4422 1830 4488 Ἐκκλη-

1939 4445 2044 4498 que
2091 4426 2282 4494 majori
2328 4426 2526 4480 coelum
2574 4423 2721 4486 dici;
2777 4420 3077 4475 Ecclesiam
3123 4432 3252 4473 vero
3294 4427 3496 4472 terram

256 4518 480 4588 σιαστῇ
509 4519 598 4572 δέ·
636 4517 732 4586 Μὴ
787 4517 1065 4584 σπεύσῃς
1093 4514 1431 4584 ἐξενεγκεῖν
1476 4517 1663 4584 λόγον
1707 4515 1821 4582 πρὸ

257 4611 578 4684 προσώπου
600 4610 705 4664 τοῦ
732 4609 878 4662 Θεοῦ
898 4625 910 4637 ·
928 4606 1016 4660 ὅτι
1035 4610 1068 4661 ό
1091 4604 1234 4671 Θεὸς
1253 4606 1322 4659 ἐν
1335 4605 1414 4671 τῷ
1426 4603 1657 4674 οὐρανῷ
1677 4605 1820 4669 ἅνω,

256 4707 350 4759 καὶ
384 4705 466 4759 σὺ
493 4705 590 4758 ἐπὶ
633 4703 746 4772 γῆς
776 4700 963 4755 κάτωο
999 4698 1273 4769 διάστημα
1302 4697 1544 4768 βούλεται
1583 4697 1823 4770 δηλῶσαι

259 4797 364 4848 ἀπὸ
393 4796 499 4849 τῶν
529 4797 695 4849 ὅντων
737 4795 793 4846 ἐν
822 4791 900 4862 τῷ
939 4789 1146 4862 σώματι
1175 4791 1273 4861 τῆς
1305 4789 1679 4854 ταπεινώσεως
1719 4790 1824 4855 ἕως

257 4885 352 4938 τοῦ
380 4886 529 4956 παρὰ
556 4889 666 4948 τοῖς
695 4882 1013 4954 ὑψουμένοις
1038 4882 1140 4934 ὑπὸ
1168 4882 1267 4952 τῆς
1300 4881 1564 4951 ὡφελείας
1601 4883 1693 4935 καὶ
1727 4881 1821 4934 τοῦ

258 4976 430 5044 Λόγου
461 4976 705 5043 ἀγγέλοις
736 4975 829 5027 καὶ
852 4973 1139 5043 δυνάμεσιν
1161 4972 1341 5041 ἁγίαις
1371 4973 1403 5044 ἢ
1433 4973 1576 5043 αὐτῷ
1607 4973 1717 5043 (47)
1747 4973 1823 5043 τῷ

257 5067 476 5139 Χριστῷ
495 5085 507 5097 ·
549 5068 608 5119 οὐ
638 5066 742 5138 γὰρ
769 5067 965 5120 ἄτοπον
996 5065 1156 5118 αὑτὸν
1184 5066 1281 5133 μὲν
1311 5061 1448 5118 εἶναι
1476 5065 1679 5136 κυρίως
1710 5065 1826 5137 θρό-

257 5181 344 5218 νον
375 5163 479 5217 τοῦ·
511 5161 747 5232 Πατρὸς,
793 5157 1294 5231 ἀλληγορικώτερον
1344 5157 1570 5230 οὐρανὸν
1625 5157 1820 5210 καλού-

327 5257 370 5288 ⁹³
400 5255 532 5310 Ονιι.
575 5269 671 5317 ιιι,
715 5253 767 5306 8.
845 5253 892 5284 ⁹²
925 5254 1077 5308 Deut.
1129 5266 1306 5316 mu,
1347 5249 1453 5315 ﬂ;

285 5342 337 5392 ν,
385 5328 430 5379 ι.
509 5327 556 5357 οι
594 5324 790 5392 Philip.
823 5324 1033 5386 "1,21.

327 5419 436 5494 μᾷ)
477 5419 755 5494 Βραχείᾳ.
786 5415 931 5494 Lego
957 5431 1076 5494 cum
1099 5413 1358 5494 Bentleio,
1377 5405 1626 5494 gpaxe'os.

328 5484 436 5558 (44)
476 5484 654 5543 omnes
688 5501 814 5558 ιιιε.,
842 5488 942 5558 ὅτι.
980 5486 1120 5538 Ειιίι.
1149 5484 1348 5558 Oxon:
1373 5484 1502 5558 ὅτε..

330 5549 436 5628 (45)
473 5557 838 5626 Παρῤησίας.
911 5556 1053 5624 Lego
1105 5565 1226 5605 cum
1297 5549 1564 5610 Bentleio,
1607 5561 1812 5615 παρου-

265 5629 440 5771 digii)
481 5697 584 5752 Διά
627 5697 788 5760 τούς,
821 5706 926 5749 etc.
962 5685 1523 5757 Bentleiusiegendum
1572 5680 1815 5750 conjicit,

552 5793 830 5852 ΡΑτιιοι.
861 5787 977 5848 Gtt.
1008 5783 1118 5846 XI.

1525 5243 1570 5300 ιι
1598 5247 1724 5303 Cor.
1755 5263 1804 5302 Vl
1830 5289 1845 5314 ,
1887 5249 1973 5303 l6.

1931 4517 2113 4572 vocari
2159 4527 2214 4570 et
2253 4514 2542 4570 scabellum
2574 4529 2694 4567 esse
2724 4512 2916 4582 pedum
2949 4509 3138 4580 ipsius.
3173 4509 3296 4564 Haec
3325 4521 3524 4576 pauca"

1929 4625 1996 4666 ex
2041 4610 2222 4664 Veteri
2273 4608 2623 4663 Testamento
2679 4602 2976 4673 adjeeimus
3026 4602 3175 4666 loca,
3223 4616 3341 4669 qum
3393 4616 3495 4670 pu-

1877 4701 1890 4709 “
1931 4708 2113 4754 tantur
2147 4701 2313 4754 Deum
2347 4698 2398 4752 in
2431 4696 2550 4751 loco
2587 4693 2952 4756 constituere,
2989 4700 3048 4744 ut
3093 4691 3256 4761 236
3301 4690 3492 4745 lectori

1929 4791 2242 4848 omnimodo
2289 4804 2387 4858 pro
2434 4801 2694 4843 concessa
2748 4782 2907 4838 nobis
2959 4780 3219 4835 facultate
3270 4795 3496 4849 persua-

1929 4883 2152 4939 deamus
2197 4880 2372 4936 altiori
2403 4888 2460 4933 et
2508 4875 2776 4947 spirituali
2836 4875 3007 4944 magis
3055 4887 3214 4927 sensu
3281 4885 3491 4925 sacram

1927 4977 2174 5044 accipere
2205 4973 2568 5042 Seripturam,
2612 4984 2733 5022 cum
2772 4964 3040 5019 videbitur
3071 4964 3122 5015 in
3163 4961 3280 5014 loco
3325 4959 3492 5013 Deum

1927 5081 2049 5123 esse
2106 5067 2323 5120 docere.
2380 5063 2507 5118 Haec
2555 5074 2640 5114 me
2699 5059 2880 5113 decuit
2950 5055 3227 5124 disputare
3274 5052 3340 5104 ad
3405 5050 3492 5105 illa

1927 5159 2136 5212 verba:
2173 5154 2334 5209 Pater
2384 5163 2581 5216 noster,
2615 5152 2707 5222 qui
2758 5166 2812 5203 es
2846 5149 2903 5202 in
2948 5145 3109 5209 caelis,
3155 5152 3214 5198 ιιι
3261 5142 3352 5195 Dei
3406 5157 3494 5196 es-

2072 5249 2120 5282 ”
2154 5248 2293 5304 Gen.
2323 5263 2398 5312 tv,
2450 5245 2536 5300 16.
2645 5244 2690 5275 ⁸⁸
2722 5241 2868 5297 Psal.
2899 5252 3078 5302 cun,
3115 5237 3168 5290 1.
3245 5230 3482 5284 "Ecele.

1920 5408 2009 5462 διὰ
2061 5408 2120 5462 τὸ
2165 5411 2223 5462 ὲν
2271 5407 2486 5479 οὐρανῷ
2535 5405 2724 5474 ἁγίους
2781 5403 3073 5456 κατοικεῖν.
3123 5395 3198 5450 Τὸ
3244 5394 3288 5446 δ’
3335 5394 3484 5464 εἰρη-

1925 5479 2105 5618 μέἷὲζί
2150 5549 2219 5603 Ἡ
2240 5547 2416 5614 αὐτῷ.
2449 5546 2540 5603 Sic
2569 5546 2738 5602 codex
2766 5557 2867 5597 ms.
2893 5539 3070 5593 Editio
3103 5545 3281 5589 autem
3314 5529 3487 5586 Oxon.

1923 5620 2124 5685 omisit,
2152 5620 2208 5688 ἡ.

3104 5758 3177 5819 16
