3974 6160
500 291 602 348 491
1969 291 2050 348 0B

2156 292 2290 347 ENIS
3640 298 3752 354 ιω

500 409 736 466 sentiam
796 420 825 459 a
887 404 1050 459 rebus
1115 404 1363 459 omnibus
1432 403 1628 470 genitis
1702 418 2040 458 secernerem

2174 422 2351 476 μενον,
2394 407 2489 478 τὴν
2521 408 2577 461 δὲ
2622 410 2945 481 Ἐκκλησίαν
2988 409 3153 463 αὑτοῦ
3200 410 3302 480 γῆν
3344 408 3751 482 ὀνομαζομένην

499 503 711 569 Quibus
741 500 886 556 enim
931 515 1035 555 non
1072 498 1456 562 communicat,
1498 497 1549 550 in
1582 511 1676 550 eos
1722 496 1889 566 gloria
1927 512 2050 565 quae

2174 498 2462 551 ὑποπόδιον
2501 502 2792 571 τυγχάνειν
2838 501 2944 554 τῶν
2986 501 3159 554 ποδῶν
3196 500 3380 557 αὑτοῦ.
3423 500 3750 572 Προστεθει-

499 595 626 649 dam
666 593 759 649 Dei
798 603 852 649 et
892 595 1064 647 virtus
1098 591 1214 659 ejus
1240 598 1327 654 et,
1377 595 1436 642 ut
1476 590 1548 642 ita
1584 588 1785 651 dicam,
1836 585 2050 641 ellluxut

2171 605 2345 659 κάμεν
2372 589 2436 661 δὴ
2484 590 2640 659 ὀλίγα
2682 592 2905 663 καὶτῆς
2952 592 3190 656 παλαιᾶς
3247 590 3523 663 Διαθὴκης
3574 593 3746 663 ῥητά,

500 685 801 740 divinitatis
826 684 1122 738 derivatur.

2167 678 2498 750 νομιζόμενα
2527 684 2584 735 ὲν
2611 684 2762 753 τόπῳ
2790 683 3142 754 παριστάνειν
3170 682 3280 754 (48)
3305 683 3400 736 τὸν
3424 683 3574 746 Θεὸν,
3605 683 3749 755 ὑπὲρ

495 776 591 832 τοῦ
633 774 890 828 πάντοθεν
942 771 1082 827 κατά
1140 772 1240 844 τὴν
1284 769 1563 841 διδομένην
1620 770 1750 839 ἡμῖν
1794 767 2021 839 δύναμιν
2076 771 2261 823 πεῖσαι
2307 771 2398 825 τὸν
2444 772 2854 843 ἐντυγχάνοντα,
2900 773 3228 845 ὑψηλότερον
3248 772 3341 827 καὶ
3363 772 3749 844 πνευματικώ-

493 888 649 943 τερον
682 868 898 923 ἀκούειν
926 868 1024 939 τῆς
1066 867 1215 930 θείας
1244 865 1494 937 Γραφῆς,
1532 864 1658 918 ὅταν
1689 863 1818 935 δοκῇ
1846 866 1903 917 ὲν
1949 864 2100 932 τόπῳ
2131 862 2399 919 διδάσκειν
2433 864 2571 919 εἶναι
2597 868 2688 920 τὸν
2744 867 2895 921 Θεόν.
2929 868 3175 938 Ἔπρεπε
3193 864 3438 919 δὲταῦτα
3463 866 3745 932 συνεξετα-

495 963 683 1034 σθῆναι
734 958 832 1029 τῷ,
873 957 1065 1026 Πάτερ
1104 956 1291 1026 ἡμῶν,
1332 958 1364 1009 ό
1409 956 1479 1008 ἐν
1532 953 1655 1018 τοῖς
1689 952 1994 1019 οὐρανοῖς
2047 954 2210 1006 οἱονεὶ
2262 954 2492 1025 ἀφιστὰς
2545 957 2645 1027 τὴν
2699 956 2882 1009 οὐσίαν
2921 953 3016 1008 τοῦ
3067 955 3201 1009 Θεοῦ
3236 955 3343 1009 ἀπὸ
3390 955 3605 1009 πάντων
3634 955 3748 1008 τῶν

489 1050 759 1137 γεννητῶν
779 1068 793 1081 ο
823 1046 902 1112 οἷς
934 1050 1042 1121 γάρ
1066 1050 1127 1102 οὑ
1155 1048 1426 1111 κοινωνεῖ,
1454 1047 1636 1108 αὑτοῖς
1677 1044 1801 1110 δόξα
1832 1063 1913 1110 τις
1959 1045 2093 1099 Θεοῦ
2121 1046 2214 1101 καὶ
2240 1047 2467 1118 δύναμις
2504 1048 2689 1114 αὑτοῦ,
2719 1050 2842 1113 καὶ,
2882 1050 2946 1102 ἵν’
2978 1049 3150 1114 οὓτως
3184 1049 3343 1114 εἴπω,
3375 1048 3621 1120 ἀπορροὴ
3646 1048 3746 1119 τῆς
3770 1080 3773 1083 -

488 1145 735 1214 θεότητος
771 1142 1041 1210 ἐγγίνεται
1080 1141 1277 1204 αὑτοῖς.

555 1238 648 1291 24.
685 1235 1057 1304 Sanctiﬁcetur
1086 1250 1271 1288 nomen
1302 1241 1469 1289 tuum.
1501 1232 1626 1287 Sive
1657 1233 1895 1289 declaret
1923 1248 2056 1287 non-

481 1329 617 1399 .dum
645 1328 909 1397 obtigisse
936 1327 1039 1381 sibi
1084 1325 1136 1379 id
1168 1340 1265 1394 pro
1296 1341 1404 1394 quo
1433 1335 1575 1389 orat,
1604 1326 1721 1380 sive
1750 1325 1859 1378 voti
1905 1339 2057 1379 eom-

487 1429 609 1483 pos,
643 1415 694 1467 id
724 1417 864 1482 quod
895 1428 998 1467 non
1031 1421 1333 1482 permanet,
1381 1423 1530 1481 petat
1563 1415 1903 1478 conservari,
1940 1429 2057 1467 ma-

488 1505 747 1559 nifestum
774 1513 857 1557 est
901 1514 1159 1573 quantum
1192 1505 1258 1558 ad
1292 1518 1452 1558 voces
1492 1504 1725 1568 attinet,
1763 1519 1862 1558 nos
1899 1504 2054 1573 quasi

488 1597 722 1650 nondum
753 1594 1146 1649 sanctiﬁcatum
1176 1595 1245 1648 sit
1277 1608 1470 1650 nomen
1519 1594 1714 1657 Patris,
1755 1593 1932 1661 juberi
1973 1610 2060 1649 se-

486 1690 724 1741 cmtdum
762 1685 1065 1740 Mattltazum
1093 1694 1147 1740 et
1174 1686 1379 1741 Lucam
1419 1687 1599 1741 dicere
1632 1703 1646 1741 :
1679 1686 2057 1755 Sancti/iectur

487 1792 672 1830 nomen
702 1785 869 1831 tuum.
900 1779 991 1841 At,
1022 1778 1255 1848 inquies,
1284 1778 1554 1846 quomodo
1580 1778 1715 1849 petit
1742 1778 1905 1832 homo
1934 1792 2056 1831 san-

486 1869 711 1923 ctiﬁcari
745 1883 940 1923 nomen
976 1867 1101 1935 Dei,
1144 1868 1303 1938 quasi
1348 1867 1747 1922 sanctiﬁcatum
1785 1885 1891 1923 non
1945 1868 2055 1922 sit?

487 1959 623 2025 Quid
654 1960 725 2012 sit
764 1975 961 2014 nomen
1004 1958 1204 2024 Patris,
1235 1964 1299 2014 ‘et
1335 1958 1462 2028 quid
1494 1958 1567 2014 sit
1610 1959 1782 2028 ipsum
1816 1959 2055 2015 sanctiﬁ-

483 2053 620 2117 cari,
651 2052 1061 2122 perspiciamus.
1106 2050 1315 2107 Nomen
1345 2051 1512 2121 igitur
1538 2060 1620 2106 est
1666 2050 2051 2121 compendiosa

484 2146 871 2210 denominatio,
916 2159 1036 2213 quae
1081 2144 1354 2214 pr0priam
1390 2143 1466 2197 rei
1499 2143 1793 2198 nominata:
1824 2142 2052 2213 qualita-

485 2246 591 2291 tem
634 2236 903 2291 exhibeat.
937 2235 1099 2290 Verbi
1152 2235 1360 2303 gratia,
1403 2242 1487 2288 est
1537 2234 1781 2303 quaedam
1832 2233 2050 2302 propria

480 2328 715 2397 qualitas
771 2325 919 2381 Pauli
978 2326 1253 2395 apostoli;
1310 2324 1414 2378 alia
1482 2326 1681 2379 animae
1749 2327 2051 2379 secundum

480 2435 643 2491 quam
676 2420 799 2474 talis
846 2428 962 2485 est;
1000 2418 1104 2473 alia
1153 2418 1372 2481 mentis,
1416 2430 1521 2485 qua
1576 2416 1701 2470 talia
1745 2416 1891 2470 valet
1923 2432 2055 2471 con-

481 2514 766 2583 templari;
798 2511 906 2566 alia
954 2511 1200 2580 corporis
1229 2512 1398 2580 ipsius
1442 2525 1547 2579 qua
1577 2508 1685 2562 tale
1737 2521 1842 2566 est.
1891 2508 2050 2576 Quod

481 2605 644 2675 igitur
673 2605 863 2658 harmn
894 2602 1218 2672 qualitatum
1251 2602 1529 2672 proprium
1563 2611 1670 2667 est,
1701 2616 1800 2656 nee
1833 2602 1925 2656 ulli
1957 2602 2050 2657 alii

479 2699 772 2753 convenire
810 2704 987 2765 potest
1028 2693 1189 2767 (alius
1216 2696 1363 2751 enim
1403 2697 1563 2751 homo
1591 2711 1698 2749 non
1745 2704 1832 2750 est
1877 2696 1929 2750 in
1969 2710 2051 2751 re-

478 2805 599 2844 rum
648 2799 839 2842 natura
874 2787 966 2856 qui
1003 2803 1029 2840 a
1078 2786 1247 2841 Paulo
1291 2787 1599 2841 nullatenus
1650 2784 1917 2859 diil‘erat),
1949 2786 2050 2841 hoc

482 2882 724 2945 nomine,
757 2878 983 2947 Paulus,
1024 2878 1369 2948 exprimitur.
1399 2879 1534 2933 Cum
1575 2886 1755 2931 autem
1787 2877 1839 2931 in
1876 2875 2051 2931 homi-

482 2977 639 3030 nibus
666 2974 955 3044 qualitates
982 2975 1085 3028 illa:
1115 2974 1348 3043 propriae
1393 2972 1795 3043 quodammodo
1840 2981 2045 3024 nuneu-

2206 1229 2213 1237 ’
2244 1235 2600 1304 Ἁγιασθήτω
2630 1235 2697 1289 τό
2743 1234 2931 1304 ὄνομά
2980 1248 3114 1289 σου.
3150 1236 3277 1287 Ὅτε
3315 1235 3411 1304 μὲν
3442 1231 3552 1303 (49)
3584 1233 3743 1304 περί-

2162 1343 2317 1397 στησι
2345 1326 2408 1380 τὺ
2452 1328 2525 1399 μὴ
2564 1328 2843 1397 γεγονέναι
2892 1344 2977 1381 πω
3018 1325 3146 1397 περὶ
3176 1318 3237 1378 οῦ
3277 1325 3525 1394 εὔχεται,
3554 1324 3645 1377 ὅτε
3681 1322 3741 1375 δὲ

2159 1416 2348 1470 τούτου
2385 1417 2545 1488 τυχὸν
2579 1418 2640 1470 τὸ
2677 1417 2749 1488 μὴ
2790 1418 3104 1489 παραμένον
3145 1416 3276 1469 αὑτὸ
3320 1415 3412 1467 καὶ
3460 1413 3742 1483 τηρεῖσθαι

2166 1506 2306 1574 ἀξιοῖ
2320 1548 2334 1573 ,
2379 1508 2612 1580 φανερὸν
2653 1510 2775 1563 ὅσον
2817 1510 2910 1561 ἐπὶ
2952 1510 3019 1579 τῇ
3058 1505 3200 1570 λέξει
3241 1503 3475 1566 ἐνταῦθ’,
3517 1502 3594 1566 ὡς
3634 1519 3741 1573 μη-

2163 1598 2312 1654 δέπω
2341 1602 2690 1668 ἀγιασθὲντος
2728 1600 2823 1661 τοῦ
2855 1600 3113 1670 ὀνόματος
3136 1596 3229 1649 τοῦ
3264 1595 3496 1668 Πατρδς,
3528 1593 3745 1647 κελεύε-

2166 1692 2289 1746 σθαι
2337 1692 2515 1761 λὲγειν
2561 1694 2710 1763 ἡμᾶς
2770 1692 2912 1745 κατά
2952 1707 3017 1759 γε
3058 1690 3149 1742 τὸν
3195 1688 3469 1742 Ματθαῖον
3511 1687 3607 1740 καὶ
3649 1686 3743 1739 τὸν

2158 1783 2372 1837 Λουκᾶν
2408 1785 2500 1836 τόο
2556 1782 2908 1853 Ἁγιασθήτω
2955 1781 3021 1835 τὸ
3054 1779 3240 1850 ὄνομὰ
3274 1796 3410 1834 σου.
3446 1781 3557 1832 Καὶ
3597 1778 3740 1842 πῶς,

2158 1877 2300 1929 εἴποι
2322 1894 2407 1941 τις
2434 1876 2520 1940 ἂν,
2544 1876 2826 1947 ἄνθρωπος
2860 1873 3002 1938 ἀξιοί
3032 1872 3349 1942 ἀγιάζεσθαι
3374 1873 3435 1925 τὸ
3456 1873 3624 1943 ὄνομα
3643 1864 3740 1925 τοῦ

2156 1964 2312 2030 Θεοῦ,
2340 1966 2415 2028 ὼς
2459 1963 2533 2035 μὴ
2572 1963 2930 2034 ὴγιασμένονς
2968 1962 3031 2015 Τί
3061 1963 3121 2014 τὸ
3164 1962 3337 2032 ὄνομα
3365 1962 3458 2014 τοῦ
3500 1960 3738 2031 Πατρὸς,

2157 2056 2250 2110 καὶ
2286 2056 2337 2109 τί
2381 2055 2443 2109 τὸ
2489 2053 2810 2123 ἀγιάξεσθαι
2853 2054 2985 2107 αὑτὸ
3043 2054 3489 2124 κατανοήσωμεν.
3527 2054 3739 2123 Ὀνομα

2155 2148 2334 2200 τοίνυν
2365 2147 2480 2199 ἐστὶ
2506 2144 2880 2215 κεφαλαιώδης
2925 2143 3262 2216 προσηγορία
3302 2144 3397 2215 τῆς
3433 2144 3568 2208 ἰδίας
3611 2161 3734 2198 ποι-

2153 2241 2344 2312 ότητος
2387 2238 2480 2292 τοῦ
2520 2239 2920 2310 ὀνομαζομένου
2989 2238 3403 2307 παραστατική·
3452 2231 3563 2291 οἷόν
3617 2237 3736 2291 ἐστι

2154 2350 2238 2395 τις
2273 2332 2377 2386 ἰδία
2411 2332 2630 2401 ποιότης
2668 2331 2876 2384 Παύλου
2917 2332 3009 2385 το]
3053 2330 3385 2383 ἀποστόλουε
3425 2330 3459 2400 ἡ
3507 2328 3607 2400 μέν
3649 2345 3737 2392 τις

2152 2424 2253 2494 τῆς
2296 2424 2470 2495 ψυχῆς
2498 2423 2618 2478 καθ’
2664 2423 2730 2494 ἣν
2758 2423 2935 2475 τοιάδε
2973 2422 3214 2493 ὲστίνθή
3259 2421 3316 2475 δέ
3359 2439 3445 2485 τις
3475 2421 3569 2475 τοῦ
3612 2420 3730 2487 νοῦ,

2153 2515 2274 2570 καθ’
2301 2518 2365 2587 ἣν
2403 2515 2619 2569 τοιῶνδέ
2668 2517 2782 2568 ἐστι
2840 2514 3147 2586 θεωρητική
3179 2514 3312 2585 (50)·
3349 2513 3467 2585 ἠδέ
3505 2531 3589 2578 τις
3629 2513 3727 2567 τοῦ

2154 2606 2402 2677 σώματος
2436 2606 2622 2672 αὑτοῦ,
2651 2606 2772 2660 καθ“
2796 2605 2861 2676 ἣν
2888 2602 3089 2660 τοιόνδε
3118 2608 3255 2661 ἐστί.
3283 2607 3355 2660 Τὸ
3388 2606 3566 2660 τοίνυν
3602 2606 3731 2660 τού-

2150 2717 2258 2753 των
2301 2699 2408 2754 τῶν
2455 2699 2755 2770 ποιοτήτων
2791 2697 2921 2751 ῐδιον
2969 2699 3063 2751 καὶ
3113 2699 3546 2769 ἀσυντρόχαστον
3596 2698 3735 2769 πρὸς

2151 2793 2336 2865 ἕτερον
2377 2791 2553 2862 (ἄλλος
2588 2791 2697 2862 γάρ
2742 2807 2826 2853 τις
2850 2789 3265 2862 ἀπαράλλακτος
3302 2789 3512 2843 Παύλου
3539 2792 3597 2841 ὲν
3621 2790 3730 2851 τοῖς

2150 2881 2302 2939 οῦσιν
2334 2885 2435 2937 οὑκ
2465 2882 2601 2953 ἔστι)
2630 2880 2881 2950 δηλοῦται
2904 2881 2993 2933 διά
3019 2881 3117 2951 τῆς
3144 2881 3385 2946 Παῦλος
3410 2879 3723 2950 ὀνομασίας.

2163 2975 2300 3028 Ἀλλ’
2324 2975 2415 3027 ἐπὶ
2448 2972 2770 3044 ἀνθρώπων,
2798 2973 2959 3025 οίονε)⁵
2987 2970 3400 3041 άλλασσομένων
3440 2969 3549 3024 τῶν
3586 2969 3726 3023 ἰδίων

481 3080 594 3135 tur,
644 3078 791 3123 recte
820 3068 975 3137 juxta
1033 3066 1370 3131 Scripturam
1422 3073 1700 3120 mutantur
1733 3064 1897 3118 etiam
1949 3077 2047 3115 no-

2157 3066 2477 3137 ποιοτήτων,
2511 3064 2678 3134 ὑγιῶς
2713 3064 2853 3118 κατά
2888 3063 2985 3135 τὴν
3027 3064 3247 3135 Γραφὴν
3277 3061 3602 3115 ἀλλάσσεται
3634 3061 3727 3115 καὶ

480 3162 647 3217 mina.
676 3160 897 3214 Ahrami
930 3159 1072 3212 enim
1106 3158 1387 3212 immutata
1410 3158 1690 3227 qualitate,
1717 3164 1940 3211 vocatus
1968 3167 2051 3207 est

476 3254 786 3317 Abraham;
839 3261 895 3307 et
944 3250 1180 3305 Simonis
1225 3263 1487 3303 conversa
1521 3248 1808 3317 qualitate,
1852 3244 2050 3299 Petrus

478 3345 790 3400 nominatus
824 3352 936 3407 est;
974 3343 1101 3395 item
1135 3340 1510 3411 persequentis
1541 3340 1818 3393 Christum
1867 3335 2050 3390 Saulis

478 3438 766 3492 immutata
803 3434 1084 3505 qualitate,
1133 3433 1436 3502 appellatus
1469 3440 1551 3484 est
1599 3429 1818 3484 Paulus.
1848 3429 1905 3483 In
1939 3430 2050 3485 Deo

477 3544 607 3586 vero
646 3528 737 3597 qui
789 3525 1127 3581 invariabilis
1177 3522 1636 3591 immulabilisque
1675 3535 1892 3590 semper
1930 3530 2047 3586 est,

475 3635 641 3674 unum
676 3619 925 3686 idemque
955 3630 1169 3684 semper
1216 3622 1296 3668 est
1332 3611 1493 3666 veluti
1536 3627 1753 3676 mnnen,
1803 3611 1907 3677 Qui
1948 3618 2048 3674 est,

476 3713 619 3782 quod
652 3712 703 3764 in
738 3710 922 3764 Exodo
953 3708 1174 3771 dicitur,
1203 3714 1296 3758 aut
1329 3705 1373 3759 si
1406 3704 1536 3772 quid
1564 3703 1747 3758 sintile
1781 3702 1890 3757 dici
1920 3717 2051 3772 pos-

475 3807 569 3858 sit.
614 3799 1067 3869 Quandoquidem
1110 3798 1274 3867 igitur
1320 3796 1533 3866 quoties
1583 3795 1650 3850 de
1697 3795 1808 3849 Deo
1845 3793 2048 3862 aliquid

476 3893 802 3961 cogitamus,
828 3891 1063 3958 aliquam
1090 3889 1155 3941 de
1180 3903 1244 3940 eo
1275 3888 1549 3941 notionem
1580 3885 1738 3940 nobis
1767 3884 2045 3954 ﬁngimus,

475 3985 571 4039 sed
605 3998 713 4037 non
746 3997 936 4036 onmes
968 3981 1098 4049 quid
1144 3980 1234 4033 ille
1267 3992 1453 4032 revera
1486 3977 1576 4040 sit,
1622 3977 1827 4031 scimus
1868 3974 2044 4045 (pauci

476 4075 644 4139 enim,
677 4082 750 4137 et,
787 4081 847 4127 ut
884 4071 957 4125 ita
1003 4068 1203 4133 dicam,
1249 4066 1537 4137 pauciores
1570 4064 1757 4134 paucis
1785 4073 1910 4117 sunt
1955 4066 2045 4132 qui

476 4169 685 4240 possint
714 4164 832 4234 ejus
875 4163 929 4216 in
973 4160 1231 4216 omnibus
1272 4158 1657 4227 proprietatem
1692 4154 2048 4223 comprehen-

478 4259 650 4330 dere),
695 4255 887 4311 merito
919 4255 1177 4307 docemur
1210 4250 1301 4304 Dei
1354 4248 1626 4303 notioiiem
1663 4245 1717 4298 in
1755 4246 1913 4299 nobis
1958 4258 2045 4299 san

474 4370 602 4411 nam
637 4365 758 4406 esse
784 4349 827 4402 si
860 4347 1155 4401 viderimus
1189 4342 1579 4417 proprietatem
1613 4338 1757 4392 illius
1784 4338 2041 4398 creantis,

476 4443 832 4517 providentis,
882 4411 1201 4507 iudicantis,
1245 4411 1521 4507 eligentis,
1589 4429 2041 4499 derelinqucntis,
2080 4411 2120 4466 θ

478 4534 878 4605 amplectentis,
915 4531 1236 4599 rejicientis,
1281 4526 1500 4599 prtemia
1558 4525 1909 4579 retribuentis
1949 4533 2044 4576 aut

479 4641 670 4697 ptenas
717 4624 1005 4691 unicuique
1033 4637 1127 4690 pro
1159 4620 1387 4674 meritis.
1417 4617 1472 4670 In
1510 4616 1591 4669 his
1623 4615 1767 4669 enim
1796 4624 1850 4667 et
1889 4614 2043 4668 simi-

482 4720 621 4772 libus
648 4715 988 4785 exprimitur,
1025 4722 1081 4764 ut
1111 4712 1180 4764 ita
1211 4711 1407 4770 dicam,
1441 4705 1655 4774 propria
1684 4703 1775 4756 Dei
1806 4703 2041 4770 qualitas

481 4824 643 4877 quam
681 4808 773 4861 Dei
818 4819 1013 4859 nomen
1059 4802 1210 4870 juxta
1257 4801 1570 4867 Seripturas
1619 4795 1724 4849 dici
1771 4809 1934 4862 puto;
1987 4794 2039 4845 in

480 4893 669 4948 Exodo
696 4892 911 4963 quidem
937 4908 950 4944 :
978 4891 1100 4944 Non
1130 4902 1361 4941 assumes
1388 4899 1573 4938 nomen
1600 4881 1813 4935 Domini
1847 4881 1940 4934 Dei
1965 4882 2041 4933 tui

480 4991 535 5040 in
568 4964 761 5038 vanum
780 4984 855 5042 '7;
891 4982 945 5037 in
974 4980 1375 5035 Deuteronomio
1409 4988 1589 5029 autem
1619 4993 1634 5030 :
1672 4971 2038 5042 Exspectatur,

514 5158 594 5216 ."’
628 5155 800 5212 Exod.
836 5172 927 5224 xx,
968 5158 1020 5215 7.

551 5364 665 5437 (48)
704 5362 881 5418 Codex
912 5376 1037 5429 ms.,
1079 5358 1445 5431 παριστάνειν,
1484 5359 1615 5413 edit.
1661 5357 1860 5421 0mm,
1890 5372 2044 5426 περι-

480 5437 850 5578 πῗῖδξνξοτς
873 5503 1008 5578 μέν,
1065 5512 1176 5556 etc.
1224 5499 1372 5578 Lego
1443 5513 1568 5553 cum
1622 5494 1890 5565 Bentleio,
1926 5492 2040 5546 εἴτε

479 5566 776 5649 μὲν...ἐί’τε
809 5566 1077 5649 δὲ’τούτου
1104 5569 1301 5649 τυχών.

479 5715 644 5779 τικός.

2151 3152 2219 3207 τά
2244 3152 2480 3223 ὀνόματα
2498 3168 2510 3181 ·
2548 3151 2952 3222 μεταϐαλούσης
2974 3150 3081 3225 γὰρ
3105 3151 3203 3222 τῆς
3231 3151 3323 3205 τοῦ
3354 3149 3565 3221 Ἀϐράμ
3592 3151 3729 3203 ποιό-

2150 3261 2313 3316 τητος
2349 3244 2550 3316 ἐκλήθη
2586 3243 2856 3315 Ἀϐραὰμ,
2888 3245 2982 3297 καὶ
3010 3245 3109 3314 τῆς
3140 3244 3232 3297 τοῦ
3267 3244 3529 3314 Σίμωνος,
3556 3246 3585 3297 ὁ
3622 3243 3724 3295 Πέ-

2150 3354 2279 3407 τρος
2322 3336 2643 3409 ὠνομάσθη,
2680 3339 2774 3391 καὶ
2814 3339 2911 3407 τῆς
2949 3335 3044 3389 τοῦ
3076 3334 3362 3399 διώκοντος
3389 3336 3482 3389 τὸν
3524 3335 3726 3405 Ἰησοῦν

2151 3429 2346 3493 Σαοὺλ,
2380 3427 2795 3500 προσηγορεύθη
2824 3429 2853 3480 ὁ
2887 3427 3118 3491 Παῦλος.
3158 3428 3281 3481 Ἐπὶ
3306 3427 3364 3480 δὲ
3392 3427 3549 3491 Θεοῦ,
3580 3430 3725 3491 ὅστις

2151 3519 2312 3583 αὑτός
2353 3522 2500 3573 ἐστιν
2537 3519 2835 3591 ἄτρεπτος,
2867 3520 2964 3573 καὶ
3012 3518 3368 3583 ἀναλλοίωτος
3395 3520 3481 3572 ἀεὶ
3521 3518 3723 3590 τυγχά-

2150 3629 2277 3675 νων,
2307 3610 2366 3664 ἓν
2399 3612 2547 3664 ἐστιν
2577 3610 2689 3682 (5|)
2720 3611 2807 3665 ἀεὶ
2831 3611 2891 3664 τὸ
2911 3611 3072 3664 οἱονεὶ
3097 3611 3192 3664 καὶ
3225 3612 3310 3664 ἐπ’
3343 3610 3508 3664 αὑτοῦ
3532 3612 3720 3683 ὄνομα,

2150 3699 2240 3763 τὸ,
2284 3699 2389 3762 ὢν,
2424 3702 2482 3752 ἐν
2527 3702 2590 3769 τῇ
2639 3698 2852 3763 Ἐ’ξόδφ
2904 3702 3209 3771 εἰρημένον,
3253 3702 3286 3772 ἧ
3333 3717 3385 3754 τι
3435 3700 3606 3767 οῦτως
3658 3701 3723 3754 ἂν

2150 3785 2562 3856 λεχθησόμενον.
2600 3788 2752 3840 Ἐπεὶ
2780 3785 2872 3841 οὑν
2908 3789 3035 3859 περὶ
3066 3788 3200 3842 Θεοῦ
3233 3790 3433 3852 πάντες
3464 3790 3559 3859 μὲν
3591 3789 3721 3841 ὑπο-

2150 3874 2498 3946 λαμϐάνομεν
2537 3894 2588 3930 τι
2617 3877 2921 3941 ἐννοοῦντες
2956 3879 3113 3932 ἅτινα
3137 3880 3335 3950 δήποτε
3378 3879 3508 3950 περὶ
3536 3878 3719 3941 αὑτοῦ,

2149 3968 2210 4020 οὑ
2252 3967 2452 4031 πάντες
2487 3967 2543 4020 δὲ
2596 3969 2624 4022 ὃ
2676 3971 2791 4023 ἐστι
2835 3969 3073 4041 (σπάνιοι
3097 3970 3226 4042 γὰρ,
3268 3971 3361 4024 καὶ
3398 3971 3450 4023 εἰ
3490 3971 3594 4042 χρὴ
3637 3970 3721 4023 λέ-

2149 4076 2292 4128 γειν,
2342 4059 2451 4113 τῶν
2502 4061 2739 4113 σπανίων
2788 4061 3146 4133 σπανιώτεροι
3196 4063 3245 4113 οἱ
3295 4061 3391 4132 τὴν
3446 4064 3502 4115 ὲν
3560 4063 3721 4116 πᾶσιν

2148 4151 2409 4222 ἁγιότητα
2438 4151 2549 4223 (5‘2)
2583 4151 3089 4223 καταλαμϐάνοντες
3127 4152 3314 4224 αὑτοῦ)
3338 4168 3351 4179 '
3392 4153 3629 4222 εὐλόγως
3654 4154 3723 4206 δι-

2146 4241 2456 4313 δασκόμεθα
2481 4243 2580 4313 τὴν
2611 4245 2667 4323 ὲν
2693 4244 2823 4314 ημῖν
2850 4244 3058 4297 ἔννοιαν
3092 4245 3217 4316 περὶ
3246 4244 3380 4297 Θεοῦ
3417 4245 3578 4312 ἁγίαν
3612 4244 3719 4315 (55)

2148 4334 2419 4401 γενέσθαι,
2462 4335 2527 4387 ἵν’
2561 4334 2759 4405 ἴδωμεν
2799 4336 2967 4388 αὑτοῦ
2993 4335 3089 4408 τὴν
3125 4338 3398 4409 ἁγνότητα
3426 4336 3719 4400 κτίζοντος,

2150 4427 2244 4478 καὶ
2292 4425 2664 4496 προνοοῦντος,
2698 4428 2791 4480 καὶ
2829 4428 3138 4499 κρίνοντος,
3201 4430 3294 4481 καὶ
3337 4428 3718 4500 ὲκλεγομένου,

2149 4517 2242 4569 καὶ
2273 4517 2772 4584 ὲγκαταλείποντος,
2808 4521 3203 4591 ἀποδεχομένου
3232 4538 3291 4573 τε
3325 4522 3419 4574 καὶ
3453 4522 3721 4592 ἀποστρε-

2149 4609 2405 4677 φομένου,
2436 4610 2531 4662 καὶ
2569 4610 2745 4682 γέρως
2788 4611 3065 4676 ἀξιοῦντος
3084 4652 3098 4675 ,
3125 4614 3218 4665 καὶ
3249 4612 3567 4675 κολάζοντος
3594 4612 3720 4665 Exa—

2150 4715 2273 4751 στον
2325 4700 2466 4753 κατὰ
2528 4701 2625 4773 τὴν
2674 4703 2850 4768 ἀξίαν.
2917 4705 3005 4757 Ἐν
3053 4703 3260 4766 τούτοις
3307 4704 3416 4775 γὰρ
3467 4705 3563 4757 καὶ
3608 4708 3717 4768 τοῖς

2148 4792 2577 4862 παραπλησίοις,
2620 4795 2685 4847 ἵν’
2712 4795 2884 4859 οὑτως
2912 4798 3067 4863 εῐπω,
3113 4799 3573 4869 χαρακτηρίζεται
3616 4797 3719 4851 ίδία

2148 4883 2369 4954 ποιότης
2409 4885 2500 4938 τοῦ
2547 4885 2702 4949 Θεοῦ,
2748 4888 2937 4958 ἥντινα
2980 4890 3185 4960 νομίζω
3240 4890 3413 4961 ὄνομα
3458 4891 3593 4945 Θεοῦ
3628 4891 3715 4943 λέ-

2145 4973 2337 5040 γεσθαι
2387 4975 2525 5029 κατὰ
2570 4976 2668 5041 τὰς
2710 4979 2963 5049 Γραφάς·
3002 4983 3059 5034 ὲν
3106 4980 3207 5050 μὲν
3250 4985 3316 5053 τῇ
3366 4981 3607 5047 Ἐξόδῳι
3637 4984 3718 5034 Οὐ

2213 5358 2344 5429 (5i)
2386 5358 2566 5413 Codex
2628 5371 2757 5421 ms.,
2798 5356 2857 5409 ἓν
2905 5357 3071 5410 ἐστιν.
3124 5354 3305 5410 Editio
3348 5352 3552 5421 Oxon.,
3598 5351 3718 5409 ενι-

2072 5432 2079 5439 ’
2141 5444 2275 5480 στιν.

2209 5498 2322 5566 (52)
2373 5496 2692 5566 Ἁγιότητα.
2735 5494 2879 5566 Lego
2904 5510 3027 5550 cum
3064 5493 3609 5566 Βεηιιεὶο,ίδιότητα.

2369 5561 2713 5636 Ἁγίαν-,βίᾳ
2746 5561 2891 5636 Lego
2918 5580 3039 5619 eum
3073 5569 3282 5636 eodem,
3306 5565 3432 5635 ὑγιῆ
3461 5561 3713 5633 γενέσθαι

549 5645 682 5715 (50)
735 5640 1082 5711 Θεωρητική.
1145 5633 1289 5711 Lego
1351 5653 1474 5694 cum
1545 5636 1773 5703 eodem,
1826 5633 2037 5704 θεωρη-
2136 5633 2442 5708 ἃνίδωμεν
2464 5634 2627 5690 αὑτοῦ
2660 5633 2759 5708 τὴν
2788 5633 3022 5707 ιδὶότητα
3059 5635 3357 5701 κτίζοντος.
