3974 6160
286 351 387 405 495

1509 333 1841 390 LIBELLUS
1873 331 1959 386 DE
1991 331 2363 388 ORATIONE.

3417 332 3523 388 494

282 467 444 535 λήψῃ
477 461 539 516 τὸ
576 460 762 528 ὄνομα
815 456 1035 524 Κυρίου
1081 453 1189 508 τοῦ
1236 453 1382 507 Θεοῦ
1425 467 1540 506 σου
1578 453 1676 505 ἐπὶ
1728 467 1842 520 μα-

1959 458 2001 500 rtt
2021 449 2176 519 237
2209 450 2409 518 pluuia,
2432 449 2693 516 eloquium
2716 448 3242 534 meum;deseendant
3273 451 3405 503 sicut
3435 437 3521 504 ros

283 559 418 620 ταίφ
440 571 453 583 ·
504 554 562 604 ὲν
622 549 678 602 δὲ
738 547 813 618 τῷ
877 544 1340 613 Δευτερονομίῳ“
1404 541 1846 612 Προσδοκάσθω

282 646 416 700 ὡσεὶ
464 641 633 706 ὑετὸς
675 641 739 692 τὸ
769 635 1117 706 ἀπόφθεγμά
1139 653 1256 705 μου
1286 653 1298 666 ο
1355 634 1663 697 καταὸήτω
1706 633 1847 685 ὡσεὶ

284 737 497 806 δρόσος
523 733 593 786 τὰ
623 731 861 801 ῥήματά
893 747 1042 799 μου·
1096 729 1237 782 ὡσεὶ
1283 728 1494 796 ὄμϐρος
1538 728 1631 780 ἐπ’
1665 725 1848 793 ἀπερω-

284 845 449 890 στιν,
499 825 599 878 καί
651 824 791 876 ὡσεὶ
838 821 1079 890 νιφετὸς
1109 820 1206 873 ἐπὶ
1257 821 1508 888 χόρτον·
1546 817 1634 870 ὅτι
1663 817 1852 885 ὄνομα

279 917 492 983 Κυρίου
515 912 801 967 ἐκάλεσα.
847 913 936 964 Ἐν
965 912 1020 964 δὲ
1061 909 1352 978 Ψαλμοῖς·
1380 907 1847 976 Μνησθήσονται

275 1008 375 1061 τοῦ
405 1005 695 1074 ὀνόματός
723 1019 836 1057 σου
870 1003 939 1055 ἐν
984 1000 1150 1069 πάσῃ
1202 998 1374 1070 γενεᾷ
1404 1000 1500 1052 καὶ
1529 999 1720 1070 γενεᾷ.
1781 1001 1848 1052 Ὅ

274 1115 329 1150 τε
363 1097 468 1168 γὰρ
504 1090 586 1159 οἷς
619 1095 690 1165 μὴ
723 1095 801 1146 δεῖ
843 1092 1164 1164 ἑφαρμόζων
1199 1092 1297 1162 τὴν
1329 1092 1532 1144 ἔννοιαν
1561 1091 1650 1142 τοῦ
1688 1091 1844 1155 Θεοῦ,

272 1186 534 1258 λαμϐάνει
573 1185 633 1239 τὸ
666 1185 833 1255 ὄνομα
869 1183 1074 1254 Κυρίου
1105 1182 1196 1235 τοῦ
1227 1182 1360 1235 Θεοῦ
1391 1183 1482 1234 επ).
1520 1183 1771 1252 ματαίῳ·
1821 1184 1850 1234 ὃ

271 1297 326 1332 τε
378 1278 675 1347 δυνάμενος
734 1273 1180 1343 ἀποφθέγξασθαι
1235 1275 1387 1326 ὑετὸν
1445 1277 1555 1337 τοῖς
1594 1275 1850 1326 ἀκούουσι

272 1363 634 1437 συνεργοῦντα
661 1366 725 1433 τῇ
756 1363 1098 1433 καρποφορίᾳ
1125 1361 1231 1414 τῶν
1263 1362 1448 1432 ψυχῶν
1485 1364 1710 1425 ἑαυτῶν,
1760 1366 1850 1418 καὶ

271 1457 488 1526 ῥήματα
523 1453 696 1524 δρόσῳ
727 1453 938 1505 ἐοικότα
972 1452 1359 1523 παρακλητικὰ
1403 1455 1811 1523 προσαγόμενος
1833 1471 1844 1483 ·

270 1551 334 1618 τῇ
385 1565 443 1600 τε
492 1547 644 1618 ῥύμῃ
671 1547 779 1617 (54)
815 1547 910 1616 τῆς
942 1546 1226 1615 οἰκοδομῆς
1281 1545 1387 1599 τῶν
1441 1545 1614 1613 λόγων
1646 1546 1848 1616 ὄμϐρον

267 1638 696 1711 ὠφελιμώτατον
728 1638 946 1706 ἐπάγων
997 1640 1107 1700 τοῖς
1165 1639 1493 1707 ἀκροαταῖς,
1551 1637 1582 1707 ἢ
1638 1638 1850 1706 νιφετὸν

269 1727 702 1800 ἀνυσιμώτατον,
755 1727 843 1780 διὰ
904 1727 1060 1780 τοῦτο
1127 1727 1299 1780 ταῦτα
1352 1726 1586 1780 δύναται.
1668 1727 1850 1780 Ταῦτα

270 1821 598 1892 ἐπινοήσας,
648 1818 836 1871 ἑαυτὸν
867 1818 1117 1887 δεόμενον
1168 1817 1300 1870 Θεοῦ
1341 1816 1432 1870 τοῦ
1487 1817 1847 1892 τελειοῦντος,

271 1914 424 1967 καλεῖ
465 1912 599 1983 παρ’
648 1911 836 1964 ἑαυτὸν
891 1911 982 1963 τὸν
1028 1910 1136 1961 τῶν
1187 1909 1598 1981 προειρημένων
1650 1911 1853 1980 κυρίως

270 2003 528 2076 χορηγόν·
568 2005 674 2066 πᾶς
701 2021 758 2055 τε
792 2002 1002 2073 τρανῶν
1191 2003 1282 2056 καὶ
1302 2001 1370 2054 τὰ
1402 2003 1531 2073 περὶ
1566 2001 1658 2054 τοῦ
1693 2001 1849 2068 Θεοῦ,

271 2095 749 2166 ὑπομιμνήσκεται
787 2095 982 2164 μᾶλλον
1012 2095 1044 2166 ἢ
1079 2095 1366 2166 μανθάνει,
1411 2095 1513 2148 κᾶν
1560 2096 1667 2148 ἀπό
1709 2113 1854 2159 τινος

271 2187 494 2238 ἀκούειν
522 2185 684 2256 δοκῇ,
717 2187 748 2257 ἢ
791 2186 1064 2256 εὑρίσκειν
1098 2186 1292 2259 νομίζῃ
1317 2185 1384 2239 τὰ
1423 2186 1521 2256 τῆς
1548 2185 1854 2248 θεοσεϐείας

273 2278 575 2346 μυστήρια.
621 2278 829 2346 Ὥσπερ
861 2278 915 2330 δὲ
954 2277 1022 2329 τὰ
1065 2278 1249 2330 ἐνθάδε
1284 2277 1363 2329 δεῖ
1397 2280 1536 2332 νοεῖν
1570 2276 1659 2330 τὸν
1699 2277 1854 2348 εὐχό-

274 2386 458 2439 μενον,
498 2369 666 2423 αἰτεῖν
713 2369 823 2437 (56)
876 2369 1035 2423 αὐτὸν
1080 2369 1401 2439 ἁγιασθῆναι
1443 2369 1502 2422 τὸ
1545 2369 1715 2440 ὄνομα
1761 2369 1853 2423 τοῦ

269 2459 408 2514 Θεοῦ
430 2478 444 2490 ·
475 2459 646 2523 οὑτως
671 2462 728 2512 ὲν
763 2461 1027 2529 Ψαλμοῖς
1046 2461 1124 2524 τὸ,
1157 2460 1519 2528 ’Υψὼσωμεν
1545 2461 1611 2513 τὸ
1669 2461 1855 2529 ὄνομα

266 2552 465 2604 αὑτοῦ
498 2551 835 2614 ἑπιτοαυτὸ,
874 2551 1113 2619 λέγεται,
1148 2554 1577 2622 προστάσσοντος
1609 2551 1700 2604 τοῦ
1745 2554 1858 2605 Πα-

268 2645 408 2717 τρδς
431 2683 445 2707 ,
489 2644 626 2713 μετὰ
659 2645 836 2714 πάσης
873 2645 1192 2713 συμφωνίας
1228 2647 1284 2698 ὲν
1317 2645 1393 2714 τῷ
1433 2644 1579 2714 αὐτῷ
1607 2644 1688 2698 νοῒ
1711 2685 1725 2707 ,
1763 2646 1857 2698 καὶ

267 2736 332 2788 ὲν
362 2737 430 2805 τῇ
458 2735 592 2807 αὐτῇ
620 2735 812 2808 γνώμῃ
831 2776 844 2799 ,
877 2735 1077 2804 φθάσαι
1102 2738 1192 2788 ἐπὶ
1214 2737 1310 2807 τὴν
1336 2736 1508 2806 ἀληθῆ
1533 2738 1625 2790 καὶ
1651 2736 1858 2806 ὑψηλὴν

267 2827 484 2894 γνῶσιν
520 2827 616 2896 τῆς
650 2825 908 2894 ἰδιότητος
961 2825 1053 2878 τοῦ
1086 2824 1240 2879 Θεοῦ.
1293 2827 1462 2880 Τοῦτο
1511 2826 1618 2896 γάρ
1651 2829 1767 2879 ἐστι
1800 2826 1859 2878 τὸ

268 2915 543 2986 ὑψοῦντος
565 2916 674 2983 (57)
704 2916 762 2968 τὸ
788 2915 958 2986 ὄνομα
982 2915 1072 2968 τοῦ
1102 2916 1234 2968 Θεοῦ
1260 2917 1546 2969 ἐπιτοαυτό
1567 2935 1578 2946 ·
1625 2917 1858 2988 μεταλα-

268 3005 384 3058 ὕὼν
404 3004 520 3077 (58)
551 3022 636 3068 τις
675 3004 952 3075 ἀπορροῆς
993 3003 1242 3074 θεότητος
1283 3003 1358 3073 τῷ
1390 3005 1716 3075 ὑπειλῆφθαι
1750 3005 1856 3058 ἀπὸ

1953 543 2107 593 verba
2130 559 2280 606 mea;
2308 551 2558 612 tanquam
2582 541 2746 594 imber
2766 558 2921 610 super
2943 521 3178 607 herbam,
3197 553 3243 595 et
3269 531 3518 612 tanquam

1952 634 2096 685 stilla
2132 650 2288 698 super
2317 650 2563 703 gramen;
2605 635 2852 703 quoniam
2892 649 3075 687 nomen
3114 633 3326 688 Domini
3367 650 3525 690 voca-

1952 726 1997 777 vi
2020 724 2064 755 ’⁸
2096 743 2113 790 ;
2153 727 2204 777 in
2253 725 2479 779 Psalmis
2522 740 2648 779 vero
2681 743 2695 777 :
2732 723 2989 779 Memores
3013 734 3162 778 erunt
3187 726 3410 780 nominis
3439 728 3520 780 tui

1951 818 2006 870 in
2037 819 2177 870 omni
2203 819 2537 886 generatione
2576 829 2622 871 et
2663 821 2996 887 generatione
3021 817 3087 872 ".
3148 817 3283 871 Nam
3332 827 3386 873 et
3430 818 3521 872 ille

1950 906 2041 975 qui
2079 905 2171 959 Dei
2215 915 2533 974 conceptum
2564 908 2628 961 iis
2666 917 2816 974 aptat
2845 907 3040 976 quibus
3081 923 3189 960 non
3228 909 3517 970 convenit,

1952 997 2180 1050 assumit
2220 1011 2413 1050 nomen
2463 996 2671 1050 Domini
2720 997 2813 1050 Dei
2865 999 2915 1051 in
2964 1013 3183 1052 vanum.
3245 999 3347 1065 Qui
3394 1014 3525 1055 vero

1951 1103 2015 1142 ea
2062 1088 2240 1156 eloqui
2293 1095 2503 1156 potest,
2549 1102 2669 1155 qua:
2716 1103 2812 1141 ceu
2847 1090 3026 1157 pluvia
3062 1092 3402 1146 auditoribus
3454 1092 3524 1148 ad

1951 1179 2255 1231 animarum
2304 1178 2641 1232 fertilitatem
2689 1180 3025 1243 conducant,
3070 1190 3124 1234 et
3156 1184 3521 1237 consolatoria

1952 1270 2115 1323 verba
2144 1271 2280 1324 roris
2310 1272 2481 1326 instar
2500 1272 2780 1336 admovet,
2809 1287 2872 1327 ac
2905 1273 3166 1327 soliditati
3207 1275 3525 1331 aediﬁcatio-

1955 1361 2036 1414 nis
2087 1376 2399 1416 sermonum
2457 1363 2681 1417 imbrem
2736 1364 3074 1419 auditoribus
3133 1366 3522 1432 utilissimum,

1952 1455 2236 1525 stillasque
2263 1455 2676 1510 efﬁcacissimas
2710 1455 2974 1523 infundit,
3023 1471 3120 1525 per
3150 1456 3280 1510 illud
3326 1473 3522 1513 nomen

1954 1547 2066 1600 haec
2100 1557 2296 1615 potest.
2340 1545 2464 1601 Haec
2492 1546 2580 1601 ille
2606 1558 2868 1616 reputans
2887 1586 2902 1611 ,
2930 1547 3038 1603 Deo
3064 1563 3123 1604 se
3151 1548 3360 1604 scilicet
3386 1551 3527 1605 indi-

1951 1653 2079 1706 gere
2115 1638 2204 1706 qui
2262 1639 2536 1708 perﬁciat,
2583 1639 2724 1693 illius
2770 1639 3030 1692 auxilium
3082 1640 3301 1695 invocat
3349 1655 3380 1695 a
3415 1657 3524 1711 quo

1953 1728 2210 1798 praediola
2240 1727 2328 1782 illa
2346 1729 2528 1782 omnia
2555 1737 2810 1797 tauquam
2839 1743 2866 1780 a
2897 1727 3043 1782 fonte
3071 1738 3313 1785 manant.
3355 1730 3524 1786 Porro

1955 1822 2132 1874 omnis
2161 1820 2252 1889 qui
2283 1834 2366 1873 res
2389 1819 2599 1874 divinas
2627 1817 2866 1889 penitius
2891 1820 3175 1890 intelligit,
3206 1823 3526 1878 recordatur

1954 1912 2132 1982 potius
2155 1927 2317 1980 quam
2366 1911 2558 1979 discit,
2600 1911 2724 1966 licet
2757 1910 2823 1964 ab
2867 1913 3050 1980 aliquo
3085 1912 3360 1983 religlonis
3405 1928 3526 1987 my-

1954 2011 2118 2066 steria
2142 2008 2324 2066 doceri
2357 2009 2628 2072 videatur,
2668 2016 2764 2060 aut
2813 2007 2925 2075 ipse
2978 2006 3226 2062 invenire
3265 2023 3322 2062 se
3354 2019 3521 2077 putet.

1954 2105 2106 2159 Sicut
2160 2111 2340 2156 autem
2372 2117 2489 2170 quae
2533 2101 2621 2154 hic
2671 2100 2815 2154 dicta
2853 2109 2979 2153 sunt
3021 2109 3236 2168 oportet
3272 2111 3522 2155 orantem

1955 2198 2332 2257 considerare,
2379 2202 2566 2262 petere
2594 2206 2652 2245 se
2681 2203 2741 2245 ut
2771 2193 3144 2247 sanctiﬁcetur
3167 2209 3362 2248 nomen
3391 2193 3521 2260 Dei;

1955 2289 2034 2344 sic
2057 2287 2184 2341 illud
2211 2287 2264 2340 in
2291 2283 2521 2339 Psalmis
2552 2282 2753 2336 dicitur
2783 2296 2796 2334 :
2839 2281 3151 2335 Exaltemus
3182 2299 3367 2336 nomen
3410 2284 3525 2352 ejus

1954 2381 2008 2432 in
2037 2379 2261 2445 idipsum
2289 2376 2346 2441 ¹;
2398 2374 2620 2443 jubente
2672 2374 2832 2427 Patre
2877 2385 2935 2428 ut
2982 2388 3190 2428 summa
3235 2388 3356 2427 cum
3393 2389 3526 2428 con-

1955 2469 2160 2531 cordia,
2193 2467 2380 2520 eadem
2403 2481 2522 2520 men
2535 2476 2605 2532 te,
2625 2465 2922 2533 eademque
2949 2465 3216 2518 sententia
3239 2464 3307 2518 ad
3339 2479 3523 2519 veram

1955 2567 2011 2612 et
2032 2558 2316 2611 sublimem
2361 2557 2560 2610 divinae
2605 2556 2954 2624 prOprietaIis
3006 2556 3290 2610 notionem
3331 2567 3545 2626 perve-'

1960 2649 2195 2703 niamus.
2257 2647 2371 2702 Hoc
2434 2648 2578 2702 enim
2628 2657 2712 2701 est
2762 2647 3002 2700 exaltare
3048 2661 3243 2700 nomen
3317 2647 3414 2703 Dei
3473 2650 3524 2702 in

1962 2742 2220 2808 idipsum,
2267 2739 2486 2807 quando
2522 2739 2568 2792 is
2601 2739 2692 2806 qui
2726 2737 3030 2791 divinitatis
3063 2737 3314 2792 eﬂluxum
3359 2740 3528 2808 parti-

1959 2832 2163 2901 cipavit
2191 2845 2256 2884 eo
2286 2829 2427 2899 quod
2459 2838 2744 2897 susceptus
2771 2844 2800 2881 a
2830 2827 2941 2882 Deo
2971 2828 3042 2882 sit
3073 2829 3421 2898 hostibusque
3452 2831 3528 2884 ita

1960 2921 2304 2992 przevaluerit
2331 2927 2388 2974 ut
2413 2919 2666 2974 delectari
2703 2918 2868 2986 ipsius
2917 2934 3045 2973 casu
3089 2934 3193 2972 non
3227 2921 3525 2987 potuerint,

1958 3031 2076 3071 eam
2113 3015 2279 3082 ipsam
2332 3012 2426 3066 Dei
2471 3011 2728 3065 virtutem
2774 3009 2981 3065 exultat
3024 3012 3181 3079 cujus
3228 3011 3399 3066 factus
3443 3023 3530 3067 est

268 3097 366 3150 τοῦ
403 3096 540 3149 Θεοῦ
576 3097 667 3150 καὶ
701 3097 1095 3167 κεκρατηκέναι
1137 3097 1245 3148 τῶν
1293 3095 1502 3167 ἐχθρῶν
1553 3096 1852 3169 ἐφησθῆναι

1960 3105 2279 3176 particeps;
2321 3104 2464 3172 quod
2501 3104 2794 3170 vigesimus
2828 3116 3001 3155 nouus
3023 3101 3264 3170 psalmus
3291 3102 3527 3157 declarat

270 3187 489 3241 πτώσει
533 3187 694 3240 αὐτοῦ
734 3187 806 3258 μὴ
842 3187 1175 3257 δυναμένων,
1209 3186 1332 3256 ὑψοί
1363 3186 1533 3257 αὐτὴν
1575 3186 1671 3258 τὴν
1697 3186 1856 3241 δύνα-

273 3293 396 3347 μιν,
437 3272 508 3349 ἧς
547 3276 845 3347 μετείληχε,
890 3274 1058 3328 Θεοῦ·
1097 3276 1232 3347 ὅπερ
1257 3275 1507 3347 δηλοῦται.
1541 3279 1597 3329 ὲν
1628 3277 1855 3348 εἰκοστῷ

269 3369 460 3438 ἐνάτῳ
512 3368 619 3437 (59)
658 3367 850 3439 ψαλμῷ
904 3367 989 3421 διὰ
1043 3367 1135 3421 τοῦ
1162 3385 1175 3398 ·
1238 3367 1488 3436 ’Υψώσω
1538 3385 1632 3433 σε,
1658 3369 1853 3436 Κύριε,

269 3462 366 3514 ὅτι
399 3458 701 3525 ὑπέλαϐές
720 3477 825 3528 με,
854 3459 948 3512 καὶ
982 3461 1091 3512 οὐκ
1115 3459 1416 3528 εὔφρανας
1440 3460 1578 3525 τοὺς
1606 3461 1857 3529 ἐχθρούς

261 3573 388 3624 μου
423 3554 522 3608 ἐπ’
571 3554 720 3623 ἐμοί.
798 3553 951 3621 ’Υψοῖ
983 3552 1038 3606 δέ
1083 3570 1166 3616 τις
1214 3553 1303 3606 τὸν
1343 3552 1494 3617 Θεὸν,
1543 3553 1858 3621 ὲγκαινίσας

267 3645 424 3717 αὑτῷ
455 3641 605 3698 οἷκον
653 3646 710 3699 ὲν
744 3644 949 3716 ἐαυτῷ,
995 3646 1115 3698 ἐπεὶ
1159 3645 1253 3698 καὶ
1301 3646 1334 3715 ἡ
1383 3643 1568 3716 γραφὴ
1604 3645 1712 3716 (60)
1764 3645 1857 3698 τοῦ

268 3737 496 3810 ψαλμοῦ
513 3736 686 3801 οὕτως
710 3737 820 3806 ἔχει
844 3753 857 3766 '
889 3737 1134 3806 Ψαλμὸς
1160 3736 1319 3805 ᾠδῆς
1338 3737 1444 3790 τοῦ
1465 3737 1859 3806 ἐγκαινισμοῦ

269 3829 382 3883 τοῦ
421 3830 600 3883 οἴκου
633 3829 738 3882 τοῦ
784 3827 985 3880 Δαυίδ.
1051 3829 1170 3881 Ἔτι.
1195 3826 1304 3899 (61)
1348 3830 1477 3900 περ).
1511 3827 1627 3891 τοῦ,
1672 3829 1860 3897 ’Λγια-

267 3920 478 3988 σθήτω
520 3921 585 3974 τὸ
617 3918 804 3989 ὄνομά
838 3937 981 3983 σου,
1039 3921 1131 3974 καὶ
1171 3919 1280 3972 τῶν
1324 3919 1449 3991 ἑξῆς
1479 3919 1860 3992 προστακτικῷ

268 4015 595 4086 χαρακτῆρι
618 4015 736 4083 είρη
747 4014 944 4082 μένων,
965 4012 1201 4075 λεκτέον,
1227 4013 1306 4064 ὃτι
1330 4012 1567 4082 συνεχῶς
1590 4031 1862 4084 προστακ-

267 4109 445 4168 τικοῖς
470 4102 598 4157 ἀντὶ
622 4102 886 4155 εὑκτικῶν
904 4104 1200 4173 ἐχρήσαντο
1220 4105 1313 4155 καὶ
1329 4105 1376 4155 οἱ
1401 4104 1856 4173 ἑρμηνεύσαντες·

267 4198 345 4261 ὡς
381 4201 440 4250 ἐν
475 4198 594 4257 τοῖς
638 4195 934 4264 Ψαλμοῖς·
977 4197 1212 4250 Ἀλαλα
1241 4194 1546 4264 γενηθήτω
1575 4195 1646 4248 τὰ
1690 4196 1860 4262 χείλη

269 4289 343 4342 τὰ
370 4290 576 4354 δόλια,
603 4286 674 4340 τὰ
695 4285 1005 4340 λαλοῦντα
1030 4285 1177 4338 κατά
1198 4287 1303 4339 τοῦ
1325 4285 1558 4339 δικαίου
1588 4287 1860 4354 ἀνομίαν,

271 4381 395 4434 ἀντὶ
442 4380 544 4433 τοῦ
586 4379 920 4448 γενηθεῖεν,
975 4378 1109 4441 καὶ,
1156 4377 1632 4447 Ἐξερευνησάτω
1667 4377 1862 4430 δανει-

1963 3198 2047 3252 his
2072 3195 2250 3250 verbis
2280 3214 2292 3248 :
2323 3193 2585 3248 Exaltabo
2608 3201 2679 3256 te,
2714 3193 2957 3255 Domine,
2986 3194 3233 3260 quoniam
3256 3195 3528 3263 suscepisti

1960 3305 2059 3354 me,
2105 3305 2197 3341 nec
2231 3286 2499 3341 delectasti
2523 3285 2762 3338 inimicos
2791 3301 2931 3338 meos
2957 3301 3112 3353 super
3135 3288 3271 3338 me’.
3315 3286 3529 3342 Exaltat

1925 3391 1928 3394 '
1961 3389 2138 3436 autem
2176 3379 2340 3432 Deum
2371 3377 2462 3446 qui
2509 3377 2723 3430 domum
2753 3377 2800 3429 ei
2837 3378 2888 3429 in
2915 3377 3090 3444 seipso
3119 3378 3369 3442 dedicat;
3402 3394 3526 3432 nam

1960 3480 2014 3522 et
2041 3469 2320 3538 inscriptio
2357 3465 2546 3534 psalmi
2577 3467 2657 3519 sic
2685 3465 2845 3518 habet
2873 3479 2890 3517 :
2926 3462 3175 3520 Psalmus
3198 3469 3390 3520 cantici
3435 3470 3530 3522 de-

1961 3558 2242 3611 dicationis
2297 3562 2484 3610 domus
2524 3555 2693 3621 ipsius
2734 3553 2927 3607 David.
2979 3555 3250 3610 Praeterea
3295 3557 3361 3612 de
3413 3557 3525 3626 illo,

1961 3647 2333 3714 Sanctiﬁcetur
2374 3661 2559 3698 nomen
2590 3655 2767 3708 tuum,
2798 3651 2854 3698 et
2883 3645 2948 3697 de
2979 3645 3199 3712 reliquis
3229 3661 3348 3716 quae
3373 3648 3532 3702 deiu-

1961 3754 2090 3807 Ceps
2119 3737 2438 3806 imperativo
2477 3735 2733 3788 dicuntur
2763 3733 2945 3797 modo,
2976 3733 3260 3788 dicendum
3297 3737 3532 3806 impera-

1963 3830 2088 3883 tivis
2111 3843 2208 3898 ptio
2223 3827 2477 3896 optativis
2498 3826 2690 3880 crebro
2711 3839 2836 3878 usos
2851 3838 2970 3879 esse
2992 3825 3155 3879 etiam
3177 3824 3528 3895 interpretes,

1963 3932 2020 3975 ut
2075 3921 2128 3974 in
2184 3919 2462 3974 Psalmis:
2499 3916 2650 3970 Muta
2678 3917 2807 3983 ﬁant
2879 3915 3021 3969 labia
3074 3915 3258 3970 dolosa
3288 3934 3407 3987 quae
3451 3919 3534 3972 lo-

1961 4020 2194 4078 quuntur
2241 4009 2488 4061 adversus
2535 4007 2744 4076 justum
2775 4005 3180 4074 iniquitatem“;
3225 4006 3314 4060 ubi
3373 4007 3527 4074 ﬁant,

1963 4117 2060 4171 pro
2091 4102 2291 4154 utinam
2344 4101 2474 4168 ﬁant
2522 4101 2763 4169 ponitur.
2804 4099 2916 4154 Et:
2967 4099 3246 4154 Scrutetur
3267 4100 3532 4168 fenerator

1963 4211 2164 4249 omnem
2207 4193 2554 4247 substantiam
2603 4194 2753 4261 ejus;
2795 4209 2897 4245 non
2938 4193 3004 4245 sit
3045 4192 3124 4245 illi
3153 4193 3369 4260 adjutor
3391 4192 3431 4256 ⁸,
3475 4194 3528 4248 in

1964 4286 2172 4355 psalmo
2204 4285 2499 4338 centesimo
2528 4291 2723 4336 octavo
2754 4284 2819 4337 de
2861 4281 3034 4344 Juda;
3083 4291 3166 4335 est
3209 4281 3349 4334 enim
3387 4290 3530 4337 totus

1965 4377 2054 4438 ille
2091 4376 2326 4444 psalmus
2353 4375 2526 4428 oratio
2561 4374 2626 4427 de
2653 4373 2814 4436 Juda,
2847 4382 2905 4426 ut
2943 4371 3248 4438 hujusmodi
3285 4371 3530 4439 quaedam

272 4475 433 4543 στὴς
468 4472 669 4527 πάντα
705 4472 774 4525 τὰ
820 4469 1167 4539 ὑπάρχοντα
1206 4469 1384 4535 αὐτῷ,
1425 4470 1511 4539 μὴ
1545 4469 1854 4538 ὑπαρξάτω

1968 4471 2042 4524 illi
2086 4467 2420 4535 contingant.
2483 4464 2750 4519 Tatianus
2782 4475 2961 4518 autem
3003 4479 3126 4518 cum
3171 4479 3275 4518 non
3317 4464 3530 4519 intellen

273 4566 440 4631 αὐτῷ
491 4564 902 4632 ἀντιλήπτωρ,
960 4564 1016 4614 ὲν
1065 4561 1141 4632 τῷ
1189 4561 1461 4632 ἑκατοστῷ
1509 4562 1679 4632 ὀγδόῳ
1734 4563 1862 4632 περὶ

287 4658 468 4731 Ἰούδα
486 4675 499 4687 ο
539 4657 658 4718 ὅλος
686 4657 794 4725 γὰρ
818 4656 846 4706 ό
875 4653 1088 4723 ψαλμὸς
1121 4653 1335 4723 αἴτησίς
1359 4655 1475 4705 ἐστι
1510 4653 1635 4724 περὶ
1671 4652 1860 4716 Ἰούδα,

276 4749 367 4818 ἱξνα
402 4749 533 4802 τάδε
560 4749 679 4802 τινὰ
709 4745 857 4816 αὐτῷ
889 4748 1087 4816 συμϐῇ.
1130 4744 1220 4815 Μὴ
1254 4743 1474 4797 συνιδὼν
1504 4743 1560 4796 δὲ
1597 4745 1624 4795 ὁ
1667 4745 1866 4798 Τατια-

273 4839 373 4903 νὸς
417 4839 514 4900 τὸ,
564 4837 890 4908 γενηθήτω,
930 4839 988 4889 οὐ
1037 4836 1261 4890 πάντοτε
1315 4835 1632 4905 συμϐαίνειν
1659 4837 1770 4908 (62)
1806 4839 1865 4891 τὸ

357 4949 408 4981 ³⁸
435 4949 589 5002 Deut.
621 4965 789 5012 xxx",
843 4948 899 5001 2.

277 5016 552 5083 cum“.
612 5018 632 5049 ⁸
662 5017 797 5076 Gen.
824 5033 864 5082 ι,
896 5018 950 5071 5.

633 5147 696 5183 τε
733 5131 926 5209 ῥύμῃζ
956 5128 1232 5209 Bentleius
1260 5128 1419 5209 legit,
1463 5131 1534 5209 τῇ
1569 5145 1627 5209 τε
1669 5128 1847 5201 ῥώμῃ.

381 5199 477 5267 55)
514 5199 638 5267 Πᾶς
663 5217 725 5253 τε
747 5199 992 5267 τρανῶν,
1025 5209 1131 5253 etc.
1173 5199 1294 5252 lltec
1318 5202 1505 5252 hausta
1537 5199 1785 5252 videntur
1823 5215 1854 5251 e

280 5269 535 5326 Platonis
565 5272 748 5325 schola
779 5273 869 5339 qui
898 5270 1184 5325 scientiam
1221 5283 1434 5322 omnem
1473 5283 1570 5336 pro
1627 5269 1852 5322 remini-

279 5345 502 5398 scentia
535 5343 742 5395 habuit.

359 5412 478 5480 (56)
515 5411 690 5465 Codex
723 5426 823 5480 ms.
847 5448 860 5470 ,
887 5411 1075 5480 αἰτεῖν.
1131 5406 1308 5480 Editio
1337 5405 1536 5480 Oxum,
1585 5405 1854 5480 αἰτοῦντα.

360 5413 455 5480 (56
515 5412 690 5465 Codex
723 5426 823 5463 ms.
847 5448 860 5470 ,
887 5412 1075 5462 αἰτεῖν.
1131 5412 1308 5460 Editio
1337 5412 1536 5469 Oxum,
1585 5412 1854 5458 αἰτοῦντα.

360 5412 481 5549 (57;
527 5482 596 5534 Τὸ
639 5479 963 5548 ὺψοῦντος.
1007 5478 1167 5532 Forte
1195 5477 1501 5544 legendum,
1532 5474 1624 5528 τοῦ
1667 5475 1860 5544 ὑψοῦν-

281 5567 379 5613 τος
391 5553 545 5624 Lyci
572 5551 632 5604 τὸ
661 5549 827 5620 ὑψοῦν
849 5550 909 5624 τὸ
928 5549 1145 5624 δνομαη
1170 5619 1182 5624 _
1447 5617 1481 5624 _
1584 5616 1596 5624 _
1637 5613 1648 5624 _

363 5620 482 5689 (58)
522 5622 660 5674 Ante
708 5616 1040 5690 μεταλαϐών
1069 5618 1219 5690 addo
1259 5631 1392 5690 _cu_m
1447 5616 1856 5690 Bentleio,__61e.

289 5684 473 5743 Paulo.
500 5699 620 5760 post
655 5684 835 5760 codex
867 5706 965 5760 ms.
996 5689 1183 5753 habet,
1217 5684 1294 5756 τῷ
1328 5684 1671 5754 ὑπειλῆφθαι..
1711 5687 1856 5742 Edil.

285 5761 474 5818 Oxon.
498 5757 513 5826 ,
552 5760 612 5812 τὸ
650 5757 992 5827 ὑπειλῆφθαι.

982 4947 1028 4978 ³³
1055 4947 1196 5004 Psal.
1228 4963 1372 5012 κων,
1406 4948 1492 5002 18.
1581 4948 1596 4978 ⁸
1629 4948 1774 5004 Psal.
1809 4965 1981 5003 xxxm
2004 4991 2018 5016 ,
2045 4949 2099 5002 4.

1912 4597 1914 4599 ›
1961 4562 2103 4616 xerit
2132 4574 2317 4615 vocem
2341 4597 2356 4621 ,
2397 4557 2527 4625 fiat,
2561 4572 2666 4610 non
2699 4556 2899 4625 ubique
2929 4556 3224 4625 Optativam
3261 4571 3404 4619 esse,
3435 4557 3532 4611 sed

1963 4651 2128 4721 233
2162 4650 2433 4704 interdum
2480 4647 2887 4717 imperativam,
2943 4645 3262 4714 itnpiissima
3314 4646 3381 4700 de
3424 4648 3532 4701 Deo

1962 4758 2298 4799 commentus
2323 4751 2404 4796 est
2424 4745 2514 4809 qui
2533 4740 2674 4793 dixit
2701 4757 2712 4791 :
2742 4736 2864 4790 Fiat
2895 4739 3051 4801 lux“,
3082 4739 3238 4806 quasi
3267 4739 3534 4805 optaverit

1963 4829 2142 4904 petitis
2191 4848 2354 4902 quam
2409 4831 2758 4900 imperaverit
2808 4831 2984 4884 lumen
3043 4827 3194 4893 ﬁeri;
3252 4839 3531 4898 propterea
3573 4887 3578 4892 ,

2198 4950 2218 4979 ³
2253 4945 2396 5000 Psal.
2437 4960 2588 5010 xxix,
2634 4944 2685 4996 t.
2765 4943 2786 4974 ³
2820 4942 2962 4998 Psal.
2997 4956 3124 5007 xxx,
3158 4941 3245 4995 19.
3320 4943 3344 4974 δ
3385 4941 3532 5000 Psal.

2032 5126 2142 5196 (59)
2196 5124 2290 5174 Ἐν
2313 5121 2564 5196 εζκοστῷ
2594 5119 2801 5196 ἐνάτῳ,
2845 5119 3025 5196 Codex
3076 5135 3180 5176 ms.
3214 5120 3378 5177 habet
3426 5120 3530 5174 κθ’.

1961 5191 2139 5250 Editio
2170 5208 2296 5246 vero
2334 5191 2692 5251 Oxouiensis.
2737 5191 2840 5256 a0',
2879 5192 3039 5246 male.

2053 5264 2141 5329 60)
2193 5264 2261 5317 Ἠ
2300 5258 2514 5330 γραφή.
2558 5261 2698 5328 Lego
2725 5277 2844 5313 cum
2881 5260 3187 5330 Bentleioci)
3233 5261 3531 5330 ἐπιγραφή.

2054 5335 2143 5392 61)
2183 5333 2360 5386 Codex
2397 5347 2522 5392 ms.,
2553 5330 2652 5382 ἔτι.
2687 5330 2863 5383 Edilio
2888 5331 3088 5389 Oxou..
3121 5329 3258 5392 ἔστι,
3296 5329 3457 5380 male.

2031 5335 2112 5406 (61
2183 5335 2360 5386 Codex
2397 5347 2522 5392 ms.,
2553 5335 2652 5382 ἔτι.
2687 5335 2863 5383 Edilio
2888 5335 3258 5405 ()xou..'é61:,
3296 5335 3457 5380 male.

2031 5335 2143 5475 (6'3;
2182 5400 2557 5475 Συμϐοιίνειν.
2598 5399 2742 5468 Lego
2775 5399 3183 5475 cuinBeutleto,
3207 5395 3531 5475 ρημςτίνειγ.

1959 5465 2278 5530 Ουέιριίυιιῇ
2301 5481 2358 5523 ιιι
2407 5465 2721 5522 adnotatum
2750 5479 2832 5522 est
2866 5469 2931 5520 ab
2969 5469 3174 5519 cditore
3202 5465 3528 5526 ()x'ouiensi,

1960 5547 2026 5598 de
2075 5545 2174 5596 hac
2233 5541 2344 5608 ipsa
2396 5554 2451 5591 re
2495 5540 2742 5592 Clemens
2797 5533 3534 5608 Alexandrinusinﬁclogis

1963 5603 2338 5681 Theudoria-nis
2370 5611 2497 5681 haec
2515 5611 2674 5681 habet
2701 5625 2715 5660 :
2750 5607 2894 5681 Πρὸς
2923 5604 2978 5655 δὲ
3014 5603 3277 5681 ’ξατιανὸν
3308 5603 3536 5681 λέγοντα

1966 5682 2210 5734 εὐκτικὸν
2259 5675 2396 5730 εἶναι
2453 5678 2545 5737 τὸ,
2603 5671 2922 5743 Γενηθήτω
2966 5671 3118 5743 φῶς,
3167 5671 3418 5726 λεκτέων
3473 5675 3537 5726 Εἰ

1966 5752 2142 5806 τοίνυν
2174 5748 2462 5818 εὐχόμενος
2509 5746 2608 5817 ήδη
2658 5741 2759 5798 τὸν
2792 5741 3187 5812 ὑπερκείμενον
3221 5743 3374 5810 Θεὸν,
3424 5743 3541 5806 πῶς
