3974 6160
512 276 620 333 ωδ

1963 287 2289 344 ORICENIS

3658 297 3761 353 498

509 393 692 463 quod,
744 393 917 462 inquit
952 394 1040 448 ille
1071 394 1276 448 nefarie
1305 397 1578 464 sentiens,
1613 399 1664 452 in
1697 401 1932 456 tenebris
1964 419 2047 456 era

2187 405 2436 458 εὐκτικὸν
2457 446 2469 466 ,
2505 407 2620 461 ἀλλ’
2648 408 2759 460 ἔσθ’
2787 410 2919 462 ὅπου
2960 411 3055 463 καὶ
3105 410 3522 482 προστακτικὸν,
3571 414 3760 466 ἀσεϐέ-

513 485 678 540 l)eus.
732 487 771 538 A
804 502 910 554 quo
937 488 1283 554 quarrendnm
1327 497 1405 541 est
1431 490 1704 558 quomodo
1731 492 1798 546 sit
1827 504 2079 562 acceptu-

511 593 605 632 rus
658 579 786 632 illud
831 598 843 632 :
898 577 1162 631 Germinet
1216 589 1358 632 terra
1409 583 1621 636 herbam
1665 585 1927 650 pabuli“;
1976 597 2073 644 et:

505 669 866 741 Congregetur
907 687 1044 738 aqua
1091 672 1184 724 sub
1221 671 1430 739 uelo";
1469 686 1523 732 et
1550 693 1566 730 :
1599 675 1897 732 Producant
1926 695 2079 750 aquae

506 765 715 827 reptilia
743 765 1040 818 animarum
1078 765 1441 831 viventium";
1478 777 1572 822 et:
1618 766 1886 824 Producat
1935 780 2077 825 terra

504 855 735 908 animum
789 854 1098 908 viventem”.
1172 854 1324 909 itane
1372 866 1429 908 ut
1474 855 1632 910 ﬁrmo
1669 868 1813 910 stare
1845 859 2077 930 vestigio

500 944 700 1013 possit,
727 953 879 1014 optat
909 947 1231 1014 congregari
1267 961 1440 1016 aquas
1470 961 1593 1016 quae
1627 949 1728 1002 sub
1758 949 1897 1006 caelo
1919 957 2076 1006 erant

499 1037 552 1090 in
609 1035 783 1089 locum
842 1035 1053 1089 unum?
1091 1037 1198 1090 Aut
1231 1046 1287 1089 ut
1330 1037 1395 1092 iis
1428 1037 1645 1092 l'ruatur
1665 1055 1784 1108 qua:
1809 1041 2074 1108 germinat

499 1139 665 1189 terra,
707 1135 858 1196 optat
896 1136 951 1179 nt
987 1141 1132 1181 terra
1180 1128 1498 1198 germinet?
1553 1130 1634 1183 An
1681 1129 1820 1184 sicut
1871 1130 2073 1187 lumine

495 1223 806 1291 indigebat,
835 1223 904 1274 ita
935 1223 1233 1292 indigentia
1258 1221 1568 1289 compulsus
1591 1231 1672 1276 est
1692 1235 1751 1277 ut
1779 1223 2067 1293 aquatiles,

495 1325 588 1369 aut
639 1315 921 1378 volatiles,
982 1323 1072 1364 aut
1131 1321 1418 1368 terrestres
1455 1313 1757 1368 animantes
1809 1315 2070 1385 optaret?

492 1408 645 1476 Quod
704 1408 748 1462 si
797 1409 946 1473 juxta
1007 1407 1222 1472 ipsum,
1273 1404 1566 1459 absurdum
1605 1417 1684 1460 est
1734 1407 1850 1461 haec
1899 1407 2066 1460 Deum

492 1516 702 1565 orasse,
738 1516 856 1568 qu:e
915 1498 1252 1566 imperativis
1316 1497 1542 1552 vocibus
1585 1513 1845 1568 expressa
1898 1509 2064 1566 sunt;

493 1593 679 1662 quidni
710 1601 762 1646 et
785 1593 849 1645 de
882 1591 1014 1655 hoc,
1051 1591 1143 1658 ﬁat
1181 1589 1305 1654 lux,
1336 1589 1476 1643 idem
1512 1590 1748 1652 dicatur,
1775 1606 1877 1645 non
1909 1602 2065 1658 opta-

2183 515 2353 552 στατα
2380 498 2640 571 ὑπείληφε
2675 500 2916 571 περὶτοῦ
2957 503 3230 564 εἰπόντος,
3273 501 3588 571 Γενηθήτω
3612 503 3754 572 φῶς,

2180 590 2344 654 Θεοῦ,
2420 591 2496 655 ὡς
2565 591 2867 662 εὐξαμένου
2916 593 3115 663 μᾶλλον
3170 594 3312 664 ῆπερ
3363 595 3758 665 προστάξαντος

2177 679 2472 750 γενηθῆναι
2503 679 2566 733 τὸ
2606 681 2754 750 φῶς·
2794 682 2950 745 ἐπεὶ,
3000 681 3078 745 ὡς
3130 683 3294 752 φησὶν
3347 684 3553 746 ἐκεῖνος
3584 683 3754 750 ἀθέως

2180 773 2334 836 νοῶν,
2389 775 2447 826 ἐν
2491 773 2666 844 σκότῳ
2711 769 2779 845 ἦν
2826 776 2854 828 ὁ
2901 774 3065 839 Θεόςο
3104 773 3241 846 πρὸς
3283 774 3342 828 δν
3370 775 3614 843 λεκτέον,
3641 775 3755 840 πῶς

2176 865 2470 936 ἐκλήψεται
2503 866 2600 918 καὶ
2643 864 2704 918 τό
2726 882 2738 894 ’
2801 864 3213 934 Βλαστησάτω
3265 869 3304 934 ἡ
3360 865 3437 935 γῆ
3483 865 3756 934 ,ϐοτάνην

2174 958 2422 1027 χόρτουο
2465 958 2588 1020 καὶ,
2633 956 2995 1025 Συναχθήτω
3033 959 3100 1013 τὸ
3134 959 3291 1027 ὕδωρ
3338 948 3619 1015 ὑποκάτω
3649 959 3755 1015 τοῦ

2173 1048 2434 1116 οὐρανοῦ
2453 1067 2466 1080 ·
2527 1049 2620 1103 καὶ
2639 1089 2652 1113 ,
2719 1048 3086 1118 Ἐξαγατέτω
3151 1050 3227 1104 τὰ
3294 1051 3483 1105 ὕδατα
3539 1052 3755 1120 ἑρπετὰ

2171 1139 2389 1209 ψυχῶν
2428 1139 2661 1201 ζωσῶν·
2720 1142 2842 1203 καὶ,
2909 1140 3266 1210 Ἐξαγαγέτω
3321 1144 3360 1211 ἠ
3426 1142 3503 1214 γῆ
3540 1141 3756 1212 ψυχὴν⁹

2172 1230 2386 1291 ζῶσαν.
2425 1228 2574 1302 Ἀρα
2598 1233 2706 1304 γὰρ
2733 1233 2872 1303 ὑπὲρ
2901 1232 2994 1285 τοῦ
3018 1234 3110 1286 ἐπί
3135 1234 3350 1305 έδραίου
3373 1236 3566 1305 στῆναι
3601 1234 3756 1306 εὐχα-

2169 1339 2256 1376 ται
2285 1322 2615 1394 συναχθῆναι
2647 1324 2710 1376 τὸ
2737 1323 2880 1394 ὕδωρ
2906 1323 2968 1376 τὸ
2997 1323 3254 1376 ὑποκάτω
3289 1323 3381 1376 τοῦ
3415 1323 3646 1396 οὐρανοῦ
3671 1325 3752 1389 εἰς

2171 1413 2489 1485 συναγωγὴν
2519 1414 2678 1484 μίαν;
2721 1415 2791 1466 Ἢ
2820 1415 2960 1486 ὑπὲρ
2998 1413 3092 1466 τοῦ
3127 1413 3452 1484 μεταλαϐεῖν
3480 1413 3587 1469 τῶν
3625 1415 3753 1483 βλα-

2171 1506 2469 1560 στανόντων
2503 1506 2611 1558 ἀπὸ
2638 1505 2741 1575 γῆς
2763 1504 2978 1574 εὐχεται
3009 1503 3087 1568 τδ,
3126 1504 3542 1572 Βλαστησάτω
3568 1506 3606 1573 ἠ
3637 1505 3713 1575 γῆ
3730 1523 3749 1568 ;

2167 1595 2333 1648 Ποίαν
2367 1595 2422 1648 δὲ
2457 1596 2644 1669 χρείαν
2686 1596 2877 1665 ὁμοίαν
2913 1595 3027 1666 ἔχει
3055 1594 3132 1665 τῷ
3161 1595 3380 1665 χρῄζειν
3403 1594 3510 1664 (63)
3546 1595 3747 1663 φωτὸς,

494 1685 626 1747 tive,
682 1683 774 1737 sed
814 1683 1159 1751 imperative,
1201 1681 1409 1736 dictum
1465 1681 1625 1736 esse?
1679 1680 2047 1736 Necessarium

2165 1686 2271 1740 τῶν
2297 1686 2529 1758 ἐνύδρων
2566 1688 2660 1740 καὶ
2695 1685 2913 1758 πτηνῶν
2949 1685 2985 1757 ἧ
3018 1685 3308 1758 χερσαίων,
3349 1685 3436 1738 ἵνα
3482 1686 3578 1738 καὶ
3617 1687 3748 1757 περὶ

490 1781 623 1834 mihi
657 1781 830 1834 visum
864 1789 967 1844 est,
1016 1795 1138 1832 cum
1182 1777 1273 1832 hic
1321 1774 1657 1845 imperativis
1686 1775 1864 1830 verbis
1888 1777 2047 1829 oratit

2165 1776 2366 1830 τούτων
2410 1777 2661 1849 εὐχηται;
2711 1778 2774 1830 Εἰ
2819 1776 2876 1830 δὲ
2923 1777 3016 1830 καὶ
3061 1778 3181 1828 κατ’
3225 1776 3386 1829 αὐτὸν
3441 1775 3639 1829 ἄτοπον
3685 1776 3749 1829 τὺ

487 1873 769 1927 enuntiata
829 1871 928 1934 sit,
984 1885 1275 1939 pravarum
1346 1867 1494 1923 illius
1547 1867 2058 1937 interpretationum

487 1963 818 2026 meminisse,
851 1977 1036 2017 eorum
1080 1962 1253 2030 gratia
1283 1975 1423 2030 quos
1452 1960 1699 2028 decepit,
1730 1961 1932 2029 quique
1956 1960 2058 2013 im-

484 2054 625 2121 piam
663 2052 807 2105 illius
859 2051 1164 2105 doctrinam
1199 2049 1577 2112 admiserunt,
1609 2047 1659 2100 in
1687 2063 1826 2116 quos
1854 2059 1908 2103 et
1960 2063 2059 2105 nos

483 2147 774 2216 aliquando
815 2145 1124 2200 incidimus.

2168 1867 2297 1938 περί
2349 1867 2552 1921 τούτων
2609 1865 2903 1937 εὐχεσθαι,
2954 1865 3382 1936 προστακτικαῖς
3432 1863 3750 1935 ὀνομασίαις

2163 1959 2488 2029 εἰρημένων,
2537 1957 2654 2020 πῶς
2681 1959 2742 2012 ού
2775 1957 2834 2010 τὸ
2858 1958 3041 2028 ὅμοιον
3091 1955 3308 2009 λεκτέον
3342 1957 3437 2011 καὶ
3475 1957 3603 2028 περὶ
3626 1955 3746 2020 τοῦ,

2163 2049 2478 2117 Γενηθήτω
2499 2048 2644 2117 φῶς,
2661 2049 2737 2111 ὡς
2767 2047 2841 2119 μὴ
2865 2046 3150 2111 εὐκτικῶς,
3177 2047 3313 2101 ἀλλὰ
3330 2047 3747 2118 προστακτικῶς

2161 2142 2448 2214 εἰρημένου
2471 2158 2486 2206 ;
2521 2139 2855 2209 Ἀναγκαίως
2872 2139 2928 2192 δέ
2953 2156 3041 2210 μοι
3067 2138 3333 2204 ἐδοξεν,ὲν
3365 2143 3484 2203 ταῖς
3514 2156 3747 2211 προστα-

481 2240 691 2300 κτικαῖς
741 2239 943 2304 φωναῖς
976 2233 1271 2306 εἰρημένης
1297 2233 1494 2302 εὐχῆς,
1536 2233 1948 2304 ὑπομνησθῆναι
1991 2232 2099 2286 τῶν
2123 2232 2472 2304 παρεκδοχῶν
2502 2229 2666 2285 αὐτοῦ
2696 2232 2786 2285 διὰ
2833 2226 2955 2294 τοὺς
3002 2230 3407 2301 ἠπατημένους,
3442 2231 3534 2284 καὶ
3568 2246 3748 2302 παρα·

478 2328 802 2399 δεξαμένους
848 2327 945 2398 τὴν
991 2325 1164 2396 ἀσεϐῆ
1215 2325 1561 2379 διδασκαλίαν
1595 2326 1760 2380 αὐτοῦ
1783 2364 1798 2390 ,
1847 2319 1922 2380 ὧν
1975 2327 2068 2380 κα).
2095 2328 2258 2399 ἡμεῖς
2289 2342 2418 2378 ποτε
2449 2323 2853 2394 πεπειράμεθα.

546 2420 636 2475 25.
678 2419 930 2471 Adreniat
960 2433 1176 2484 regnum
1209 2425 1380 2468 tuum.
1421 2414 1479 2468 Si
1510 2431 1722 2484 regnum
1754 2415 1868 2479 Dei,
1895 2414 2049 2482 juxta

477 2514 704 2567 verbum
757 2509 966 2564 Domini
1015 2517 1069 2561 et
1102 2507 1412 2560 Servatoris
1438 2505 1628 2569 nostri,
1657 2522 1774 2560 cum
1813 2507 2055 2560 observa-

478 2606 620 2658 tione
679 2619 780 2654 non
828 2603 958 2654 rcnit
980 2642 995 2662 ,
1051 2616 1213 2664 neque
1263 2599 1434 2651 dicent
1465 2613 1481 2650 :
1517 2597 1652 2650 Ecce
1681 2597 1787 2661 hic,
1818 2608 1906 2650 aut
1938 2614 2053 2651 ecce

475 2693 623 2757 illic;
649 2693 739 2746 sed
772 2707 981 2761 regnum
1019 2690 1108 2743 Dei
1135 2692 1274 2742 intra
1309 2705 1407 2742 nos
1430 2700 1502 2741 est
1535 2688 1600 2754 ⁸ο,
1645 2705 1764 2740 ηαιη
1795 2703 1954 2758 prope
1973 2697 2052 2743 est

475 2785 682 2837 verbum
732 2781 880 2833 valde
922 2780 976 2831 in
1014 2795 1102 2832 ore
1153 2787 1339 2831 nostro
1369 2785 1423 2830 ct
1466 2778 1518 2830 in
1566 2777 1720 2829 corde
1747 2776 1784 2806 “
1821 2785 2046 2830 nostro:

474 2876 662 2947 procul
712 2877 874 2929 dubio
906 2876 952 2928 is
979 2876 1070 2942 qui
1104 2889 1325 2942 regnum
1359 2871 1449 2924 Dei
1484 2871 1741 2925 advenire
1776 2880 2047 2941 precatur,

475 2969 544 3022 de
588 2982 650 3021 eo
693 2967 831 3036 quod
883 2966 934 3018 in
983 2979 1040 3017 se
1086 2965 1244 3016 habet
1292 2978 1459 3030 regno
1490 2963 1580 3016 Dei
1619 2975 1764 3016 recte
1790 2973 1935 3023 orat,
1991 2970 2051 3017 ut

475 3057 706 3120 Oriatur,
744 3064 799 3109 et
851 3054 1055 3108 fructus
1087 3054 1255 3118 lerat,
1305 3062 1358 3108 et
1415 3053 1743 3123 perﬁciatur.
1810 3049 1944 3105 Nam
1993 3052 2048 3106 in

475 3151 720 3220 quolibet
757 3159 1067 3204 sanctorum
1098 3149 1240 3202 Deus
1265 3158 1473 3216 regnat,
1498 3159 1549 3201 et
1577 3147 1804 3216 quilibet
1829 3155 2049 3202 sam-tus

475 3241 854 3312 spiritualibus
883 3239 1204 3307 obsequitur
1233 3238 1441 3306 legibus
1473 3237 1564 3290 Dei
1591 3237 1680 3306 qui
1715 3237 1766 3290 in
1799 3239 1915 3305 ipso
1947 3239 2047 3292 ha-

475 3335 652 3398 bitat,
699 3345 760 3387 ut
797 3335 849 3386 in
899 3341 1049 3386 recte
1081 3330 1458 3384 administrata
1496 3329 1740 3384 civitate.
1798 3329 2048 3385 Prtesens

471 3425 520 3478 ei
568 3422 728 3478 Pater
756 3423 946 3485 adest,
990 3431 1044 3476 et
1082 3429 1382 3491 conregnat
1411 3419 1558 3473 Patri
1588 3417 1839 3474 Christus
1868 3421 1920 3474 in
1958 3421 2044 3474 illa

471 3515 650 3568 anima
688 3513 927 3582 perfecta
957 3512 1112 3579 juxta
1147 3510 1274 3564 illud
1302 3509 1458 3574 cujus
1483 3509 1643 3578 paulo
1671 3521 1799 3563 ante
1842 3511 2045 3564 mentio

470 3605 614 3659 facta
635 3616 719 3659 est
755 3623 767 3658 :
801 3605 1019 3657 Adeunt
1045 3600 1389 3670 veniemus,et
1407 3601 1731 3654 mansionem
1753 3600 1894 3662 apud
1924 3617 2043 3654 eum

467 3699 721 3766 faciemus
743 3698 808 3751 “.
837 3696 913 3748 Ac
940 3695 1030 3748 Dei
1056 3694 1271 3763 quidem
1297 3710 1518 3764 regnum
1542 3693 1646 3747 dici
1677 3703 1804 3761 puto
1831 3692 2042 3747 felicem

467 3791 768 3859 Superioris
787 3790 956 3858 partis
980 3789 1173 3842 anima:
1192 3795 1415 3853 statum,
1434 3786 1867 3855 composita~que
1890 3797 1944 3840 et
1959 3799 2043 3839 sa-

467 3885 678 3952 pientes
711 3883 1104 3952 cogitationes;
1138 3895 1360 3945 regnum
1380 3895 1507 3934 vero
1537 3879 1738 3934 Christi
1772 3891 1883 3932 tum
1923 3894 2041 3934 ser-

466 3987 657 4026 mones
677 3972 766 4040 qui
811 3972 863 4022 in
889 3971 1221 4024 audientium
1255 3968 1484 4036 salutem
1514 3965 1884 4035 proferuntur,
1924 3975 2036 4020 tum

463 4065 553 4135 qui
585 4062 946 4133 perﬁciuntur
981 4068 1133 4114 actus
1177 4058 1404 4126 jnstitia:
1433 4066 1488 4110 et
1515 4066 1836 4110 czeterarnm
1867 4058 2039 4110 virtu-

465 4167 610 4223 tum;
640 4157 873 4212 Verbum
895 4153 1109 4208 enimet
1132 4151 1465 4219 justitiaest,
1489 4146 1658 4201 Filius
1691 4148 1804 4200 Dei.
1836 4148 2035 4202 Contra

460 4249 514 4304 in
547 4262 737 4303 omnes
772 4257 1084 4316 peccatores
1133 4241 1471 4312 tyrannidem
1519 4249 1740 4296 exercet
1783 4241 2035 4310 princeps

457 4341 637 4396 saeculi
664 4341 859 4409 hujus;
904 4338 1083 4408 quivis
1102 4337 1246 4390 enim
1267 4343 1523 4404 peccator
1550 4333 1802 4401 pranenti
1836 4333 2035 4387 saeculo

457 4448 688 4502 nequam
706 4432 1042 4498 mancipatus
1063 4438 1163 4490 est,
1181 4443 1303 4482 cum
1325 4442 1383 4480 se
1401 4441 1506 4479 non
1528 4424 1705 4479 tradat
1722 4425 1767 4478 ei
1786 4427 1873 4495 qui
1888 4425 2032 4478 dedit

2241 2413 2485 2468 Ἐλθέτω
2502 2415 2538 2483 ἠ
2549 2415 2839 2478 ,ϐασιλεία
2853 2413 2988 2469 σου.
3008 2417 3075 2468 Ei
3091 2413 3129 2480 ἦ
3141 2414 3430 2480 ,ϐασιλεία
3445 2413 3550 2466 τοῦ
3568 2413 3739 2468 Θεοῦο

2160 2506 2299 2560 κατὰ
2335 2507 2423 2560 τὸν
2456 2507 2610 2576 λόγον
2641 2508 2733 2560 τοῦ
2761 2509 2964 2580 Κυρίου
2991 2509 3083 2560 καὶ
3105 2509 3355 2579 Σωτῆρος
3387 2510 3419 2578 ἡ
3429 2507 3565 2578 μῶν,
3593 2507 3737 2577 μετὰ

2157 2600 2627 2668 παρατηρήσεως
2661 2602 2771 2653 οὐκ
2801 2601 3055 2669 ἔρχεται,
3079 2598 3221 2653 οὐδὲ
3251 2599 3524 2668 ἐροῦσιν·
3593 2599 3736 2654 Ἰδοὺ

2155 2685 2294 2753 ὧδε,
2325 2691 2362 2759 ἢ
2398 2692 2526 2744 ἰδοὺ
2560 2691 2688 2745 ἐκεῖ
2708 2735 2721 2758 ,
2753 2691 2889 2745 ἀλλὰ
2923 2693 2960 2760 ἡ
3000 2691 3277 2745 ϐασιλεία
3303 2691 3408 2745 τοῦ
3445 2691 3592 2745 Θεοῦ
3636 2691 3733 2744 ἐν-

2157 2785 2260 2848 τὸς
2291 2783 2446 2855 ἡμῶν
2477 2785 2667 2851 ἐστιν,
2699 2785 2879 2854 ἐγγὺς
2906 2786 3016 2854 γὰρ
3044 2786 3107 2837 τὸ
3147 2784 3315 2854 ῥῆμά
3337 2785 3467 2838 ἐστι
3502 2784 3736 2853 σφόδρα

2155 2877 2226 2929 ἐν
2252 2873 2331 2939 τῷ
2359 2877 2609 2944 στόματι
2640 2877 2818 2947 ἡμῶν,
2858 2877 2956 2929 καὶ
2987 2877 3057 2930 ἐν
3089 2876 3163 2944 τῇ
3192 2875 3407 2944 καρδίᾳ
3433 2875 3623 2946 ἡμῶνο
3651 2876 3737 2946 δη·

2154 2964 2326 3018 λονότι
2349 2967 2376 3017 δ
2397 2965 2688 3034 εὐχόμενος
2707 2965 2880 3018 ἐλθεῖν
2903 2966 3000 3036 τὴν
3022 2965 3294 3036 βασιλείαν
3318 2964 3411 3018 τοῦ
3428 2963 3583 3031 Θεοῦ,
3609 2965 3733 3036 περί

2153 3054 2246 3109 τοῦ
2276 3055 2373 3128 τὴν
2415 3057 2474 3108 ἐν
2505 3056 2654 3126 αὐτῷ
2695 3055 2970 3126 βασιλείαν
3016 3056 3107 3108 τοῦ
3137 3055 3270 3108 Θεοῦ
3320 3055 3595 3110 ἀνατεῖλαι
3640 3057 3732 3110 καὶ

2155 3146 2572 3218 καρποφορῆσαι
2625 3146 2719 3198 καὶ
2763 3146 3144 3216 τελειωθῆναι,
3194 3147 3427 3214 εὐλόγως
3475 3147 3728 3218 εὔχεταιθ

2150 3241 2350 3304 παντὸς
2385 3240 2482 3310 μὲν
2507 3239 2661 3307 ἁγίου
2689 3238 2793 3292 ὑπὸ
2819 3239 2953 3292 Θεοῦ
3003 3239 3443 3310 βασιλευομένου,
3487 3243 3582 3295 καὶ
3620 3245 3729 3306 τοῖς

2149 3335 2538 3403 πνευματικοῖς
2558 3333 2740 3404 νόμοις
2760 3329 2854 3383 τοῦ
2875 3330 3007 3384 Θεοῦ
3027 3331 3344 3402 πειθομένου
3361 3371 3376 3396 ,
3393 3332 3554 3386 οἱονεὶ
3583 3335 3730 3388 εὐνο-

2149 3426 2426 3498 μουμένην
2451 3423 2604 3478 πόλιν
2625 3421 2898 3487 οἰκοῦντος
2919 3423 3109 3478 ἑαυτόν
3128 3441 3140 3453 ·
3165 3424 3434 3494 παρόντος
3448 3425 3557 3495 (64)
3582 3427 3728 3498 αὐτῷ

2143 3517 2237 3571 τοῦ
2257 3517 2488 3590 Πατρὸς,
2504 3517 2598 3570 καὶ
2619 3533 2683 3568 συ
2692 3514 3077 3586 μ6ουλεύοντος
3097 3516 3173 3586 τῷ
3189 3517 3362 3588 ιΙατρί
3375 3517 3470 3570 τοῦ
3492 3519 3722 3590 Χριστοῦ

2143 3609 2202 3661 ἐν
2225 3611 2290 3678 τῇ
2316 3605 2710 3678 τετελειωμένη
2731 3605 2876 3676 ψυχῇ
2906 3605 3045 3659 κατὰ
3078 3606 3137 3658 τὸ
3171 3608 3477 3677 εἰρημένον,
3517 3601 3578 3661 οὗ
3621 3607 3723 3681 πρὸ
3820 3629 3823 3631 ·

2145 3698 2376 3770 βραχέος
2406 3699 2775 3768 ἐμνημόνευον
2799 3713 2812 3726 ·
2843 3697 2998 3764 Πρὸς
3022 3698 3207 3750 αὐτὸν
3226 3698 3717 3769 ἐλευσόμεθα,καί

2136 3789 2337 3858 μονὴν
2366 3791 2501 3856 παρ’
2531 3787 2690 3854 αὐτῷ
2721 3790 3109 3858 ποιησόμεθα.
3152 3789 3260 3842 Καὶ
3300 3784 3453 3860 οἶμαι
3485 3793 3720 3844 νοεῖσθαι

2140 3880 2277 3934 Θεοῦ
2315 3881 2412 3951 μὲν
2458 3881 2734 3951 βασιλείαν
2777 3880 2874 3953 τὴν
2931 3883 3206 3952 μακαρίαν
3256 3882 3346 3935 τοῦ
3392 3883 3716 3954 ἡγεμονικοῦ

2141 3971 2493 4033 κατάστασιν,
2523 3973 2616 4025 καὶ
2649 3973 2710 4025 τὸ
2740 3973 3071 4043 τεταγμένον
3122 3973 3231 4026 τῶν
3269 3974 3445 4042 σοφῶν
3485 3975 3716 4044 διαλογι-

2141 4061 2292 4132 σμῶν
2311 4079 2323 4091 ·
2347 4061 2583 4133 Χριστοῦ
2602 4061 2657 4114 δὲ
2681 4062 2954 4133 βασιλείαν
2970 4063 3091 4126 τοὺς
3113 4064 3399 4135 προϊόντας
3423 4066 3716 4136 σωτηρίους

2137 4155 2247 4215 τοῖς
2279 4153 2534 4206 ἀκούουσι
2561 4151 2747 4222 λόγους
2766 4194 2779 4218 ,
2809 4155 2901 4206 καὶ
2935 4155 3003 4208 τὰ
3039 4156 3134 4224 μὲν
3157 4155 3549 4226 ἐπιτελούμενα
3582 4157 3714 4229 ἔργα

2135 4243 2477 4314 δικαιοσύνης
2505 4244 2600 4298 καὶ
2625 4245 2733 4298 τῶν
2761 4243 2962 4297 λοιπῶν
2993 4245 3199 4316 ἀρετῶν
3223 4263 3237 4276 ·
3274 4248 3445 4316 Λόγος
3477 4247 3585 4319 γὰρ
3622 4250 3714 4302 καὶ

2133 4334 2444 4406 δικαιοσύνη
2478 4336 2506 4388 ό
2547 4335 2674 4398 Υἱὸς
2703 4335 2795 4388 τοῦ
2820 4335 2952 4388 Θεοῦ
2976 4353 2989 4366 ο
3023 4336 3220 4401 παντὸς
3255 4337 3575 4408 ἁμαρτωλοῦ
3602 4338 3710 4408 (65)

2135 4424 2705 4496 κατατυραννουμένου
2764 4426 2869 4478 ὐπὸ
2917 4425 3010 4478 ⁴τοῦ
3057 4427 3315 4498 ἄρχοντος
3362 4427 3455 4481 τοῦ
3518 4430 3711 4495 αἰῶνος

452 4524 785 4589 semetipsum
815 4537 906 4587 pro
938 4521 1085 4573 nobis
1113 4519 1473 4587 peccatoribus
1504 4526 1558 4570 ut
1587 4518 1805 4584 eriperet
1841 4533 1932 4569 nos
1967 4517 2030 4568 de

2160 4515 2358 4568 τούτοιν
2417 4518 2536 4568 ἐπεὶ
2584 4518 2691 4580 πᾶς
2736 4517 3058 4589 ἁμαρτωλὸς
3101 4517 3179 4587 τῷ
3239 4519 3491 4573 ἐνεστῶτι
3554 4521 3710 4577 αἰῶνι

454 4612 699 4678 ῃνιινδειιιί
728 4609 891 4681 239
918 4609 1110 4664 sa'culo
1151 4625 1371 4678 nequam
1409 4617 1458 4661 et
1485 4609 1698 4675 eriperet
1741 4607 2026 4661 secundum

455 4700 772 4753 voluntatem
794 4701 886 4752 Dei
905 4709 949 4752 et
970 4698 1144 4751 Patris
1180 4699 1341 4750 nostri
1359 4697 1424 4760 ¹³,
1443 4695 1594 4764 juxta
1613 4711 1673 4749 ea
1693 4711 1812 4764 qua:
1833 4696 2025 4750 dicun-

456 4801 545 4843 tur
575 4791 626 4842 in
654 4791 889 4858 Epistula
924 4794 990 4842 ad
1028 4789 1268 4843 Galatas.
1303 4787 1405 4854 Qui
1432 4803 1558 4840 vero
1581 4786 1842 4855 principis
1866 4786 2023 4855 hnjns

453 4883 636 4936 saeculi
663 4883 1000 4951 tyrannidem
1043 4882 1252 4944 patitur
1293 4880 1463 4932 libero
1505 4879 1712 4948 peccati
1766 4878 2021 4941 arbitrio,

523 5019 544 5047 ⁰
563 5016 762 5070 Cenes.
784 5031 821 5077 ι,
846 5015 930 5068 l-l.

453 5103 562 5151 xlv,
589 5087 681 5140 25.
757 5087 799 5116 ”
837 5087 1016 5140 Galat.
1044 5101 1082 5146 ι,
1113 5085 1168 5140 4.

447 5224 634 5295 λέγει,
683 5223 822 5292 Ἐγὼ
868 5223 1038 5287 Θεὸς,
1089 5223 1183 5276 καὶ
1230 5222 1366 5294 πλὴν
1425 5221 1560 5293 ἐμοῦ
1615 5223 1772 5295 ἄλλος
1804 5222 2016 5285 οὐδείς;

446 5294 528 5349 Ad
558 5295 842 5348 Tatianum
877 5304 1050 5347 autem
1097 5295 1352 5346 dicentem
1391 5294 1652 5362 precantis
1691 5309 1801 5345 esse
1840 5295 2015 5344 illud:

1005 5015 1205 5078 'lliid.,
1238 5016 1289 5069 9.
1368 5015 1389 5048 ⁸
1422 5014 1696 5078 lbid.,‘20.
1776 5016 1796 5046 ⁹
1829 5015 1988 5080 lbitl.,
2027 5016 2119 5070 24.

2135 4606 2354 4679 πονηρῷ
2379 4607 2649 4678 ᾠκείωται
2671 4649 2684 4672 ,
2735 4610 2809 4680 μὴ
2841 4611 3173 4681 ἐμπαρέχων
3214 4611 3402 4665 ἑαυτὸν
3439 4611 3518 4682 τῷ
3546 4611 3708 4664 δόντι

2132 4698 2348 4751 ἑαυτὸν·
2375 4697 2641 4765 περὶτῶν
2658 4699 3014 4769 ἁμαρτωλῶν
3041 4702 3155 4771 (66)
3190 4701 3372 4771 ἡμῶν,
3398 4702 3557 4768 ὅπως
3582 4702 3707 4767 ἐξέκ-

2129 4791 2307 4856 ληται
2356 4789 2512 4859 ἡμᾶς
2552 4792 2615 4845 ἐκ
2647 4792 2752 4844 τοῦ
2787 4791 3002 4860 αἰῶνος
3033 4792 3139 4846 τοῦ
3167 4791 3494 4860 ἐνεστῶτος
3525 4807 3706 4860 πονη-

2121 4881 2260 4948 ροῦ,
2301 4885 2394 4937 καί
2421 4884 2694 4952 ἐξέληται
2735 4885 2843 4955 (67)
2879 4888 3026 4942 κατὰ
3061 4889 3127 4940 τὸ
3161 4885 3387 4954 θέλημα
3421 4887 3527 4941 τοῦ
3555 4884 3701 4942 Θεοῦ

2201 5021 2243 5050 ¹⁰
2270 5018 2399 5073 Luc.
2431 5036 2564 5086 xm,
2591 5023 2683 5088 20,
2715 5023 2806 5077 21.
2885 5024 2926 5054 ¹¹
2961 5023 3116 5078 Deut.
3143 5038 3271 5089 xxx,
3305 5023 3388 5078 14.
3470 5024 3513 5056 ¹³
3541 5021 3696 5078 Joan.

2115 5221 2364 5294 λεύοντος
2395 5222 2472 5293 τῷ
2506 5223 2681 5294 Harp!
2709 5221 2800 5274 τοῦ
2840 5223 3096 5294 Χριστοῦ.

2188 5293 2300 5361 (όῆ)
2341 5289 2570 5358 Παντὸς
2617 5289 2986 5360 ἀμαρτωλὸῦ.
3033 5294 3198 5347 liccte
3238 5289 3538 5360 Bentleius,
3563 5308 3698 5345 παν-

447 5364 574 5420 Fiat
601 5365 718 5427 lux,
756 5365 1172 5432 respondendum
1203 5372 1276 5415 est
1300 5378 1318 5412 .·
1341 5361 1664 5428 siprecatur
1697 5364 2016 5432 superiorem

2160 5364 2206 5423 ὃς
2233 5361 2288 5414 δὲ
2317 5361 2664 5432 ἁμαρτωλοῦ,
2710 5373 2768 5432 ut.
2791 5362 3058 5424 ἀντίθεσις
3098 5367 3167 5432 sit
3208 5363 3475 5432 superiori
3522 5379 3698 5415 mem-

445 5435 641 5499 Deum,
665 5453 758 5488 cur
779 5437 905 5489 dicit
931 5451 948 5488 :
974 5433 1082 5503 Ego
1111 5433 1278 5503 Deus;
1305 5442 1500 5503 pra'ter
1521 5447 1610 5503 inre
1634 5432 1768 5503 alter
1796 5431 2021 5503 nullus?

517 5506 628 5575 (65)
669 5508 847 5560 Codex
893 5501 1036 5571 nis.,
1092 5502 1168 5572 τῷ
1217 5501 1456 5573 χρῄζειν.
1517 5502 1662 5557 Edit.
1705 5502 1916 5568 Oxon.,
1959 5501 2020 5553 τὸ

441 5575 920 5724 χῗῃξῗζνίεαυτόν
937 5663 949 5676 ⁸
979 5646 1294 5724 παρέντος,
1315 5651 1423 5724 etc.
1454 5639 1598 5724 bego
1614 5652 1737 5724 cutlt
1759 5635 2017 5724 Bentleio,

443 5714 641 5768 αὐτόν’
701 5717 961 5778 παρόντος
997 5711 1144 5787 αὐτῷ
1187 5716 1281 5768 τοῦ
1313 5714 1554 5786 Πατρδςν
1617 5713 1710 5765 καὶ
1754 5711 2016 5782 συμϐασι·

2117 5432 2216 5485 bro
2238 5471 2252 5493 ,
2285 5430 2486 5495 παντδς
2515 5433 2611 5501 μὲν
2639 5430 2791 5502 ἁγίου
2828 5432 2932 5485 ὑπὸ
2964 5432 3098 5485 Θεοῦ
3131 5431 3573 5502 βασιλευομένου.

2191 5502 2299 5572 (66)
2348 5499 2760 5572 Ἀμαρτωλῷικ
2814 5503 2912 5572 rSic
2960 5499 3314 5572 recte‘hah‘et
3362 5499 3532 5553 codex
3589 5513 3692 5554 ms.

2126 5568 2427 5626 Male'wro
2455 5568 2620 5624 editio
2649 5569 2995 5641 Oxoniensis,
3028 5568 3334 5641 ἁμαρτιῶν.
3369 5640 3374 5641 ί
3492 5637 3495 5639 _

2198 5642 2308 5711 (67)
2345 5641 2455 5694 Καὶ
2487 5641 2780 5708 ἐξέληται.
2827 5639 2948 5694 Haec
2980 5637 3178 5694 οιιιέεδε
3208 5649 3341 5711 sunt
3365 5640 3417 5692 in
3451 5637 3695 5695 editione

2124 5710 2324 5776 Oxon.,
2361 5712 2488 5766 licet
2517 5720 2732 5765 exstent
2761 5711 2812 5763 in
2846 5711 3219 5779 manuscripto
3242 5710 3452 5765 Codice.
