3974 6160
283 273 405 335 497
1372 291 1374 293 ’
1512 279 1836 334 LIBELLUS

1945 279 1966 332 ι
2001 277 2372 335 ORATIONE.
2451 240 2453 242 ’
3455 277 3580 335 ωει-

281 389 395 442 atat
433 389 676 460 Πατρός
708 391 877 462 ἡμῶν
901 433 916 456 ,
954 391 1094 446 κατὰ
1148 390 1217 445 τὰ
1263 393 1321 444 ἐν
1355 394 1418 462 τῇ
1458 392 1594 463 πρὸς
1646 392 1836 447 Γαλάτι

1945 392 2048 456 lin
2102 407 2222 446 cuin
2268 401 2322 445 et
2371 396 2653 459 peccatum
2697 395 2904 459 regnat.
2955 386 3138 452 Quare
3182 384 3329 453 jubet
3365 386 3560 443 Paulus

280 480 580 550 εἰρημένα
628 483 934 554 Ἐπιστολῇ.
1005 483 1062 536 '0
1101 483 1158 536 δὲ
1189 483 1754 554 κατατυραννούμενος
1786 483 1836 536 in

1992 493 2046 536 ut
2081 499 2186 537 non
2222 483 2451 550 amplius
2479 481 2835 549 subjiciamur
2876 490 3096 550 peccato
3131 495 3357 548 regnare
3386 480 3437 532 in
3461 495 3558 532 no-

277 569 382 622 τοῦ
418 570 696 642 ἄρχοντος
744 575 936 627 τούτου
994 573 1088 627 τοῦ
1131 573 1325 638 αίῶνος
1381 573 1460 644 τῷ
1509 574 1740 644 ἑκουσίῳ
1791 575 1836 626 τί

1989 575 2072 628 bis
2101 574 2340 641 volenti;
2377 576 2623 645 pra-cipit
2670 585 2847 630 autem
2895 574 2977 629 his
3018 574 3195 627 verbis
3227 591 3239 625 :
3280 572 3401 626 Non
3434 589 3560 640 ergo

279 663 603 733 ἁμαρτίας,
638 667 731 718 καὶ¹
753 665 1096 736 βασιλεύεται
1127 665 1230 719 ὑπὸ
1258 665 1357 735 τῆς
1383 666 1673 736 ἁμαρτίας·
1701 665 1836 718 διόπε

1990 677 2162 734 regnet
2202 681 2472 736 peccatum
2511 670 2565 721 in
2619 679 2797 721 nostro
2831 667 3044 720 mortali
3090 681 3323 735 corpore,
3351 678 3404 718 ut
3433 669 3554 720 obe-

275 751 645 822 κελευόμεθα
674 754 779 808 ὑπὸ
812 755 906 809 τοῦ
940 755 1154 809 Παύλου
1185 793 1200 818 ,
1238 754 1434 825 μηκέτι
1485 752 1836 806 ὑποτάσσεσθ‹

1991 759 2148 810 diutis
2184 759 2615 819 concupiscentiis
2651 760 2764 828 ejus
2789 761 2851 812 ”.
2918 755 3118 810 Verum
3168 759 3307 810 dicet
3359 758 3553 826 aliquis

274 840 529 915 θελούσῃ
565 846 631 914 τῇ
663 846 907 917 ἁμαρτίᾳ
941 845 1241 916 βασιλεύειν
1270 844 1424 916 ἡμῶν
1444 861 1457 875 ·
1489 845 1583 898 καὶ
1611 859 1836 914 προστας

1987 845 2054 898 ad
2099 859 2392 912 utrumque
2439 846 2653 900 illoruzn
2697 869 2708 901 ;
2754 844 3123 914 Sam-tiﬁcetur
3157 862 3340 899 nomen
3382 855 3550 911 tuum,

189 984 208 1004 ,
275 931 506 1002 σόμεθά
542 951 608 1003 γε
646 936 734 989 διὰ
777 937 982 991 τούτων
1015 955 1028 968 ο
1081 937 1180 1006 Μὴ
1242 933 1358 991 οὖν
1410 935 1786 1001 βασιλευέτω

1984 945 2038 991 et
2070 953 2083 989 :
2117 937 2370 990 Adveniat
2413 953 2626 1002 regnum
2673 948 2818 989 tuum
2863 953 2879 990 :
2937 939 2980 991 si
3031 939 3076 991 is
3121 940 3210 1005 qui
3241 949 3386 1002 orat,
3433 939 3553 992 ideo

269 1022 553 1090 ἁμαρτία
587 1025 656 1078 ἐν
690 1025 772 1090 τῷ
823 1026 1016 1094 θνητῷ
1046 1026 1214 1096 ἡμῶν
1245 1025 1356 1096 (68)
1403 1024 1628 1095 σώματι
1651 1065 1667 1090 ,
1701 1027 1781 1089 είς
1821 1043 1836 1077 ιι

1982 1035 2094 1079 orat
2137 1034 2196 1078 ut
2236 1027 2578 1089 exaudiatur,
2624 1033 2680 1079 et
2731 1027 3023 1078 exauditur
3069 1027 3390 1095 aliquando;
3435 1027 3551 1098 pla-

269 1111 596 1168 ὑπακούειν
618 1121 736 1180 ταῖς
755 1117 1066 1189 ἐπιθυμίαις
1086 1118 1275 1188 αὐτῆς.
1324 1117 1466 1172 Ἀλλ’
1499 1121 1614 1188 ἐρεῖ
1640 1135 1724 1182 τις
1743 1118 1836 1189 πρε

1983 1133 2108 1170 num
2142 1128 2224 1171 est
2256 1115 2499 1171 futurum
2533 1115 2820 1185 aliquando
2858 1125 2915 1168 ut
2957 1117 3328 1172 sanctiiicctur
3361 1119 3548 1184 alicui,

267 1204 606 1276 ἀμφότερα,
639 1206 700 1260 τό
723 1225 780 1260 τε
807 1248 822 1272 ,
865 1206 1218 1276 Ἁγιασθήτω
1248 1207 1314 1260 τὸ
1356 1204 1543 1277 ὄνομᾶ
1574 1223 1723 1274 σου,
1784 1225 1836 1260 κι

1972 1206 2128 1272 juxta
2177 1221 2242 1262 ea
2277 1222 2399 1277 quae
2442 1208 2586 1260 dicta
2631 1215 2780 1272 sunt,
2813 1221 3010 1261 nomen
3059 1208 3172 1274 Dei,
3219 1224 3550 1279 regnumque

264 1291 352 1356 τὸ,
405 1294 682 1348 Ἐλθέτω
717 1295 755 1362 ἡ
779 1296 1069 1359 ,βασιλεία
1097 1310 1214 1351 σου
1239 1313 1250 1325 ·
1283 1297 1364 1350 ὅτι
1389 1335 1404 1360 ,
1449 1297 1499 1348 εί
1528 1297 1556 1349 6
1589 1296 1836 1366 εὐχόμενι

1981 1299 2072 1352 Dei
2105 1298 2153 1351 ei
2193 1299 2470 1352 adveniat.
2529 1297 2660 1362 Quae
2707 1297 2754 1350 si
2803 1297 3076 1362 habuerit,
3115 1301 3384 1365 quomodo
3418 1314 3548 1352 con-

263 1385 364 1438 ἐπὶ
394 1385 481 1456 τῷ
510 1387 885 1441 ἐπακούεσθαι
919 1386 1137 1458 εὔχεται
1167 1429 1181 1452 ,
1218 1387 1314 1440 καὶ
1365 1385 1692 1441 ἐπακούεταί
1723 1403 1836 1440 ποτε

1983 1391 2261 1446 venienter
2303 1391 2480 1443 adhuc
2522 1389 2704 1444 orabit
2748 1403 2845 1456 pro
2878 1389 2961 1442 bis
2997 1405 3117 1458 qua-
3147 1392 3360 1456 adsunt,
3395 1394 3546 1460 quasi

257 1475 522 1547 δηλονότι
567 1478 955 1550 ἁγιασθήξσεταί
990 1481 1121 1533 ποτέ
1151 1497 1260 1534 τινι
1285 1520 1300 1545 ,
1360 1479 1500 1534 κατὰ
1533 1479 1600 1533 τὰ
1629 1496 1836 1550 προειρι

1978 1496 2081 1535 ιιοη
2123 1483 2320 1544 adsint,
2357 1483 2541 1537 dicens
2576 1501 2587 1536 :
2626 1479 2996 1550 Sancti/iretur
3042 1499 3225 1537 nomen
3257 1492 3423 1547 tuum,
3453 1489 3543 1537 ad-

263 1565 432 1634 μένα,
465 1566 536 1619 τὸ
572 1567 744 1638 ὄνομα
765 1569 858 1622 τοῦ
897 1569 1055 1634 Θεοῦ,
1087 1564 1132 1639 ᾧ
1159 1572 1302 1642 καὶὴ
1341 1571 1588 1642 βασιλεία
1620 1570 1711 1625 τοῦ
1738 1571 1836 1624 Θεο

1974 1576 2142 1627 veniat
2180 1591 2396 1646 regnum
2440 1577 2629 1630 tuum?
2676 1575 2735 1628 Si
2786 1592 2871 1631 res
2913 1578 2984 1631 ita
3040 1591 3100 1629 se
3153 1577 3332 1640 habet,
3385 1576 3542 1630 nlﬁcii

257 1657 607 1728 ἐνστήσεται
638 1659 745 1730 (69)
771 1677 785 1690 ·
825 1662 873 1712 εί
914 1660 970 1714 δέ
1015 1661 1167 1715 ταῦτ’
1198 1662 1346 1733 αὐτῷ
1377 1663 1529 1716 ἔσται
1553 1703 1567 1727 ,
1627 1663 1745 1726 πῶς
1789 1664 1836 1716 ἐι

1974 1666 2162 1734 utique
2198 1667 2492 1734 aliquando
2545 1669 2710 1724 fuerit
2757 1685 2862 1723 lion
2911 1669 3091 1722 dicere
3132 1688 3143 1722 :
3178 1667 3544 1734 Sauctiﬁcetur

256 1746 637 1817 καθηκόντως
677 1750 890 1818 εὔξεται
924 1755 1051 1824 περὶ
1089 1753 1198 1808 τῶν
1225 1757 1528 1828 παρόντων,
1561 1757 1662 1827 ἤδη
1691 1756 1768 1820 ὡς
1797 1774 1834 1826 μ

1973 1772 2154 1811 nomen
2185 1768 2357 1823 tuum,
2385 1761 2628 1814 adveniat
2661 1778 2874 1831 regnum
2900 1772 3068 1815 tuum.
3109 1763 3189 1816 Ad
3215 1763 3328 1814 haec
3357 1763 3543 1816 dicen-

255 1839 588 1907 παρόντων,
625 1841 818 1909 λέγων,
865 1844 1226 1912 Ἁγιασθήτω
1250 1847 1313 1899 τὸ
1351 1847 1537 1916 ὄνομά
1565 1863 1682 1902 σου
1709 1864 1721 1878 ·
1764 1849 1836 1902 ea

1969 1848 2093 1901 dum
2130 1866 2145 1902 :
2173 1851 2312 1904 sicut
2353 1852 2443 1919 qui
2486 1868 2776 1906 sermonem
2811 1854 3043 1906 scientia:
3073 1867 3421 1905 sermonemre
3455 1868 3545 1904 sa-
3575 1923 3584 1930 ι

254 1929 415 1983 θέτω
447 1933 490 2000 ἠ
523 1933 822 1996 ,βασιλεία
845 1951 1006 2002 σου;
1058 1939 1120 1992 Et
1180 1939 1238 1992 δὲ
1280 1938 1436 1993 τοῦτο
1463 1981 1477 2004 ,
1537 1941 1688 1994 ἐσται
1737 1959 1836 1994 ποτ

1964 1937 2173 2004 ρὶεηιὶιε
2231 1941 2469 2009 postulat
2519 1944 2787 2006 oratione,
2848 1953 2995 1996 recte
3045 1959 3258 2009 semper
3302 1958 3400 2012 pro
3455 1942 3544 1995 his

254 2019 517 2091 καθῆκον
573 2024 646 2096 μὴ
699 2025 877 2096 λέγειν
903 2069 918 2093 ,
975 2030 1326 2100 Ἁγιασθήτω
1360 2033 1424 2086 τὸ
1477 2033 1663 2104 ὄνομα
1726 2050 1861 2099 σου,

1964 2029 2169 2096 orabit,
2196 2047 2316 2083 cum
2351 2032 2451 2086 etsi
2486 2032 2669 2101 plures
2703 2047 2921 2101 semper
2959 2033 3241 2101 sapientia:
3272 2033 3534 2088 scientiae-

250 2110 326 2162 ἐλ
340 2111 490 2166 Ίέτω
526 2116 566 2182 ἡ
589 2116 879 2179 ,Βασιλεία
909 2135 1026 2174 σου
1051 2161 1063 2172 .
1123 2122 1359 2176 Λεκτέον
1392 2124 1529 2195 πρὸς
1556 2124 1748 2189 ταῦτα,
1779 2127 1836 2179 ὅτ

1962 2134 2066 2188 que
2099 2121 2351 2174 notiones
2388 2122 2680 2175 exauditus
2723 2122 2922 2190 capiat,
2953 2139 3017 2175 ex
3046 2132 3192 2192 parte
3223 2133 3396 2176 tamen
3440 2137 3537 2176 co-

250 2197 456 2274 ὦσπερ
489 2205 521 2256 6
550 2195 841 2277 εὐχόμενος
882 2208 1038 2278 λόγου
1080 2211 1332 2280 γνώσεως
1364 2217 1545 2285 τυχεῖν
1575 2215 1668 2268 καὶ¹
1701 2215 1858 2285 λόγου

251 2293 484 2360 σοφίας,
520 2295 870 2368 καθηκόντως
925 2301 1014 2354 ἀεὶ
1045 2303 1171 2371 περὶ
1219 2303 1423 2357 τούτων
1454 2305 1669 2370 εὔξεται
1698 2345 1713 2370 ,
1770 2307 1858 2360 ἀεὶ

253 2383 358 2451 μὲν
389 2383 624 2439 πλείονα
658 2387 986 2459 θεωρήματα
1031 2393 1224 2461 σοφίας
1273 2394 1367 2446 καὶ
1397 2394 1650 2462 γνώσεως
1686 2396 1743 2450 ἐν
1781 2396 1857 2467 τῷ

243 2471 641 2528 ἐπακούεσθαι
673 2476 1002 2547 ληψόμενος,
1038 2481 1177 2551 πλὴν
1199 2482 1268 2535 ἐκ
1297 2482 1522 2550 μέρους
1567 2484 1854 2553 γινώσκων

245 2559 356 2628 μὲν
394 2561 508 2614 ὅσα
543 2563 662 2614 ποτ’
694 2562 762 2617 ἂν
809 2565 1057 2636 χωρῆσαι
1084 2569 1176 2620 ἐπ)⁵
1214 2569 1308 2622 τοῦ
1342 2571 1607 2643 παρόντος
1632 2573 1851 2646 δυνηθῇ,

242 2651 361 2704 τοῦ
391 2652 660 2716 τελείου,
693 2656 790 2709 καὶ
813 2657 1216 2727 καταργοῦντος
1260 2659 1370 2732 (70)
1411 2662 1472 2714 τὸ
1506 2662 1574 2716 ἐκ
1603 2663 1850 2733 μέρους,

239 2740 374 2793 τότε
408 2744 957 2816 φανερωθησόμενον,
986 2750 1072 2802 ὅτε
1097 2753 1422 2818 πρόσωπον
1447 2753 1597 2822 πρὸς
1623 2757 1854 2823 πρόσω-

238 2848 370 2884 πον
397 2834 430 2885 6
476 2833 602 2898 νοῦς
635 2838 966 2906 προσϐάλλει
1021 2842 1190 2911 χωρὶς
1221 2843 1526 2914 αἰσθήσεως
1573 2848 1687 2910 τοῖς
1729 2865 1851 2919 νοη-

237 2923 359 2985 τοῖς
387 2922 510 2992 (71)
535 2940 548 2953 ο
598 2924 741 2980 οὕτω
772 2927 832 2978 τὸ
875 2927 1078 2982 τέλειον
1123 2929 1217 2982 τοῦ
1267 2932 1594 3004 ἁγιασθῆναι
1635 2936 1848 3008 ἑκάστῳ

240 3013 409 3082 ἡμῶν
443 3014 509 3066 τὸ
545 3015 713 3086 ὄνομα
746 3017 841 3071 τοῦ
899 3018 1032 3072 Θεοῦ
1058 3059 1072 3083 ,
1113 3021 1208 3074 καὶ
1250 3022 1346 3076 τοῦ
1374 3025 1626 3095 ἐνστῆναι
1677 3028 1844 3082 αὑτοῦ

238 3103 346 3174 τὴν
391 3103 670 3175 βασιλείαν
719 3109 819 3178 οὐχ
851 3105 964 3163 οἷόν
991 3128 1050 3164 τε
1086 3113 1234 3166 ἐστὶν
1256 3152 1271 3176 ,
1315 3114 1411 3167 ἐὰν
1449 3117 1522 3188 μὴ
1560 3117 1708 3188 ἔλθῃ
1748 3121 1843 3172 καὶ
1871 3095 1912 3153 C

240 3193 314 3247 τὸ
346 3198 484 3267 περὶ
510 3198 608 3268 τῆς
635 3199 890 3266 γνώσεως
933 3204 1029 3257 καὶ
1067 3204 1258 3272 σοφίας
1293 3204 1526 3259 τέλειον
1547 3247 1560 3271 ,
1603 3209 1745 3280 τάχα
1784 3210 1842 3263 δὲ

244 3286 348 3340 καὶ
374 3287 490 3341 τῶν
521 3289 719 3342 λοιπῶν
753 3293 981 3364 ἀρετῶν.
1056 3296 1338 3369 Ὀδεύομεν
1366 3299 1423 3352 δὲ
1475 3302 1568 3354 ἐπὶ
1623 3302 1721 3374 τὴν
1748 3321 1832 3356 τεο

239 3375 510 3448 λειότητα
541 3381 672 3450 (72),
707 3383 802 3437 ἐὰν
825 3424 840 3448 ,
867 3385 990 3451 τοῖς
1013 3387 1350 3457 ἔμπροσθεν
1381 3391 1836 3463 ἐπεκτεινόμενοι,

241 3465 364 3520 τῶν
389 3467 649 3525 ὄπισθεν
675 3473 1159 3547 ἐπιλανθανώμεθα
1178 3495 1190 3507 ·
1229 3481 1293 3550 τῇ
1325 3477 1417 3535 οῦν
1443 3483 1500 3534 ὲν
1533 3483 1664 3553 ἡμῖν
1685 3483 1838 3552 βασι-

239 3556 364 3629 λείᾳ
396 3560 496 3614 τοῦ
528 3561 664 3616 Θεοῦ
705 3566 736 3635 ἡ
768 3566 1006 3638 ἀκρότης
1039 3567 1399 3635 ἀδιαλείπτως
1434 3572 1836 3644 προκόπτουσιν

239 3649 588 3723 ἐνστήσεται,
635 3656 764 3711 ὅταν
817 3658 1076 3732 πληρωθῇ
1127 3662 1188 3715 τὸ
1226 3663 1375 3733 παρὰ
1415 3664 1493 3735 τῷ
1528 3667 1835 3740 Ἀποστόλῳ

236 3743 559 3815 είρημένον,
592 3748 676 3801 ὅτι
707 3750 735 3801 6
767 3750 1022 3822 Χριστὸς,
1075 3755 1289 3809 πάντων
1308 3756 1458 3828 αύτῷ
1486 3759 1594 3813 τῶν
1621 3761 1832 3833 ἐχθρῶν

239 3833 630 3906 ὑποταγέντων
653 3881 668 3904 ,
698 3843 1012 3912 παραδώσει
1059 3844 1175 3915 τὴν
1205 3847 1534 3911 ,ϐασιλείαν
1579 3851 1660 3918 τῷ
1709 3853 1833 3920 Θεῷ

237 3925 338 3980 καὶ
369 3931 584 4000 Πατρί,
631 3933 731 3986 ἵνα
756 3929 799 4005 ᾖ
829 3939 862 3989 ό
889 3935 1032 4002 Θεὸς
1059 3938 1131 3991 τὰ
1157 3942 1353 3994 πάντα
1401 3942 1472 3995 ἐν
1519 3944 1690 4000 πᾶσι.
1732 3949 1832 4004 Διὰ

237 4015 394 4071 τοῦτο
455 4019 821 4086 ἀδιαλείπτως
873 4026 1296 4096 προσευχόμενοι
1357 4031 1495 4100 μετὰ
1537 4034 1830 4103 διαθέσεως

235 4105 310 4198 τῷ
349 4110 516 4182 Λόγῳ
549 4112 972 4188 θεοποιουμένης
1003 4157 1018 4182 ,
1069 4117 1314 4189 λέγωμεν
1365 4121 1444 4192 τῷ
1493 4125 1551 4177 ἐν
1582 4127 1828 4198 οὐρανοῖς

237 4195 409 4289 ηατρὶ
435 4204 470 4274 ἡ
479 4201 600 4274 μῶν
623 4221 638 4234 ·
679 4205 1038 4274 Ἁγιασθήτω
1066 4209 1132 4262 τὸ
1159 4209 1346 4280 ὄνομα
1371 4230 1509 4268 σουο
1537 4195 1756 4270 ἐλθέτω
1786 4221 1825 4289 ἡ

231 4287 516 4349 ,ϐασιλεία
545 4309 682 4348 σου.
718 4297 838 4350 Ἔτι
869 4298 925 4353 δέ
963 4301 1091 4372 περὶ
1121 4301 1222 4372 τῆς
1247 4302 1340 4356 τοῦ
1379 4302 1516 4357 Θεοῦ
1551 4287 1825 4376 βασιλείας

1961 2222 2188 2280 guoscat
2233 2229 2570 2284 quaecunque
2621 2215 2673 2268 in
2714 2215 2968 2285 praasenti
3019 2230 3212 2283 capere
3261 2216 3534 2284 potuerit;

1959 2304 2103 2373 quod
2137 2306 2279 2358 enim
2324 2305 2610 2374 perfectum
2654 2317 2730 2359 est
2762 2317 2814 2360 et
2841 2321 3112 2360 evat-uans
3133 2308 3272 2376 quod
3298 2324 3362 2360 ex
3385 2315 3538 2376 parte

1956 2405 2052 2462 est,
2104 2404 2231 2450 tuitc
2270 2398 2615 2463 revelabitur,
2657 2413 2779 2466 cum
2804 2398 2944 2467 facie
2977 2399 3046 2450 ad
3093 2398 3285 2466 facient
3315 2400 3381 2464 η’,
3411 2400 3535 2454 abs-

1957 2500 2061 2553 que
2111 2489 2385 2552 seusibus,
2422 2491 2583 2544 rebus
2639 2505 2790 2544 mens
2851 2489 3218 2555 spiritualibus
3259 2492 3531 2555 intendet;

1956 2575 2035 2630 sic
2060 2591 2234 2646 neque
2266 2579 2596 2634 sanctilicari
2630 2581 2850 2634 cuilibet
2889 2590 3129 2632 nostrum
3164 2596 3386 2649 regnum
3415 2581 3530 2648 Dei,

1955 2682 2134 2736 neque
2169 2669 2361 2723 adesse
2385 2669 2480 2724 Dei
2517 2687 2739 2740 regnum
2782 2680 2958 2740 potest
2996 2672 3255 2740 perfecte,
3311 2673 3412 2727 uisi
3444 2690 3530 2728 ve-

1953 2759 2088 2811 nerit
2128 2761 2268 2830 quod
2304 2761 2589 2829 perfectum
2640 2774 2712 2817 est
2742 2764 2785 2795 ³⁸
2813 2767 2974 2819 etiam
3005 2768 3318 2826 inscientia
3352 2777 3406 2821 et
3439 2782 3531 2822 sa-

1953 2851 2179 2919 pientia,
2212 2852 2397 2907 forsan
2425 2867 2479 2910 et
2512 2856 2562 2909 in
2592 2855 2815 2924 reliquis
2849 2858 3162 2913 virtutibus.
3216 2860 3321 2913 lter
3347 2871 3525 2914 autem

1955 2943 2022 2995 ad
2060 2944 2449 3011 perfectionem
2495 2945 2746 3008 facimus,
2780 2948 2823 3002 si
2853 2951 2921 3000 ad
2949 2967 3008 3002 ea
3045 2966 3162 3020 qua:
3199 2960 3318 3004 sunt
3345 2957 3526 3019 priora

1948 3036 2164 3101 attenti,
2196 3052 2378 3090 eorum
2411 3054 2528 3107 qua:
2557 3050 2678 3092 sunt
2703 3046 2844 3092 retro
2872 3041 2914 3070 ¹⁷
2943 3041 3330 3097 obliviscamur
3357 3065 3366 3097 :
3397 3058 3524 3098 tunc

1945 3141 2074 3196 ergo
2121 3127 2174 3179 id
2208 3127 2350 3196 quod
2402 3128 2454 3182 in
2509 3131 2664 3186 nobis
2712 3143 2796 3187 est
2841 3147 3065 3202 regnum
3118 3132 3211 3188 Dei
3262 3145 3521 3204 perpetuo

1944 3216 2361 3284 procedentibus
2415 3219 2572 3275 nobis
2617 3221 2685 3276 ad
2729 3238 3000 3278 summum
3051 3227 3353 3292 perveniet,
3393 3241 3518 3280 cum

1943 3305 2073 3359 illud
2104 3306 2386 3376 impletum
2421 3309 2586 3366 fuerit
2617 3313 2760 3381 quod
2783 3315 3074 3385 Apostolus
3105 3315 3200 3378 ait,
3242 3316 3517 3371 Christum

1943 3397 2209 3467 subjectis
2238 3400 2343 3453 sibi
2375 3403 2628 3457 omnibus
2667 3404 2905 3460 inimicis
2951 3407 3273 3460 traditurum
3301 3424 3517 3475 regnum

1943 3484 2049 3541 Deo
2088 3496 2137 3541 et
2166 3486 2317 3542 Patri
2342 3500 2398 3544 ut
2425 3497 2490 3544 sit
2523 3492 2663 3546 Deus
2709 3498 2886 3550 omnia
2912 3498 2965 3549 in
2994 3497 3230 3550 omnibus
3257 3497 3322 3549 ¹⁸.
3379 3496 3514 3551 Pro-

1942 3587 2061 3646 pter
2106 3579 2208 3632 hoc
2258 3580 2632 3635 indesinenter
2680 3596 2899 3639 orantes
2927 3601 2988 3640 ea
3017 3585 3182 3639 animi
3227 3584 3514 3640 affectione

1937 3684 2056 3737 quae
2090 3668 2267 3724 Verbo
2298 3672 2480 3724 divina
2515 3674 2625 3737 ﬁat,
2653 3674 2898 3730 dicamus
2934 3675 3078 3730 Patri
3111 3686 3295 3731 nostro
3333 3679 3420 3745 qui
3462 3695 3509 3732 .u

1934 3761 2090 3816 cwlis
2120 3770 2204 3817 est
2237 3781 2251 3817 :
2287 3762 2664 3834 Sanctiﬁcetur
2708 3785 2896 3822 nomen
2939 3779 3111 3831 tuum,
3147 3771 3389 3824 adveniat
3426 3787 3508 3824 re-

1932 3871 2092 3924 gnum
2127 3868 2298 3912 tuum.
2351 3859 2406 3912 id
2437 3876 2652 3930 quoque
2689 3861 2756 3916 de
2781 3877 2947 3932 regno
2987 3865 3076 3918 Dei
3106 3865 3507 3932 percipiendmn

1933 3955 2015 4000 est
2043 3963 2056 4000 :
2084 3945 2227 4000 sicut
2255 3962 2360 4001 non
2393 3963 2476 4004 est
2517 3953 2858 4018 participatio
2876 3953 3108 4022 justitia:
3145 3970 3265 4007 cum
3313 3957 3507 4024 iniqui-

1931 4045 2058 4100 tate,
2097 4051 2274 4106 neque
2303 4041 2526 4095 societas
2560 4041 2665 4094 luci
2690 4045 2756 4095 ad
2791 4045 3051 4110 tenebras,
3083 4061 3257 4115 neque
3284 4064 3508 4102 conven-

1930 4128 2003 4182 tio
2033 4127 2230 4184 Christi
2263 4133 2332 4184 ad
2363 4131 2535 4187 Belial
2579 4135 2650 4196 ‘9;
2686 4135 2768 4189 sic.
2797 4150 3023 4204 regnum
3057 4136 3147 4191 Dei
3179 4153 3302 4191 cum
3340 4154 3506 4208 regno

1929 4221 2140 4288 peccati
2192 4222 2356 4294 240
2403 4235 2548 4280 stare
2601 4241 2707 4280 non
2757 4241 2934 4296 posse.
2978 4227 3120 4296 Ergo
3163 4229 3206 4282 si
3239 4229 3402 4282 Deum
3451 4232 3502 4285 in

1927 4312 2082 4367 nobis
2113 4329 2339 4383 regnare
2366 4317 2642 4381 volumus,
2668 4319 2817 4372 nullo
2852 4319 3010 4370 modo
3040 4329 3212 4388 regnet
3237 4333 3503 4387 peccatum

239 4376 328 4481 καὶ
354 4381 518 4434 τοῦτο
542 4381 861 4454 διαληπτέον
886 4427 902 4452 ,
936 4388 1040 4452 ὅτι,
1074 4387 1265 4461 ὥσπερ
1297 4391 1395 4444 ούκ
1447 4390 1562 4446 ἐστι
1591 4396 1820 4466 μετοχὴ

1948 4419 1982 4457 n
2005 4414 2186 4459 nostro
2221 4407 2434 4460 mortali
2472 4425 2691 4478 corpore
2715 4409 2780 4474 '°,
2811 4426 2990 4480 neque
3025 4413 3338 4468 obediamus
3366 4430 3504 4481 pra:-

236 4462 594 4542 δικαιοσύνῃ
620 4476 718 4529 καὶ
746 4477 963 4547 ἀνομίᾳ
985 4519 1000 4544 ,
1030 4481 1151 4534 οὐδὲ
1177 4484 1460 4537 κοινωνία
1499 4485 1646 4552 φωτὶ

1945 4496 2100 4564 :eptis
2138 4496 2255 4564 ejus
2297 4502 2442 4568 quod
2475 4502 2542 4555 ad
2587 4515 2753 4568 opera
2803 4503 2985 4557 carnis
3022 4512 3076 4556 ct
3117 4517 3148 4556 a
3177 4501 3288 4557 Deo
3326 4504 3498 4558 aliena

238 4562 453 4648 σκότος
491 4604 506 4628 ,
554 4566 675 4620 οὐδὲ
707 4569 1100 4638 συμφώνησις
1154 4575 1388 4641 Χριστῷ
1423 4576 1571 4644 πρὸς
1603 4580 1820 4648 Βελιάρ

239 4647 348 4739 (75)
371 4668 384 4682 ·
417 4653 592 4719 οὕτως
623 4657 1033 4731 ἀσυνύπαρκτόν
1064 4665 1181 4716 ἐστι
1204 4667 1269 4736 τῇ
1295 4666 1544 4739 βασιλείᾳ
1568 4668 1662 4722 τοῦ
1679 4647 1815 4726 Θεοῦ

241 4736 481 4828 βασιλεία
511 4747 610 4818 τῆς
643 4749 936 4821 ἁμαρτίας.
979 4753 1042 4806 Εἰ
1082 4754 1258 4808 τοίνυν
1293 4736 1652 4828 θέλομεν-ὑπὸ
1678 4761 1813 4817 Θεοῦ

241 4827 632 4921 βασιλεύεσθαι,
697 4841 960 4913 μηδαμῶς
978 4845 1356 4909 ,βασιλευέτω
1459 4852 1714 4921 ἁμαρτία
1743 4856 1814 4909 ἐν

1927 4586 2167 4640 animam
2199 4597 2438 4644 nostram
2469 4599 2760 4660 provocat;
2795 4594 2888 4647 sed
2919 4593 3309 4650 mortificemus
3339 4612 3500 4649 mem-

1924 4677 2017 4731 bra
2048 4689 2239 4733 nostra
2271 4696 2388 4750 qua:
2421 4690 2544 4736 sunt
2577 4699 2742 4750 super
2775 4697 2969 4736 terram
3007 4685 3050 4714 “
3095 4694 3148 4738 et
3199 4684 3497 4741 fruetilice-

1930 4783 2051 4823 mus
2084 4769 2332 4838 Spiritu;
2381 4780 2438 4824 ut
2470 4771 2522 4825 in
2568 4771 2724 4828 nobis
2749 4774 2903 4842 quasi
2937 4774 2988 4827 in
3020 4775 3287 4843 spirituali
3339 4792 3498 4844 para-

1920 4859 2039 4914 diso
2091 4861 2234 4917 Deus
2286 4864 2625 4929 obambulet,
2687 4875 2981 4934 regnetque
3030 4866 3179 4922 solus
3233 4866 3286 4920 in
3341 4868 3494 4926 nobis

239 4918 319 4985 τῷ
360 4925 550 4993 θνητῷ
598 4929 762 4998 ἡμῶν
802 4933 1026 5003 σώματι
1049 4976 1063 5000 ,
1098 4938 1230 5009 μηδὲ
1281 4918 1646 5015 ὑπακούωμεν
1700 4950 1812 5012 τοῖς

1945 4967 2042 5005 :um
2075 4953 2296 5010 Christo
2327 4970 2427 5010 suo
2458 4957 2549 5024 qui
2585 4956 2772 5012 sedeat
2806 4960 2858 5012 in
2892 4957 3047 5012 nobis
3078 4973 3108 5012 a
3136 4959 3342 5013 dextris
3385 4959 3490 5012 vir-

383 5087 543 5169 βοτη.
582 5108 666 5169 νι,
691 5095 916 5169 ,ιεηιι
944 5101 958 5153 I
990 5101 1117 5155 Cor.
1156 5119 1280 5169 xm,
1325 5105 1378 5168 9,
1420 5107 1500 5163 l0.

443 5337 624 5395 Codex
665 5357 793 5407 ms.,
824 5342 1001 5453 ήὲμῶν.
1046 5345 1221 5401 Editio
1249 5347 1447 5431 Quom,
1481 5350 1654 5421 ὑμῶν.

393 5409 408 5453 l
455 5409 638 5453 leer
675 5428 755 5453 me
790 5452 797 5453 ,
878 5415 1162 5453 υητνιιηςιι-η.
1253 5421 1426 5453 tum...
1462 5425 1614 5453 ηιμ...

304 5399 408 5466 (69)
455 5409 639 5465 Codex
674 5399 802 5476 ms.,
847 5399 1212 5486 ἐνστήσεται.⁷
1715 5425 1800 5478 ἐν-

243 5471 507 5542 στήσηται.

256 5544 413 5628 ΑΝ)
437 5546 548 5601 Καὶ
576 5552 1041 5628 καταργοῦντος,
1071 5567 1156 5628 etc
1216 5557 1358 5625 Lego
1382 5568 1504 5610 cum
1535 5556 1799 5622 Beutleio,

241 5616 308 5727 ﬁlo;
337 5616 424 5710 ξαὶ
453 5616 856 5704 καταργοῦντος
897 5624 956 5676 τὸ
982 5616 1043 5678 ἐκ
1074 5616 1320 5697 μέρουςξ
1338 5629 1455 5683 τότε
1488 5616 1804 5702 φανερωθηξ

304 5697 452 5748 μενον
487 5705 597 5742 οτε.

242 5152 285 5184 η
378 5111 543 5184 pom.
582 5111 853 5184 Vlhtz.“
870 5111 958 5184 Ill
990 5111 1117 5155 (Lor.
1156 5119 1280 5184 xnt‘,
1325 5111 1500 5184 9,]0,
1605 5111 1649 5142 ιε
1675 5111 1692 5164 ι
1721 5111 1836 5168 Con

1945 5133 2011 5182 II,
2043 5117 2130 5172 10.

309 5155 348 5209 il
378 5159 503 5218 Cor.
535 5177 612 5229 Vi,
645 5155 730 5220 14.
807 5167 853 5200 ’⁸
887 5169 1043 5224 Βυηι.
1083 5155 1286 5235 vutg.
1329 5155 1650 5234 'E'tCnloss.

2251 5121 2290 5151 ιτ
2322 5120 2518 5190 Philip.
2557 5138 2645 5184 ιιι,
2679 5123 2762 5176 ιε.
2874 5122 2917 5153 ιε
2947 5085 3123 5177 ι’(ιοι.
3159 5139 3248 5185 xv,
3276 5122 3365 5186 et,
3397 5121 3489 5177 es.

1983 5359 2099 5431 (7i)
2128 5360 2310 5436 Codex
2349 5378 2454 5436 ms,
2502 5375 2646 5420 recte
2697 5369 2809 5429 τοῖς
2847 5369 3076 5436 νοητοῖς·
3129 5365 3271 5418 male
3317 5364 3488 5420 editio

1909 5428 2110 5503 Osuini,
2138 5431 2231 5503 τοῦ
2267 5433 2478 5503 νοητοῦ.

1981 5499 2097 5574 (72)
2139 5499 2318 5557 Codex
2349 5499 2492 5569 ms.,
2527 5504 2859 5574 τελειότητα.
2925 5503 3104 5557 Editio
3154 5500 3353 5566 Oxon.,
3397 5518 3486 5558 τι-

1907 5567 2203 5642 λειοτέραν.

1983 5636 2096 5710 (75)
2139 5642 2320 5696 Codex
2347 5657 2474 5708 ms.,
2509 5641 2667 5696 Βελιά
2681 5658 2726 5710 ρ.
2771 5639 2949 5695 Editio
2978 5639 3177 5705 Oxum,
3209 5636 3425 5696 Βελιὰλ.
