3974 6160
358 370 375 383 _
475 270 553 359 49'
1938 309 2051 367 om

2153 307 2258 364 NIS

3612 306 3713 363 500

476 423 607 477 tutis
636 421 783 478 illius
817 424 1115 495 spiritualis
1146 440 1304 494 quam
1355 434 1604 495 optamus
1636 428 1882 499 accipere
1914 447 1928 483 :
1959 444 2047 484 se-

2153 424 2561 497 προστάγμασιν
2593 423 2763 495 αὐτῆς
2795 423 2887 478 ἐπὶ
2908 422 2976 477 τά
2997 423 3132 495 ἔργα
3166 424 3267 495 τῆς
3288 423 3487 496 σαρκὸς
3528 425 3623 477 καὶ
3648 425 3718 481 τὰ

476 514 710 583 deatque
767 514 940 569 donec
986 516 1188 570 inimici
1241 517 1357 585 ejus
1408 533 1600 574 omnes
1647 521 1737 589 qui
1786 521 1837 573 in
1885 521 2044 574 nobis

2142 512 2401 585 ἀλλότρια
2450 511 2544 565 τοῦ
2587 511 2722 566 Θεοῦ
2778 512 3223 584 προκαλουμένης
3264 512 3373 583 (74)
3422 512 3578 583 ἡμῶν
3619 511 3717 585 τὴν

479 613 631 671 sunt,
661 605 791 660 ﬁant
817 606 1097 660 scabellnm
1121 608 1309 675 pedum
1336 610 1382 643 ¹²
1414 612 1532 677 ejus
1561 620 1615 666 et
1661 621 1956 666 evacuetur
1989 612 2041 666 in

2153 605 2345 677 ψυχὴν,
2372 605 2526 670 ἀλλὰ,
2553 604 2923 677 νεκρώσαντες
2949 605 3019 658 τὰ
3040 605 3197 675 μέλη
3226 606 3297 660 τὰ
3323 604 3421 657 ἐπὶ
3449 603 3555 670 τῆς
3583 603 3716 675 τῆς,

481 696 637 749 nobis
662 696 841 749 omnis
871 695 1203 764 principatus
1232 707 1286 751 et
1318 709 1561 766 potestas
1590 709 1644 753 et
1683 700 1880 754 virtus.
1921 700 2047 755 Pos-

482 794 613 840 sunt
643 786 787 839 enim
822 786 935 839 haec
963 786 1015 838 in
1044 802 1375 857 unoquoque
1408 800 1652 844 nostrum
1695 791 1829 852 ﬁeri.
1865 800 1920 844 et
1954 806 2048 843 no-

479 875 694 927 vissima
724 875 938 928 inimica
966 875 1173 931 destrui
1197 895 1337 933 mors
1362 880 1437 943 ¹³;
1464 889 1520 932 ιιι
1546 881 1684 934 et'in
1713 881 1867 934 nobis
1889 880 2047 935 Chii-

478 974 596 1018 stus
623 964 769 1018 dicat
806 979 821 1017 :
859 960 959 1017 Ubi
991 975 1087 1031 est,
1123 984 1283 1031 mors,
1316 969 1563 1023 stimulus
1602 971 1771 1023 tuus?
1817 968 1917 1023 Ubi
1943 981 2043 1035 est,

475 1053 701 1122 inferne,
748 1054 964 1108 victoria
998 1065 1087 1109 tua
1118 1055 1196 1106 “‘l
1241 1056 1361 1111 iam
1394 1074 1537 1112 nunc.
1583 1059 1751 1127 igitur
1778 1060 2041 1127 corrupti—

478 1144 582 1198 bile
611 1153 855 1198 nostrum
890 1145 1150 1200 induatur
1175 1162 1296 1200 eam
1346 1164 1466 1216 quae
1512 1159 1593 1203 est
1626 1151 1678 1202 in
1711 1149 1962 1203 castitate
1993 1159 2050 1202 et

476 1236 531 1289 in
567 1234 715 1289 omni
750 1236 1007 1306 puritate,
1063 1240 1404 1294 sanctitatem
1456 1249 1511 1295 et
1561 1242 2046 1309 incorruptionem;

362 1332 365 1337 '
476 1337 527 1380 et
572 1328 796 1382 mortale
828 1340 1086 1384 evacuata
1135 1341 1312 1385 morte
1339 1343 1618 1402 paternam
1662 1333 1914 1387 induatur
1944 1334 2047 1386 im-

475 1420 874 1486 mortalitatem,
909 1429 970 1475 ut
1016 1422 1070 1475 in
1105 1423 1261 1478 nobis
1303 1433 1565 1494 regnante
1599 1425 1708 1478 Deo
1740 1425 1790 1478 in
1821 1439 2050 1494 regene-

476 1511 704 1565 rationis
729 1512 838 1579 jam
871 1513 1406 1584 resurrectionisque
1434 1515 1592 1570 bonis
1625 1530 1933 1570 versemur.

2146 695 2584 768 καρποφορῶμεν
2615 697 2739 760 τούς
2768 698 3011 767 καρποὺς
3037 696 3129 749 τοῦ
3170 695 3506 766 Πνεύματος,
3530 695 3618 748 ἵνα
3642 695 3717 760 ὼς

2143 789 2201 839 ὲν
2232 787 2545 858 παραδείσῳ
2575 787 2924 858 πνευματικῷ
2953 787 3157 857 Κύριος
3195 786 3303 857 (75)
3329 788 3458 857 ἡμῖν
3487 786 3716 857 ἐμπερι-

2154 882 2319 949 πατῇ,
2357 879 2649 949 βασιλεύων
2680 879 2834 950 ἡμῶν
2876 880 3033 951 μόνον
3068 880 3164 933 σὺν
3196 879 3274 949 τῷ
3306 878 3525 949 Χριστῷ
3553 876 3718 951 αὐτοῦ

2150 971 2208 1022 ὲν
2241 944 2371 1040 ἡμῖν
2409 972 2473 1024 ὲκ
2519 944 2732 1034 δεξιῶν-
2756 944 3047 1041 καθημένῳ
3098 966 3166 1043 ἦς
3215 944 3507 1042 εὐχόμεθα-
3535 944 3720 1024 λαϐεἰλο

2149 1062 2428 1133 δυνάμεως
2465 1064 2857 1133 πνευματικῆς,
2886 1065 2979 1117 καὶ
3008 1062 3357 1134 καθεζομένῳ
3388 1064 3494 1127 ἕως
3524 1062 3735 1129 πάντεςΔ

2134 1140 2195 1205 ὀἱ
2226 1155 2283 1207 ὲν
2311 1156 2442 1224 ἡμῖν
2486 1154 2669 1225 ἐχθροὶ
2714 1154 2879 1208 αὐτοῦ
2925 1154 3186 1222 γένωνται
3231 1153 3564 1208 ὑποπόδιον
3605 1154 3726 1208 τῶν

2149 1244 2352 1298 ποδῶν
2382 1245 2546 1298 αὐτοῦ
2580 1247 2675 1300 καὶ
2698 1245 3015 1317 καταργηθῇ
3047 1247 3141 1316 ἀφ’
3182 1245 3340 1317 ἡμῶν
3370 1248 3518 1299 πᾶσα
3557 1246 3722 1318 ἀρχὴ,

2150 1337 2244 1389 καὶ
2274 1334 2513 1401 ἐξουσία,
2567 1337 2661 1389 καὶ
2688 1337 2935 1404 δύναμις·
2965 1335 3186 1395 δυνατὸν
3237 1334 3345 1407 γὰρ
3384 1335 3557 1388 ταῦτα
3600 1335 3725 1389 καθ’

2153 1427 2383 1480 ’ἑκαστον
2415 1427 2574 1497 ἡμῶν
2623 1426 2894 1496 γενέσθαι,
2944 1427 3038 1480 καὶ
3072 1425 3176 1480 τὸν
3209 1427 3474 1496 ἔσχατον
3509 1426 3730 1495 ἐχθρὸν

2154 1516 2565 1589 καταργηθῑψαι
2608 1517 2716 1570 τὸν
2746 1515 3023 1580 θάνατον,
3068 1516 3154 1569 ἵνα
3194 1516 3287 1569 καὶ
3315 1519 3373 1569 ὲν
3402 1518 3534 1587 ἡμῖν
3565 1515 3729 1585 λέγη-

477 1618 567 1655 ται
601 1601 706 1654 om
743 1601 836 1655 τοῦ
879 1603 1147 1674 Χριστοῦ·
1185 1605 1310 1658 Ποῦ
1359 1621 1497 1670 σου,
1571 1608 1807 1670 θάνατε,
1847 1607 1914 1661 τὸ
1956 1607 2238 1677 κέντρον;
2299 1610 2423 1662 Ποῦ
2470 1624 2607 1674 σου,
2671 1608 2803 1676 ᾷδη,
2866 1608 2933 1662 τὸ
2982 1607 3147 1673 νῖκος
3169 1625 3187 1671 ;
3241 1609 3381 1679 Ἤδη
3433 1608 3611 1661 τοίνυν
3656 1607 3728 1662 τὸ

477 1694 744 1763 φθαρτὸν
783 1696 936 1767 ἡμῶν
979 1697 1288 1751 ὲνδυσάσθω
1320 1700 1418 1771 τὴν
1460 1702 1517 1753 ἐν
1561 1702 1753 1773 ἁγνείᾳ
1782 1704 1877 1756 καὶ
1905 1702 2055 1775 πάσῃ
2080 1703 2414 1776 καθαρότητι
2441 1702 2749 1775 ἁγιωσύνην
2772 1702 2868 1757 καὶ
2890 1704 3233 1771 ἀφθαρσίαν
3252 1721 3266 1734 ·
3311 1703 3405 1756 καὶ
3455 1703 3523 1756 τὸ
3580 1707 3729 1772 θνη-

480 1785 587 1839 τὸν
631 1786 1008 1856 άμφιεσάσθω,
1061 1788 1153 1841 τοῦ
1212 1788 1440 1843 θανάτου
1492 1793 1930 1863 κατηργημένου,
1975 1793 2073 1864 τὴν
2134 1794 2403 1867 πατρικὴν
2453 1795 2823 1850 ἀθανασίαν·
2891 1792 3031 1845 ὥστε
3077 1793 3221 1862 ἡμᾶς
3282 1791 3729 1865 βασιλευομένους

481 1876 585 1929 ὐπὸ
612 1876 704 1929 τοῦ
748 1876 881 1931 Θεοῦ
934 1878 1031 1949 ήδη
1066 1875 1202 1931 εἶναι
1253 1883 1311 1933 ὲν
1344 1883 1454 1944 τοῖς
1486 1882 1906 1951 παλιγγενεσίας
1953 1884 2049 1938 καὶ
2075 1885 2427 1949 ἀναστάσεως
2456 1884 2700 1952 ἀγαθοῖς.

548 1990 637 2044 26.
669 1988 796 2044 Fiat
841 1992 1083 2046 voluntas
1128 2004 1219 2047 tua
1265 1995 1401 2047 sicut
1452 1995 1505 2047 in
1548 1995 1675 2048 caelo
1706 1998 1830 2051 etin
1878 2007 2040 2050 terra.

2218 1996 2534 2067 Γενηθήτω
2574 1996 2639 2050 τὸ
2672 1995 2901 2065 θέλημά
2925 2010 3062 2063 σου,
3093 1995 3172 2063 ὠς
3196 1996 3264 2050 ἐν
3288 1995 3586 2064 οὐρανοῖς,
3630 1996 3731 2050 και

478 2083 674 2153 Lucas,
713 2085 797 2138 his
852 2085 1087 2150 omissis,
1134 2095 1254 2155 post
1300 2086 1481 2141 illud:
1535 2087 1792 2143 Adveniat
1832 2106 2047 2159 regnum

479 2188 652 2237 tuum,
690 2175 872 2243 posuit
912 2189 929 2230 :
963 2174 1164 2230 Panem
1211 2189 1444 2232 nostrum
1496 2180 2048 2247 supersubstantialem

480 2269 551 2318 da
597 2266 745 2319 nobis
791 2266 964 2324 hodie.
1022 2266 1284 2322 Praedicta
1335 2269 1500 2338 igitur
1533 2269 1698 2323 verba
1749 2284 1873 2324 cum
1909 2271 2049 2337 apud

481 2356 656 2411 solum
690 2356 999 2411 Matthzeum
1052 2359 1375 2424 habeantur,
1427 2369 1828 2429 consequenter
1875 2361 1942 2416 ad
1988 2376 2051 2415 ea

482 2462 604 2515 quae
640 2448 951 2517 praecedunt
985 2449 1372 2517 expendamus.
1406 2448 1540 2503 Cum
1567 2451 1746 2504 adhuc
1777 2465 2054 2505 versemur

481 2540 536 2592 in
573 2548 716 2592 terra
748 2554 845 2593 nos
875 2539 965 2607 qui
1005 2554 1246 2607 oramus,
1291 2540 1762 2611 intelligamusque
1811 2542 1865 2595 in
1914 2542 2053 2597 caelo

483 2627 602 2681 ﬁeri
632 2628 732 2682 Dei
766 2629 1098 2683 voluntatem
1141 2631 1209 2684 ab
1255 2631 1512 2685 omnibus
1553 2630 1814 2685 caelorum
1861 2633 2051 2686 dome-

482 2720 672 2788 sticis;
728 2736 945 2775 oremus
978 2736 1006 2774 a
1043 2721 1198 2776 nobis
1235 2723 1400 2777 etiam
1429 2724 1521 2792 qui
1567 2724 1620 2777 in
1655 2732 1798 2778 terra
1844 2740 2053 2790 sumus,

485 2809 541 2864 in
568 2808 822 2865 omnibus
873 2810 990 2865 lle'ri
1025 2811 1358 2866 voluntatem
1392 2812 1518 2877 Dei;
1572 2817 1714 2882 quod
1743 2813 1975 2876 accidet,
2006 2812 2052 2867 si

483 2903 623 2957 nihil
654 2915 852 2971 praeter
885 2904 1055 2973 ipsius
1103 2920 1324 2975 agamus
1359 2905 1716 2960 voluntatem.
1770 2905 1903 2960 Cum
1955 2920 2054 2958 au-

486 3006 597 3049 tem
634 2995 781 3049 sicut
802 2994 853 3047 in
878 2995 1020 3049 C(BIO
1048 2995 1139 3049 Dei
1173 2996 1420 3050 voluntas
1452 3004 1553 3061 est,
1595 2996 1674 3051 sic
1709 2996 1872 3051 etiam
1904 3011 1933 3049 a
1958 3011 2056 3050 no-

489 3089 575 3143 bis
606 3088 893 3156 adimpleta
922 3086 1085 3140 fuerit
1123 3087 1175 3139 in
1212 3094 1382 3152 terra;
1412 3095 1541 3140 tunc
1582 3086 1789 3140 similes
1819 3086 2054 3141 calcati-

486 3185 611 3244 hus,
647 3194 840 3249 nempe
869 3186 1147 3248 portantes
1174 3191 1326 3246 atque
1357 3192 1421 3231 ac
1451 3176 1526 3231 illi
1568 3179 1852 3248 imaginem
1886 3177 2058 3232 Coele-

488 3272 612 3337 stis,
662 3270 923 3344 hau-edes.
954 3270 1158 3323 erimus
1210 3269 1359 3337 regni
1390 3267 1675 3335 caelorum,
1716 3268 2056 3338 orabuntque

2152 2088 2249 2142 ἐπὶ
2271 2088 2385 2157 γῆς
2413 2088 2541 2160 (76).
2582 2088 2641 2140 '0
2666 2088 2878 2151 Λουκᾶς
2914 2086 3052 2158 μετὰ
3083 2088 3142 2141 τό
3159 2104 3174 2118 ·
3219 2087 3463 2141 metm
3490 2088 3528 2154 ἡ
3548 2087 3733 2150 ,βασι-

2151 2179 2285 2233 λεία
2316 2192 2454 2242 σου,
2483 2177 2657 2231 ταῦτα
2684 2178 3137 2247 παρασιωπήσας,
3170 2175 3325 2241 ἔταξε
3349 2191 3363 2205 ’
3402 2175 3512 2228 Τὸν
3546 2173 3758 2243 ἄρτον.

2154 2268 2323 2339 ἡμῶν
2366 2270 2475 2322 τὸν
2518 2268 2833 2322 ἐπιούσιον
2886 2267 3057 2321 δίδου
3107 2267 3251 2336 ἡμῖν
3304 2268 3432 2320 καθ’
3479 2265 3729 2337 ἡμέραν.

2156 2363 2350 2434 Διόπερ
2383 2361 2450 2425 ἃς
2497 2360 2875 2432 προετάξαμεν
2914 2359 3108 2426 λέξεις,
3150 2358 3226 2421 ὡς
3273 2358 3423 2429 παρὰ
3473 2358 3616 2429 μόνῳ
3652 2356 3737 2426 τῷ

2155 2451 2418 2521 Ματθαίῳ
2445 2451 2723 2521 κειμένας,
2754 2449 3094 2521 ἐξετάσωμεν
3133 2447 3439 2511 ἀκολούθως
3485 2450 3595 2509 τοῖς
3623 2446 3734 2517 πρὸ

2155 2544 2377 2597 τούτων.
2414 2544 2531 2595 Ἔτι
2564 2542 2715 2606 ὄντες
2743 2542 2835 2595 ἐπὶ
2856 2542 2958 2611 γῆς
2990 2543 3037 2593 οἱ
3062 2541 3363 2611 εὐχόμενοι,
3400 2538 3643 2601 νοοῦντες
3674 2540 3734 2591 ὲν

2155 2634 2369 2707 οὐρανῷ
2414 2633 2694 2702 γεγονέναι
2732 2632 2795 2686 τὸ
2844 2632 3053 2702 θέλημα
3086 2630 3179 2684 τοῦ
3221 2629 3355 2683 Θεοῦ
3395 2629 3546 2701 παρὰ
3598 2631 3733 2682 πᾶσι

2156 2729 2270 2791 τοῖς
2306 2727 2527 2789 οἰκείοις
2572 2725 2679 2779 τῶν
2706 2722 2972 2795 οὐρανῶν,
2994 2720 3275 2792 εὐξώμεθα
3310 2721 3421 2791 (77)
3466 2720 3560 2773 καὶ
3597 2722 3735 2791 ἡμῖν

2158 2822 2271 2883 τοῖς
2313 2819 2404 2871 ἐπὶ
2434 2818 2538 2888 γῆς
2584 2816 2783 2887 ὁμοίως
2826 2815 3072 2879 ἐκείνοις,
3105 2813 3244 2867 κατὰ
3274 2812 3735 2881 πάνταιγενέσθαι

2154 2907 2216 2962 τὸ
2254 2908 2462 2978 θέλημα
2494 2904 2589 2958 τοῦ
2616 2904 2749 2957 Θεοῦ
2773 2922 2786 2934 ·
2830 2905 2967 2976 ὅπερ
3016 2902 3352 2975 συμϐήσεται
3383 2902 3515 2973 (78),
3570 2900 3736 2972 μηδὲν

2157 2998 2315 3071 ἡμῶν
2342 2996 2494 3068 παρὰ
2516 2996 2576 3048 τὸ
2599 2995 2811 3067 θέλημα
2842 2994 3190 3066 πραττόντων
3220 2992 3405 3046 αὐτοῦ.
3462 2991 3628 3045 Ἐπὰν
3650 2992 3733 3053 δὲ,

2158 3090 2233 3153 ὼς
2265 3092 2322 3143 ὲν
2366 3086 2577 3159 οὐρανῷ
2625 3087 2683 3139 τὸ
2731 3085 2943 3157 θέλημά
2984 3087 3100 3138 ἐστι
3150 3083 3243 3138 τοῦ
3272 3082 3428 3148 Θεοῦ,
3467 3084 3560 3137 καὶ
3600 3083 3737 3153 ἡμῖν

2157 3184 2270 3244 τοῖς
2295 3179 2387 3231 ὲπὶ
2434 3180 2536 3249 γῆς
2564 3175 2904 3250 καωρθωθῇ,
2949 3175 3302 3247 ὁμοιωθέντες
3334 3178 3447 3237 τοῖς
3488 3177 3545 3227 ὲν
3569 3175 3739 3244 οὐρα-

2159 3276 2289 3337 νοῖς,
2332 3272 2425 3325 ἅτε
2472 3270 2801 3344 φορέσαντες
2833 3268 2942 3341 (79)
2970 3267 3366 3340 παραπλησίως
3390 3266 3617 3328 ἐκείνοις
3634 3264 3738 3335 τὴν

489 3363 688 3418 deinde
733 3362 767 3415 ii
801 3362 889 3431 qui
928 3360 1085 3415 nobis
1131 3361 1182 3413 in
1221 3370 1362 3414 terra
1415 3362 1729 3427 succedent,
1779 3361 1917 3416 cmlo
1942 3361 2051 3432 jam

2158 3368 2343 3419 εἰκόνα
2390 3365 2484 3418 τοῦ
2525 3365 2901 3436 Ἑπουρανίου,
2932 3359 3204 3433 βασιλείαν
3254 3358 3498 3430 οὐρανῶν
3534 3359 3736 3429 κληρο-

489 3453 730 3523 receptis
761 3450 916 3506 nobis
963 3450 1283 3505 assimilari.
1334 3450 1518 3504 Potest
1564 3452 1726 3506 etiam
1757 3453 2053 3506 secundum

487 3547 801 3602 Mattlnrum
855 3544 1117 3599 duntaxat
1171 3544 1299 3599 illud
1352 3558 1368 3598 :
1414 3542 1566 3598 Sicut
1626 3544 1682 3597 in
1723 3544 1851 3598 caelo
1901 3555 1949 3598 et
2000 3544 2055 3597 in

487 3654 650 3705 terra,
697 3649 755 3711 ut
793 3639 1048 3695 omnibus
1094 3651 1385 3692 commune
1427 3637 1636 3705 accipi;
1686 3645 1745 3691 ut
1793 3636 2055 3705 ejusmodi

489 3736 561 3790 sit
625 3733 768 3801 quod
806 3730 990 3787 nobis
1058 3730 1376 3799 prmcipitur
1442 3729 1496 3783 in
1560 3729 1805 3784 oratione
1866 3730 2054 3784 dicen-

492 3825 618 3880 dum
653 3841 667 3877 :
705 3821 1077 3889 Sanctiﬁcetur
1103 3835 1288 3872 nomen
1337 3826 1507 3885 tuum,
1558 3822 1691 3873 sicut
1738 3820 1795 3872 in
1849 3820 1975 3874 ccelo
2007 3829 2056 3873 et

2158 3458 2464 3528 νομήσομεν
2485 3473 2497 3486 ·
2529 3454 2636 3509 τῶν
2666 3454 2784 3525 μεθ’
2824 3455 2971 3524 ἡμᾶς
3005 3454 3097 3507 ἐπὶ
3142 3454 3264 3524 γῆς,
3293 3451 3386 3506 καὶ
3419 3452 3550 3521 ἡμῖν
3578 3466 3736 3518 γενο-

2161 3546 2342 3617 μένοις
2390 3548 2448 3598 ὲν
2484 3542 2698 3615 οὐρανῷ
2743 3540 3071 3612 ὁμοιωθῆναι
3116 3540 3443 3611 εὐχομένων.
3500 3535 3736 3590 Δύναται

2162 3638 2343 3707 μέντοι
2370 3655 2434 3705 γε
2476 3636 2616 3691 κατὰ
2647 3636 2808 3704 μόνον
2847 3634 2940 3687 τὸν
2973 3632 3251 3687 Ματθαῖον
3297 3629 3405 3683 ἀπὸ
3436 3626 3613 3681 κοινοῦ
3651 3626 3734 3691 τὸ,

2170 3729 2268 3795 Ὠς
2298 3730 2368 3782 ἐν
2409 3728 2662 3798 οὐρανῷ,
2690 3725 2789 3781 καὶ
2821 3725 2920 3778 ἐπὶ
2964 3723 3098 3794 γῆς,
3146 3720 3548 3794 λαμϐάνεσθαι·
3598 3720 3663 3772 ἵν’

2156 3813 2397 3876 τοιοῦτον
2421 3820 2480 3872 τὸ
2518 3818 2993 3890 προστασσόμενον
3022 3817 3150 3887 ἡμῖν
3177 3817 3234 3867 ὲν
3262 3817 3326 3885 τῇ
3359 3814 3490 3883 εὐχῇ
3517 3811 3696 3879 λέγειν
3717 3828 3731 3841 ·

492 3917 550 3970 in
593 3925 756 3968 terra.
796 3914 1048 3967 Adveniat
1090 3927 1311 3981 regnum
1359 3920 1527 3975 tuum,
1565 3915 1696 3966 sicut
1742 3914 1796 3966 in
1837 3912 1963 3967 caelo
2008 3920 2051 3965 et

2169 3910 2531 3983 Ἁγιασθήτω
2578 3910 2643 3964 τὸ
2698 3907 2886 3978 ὄνομά
2914 3922 3051 3972 σου,
3097 3909 3178 3974 ὡς
3227 3909 3288 3961 ἐν
3334 3904 3591 3974 οὐρανῷ,
3634 3902 3734 3955 καὶ

488 4007 549 4060 in
592 4017 754 4061 terra.
830 4003 953 4058 Fiat
1001 4002 1238 4057 voluntas
1290 4011 1382 4055 tua
1433 4003 1567 4056 sicut
1626 4004 1682 4056 in
1732 4002 1856 4056 uelo
1905 4013 1954 4055 et
2002 4004 2051 4055 in

2157 4004 2256 4057 ἐπὶ
2303 4000 2434 4074 γῆς.
2495 3999 2748 4055 Ἐλθέτω
2799 4000 2838 4067 ἡ
2882 3997 3168 4062 ,βασιλεία
3210 4014 3348 4058 σου,
3396 3996 3476 4061 ὡς
3519 3994 3589 4047 ἐν
3631 3995 3745 4047 οὐσ

491 4107 655 4153 terra.
696 4096 829 4150 Nam
863 4103 917 4149 et
947 4107 1141 4147 nomen
1174 4091 1266 4146 Dei
1317 4093 1715 4146 sanctificatum
1754 4102 1838 4146 est
1872 4092 1940 4146 ab
1992 4092 2051 4144 iis

2153 4094 2336 4164 ρανῷ,
2390 4093 2489 4147 καὶ
2535 4092 2635 4146 ἐπὶ
2664 4090 2795 4161 τῆς.
2850 4088 3170 4157 Γενηθήτω
3208 4088 3273 4141 τὸ
3320 4084 3547 4153 θέλημά
3595 4100 3734 4146 σου,

488 4190 580 4259 qui
616 4197 747 4243 sunt
793 4188 847 4240 in
879 4186 1039 4250 cmlo,
1089 4192 1145 4238 et
1176 4183 1397 4237 advenit
1441 4183 1522 4236 eis
1571 4197 1795 4251 regnum
1847 4183 1962 4246 Dei,
2006 4192 2051 4235 et

2158 4188 2239 4254 ὠς
2282 4187 2352 4239 ἐν
2395 4184 2649 4253 οὐρανῷ,
2703 4182 2804 4237 καὶ
2853 4182 2951 4235 ἐπὶ
2999 4179 3142 4251 γῆς·
3192 4179 3253 4232 τό
3312 4194 3371 4230 τε
3411 4176 3522 4247 γὰρ
3566 4175 3737 4244 ὀνομα

489 4279 647 4352 241
679 4281 731 4334 in
764 4278 867 4333 illis
902 4276 1041 4331 facta
1069 4284 1153 4330 est
1180 4275 1274 4329 Dei
1305 4273 1578 4328 voluntas.
1617 4271 1692 4325 Ea
1723 4273 1917 4327 desunt
1943 4287 2051 4325 om.

2158 4278 2251 4333 τοῦ
2280 4278 2413 4331 Θεοῦ
2446 4275 2682 4348 ἡγιάσθη
2731 4274 2886 4346 παρὰ
2923 4276 3034 4336 τοῖς
3078 4268 3417 4342 ὲν,οὐρανῷ,
3475 4267 3569 4321 καὶ
3616 4266 3732 4318 ὲνέ-

486 4373 576 4427 nia
609 4372 765 4426 nobis
790 4370 877 4437 qui
925 4368 979 4422 in
1029 4376 1173 4423 terra
1216 4381 1435 4432 sumus,
1480 4365 1669 4420 adesse
1719 4374 1895 4419 tamen
1931 4378 2051 4432 pos-

2161 4386 2259 4440 στη
2304 4367 2487 4430 αὐτοῖς
2532 4369 2565 4437 ἡ
2612 4364 2706 4419 τοῦ
2737 4363 2871 4418 Θεοῦ
2922 4359 3526 4434 βασιλεία,νγεγένηταί
3568 4374 3629 4411 τε
3676 4358 3734 4410 ἐν

487 4474 636 4531 sunt,
665 4465 708 4519 si
743 4478 845 4517 nos
873 4460 1227 4515 exhibeamus
1251 4454 1444 4529 dignos
1475 4458 1564 4527 qui
1598 4459 1662 4511 de
1694 4458 1777 4512 his
1804 4457 2051 4511 omnibus

2161 4462 2344 4523 αὐτοῖς
2375 4458 2434 4511 τὸ
2459 4459 2667 4529 θέλημα
2698 4456 2791 4510 τοῦ
2824 4456 2979 4509 Θεοῦ·
3013 4457 3155 4527 άπερ
3188 4454 3363 4507 πάντα
3398 4454 3527 4523 ἡμῖν
3558 4450 3734 4503 λείπει

485 4571 518 4610 a
549 4555 661 4608 Deo
692 4553 1071 4607 exaudiamur.
1119 4551 1336 4616 Quaeret
1391 4549 1589 4618 aliquis
1627 4559 1853 4618 propter
1900 4548 2051 4608 illud,

2159 4552 2269 4613 τοῖς
2295 4548 2386 4600 ἐπὶ
2410 4546 2534 4617 γῆς,
2560 4548 2831 4618 δυνάμενα
2849 4547 2977 4616 ἡμῖν
3006 4543 3346 4617 ὑπαρχθῆναι
3366 4545 3422 4596 ὲν
3450 4540 3527 4613 τῷ
3552 4540 3735 4606 ἀξίους

485 4645 580 4713 ﬁat
608 4644 854 4697 voluntas
884 4651 974 4694 tua
999 4642 1133 4694 sicut
1161 4642 1214 4694 in
1241 4639 1366 4693 calo
1391 4650 1438 4693 et
1480 4642 1536 4694 in
1580 4651 1742 4705 terra,
1785 4640 2051 4708 quomodo

2162 4642 2386 4704 ἑαυτοὺς
2414 4638 2842 4702 κατασκευάζειν
2872 4639 3104 4710 ἐπηκόου
3134 4638 3260 4709 περὶ
3286 4636 3489 4690 τούτων
3519 4635 3734 4688 πάντων

486 4733 737 4787 voluntas
766 4732 859 4787 Dei
891 4733 983 4787 (iat
1016 4733 1071 4785 in
1101 4731 1257 4791 coelo,
1284 4732 1373 4784 uhi
1405 4741 1531 4784 sunt
1558 4730 1858 4795 spiritualia
1882 4731 2051 4800 nequi-

2161 4729 2254 4785 τοῦ
2276 4730 2411 4783 Θεοῦ
2444 4732 2641 4799 τυχεῖν.
2680 4732 2925 4801 Ζητὴσας
2952 4728 3062 4799 (80)
3095 4728 3141 4781 δ’
3174 4728 3239 4782 ἄν
3277 4745 3358 4791 τις
3384 4726 3472 4780 διὰ
3498 4726 3556 4779 τδ
3575 4765 3589 4788 ,
3620 4727 3732 4779 Γε-

486 4826 574 4879 tia:
596 4837 691 4892 per
712 4838 831 4893 quae
856 4823 1198 4877 inebriabitur
1222 4823 1426 4892 gladius
1453 4824 1545 4875 Dei
1568 4823 1731 4876 etiam
1756 4822 1811 4873 in
1837 4821 1965 4874 caelo
1985 4820 2051 4873 ".

2161 4820 2398 4888 νηθήτω
2425 4819 2491 4872 τὸ
2524 4819 2752 4888 θέλημά
2794 4837 2939 4884 σου,
2974 4820 3055 4885 ὡς
3091 4820 3162 4872 ἐν
3200 4817 3452 4885 οὐρανῷ,
3493 4815 3592 4870 καὶ
3632 4815 3729 4868 ἐπὶ

489 4912 546 4969 Si
578 4913 909 4968 voluntatem
954 4912 1050 4968 Dei
1080 4914 1157 4968 sic
1192 4928 1411 4969 oramus
1442 4915 1495 4967 in
1543 4922 1685 4968 terra
1733 4910 1849 4966 ﬁeri
1893 4922 1950 4966 ut
1997 4912 2050 4965 in

2162 4911 2295 4981 γῆς,
2329 4910 2517 4978 λέγων·
2545 4911 2669 4973 Πῶς
2690 4911 2977 4981 γεγένηται
3011 4907 3121 4983 (81)
3153 4909 3215 4962 τὸ
3237 4908 3447 4981 θέλημα
3479 4907 3569 4962 τοῦ
3598 4905 3730 4960 Θεοῦ

554 5097 600 5128 ’⁸
632 5093 1005 5162 Psal.c1x,i.
1081 5096 1323 5153 "lCor.
1353 5113 1440 5165 xv,
1487 5098 1577 5154 ‘26.
1654 5098 1700 5130 "
1728 5095 1886 5163 Ibid.,
1914 5094 2025 5166 .55.
2097 5091 2271 5149 “lsa.
2312 5104 2502 5157 xxxiv,
2543 5091 2597 5145 5.
2908 5126 2915 5131 ρ
3737 5150 3762 5225 ς

558 5238 674 5309 (74)
710 5235 893 5313 podex
931 5253 1056 5306 ms.,
1107 5240 1574 5313 προκαλουμένης.
1634 5240 1811 5297 Editio
1857 5240 2051 5308 Oxum,

2232 5237 2348 5313 (77)
2377 5235 2716 5313 ῌύξώμεθα.
2756 5232 2923 5313 Forte
2946 5230 3267 5313 legendum,
3289 5229 3575 5313 εὐξόμεθα,

489 5298 1003 5381 προσκαλουμένης.
1041 5298 1055 5306 ⁷
1155 5298 1167 5311 ’
1390 5298 1402 5313 ’
1513 5298 1552 5313 ”
2024 5298 2051 5308 ⁷’

558 5378 675 5432 “Si
704 5379 938 5432 Ktiotoc.
987 5376 1427 5432 Bentleiusleait.
1464 5381 1615 5432 Θεός.

2157 5298 2345 5432 δήζτει
2376 5298 2560 5363 00ᾱόιὶ
2588 5320 2710 5369 ms.,
2747 5298 3107 5375 συμϐήσεται.
3169 5301 3316 5356 Edit.
3342 5298 3542 5368 om...
3594 5317 3730 5372 συμ-

2233 5394 2412 5432 σηται.

558 5380 652 5447 (75
704 5378 949 5447 Κύριοςξ
987 5378 1427 5446 Bentleiuslegit,
1464 5381 1615 5443 Θεός.
2157 5378 2412 5449 δήσηται.
3209 5440 3221 5452 _

558 5378 675 5521 (76;
700 5449 1017 5521 Γενηθήτω
1041 5448 1107 5521 τὸ
1132 5449 1359 5519 θέλημά
1388 5466 1524 5515 σου,
1552 5452 1631 5517 ὡς
1663 5451 1732 5521 ἐν
1761 5450 2055 5518 οὐρανοῖς,
2228 5448 2341 5518 (79)
2373 5446 2551 5500 Codex
2588 5457 2717 5511 ms.,
2746 5442 3093 5515 φορέσαντες.
3125 5440 3304 5496 Edttio
3326 5439 3529 5504 Oxum,
3562 5441 3730 5511 φορή⁴

557 5449 672 5572 (76)
700 5449 1017 5529 Γενηθήτω
1041 5449 1107 5503 τὸ
1121 5449 1359 5531 ,θένῖημά
1388 5466 1524 5531 σου,
1552 5452 1631 5517 ὡς
1663 5451 1732 5502 ἐν
1761 5450 2055 5518 οὐρανοῖς,

482 5536 561 5574 κα
614 5520 713 5573 ἐπὶ
740 5538 867 5589 της.
914 5520 1035 5575 Haec
1061 5520 1191 5575 ohm
1229 5536 1279 5574 in
1326 5522 1648 5588 quihusdam
1684 5520 1843 5573 Luem
1873 5535 2059 5573 exem-

482 5589 728 5658 plaribus
777 5590 1104 5657 desiderata,
1153 5591 1357 5659 passim
1408 5591 1460 5645 in
1518 5592 1718 5644 nostris
1770 5590 2046 5659 codicibus

484 5657 855 5732 reperiuntur,
886 5660 978 5713 sed
1011 5657 1190 5732 versit)
1217 5662 1433 5732 vulgata
1466 5660 1692 5718 omittit.
1726 5659 1861 5715 Vide
1896 5657 2044 5713 Millii
2229 5657 2311 5723 (8|

484 5734 641 5781 notas
664 5730 730 5785 ad
754 5728 885 5784 Luc.
910 5745 987 5799 ιι,
1010 5730 1065 5785 2.
1315 5728 1336 5732 ⁷
2151 5741 2259 5780 ται.

2159 5533 2670 5653 σαῖἔθῗὶητήσας.
2706 5583 2848 5653 Lege
2862 5596 3000 5653 cum
3023 5578 3287 5653 Bentleio,
3306 5578 3556 5653 ζητήσαι.

2368 5593 2670 5652 Ζητήσας.
2706 5593 2848 5653 Lege
2875 5596 3000 5637 cum
3023 5593 3287 5647 bentleto,
3306 5593 3556 5651 ςητησαι.

2322 5593 2339 5727 ἲ
2376 5655 2552 5710 Codex
2588 5669 2717 5721 ms.,
2745 5652 3056 5724 γεγένηται.
3100 5649 3279 5706 Editio
3310 5650 3486 5705 Oxon.
3507 5688 3523 5717 ,
3560 5647 3721 5720 γένη-
