3974 6160
310 249 420 304 501
1567 257 1904 314 LIBELLUS
1936 258 2022 312 DE
2056 255 2420 312 ORATIONE.
3484 253 3587 306 502

301 361 371 415 ἐν
407 362 662 434 οὐρανῷ,
689 364 822 418 ὅπου
852 365 966 417 ἐστὶ
988 364 1060 417 τὰ
1086 367 1452 435 πνευματικὰ
1477 368 1586 436 τῆς
1609 372 1849 438 πονηριό

1959 377 1991 430 Α
2026 370 2168 423 caelo
2202 370 2281 433 ﬁt,
2315 367 2516 422 nihilne
2548 363 2737 434 pericii
2763 372 2844 418 est
2873 376 2938 416 ne
2973 363 3339 433 imprudentes
3367 379 3583 419 ON‘IHUS

303 448 382 501 δι’
419 450 460 503 ἃ.
490 452 615 522 (82)
656 453 1107 521 μεθυσθήσεται
1143 456 1180 521 ἡ
1201 455 1464 524 μάχαιρα
1487 458 1593 511 τοῦ
1635 460 1780 514 Θεοῦ
1819 479 1849 515 κ

2025 463 2076 514 in
2109 471 2252 514 terra
2289 475 2508 513 manere
2533 459 2694 512 etiam
2723 471 2783 510 ea
2816 473 2937 526 quae
2960 457 3112 510 nobis
3139 457 3410 510 contraria
3435 466 3581 520 sunt,
3648 535 3654 545 '

297 539 378 594 ἐν
404 541 494 606 τῷ
531 542 771 611 οἰφανῷ
795 560 814 608 ;
843 546 890 597 εἰ
922 545 978 597 δὲ
1005 544 1177 608 οὕτως
1206 546 1476 618 εὐχόμεθα
1506 551 1795 620 γενηθῆναι
1824 555 1848 604 ἐ

2018 567 2139 604 cum
2169 551 2253 604 illa
2288 566 2502 620 quoque
2532 564 2562 603 e
2613 550 2750 604 coelo
2792 550 3031 614 veniant,
3063 547 3303 614 plurimis
3338 548 3388 599 in
3440 556 3582 602 terra

297 631 412 701 τῆς
441 634 560 704 γῆς
588 634 648 686 τὸ
668 634 795 705 θέλη
805 653 878 705 μα
897 634 987 687 τοῦ
1009 635 1140 689 Θεοῦ
1166 635 1352 708 ῶσπερ
1375 638 1581 706 γίνεται
1599 642 1655 693 ἐν
1679 642 1737 693 οὐ
1748 659 1849 712 ρανι

2018 643 2069 696 in
2110 645 2238 696 vitia
2270 643 2532 711 prolapsis
2557 644 2610 696 vi
2641 641 3000 710 spiritualium
3038 639 3290 708 nequitia:
3319 653 3435 708 qua:
3460 644 3586 694 sunt

299 726 537 795 μήποτε
571 727 872 798 λεληθότως
901 729 1010 799 (85)
1046 729 1329 802 εὐξώμεθα
1359 732 1538 801 μένειν
1571 733 1662 784 ἐπὶ
1690 734 1792 804 γῆς
1820 753 1849 787 κ

2017 735 2067 786 in
2101 735 2455 788 coelestibus?
2490 732 2596 786 Sed
2627 734 2716 802 qui
2765 733 3052 800 allegorice
3085 731 3278 786 cmlum
3313 731 3582 799 accipiens

296 814 369 866 τὰ
392 816 654 882 ἐναντία,
685 821 818 874 ὅπου
837 825 931 876 ἀπ’
957 825 1186 897 οὐρανοῦ
1205 829 1299 880 καὶ
1325 827 1496 880 ταῦτα
1525 828 1762 900 ἔρχεται,
1793 848 1849 883 πε

2014 825 2213 884 dixerit
2241 824 2414 890 ipsum
2442 838 2562 876 esse
2583 821 2880 886 Christum,
2907 832 3102 873 terram
3136 835 3262 873 vero
3284 817 3577 874 Ecclesiam

295 906 412 960 λῶν
438 910 676 976 φαύλων
709 917 1006 986 γινομένων
1037 921 1129 972 ἐπὶ
1157 923 1259 991 γῆς
1297 923 1384 977 διὰ
1413 925 1479 976 τὰ
1514 923 1761 994 ἡττῶντα
1799 924 1849 995 (8

2014 912 2160 981 (quis
2211 914 2354 968 enim
2397 914 2468 966 ita
2506 913 2703 982 (lignus
2735 913 2892 966 Patre
2928 916 3155 967 thronus
3187 923 3246 967 ut
3291 910 3581 966 Christus?

292 1001 674 1068 πνευματικά
701 1003 799 1073 τῆς
833 1007 1093 1079 πονηρίας
1134 1011 1262 1064 ὄντα
1295 1014 1353 1065 ἐν
1399 1017 1510 1076 τοῖς
1547 1016 1849 1087 ἐπουρανίοι

307 1086 367 1105 ,η
455 1089 469 1105 ς
601 1087 623 1105 -.-
1043 1099 1067 1105 _
1175 1101 1184 1105 _
1300 1103 1308 1105 ,
1434 1104 1437 1105 ,

2014 1007 2156 1074 quod
2195 1005 2493 1059 scabellum
2550 1005 2743 1071 pedum
2794 1005 2886 1057 Dei
2913 1044 2927 1068 ,
2971 1005 3127 1072 quale
3175 1003 3490 1073 Ecclesia?)
3533 1003 3580 1056 is

307 1086 369 1194 ’ρ
405 1089 518 1157 μὲν
543 1087 657 1197 τοὖν
691 1110 773 1156 τις
794 1095 1108 1170 ἀλληγορῶν
1141 1101 1232 1153 τὸν
1260 1103 1509 1172 οὐρανὸν,
1561 1106 1656 1157 καὶ
1686 1086 1849 1174 φάσκι

2011 1098 2368 1166 quaestionem
2406 1095 2563 1152 facile
2590 1096 2781 1159 solvet,
2812 1096 2995 1150 dicens
3017 1096 3282 1150 orandum
3313 1111 3432 1150 esse
3460 1095 3582 1147 uni-

287 1176 466 1231 αὐτὸν
511 1177 661 1234 εἶναι
693 1184 781 1236 τὸν
814 1188 1064 1257 Χριστὸν,
1094 1193 1194 1262 γῆν
1224 1193 1396 1264 δὲτὴν
1434 1195 1756 1266 Ἐκκλησίαν
1802 1195 1849 1268 [τ

287 1266 399 1288 Α-)-Α
443 1269 498 1288 ,η
664 1272 722 1288 νι-
837 1276 860 1288 Λ
916 1278 928 1288 ι
1067 1280 1161 1288 ιλ-..
1277 1283 1301 1288 ..-
1344 1285 1389 1288 --
1501 1285 1510 1288 -
1620 1287 1626 1288 κ

2011 1188 2208 1254 citique
2239 1202 2428 1243 eorum
2456 1187 2550 1256 qui
2580 1203 2643 1241 ex
2675 1185 2909 1241 Ecclesia
2939 1194 3084 1249 sunt,
3110 1193 3164 1238 ut
3190 1187 3265 1239 sic
3300 1196 3578 1254 paternam

286 1266 404 1337 γὰρ
437 1269 630 1334 οὕτως
657 1272 804 1338 ἄξιος
836 1276 1021 1346 θρόνος
1060 1280 1169 1352 (85)
1211 1283 1303 1335 τοῦ
1344 1285 1557 1357 Πατρὸς
1601 1287 1675 1349 ὡς
1708 1289 1734 1340 ό
1770 1266 1849 1358 ἒξρ

2009 1279 2189 1345 capiat
2210 1278 2541 1332 voluntatem
2571 1277 3018 1346 quemadmodum
3044 1276 3292 1330 Christus
3327 1279 3580 1346 capiebat

287 1363 459 1424 στόςς
504 1366 668 1416 ποῖον
697 1366 753 1418 δὲ
791 1367 1075 1424 ὑποπόδιον
1107 1373 1214 1425 τῶν
1241 1376 1416 1430 ποδῶν
1448 1378 1539 1430 τοῦ
1585 1379 1719 1432 Θεοῦ
1763 1379 1837 1442 ὡς

2011 1369 2340 1423 voluntatem
2365 1369 2540 1424 Patris
2563 1370 2668 1434 sui,
2699 1379 2753 1423 et
2780 1385 2993 1424 omnem
3020 1368 3262 1437 perfecit.
3285 1367 3577 1423 Possumus

296 1448 623 1522 Ἐκκλησία
644 1455 684 1527 ;]
719 1459 955 1528 εὐχερῶς
981 1462 1129 1516 λύσει
1165 1465 1233 1519 τὰ
1267 1466 1588 1538 ζητούμενα,
1623 1469 1794 1538 λέγων
1817 1489 1849 1523 ε

2009 1460 2153 1512 enim
2189 1462 2237 1514 ei
2267 1462 2590 1515 adhaerendo
2619 1477 2760 1515 unus
2787 1477 2907 1515 cum
2942 1462 3057 1531 ipso
3085 1462 3304 1531 spiritus
3332 1463 3446 1516 ﬁeri
3468 1503 3482 1526 ,
3521 1473 3576 1515 et

280 1543 488 1631 χεσθαι
518 1546 640 1599 δεῖν
685 1549 912 1605 ἕκαστον
955 1555 1063 1609 τῶν
1096 1558 1202 1612 ἀπὸ
1247 1561 1346 1630 τῆς
1395 1561 1716 1631 Ἐκκλησίας
1760 1563 1849 1616 οὔτ

2009 1551 2078 1604 ita
2103 1552 2218 1620 ejus
2245 1568 2442 1621 capere
2465 1553 2794 1608 voluntatem
2822 1564 2902 1620 ut,
2928 1557 3196 1624 quomodo
3222 1554 3456 1624 perfecta
3490 1563 3572 1606 est

282 1625 557 1703 χωρῆσαι
592 1637 652 1689 τὸ
679 1644 941 1712 πατρικὸν
971 1645 1203 1717 θέλημα,
1235 1625 1526 1721 ὃνῄτρόπον
1553 1625 1786 1722 Χριστὸς
1808 1671 1849 1706 xl

1959 1713 1969 1722 _
2009 1642 2059 1694 in
2087 1645 2249 1708 coelo,
2275 1643 2349 1698 sic
2375 1645 2684 1713 perficiatur
2707 1655 2760 1700 et
2783 1648 2831 1700 in
2869 1657 3008 1701 terra
3033 1665 3044 1699 :
3067 1663 3188 1700 nam
3219 1648 3307 1714 qui
3341 1648 3574 1701 adha’res

277 1722 584 1794 χώρηκεν,
619 1731 646 1782 ὁ
673 1729 840 1785 ἐλθὼν
865 1736 1084 1806 ποιῆσαι
1116 1739 1176 1792 τὸ
1205 1741 1413 1812 θέλημα
1444 1744 1605 1796 αὐτοῦ
1646 1744 1740 1796 τοῦ
1782 1745 1849 1796 Hc

1959 1713 2248 1799 ΒΒοηιίηο,
2295 1737 2588 1790 secundum
2630 1737 2891 1805 Paulum,
2938 1756 3072 1793 unus
3118 1741 3333 1808 spiritus
3379 1747 3454 1791 est
3502 1738 3570 1793 ’°.

276 1811 436 1880 τρδς,
475 1816 584 1867 καὶ
624 1820 731 1870 πᾶν
757 1822 888 1874 αὐτὸ
927 1824 1237 1891 τελειώσας.
1277 1832 1510 1884 Δυνατὸν
1542 1831 1650 1903 γάρ
1694 1833 1849 1886 κωλύι

1998 1824 2108 1878 Nec
2138 1837 2265 1894 puto
2289 1829 2740 1882 contemnendam
2764 1830 2902 1882 hanc
2926 1830 3426 1898 interpretationem
3455 1827 3570 1883 fore

278 1902 412 1956 σθαι
452 1906 578 1976 (86)
614 1910 782 1981 αὐτῷ,
813 1913 870 1965 ἓν
894 1916 1146 1982 γενέσθαι
1180 1921 1401 1992 πνεῦμα
1436 1925 1530 1976 σὺν
1571 1923 1749 1994 αὐτῷ,
1805 1924 1849 1977 δι

1997 1917 2043 1971 ei
2073 1918 2162 1986 qui
2196 1929 2376 1972 mente
2414 1919 2558 1972 illam
2588 1920 2880 1974 studiosius
2907 1921 3211 1976 revolverit.
3255 1921 3311 1975 Si
3342 1921 3464 1990 quis
3493 1930 3574 1973 ta-

275 1988 450 2083 τοῦτο
474 1995 775 2083 χωροῦντα
807 1999 866 2052 τὸ
901 2000 1134 2072 θέλημα,
1165 2007 1228 2058 ἵν’
1258 1988 1336 2071 ὡς
1359 2010 1668 2065 τετέλεσται
1691 1988 1807 2083 ~(87‘)
1834 2017 1849 2066 ἐ

1998 2023 2116 2062 men
2171 2010 2220 2061 ei
2265 2009 2692 2074 contradixcrit,
2749 2009 2935 2064 aﬂeret
2975 2012 3113 2078 quod
3151 2013 3203 2064 in
3245 2011 3351 2065 ﬁne
3407 2013 3569 2082 hujus

275 2077 533 2171 οὐρανῷ,
573 2083 714 2138 οὕτω
738 2087 960 2163 τελεσθῇ
999 2098 1093 2149 καὶ
1144 2099 1234 2149 ἐπὶ
1275 2100 1405 2169 γῆς’
1453 2103 1486 2154 ό
1519 2077 1849 2171 κολλώμενος

1993 2099 2268 2169 Evangelii
2293 2112 2413 2168 post
2438 2103 2898 2164 resurrectionem
2928 2118 2956 2154 a
2990 2103 3216 2157 Domino
3245 2105 3446 2158 dicitur
3475 2121 3570 2158 un-

275 2167 394 2266 γὰρ
430 2169 520 2266 tif.)
547 2175 761 2244 Κυρίῳ,
789 2179 930 2232 κατὰ
958 2181 1047 2235 τὸν
1093 2167 1342 2248 Παῦλον,
1364 2186 1433 2239 ἒν
1461 2167 1842 2256 πνεῦμά-ἐστ

1992 2167 2170 2247 decim
2193 2193 2477 2262 discipulis
2507 2212 2519 2248 :
2554 2195 2695 2249 Data
2727 2210 2801 2250 est
2833 2199 2959 2251 mihi
2983 2201 3150 2251 omnis
3173 2208 3403 2266 potestas
3429 2199 3568 2252 sicut

273 2259 396 2312 Kal.
429 2257 615 2333 οἴμαι,
644 2267 724 2320 ὅτι
756 2270 855 2322 οὐκ
887 2272 1362 2347 εὐκαταφρόνητος
1394 2277 1544 2332 ἔσται
1571 2279 1705 2350 αὕτη
1743 2281 1774 2351 ὴ
1801 2283 1849 2352 ἐξ

1987 2281 2044 2334 in
2065 2283 2192 2337 caelo
2221 2287 2344 2337 etin
2371 2294 2509 2338 terra
2539 2286 2603 2339 ³⁷.
2637 2286 2770 2340 Cum
2805 2289 2948 2341 enim
2986 2289 3210 2342 haberet
3240 2299 3560 2358 potestatem

275 2353 493 2420 μηνεία
522 2355 598 2426 τῷ
621 2358 1039 2434 ἐπιμελέστερον
1066 2368 1414 2420 κατανοοῦντι
1445 2369 1633 2440 αὐτήν.
1654 2372 1849 2425 Ἀντιλέ

1973 2363 2175 2427 eorum
2207 2390 2326 2444 quae
2357 2386 2482 2429 sunt
2515 2379 2567 2430 in
2605 2379 2763 2442 coelo,
2804 2380 3078 2447 accepisse
3105 2395 3163 2434 se
3190 2390 3453 2449 praeterea
3487 2380 3564 2432 ait

1987 2474 2309 2534 potestatem
2337 2483 2522 2521 eorum
2553 2484 2672 2536 quae
2707 2479 2832 2523 sunt
2864 2471 2917 2523 in
2957 2481 3098 2524 terra
3135 2488 3150 2524 :
3185 2489 3306 2525 cum
3343 2488 3406 2526 ea
3439 2489 3560 2541 quae

1986 2567 2112 2609 sunt.
2141 2557 2191 2609 in
2222 2559 2523 2627 cmlis,jam
2549 2571 2706 2615 antea
2735 2562 2846 2616 sint
2877 2578 2905 2616 a
2939 2563 3114 2620 Verbo
3145 2565 3235 2618 illn
3249 2566 3446 2619 minata
3467 2567 3558 2631 ;,in

1984 2651 2452 2704 consummatione
2481 2661 2658 2705 autem
2701 2653 2882 2707 szecnli
2925 2654 3089 2708 etiam
3139 2672 3259 2725 mne
3302 2659 3358 2711 in
3412 2668 3555 2712 terra

1982 2743 2111 2790 sunt
2150 2753 2248 2804 per
2289 2740 2470 2794 datam
2501 2741 2636 2796 Filio
2663 2752 2979 2810 potestatem
3029 2745 3310 2800 imitentur
3339 2764 3458 2814 quae
3502 2749 3554 2803 in

269 2456 395 2508 γων
429 2443 492 2495 δέ
522 2463 606 2509 τις
631 2450 790 2519 αὐτῇ,
827 2454 1198 2524 παραϐήσεται
1230 2457 1338 2527 (88)
1364 2460 1426 2511 τὸ
1457 2462 1549 2513 ἐπὶ
1574 2462 1714 2514 τέλει
1761 2463 1885 2514 τού-

266 2547 377 2583 του
421 2534 527 2586 τοῦ
579 2538 906 2604 Εὐαγγελίου
964 2547 1101 2612 μετά
1140 2546 1238 2616 τὴν
1286 2549 1582 2602 ἀνάστασιν
1634 2553 1737 2603 ὐπὸ
1791 2553 1883 2604 τοῦ

266 2623 505 2690 Κυρίου
531 2627 816 2696 εἰρημένον
843 2633 977 2700 πρὸς
1003 2636 1124 2698 τοὺς
1153 2638 1344 2692 ἕνδεκα
1376 2641 1639 2710 μαθητάς⁸
1679 2643 1882 2712 Ἐδόθη

261 2733 377 2783 μοι
409 2715 591 2771 πᾶσα
624 2719 895 2782 ἐξουσία,
927 2725 1005 2788 ὡς
1046 2725 1115 2778 ἐν
1148 2728 1411 2794 οὐρανῷ,
1462 2732 1562 2783 καὶ
1591 2732 1690 2784 ἐπὶ
1731 2731 1878 2801 γῆς’

264 2805 423 2875 ἔχων
463 2808 578 2879 (89)
610 2813 719 2882 γάρ
752 2811 998 2877 ἐξουσίαν
1025 2818 1130 2871 τῶν
1158 2820 1215 2872 ἐν
1239 2821 1467 2892 οὐρανῷ,
1500 2825 1631 2892 φησὶ
1659 2843 1849 2896 προσει

1982 2828 2121 2882 ctelo
2146 2829 2380 2898 perfecta
2409 2842 2568 2897 sunt,
2602 2843 2656 2887 et
2694 2849 2922 2902 quorum
2969 2847 3290 2906 potestatem
3338 2843 3552 2909 acc-epit

262 2897 520 2970 ληφέναι
553 2902 650 2972 τὴν
683 2905 775 2956 ἐπὶ
801 2907 924 2976 γῆς,
947 2909 1055 2962 τῶν
1090 2911 1189 2980 μὲν
1217 2913 1276 2965 ἐν
1301 2913 1513 2984 οὐρανῷ
1542 2917 1636 2970 καὶ
1682 2917 1846 2988 πρότε

1984 2915 2255 2972 Salvator.
2285 2919 2407 2974 Vult.
2435 2936 2564 2991 ergo
2596 2938 2692 2990 per
2717 2925 3021 2979 orationem
3066 2943 3163 2982 ceu
3201 2931 3548 3000 coadjutores

269 3007 370 3061 ρον
404 2993 519 3045 ὑπὸ
548 2994 642 3046 τοῦ
673 2996 847 3064 Λόγου
888 3004 1338 3072 πεφωτισμένωνο
1372 3007 1465 3060 ἐπὶ
1495 3008 1552 3060 δὲ
1588 3011 1652 3079 τῇ
1683 3026 1849 3062 συντε-

1978 3010 2080 3064 sibi
2115 3025 2329 3066 sumere
2363 3014 2428 3067 ad
2459 3013 2672 3068 Patrem
2703 3017 3020 3086 discipulos,
3059 3028 3112 3073 nt
3144 3037 3266 3074 cum
3322 3038 3382 3077 ea
3429 3041 3549 3091 qua:

265 3077 397 3172 λείᾳ
427 3081 528 3172 τοῦ
560 3084 752 3172 αἰῶνος
785 3089 877 3140 καὶ
920 3090 1024 3143 τῶν
1057 3093 1149 3144 ἐπὶ
1189 3093 1294 3163 γῆς
1325 3095 1411 3149 διὰ
1449 3097 1548 3169 τὴν
1580 3077 1849 3172 δεδομένης

1978 3099 2030 3152 in
2065 3110 2204 3154 terra
2237 3111 2380 3164 sunt,
2402 3105 2888 3160 adsimilitudiuem
2915 3108 3116 3162 directa
3145 3108 3544 3166 l‘uerinteorum

268 3165 536 3228 ἐξουσίαν
561 3171 638 3241 τῷ
675 3172 784 3244 Υίῷ
805 3175 898 3227 τοῦ
927 3176 1083 3241 Θεοῦ,
1121 3182 1472 3252 μιμουμένων
1610 3179 1683 3238 ὧν
1716 3165 1849 3250 ἐξοῦ·

1975 3205 2094 3259 quae
2125 3194 2176 3246 in
2196 3192 2347 3246 cmlis
2363 3196 2599 3262 subjecta
2619 3205 2743 3250 sunt
2760 3197 2970 3251 veritati
2991 3209 3043 3253 et
3065 3201 3255 3266 Verbo,
3280 3212 3548 3272 potestate

272 3257 404 3310 σίαν
429 3260 460 3310 ό
489 3262 675 3358 Σωτὴρ
702 3264 908 3331 ἔλαϐεν,
928 3269 985 3320 ἐν
1013 3270 1228 3340 οὐρανῷ
1253 3277 1697 3350 κατορθουμένων
1730 3279 1849 3352 (90),

1972 3298 2134 3352 quam
2171 3287 2378 3354 accepit
2409 3287 2548 3341 sicut
2579 3287 2632 3340 in
2663 3290 2800 3343 caelo
2828 3299 2880 3343 et
2915 3290 2966 3344 in
3003 3302 3168 3358 terra,
3197 3257 3294 3347 illa-
3320 3298 3386 3349 ad
3419 3295 3540 3350 feli-

268 3349 463 3402 Οίονεὶ
493 3347 584 3405 οὖν
605 3353 692 3408 διὰ
717 3358 822 3410 τῶν
849 3359 1020 3429 εὐχῶν
1051 3367 1340 3435 συνεργοὺς
1366 3368 1502 3438 πρὸς
1527 3347 1617 3423 τόν
1644 3347 1849 3447 Πατέρα

271 3437 327 3457 n-
355 3438 395 3456 σς
561 3442 575 3457 ι
633 3445 660 3457 ι.
690 3448 711 3457 -
825 3449 835 3457 .
989 3452 1004 3457 -
1241 3456 1248 3457 κ

1971 3378 2248 3432 cissimum
2283 3381 2442 3433 ﬁnem
2487 3381 2746 3449 perducat
2771 3397 2957 3437 eorum
2991 3387 3078 3454 qui
3118 3387 3167 3440 in
3207 3388 3324 3455 ejus
3379 3400 3538 3457 pote-

268 3437 535 3508 βούλεται
560 3442 740 3500 λαϐεῖν
761 3449 883 3512 τοὺς
903 3452 1378 3524 μαθητευομένους
1393 3459 1560 3528 αὐτῷ,
1584 3461 1648 3513 ἵν’
1665 3466 1849 3534 ὁμοίως

2487 3437 2500 3449 ι
3007 3437 3020 3454 Ι
3051 3437 3076 3438 "
3119 3437 3167 3440 7"
3215 3437 3322 3455 'J'V'
3379 3437 3502 3457 rv'”

1970 3476 2110 3522 state
2160 3483 2302 3524 sunt.
2339 3473 2409 3525 At
2459 3474 2546 3540 qui
2588 3471 2930 3530 Servatorem
2964 3477 3139 3545 ipsum
3185 3479 3379 3533 coelum
3421 3496 3540 3536 esse

263 3531 385 3591 τοῖς
417 3531 478 3584 ἐν
503 3534 717 3604 οὐρανῷ
744 3537 1201 3611 ὑποτεταγμένοις
1231 3543 1455 3617 ἀληθείᾳ
1481 3549 1573 3600 καὶ
1608 3531 1765 3623 Λόγῳ
1794 3556 1849 3609 τὰ

1968 3560 2106 3625 vult,
2139 3571 2338 3615 terram
2365 3575 2544 3617 autem
2569 3564 2888 3631 Ecclesium,
2921 3569 3336 3636 primogenitum
3361 3573 3540 3624 omnis

264 3618 362 3725 ἐπὶ
396 3623 507 3692 γῆς
538 3625 914 3696 διορθωθέντα,
942 3631 1039 3701 τὴν
1066 3631 1309 3696 ἐξουσίαν
1337 3635 1445 3704 (91)
1481 3640 1544 3708 ἣν
1570 3618 1759 3697 ἔλαϐεν
1784 3647 1849 3710 ὼς

1967 3661 2231 3706 creaturae
2257 3653 2309 3707 in
2336 3668 2442 3721 quo
2465 3654 2631 3708 veluti
2663 3657 2800 3711 solio
2829 3658 3122 3725 requiescit
3142 3657 3320 3724 Pater,
3353 3660 3539 3713 dicens

263 3707 324 3816 Et!
349 3713 572 3784 οὐρανῷ
601 3717 692 3770 καὶ
715 3719 805 3770 ἐπὶ
829 3721 949 3790 γῆς,
981 3725 1058 3786 είς
1088 3725 1239 3788 τέλος
1267 3728 1450 3800 ἀγάγῃ
1482 3707 1590 3784 τῶν
1613 3707 1849 3799 ἐξουσια·ζ

1965 3740 2127 3811 242
2157 3757 2276 3797 esse
2303 3746 2522 3809 ctelum,
2557 3755 2768 3800 asseret
2799 3747 3072 3800 hominem
3098 3764 3254 3816 quem
3284 3749 3536 3803 induerat.

265 3801 523 3907 Ξομένων
563 3810 848 3879 μακάριον.
901 3814 959 3866 Ὁ
997 3814 1054 3866 δὲ
1101 3815 1267 3871 θέλων
1308 3820 1534 3890 οὐρανὸν
1585 3820 1720 3878 εἶναι
1765 3829 1849 3882 τὸν

1963 3845 2214 3888 ornatum
2241 3837 2357 3906 ejus
2390 3840 2658 3903 potentia,
2701 3853 2766 3893 eo
2803 3840 2945 3907 quod
2988 3840 3290 3894 humiliarit
3336 3851 3536 3894 semct-

263 3891 525 3966 Σωτῆρα,
549 3899 648 3969 τὴν
676 3900 742 4000 δῖ
754 3903 854 3972 γῆν
896 3905 1236 3978 Ἐκκλησίαν,
1265 3910 1355 3962 τὸν
1381 3916 1720 3982 πρωτότοκον
1752 3920 1849 3972 πά-

1963 3922 2138 3988 ipsum
2175 3935 2229 3977 et
2255 3891 2429 3980 factus
2458 3929 2528 3981 sit
2557 3927 2814 3982 obediens
2837 3942 3004 3996 usque
3037 3930 3102 3983 ad
3136 3940 3382 3995 mortem,
3411 3943 3534 4000 post

265 3998 366 4052 σης
402 3987 660 4052 κτίσεως,
706 3987 750 4059 ᾧ
775 3995 804 4045 ό
839 3995 1028 4068 Πατὴρ
1062 3998 1137 4060 ὡς
1188 3999 1361 4070 θρόνῳ
1405 4004 1849 4075 ἐπαναπαύεται,

1961 4014 2417 4068 resurrectionem
2459 4017 2640 4071 dicere
2676 4032 2691 4071 :
2731 4018 2866 4071 Data
2898 4029 2972 4072 est
3004 4021 3131 4072 mihi
3170 4022 3340 4074 omnis
3382 4031 3532 4089 pote-

262 4073 495 4183 Σρὰσκων
530 4075 667 4133 εἶναι
694 4082 786 4135 τὸν
817 4086 1062 4156 οὐρανὸν,
1098 4089 1274 4160 εὑρεῖν
1310 4093 1417 4162 (92)
1451 4097 1542 4149 τὸν
1567 4073 1849 4171 ἄνθρωπον

1959 4113 2064 4157 stas
2100 4107 2233 4158 sicut
2262 4107 2315 4160 in
2353 4107 2480 4161 caelo
2503 4117 2550 4162 et
2577 4111 2630 4164 in
2660 4121 2802 4166 terra
2827 4113 2907 4178 ἐς
2944 4129 3065 4166 cum
3115 4115 3384 4181 acceperit.
3435 4115 3526 4183 qui

259 4161 317 4215 ὅν
355 4169 648 4223 ἐνεδύσατο
680 4175 1028 4229 οίκειωθέντα
1061 4181 1240 4253 ἐκείνῃ
1266 4161 1329 4253 τῇ
1370 4185 1632 4257 δυνάμει,
1671 4161 1761 4245 διὰ
1788 4195 1849 4246 τὸ

260 4264 726 4354 τεταπεινωκέναι
752 4267 943 4322 ἑαυτὸν
971 4272 1063 4324 καὶ
1090 4274 1378 4344 γενόμενον
1407 4277 1645 4348 ὑπήκοον
1687 4282 1847 4354 μέχρι

1959 4195 2010 4246 in
2055 4195 2337 4252 Salvatore
2377 4209 2460 4254 est
2504 4203 2661 4256 homo
2695 4215 3013 4272 potestatem
3059 4205 3359 4257 cmlestium
3405 4220 3526 4272 quae

1957 4282 2278 4354 Unigenitus
2305 4289 2488 4357 habet,
2525 4303 2584 4346 ut
2613 4296 2660 4348 ei
2697 4299 3080 4362 communicet,
3112 4299 3225 4366 ejus
3250 4300 3523 4353 divinitati

260 4346 521 4416 θανάτου,
548 4354 726 4424 λέγειν
754 4360 892 4429 μετά
917 4362 1014 4432 τὴν
1047 4365 1340 4418 ἀνάστασιν
1367 4369 1448 4420 τό·
1493 4346 1702 4440 ’Ἐδόθη
1742 4346 1845 4442 ,ἀοι

2067 4346 2094 4354 -
2474 4346 2487 4357 ,
2650 4346 2658 4348 ν
3117 4346 3224 4366 -,--

1959 4377 2234 4445 admistus,
2263 4382 2421 4449 eique
2446 4384 2645 4439 unitus.
2676 4386 2846 4444 Porro
2886 4391 2939 4443 in
2981 4393 3222 4446 secunda
3269 4393 3522 4461 opinione

261 4441 430 4499 πᾶσα
451 4446 728 4514 ἐξουσία,
756 4452 834 4517 ὡς
865 4454 935 4506 ἐν
965 4457 1218 4523 οὐρανῷ,
1253 4460 1350 4512 καὶ
1375 4461 1474 4514 ἐπὶ
1503 4461 1632 4531 γῆς·
1660 4441 1850 4518 λαθόν-

261 4546 350 4594 τος
367 4536 462 4589 τοῦ
494 4539 634 4592 κατά
662 4541 752 4594 τὸν
772 4544 996 4616 Σωτῆρα
1020 4547 1307 4620 ἀνθρώπου
1341 4551 1436 4623 τὴν
1467 4553 1713 4618 ἐξουσίαν
1734 4559 1844 4612 τῶν

263 4619 321 4673 ἐν
352 4626 584 4700 οὐρανῷ,
614 4623 725 4684 οἷον
741 4633 848 4687 τῶν
874 4637 1289 4708 ἐνυπαρχόντων
1311 4642 1387 4712 τῷ
1411 4645 1723 4715 Μονογενεῖ,
1755 4651 1841 4704 ῖνα

335 4759 381 4790 ⁸⁸
419 4762 440 4814 ι
477 4764 598 4819 Cor.
643 4783 727 4835 vt,
781 4771 868 4826 ΓΙ.
947 4776 990 4805 ’⁷
1027 4776 1215 4830 Matth.
1267 4796 1476 4848 xxvm,
1535 4784 1616 4838 l8.

475 4922 654 5006 Codex
699 4944 824 4996 ms.,
849 4931 922 5006 διζ
948 4933 1000 5006 Et.
1029 4935 1207 5006 Edilio
1236 4937 1461 5006 Oxon..,
1493 4941 1582 4995 διὰ
1602 4943 1654 4996 ἆ.

336 4987 449 5086 (85)
482 4993 664 5049 Codex
692 4987 822 5061 ms.,
849 4987 1584 5078 aetnaea.EJiiI'b'éoH;
1602 4987 1836 5086 ’λεληθό-

258 5071 371 5121 τις.

479 5133 584 5186 Διὰ
604 5135 684 5216 ςὰ
711 5139 996 5208 ἡττῶντα,
1028 5154 1136 5216 etc.
1164 5144 1432 5202 Bentleius
1451 5149 1579 5216 legit
1614 5172 1624 5205 :
1657 5153 1745 5205 διὰ
1774 5154 1834 5207 τὸ

260 5195 520 5288 ῆτξῆρθαι
562 5205 669 5288 τῶν
713 5195 1090 5280 πνευματικῶν
1127 5217 1224 5286 τῆς
1261 5195 1532 5288 πονηρίαξ
1561 5220 1729 5275 ὄντων
1775 5227 1833 5276 ἐν

257 5269 521 5345 τοῖςςέπου
527 5291 627 5345 ραν
635 5275 750 5340 ίοις.

476 5339 652 5424 Codex
684 5339 784 5424 ms.
815 5349 986 5424 οὕτως
1014 5352 1161 5418 ἄξιος
1189 5353 1390 5418 θρόνος.
1419 5354 1594 5411 Edilio
1624 5359 1823 5424 Oxon.,

257 5401 716 5486 οδῒείούράνιος)
743 5401 950 5486 θρόνος,

330 5475 829 5602 geumatis
878 5475 1022 5561 Lego
1044 5529 1060 5557 ,
1102 5490 1390 5546 κολλᾶσθαι
1423 5493 1603 5564 αὐτῷ,
1639 5496 1733 5550 καὶ
1770 5496 1828 5550 ἒν

260 5555 521 5608 γενέσθαι,

261 5617 642 5739 πίξὲζξὲνὰοκ
671 5642 803 5691 ms.,
834 5627 911 5692 ὡς
937 5629 1270 5699 τετέλεσται,
1293 5633 1423 5688 edit.
1460 5632 1660 5701 Oxon.,
1684 5633 1826 5689 ὥστε

320 5701 570 5747 τελεσται.
1413 5720 1416 5723 ’

1705 4792 1750 4820 ’⁸
1777 4793 1906 4849 Ibid.

1953 4482 2076 4522 cum
2111 4473 2346 4526 nondum
2373 4477 2546 4528 soluta
2578 4478 2647 4530 sit
2671 4481 2918 4547 quaestio,
2964 4486 3231 4551 quomodo
3270 4487 3520 4541 voluntas
3585 4495 3607 4510 ⁸

1953 4559 2049 4614 Dei
2076 4561 2135 4614 lit
2166 4561 2218 4614 in
2249 4564 2406 4629 caelo,
2443 4581 2562 4620 cum
2596 4571 2894 4638 spiritualia
2933 4576 3188 4644 nequitiae
3230 4592 3348 4646 qua:
3393 4587 3519 4632 sunt

1947 4650 2000 4705 in
2031 4652 2364 4720 ccelestibus.
2394 4657 2461 4712 iis
2495 4661 2584 4728 qui
2626 4674 2752 4717 sunt
2794 4665 2845 4718 in
2897 4677 3063 4736 terra,
3093 4669 3456 4726 colluctentur
3495 4691 3512 4727 :

1981 4947 2118 5034 '(88)
2148 4947 2324 5003 Codex
2353 4965 2476 5017 ms.,
2508 4955 2902 5027 παραϐήσεται.
2930 4960 3073 5017 Edit.
3105 4963 3302 5033 0x0n.,
3334 4987 3514 5042 παρα-

1981 5016 2026 5034 .~
2078 5016 2106 5050 ,-
2465 5016 2468 5017 ν
2590 5016 2600 5023 .
2714 5016 2724 5027 .
3066 5016 3070 5017 ν
3121 5016 3134 5018 -
3339 5016 3482 5042 ηαδ...

1936 5016 2650 5174 Ξηῗὲεἷῖἶοςθηξ,ηιειχέχωγ-
2685 5095 2827 5174 Εεῖῖῑ-
2857 5099 3061 5174 βκιιηη
3103 5104 3266 5174 ἔχειν.
3305 5107 3505 5164 Ibidem

1933 5155 2209 5247 Bentleius
2235 5160 2398 5247 legit,
2435 5155 2679 5247 ἐξοῦσίαν
2717 5167 2813 5247 τὴν
2853 5171 2910 5247 ἐν

1931 5227 2053 5297 γῆς,
2087 5229 2166 5308 vel
2196 5229 2518 5308 utrobique,
2566 5227 2813 5299 ἐξουσίαν
2842 5241 2938 5311 τὴν
2973 5227 3080 5295 τῶν
3120 5227 3501 5315 iisetiam;

1931 5296 2026 5336 τὴν
2053 5314 2157 5336 mnu
2191 5297 2276 5336 Eri
2314 5314 2412 5336 vnt-

1929 5296 2026 5366 τὴν
2053 5296 2157 5349 τῶν
2190 5297 2281 5349 ἐπὶ
2314 5296 2432 5368 γῆς.
2605 5296 2618 5299 ⁷
2896 5296 2908 5311 ⁸
3163 5296 3167 5297 ⁷
3229 5296 3241 5298 ⁷
3288 5296 3300 5314 ⁸
3329 5296 3334 5297 ⁷

1929 5433 1953 5451 ἢ
1999 5365 2109 5449 (90)
2134 5369 2650 5438 Κατορθουμὲνων.
2687 5374 2829 5445 Lego
2869 5395 2988 5432 cum
3017 5381 3504 5451 Bentleio,xacop-

1927 5433 2257 5599 oozsiﬁi’ih'r
2289 5506 2600 5599 ἐξουσίας.
2641 5513 2803 5581 Lego,
2839 5517 2902 5582 τῇ
2939 5514 3178 5599 ἐξουσία.

1999 5575 2110 5646 (92)
2149 5579 2384 5658 Ιξὺρεῖῖἶ
2413 5588 2517 5631 etc.
2550 5579 2693 5658 Lego
2718 5575 2856 5658 ειμι]
2877 5575 3097 5658 'eod'ei‘n,
3132 5575 3373 5658 spei-cev.
3409 5581 3504 5634 ἄν-

1927 5640 2138 5714 θρωπον
2164 5640 2542 5712 ὃνένεδύσατο,
2563 5640 2906 5703 οἰκειωθέντα
2933 5640 3138 5705 ἐκείνου
3160 5640 3224 5727 τῇ
3247 5648 3505 5716 δυνάμει.
