3974 6160
431 231 540 286 505

1903 222 2224 278 ORlGENlS

3593 217 3706 271 50-5

427 347 556 400 hinc
584 345 675 397 illa
711 345 791 398 sic
823 341 1020 414 poterit
1051 341 1246 395 resolvi
1283 358 1296 392 :
1326 341 1469 394 sicut
1514 351 1617 390 non
1661 350 1882 407 prapter
1925 339 2003 392 lo-

2123 336 2258 406 ιύτῷ
2284 339 2533 407 κοινωνῇ,
2565 335 2993 408 ἀνακιρνάμενος
3026 334 3136 405 (95)
3169 333 3374 387 ἐκείνου
3401 335 3464 404 τῇ
3497 333 3710 404 θεότη-

430 451 579 501 cum,
616 437 711 490 sed
747 444 967 504 propter
991 432 1241 487 allectum
1272 435 1316 486 is
1339 433 1431 501 qui
1462 431 1636 485 adhuc
1678 441 1762 484 est
1798 431 1850 484 in
1894 442 2003 486 ter—

432 541 517 592 ra,
546 527 638 581 sed
666 525 1131 580 conversationem
1163 523 1323 577 habet
1351 523 1404 576 in
1452 521 1607 576 ccelis
1643 531 1697 576 et
1732 523 2004 578 thesauri-

435 625 523 671 zat
550 617 605 672 in
639 617 774 670 caalo
801 629 894 668 cor
921 615 1125 668 habens
1153 614 1206 666 in
1240 613 1401 677 cmlo,
1430 612 1832 683 imaginemque
1881 629 2004 680 por-

436 718 513 762 tat
541 707 828 769 C(Blestis,
873 721 979 760 non
1021 706 1258 776 amplius
1292 707 1358 759 de
1417 715 1558 760 terra
1605 714 1688 758 est
1731 719 1906 774 neque
1941 707 2008 759 de

435 800 631 853 mundo
657 796 924 862 inferiori,
957 797 1051 851 sed
1085 800 1151 850 de
1179 797 1321 850 caelo
1349 805 1405 851 et
1435 796 1660 850 meliore
1695 811 1859 864 quam
1903 795 2007 850 iste

433 900 534 954 est,
560 888 766 944 caelesti
798 887 1018 953 mundo;
1050 889 1128 942 sic
1159 888 1250 940 illa
1281 903 1402 955 qua:
1430 886 1483 939 in
1512 887 1664 944 cielis
1687 889 1863 943 adhuc
1886 904 2010 942 ver—

435 988 622 1032 santur
649 978 951 1045 spiritualia
980 978 1264 1044 nequitiae,
1297 993 1418 1032 cum
1453 981 1504 1032 in
1536 989 1682 1032 terra
1715 994 2008 1034 conversa-

436 1069 633 1122 tionem
659 1069 918 1134 habeant,
948 1069 1296 1124 colluCIando
1327 1069 1651 1124 insidientur
1676 1071 2007 1134 hominibus,

436 1161 803 1219 thesaurizent
840 1161 893 1213 in
925 1169 1070 1214 terra
1112 1171 1440 1229 porteptque
1474 1163 1765 1231 imaginem
1802 1162 2007 1217 terreni

433 1255 522 1322 qui
553 1264 627 1308 est
656 1254 970 1320 principium
1004 1254 1341 1320 formationis
1372 1253 1603 1315 Domini,
1638 1253 1816 1321 [αι-ιω,
1846 1263 1901 1306 ut
1939 1253 2008 1305 il-

434 1346 652 1399 ludatur
680 1346 744 1397 ab
778 1347 977 1414 angelis
1027 1347 1110 1410 ‘9,
1161 1363 1264 1400 non
1309 1357 1433 1400 sunt
1485 1347 1729 1401 caelestia
1762 1387 1777 1410 ,
1835 1362 2011 1415 neque

434 1444 656 1504 propter
689 1433 941 1490 allectum
983 1449 1206 1502 pravum
1259 1437 1311 1490 iu
1363 1436 1517 1490 caalis
1564 1436 1832 1491 habitant.
1874 1435 2008 1490 Cum

435 1542 565 1596 ergo
591 1526 791 1580 dicitur
829 1543 841 1578 :
871 1523 996 1578 Fiat
1032 1526 1274 1579 voluntas
1301 1536 1391 1580 tua
1427 1528 1560 1580 sicut
1599 1527 1653 1579 in
1690 1527 1816 1581 celo
1861 1534 1908 1578 et
1955 1524 2009 1576 in

439 1627 605 1679 terra,
640 1634 705 1672 ne
735 1633 856 1672 esse
883 1618 1099 1686 quidem
1133 1618 1206 1671 illi
1243 1619 1292 1671 in
1321 1619 1459 1672 ccelo
1496 1618 1717 1687 putandi
1764 1626 1889 1671 sunt
1917 1616 2008 1684 qui

440 1711 603 1762 animi
629 1711 989 1778 propensione
1014 1724 1136 1763 cum
1165 1709 1254 1764 illo
1278 1711 1368 1778 qui
1397 1710 1596 1765 cecidit
1626 1709 1692 1764 de
1711 1709 1849 1764 caelo
1875 1709 2016 1763 sicut

437 1802 622 1871 fulgur
661 1803 996 1856 ceciderunt.
1032 1800 1201 1855 Forte
1247 1802 1411 1854 etiam
1461 1816 1582 1854 cum
1625 1799 1892 1853 orandum
1941 1798 2016 1852 ait

441 1893 706 1949 Servator
725 1905 935 1960 noster,‘
958 1903 1016 1948 ut
1038 1893 1217 1948 Patris
1243 1892 1492 1946 voluntas
1517 1891 1608 1946 fiat
1631 1892 1770 1946 sicut
1795 1893 1845 1944 in
1879 1890 2016 1945 caelo

438 1986 518 2042 sic
538 1995 591 2041 et
621 1989 672 2039 in
696 1996 863 2047 terra,
891 2000 994 2038 non
1021 1985 1243 2038 omnino
1265 1985 1330 2038 de
1356 1983 1438 2036 his
1460 1984 1550 2051 qui
1579 1983 1631 2036 in
1658 1991 1874 2037 terreno
1898 1984 2016 2036 loco

439 2089 587 2142 sunt,
623 2078 737 2132 fieri
762 2077 916 2145 jubet
950 2091 1159 2146 preces,
1194 2084 1253 2130 ut
1286 2077 1366 2130 eis
1408 2076 1616 2130 similes
1648 2073 1782 2127 (iant
1827 2073 1921 2143 qui
1960 2073 2014 2126 in

439 2170 647 2224 cmlesti
695 2178 821 2224 sunt
861 2169 1012 2234 loco;
1056 2169 1150 2224 sed
1183 2183 1246 2222 ea
1288 2176 1472 2221 mente
1514 2166 1820 2220 orationem
1869 2163 2014 2219 illam

439 2260 703 2329 principii,
738 2269 794 2313 ut
826 2260 1006 2314 omnia
1035 2274 1153 2329 quae
1188 2259 1241 2311 in
1281 2268 1425 2312 terra
1458 2267 1606 2322 sunt,
1637 2257 1744 2310 hoc
1768 2263 1851 2309 est
1897 2270 2017 2323 quas

438 2351 712 2405 deteriora
744 2361 798 2405 et
829 2353 1000 2418 magis
1039 2350 1271 2405 terrenis
1297 2349 1501 2415 atlinia,
1537 2349 1854 2402 melioribus
1883 2349 2018 2403 assi-

439 2442 699 2496 niilentur
728 2457 848 2510 quae
879 2442 1080 2496 habent
1126 2442 1600 2496 conversationem
1640 2441 1691 2494 in
1731 2441 1883 2496 caelis
1911 2481 1926 2505 ,
1963 2449 2018 2494 et

438 2535 622 2589 omnia
656 2534 854 2589 coelum
889 2534 1043 2588 ﬁant.
1080 2533 1341 2588 Peccator
1368 2535 1513 2587 enim
1545 2533 1851 2603 ubicunque
1894 2545 2017 2587 tan-

440 2623 561 2676 dem
600 2623 694 2689 sit,
731 2632 872 2676 terra
902 2632 1004 2685 est,
1035 2622 1086 2676 in
1113 2632 1400 2691 cognatam
1433 2631 1657 2689 terram,
1702 2626 1804 2679 nisi
1835 2626 2016 2693 poeni-

441 2713 1280 2784 teat,aliquandodissolvendus;
1305 2717 1396 2784 qui
1418 2731 1544 2770 vero
1569 2717 1660 2770 Dei
1688 2719 2014 2773 voluntatem

439 2804 589 2868 facit,
628 2818 728 2858 nec
752 2804 1018 2860 salutares
1055 2806 1171 2874 ejus
1215 2807 1533 2875 spirituales
1577 2808 1724 2878 leges
1773 2812 2017 2881 negligit,

442 2893 639 2946 caelum
665 2901 768 2948 est.
791 2893 917 2949 Sive
942 2895 1106 2965 igitur
1128 2895 1303 2949 adhuc
1332 2905 1474 2950 terra
1495 2911 1591 2964 per
1614 2910 1896 2966 peccatum
1927 2917 2017 2954 su-

2105 446 2178 492 τι,
2210 429 2302 481 καὶ
2329 428 2612 498 ὲνούμενος
2641 427 2804 498 αὐτῷ.
2831 427 2926 498 Μὴ
2951 427 3176 489 λύοντος
3199 426 3255 478 δέ
3276 442 3362 477 πω
3388 425 3480 477 τοῦ
3502 424 3710 477 δευτέ-

2111 538 2202 592 ρου
2235 520 2304 574 τὰ
2325 520 2650 591 ἡπορημένα
2681 520 2807 590 περ).
2835 519 2948 585 τοῦ,
2980 518 3097 581 πῶς
3115 519 3176 572 τὸ
3194 517 3406 588 θέλημα
3428 515 3524 570 τοῦ
3555 515 3711 568 Θεοῦ

2108 615 2254 666 ἐστιν
2281 613 2338 664 ὲν
2371 609 2606 681 οὐρανῷ,
2631 609 2740 662 τῶν
2769 613 2825 663 ὲν
2848 611 2958 673 τοῖς
3004 609 3342 680 ἐπουρανίοις
3391 625 3710 680 πνευματι-

2107 702 2219 755 κῶν
2249 702 2348 771 τῆς
2381 700 2644 772 πονηρίας
2668 699 3121 753 ἁντιπαλαιόντων
3152 702 3264 763 τοῖς
3289 699 3380 752 ἐπὶ
3400 701 3521 771 γῆς,
3551 701 3711 753 ἐκεῖ-

2109 790 2198 845 Θεν
2230 791 2443 843 ἐνέσται
2471 790 2615 844 λύειν
2641 790 2814 854 οὕτως
2835 791 2896 843 τὸ
2927 789 3275 860 ζητούμενον·
3311 790 3392 842 ὅτι
3416 789 3615 862 ὥσπερ
3639 792 3705 843 οὐ

2107 881 2196 936 διὰ
2224 883 2315 937 τὸν
2346 883 2530 948 τόπον,
2561 882 2696 935 ἀλλὰ
2726 882 2815 936 διὰ
2832 882 2929 953 τὴν
2958 882 3294 954 προαίρεσιν,
3329 884 3357 934 ὁ
3395 881 3474 934 ἔτι
3501 883 3580 934 ὢν
3606 883 3707 935 ἐπὶ

2109 973 2232 1043 γῆς,
2263 973 2566 1042 πολίτευμα
2595 973 2732 1043 ἔχων
2771 976 2828 1028 ἐν
2855 975 3123 1046 οὐρανοῖς,
3147 975 3241 1026 καὶ
3267 973 3618 1044 θησαυρίζων
3646 976 3708 1026 ἐν
3739 1020 3744 1023 .

2109 1065 2342 1137 οὐρανῷ,
2376 1066 2473 1136 τὴν
2497 1066 2724 1138 καρδίαν
2757 1066 2895 1136 ἔχων
2919 1069 2976 1118 ἐν
3000 1065 3234 1135 οὐρανῷ,
3261 1065 3358 1136 τὴν
3391 1065 3577 1118 εἰκόνα
3607 1064 3708 1118 τοῦ

2123 1158 2477 1229 Ἐπουρανίου
2511 1157 2712 1228 φορῶν,
2745 1159 2930 1210 οὐκέτι
2963 1158 3108 1210 ἐστὶν
3152 1159 3216 1210 ὲκ
3254 1157 3353 1226 τῆς
3397 1157 3501 1226 γῆς
3523 1199 3538 1222 ,
3575 1157 3709 1208 οὐδὲ

2110 1249 2203 1304 τοῦ
2235 1251 2384 1304 κάτω
2407 1250 2633 1321 κόσμου,
2662 1249 2776 1303 ἀλλ’
2811 1251 2874 1302 ὲκ
2899 1249 2991 1302 τοῦ
3016 1250 3072 1304 οὐ
3083 1249 3244 1320 ρανοῦ
3271 1251 3362 1302 καὶ
3387 1248 3481 1302 τοῦ
3512 1250 3712 1320 κρείτ-

2110 1361 2260 1408 τονος
2297 1343 2486 1397 τούτου
2528 1343 2777 1414 οὐρανίου
2823 1342 3044 1412 κόσμου·
3079 1339 3251 1404 οὕτως
3279 1340 3371 1392 καὶ
3411 1339 3481 1392 τὰ
3521 1341 3606 1393 ἔτι
3647 1343 3710 1393 ἐν

2111 1439 2224 1501 τοῖς
2261 1436 2532 1508 οὐρανίοις
2560 1435 2667 1507 (94)
2692 1434 3031 1506 διατρίϐοντα
3070 1432 3414 1504 πνευματικὰ
3454 1433 3554 1502 τῆς
3601 1450 3708 1485 πο-

2112 1530 2322 1602 νηρίας,
2347 1529 2407 1582 τὸ
2428 1528 2726 1598 πολίτευμα
2757 1527 2948 1597 ἔχοντα
2973 1526 3066 1578 ἐπὶ
3091 1526 3214 1596 γῆς,
3251 1527 3345 1580 καὶ
3374 1525 3439 1578 δι’
3488 1519 3566 1578 ὧν
3603 1525 3709 1577 ἀν-

2114 1620 2387 1674 τιπαλαίει
2412 1617 2827 1673 ἐπιϐουλεύοντα
2851 1616 3157 1690 ἀνθρώποις
3183 1617 3583 1689 θησαυρίζοντα
3611 1617 3711 1669 ἐπὶ

2118 1713 2239 1783 γῆς,
2271 1713 2454 1766 εἰκόνα
2496 1711 2589 1764 τοῦ
2626 1709 2810 1781 χοϊκοῦ
2840 1709 3129 1782 φοροῦντα,
3167 1711 3314 1772 ὅστις
3338 1710 3512 1763 ἐστὶν
3537 1709 3709 1777 ἀρχὴ

2119 1803 2474 1873 πλάσματος
2516 1804 2736 1872 Kvplov
2759 1843 2772 1867 ,
2836 1801 3239 1871 πεποιημένου
3283 1801 3710 1871 ἐγκαταπαίζε-

2118 1898 2257 1948 σθαι
2285 1894 2389 1947 ὐπὸ
2414 1893 2522 1947 τῶν
2549 1893 2815 1962 ἀγγέλων,
2843 1893 2944 1945 οὐκ
2975 1892 3120 1946 ἔστιν
3151 1892 3466 1965 ἐπουράνια,
3493 1892 3622 1945 οὐδὲ
3650 1894 3712 1946 ὲν

2117 1990 2229 2050 τοῖς
2259 1987 2508 2060 οὐρανοῖς
2531 1985 2619 2038 διὰ
2639 1984 2735 2055 τὴν
2765 1985 3043 2057 μοχθηρὰν
3073 1983 3309 2038 διάθεσιν
3334 1985 3488 2036 οἰκεῖ.
3529 1983 3710 2036 Ἐπὰν

2117 2077 2209 2136 οῦν
2232 2079 2478 2150 λέγηται,
2513 2077 2829 2145 Γενηθήτω
2863 2077 2929 2130 τὸ
2957 2075 3189 2144 θέλημά
3221 2091 3358 2138 σου,
3385 2076 3464 2140 ὡς
3497 2075 3569 2128 ἐν
3601 2077 3712 2128 οὺ-

2110 2171 2297 2242 ρανῷ,
2338 2171 2436 2224 καὶ
2471 2171 2566 2224 ἐπὶ
2597 2168 2730 2238 γῆς,
2777 2168 3018 2230 ἐκείνους
3053 2167 3177 2220 οὐδὲ
3203 2169 3260 2220 ὲν
3302 2165 3516 2238 οὐρανῷ
3561 2162 3710 2219 εἶναι

2117 2261 2412 2330 λογιστέον,
2448 2259 2526 2330 τῷ
2558 2260 2864 2332 φρονήματι
2897 2257 3035 2328 μετὰ
3078 2256 3172 2310 τοῦ
3216 2257 3471 2319 πεσόντος
3515 2255 3574 2321 ἐξ
3617 2256 3713 2308 οὐ-

2120 2354 2280 2426 ρανοῦ
2302 2354 2457 2425 δίκην
2485 2351 2774 2423 ἀστραπῆς
2796 2349 3176 2410 πεπτωκότας.
3207 2348 3316 2401 Καὶ
3342 2349 3480 2418 τάχα
3524 2349 3711 2416 λέγων

2117 2445 2228 2497 δεῖν
2258 2445 2368 2516 (95)
2400 2442 2654 2514 εὐχεσθαι
2678 2444 2706 2495 ὁ
2736 2441 2924 2513 Σωτὴρ
2949 2439 3125 2512 ἡμῶν,
3162 2440 3250 2492 ἵνα
3273 2439 3496 2509 γένηται
3526 2439 3587 2492 τὺ
3622 2439 3712 2492 θέ-

2116 2535 2266 2606 λημα
2292 2535 2383 2589 τοῦ
2411 2535 2644 2605 Πατρὸς,
2671 2534 2746 2596 ὡς
2777 2536 2835 2588 ὲν
2866 2533 3100 2605 οὐρανῷ,
3136 2531 3306 2595 οὕτως
3329 2532 3422 2584 καὶ
3453 2531 3542 2584 ἐπὶ
3575 2532 3707 2600 γῆς,

2117 2627 2176 2680 οὐ
2201 2626 2421 2690 πάντως
2440 2626 2568 2696 περὶ
2589 2623 2697 2677 τῷν
2717 2624 2774 2676 ἐν
2803 2623 2952 2693 τόπῳ
2972 2623 3070 2693 τῆς
3095 2622 3196 2692 γῆς
3227 2620 3435 2674 κελεύει
3460 2620 3710 2690 γίνεσθαι

2116 2718 2215 2781 τὰς
2231 2719 2415 2788 εὐχὰς,
2433 2719 2578 2779 ὅπως
2593 2717 2620 2768 ὁ
2632 2715 2903 2787 μοιωθῶσι
2915 2717 3025 2776 τοῖς
3045 2717 3102 2766 ὲν
3116 2715 3263 2782 τόπῳ
3281 2709 3431 2766 οὖσιν
3446 2712 3706 2783 οὐρανίῳ·

2117 2803 2229 2857 ἀλλ’
2243 2803 2388 2856 ἔστιν
2408 2802 2553 2872 αὐτῷ
2570 2804 2603 2873 ἡ
2623 2802 2915 2873 πρόσταξις
2929 2801 3026 2872 τῆς
3042 2801 3222 2872 εὐχῆς,
3244 2801 3546 2872 βουλομένῳ
3564 2802 3714 2872 ὁμοι-

2119 2894 2325 2965 ωθῆναι
2367 2894 2544 2947 πάντα
2559 2894 2628 2945 τὰ
2645 2894 2736 2950 ἐπὶ
2753 2893 2878 2962 γῆς,
2901 2892 3142 2947 τουτέστι
3159 2892 3227 2944 τὰ
3248 2892 3464 2963 χείρονα
3489 2893 3713 2954 καὶτοῖς

442 2999 588 3050 mus,
618 2999 841 3040 oremus
863 2986 918 3039 in
949 3001 1049 3040 nos
1071 2987 1234 3041 etiam
1264 2989 1342 3043 sic
1370 2991 1436 3043 ad
1459 2991 1895 3058 emendationem
1922 3007 2019 3046 no-

2123 2987 2330 3056 γηῒνοις
2340 2983 2784 3054 ᾠκειωμένατοῖς
2801 2983 3072 3055 κρείττοσι
3096 2984 3190 3037 καὶ
3203 2984 3323 3054 ἔχου
3331 3001 3382 3036 σι
3397 2984 3456 3036 τὸ
3470 2985 3568 3036 πολ
3577 2984 3712 3036 ίτευ-

443 3085 613 3131 stram
637 3079 854 3132 extendi
875 3078 1206 3132 voluntatem
1226 3081 1485 3147 divinam,
1512 3084 1655 3138 sicut
1679 3084 1743 3136 ad
1772 3083 2019 3153 illosjam

443 3166 665 3235 pertigit
697 3167 790 3236 qui
830 3177 956 3222 ante
985 3184 1084 3224 nos
1125 3171 1321 3225 cmlum
1370 3173 1498 3227 facti
1545 3182 1707 3240 sunt,
1752 3185 1846 3230 aut
1898 3187 2023 3232 sunt

447 3256 608 3328 243
642 3257 839 3312 coelum
877 3281 887 3314 :
919 3259 1034 3315 sive
1084 3275 1190 3314 non
1243 3272 1409 3327 terra,
1443 3266 1540 3316 sed
1590 3265 1786 3319 coelum
1834 3267 1946 3336 jam
1987 3284 2017 3322 a

449 3345 559 3401 Deo
596 3348 828 3417 reputati
867 3363 1081 3413 sumus,
1111 3365 1396 3419 precemur
1430 3351 1571 3406 sicut
1611 3353 1663 3406 in
1690 3356 1827 3409 cado
1859 3357 1937 3411 sic
1970 3368 2026 3412 et

447 3438 504 3493 in
542 3448 712 3503 terra,
746 3440 849 3494 hoc
874 3451 958 3496 est
989 3441 1042 3494 in
1072 3441 1432 3496 deterioribus
1462 3443 1777 3500 hominibus
1810 3447 2024 3516 impleri

447 3530 786 3586 voluntatem
813 3532 928 3596 Dei,
969 3545 1026 3585 ut
1050 3541 1193 3587 terra
1234 3533 1324 3587 illa
1363 3535 1587 3598 cadum,
1618 3547 1676 3588 ut
1708 3537 1782 3591 ita
1825 3539 2023 3605 dicam,

449 3622 562 3688 fiat;
585 3623 656 3675 ita
695 3631 752 3676 ut
773 3639 876 3676 non
898 3625 1219 3695 sitamplius
1249 3641 1481 3694 usquam
1518 3637 1682 3693 terra,
1713 3629 1809 3682 sed
1841 3630 2026 3685 omnia

447 3714 645 3769 coelum
661 3714 814 3769 ﬁant.
831 3717 886 3770 Si
905 3717 1049 3770 enim
1075 3718 1216 3772 sicut
1238 3719 1291 3772 in
1325 3718 1656 3787 coelo,juxta
1687 3723 1827 3775 hanc
1861 3722 2028 3775 inter-

449 3807 842 3875 pretationem,
868 3809 948 3863 sic
980 3819 1035 3864 et
1073 3811 1126 3864 iu
1160 3818 1304 3865 terra
1335 3813 1428 3864 liat
1453 3811 1703 3866 voluntas
1735 3810 1848 3876 Dei,
1881 3823 2027 3866 terra

451 3914 567 3956 non
583 3899 823 3953 manebit
846 3909 1027 3966 terra;
1058 3912 1119 3956 ut
1150 3903 1194 3956 si
1229 3903 1334 3958 alio
1360 3919 1490 3960 usus
1523 3905 1772 3973 exemplo
1789 3906 2030 3973 apertius

451 3989 719 4044 dicerem:
741 3991 783 4045 si
802 3999 859 4044 ut
878 3991 1126 4047 voluntas
1147 3994 1242 4049 Dei
1263 3994 1406 4049 facta
1434 4005 1519 4050 est
1537 3997 1588 4050 in
1615 3996 1926 4050 [nominibus
1941 4013 2033 4064 pu-

405 4112 431 4120 α
452 4079 613 4144 dicis,
644 4081 724 4136 sic
763 4081 858 4134 ﬁat
887 4091 940 4136 et
962 4082 1360 4152 iii-impudicis,
1382 4084 1810 4152 intemperantes
1848 4086 2029 4153 pudici

452 4179 648 4236 erunt;
672 4180 765 4226 aut
787 4173 832 4226 si
857 4173 1001 4228 sicut
1019 4173 1161 4228 facta
1183 4187 1268 4228 est
1287 4175 1538 4228 voluntas
1557 4176 1649 4228 Dei
1675 4174 1927 4244 Injustis,
1954 4175 2033 4230 sic

453 4259 554 4315 liat
588 4261 641 4315 in
676 4262 916 4332 injustis,
956 4263 1143 4334 injusti
1175 4263 1309 4333 justi
1341 4272 1523 4318 erunt.
1571 4262 1693 4318 Ideo
1729 4265 1774 4319 si
1803 4265 1947 4320 sicut
1977 4265 2032 4319 in

2126 3094 2204 3148 μα
2227 3079 2282 3132 ἐν
2303 3078 2570 3148 οὐρανοῖς,
2608 3077 2743 3128 πᾶσι
2775 3077 3080 3146 γενομένοις
3109 3076 3342 3146 οὐρανῷ.
3393 3076 3450 3130 Ὁ
3474 3077 3572 3148 μὲν
3601 3077 3713 3147 γὰρ

2123 3167 2472 3238 ἁμαρτάνων,
2487 3169 2620 3221 ὅπου
2638 3169 2755 3220 ποτ’
2776 3167 2840 3220 ἄν
2856 3169 3000 3220 ἐστιν
3018 3166 3174 3237 (96)ἡ
3200 3168 3290 3237 γῆ,
3317 3169 3396 3230 είς
3408 3168 3506 3238 τὴν
3525 3184 3707 3235 συγγε-

2122 3261 2211 3330 νῆ,
2231 3260 2326 3314 ἐὰν
2347 3261 2420 3333 μὴ
2440 3264 2693 3333 μετανοῇ,
2712 3261 2965 3331 ὲσόμενός
2981 3278 3078 3328 πη*
3092 3261 3120 3310 ὁ
3139 3260 3195 3313 δὲ
3215 3260 3380 3315 ποιῶν
3411 3261 3468 3312 τὸ
3497 3259 3712 3330 θέλημα

2121 3356 2212 3408 τοῦ
2237 3354 2394 3418 Θεοῦ,
2417 3355 2510 3407 καὶ
2538 3355 2610 3425 μὴ
2634 3353 2962 3426 παρακούων
2982 3353 3090 3407 τῶν
3110 3353 3390 3422 σωτηρίων
3416 3369 3548 3404 πνευ
3558 3369 3710 3422 ματι-

2125 3445 2235 3500 κῶν
2250 3447 2450 3516 νόμων,
2464 3446 2524 3499 οὐ
2533 3447 2689 3517 ρανός
2708 3447 2872 3497 ἐστιν.
2887 3444 3011 3496 Εἴτε
3025 3440 3117 3498 οῦν
3133 3445 3205 3512 γῆ
3220 3444 3300 3496 ἔτι
3321 3443 3488 3512 ἐσμὲν
3506 3442 3594 3496 διὰ
3611 3442 3711 3512 τὴν

2127 3539 2420 3610 ἁμαρτίαν,
2447 3538 2717 3608 εὐχόμεθα
2742 3536 2850 3606 (97)
2868 3536 2961 3589 καὶ
2983 3538 3066 3605 ἐφ’
3100 3537 3247 3607 ἡμᾶς
3267 3534 3407 3587 οὕτω
3421 3535 3482 3587 τὸ
3499 3534 3710 3604 θέλημα

2125 3629 2383 3682 διατεῖναι
2411 3627 2796 3700 διορθωτικῶς,
2826 3627 3014 3698 ὥσπερ
3039 3627 3275 3696 ἔφθακεν
3316 3628 3411 3680 ἐπὶ
3437 3627 3563 3689 τοὺς
3602 3625 3710 3696 πρὸ

2128 3721 2283 3792 ἡμῶν
2315 3721 2637 3791 γενομένους
2665 3720 2914 3790 οὐρανὸν,
2945 3720 2978 3792 ἢ
3014 3721 3174 3783 ὄντας
3199 3719 3445 3791 οὐρανόν·
3487 3718 3598 3772 εἴτε
3635 3719 3709 3789 μὴ

2127 3813 2222 3883 γῆ,
2255 3813 2369 3866 ἀλλ’
2402 3813 2628 3884 οὐρανὸς
2651 3813 2750 3883 ήδη
2778 3811 3134 3882 λελογίσμεθα
3173 3811 3251 3882 τῷ
3279 3811 3419 3880 Θεῷ,
3463 3810 3709 3876 ἀξιώσω-

2133 3923 2231 3976 μεν
2256 3905 2346 3958 ἵνα
2373 3905 2465 3958 καὶ
2490 3905 2582 3956 ἐπὶ
2617 3904 2719 3974 τῆς
2746 3906 2848 3975 γῆς
2867 3903 3068 3975 ὁμοίως
3094 3901 3174 3974 τῷ
3196 3901 3428 3974 οὐρανῷ,
3471 3903 3614 3970 λέγω
3652 3903 3708 3955 δὲ

2130 3999 2222 4050 ἐπὶ
2264 3997 2372 4049 τῶν
2421 3997 2700 4068 χειρόνων,
2758 3996 3017 4067 πληρωθῇ
3075 3999 3136 4048 τὸ
3193 3994 3403 4066 θέλημα
3442 3995 3536 4048 τοῦ
3573 3993 3709 4047 Θεοῦ

2131 4089 2211 4150 εἰς
2239 4087 2357 4159 τὴν,
2399 4087 2464 4139 ἵν’
2489 4086 2660 4150 οὕτως
2700 4086 2858 4151 εἴπω,
2892 4086 3308 4157 οὐρανοποίησιν
3349 4086 3538 4157 αὐτῆς,
3568 4086 3709 4138 ὥστε

2135 4179 2332 4250 μηκέτι
2362 4180 2491 4233 ποτὲ
2537 4175 2678 4233 εῖναι
2707 4179 2831 4249 γῆν,
2863 4179 3000 4232 ἀλλὰ
3034 4181 3212 4234 πάντα
3257 4179 3506 4248 γενέσθαι
3546 4181 3709 4251 οὐρα-

2133 4271 2220 4324 νόν
2239 4288 2252 4301 ·
2273 4269 2371 4324 ἐὰν
2403 4271 2509 4343 γὰρ
2531 4271 2606 4332 ὡς
2621 4271 2678 4322 ὲν
2701 4269 2934 4341 οὐρανῷ,
2958 4271 3101 4325 κατὰ
3128 4272 3196 4325 τὰ
3225 4272 3634 4342 ἡρμηνευμένα,
3650 4272 3711 4324 τὺ

453 4352 594 4409 coelo
640 4352 784 4409 facta
819 4366 904 4410 est
935 4356 1182 4412 voluntas
1231 4355 1347 4422 Dei,
1398 4355 1494 4410 ﬁat
1529 4365 1586 4412 et
1616 4356 1670 4410 in
1710 4365 1876 4424 terra,
1909 4359 2019 4413 eri-

2133 4359 2346 4432 θέλημα
2371 4360 2467 4414 τοῦ
2489 4360 2623 4414 Θεοῦ
2645 4359 2786 4414 οὕτω
2813 4361 3040 4432 γένηται
3066 4361 3176 4432 (98)
3203 4361 3299 4415 ml.
3311 4354 3404 4414 ἐπὶ
3427 4362 3552 4432 γῆς,
3584 4364 3617 4433 ἡ
3640 4361 3712 4431 γῆ

532 4495 578 4527 ³⁸
611 4495 712 4552 Job
741 4513 832 4563 ιι,
865 4497 954 4551 l4.

528 4637 640 4706 (95)
667 4637 848 4712 Codex
872 4653 979 4712 IIIS;
993 4649 1156 4712 recte,
1186 4641 1640 4712 ἀνακιρνάμενος.
1664 4642 1809 4698 Edit.
1829 4646 2030 4709 Oxon.,

460 4706 1114 4778 dvanptvépevogapaulo
1155 4721 1273 4778 post
1307 4706 1626 4766 i-ecte'ideiu
1675 4713 1846 4766 codex
1898 4706 2026 4778 ms.,

464 4774 813 4850 μὴ..λέξ⁰ντ9ςο
847 4777 986 4850 Et'il-
1020 4774 1220 4850 Qx0n.,
1257 4781 1330 4850 μὴ
1360 4779 1597 4850 λύοντες.

532 4843 646 4915 (94)
687 4845 1014 4912 Θειοανίοις.
1045 4846 1187 4917 Lege
1225 4843 1349 4902 cum
1378 4843 1636 4912 Bentleio,
1653 4849 1735 4903 vel
1762 4848 2034 4921 οὐρανοῖς,

532 4914 546 4965 l
577 4915 935 4967 ἐπουρανίοις.
1617 4961 1622 4966 .

461 4930 546 4968 vel
577 4930 935 4976 επουρανιοις.
1617 4961 1622 4966 _

534 4932 546 4965 I
577 4932 935 4984 επουρανιοις.
1617 4961 1622 4966 .

533 4985 646 5055 (95)
673 4983 784 5058 Καί
817 4983 970 5051 τάχα
998 4986 1190 5056 λέγων
1217 4987 1363 5050 δεῖν,
1403 4996 1508 5043 etc.
1560 4985 1712 5058 llanc
1745 4987 2036 5058 Origenia-

464 5071 608 5127 ιιιιιιιΔ
636 5055 1054 5127 explicationem
1080 5055 1344 5127 imitatus
1391 5058 1603 5110 videtur
1640 5055 1943 5127 Cyprianus
1977 5061 2028 5112 in

464 5123 648 5179 libello
683 5126 756 5176 lle
786 5121 1040 5178 Oratione
1076 5125 1373 5190 Dominica,
1409 5127 1493 5179 his
1522 5121 1747 5180 verbis}
1776 5127 1952 5181 Potest
1982 5139 2029 5182 ct

461 5196 539 5247 sic
570 5194 816 5265 intelligi,
845 5193 1036 5262 fratres
1060 5196 1406 5260 dilectissimi,
1443 5208 1494 5248 ut
1521 5197 1771 5265 quoniam
1809 5200 2026 5250 mandat

461 5275 508 5317 et
548 5273 724 5317 monet
757 5264 1014 5317 Dominus
1042 5268 1200 5319 etiam
1231 5267 1468 5319 inimicos
1493 5264 1730 5333 diligere,
1761 5277 1804 5318 et
1835 5283 1927 5334 pro
1959 5268 2024 5321 iis

459 5350 662 5406 quoque
685 5335 775 5402 qui
803 5351 896 5388 nos
925 5342 1325 5403 persequuntur,
1359 5352 1543 5400 orare,
1577 5349 1811 5403 petamus
1853 5345 1898 5388 et
1926 5354 2021 5406 pro

461 5404 569 5456 illis
599 5406 684 5471 qui
710 5408 880 5457 rid/auc
905 5416 1044 5458 terra
1071 5415 1192 5458 sunt
1219 5417 1266 5457 et
1291 5407 1508 5457 necdum
1532 5406 1758 5458 cwlestes
1789 5421 1899 5458 esse
1921 5404 2021 5459 cte-

461 5482 674 5541 perunt,
709 5483 767 5526 ut
791 5487 838 5528 et
870 5478 1008 5528 circa
1034 5477 1150 5528 illos
1173 5476 1409 5527 voluntas
1443 5474 1535 5527 Dei
1565 5476 1679 5542 fiat,
1700 5491 1855 5542 quam
1881 5475 2034 5528 Cliri-

463 5555 576 5615 s_l_us
613 5545 870 5598 hominem
901 5546 1255 5599 conservando
1275 5555 1321 5598 et
1355 5545 1763 5615 redintegrando
1792 5545 2030 5615 perfecit.

471 5609 607 5664 Nam
634 5630 750 5668 cum
792 5615 1035 5684 discipuli
1065 5617 1129 5669 ab
1163 5632 1221 5668 eo
1255 5633 1356 5671 non
1379 5616 1495 5686 jam
1523 5609 1661 5671 terra
1685 5609 2030 5686 appellentur,

2137 4643 2227 4697 sed
2264 4641 2345 4696 sal
2371 4649 2548 4702 terrae.
2576 4652 2624 4695 et
2645 4639 2926 4708 Apostolus
2945 4641 3173 4709 primum
3201 4640 3462 4693 hominem
3487 4649 3626 4693 vocet
3649 4641 3711 4692 de

2137 4723 2292 4766 terra:
2313 4711 2458 4774 limo,
2492 4714 2780 4764 secundum
2808 4727 2924 4763 vero
2949 4714 3012 4762 de
3036 4711 3184 4773 ccelo,
3210 4711 3393 4762 merito
3427 4719 3475 4763 et
3502 4727 3593 4764 nos
3623 4710 3712 4774 qui

2138 4798 2250 4834 esse
2273 4781 2514 4834 debemus
2544 4781 2691 4834 Patri
2716 4779 2826 4833 Deo
2862 4779 3080 4845 similes,
3101 4781 3190 4845 qui
3215 4779 3376 4832 solem
3403 4795 3558 4832 suum
3583 4780 3712 4833 oriri

2141 4850 2270 4919 facit
2295 4866 2454 4916 super
2483 4852 2642 4903 bonos
2679 4861 2726 4903 et
2758 4849 2947 4913 malos,
2999 4858 3050 4903 et
3097 4850 3230 4917 pluit
3277 4864 3432 4914 super
3451 4849 3630 4916 justas
3665 4863 3711 4901 et

2143 4921 2389 4988 injustas,
2429 4921 2506 4973 sic
2550 4919 2759 4974 Christo
2792 4930 3030 4973 monente
3068 4935 3280 4972 oramus
3312 4928 3358 4970 et
3394 4921 3620 4986 petimus
3659 4929 3710 4970 ut

2143 5005 2344 5056 precem
2368 5005 2461 5056 pro
2489 4991 2723 5042 omnium
2749 4989 2918 5042 salute
2945 4988 3226 5055 faciamus;
3269 4997 3324 5040 ut
3359 4991 3621 5056 quomodo
3659 4989 3710 5040 in

2142 5059 2289 5119 cwla,
2321 5059 2373 5110 id
2397 5068 2494 5122 est,
2526 5057 2580 5110 in
2616 5059 2761 5111 nobis
2797 5073 2888 5124 per
2910 5061 3066 5126 fidem
3091 5070 3325 5111 nostram
3353 5058 3594 5110 voluntas
3617 5057 3712 5110 Det

2138 5130 2284 5196 facta
2312 5137 2385 5180 est
2417 5139 2471 5181 ut
2499 5144 2725 5181 essemus
2749 5145 2776 5180 e
2798 5130 2946 5190 caelo,
2974 5129 3048 5180 ita
3071 5140 3116 5181 et
3145 5131 3201 5181 in
3240 5137 3403 5190 terra,
3431 5126 3526 5178 hoc
3550 5139 3626 5181 est
3657 5129 3708 5180 in

2135 5199 2241 5249 illis
2273 5213 2375 5250 non
2409 5199 2736 5252 credentibus
2768 5198 2863 5264 ﬁat
2895 5198 3134 5251 voluntas
3165 5198 3284 5256 Dei,
3313 5208 3366 5248 ut
3409 5199 3496 5265 qui
3536 5199 3707 5249 adhuc

2132 5277 2254 5321 sunt
2286 5268 2457 5336 prima
2496 5268 2765 5320 nativitate
2805 5269 3021 5330 terreni,
3050 5269 3305 5336 incipiant
3339 5284 3451 5320 esse
3484 5267 3710 5321 cwlestes

2128 5353 2194 5390 ea:
2227 5354 2362 5406 aqua
2390 5348 2437 5390 et
2461 5337 2666 5406 Spiritu
2701 5338 2832 5390 nati.
2989 5376 2997 5385 .

2211 5405 2322 5479 (96)
2360 5405 2565 5479 Ὅπου⁵
2591 5406 2830 5479 ποτ’-ἅν
2871 5406 3060 5460 ἐστιν.
3096 5407 3238 5477 Lege
3279 5422 3403 5461 cum
3452 5405 3714 5471 Bentlcio,

2139 5472 2272 5547 ὅπου
2303 5472 2424 5529 ποτ’
2449 5478 2514 5530 ἂν
2537 5472 2592 5547 ᾖ,
2624 5477 2791 5547 ἐστίν.

2236 5547 2324 5615 97)
2358 5545 2685 5617 Ετύχόμεοα.
2717 5546 2881 5617 Lego,
2914 5545 3219 5617 εὐχώμεθα.

2237 5618 2326 5687 98)
2366 5616 2546 5673 Codex
2588 5633 2718 5685 uis.,
2750 5615 3007 5688 γένηταιξ
3043 5615 3185 5672 Edit.
3233 5616 3429 5683 Oxou.,
3471 5615 3707 5686 γίνηται.
