3974 6160
367 278 470 335 507
542 282 547 287 ’

1836 276 2159 333 ORIGENIS

3410 250 3610 325 ‘5os

368 399 548 453 audiat
583 398 672 452 ille
712 398 874 453 etiam
911 400 962 454 in
1007 397 1301 465 Evangelia
1335 396 1632 453 secundum
1667 395 1935 452 Joannem

2047 395 2140 465 τὴν
2163 389 2516 462 τιμιώτερονε
2549 388 2613 441 Τί
2636 385 2695 441 δὲ
2719 386 2973 459 ἀληθείας
3007 387 3072 457 τῇ
3109 385 3298 457 λογικῇ
3328 382 3487 455 φύσει
3510 404 3609 440 κα-

369 492 664 560 sliquando
703 498 761 543 ut
791 490 856 543 de
887 490 993 544 alio
1021 505 1049 542 a
1079 504 1138 542 se
1165 488 1382 544 diverso
1420 488 1601 557 loqui;
1647 486 1938 556 aliquando

372 583 468 642 ita,
504 581 657 650 quasi
700 581 815 649 ipse
844 581 997 647 panis
1030 580 1121 635 sit.
1159 578 1236 632 Ac
1278 588 1337 631 ut
1364 584 1429 633 de
1460 578 1567 632 alio
1591 577 1807 647 quidem
1852 575 1936 630 lo-

370 673 556 741 quitur
589 672 657 725 ibi
689 690 702 726 :
735 670 940 739 Moyses
969 669 1111 722 dedit
1148 670 1291 723 vobis
1333 685 1519 738 panem
1553 669 1618 722 de
1661 670 1787 724 calo
1831 686 1937 723 non

372 778 563 816 rerum.
600 761 690 813 sed
718 759 879 812 Pater
917 759 1177 829 meusdat
1214 760 1357 812 vobis
1383 775 1570 826 panem
1594 759 1656 812 de
1692 759 1818 812 caelo
1852 774 1939 812 ve-

371 869 487 905 rum
515 852 591 917 ³⁶;
625 850 689 903 iis
710 856 845 903 ’vcro
881 849 972 919 qui
1012 850 1265 904 dixerant
1301 850 1368 903 ad
1419 865 1541 903 eum
1575 866 1588 901 :
1624 849 1839 917 Semper
1866 852 1937 902 da

372 941 519 993 nobis
563 955 749 1006 panem
788 940 927 991 hunc
958 938 1023 1000 ³⁷,
1060 947 1118 991 ιιι
1157 939 1223 992 de
1266 954 1324 992 se
1359 939 1474 1007 ipso
1507 938 1747 1007 loquitur
1778 956 1791 993 :
1823 939 1937 1008 Ego

369 1045 485 1084 sum
510 1030 660 1095 panis
690 1030 806 1082 vita:
833 1044 850 1081 :
879 1029 970 1095 qui
1002 1029 1140 1082 venit
1171 1028 1239 1080 ad
1271 1044 1350 1080 me
1376 1045 1476 1081 non
1501 1029 1716 1091 esuriel,
1762 1038 1809 1082 et
1849 1030 1938 1099 qui

370 1119 527 1171 credit
558 1118 612 1171 in
652 1133 751 1182 me,
789 1133 891 1169 non
922 1116 1062 1169 sitiet
1107 1133 1335 1178 unquam
1358 1117 1425 1171 ³⁸.
1469 1117 1534 1171 Ει
1576 1118 1737 1186 paulo
1767 1130 1887 1188 post
1920 1136 1933 1172 :

370 1210 484 1279 Ego
508 1224 624 1262 sum
654 1208 805 1276 panis
847 1207 936 1276 qui
977 1207 1042 1260 de
1070 1206 1197 1260 coelo
1232 1206 1496 1264 descendi.
1547 1207 1606 1264 Si
1635 1210 1750 1277 quis
1789 1227 1939 1263 man-

369 1299 634 1355 ducauerit
663 1313 729 1352 ea:
746 1300 842 1351 hoc
860 1313 1013 1366 pane,
1032 1307 1157 1350 vivet
1176 1299 1234 1349 in
1254 1307 1522 1362 aiternum,
1547 1309 1593 1352 et
1616 1300 1767 1368 panis
1787 1315 1938 1368 quem

368 1406 459 1459 ego
497 1391 654 1451 dabo,
687 1405 811 1442 caro
846 1403 961 1440 mea
1008 1397 1082 1441 est
1115 1404 1271 1456 quam
1309 1404 1401 1457 ego
1432 1389 1568 1441 dabo
1619 1405 1711 1457 pro
1757 1390 1940 1442 mundi

370 1479 479 1533 vita
516 1478 585 1532 ³⁸.
617 1476 686 1531 Ει
713 1476 968 1546 quoniam
997 1476 1148 1532 cibus
1178 1478 1353 1530 omnis
1387 1479 1543 1546 panis
1567 1479 1765 1533 dicitur
1786 1479 1938 1548 juxta

372 1569 731 1637 Scripturam,
763 1576 821 1621 ut
851 1576 994 1635 patet
1015 1582 1083 1621 ex
1110 1583 1175 1622 eo
1206 1568 1348 1637 quod
1371 1569 1437 1635 de
1463 1567 1646 1640 Moyse
1675 1571 1938 1639 scriptum

373 1671 457 1714 est
503 1676 520 1713 :
570 1659 766 1713 Panem
818 1675 922 1712 non
974 1660 1193 1712 comedit
1248 1659 1608 1729 quadraginta
1663 1661 1841 1714 diebus
1893 1671 1940 1715 et

2043 483 2468 552 ταλληλότερον;
2515 479 2721 533 Ἐὰν.δέ
2761 496 2845 542 τις
2872 478 3008 548 πρὸς
3039 477 3211 530 ταῦτα
3241 476 3608 548 ἀνθυποφέρει,

2041 574 2236 643 λέγων,
2272 573 2345 644 μὴ
2368 571 2434 626 ἂν
2463 571 2622 624 αὐτὸν
2652 569 2940 634 διδάσκειν,
2980 569 3056 632 ὡς
3089 569 3214 639 περὶ
3253 568 3439 640 ἐτέρου
3462 570 3612 634 ὄντος

2045 665 2211 735 ἄρτου
2251 662 2346 716 τοῦ
2394 661 2666 714 ὲπιουσίου
2710 662 2895 713 αἱτεῖν-
2928 659 3192 722 ἀκουέτω,
3218 660 3298 713 ὅτι
3330 660 3423 712 καὶ
3460 662 3516 712 ὲν
3536 659 3613 729 τῷ

2045 754 2186 808 κατὰ
2200 754 2450 823 Ἰωάννην
2465 754 2595 806 ὅπου
2613 752 2708 822 μὲν
2722 751 2797 816 ὡς
2816 768 2881 804 πε
2890 751 2941 822 pl.
2956 751 3138 822 ἑτέρου
3150 751 3292 814 τινὸς
3309 750 3440 820 παρ’
3453 750 3613 807 αὐτὸν

2045 843 2370 913 διαλέγεται,
2408 844 2542 896 ὅπου
2573 843 2629 896 δὲ
2670 840 2742 914 (6)
2795 842 2871 905 ὡς
2908 840 3068 904 αὐτὸς
3117 843 3146 893 ὁ
3192 839 3355 910 ἄρτος
3402 838 3510 892 ὥν·
3537 838 3612 903 ὡς

2049 935 2147 1005 μὲν
2200 934 2328 1008 περὶ
2377 934 2561 1006 ἐτέρου
2618 933 2705 987 διὰ
2758 932 2960 985 τούτων
2980 947 2994 962 ο
3046 929 3307 999 Μωῦσῆς
3356 930 3614 985 δέδωκεν

2046 1026 2189 1095 ὑμῖν
2234 1024 2342 1078 τὸν
2382 1024 2562 1093 ἄρτον
2605 1026 2674 1078 ἐκ
2706 1024 2811 1078 τοῦ
2849 1022 3127 1091 οἰιρανοῦ,
3156 1024 3229 1077 οὐ
3270 1022 3375 1076 τὸν
3404 1024 3611 1090 ἀληθι-
3708 1035 3715 1039 '

2043 1120 2174 1183 νόν,
2208 1117 2352 1172 ἀλλ’.
2377 1121 2410 1171 ὀ
2440 1119 2642 1186 Πατήρ
2687 1134 2807 1186 μου
2836 1116 3082 1170 δίδωσιν
3124 1115 3268 1184 ὑμῖν
3298 1114 3404 1168 τὸν
3434 1114 3616 1183 ἄρτον

2045 1208 2112 1260 ἐκ
2145 1206 2250 1259 τοῦ
2284 1205 2544 1275 οὐρανοῦ
2590 1205 2699 1259 τὸν
2725 1206 3047 1273 ἀληθινόν·
3081 1205 3156 1270 ὡς
3187 1205 3241 1256 δὲ
3282 1205 3409 1277 περὶ
3450 1203 3612 1257 αὐτοῦ

2048 1300 2181 1369 φησι
2222 1301 2357 1371 πρὸς
2398 1300 2651 1362 εἰπόντας
2678 1297 2858 1369 αὐτῷ,
2887 1297 3149 1351 Πάντοτε
3192 1295 3299 1362 δὸς
3326 1295 3471 1365 ἡμῖν
3510 1294 3616 1349 τὸν

2045 1393 2227 1463 ἄρτον
2276 1371 2523 1449 τοῧτον’
2571 1392 2716 1462 Ἐγώ
2758 1396 2875 1463 elgt
2908 1395 2942 1446 ό
2986 1391 3165 1460 ἄρτος
3212 1389 3322 1459 τῆς
3369 1389 3546 1459 ζωῆς’
3580 1394 3616 1445 ὁ

2045 1485 2369 1553 ἐρχόμενος
2401 1487 2552 1552 πρός
2594 1500 2691 1552 με,
2725 1484 2797 1537 οὐ
2836 1481 2922 1552 μὴ
2974 1481 3251 1549 πεινάσῃ,
3302 1481 3401 1534 καὶ
3454 1485 3486 1535 ό
3521 1494 3616 1534 πι-

2047 1576 2279 1628 στεύων
2324 1577 2409 1640 εὶς
2448 1574 2553 1643 ἐμὲ
2584 1576 2655 1627 οὐ
2682 1571 2769 1641 μὴ
2804 1570 3037 1640 διψήσῃ
3076 1570 3329 1624 πώποτε.
3358 1573 3465 1624 Καὶ
3498 1573 3616 1643 μετ’

2048 1668 2203 1737 ὀλίγα
2221 1684 2234 1700 ’
2281 1666 2426 1737 Ἐγώ
2445 1667 2561 1735 ειμι
2593 1668 2626 1719 ό
2647 1663 2823 1732 ἄρτος
2853 1666 2886 1716 ό
2918 1663 2987 1716 ἐκ
3019 1664 3126 1716 τοῦ
3152 1662 3410 1730 οὐρανοῦ
3438 1681 3617 1717 κατα-

374 1767 569 1819 aquam
596 1767 698 1804 non
729 1750 856 1804 bibit
888 1750 972 1816 ‘°;
1006 1753 1218 1804 varium
1253 1762 1338 1804 est
1362 1763 1542 1805 autem
1571 1762 1627 1805 et
1667 1752 1943 1807 diversum

2050 1759 2176 1825 ϐάς.
2221 1757 2356 1811 Ἐάν
2393 1775 2484 1823 τις
2512 1755 2671 1826 φάγῃ
2699 1755 2769 1808 ἐκ
2812 1757 3027 1809 τούτου
3052 1754 3161 1808 τοῦ
3204 1754 3406 1823 ἄρτου,
3454 1754 3617 1820 ζήσει

373 1843 601 1897 verbum
642 1842 787 1911 quod
836 1841 983 1897 alere
1036 1853 1236 1911 potest,
1270 1857 1392 1898 cum
1452 1857 1559 1896 non
1595 1857 1784 1897 omnes
1823 1858 1946 1912 pos-

376 1931 489 1985 sint
535 1930 808 1985 soliditate
835 1944 899 1984 ac
932 1933 1189 1986 iirmitate
1240 1932 1436 1986 nutriri
1473 1933 1777 1986 divinarum
1830 1933 1944 1986 dis-

370 2022 694 2092 ciplinarnm
723 2041 738 2088 ;
776 2024 896 2078 ideo
925 2039 1047 2078 cum
1073 2024 1438 2079 robustiorem
1472 2024 1631 2079 vellet
1656 2024 1947 2092 perfectio-

374 2117 525 2172 ribus
573 2117 753 2171 cibum
804 2130 1128 2186 proponere,
1175 2117 1251 2170 ait
1289 2135 1302 2171 :
1346 2116 1414 2170 Et
1462 2118 1615 2187 panis
1665 2133 1818 2187 quem
1851 2133 1944 2187 ego

373 2209 509 2261 dabo
531 2224 654 2261 caro
681 2223 795 2260 mea
819 2217 893 2260 est
925 2224 1080 2276 quam
1115 2224 1207 2278 ego
1237 2207 1372 2261 dabo
1414 2226 1508 2276 pro
1532 2211 1717 2263 mundi
1743 2210 1847 2263 vita
1875 2210 1939 2262 “.

374 2298 443 2352 Et
472 2298 634 2369 paulo
681 2307 801 2367 post
841 2314 854 2351 :
900 2295 1026 2350 Nisi
1068 2299 1513 2354 manducareritis
1561 2317 1768 2354 carnem
1813 2299 1945 2356 Filii

372 2389 598 2442 hominis
643 2398 692 2441 et
741 2389 973 2444 biberitis
1016 2391 1129 2460 ejus
1176 2393 1514 2460 sanguinem,
1554 2408 1657 2444 non
1691 2393 1941 2446 habebitis

372 2479 533 2530 vitam
565 2477 618 2531 in
650 2480 814 2532 vobis.
858 2477 964 2544 Qui
996 2481 1277 2534 manducat
1303 2497 1472 2534 meam
1497 2498 1709 2536 carnem
1743 2492 1794 2537 et
1820 2484 1942 2537 bibit

377 2584 551 2621 meum
598 2570 930 2638 sanguinem,
965 2571 1115 2624 habet
1146 2572 1304 2624 vitam
1332 2582 1604 2630 (eternam.
1652 2582 1700 2626 et
1736 2589 1832 2642 ego
1863 2589 1946 2626 re-

373 2659 639 2713 suscitabo
664 2676 782 2712 eum
809 2661 864 2713 in
890 2662 1167 2715 novissimo
1200 2662 1305 2715 die.
1338 2659 1479 2715 Caro
1509 2664 1645 2716 enim
1690 2679 1803 2717 mea
1832 2680 1946 2718 vere

372 2759 448 2804 est
472 2752 619 2804 cibus
644 2762 691 2805 et
721 2754 936 2820 sanguis
969 2769 1113 2806 meus
1139 2770 1255 2807 vere
1285 2764 1359 2808 est
1388 2764 1578 2824 potus;
1603 2756 1692 2825 qui
1719 2755 1947 2809 mandu-

374 2852 670 2896 cet-meam
722 2860 929 2897 carnem
961 2854 1008 2897 et
1077 2845 1202 2899 bibit
1261 2862 1433 2898 meum
1488 2847 1835 2913 sanguinem,
1888 2846 1945 2900 in

373 2950 456 2987 me
505 2943 681 2988 manet
726 2945 774 2988 et
824 2952 917 3004 ego
971 2937 1026 2988 in
1080 2953 1163 2989 eo.
1225 2935 1379 2990 Sicut
1433 2938 1572 2990 misit
1643 2953 1724 2990 me
1774 2939 1947 2994 vivens

383 3022 542 3077 Pater
595 3035 643 3078 et
703 3041 795 3094 ego
849 3026 957 3079 vivo
1010 3037 1218 3093 propter
1264 3024 1499 3093 Patrem,
1550 3034 1598 3078 et
1652 3027 1740 3095 qui
1789 3041 1942 3079 man-

2051 1849 2126 1920 (7)
2155 1851 2243 1915 εὶς
2271 1847 2378 1901 τὸν
2410 1845 2625 1900 αἰῶνα·
2655 1846 2751 1899 καὶ
2778 1848 2811 1899 ό
2836 1843 3015 1914 ἄρτος
3051 1844 3118 1897 δὲ
3157 1844 3229 1897 ὃν
3268 1845 3384 1915 ἐγὼ
3423 1844 3616 1910 δώσω,

2046 1944 2084 2009 ἡ
2123 1939 2281 2008 σάρξ
2314 1956 2434 2008 μου
2474 1940 2665 2001 ἐστὶν,
2698 1936 2778 2004 ἣν
2797 1937 2912 2007 ἐγὼ
2950 1938 3120 1991 δώσω
3162 1936 3313 2005 ὑπὲρ
3359 1935 3468 2004 τῆς
3510 1936 3619 1991 τοῦ

2047 2033 2278 2098 κόσμου
2307 2027 2472 2095 ζωῆς.
2519 2028 2669 2081 Ἐπεὶ
2707 2027 2763 2081 δὲ
2797 2028 2945 2081 πᾶσα
2988 2026 3161 2098 τροφὴ
3204 2027 3364 2096 ἄρτος
3403 2026 3620 2096 λέγεται

2049 2120 2123 2192 (8)
2145 2118 2285 2172 κατὰ
2317 2117 2414 2189 τὴν
2442 2118 2683 2190 Γραφὴν,
2710 2118 2786 2181 ὡς
2807 2117 2963 2187 δῆλον
2983 2119 3049 2171 ἐκ
3074 2118 3168 2171 τοῦ
3193 2119 3320 2189 περὶ
3337 2118 3618 2183 Μωῡσὲως

2047 2209 2460 2280 ἀναγεγράφθαι
2482 2226 2495 2239 ο
2535 2212 2745 2277 Ἄρτον
2789 2211 2900 2262 οὐκ
2942 2208 3125 2277 ἔφαγε
3162 2208 3622 2277 ’τεσσαράκοντα

2045 2299 2290 2369 ἡμέρας,
2324 2298 2596 2367 καὶῧδωρ
2623 2300 2734 2352 οὐκ
2778 2298 2938 2352 ἔπιε·
2974 2298 3217 2361 ποικίλός
3264 2298 3320 2351 δέ
3362 2301 3479 2351 ἐστι
3527 2301 3621 2352 καὶ

2045 2389 2302 2460 διάφορος
2340 2389 2370 2441 ὁ
2402 2389 2667 2460 τρόφιμος
2705 2387 2881 2456 λόγος,
2931 2389 2992 2440 οὐ
3045 2389 3262 2443 πάντων
3307 2388 3618 2459 δυναμένων

2045 2482 2112 2550 τῇ
2146 2479 2464 2551 στερρότητι
2493 2483 2584 2534 καὶ
2623 2480 2837 2552 εὐτονίᾳ
2863 2479 3155 2550 τρέφεσθαι
3181 2481 3289 2534 τῶν
3317 2481 3476 2537 θείων
3527 2500 3620 2552 μα-

2050 2570 2345 2640 θημάτων*
2389 2571 2479 2625 διὰ
2503 2571 2662 2624 τοῦτο
2709 2571 3028 2642 βουλόμενος
3073 2572 3418 2644 παραστῆσαι
3463 2572 3620 2645 ἀθλη-

2045 2660 2202 2732 τικὴν
2250 2661 2604 2733 τελειοτέροις
2643 2660 2986 2733 ἁρμόζουσαν
3023 2661 3248 2733 τροφὴν,
3302 2663 3466 2733 φησίν
3492 2680 3506 2694 ·
3558 2664 3619 2716 '0

2045 2752 2223 2821 ἄρτος
2250 2752 2317 2806 δὲ
2349 2752 2420 2806 ὃν
2458 2752 2573 2822 ἐγὼ
2619 2753 2810 2817 δώσω,
2859 2753 2899 2822 ἠ
2941 2752 3097 2822 σάρξ
3138 2771 3258 2823 μου
3297 2753 3489 2818 ἐστὶν,
3541 2753 3620 2821 ῆν

2045 2843 2159 2912 ἐγὼ
2184 2843 2355 2898 δώσω
2381 2844 2534 2912 ὑπὲρ
2562 2842 2670 2912 τῆς
2712 2844 2820 2899 τοῦ
2860 2846 3090 2915 κόσμου
3139 2844 3312 2913 ζωῆς.
3362 2847 3470 2899 Καὶ
3503 2849 3618 2916 μετ’

2047 2937 2202 3007 ὀλίγα
2221 2955 2235 2969 σ
2279 2939 2422 2993 Ἐὰν
2447 2938 2534 3007 μὴ
2564 2937 2788 3008 φάγητε
2821 2938 2946 3015 τὴν.
2962 2938 3158 3007 σάρκα
3188 2940 3294 2993 τοῦ
3335 2939 3472 2993 Υὶοῦ
3514 2940 3615 2994 τοῦ

2047 3025 2382 3096 ἀνθρώπου,
2426 3029 2522 3082 καὶ
2574 3030 2748 3096 πίητε
2766 3028 2951 3082 αὐτοῦ
2997 3028 3064 3082 τὸ
3110 3025 3272 3098 ai’ga,
3303 3032 3416 3083 οὐκ
3453 3029 3618 3097 ἔχετε

376 3114 535 3166 ducat
590 3084 793 3179 me,et
836 3116 943 3181 ipse
995 3084 1118 3166 uiuet
1178 3121 1391 3181 propter
1445 3084 1526 3166 me
1577 3084 1796 3166 "..Hic
1840 3119 1928 3166 est.

2233 3118 2304 3171 ἐν
2334 3084 2589 3182 ἑαυτοῖς.
2651 3084 2711 3170 "0
2743 3117 2975 3186 τρώγων
2999 3134 3118 3186 μου
3144 3084 3271 3185 {uti
3300 3084 3618 3185 adpmwxui

376 3218 541 3259 verus
597 3204 750 3258 cibus
799 3219 927 3258 caro
982 3203 1207 3268 Christi,
1264 3204 1355 3271 qui
1400 3204 1573 3269 cibus,
1622 3219 1746 3257 eum
1780 3210 1943 3257 .esset

2053 3208 2245 3262 πίνων
2267 3225 2387 3278 μου
2419 3208 2485 3262 τὸ
2536 3203 2678 3278 alita
2705 3208 2829 3278 ἔχει
2861 3206 3014 3276 ζωὴν
3059 3209 3317 3275 αἰώνιον,
3356 3210 3455 3264 καὶ
3504 3210 3616 3280 ἐγὼ

378 3291 641 3357 Verbum,
682 3294 855 3349 factus
899 3305 980 3352 est
1012 3309 1159 3362 caro,
1189 3294 1344 3362 juxta
1404 3294 1536 3349 illud
1568 3310 1581 3345 :
1616 3293 1682 3347 Et
1722 3292 1943 3347 Verbum

2051 3295 2378 3364 ἀναστήσω
2425 3296 2612 3351 αὐτὸν
2646 3298 2716 3351 ἐν
2761 3295 2838 3366 τῇ
2895 3297 3124 3368 ἐσχάτῃ
3162 3299 3350 3368 ἡμέρᾳ
3372 3317 3385 3330 ο
3427 3301 3467 3368 ἠ
3507 3300 3617 3368 γὰρ

377 3382 539 3455 245
568 3401 689 3437 caro
719 3385 917 3454 factum
950 3394 1023 3439 est
1070 3386 1147 3452 ἰ⁸;
1179 3385 1395 3454 quando
1438 3400 1465 3437 a
1519 3384 1676 3439 nobis
1706 3385 1943 3437 mandu-

2050 3386 2207 3454 σάρξ
2249 3405 2367 3456 μου
2419 3386 2649 3455 ἀληθής
2704 3386 2839 3440 ἐστι
2875 3386 3138 3455 βρῶσις’,
3194 3387 3294 3440 καὶ
3343 3387 3409 3441 τὸ
3461 3390 3617 3457 πόμα

376 3485 557 3537 catur,
610 3484 737 3530 tunc
782 3476 1032 3530 habitauit
1070 3477 1126 3529 in
1161 3477 1330 3533 nobis.
1368 3474 1504 3529 Cum
1539 3483 1717 3529 autem
1749 3475 1943 3530 distri-

2047 3495 2168 3546 gov
2219 3478 2294 3547 (9)
2339 3477 2569 3545 ἀληθής
2594 3478 2724 3531 ἐστι
2753 3478 2965 3543 πόσις-
2992 3481 3025 3531 ό
3056 3476 3291 3548 τρώγων
3334 3496 3454 3548 μου
3505 3479 3616 3547 τὴν

376 3568 589 3633 builur,
640 3568 903 3637 impletur
941 3568 1109 3623 illud:
1140 3566 1208 3623 Et
1261 3568 1487 3621 vidimus
1529 3567 1755 3637 gloriam
1804 3568 1939 3638 ejus.

2051 3566 2268 3635 σάρκα,
2303 3568 2400 3621 καὶ
2440 3568 2628 3620 πίνων
2642 3585 2763 3636 μου
2786 3566 2852 3620 τὸ
2884 3563 3025 3636 alga
3046 3568 3114 3620 ὲν
3144 3568 3271 3637 ἐμοὶ
3295 3568 3463 3637 μένει
3483 3570 3613 3641 (10),

378 3658 484 3712 Hic
519 3671 596 3714 est
624 3662 774 3729 panis
799 3662 891 3730 qui
916 3661 979 3715 de
1005 3662 1130 3715 calo
1159 3661 1445 3714 descendit.
1478 3657 1601 3714 Non
1634 3661 1766 3714 sicut
1793 3678 1943 3714 man-

2050 3655 2210 3725 κάγὼ
2249 3656 2318 3708 ἐν
2344 3655 2521 3721 αὐτῷ.
2565 3656 2771 3722 Καθὼς
2806 3656 3126 3710 ἀπέστειλέ
3159 3675 3238 3727 με
3270 3660 3303 3711 ό
3351 3655 3463 3718 ζῶν
3498 3663 3615 3713 Πα-

379 3750 699 3805 ducaverunt
743 3766 917 3820 patres
959 3762 1004 3806 et
1072 3753 1267 3805 mortui
1328 3762 1488 3817 sunt;
1520 3752 1611 3823 qui
1661 3754 1943 3808 manducet

2052 3747 2197 3815 τὴρ,
2244 3745 2405 3815 κάγὼ
2445 3745 2517 3806 ζῶ
2547 3745 2644 3800 διὰ
2682 3745 2791 3800 τὸν
2844 3746 3097 3814 Πατέρα,
3154 3748 3253 3801 καὶ
3301 3751 3334 3802 ὁ
3384 3747 3617 3817 τρώγων

378 3839 517 3893 nunc
548 3857 755 3907 panem,
785 3843 912 3896 vivet
950 3842 1003 3895 in
1035 3852 1288 3895 a'ternum
1318 3841 1385 3896 “.
1416 3843 1485 3895 At
1512 3840 1711 3895 Paulus
1747 3841 1943 3896 Corin-

2047 3857 2142 3911 με,
2191 3837 2461 3904 κάκεῖνος
2490 3836 2654 3905 ζήσει
2702 3838 2813 3909 (ii)
2858 3838 2933 3892 δι’
2961 3839 3083 3908 ἐμέ.
3126 3839 3273 3910 Αὕτη
3306 3841 3363 3894 δέ
3409 3842 3613 3911 ἐστινὴ

383 3933 513 3986 ιιιίἰε
547 3932 772 4001 loquens
812 3935 1050 4001 parvulis
1099 3944 1152 3988 et
1182 3937 1475 3989 secundum
1514 3924 1785 3991 hominem
1830 3953 1943 3991 am-

2052 3931 2259 4001 ὰληθὴς
2316 3930 2536 4002 βρῶσις,
2593 3928 2729 4001 σὰρξ
2767 3929 3002 4000 Χριστοῦ
3024 3971 3038 3994 ,
3069 3931 3209 4000 ἥτις,
3237 3932 3410 4000 Λόγος
3458 3929 3612 3992 οὖσα.

380 4023 695 4079 bniantibus
726 4025 802 4078 ait
828 4039 843 4078 :
873 4024 979 4077 Lac
1010 4028 1151 4078 vobis
1201 4037 1381 4093 potum
1416 4029 1559 4086 dedi.
1603 4044 1704 4081 non
1739 4045 1943 4095 eseam;

2050 4023 2240 4091 γέγονε
2301 4020 2437 4091 σὰρξ
2492 4021 2633 4075 κατὰ
2686 4022 2746 4074 τὸ
2788 4022 3104 4094 εἰρημένον·
3170 4024 3279 4078 Καὶ
3336 4026 3370 4077 ό
3427 4026 3615 4093 Λόγος

381 4119 610 4170 nondum
630 4116 766 4168 enim
789 4117 1065 4183 poteratis,
1090 4117 1179 4169 sed
1204 4133 1295 4169 nec
1319 4132 1457 4169 nunc
1475 4118 1682 4185 quidem
1707 4120 1944 4186 potestis,

379 4211 555 4263 adhuc
597 4208 735 4263 enim
764 4208 1003 4261 carnales
1031 4210 1152 4262 estis
1176 4208 1243 4262 “.
1286 4208 1351 4260 El.
1390 4207 1442 4260 in
1472 4206 1708 4277 Epistola
1735 4209 1802 4263 ad
1843 4209 1947 4264 lle-

380 4303 592 4357 brteos:
630 4298 697 4353 Et
729 4302 859 4364 facti
902 4300 1027 4353 estis
1052 4300 1238 4368 quibus
1277 4299 1414 4353 lacte
1441 4315 1569 4368 apus
1599 4300 1691 4365 sit,
1729 4317 1831 4353 non
1862 4318 1946 4355 so-

380 4390 487 4446 lido
511 4393 664 4457 cibo;
696 4391 865 4445 omnis
888 4392 1026 4445 enim
1052 4394 1143 4460 qui
1175 4394 1326 4445 tactis
1352 4402 1426 4445 est
1450 4394 1733 4462 particeps,
1759 4409 1944 4462 expers
1979 4426 2022 4479 Ι)

377 4492 453 4535 est
477 4484 729 4534 sermonis
743 4480 990 4549 justitiw.
1020 4480 1271 4549 parvulus
1293 4482 1428 4535 enim
1454 4491 1550 4537 est.
1581 4480 1946 4551 Perfectorum

376 4581 554 4624 autem
584 4582 660 4625 est
686 4572 890 4631 solidus
921 4573 1087 4637 cibus,
1120 4587 1297 4625 eorum
1330 4574 1418 4642 qui
1446 4590 1538 4643 pro
1566 4574 1946 4628 consuetudine

380 4661 696 4714 exercitatos
746 4661 938 4715 habent
975 4680 1158 4719 sensus
1189 4668 1256 4719 ad
1308 4666 1679 4719 discretionem
1728 4666 1851 4719 boni
1894 4675 1943 4718 et

383 4749 514 4802 mali
536 4750 603 4803 “.
630 4751 893 4819 Equidem
924 4761 975 4806 et
1020 4754 1150 4809 illud
1178 4769 1192 4807 :
1227 4756 1378 4807 Alius
1405 4755 1574 4807 credit
1617 4770 1671 4807 se
1720 4754 1945 4807 mandu-

380 4857 503 4895 care
533 4844 754 4908 omnia;
783 4848 873 4911 qui
905 4857 1078 4900 autem
1111 4847 1351 4914 inﬁrmus
1381 4853 1500 4909 est,
1554 4844 1670 4898 olus
1713 4844 1942 4897 mandu-

2052 4114 2208 4181 σὰρξ
2221 4112 2476 4182 ἐγένετο.
2500 4113 2627 4165 Ὅτε
2656 4112 2712 4165 δὲ
2732 4113 2942 4182 πίωμεν
2967 4112 3125 4179 αυτὸν
3150 4110 3281 4184 (12),
3312 4113 3410 4166 καὶ
3437 4114 3615 4181 ἐσκή-

2052 4223 2248 4260 νωσεν
2275 4207 2346 4259 ἐν
2362 4205 2507 4275 ἡμῖν
2523 4222 2536 4235 ·
2564 4205 2701 4258 ἐπὰν
2728 4204 2786 4257 δὲ
2817 4204 3153 4272 ἀναδιδῶται,
3185 4207 3288 4277 πλη
3297 4206 3483 4278 ροιῖται
3514 4207 3573 4259 τό
3593 4223 3610 4239 ·

2066 4296 2462 4367 Ἐθεασάμεθα
2483 4295 2597 4364 τὴν
2620 4295 2807 4360 δόξαν
2824 4295 3028 4350 αὐτοῦ.
3058 4293 3243 4362 Οὗτός
3267 4297 3436 4351 ἐστιν
3467 4301 3500 4351 ὀ
3516 4297 3616 4367 ἆρ-

2055 4404 2158 4453 τος
2179 4391 2210 4440 d
2235 4387 2303 4439 ἐκ
2328 4384 2435 4439 τοῦ
2465 4385 2724 4451 οὐρανοῦ
2757 4383 3042 4449 καταϐάς·
3069 4388 3139 4439 οὑ
3172 4385 3367 4453 καθὼς
3390 4387 3614 4456 ἔφαγον

2052 4480 2108 4531 oi
2140 4479 2392 4544 πατέρες
2411 4515 2424 4539 ,
2459 4476 2559 4528 καὶ
2581 4475 2887 4529 ἀπέθανον
2908 4492 2921 4505 ο
2960 4480 2991 4529 ό
3017 4475 3251 4545 τρώγων
3275 4477 3490 4532 τοῦτον
3509 4477 3616 4532 τὸν

2049 4567 2230 4634 ἄρτον
2252 4564 2414 4631 ᾥῖσει
2434 4564 2543 4635 (15)
2563 4566 2650 4630 εὶς
2669 4564 2776 4619 τὸν
2788 4564 2991 4618 αἰῶνα.
3009 4565 3065 4618 Ὀ
3081 4565 3137 4618 δὲ
3156 4567 3384 4630 Παῦλος,
3402 4568 3613 4639 νηπίοις

2049 4655 2426 4726 διαλεγόμενος
2467 4656 2562 4707 καὶ
2598 4654 2736 4707 κατὰ
2759 4656 3040 4726 ἄνθρωπον
3097 4657 3453 4728 περιπατοῦσι
3503 4660 3611 4711 Κο-

2051 4746 2292 4818 ρινθίοις,
2341 4745 2504 4816 φησι·
2551 4745 2718 4799 Γάλα
2746 4744 2899 4814 ὑμᾶς
2945 4747 3196 4800 ἐπότισα
3220 4787 3234 4812 ,
3261 4750 3333 4801 οὐ
3381 4747 3607 4817 βρῶμιν

2048 4839 2212 4891 οὔπω
2244 4837 2352 4907 γὰρ
2373 4837 2683 4896 ἐδύνασθε.
2715 4838 2852 4891 ἀλλ’
2877 4837 3017 4890 οὐδὲ
3062 4837 3149 4891 ἐτι
3176 4838 3293 4892 νῦν
3318 4840 3577 4895 δύνασθε
3593 4858 3607 4871 ·

384 4939 469 4980 σαι
498 4928 568 4994 δ’,
596 4939 730 4998 puto
762 4931 937 4999 ipsum
976 4949 1080 4988 non
1110 4935 1177 4988 de
1205 4934 1487 5001 corporeis
1509 4932 1643 4987 cibis
1671 4932 1943 5001 praecipue

2047 4929 2130 4983 ἔτι
2160 4931 2270 4999 γάρ
2296 4930 2436 4982 ἐστε
2465 4928 2761 4996 σάρκινοι.
2796 4928 2906 4981 Καὶ
2937 4931 2994 4982 ὲν
3025 4932 3090 5000 τῇ
3120 4930 3255 5001 πρὸς
3295 4930 3608 5002 Ἑϐραίουςο

383 5017 614 5085 dixisse,
650 5022 745 5075 sed
777 5022 844 5076 de
873 5023 1054 5079 verbis
1087 5022 1180 5076 Dei
1210 5022 1410 5092 quibus
1459 5022 1641 5075 anima
1682 5022 1940 5087 nutritur,

2050 5023 2158 5076 Καὶ
2187 5022 2463 5091 γεγόνατε
2511 5020 2718 5090 χρείαν
2744 5019 2987 5088 ἔχοντες
3010 5021 3327 5090 γάλακτος,
3362 5024 3433 5077 οὐ
3476 5039 3584 5077 στε

455 5156 501 5188 ³⁸
538 5155 696 5213 Juan.
737 5174 816 5228 vi,
851 5158 941 5215 '52.
1016 5161 1059 5192 ³⁷
1090 5160 1365 5228 Ibid.,3-l.
1440 5160 1669 5226 ⁸⁸11)ἰ(1.,
1695 5160 1787 5216 55.
1864 5161 1908 5192 ”
1940 5161 1943 5213 Τ

2047 5163 2100 5228 |.,
2132 5161 2218 5215 5|.
2294 5160 2338 5191 ’⁸ο
2379 5160 2592 5211 neuter.
2618 5174 2697 5223 Ix,
2718 5157 2771 5212 9.
2848 5158 2891 5190 “
2920 5156 3077 5213 Joan.
3101 5174 3173 5225 Vl,
3202 5158 3291 5213 52.
3366 5159 3412 5203 δ’
3447 5158 3605 5224 lbid.,

382 5227 454 5284 54
504 5242 623 5297 seq.
696 5228 740 5260 δε
767 5227 924 5287 Joan.
955 5245 1000 5296 ι,
1037 5232 1123 5285 Η.
1198 5231 1245 5264 ιδ
1270 5231 1426 5287 Joan.
1449 5244 1523 5297 vn,
1543 5229 1637 5286 59.

452 5342 526 5414 (6)
564 5340 922 5411 Διαλέγεται,
972 5342 1124 5399 ὅπου
1171 5343 1256 5397 δέ.
1306 5343 1399 5397 Sic
1447 5344 1610 5414 habet
1637 5344 1802 5399 codex
1836 5358 1936 5400 ms.

382 5412 560 5484 Editio
584 5423 762 5484 autem
790 5414 986 5484 Oxum,
1022 5414 1352 5484 διαλέγηται,
1382 5414 1515 5466 ὅπου
1544 5413 1628 5484 δή.

452 5482 531 5552 (7)
568 5483 748 5554 Codex
783 5480 1116 5554 ιιιε.,ζήσει.
1158 5480 1300 5538 Ειιῖι.
1329 5485 1528 5554 Oxum,
1569 5480 1812 5554 ζήσεται.

452 5555 530 5622 (8)
571 5553 747 5622 ιῑυιιυχ
779 5567 879 5603 tus.
913 5552 1148 5622 λέγεται.
1190 5554 1364 5607 Editio
1394 5552 1867 5622 Oxon.,}équt.

1712 5231 1758 5262 "
1787 5229 1808 5283 l
1840 5230 1963 5286 Cor.
1996 5247 2073 5295 ιιι,
2116 5231 2169 5287 2.

2278 5229 2324 5260 ’⁵⁸
2355 5229 2577 5291 Heb..v,
2609 5229 2694 5281 i2.
2767 5229 2812 5260 "
2842 5228 2997 5281 Rom.
3030 5243 3138 5291 xiv,
3162 5229 3216 5281 ‘2.

2119 5340 2229 5410 (ib)
2282 5341 2382 5393 Ἐν
2423 5337 2552 5408 ἐμοὶ
2582 5336 2772 5407 μένει.
2832 5340 3012 5395 Mallet
3058 5339 3438 5409 Bentleiusz
3483 5342 3608 5414 ἐμοὶ

2051 5415 2215 5482 μενεί.
2266 5448 2271 5451 -

2123 5482 2234 5551 (Η)
2273 5480 2451 5535 Codex
2486 5498 2608 5546 ms.,
2667 5479 2839 5551 ζήσει.
2879 5478 3023 5551 ΕιΙίιζ
3056 5479 3256 5551 Οκνοιι..
3288 5479 3527 5551 ζήσεται.

2118 5548 2229 5623 (12)
2260 5552 2492 5623 Πίωμεν
2519 5548 2731 5623 αὐτόν.
2763 5549 2935 5623 Legit
2995 5548 3297 5621 Bentleius,
3343 5548 3602 5623 φάγωμεν

456 5620 531 5692 (9)
571 5621 736 5693 Hdga
760 5638 898 5689 gov.
941 5617 1031 5679 Sic
1060 5627 1226 5681 codex
1255 5639 1382 5692 ms.,
1441 5637 1544 5678 non
1561 5617 1702 5693 αἷμᾶ
1728 5617 1849 5693 μου,
1884 5631 1942 5677 ιιι

2047 5617 2225 5693 αὐτόν,
2251 5625 2329 5693 vel
2355 5617 2620 5693 φάγωμεν
2635 5620 2832 5693 αὐτήν.

384 5698 560 5745 textus
585 5692 852 5760 vulgatus.

2117 5685 2593 5762 (Iw-Codex‘msu
2629 5685 2802 5762 ζήσει.
2833 5688 2956 5743 Edit
2988 5685 3185 5755 Oxon.,
3216 5686 3460 5760 ζήσεται.
