3974 6160
350 307 468 367 509
1575 309 1910 366 LIBELLUS
1945 310 2033 366 DE
2068 307 2441 365 ORATIONE.
3523 305 3628 361 5l0

338 430 506 497 ρεᾶς
538 430 792 501 τροφῆς·
817 431 936 499 πᾶς
977 431 1084 503 γὰρ
1114 435 1146 486 ό
1167 433 1434 502 μετέχων
1463 432 1758 502 γάλακτος
1785 433 1907 484 ἄπει

2054 446 2171 484 eum
2203 429 2373 497 possit
2418 426 2768 482 ﬁdelissimus
2791 427 3022 496 quisque
3079 433 3133 479 et
3185 421 3623 492 perfectissimus

338 539 460 589 ρος
483 526 679 593 λόγου
703 523 1096 592 δικαιοσύνης
1113 540 1128 555 ⁶
1156 524 1372 589 νήπιος
1394 524 1503 593 γάρ
1521 525 1669 577 ἐστι.
1703 523 1907 577 Τελείω

2056 522 2234 575 omnia
2280 521 2579 589 percipere,
2615 534 2776 588 quem
2813 518 2898 572 his
2943 517 3126 570 verbis
3165 515 3444 570 ostendit:
3476 515 3625 569 Alius

343 610 422 664 δέ
449 611 632 665 ἐστιν
664 614 702 681 ἢ
729 613 943 681 στερεὰ
972 613 1180 682 τροφὴ,
1209 613 1328 666 τῶν
1355 613 1453 666 διὰ
1475 613 1590 681 τὴν
1609 613 1738 677 ἕξιν
1762 613 1834 666 τὰ
1865 630 1912 665 αι

2057 613 2219 665 credit
2257 629 2310 664 se
2337 612 2656 663 manducare
2687 610 2897 672 omnia;
2928 607 3211 661 inﬁrmiori
3242 615 3420 658 autem
3447 613 3500 658 et
3527 605 3626 657 im-

346 703 668 771 σθηττήρια
698 705 1156 774 γεγυμνασμένα
1186 707 1451 774 ἐχόντων
1475 705 1623 773 πρὸς
1649 703 1915 772 διὰκρισι

2056 702 2366 773 perfectiori
2403 701 2737 770 simpliciora
2768 700 3037 753 sulliciant
3066 698 3385 752 documenta
3411 735 3426 760 ,
3476 707 3625 761 quae-

345 794 562 846 καλοῦ
594 813 659 849 τε
684 797 779 848 καὶ
825 797 1032 850 κακοῦ.
1077 798 1218 866 Ἐγὼ
1255 797 1312 850 δὲ
1336 796 1572 867 ἡγοῦμαι
1597 796 1690 850 καὶ
1713 797 1804 848 τό·
1846 799 1912 848 Ὃ

2051 775 2158 862 que
2212 810 2316 846 non
2352 795 2576 846 omnino
2628 795 2839 845 ﬁrmum
2877 790 3138 844 elﬁciant.
3191 789 3324 841 Eum
3369 793 3426 839 ut
3475 786 3615 840 desi-

341 884 472 954 μὲν
493 888 770 940 πιστεύει
789 887 1000 956 φαγεῖν
1029 887 1242 952 πάντα,
1276 892 1307 941 ὁ
1332 888 1398 940 δὲ
1423 887 1694 941 ἀσθενῶν
1711 891 1908 957 ,λάχαν’

2049 897 2196 954 gnet,
2227 885 2301 936 ait
2327 900 2340 935 :
2373 883 2473 947 Qui
2505 900 2621 936 vero
2652 883 2897 950 inﬁrmus
2925 893 2998 934 est
3025 880 3138 934 olus
3156 879 3459 932 manducet.
3483 876 3617 930 Illud

345 977 553 1030 ἐσθίει
573 995 586 1007 ·
621 978 692 1050 μὴ
745 979 871 1050 περὶ
897 979 1221 1050 σωματικῶν
1245 980 1460 1051 τροῳῶν
1489 981 1638 1050 αὐτῷ
1673 997 1911 1051 προηγου

2051 977 2213 1029 etiam
2248 975 2389 1044 quod
2418 991 2445 1027 a
2485 973 2776 1027 Salommte
2825 975 2878 1026 in
2916 971 3230 1026 ProVerbiis
3277 971 3477 1023 dicitur
3504 967 3620 1021 exi-

347 1066 544 1134 μένως
569 1067 850 1135 λέγεσθαι,
878 1068 1013 1121 ἀλλὰ
1038 1070 1164 1140 περὶ
1188 1069 1294 1122 τῶν
1319 1070 1625 1141 τρεφόντων
1648 1070 1744 1141 τὴν
1769 1071 1912 1142 ψυχὴ

2052 1068 2216 1121 stimo
2246 1065 2295 1118 id
2329 1065 2552 1126 docere,
2588 1079 2710 1116 eum
2742 1063 2832 1131 qui
2868 1079 2979 1126 pne
3005 1062 3354 1130 simplicitate
3385 1060 3621 1113 ﬁrmiora

337 1155 527 1223 λόγων
554 1158 690 1210 Θεοῦ
717 1175 728 1186 ·
762 1159 855 1211 τοῦ
887 1159 983 1229 μὲν
1015 1160 1335 1212 πιστοτάτου
1368 1163 1462 1213 καὶ
1491 1161 1824 1214 τελειοτάτου
1857 1163 1906 1214 δι

2049 1175 2150 1211 non
2187 1159 2336 1225 capit
2367 1157 2436 1210 et"
2463 1154 2662 1221 majora
2701 1153 2977 1220 dogmata,
3017 1167 3121 1204 non
3156 1159 3301 1204 errat
3336 1161 3516 1203 tamen
3564 1149 3618 1203 in

312 1249 596 1318 ’ναμένου
621 1251 834 1304 πάντων
860 1253 1310 1322 μεταλαμϐάνειν,
1337 1255 1503 1327 ὅνπερ
1531 1257 1680 1323 δηλοί
1712 1256 1797 1309 διὰ
1829 1275 1881 1309 το

2050 1249 2115 1301 iis
2144 1262 2262 1316 qua:
2297 1247 2479 1311 sentit,
2515 1245 2796 1298 meliorem
2834 1257 2956 1296 esse
2987 1241 3274 1296 solertiore
3303 1240 3409 1293 alio
3443 1247 3498 1294 et
3527 1253 3619 1292 ac-

342 1339 456 1404 ’Ὸς
480 1340 610 1408 μὲν
629 1343 894 1396 πιστεύει
923 1343 1134 1411 φαγεῖν
1151 1343 1378 1397 πάιιοτα’
1413 1345 1505 1398 τοῦ
1541 1347 1596 1399 δὲ
1629 1347 1911 1400 ἀσθενεστέ

2050 1341 2324 1394 curatiore
2363 1354 2557 1406 resque
2586 1337 2773 1390 acrius
2819 1345 3177 1402 capessente,
3229 1333 3320 1386 sed
3371 1333 3519 1402 pacis
3565 1338 3619 1384 et

336 1431 584 1496 pou,xa‘t
598 1431 948 1505 άτελεστέρου
977 1432 1366 1504 ἁπλουστέροις
1397 1436 1491 1487 καὶ
1519 1436 1592 1506 μὴ
1621 1437 1765 1488 πάνυ
1795 1438 1905 1489 εὐτε

2048 1433 2418 1486 universorum
2448 1430 2756 1484 concordiae
2785 1427 3051 1481 rationem
3087 1440 3191 1477 non
3227 1425 3514 1492 perspicue
3536 1423 3617 1475 in-

328 1519 459 1573 νίαν
482 1522 778 1591 ἐμποιοῦσι
827 1523 1143 1595 μαθήμασιν
1163 1525 1501 1596 ἀρκουμένου
1525 1545 1537 1556 ·
1572 1529 1754 1580 ὅντινα
1783 1530 1897 1582 αὐτὶ

2046 1525 2343 1592 telligente.
2377 1522 2466 1576 Sic
2497 1531 2672 1575 autem
2728 1519 2930 1574 habent
2979 1517 3093 1585 ipsa
3145 1515 3358 1570 verba:
3423 1515 3613 1569 Melius

331 1611 596 1680 σημῆναι
622 1612 788 1666 Θέλων
808 1613 972 1682 λέγει·
1006 1615 1067 1667 '0
1097 1615 1164 1667 δὲ
1191 1616 1462 1685 ἀσθενῶν
1482 1618 1895 1687 λάχαναὲσθίε

2044 1613 2378 1682 hospitalitas
2414 1629 2531 1664 cum
2574 1612 2803 1663 oleribus
2834 1609 2901 1660 ad
2945 1608 3228 1660 amicitiam
3258 1617 3304 1660 et
3336 1607 3564 1674 gratiam
3596 1643 3613 1671 ,

329 1701 448 1753 Καὶ
481 1703 552 1754 τὸ
597 1704 750 1774 παρὰ
800 1705 877 1776 τῷ
917 1707 1223 1777 Σολομῶντι
1255 1708 1309 1761 δὲ
1348 1711 1405 1761 ἐν
1439 1712 1556 1773 ταῖς
1590 1712 1898 1779 Παροιμίαι

2044 1723 2198 1776 quam
2256 1706 2452 1759 vitulus
2500 1705 2775 1772 saginatus
2825 1717 2942 1753 cum
2999 1699 3280 1753 inimicitia
3325 1698 3392 1756 ⁸³.
3430 1697 3613 1766 Itaque

326 1790 644 1862 λεγόμενον
672 1775 912 1866 ἡγοῦμαι
949 1775 1240 1863 διδάσκειν,
1280 1800 1360 1851 ὅτι
1393 1799 1616 1870 βελτίων
1650 1775 1691 1853 ὁ⁷
1719 1775 1792 1872 μῆ
1823 1821 1895 1872 χω

2045 1814 2178 1866 παινο
2213 1797 2433 1865 vulgare
2459 1795 2798 1863 simplexque
2824 1794 3132 1849 convivium
3163 1807 3284 1846 cum
3312 1793 3453 1846 bona
3485 1807 3614 1846 con-

331 1882 449 1951 ρῶν
495 1882 571 1935 τὰ
601 1884 936 1956 εὐτονώτερα
987 1889 1080 1941 καὶ
1111 1889 1334 1958 μείζονα
1374 1889 1481 1943 τῶν
1526 1890 1808 1960 δογμάτων
1842 1891 1900 1944 διι

2042 1892 2255 1946 scientia
2284 1889 2596 1959 accepimus
2624 1889 2692 1942 ab
2716 1889 2780 1942 iis
2807 1889 2895 1956 qui
2925 1885 3157 1955 amplius
3191 1885 3346 1940 nobis
3370 1885 3611 1953 praebere

327 1972 434 2040 τὴν
461 1973 747 2046 ἁπλότητα
772 2016 785 2040 ,
817 1979 916 2030 οὐκ
941 1979 1253 2049 ἐσφαλμένα
1286 1978 1543 2050 μέντοιγε
1565 1973 1796 2053 φρονῶν,
1833 2001 1892 2035 το

2041 1998 2138 2035 non
2171 1989 2439 2048 poterant,
2473 1979 2652 2047 potius
2684 1993 2844 2047 quam
2878 1993 3195 2031 sermonum
3223 1976 3274 2029 in
3311 1975 3400 2029 Dei
3433 1975 3610 2030 scien-

325 2062 767 2136 ὲντρεχεστέρου
795 2068 915 2137 μὲν,
947 2069 1344 2141 καὶ-ὀξυτέρου,
1383 2071 1476 2122 καὶ
1514 2070 1775 2141 μειζόνως
1805 2073 1894 2126 ἐπι

2041 2077 2162 2129 tiam
2204 2073 2607 2140 insurgentium
2641 2071 3030 2125 sublimitatem
3077 2067 3445 2137 probabilitati
3491 2083 3610 2122 ma-

326 2151 634 2218 ϐάλλοντος
682 2159 796 2219 τοῖς
830 2159 1150 2229 πράγμασι,
1204 2160 1296 2213 τὸν
1341 2158 1397 2210 δὲ
1429 2161 1526 2230 τῆς
1559 2163 1782 2233 εἰρήνης
1832 2181 1895 2216 κα

2039 2179 2150 2226 gnat:
2174 2166 2522 2230 conjunctam
2548 2169 2599 2213 et
2624 2175 2745 2229 quae
2791 2160 3090 2214 doctrinam
3128 2173 3156 2211 a
3193 2158 3402 2211 Domini
3434 2157 3608 2212 nostri

328 2247 667 2316 συμφωνίας
698 2248 804 2303 τῶν
835 2249 970 2304 ὅλων
1007 2251 1161 2320 λόγον
1193 2253 1267 2324 μὴ
1295 2252 1635 2323 τρανοῦντος.
1683 2255 1837 2324 Ἔχει
1868 2254 1896 2308 δ

2039 2251 2156 2306 Iesu
2187 2252 2346 2304 Patre
2375 2251 2464 2318 qui
2509 2249 2680 2320 legem
2724 2250 3128 2317 prepbetasque
3159 2246 3330 2308 dedit,
3374 2244 3608 2298 alienam

322 2333 515 2398 οὕτως
543 2337 744 2408 αὐτῷή
775 2338 918 2404 λέξις
943 2357 955 2369 ·
993 2341 1308 2408 Κρείσσωγ
1337 2341 1620 2411 ξενισμὸς
1643 2345 1891 2413 λαχάνω

2037 2344 2374 2412 praedicaret.
2410 2342 2579 2410 Igitur
2611 2357 2677 2394 ne
2700 2350 2795 2393 aut
2825 2339 3068 2393 ciborum
3103 2335 3400 2404 indigentia
3431 2349 3606 2402 aegro-

320 2426 489 2494 πρύς
511 2429 722 2494 φιλίαν
745 2430 840 2482 καὶ
867 2430 1043 2497 χάριν
1066 2431 1103 2497 ἢ
1129 2433 1369 2498 μόσχος
1400 2432 1517 2484 ἀπὸ
1535 2432 1764 2501 φάτνης
1774 2451 1889 2502 μετ.

2035 2445 2108 2491 tet
2137 2439 2323 2488 anima
2358 2442 2564 2496 nostra,
2594 2441 2688 2486 aut
2715 2432 2862 2484 fame
2915 2429 3062 2482 verbi
3099 2425 3310 2480 Domini
3354 2425 3463 2478 Deo
3491 2438 3604 2478 mo-

318 2516 592 2583 ἐχθρας·
645 2515 905 2581 πολλάκις
954 2519 1084 2585 γοῦν
1115 2519 1493 2590 ἀπεδεξάμεθα
1531 2522 1804 2592 ἰδιωτικὴν
1831 2541 1887 2576 κο

2032 2528 2258 2592 riamur,
2283 2532 2464 2578 vivum
2497 2539 2688 2592 panem
2714 2522 2804 2590 qui
2833 2521 2974 2574 idem
3007 2529 3089 2571 est
3118 2534 3181 2572 ac
3201 2517 3600 2583 substantialis,

322 2606 718 2677 ἁπλουστέραν
746 2609 883 2677 μετὰ
906 2610 962 2660 εὐ
973 2611 1312 2681 συνειδησίας
1337 2612 1574 2665 ἑστίασιν
1595 2612 1891 2684 ξενιζόμενι

2035 2617 2294 2683 magistro
2325 2614 2605 2668 Servatori
2656 2620 2844 2666 nostro
2878 2613 3248 2678 obsequentes
3271 2650 3285 2674 ,
3320 2607 3604 2663 credentes

323 2695 492 2766 παρὰ.
519 2700 631 2760 τοῖς
662 2699 770 2768 (Μ)
799 2699 958 2754 πλέον
990 2704 1121 2772 ἡμῖν
1153 2706 1455 2773 παρασχεῖν
1484 2703 1556 2774 μὴ
1580 2703 1892 2774 δυναμένοις

2034 2707 2354 2776 rectiusque
2392 2707 2639 2759 viventes
2669 2721 2696 2758 a
2749 2703 2910 2758 Patre
2945 2702 3299 2772 postulemus.
3323 2699 3440 2755 Jam
3475 2716 3603 2756 vero

320 2785 480 2855 ἥπερ
510 2786 682 2854 λόγων
706 2788 836 2858 ὕψος
859 2793 1229 2862 ἐπαιρομένων
1261 2793 1400 2846 κατὰ
1421 2793 1518 2862 τῆς
1548 2793 1797 2862 γνώσεως
1827 2813 1887 2848 το

2035 2794 2447 2863 intelligendum
2478 2803 2563 2848 est
2587 2794 2716 2862 quid
2745 2794 3014 2862 signiﬁcet
3038 2807 3138 2845 vox
3157 2791 3453 2856 ὲπιούσιος,
3486 2795 3604 2844 sub-

318 2875 490 2940 Θεοῦ,
523 2878 662 2947 μετὰ
688 2881 886 2952 πολλῆς
916 2883 1267 2954 πιθανότητος
1294 2885 1573 2956 ἀλλότριον
1608 2887 1887 2956 καταγγέλ

2029 2887 2312 2941 stantialis.
2349 2885 2427 2940 Ac
2462 2886 2693 2955 primum
2722 2885 2946 2954 quidem
2986 2885 3266 2938 sciendmn
3299 2893 3382 2937 est
3413 2897 3598 2937 vocem

319 2975 416 3022 λον
448 2967 545 3020 τοῦ
579 2969 669 3024 τὸν
699 2971 864 3042 νόμον
895 2973 1004 3043 (15)
1037 2975 1130 3028 καὶ
1162 2977 1287 3038 τοὺς
1311 2978 1594 3048 προφήτας
1628 2978 1888 3043 δεδωκότο

2029 2976 2201 3041 iﬂam,
2255 2976 2552 3040 ἐπιούσιον,
2585 2975 3006 3040 substantialem,
3045 2989 3073 3026 a
3111 2975 3255 3027 nullo
3286 2973 3598 3028 Graecorum

321 3057 547 3128 Πατρὸς
577 3060 670 3112 τοῦ
703 3063 910 3133 Κυρίου
945 3063 1100 3134 ἡμῶν
1147 3064 1319 3135 Ἰησοῦ
1355 3065 1548 3136 δόγμα.
1591 3069 1705 3120 Ἵνα
1737 3069 1890 3122 τοίνυι

2081 3077 2115 3120 ιι
2145 3067 2455 3136 sapientum
2488 3067 2762 3134 usurpari,
2820 3081 2996 3134 neque
3030 3065 3175 3134 vulgi
3215 3080 3334 3119 esse
3368 3079 3600 3120 consue-
3638 3049 3650 3059 ’

324 3123 474 3217 μήτε
501 3149 566 3202 δι’
597 3123 806 3205 ἔνδειαν
830 3123 1046 3225 τροφῶν
1079 3154 1176 3225 τὴν
1201 3123 1379 3228 ξιυχὴν
1406 3123 1742 3230 νοσήσωμεν,
1776 3163 1893 3232 μήτε

2030 3158 2210 3211 tudine
2239 3159 2458 3223 tritam;
2489 3158 2585 3212 sed
2617 3158 2688 3211 ab
2716 3156 2880 3227 246
2925 3156 3274 3227 evangelistis
3303 3155 3482 3210 ﬁctam
3517 3157 3599 3210 vi-

324 3240 418 3290 διὰ
467 3239 625 3310 λιμὸν
652 3243 813 3312 λόγου
866 3247 1070 3317 Κυρίου
1116 3247 1194 3318 τῷ
1226 3247 1342 3320 Θεῷ
1376 3250 1736 3322 ἀποθάνωμεν
1760 3292 1775 3317 ,
1823 3253 1893 3305 τὸς

2025 3249 2156 3302 deri.
2191 3248 2247 3301 ln
2279 3264 2340 3302 ea
2372 3258 2424 3301 et
2457 3248 2744 3302 Mattbaeus
2777 3258 2829 3302 et
2855 3248 3035 3302 Lucas
3081 3249 3411 3301 conveniunt
3441 3262 3594 3302 eam-

327 3328 515 3392 ζῶντα
546 3331 706 3402 ἄρτον
728 3373 742 3396 ,
776 3335 920 3397 ὅστις
953 3338 980 3388 ὁ
1009 3337 1172 3399 αὑτός
1201 3340 1318 3390 ἐστι
1343 3338 1418 3409 τῷ
1457 3341 1743 3411 ὲπιουσίῳ,
1794 3358 1896 3395 πει-

2024 3357 2123 3410 que
2157 3340 2304 3395 nullo
2339 3340 2654 3394 discrimine
2681 3338 2934 3404 eﬁ'erunt.
2971 3339 3161 3393 Simile
3189 3349 3243 3392 et
3273 3340 3326 3392 in
3370 3338 3486 3391 aliis
3513 3338 3593 3394 fe-

324 3418 552 3490 θόμενοι
577 3422 653 3493 τῷ
678 3423 979 3498 διδασκάλῳ
1005 3429 1217 3499 Σωτῆρι
1237 3430 1415 3501 ἡμῶν,
1445 3433 1792 3497 πιστεύοντες
1817 3435 1893 3487 κα¹

2021 3443 2208 3486 eerunt
2237 3433 2332 3501 qui
2378 3440 2503 3486 sunt
2553 3431 2820 3486 llebraica
2868 3430 3238 3498 interpretati.
3285 3430 3419 3496 Quis
3447 3431 3590 3484 enim

321 3514 571 3585 βιοῦντες
600 3517 947 3590 δεξιώτερον,
985 3521 1224 3592 αἰτῶμεν
1255 3523 1406 3594 παρὰ
1450 3524 1542 3576 τοῦ
1579 3526 1811 3596 Πατρός.
1845 3529 1887 3579 Τ

2024 3523 2330 3577 Grrccornm
2384 3539 2625 3586 unquam
2678 3538 2809 3576 voce
2850 3523 3105 3586 ὲνωτίζου
3140 3538 3269 3574 usus
3324 3533 3448 3584 est,
3497 3530 3593 3574 aut

319 3607 378 3660 δὲ
413 3610 510 3661 καὶ
549 3610 610 3662 τὸ
648 3610 962 3665 ἐπιούσιον
1003 3614 1102 3684 ἤδη
1154 3615 1530 3685 κατανοητέον.
1583 3617 1806 3688 Πρῶτον
1852 3619 1888 3670 δὲ

2024 3613 2367 3683 ἀκουτίσθητι
2394 3653 2409 3677 ,
2461 3629 2558 3680 pro
2597 3614 2814 3666 auribus
2847 3613 3069 3681 percipe,
3123 3621 3215 3664 aut
3247 3611 3435 3664 audire
3467 3609 3593 3679 fac?

320 3697 465 3750 τοῦτ’
487 3699 660 3755 ἰστέον
685 3742 699 3766 ,
735 3703 816 3754 ὅτι
849 3705 881 3772 ὴ
910 3702 1054 3767 λέξις
1086 3706 1118 3774 ἡ
1144 3744 1158 3769 ,
1184 3703 1514 3758 ¹ἐπιούσιον⁴
1532 3746 1547 3770 ,
1580 3710 1709 3778 παρ’
1735 3709 1889 3761 οὐδεν

2022 3703 2210 3757 Simile
2261 3705 2525 3773 ἐπιουσίῳ
2562 3703 2878 3757 vocabulum
2923 3718 2951 3754 a
3003 3702 3185 3770 Moyse
3213 3701 3472 3769 scriptum
3508 3711 3591 3755 est

318 3788 429 3844 τῶν
473 3791 740 3863 Ἑλλήνων
769 3784 892 3847 οὔτε
933 3789 1042 3849 τῶν
1087 3797 1267 3865 σοφῶν
1298 3792 1647 3867 ὠνόμασται,
1693 3799 1817 3852 οὔτε
1850 3802 1887 3853 ἐκ

2016 3809 2044 3847 a
2075 3794 2185 3848 Deo
2221 3796 2459 3847 dictum:
2501 3792 2605 3846 Vos
2629 3794 2779 3846 eritis
2811 3792 2938 3845 mihi
2978 3790 3203 3861 populus
3245 3790 3585 3861 περιούσιος,

317 3883 384 3952 τῇ
419 3882 534 3937 τῶν
571 3884 797 3940 ἰδιωτῶν
832 3887 1090 3958 συνηθείᾳ
1123 3889 1440 3960 τέτριπται,
1484 3891 1597 3943 ἀλλ’
1629 3892 1772 3945 ἔοικε
1811 3911 1886 3946 πε·

2018 3887 2292 3953 peculiaris
2322 3889 2387 3939 ⁸⁸.
2422 3887 2500 3941 Ac
2525 3887 2742 3939 videtur
2767 3885 2998 3954 utraque
3029 3901 3129 3939 vox
3161 3885 3228 3939 ab
3254 3885 3431 3950 οὐσία,
3459 3888 3587 3940 sub-

317 3973 561 4028 πλάσοαι
591 3978 695 4030 ὑπὸ
733 3979 837 4033 τῶν
869 3980 1290 4047 εὐαγγελιστῶν.
1325 3983 1735 4054 Συνηνέχθησαν
1775 3985 1886 4053 γοῦπ

2014 3972 2239 4042 Stantia,
2278 3978 2562 4033 etl'ormata
2593 3993 2744 4032 esse:
2776 3977 2865 4028 illa
2900 3988 2957 4029 ut
2990 3991 3184 4043 panem
3216 3978 3476 4033 ostendat
3492 3979 3583 4047 qui

317 4065 346 4116 ὁ
378 4065 664 4130 Matinio;
693 4068 787 4119 καὶ
829 4071 856 4120 ὁ
887 4071 1103 4132 Λουκᾶς
1128 4070 1254 4140 περὶ
1281 4071 1452 4140 αὐτῆς
1498 4072 1760 4142 μηδαμῶς
1789 4074 1886 4127 δια·

2015 4070 2064 4123 in
2095 4071 2452 4124 substantiam
2475 4081 2714 4126 nostram
2747 4079 3135 4135 convertatur;
3165 4070 3300 4132 lucc,
3330 4078 3390 4122 ut
3415 4084 3584 4138 popu-

317 4156 597 4229 φερούσης
635 4159 768 4230 (16),
793 4160 961 4230 αὐτὴν
1007 4161 1403 4231 ἐξενηνοχότες.
1435 4162 1508 4214 Τὸ
1529 4165 1710 4232 ὅμοιον
1732 4164 1786 4216 δὲ
1814 4167 1886 4218 κα¹

2088 4179 2119 4215 n
2158 4163 2432 4232 signiﬁcet
2463 4164 2555 4232 qui
2590 4164 2735 4216 circa
2771 4161 3127 4215 substantiam
3158 4169 3402 4214 versetur
3425 4162 3584 4228 eique
3653 4146 3657 4150 “

317 4246 404 4299 ἐπ’
427 4247 608 4302 ἄλλων
641 4250 688 4300 οἱ
722 4249 1113 4318 ἑρμηνεύοντες
1138 4250 1206 4303 τὰ
1251 4250 1514 4322 Ἑϐραϊκὰ
1556 4254 1880 4324 πεποιήκασι

2012 4253 2396 4308 communicet.
2437 4253 2515 4305 Ac
2553 4265 2616 4305 ea
2668 4250 2884 4318 quidem
2934 4263 3054 4317 quae
3105 4247 3324 4316 preprie
3374 4249 3581 4301 dicitur

318 4337 414 4402 Τίς
448 4339 562 4410 γάρ
620 4357 749 4393 ποτε
794 4341 1062 4412 Ἑλλήνων
1111 4345 1384 4416 ἐχρήσατο
1434 4347 1537 4415 τῇ,
1609 4346 1880 4406 ἐνωτίζου

2011 4343 2314 4398 substantia
2345 4343 2415 4396 ab
2448 4343 2515 4396 iis
2541 4342 2632 4411 qui
2664 4342 2993 4411 praicipuam
3026 4355 3146 4394 esse
3173 4341 3359 4394 dicunt
3401 4357 3580 4396 rerum

317 4432 697 4534 προσηγορίᾳ,
732 4433 764 4504 ἢ
821 4437 889 4504 τῇ
912 4475 924 4498 ,
957 4436 1352 4504 ἀκουτίσϐητι
1379 4476 1392 4500 ,
1441 4438 1562 4490 ἀντὶ
1592 4437 1685 4490 τοῦ
1719 4441 1804 4505 εἰς
1831 4438 1886 4490 τὸ

2013 4436 2448 4505 incorporearum
2519 4430 2924 4487 subsistentiam
2955 4471 2968 4494 ,
3021 4430 3188 4500 penes
3257 4431 3579 4500 incorporea

317 4515 439 4574 ὦτα
475 4521 642 4586 δέξαι
666 4565 680 4588 ,
717 4526 809 4577 καὶ
847 4527 1105 4580 ἀκοῦσαι
1137 4529 1325 4595 ποιεῖς
1363 4527 1506 4600 (i7);
1555 4530 1788 4600 Ἰσομοία
1827 4531 1886 4599 τῇ

2007 4541 2128 4581 esse
2155 4536 2380 4596 putatur
2416 4539 2535 4594 quae
2562 4539 2718 4578 suum
2747 4539 2870 4578 esse
2903 4523 3071 4578 ﬁxum
3107 4525 3328 4589 habent,
3356 4540 3456 4580 nec
3479 4526 3575 4581 ad-

321 4609 610 4679 ἐπιουσίῳ
633 4616 968 4686 προσηγορία
990 4618 1105 4670 ἐστὶ
1127 4619 1274 4690 παρὰ
1295 4621 1500 4691 Μωῦσῇ
1518 4621 1890 4693 γεγραμμένη,

2007 4619 2296 4689 jectionem
2325 4620 2566 4688 capiunt,
2600 4617 3087 4672 diminutionemve
3127 4619 3442 4686 patiuntur;
3475 4619 3576 4673 hoc

324 4697 428 4752 ὑπὸ
474 4702 606 4755 Θεοῦ
670 4705 932 4776 εἰρημένη
956 4723 969 4736 ·
1030 4707 1225 4775 Ὑμεῖς
1272 4708 1341 4760 δὲ
1379 4708 1597 4764 ἔσεσθέ
1620 4727 1722 4777 μοι
1752 4710 1893 4776 λαὸς

2008 4710 2151 4763 enim
2196 4724 2482 4777 corporum
2519 4709 2796 4779 proprium
2825 4715 2925 4772 est,
2965 4707 3015 4759 in
3051 4709 3246 4774 quilms
3290 4717 3345 4762 et
3391 4709 3565 4762 incre-

329 4793 686 4860 περιούσιος.
723 4797 831 4848 Καὶ
859 4796 1004 4849 δοκεῖ
1053 4815 1140 4868 μοι
1175 4799 1410 4870 ἑκατέρα
1443 4800 1587 4866 λέξις
1622 4801 1770 4872 παρὰ
1801 4801 1898 4872 τὴν

2007 4810 2248 4854 mentum
2282 4811 2365 4855 est
2398 4810 2451 4855 et
2491 4801 2788 4868 corruptio,
2829 4815 2950 4853 cum
2983 4797 3124 4851 ﬂuxa
3181 4799 3290 4852 sint
3316 4842 3330 4865 ,
3382 4807 3565 4867 utpote

329 4881 548 4936 οὐσίαν
563 4886 908 4956 πεποιῆσθαι·
932 4890 964 4958 ἡ
986 4889 1082 4958 μὲν
1110 4890 1200 4942 τὸν
1222 4892 1300 4952 εἰς
1323 4890 1419 4962 τὴν
1439 4891 1626 4945 οὐσίαν
1654 4893 1894 4962 συμϐαλ-

2005 4893 2231 4947 alterius
2263 4893 2444 4962 indiga
2497 4894 2638 4960 quod
2671 4892 2982 4961 ingrediens
3008 4891 3274 4946 suffulciat
3313 4900 3368 4944 et
3419 4891 3567 4954 alat;

330 4967 548 5040 λόμενον
570 4975 728 5046 ἄρτον
751 4975 985 5048 δηλοῦσα
1018 4979 1147 5050 (18),
1179 4982 1211 5049 ἡ
1238 4979 1294 5032 δὲ
1319 4981 1407 5034 τὸν
1438 4982 1564 5051 περὶ
1592 4981 1689 5053 τὴν
1712 4983 1897 5038 οὐσίαν

2005 4983 2145 5052 quod
2181 4983 2422 5052 quidem,
2458 4983 2500 5037 si
2531 4985 2749 5053 quando
2782 4985 3018 5054 amplius
3051 4999 3118 5038 eo
3150 4984 3294 5053 quod
3340 4979 3567 5046 ellluxit,

398 5081 444 5113 ’⁵⁸
476 5083 630 5138 Prov.
663 5101 755 5149 xv,
787 5087 870 5141 l7.
947 5089 990 5120 "
1025 5089 1200 5144 Exod.
1247 5106 1336 5144 XIX
1358 5131 1374 5156 ,
1406 5091 1458 5145 5.

401 5198 514 5280 (tl)
547 5199 726 5280 (‘._odex
759 5217 860 5256 ms.
902 5214 1068 5268 recte,
1101 5202 1253 5276 παρὰ
1286 5207 1400 5266 τοῖς
1422 5246 1436 5270 ,
1499 5204 1663 5259 editio
1696 5205 1893 5274 Oxon.,

1644 5221 1663 5259 3
1696 5205 1893 5274 Oxon.,
2077 5206 2187 5280 (Π)
2211 5205 2421 5280 ῌοιεῖς.
2455 5204 2746 5280 Lg‘gecnm
2771 5207 3028 5272 Bentleio,
3055 5205 3213 5261 ποίει.

325 5271 620 5345 παρά-τοῦ.
786 5341 796 5345 _
825 5344 830 5345 γ
1065 5343 1087 5345 ν
1158 5271 1195 5345 γ’
1598 5342 1609 5345 _
1650 5340 1660 5345 _
1747 5344 1754 5345 ί
1882 5271 1889 5274 ’
2076 5271 2190 5343 (18)
2228 5277 2297 5330 Ἢ
2310 5276 2427 5343 μὲν
2452 5271 2559 5328 to);
2577 5278 2664 5342 εἰς
2690 5277 2805 5345 τὴν
2831 5271 3050 5332 οὐσίαν
3067 5275 3568 5345 συμϐαλλόμενον

396 5340 506 5407 (⁷15)
531 5341 955 5416 Καταγγέλλον
985 5343 1090 5416 τοῦ
1110 5344 1216 5416 τὸν
1236 5346 1442 5416 νόμον.
1464 5340 1734 5416 Bentleius
1747 5344 1896 5414 legit,

2000 5340 2188 5415 ἄρτον
2215 5340 2512 5413 δηλοῦσα.
2543 5340 2676 5400 Sunt
2704 5340 2830 5401 vero
2851 5349 2939 5416 qui
2967 5365 3095 5399 voce
3119 5340 3393 5407 ἐπιούσιος
3419 5347 3565 5416 nullo

327 5411 798 5483 καταγγελλὸντων
826 5413 921 5464 τοῦ
950 5413 1040 5466 τὸν
1072 5414 1254 5482 νόμον,
1287 5411 1381 5468 sed
1414 5414 1778 5482 καταγγέλλον
1813 5411 1896 5467 Το-

2007 5411 2167 5471 modo
2196 5411 2595 5469 substantialem
2627 5433 2814 5483 panem
2853 5411 3025 5469 notari
3060 5425 3268 5483 putant,
3296 5416 3387 5466 sed
3418 5414 3564 5468 illam

331 5481 482 5554 tineri
548 5491 765 5550 potest,
836 5484 995 5537 modo
1049 5481 1320 5537 referatur
1369 5483 1434 5536 ad
1482 5481 1796 5552 praecedens
1838 5485 1898 5537 τὸ
2007 5488 2187 5554 potius
2217 5487 2282 5539 ab
2305 5487 2397 5538 ἐπὶ
2421 5496 2481 5545 et
2517 5481 2647 5548 ἰὼν,
2686 5486 2897 5554 ἰούσης,
2934 5481 3169 5554 derivari
3207 5485 3560 5554 contemlunt.

327 5545 474 5618 ὕψος.
549 5545 563 5550 ⁷
750 5545 759 5549 ⁷
1482 5545 1496 5552 ’

2005 5545 2204 5610 Eadem
2229 5557 2369 5608 enim
2384 5545 2760 5622 analogiaqua
2782 5545 3035 5624 dicimus.
3055 5553 3250 5624 γέρων,
3275 5551 3562 5624 γερούσης,

398 5620 972 5696 μϐλΔιαφε-ρούσης,
1005 5621 1278 5677 Bentleius
1296 5620 1456 5696 legit1
1482 5619 1855 5696 διαφερόμενοι
1879 5665 1892 5688 ,
2003 5625 2301 5696 γερούσιος·
2322 5624 2496 5696 Λὲκὼν,
2523 5619 2774 5696 ἑκούσης,
2799 5621 3074 5696 ἑκούσιοςο
3105 5619 3566 5696 ἐθέλωνςὲθελού-

328 5687 437 5741 ἀλλ’
470 5687 662 5764 αὑτῄνξ
700 5687 817 5764 ἢ]οκ
862 5687 1028 5747 code!
1060 5709 1163 5764 ms.
1188 5733 1202 5757 ,
1253 5691 1321 5764 τά
1362 5687 1893 5764 Ἕὸραῗῖκὰπέποιήέ

2005 5687 2122 5764 σης,
2151 5694 2470 5756 ἐθελούσιος,
2493 5705 2622 5757 etc.,
2643 5687 2744 5764 dici
2775 5691 2939 5764 etiam
2971 5703 3168 5760 potest,
3196 5693 3310 5758 ἰὼν,
3339 5692 3520 5759 ἰούσης
3545 5729 3560 5754 ,

331 5772 470 5822 κασι,
503 5756 673 5818 editio
705 5760 907 5827 Oxon.,
933 5765 1001 5817 τὰ
1046 5756 1310 5836 Ἑϐραϊκὰ
1339 5756 1702 5829 πεπονήκασι.
1848 5756 1859 5762 ’

2003 5756 2217 5826 ιοῦσιος.
2253 5764 2451 5834 Ἀρτος
2496 5756 2625 5832 ergo
2671 5756 3084 5820 ὲπιούσιοςεει
3139 5756 3566 5833 τιαηὶεδιιρειυε-
