  <div class='ocr_page' id='page_1' title='image "/cluster/home/n/w/nwhite01/storage/ocr_20150623/11/mdp.39015013266690/269.png"; bbox 0 0 3974 6160; ppageno 0'>
   <div class='ocr_carea' id='block_1_1' title="bbox 406 277 504 332">
    <p class='ocr_par' dir='ltr' id='par_1_1' title="bbox 406 277 504 332">
     <span class='ocr_line' id='line_1_1' title="bbox 406 277 504 332; baseline -0.01 0"><span class='ocrx_word' id='word_1_1' title='bbox 406 277 504 332; x_wconf 72' lang='grc' dir='ltr'>συ</span> 
     </span>
    </p>
   </div>
   <div class='ocr_carea' id='block_1_2' title="bbox 1862 273 2188 331">
    <p class='ocr_par' dir='ltr' id='par_1_2' title="bbox 1862 273 2188 331">
     <span class='ocr_line' id='line_1_2' title="bbox 1862 273 2188 331; baseline -0.006 0"><span class='ocrx_word' id='word_1_2' title='bbox 1862 273 2188 331; x_wconf 74' lang='lat' dir='ltr'><strong>OBIGENIS</strong></span> 
     </span>
    </p>
   </div>
   <div class='ocr_carea' id='block_1_3' title="bbox 3563 278 3673 332">
    <p class='ocr_par' dir='ltr' id='par_1_3' title="bbox 3563 278 3673 332">
     <span class='ocr_line' id='line_1_3' title="bbox 3563 278 3673 332; baseline 0 0"><span class='ocrx_word' id='word_1_3' title='bbox 3563 278 3673 332; x_wconf 72' lang='lat'><strong>512</strong></span> 
     </span>
    </p>
   </div>
   <div class='ocr_carea' id='block_1_4' title="bbox 407 394 1976 467">
    <p class='ocr_par' dir='ltr' id='par_1_4' title="bbox 407 396 1976 464">
     <span class='ocr_line' id='line_1_4' title="bbox 407 396 1976 464; baseline 0.001 -13"><span class='ocrx_word' id='word_1_4' title='bbox 407 399 654 464; x_wconf 76' lang='lat' dir='ltr'><strong>accedat,</strong></span> <span class='ocrx_word' id='word_1_5' title='bbox 694 399 1101 454; x_wconf 74' lang='lat' dir='ltr'><strong>incrementum</strong></span> <span class='ocrx_word' id='word_1_6' title='bbox 1154 399 1255 463; x_wconf 81' lang='lat' dir='ltr'><strong>ﬁt;</strong></span> <span class='ocrx_word' id='word_1_7' title='bbox 1310 397 1393 452; x_wconf 87' lang='lat' dir='ltr'><strong>sin</strong></span> <span class='ocrx_word' id='word_1_8' title='bbox 1445 396 1649 461; x_wconf 90' lang='lat' dir='ltr'><strong>minus,</strong></span> <span class='ocrx_word' id='word_1_9' title='bbox 1679 397 1976 452; x_wconf 69' lang='lat' dir='ltr'><strong>diminutio</strong></span> 
     </span>
    </p>
   </div>
   <div class='ocr_carea' id='block_1_5' title="bbox 2086 394 3673 467">
    <p class='ocr_par' dir='ltr' id='par_1_5' title="bbox 2092 394 3673 467">
     <span class='ocr_line' id='line_1_5' title="bbox 2092 394 3673 467; baseline 0 -20"><span class='ocrx_word' id='word_1_10' title='bbox 2092 396 2514 467; x_wconf 88' lang='grc' dir='ltr'>καταγινόμενον</span> <span class='ocrx_word' id='word_1_11' title='bbox 2547 396 2708 460; x_wconf 81' lang='grc' dir='ltr'>λαὸν,</span> <span class='ocrx_word' id='word_1_12' title='bbox 2739 397 2834 450; x_wconf 75' lang='grc' dir='ltr'><strong>καὶ</strong></span> <span class='ocrx_word' id='word_1_13' title='bbox 2865 394 3225 449; x_wconf 79' lang='grc' dir='ltr'><strong>κοινωνοῦντα</strong></span> <span class='ocrx_word' id='word_1_14' title='bbox 3256 395 3414 466; x_wconf 80' lang='grc' dir='ltr'>αὐτῇ,</span> <span class='ocrx_word' id='word_1_15' title='bbox 3466 400 3673 467; x_wconf 78' lang='grc' dir='ltr'>σημαί-</span> 
     </span>
    </p>
   </div>
   <div class='ocr_carea' id='block_1_6' title="bbox 408 488 1981 559">
    <p class='ocr_par' dir='ltr' id='par_1_6' title="bbox 408 488 1981 559">
     <span class='ocr_line' id='line_1_6' title="bbox 408 488 1981 559; baseline -0.003 -13"><span class='ocrx_word' id='word_1_16' title='bbox 408 491 574 546; x_wconf 83' lang='lat' dir='ltr'><strong>Forte</strong></span> <span class='ocrx_word' id='word_1_17' title='bbox 597 493 763 546; x_wconf 87' lang='lat' dir='ltr'><strong>etiam</strong></span> <span class='ocrx_word' id='word_1_18' title='bbox 798 492 977 559; x_wconf 88' lang='lat' dir='ltr'><strong>aliqua</strong></span> <span class='ocrx_word' id='word_1_19' title='bbox 1009 492 1311 545; x_wconf 89' lang='lat' dir='ltr'><strong>immissum</strong></span> <span class='ocrx_word' id='word_1_20' title='bbox 1347 488 1483 542; x_wconf 84' lang='lat' dir='ltr'><strong>nihil</strong></span> <span class='ocrx_word' id='word_1_21' title='bbox 1506 489 1803 557; x_wconf 86' lang='lat' dir='ltr'><strong>accipiunt,</strong></span> <span class='ocrx_word' id='word_1_22' title='bbox 1842 498 1896 542; x_wconf 92' lang='lat' dir='ltr'><strong>et</strong></span> <span class='ocrx_word' id='word_1_23' title='bbox 1928 488 1981 541; x_wconf 92' lang='lat' dir='ltr'><strong>in</strong></span> 
     </span>
    </p>
   </div>
   <div class='ocr_carea' id='block_1_7' title="bbox 410 579 1980 644">
    <p class='ocr_par' dir='ltr' id='par_1_7' title="bbox 410 579 1980 644">
     <span class='ocr_line' id='line_1_7' title="bbox 410 579 1980 644; baseline -0.003 -10"><span class='ocrx_word' id='word_1_24' title='bbox 410 596 582 641; x_wconf 83' lang='lat' dir='ltr'><strong>mero.</strong></span> <span class='ocrx_word' id='word_1_25' title='bbox 622 590 681 636; x_wconf 87' lang='lat' dir='ltr'><strong>ut</strong></span> <span class='ocrx_word' id='word_1_26' title='bbox 716 582 786 635; x_wconf 86' lang='lat' dir='ltr'><strong>ita</strong></span> <span class='ocrx_word' id='word_1_27' title='bbox 819 583 995 634; x_wconf 88' lang='lat' dir='ltr'><strong>dicam</strong></span> <span class='ocrx_word' id='word_1_28' title='bbox 1026 620 1042 642; x_wconf 95' lang='lat'><strong>,</strong></span> <span class='ocrx_word' id='word_1_29' title='bbox 1091 590 1217 633; x_wconf 89' lang='lat' dir='ltr'><strong>sunt</strong></span> <span class='ocrx_word' id='word_1_30' title='bbox 1246 580 1618 634; x_wconf 86' lang='lat' dir='ltr'><strong>decremento.</strong></span> <span class='ocrx_word' id='word_1_31' title='bbox 1662 579 1764 632; x_wconf 82' lang='lat' dir='ltr'><strong>Alii</strong></span> <span class='ocrx_word' id='word_1_32' title='bbox 1794 621 1809 644; x_wconf 92' lang='lat'><strong>,</strong></span> <span class='ocrx_word' id='word_1_33' title='bbox 1859 594 1980 631; x_wconf 90' lang='lat' dir='ltr'><strong>cum</strong></span> 
     </span>
    </p>
   </div>
   <div class='ocr_carea' id='block_1_8' title="bbox 409 669 1979 738">
    <p class='ocr_par' dir='ltr' id='par_1_8' title="bbox 409 669 1979 738">
     <span class='ocr_line' id='line_1_8' title="bbox 409 669 1979 738; baseline -0.004 -14"><span class='ocrx_word' id='word_1_34' title='bbox 409 687 592 724; x_wconf 87' lang='lat' dir='ltr'><strong>rerum</strong></span> <span class='ocrx_word' id='word_1_35' title='bbox 646 672 1094 738; x_wconf 67' lang='lat' dir='ltr'><strong>incorporearum</strong></span> <span class='ocrx_word' id='word_1_36' title='bbox 1143 669 1506 723; x_wconf 89' lang='lat' dir='ltr'><strong>substantiam</strong></span> <span class='ocrx_word' id='word_1_37' title='bbox 1554 678 1979 736; x_wconf 89' lang='lat' dir='ltr'><strong>consequentem</strong></span> 
     </span>
    </p>
   </div>
   <div class='ocr_carea' id='block_1_9' title="bbox 413 760 1981 829">
    <p class='ocr_par' dir='ltr' id='par_1_9' title="bbox 413 760 1981 829">
     <span class='ocr_line' id='line_1_9' title="bbox 413 760 1981 829; baseline -0.002 -15"><span class='ocrx_word' id='word_1_38' title='bbox 413 771 623 815; x_wconf 87' lang='lat' dir='ltr'><strong>tantum</strong></span> <span class='ocrx_word' id='word_1_39' title='bbox 650 777 770 815; x_wconf 87' lang='lat' dir='ltr'><strong>esse</strong></span> <span class='ocrx_word' id='word_1_40' title='bbox 796 770 1005 829; x_wconf 88' lang='lat' dir='ltr'><strong>putent,</strong></span> <span class='ocrx_word' id='word_1_41' title='bbox 1038 760 1367 828; x_wconf 66' lang='lat' dir='ltr'><strong>praacipuam</strong></span> <span class='ocrx_word' id='word_1_42' title='bbox 1404 772 1533 811; x_wconf 87' lang='lat' dir='ltr'><strong>vero</strong></span> <span class='ocrx_word' id='word_1_43' title='bbox 1570 775 1751 812; x_wconf 87' lang='lat' dir='ltr'><strong>rerum</strong></span> <span class='ocrx_word' id='word_1_44' title='bbox 1782 774 1981 827; x_wconf 85' lang='lat' dir='ltr'><strong>corpo-</strong></span> 
     </span>
    </p>
   </div>
   <div class='ocr_carea' id='block_1_10' title="bbox 410 849 1979 917">
    <p class='ocr_par' dir='ltr' id='par_1_10' title="bbox 410 849 1979 917">
     <span class='ocr_line' id='line_1_10' title="bbox 410 849 1979 917; baseline -0.003 -12"><span class='ocrx_word' id='word_1_45' title='bbox 410 858 659 917; x_wconf 88' lang='lat' dir='ltr'><strong>rearu&#39;m;</strong></span> <span class='ocrx_word' id='word_1_46' title='bbox 694 851 774 905; x_wconf 80' lang='lat' dir='ltr'><strong>sic</strong></span> <span class='ocrx_word' id='word_1_47' title='bbox 803 851 947 904; x_wconf 87' lang='lat' dir='ltr'><strong>illam</strong></span> <span class='ocrx_word' id='word_1_48' title='bbox 977 850 1247 905; x_wconf 83' lang='lat' dir='ltr'><strong>deﬁniunt</strong></span> <span class='ocrx_word' id='word_1_49' title='bbox 1276 866 1290 903; x_wconf 90' lang='lat'><strong>:</strong></span> <span class='ocrx_word' id='word_1_50' title='bbox 1326 849 1648 902; x_wconf 87' lang='lat' dir='ltr'><strong>Substantia</strong></span> <span class='ocrx_word' id='word_1_51' title='bbox 1682 858 1769 903; x_wconf 91' lang='lat' dir='ltr'><strong>est</strong></span> <span class='ocrx_word' id='word_1_52' title='bbox 1808 849 1979 916; x_wconf 86' lang='lat' dir='ltr'><strong>prima</strong></span> 
     </span>
    </p>
   </div>
   <div class='ocr_carea' id='block_1_11' title="bbox 408 939 1980 1006">
    <p class='ocr_par' dir='ltr' id='par_1_11' title="bbox 408 939 1980 1006">
     <span class='ocr_line' id='line_1_11' title="bbox 408 939 1980 1006; baseline -0.003 -13"><span class='ocrx_word' id='word_1_53' title='bbox 408 954 593 995; x_wconf 88' lang='lat' dir='ltr'><strong>rerum</strong></span> <span class='ocrx_word' id='word_1_54' title='bbox 614 942 841 993; x_wconf 86' lang='lat' dir='ltr'><strong>materia</strong></span> <span class='ocrx_word' id='word_1_55' title='bbox 865 949 920 993; x_wconf 85' lang='lat' dir='ltr'><strong>et</strong></span> <span class='ocrx_word' id='word_1_56' title='bbox 936 955 1002 992; x_wconf 82' lang='lat' dir='ltr'><strong>ex</strong></span> <span class='ocrx_word' id='word_1_57' title='bbox 1020 955 1123 1006; x_wconf 90' lang='lat' dir='ltr'><strong>qua</strong></span> <span class='ocrx_word' id='word_1_58' title='bbox 1148 956 1237 992; x_wconf 88' lang='lat' dir='ltr'><strong>res</strong></span> <span class='ocrx_word' id='word_1_59' title='bbox 1254 948 1415 1003; x_wconf 89' lang='lat' dir='ltr'><strong>sunt;</strong></span> <span class='ocrx_word' id='word_1_60' title='bbox 1441 952 1732 1005; x_wconf 86' lang='lat' dir='ltr'><strong>corporum</strong></span> <span class='ocrx_word' id='word_1_61' title='bbox 1755 939 1980 990; x_wconf 82' lang='lat' dir='ltr'><strong>materia</strong></span> 
     </span>
    </p>
   </div>
   <div class='ocr_carea' id='block_1_12' title="bbox 407 1027 1980 1102">
    <p class='ocr_par' dir='ltr' id='par_1_12' title="bbox 407 1027 1980 1102">
     <span class='ocr_line' id='line_1_12' title="bbox 407 1027 1980 1102; baseline -0.002 -17"><span class='ocrx_word' id='word_1_62' title='bbox 407 1041 462 1086; x_wconf 89' lang='lat' dir='ltr'><strong>et</strong></span> <span class='ocrx_word' id='word_1_63' title='bbox 483 1047 547 1085; x_wconf 79' lang='lat' dir='ltr'><strong>cx</strong></span> <span class='ocrx_word' id='word_1_64' title='bbox 570 1047 675 1100; x_wconf 89' lang='lat' dir='ltr'><strong>qua</strong></span> <span class='ocrx_word' id='word_1_65' title='bbox 703 1048 933 1102; x_wconf 90' lang='lat' dir='ltr'><strong>corpora</strong></span> <span class='ocrx_word' id='word_1_66' title='bbox 960 1041 1117 1091; x_wconf 87' lang='lat' dir='ltr'><strong>sunt;</strong></span> <span class='ocrx_word' id='word_1_67' title='bbox 1141 1027 1331 1085; x_wconf 82' lang='lat' dir='ltr'><strong>eorum</strong></span> <span class='ocrx_word' id='word_1_68' title='bbox 1359 1030 1637 1098; x_wconf 86' lang='lat' dir='ltr'><strong>(materia)</strong></span> <span class='ocrx_word' id='word_1_69' title='bbox 1664 1045 1781 1098; x_wconf 71' lang='lat' dir='ltr'><strong>qua!</strong></span> <span class='ocrx_word' id='word_1_70' title='bbox 1811 1029 1980 1083; x_wconf 91' lang='lat' dir='ltr'><strong>nomi-</strong></span> 
     </span>
    </p>
   </div>
   <div class='ocr_carea' id='block_1_13' title="bbox 406 1122 1972 1191">
    <p class='ocr_par' dir='ltr' id='par_1_13' title="bbox 406 1122 1972 1191">
     <span class='ocr_line' id='line_1_13' title="bbox 406 1122 1972 1191; baseline -0.002 -15"><span class='ocrx_word' id='word_1_71' title='bbox 406 1132 609 1176; x_wconf 88' lang='lat' dir='ltr'><strong>nantur</strong></span> <span class='ocrx_word' id='word_1_72' title='bbox 630 1134 685 1177; x_wconf 91' lang='lat' dir='ltr'><strong>et</strong></span> <span class='ocrx_word' id='word_1_73' title='bbox 706 1138 776 1191; x_wconf 79' lang='lat' dir='ltr'><strong>ex</strong></span> <span class='ocrx_word' id='word_1_74' title='bbox 803 1139 905 1191; x_wconf 88' lang='lat' dir='ltr'><strong>qua</strong></span> <span class='ocrx_word' id='word_1_75' title='bbox 933 1132 1054 1177; x_wconf 90' lang='lat' dir='ltr'><strong>sunt</strong></span> <span class='ocrx_word' id='word_1_76' title='bbox 1080 1139 1197 1190; x_wconf 73' lang='lat' dir='ltr'><strong>quae</strong></span> <span class='ocrx_word' id='word_1_77' title='bbox 1218 1124 1586 1187; x_wconf 80' lang='lat' dir='ltr'><strong>nominantur;</strong></span> <span class='ocrx_word' id='word_1_78' title='bbox 1622 1131 1715 1173; x_wconf 89' lang='lat' dir='ltr'><strong>aut</strong></span> <span class='ocrx_word' id='word_1_79' title='bbox 1737 1122 1972 1187; x_wconf 90' lang='lat' dir='ltr'><strong>primum</strong></span> 
     </span>
    </p>
   </div>
   <div class='ocr_carea' id='block_1_14' title="bbox 405 1210 1979 1283">
    <p class='ocr_par' dir='ltr' id='par_1_14' title="bbox 405 1210 1979 1283">
     <span class='ocr_line' id='line_1_14' title="bbox 405 1210 1979 1283; baseline -0.001 -16"><span class='ocrx_word' id='word_1_80' title='bbox 405 1213 725 1278; x_wconf 89' lang='lat' dir='ltr'><strong>subsistens,</strong></span> <span class='ocrx_word' id='word_1_81' title='bbox 757 1215 1019 1283; x_wconf 88' lang='lat' dir='ltr'><strong>qualitate</strong></span> <span class='ocrx_word' id='word_1_82' title='bbox 1041 1228 1273 1280; x_wconf 85' lang='lat' dir='ltr'><strong>carens;</strong></span> <span class='ocrx_word' id='word_1_83' title='bbox 1322 1223 1414 1268; x_wconf 91' lang='lat' dir='ltr'><strong>aut</strong></span> <span class='ocrx_word' id='word_1_84' title='bbox 1461 1214 1604 1282; x_wconf 89' lang='lat' dir='ltr'><strong>quod</strong></span> <span class='ocrx_word' id='word_1_85' title='bbox 1648 1210 1979 1281; x_wconf 65' lang='lat' dir='ltr'><strong>praaexsistit</strong></span> 
     </span>
    </p>
   </div>
   <div class='ocr_carea' id='block_1_15' title="bbox 405 1304 1979 1374">
    <p class='ocr_par' dir='ltr' id='par_1_15' title="bbox 405 1304 1979 1374">
     <span class='ocr_line' id='line_1_15' title="bbox 405 1304 1979 1374; baseline -0.001 -16"><span class='ocrx_word' id='word_1_86' title='bbox 405 1305 611 1370; x_wconf 86' lang='lat' dir='ltr'><strong>rebus;</strong></span> <span class='ocrx_word' id='word_1_87' title='bbox 648 1306 733 1359; x_wconf 92' lang='lat' dir='ltr'><strong>vel</strong></span> <span class='ocrx_word' id='word_1_88' title='bbox 769 1306 912 1373; x_wconf 88' lang='lat' dir='ltr'><strong>quod</strong></span> <span class='ocrx_word' id='word_1_89' title='bbox 947 1321 1137 1360; x_wconf 88' lang='lat' dir='ltr'><strong>omnes</strong></span> <span class='ocrx_word' id='word_1_90' title='bbox 1163 1306 1355 1374; x_wconf 75' lang='lat' dir='ltr'><strong>recipit</strong></span> <span class='ocrx_word' id='word_1_91' title='bbox 1387 1305 1715 1359; x_wconf 86' lang='lat' dir='ltr'><strong>mutationes</strong></span> <span class='ocrx_word' id='word_1_92' title='bbox 1757 1312 1813 1357; x_wconf 92' lang='lat' dir='ltr'><strong>et</strong></span> <span class='ocrx_word' id='word_1_93' title='bbox 1842 1304 1979 1357; x_wconf 89' lang='lat' dir='ltr'><strong>alte-</strong></span> 
     </span>
    </p>
   </div>
   <div class='ocr_carea' id='block_1_16' title="bbox 404 1395 1979 1465">
    <p class='ocr_par' dir='ltr' id='par_1_16' title="bbox 404 1395 1979 1465">
     <span class='ocr_line' id='line_1_16' title="bbox 404 1395 1979 1465; baseline -0.001 -16"><span class='ocrx_word' id='word_1_94' title='bbox 404 1397 666 1461; x_wconf 90' lang='lat' dir='ltr'><strong>rationes,</strong></span> <span class='ocrx_word' id='word_1_95' title='bbox 710 1412 833 1451; x_wconf 91' lang='lat' dir='ltr'><strong>cum</strong></span> <span class='ocrx_word' id='word_1_96' title='bbox 869 1399 939 1451; x_wconf 85' lang='lat' dir='ltr'><strong>sit</strong></span> <span class='ocrx_word' id='word_1_97' title='bbox 964 1398 1137 1465; x_wconf 90' lang='lat' dir='ltr'><strong>ipsum</strong></span> <span class='ocrx_word' id='word_1_98' title='bbox 1174 1397 1498 1450; x_wconf 87' lang='lat' dir='ltr'><strong>invariabile</strong></span> <span class='ocrx_word' id='word_1_99' title='bbox 1522 1395 1678 1464; x_wconf 83' lang='lat' dir='ltr'><strong>juxta</strong></span> <span class='ocrx_word' id='word_1_100' title='bbox 1706 1396 1979 1465; x_wconf 82' lang='lat' dir='ltr'><strong>prOpriam</strong></span> 
     </span>
    </p>
   </div>
   <div class='ocr_carea' id='block_1_17' title="bbox 408 1486 1978 1555">
    <p class='ocr_par' dir='ltr' id='par_1_17' title="bbox 408 1486 1978 1555">
     <span class='ocr_line' id='line_1_17' title="bbox 408 1486 1978 1555; baseline -0.001 -17"><span class='ocrx_word' id='word_1_101' title='bbox 408 1486 716 1551; x_wconf 90' lang='lat' dir='ltr'><strong>rationem;</strong></span> <span class='ocrx_word' id='word_1_102' title='bbox 772 1496 869 1540; x_wconf 89' lang='lat' dir='ltr'><strong>aut</strong></span> <span class='ocrx_word' id='word_1_103' title='bbox 895 1489 1034 1555; x_wconf 90' lang='lat' dir='ltr'><strong>quod</strong></span> <span class='ocrx_word' id='word_1_104' title='bbox 1072 1488 1217 1543; x_wconf 87' lang='lat' dir='ltr'><strong>omni</strong></span> <span class='ocrx_word' id='word_1_105' title='bbox 1254 1487 1560 1541; x_wconf 83' lang='lat' dir='ltr'><strong>alterationi</strong></span> <span class='ocrx_word' id='word_1_106' title='bbox 1607 1497 1662 1541; x_wconf 91' lang='lat' dir='ltr'><strong>et</strong></span> <span class='ocrx_word' id='word_1_107' title='bbox 1694 1486 1978 1540; x_wconf 87' lang='lat' dir='ltr'><strong>mutationi</strong></span> 
     </span>
    </p>
   </div>
   <div class='ocr_carea' id='block_1_18' title="bbox 410 1574 1981 1645">
    <p class='ocr_par' dir='ltr' id='par_1_18' title="bbox 410 1574 1981 1645">
     <span class='ocr_line' id='line_1_18' title="bbox 410 1574 1981 1645; baseline 0 -16"><span class='ocrx_word' id='word_1_108' title='bbox 410 1574 684 1642; x_wconf 82' lang='lat' dir='ltr'><strong>subjacet.</strong></span> <span class='ocrx_word' id='word_1_109' title='bbox 720 1575 1032 1631; x_wconf 83' lang='lat' dir='ltr'><strong>Secundum</strong></span> <span class='ocrx_word' id='word_1_110' title='bbox 1066 1577 1165 1630; x_wconf 85' lang='lat' dir='ltr'><strong>hos</strong></span> <span class='ocrx_word' id='word_1_111' title='bbox 1200 1578 1502 1631; x_wconf 86' lang='lat' dir='ltr'><strong>substantia</strong></span> <span class='ocrx_word' id='word_1_112' title='bbox 1531 1588 1615 1632; x_wconf 87' lang='lat' dir='ltr'><strong>est</strong></span> <span class='ocrx_word' id='word_1_113' title='bbox 1647 1579 1765 1631; x_wconf 90' lang='lat' dir='ltr'><strong>sine</strong></span> <span class='ocrx_word' id='word_1_114' title='bbox 1805 1577 1981 1645; x_wconf 89' lang='lat' dir='ltr'><strong>quali-</strong></span> 
     </span>
    </p>
   </div>
   <div class='ocr_carea' id='block_1_19' title="bbox 405 1668 1978 1738">
    <p class='ocr_par' dir='ltr' id='par_1_19' title="bbox 405 1668 1978 1738">
     <span class='ocr_line' id='line_1_19' title="bbox 405 1668 1978 1738; baseline -0.001 -18"><span class='ocrx_word' id='word_1_115' title='bbox 405 1675 540 1731; x_wconf 87' lang='lat' dir='ltr'><strong>tate,</strong></span> <span class='ocrx_word' id='word_1_116' title='bbox 574 1668 695 1721; x_wconf 88' lang='lat' dir='ltr'><strong>sine</strong></span> <span class='ocrx_word' id='word_1_117' title='bbox 743 1670 912 1737; x_wconf 81' lang='lat' dir='ltr'><strong>ﬁgura</strong></span> <span class='ocrx_word' id='word_1_118' title='bbox 958 1669 1111 1737; x_wconf 84' lang='lat' dir='ltr'><strong>juxta</strong></span> <span class='ocrx_word' id='word_1_119' title='bbox 1144 1670 1423 1738; x_wconf 87' lang='lat' dir='ltr'><strong>propriam</strong></span> <span class='ocrx_word' id='word_1_120' title='bbox 1470 1684 1623 1722; x_wconf 89' lang='lat' dir='ltr'><strong>suam</strong></span> <span class='ocrx_word' id='word_1_121' title='bbox 1677 1669 1978 1731; x_wconf 89' lang='lat' dir='ltr'><strong>rationem;</strong></span> 
     </span>
    </p>
   </div>
   <div class='ocr_carea' id='block_1_20' title="bbox 2091 487 3675 560">
    <p class='ocr_par' dir='ltr' id='par_1_20' title="bbox 2091 487 3675 560">
     <span class='ocr_line' id='line_1_20' title="bbox 2091 487 3675 560; baseline -0.001 -19"><span class='ocrx_word' id='word_1_122' title='bbox 2091 506 2275 541; x_wconf 86' lang='grc' dir='ltr'>νουσα.</span> <span class='ocrx_word' id='word_1_123' title='bbox 2320 490 2383 541; x_wconf 83' lang='grc' dir='ltr'>Ἡ</span> <span class='ocrx_word' id='word_1_124' title='bbox 2421 488 2604 559; x_wconf 88' lang='grc' dir='ltr'>μέντοι</span> <span class='ocrx_word' id='word_1_125' title='bbox 2635 488 2837 560; x_wconf 84' lang='grc' dir='ltr'>κυρίως</span> <span class='ocrx_word' id='word_1_126' title='bbox 2863 489 3019 540; x_wconf 88' lang='grc' dir='ltr'>οὐσία</span> <span class='ocrx_word' id='word_1_127' title='bbox 3044 490 3152 550; x_wconf 88' lang='grc' dir='ltr'>τοῖς</span> <span class='ocrx_word' id='word_1_128' title='bbox 3199 487 3298 557; x_wconf 83' lang='grc' dir='ltr'><strong>μὲν</strong></span> <span class='ocrx_word' id='word_1_129' title='bbox 3324 489 3675 559; x_wconf 67' lang='grc' dir='ltr'>προηγουμέ-</span> 
     </span>
    </p>
   </div>
   <div class='ocr_carea' id='block_1_21' title="bbox 2089 574 3669 650">
    <p class='ocr_par' dir='ltr' id='par_1_21' title="bbox 2089 574 3669 650">
     <span class='ocr_line' id='line_1_21' title="bbox 2089 574 3669 650; baseline 0 -17"><span class='ocrx_word' id='word_1_130' title='bbox 2089 598 2186 648; x_wconf 86' lang='grc' dir='ltr'><strong>νην</strong></span> <span class='ocrx_word' id='word_1_131' title='bbox 2209 579 2319 650; x_wconf 84' lang='lat' dir='ltr'><strong>(l9)</strong></span> <span class='ocrx_word' id='word_1_132' title='bbox 2339 579 2436 650; x_wconf 84' lang='grc' dir='ltr'>τὴν</span> <span class='ocrx_word' id='word_1_133' title='bbox 2458 580 2565 632; x_wconf 85' lang='grc' dir='ltr'><strong>τῶν</strong></span> <span class='ocrx_word' id='word_1_134' title='bbox 2581 579 2887 648; x_wconf 84' lang='grc' dir='ltr'>ἀσωμάτων</span> <span class='ocrx_word' id='word_1_135' title='bbox 2909 578 3203 631; x_wconf 77' lang='grc' dir='ltr'><strong>ὑπόστασιν</strong></span> <span class='ocrx_word' id='word_1_136' title='bbox 3224 574 3361 631; x_wconf 81' lang='grc' dir='ltr'>εἶναι</span> <span class='ocrx_word' id='word_1_137' title='bbox 3379 580 3669 647; x_wconf 79' lang='grc' dir='ltr'><strong>φάσκουσι,</strong></span> 
     </span>
    </p>
   </div>
   <div class='ocr_carea' id='block_1_22' title="bbox 2088 663 3668 739">
    <p class='ocr_par' dir='ltr' id='par_1_22' title="bbox 2088 663 3668 739">
     <span class='ocr_line' id='line_1_22' title="bbox 2088 663 3668 739; baseline 0 -16"><span class='ocrx_word' id='word_1_138' title='bbox 2088 669 2397 739; x_wconf 85' lang='grc' dir='ltr'>νενόμισται</span> <span class='ocrx_word' id='word_1_139' title='bbox 2424 669 2561 721; x_wconf 85' lang='grc' dir='ltr'><strong>κατὰ</strong></span> <span class='ocrx_word' id='word_1_140' title='bbox 2587 668 2653 719; x_wconf 84' lang='grc' dir='ltr'>τὰ</span> <span class='ocrx_word' id='word_1_141' title='bbox 2679 667 2943 737; x_wconf 85' lang='grc' dir='ltr'>ἀσώματα</span> <span class='ocrx_word' id='word_1_142' title='bbox 2963 667 3021 719; x_wconf 81' lang='grc' dir='ltr'><strong>τὸ</strong></span> <span class='ocrx_word' id='word_1_143' title='bbox 3037 663 3174 719; x_wconf 77' lang='grc' dir='ltr'>εἶναι</span> <span class='ocrx_word' id='word_1_144' title='bbox 3199 666 3429 737; x_wconf 84' lang='grc' dir='ltr'>βεϐαίως</span> <span class='ocrx_word' id='word_1_145' title='bbox 3454 668 3668 738; x_wconf 75' lang='grc' dir='ltr'>ἔχοντα,</span> 
     </span>
    </p>
   </div>
   <div class='ocr_carea' id='block_1_23' title="bbox 2090 758 3671 832">
    <p class='ocr_par' dir='ltr' id='par_1_23' title="bbox 2090 758 3671 832">
     <span class='ocr_line' id='line_1_23' title="bbox 2090 758 3671 832; baseline 0.001 -21"><span class='ocrx_word' id='word_1_146' title='bbox 2090 760 2185 812; x_wconf 75' lang='grc' dir='ltr'><strong>καὶ</strong></span> <span class='ocrx_word' id='word_1_147' title='bbox 2221 758 2344 812; x_wconf 74' lang='grc' dir='ltr'>οὔτε</span> <span class='ocrx_word' id='word_1_148' title='bbox 2384 759 2701 830; x_wconf 80' lang='grc' dir='ltr'>προσθήκην</span> <span class='ocrx_word' id='word_1_149' title='bbox 2733 758 3012 829; x_wconf 88' lang='grc' dir='ltr'>χωροῦντα</span> <span class='ocrx_word' id='word_1_150' title='bbox 3074 758 3197 812; x_wconf 78' lang='grc' dir='ltr'>οὔτε</span> <span class='ocrx_word' id='word_1_151' title='bbox 3230 761 3513 832; x_wconf 78' lang='grc' dir='ltr'>ἀφαίρεσιν</span> <span class='ocrx_word' id='word_1_152' title='bbox 3554 761 3671 815; x_wconf 83' lang='grc' dir='ltr'>πά-</span> 
     </span>
    </p>
   </div>
   <div class='ocr_carea' id='block_1_24' title="bbox 2090 848 3663 922">
    <p class='ocr_par' dir='ltr' id='par_1_24' title="bbox 2090 848 3663 922">
     <span class='ocr_line' id='line_1_24' title="bbox 2090 848 3663 922; baseline 0.002 -20"><span class='ocrx_word' id='word_1_153' title='bbox 2090 866 2285 919; x_wconf 89' lang='grc' dir='ltr'>σχοντα</span> <span class='ocrx_word' id='word_1_154' title='bbox 2312 868 2325 879; x_wconf 90' lang='grc'><strong>·</strong></span> <span class='ocrx_word' id='word_1_155' title='bbox 2364 850 2521 902; x_wconf 88' lang='grc' dir='ltr'>τοῦτο</span> <span class='ocrx_word' id='word_1_156' title='bbox 2552 849 2659 920; x_wconf 79' lang='grc' dir='ltr'><strong>γὰρ</strong></span> <span class='ocrx_word' id='word_1_157' title='bbox 2690 848 2818 901; x_wconf 83' lang='grc' dir='ltr'>ίδιον</span> <span class='ocrx_word' id='word_1_158' title='bbox 2852 848 3283 919; x_wconf 78' lang='grc' dir='ltr'>σωμάτων,περὶ</span> <span class='ocrx_word' id='word_1_159' title='bbox 3316 849 3351 903; x_wconf 75' lang='grc' dir='ltr'><strong>ἃ</strong></span> <span class='ocrx_word' id='word_1_160' title='bbox 3377 851 3585 917; x_wconf 87' lang='grc' dir='ltr'>γίνεται</span> <span class='ocrx_word' id='word_1_161' title='bbox 3628 855 3663 922; x_wconf 75' lang='grc' dir='ltr'><strong>ἡ</strong></span> 
     </span>
    </p>
   </div>
   <div class='ocr_carea' id='block_1_25' title="bbox 2088 934 3664 1010">
    <p class='ocr_par' dir='ltr' id='par_1_25' title="bbox 2088 934 3664 1010">
     <span class='ocr_line' id='line_1_25' title="bbox 2088 934 3664 1010; baseline 0.004 -23"><span class='ocrx_word' id='word_1_162' title='bbox 2088 935 2225 1007; x_wconf 75' lang='grc' dir='ltr'>αὔξη</span> <span class='ocrx_word' id='word_1_163' title='bbox 2260 937 2367 1007; x_wconf 71' lang='grc'><strong>(20)</strong></span> <span class='ocrx_word' id='word_1_164' title='bbox 2405 939 2498 990; x_wconf 77' lang='grc' dir='ltr'><strong>καὶ</strong></span> <span class='ocrx_word' id='word_1_165' title='bbox 2526 940 2559 1008; x_wconf 83' lang='grc' dir='ltr'>ἡ</span> <span class='ocrx_word' id='word_1_166' title='bbox 2586 937 2787 1007; x_wconf 78' lang='grc' dir='ltr'>φθίσις,</span> <span class='ocrx_word' id='word_1_167' title='bbox 2828 938 2977 1007; x_wconf 83' lang='grc' dir='ltr'>παρὰ</span> <span class='ocrx_word' id='word_1_168' title='bbox 3006 938 3066 990; x_wconf 87' lang='grc' dir='ltr'><strong>τὸ</strong></span> <span class='ocrx_word' id='word_1_169' title='bbox 3095 934 3231 993; x_wconf 81' lang='grc' dir='ltr'>εἶναι</span> <span class='ocrx_word' id='word_1_170' title='bbox 3257 939 3397 992; x_wconf 80' lang='grc' dir='ltr'>αὐτὰ</span> <span class='ocrx_word' id='word_1_171' title='bbox 3442 940 3664 1010; x_wconf 79' lang='grc' dir='ltr'>ῥευστὰ,</span> 
     </span>
    </p>
   </div>
   <div class='ocr_carea' id='block_1_26' title="bbox 2088 1025 3741 1100">
    <p class='ocr_par' dir='ltr' id='par_1_26' title="bbox 2088 1025 3741 1100">
     <span class='ocr_line' id='line_1_26' title="bbox 2088 1025 3741 1100; baseline 0.004 -23"><span class='ocrx_word' id='word_1_172' title='bbox 2088 1026 2316 1095; x_wconf 86' lang='grc' dir='ltr'>δεόμενα</span> <span class='ocrx_word' id='word_1_173' title='bbox 2347 1025 2439 1078; x_wconf 85' lang='grc' dir='ltr'><strong>τοῦ</strong></span> <span class='ocrx_word' id='word_1_174' title='bbox 2472 1026 2926 1097; x_wconf 78' lang='grc' dir='ltr'>ύποστηρίζοντος</span> <span class='ocrx_word' id='word_1_175' title='bbox 2959 1028 3290 1091; x_wconf 80' lang='grc' dir='ltr'>ἐπεισιόντος</span> <span class='ocrx_word' id='word_1_176' title='bbox 3323 1030 3416 1082; x_wconf 78' lang='grc' dir='ltr'><strong>καὶ</strong></span> <span class='ocrx_word' id='word_1_177' title='bbox 3436 1029 3665 1100; x_wconf 84' lang='grc' dir='ltr'>τρέφον·</span> <span class='ocrx_word' id='word_1_178' title='bbox 3738 1052 3741 1053; x_wconf 47' lang='grc' dir='ltr'><strong>ν</strong></span> 
     </span>
    </p>
   </div>
   <div class='ocr_carea' id='block_1_27' title="bbox 2086 1116 3667 1191">
    <p class='ocr_par' dir='ltr' id='par_1_27' title="bbox 2086 1116 3667 1191">
     <span class='ocr_line' id='line_1_27' title="bbox 2086 1116 3667 1191; baseline 0.003 -24"><span class='ocrx_word' id='word_1_179' title='bbox 2086 1132 2179 1178; x_wconf 85' lang='grc' dir='ltr'><strong>τος</strong></span> <span class='ocrx_word' id='word_1_180' title='bbox 2203 1132 2215 1144; x_wconf 71' lang='grc'><strong><em>⁸</em></strong></span> <span class='ocrx_word' id='word_1_181' title='bbox 2249 1116 2408 1186; x_wconf 81' lang='grc' dir='ltr'>ὅπερ,</span> <span class='ocrx_word' id='word_1_182' title='bbox 2440 1117 2533 1168; x_wconf 83' lang='grc' dir='ltr'>ἐὰν</span> <span class='ocrx_word' id='word_1_183' title='bbox 2560 1116 2742 1170; x_wconf 81' lang='grc' dir='ltr'>πλεῖον</span> <span class='ocrx_word' id='word_1_184' title='bbox 2786 1118 2844 1171; x_wconf 88' lang='grc' dir='ltr'><strong>ἐν</strong></span> <span class='ocrx_word' id='word_1_185' title='bbox 2890 1116 3065 1187; x_wconf 80' lang='grc' dir='ltr'>καιρῷ</span> <span class='ocrx_word' id='word_1_186' title='bbox 3095 1119 3308 1188; x_wconf 84' lang='grc' dir='ltr'>ἐπεισίῃ</span> <span class='ocrx_word' id='word_1_187' title='bbox 3354 1118 3447 1171; x_wconf 85' lang='grc' dir='ltr'><strong>τοῦ</strong></span> <span class='ocrx_word' id='word_1_188' title='bbox 3490 1121 3667 1191; x_wconf 79' lang='grc' dir='ltr'>ἀπορ-</span> 
     </span>
    </p>
   </div>
   <div class='ocr_carea' id='block_1_28' title="bbox 2089 1205 3665 1280">
    <p class='ocr_par' dir='ltr' id='par_1_28' title="bbox 2089 1205 3665 1280">
     <span class='ocr_line' id='line_1_28' title="bbox 2089 1205 3665 1280; baseline 0.004 -23"><span class='ocrx_word' id='word_1_189' title='bbox 2089 1205 2321 1277; x_wconf 74' lang='grc' dir='ltr'>ρέοντος,</span> <span class='ocrx_word' id='word_1_190' title='bbox 2357 1205 2583 1277; x_wconf 76' lang='grc' dir='ltr'>αῦξησις</span> <span class='ocrx_word' id='word_1_191' title='bbox 2624 1207 2859 1274; x_wconf 80' lang='grc' dir='ltr'>γίνεται’</span> <span class='ocrx_word' id='word_1_192' title='bbox 2892 1208 2989 1262; x_wconf 78' lang='grc' dir='ltr'>ἐὰν</span> <span class='ocrx_word' id='word_1_193' title='bbox 3036 1208 3093 1260; x_wconf 85' lang='grc' dir='ltr'>δὲ</span> <span class='ocrx_word' id='word_1_194' title='bbox 3124 1208 3343 1263; x_wconf 73' lang='grc' dir='ltr'>ἔλαττον</span> <span class='ocrx_word' id='word_1_195' title='bbox 3369 1249 3384 1273; x_wconf 89' lang='grc'><strong>,</strong></span> <span class='ocrx_word' id='word_1_196' title='bbox 3421 1210 3665 1280; x_wconf 87' lang='grc' dir='ltr'>μείωσις.</span> 
     </span>
    </p>
   </div>
   <div class='ocr_carea' id='block_1_29' title="bbox 2089 1297 3669 1370">
    <p class='ocr_par' dir='ltr' id='par_1_29' title="bbox 2089 1297 3669 1370">
     <span class='ocr_line' id='line_1_29' title="bbox 2089 1297 3669 1370; baseline 0.004 -21"><span class='ocrx_word' id='word_1_197' title='bbox 2089 1298 2240 1366; x_wconf 87' lang='grc' dir='ltr'>Τάχα</span> <span class='ocrx_word' id='word_1_198' title='bbox 2266 1297 2323 1349; x_wconf 83' lang='grc' dir='ltr'>δὲ</span> <span class='ocrx_word' id='word_1_199' title='bbox 2358 1297 2478 1351; x_wconf 85' lang='grc' dir='ltr'>τινὰ</span> <span class='ocrx_word' id='word_1_200' title='bbox 2504 1297 2614 1349; x_wconf 77' lang='grc' dir='ltr'>οὐδ’</span> <span class='ocrx_word' id='word_1_201' title='bbox 2636 1297 2771 1360; x_wconf 82' lang='grc' dir='ltr'>ὅλως</span> <span class='ocrx_word' id='word_1_202' title='bbox 2815 1297 2875 1350; x_wconf 81' lang='grc' dir='ltr'><strong>τὸ</strong></span> <span class='ocrx_word' id='word_1_203' title='bbox 2904 1300 3143 1352; x_wconf 85' lang='grc' dir='ltr'>ἐπεισιὸν</span> <span class='ocrx_word' id='word_1_204' title='bbox 3194 1300 3558 1370; x_wconf 77' lang='grc' dir='ltr'>λαμϐάνοντα,</span> <span class='ocrx_word' id='word_1_205' title='bbox 3612 1305 3669 1356; x_wconf 84' lang='grc' dir='ltr'><strong>ἐν</strong></span> 
     </span>
    </p>
   </div>
   <div class='ocr_carea' id='block_1_30' title="bbox 2086 1385 3668 1458">
    <p class='ocr_par' dir='ltr' id='par_1_30' title="bbox 2086 1385 3668 1458">
     <span class='ocr_line' id='line_1_30' title="bbox 2086 1385 3668 1458; baseline 0.004 -22"><span class='ocrx_word' id='word_1_206' title='bbox 2086 1385 2341 1458; x_wconf 83' lang='grc' dir='ltr'>ἀκράτῳ,</span> <span class='ocrx_word' id='word_1_207' title='bbox 2369 1387 2436 1442; x_wconf 82' lang='grc' dir='ltr'>ἵν’</span> <span class='ocrx_word' id='word_1_208' title='bbox 2468 1387 2642 1450; x_wconf 78' lang='grc' dir='ltr'>οὕτως</span> <span class='ocrx_word' id='word_1_209' title='bbox 2667 1388 2838 1452; x_wconf 80' lang='grc' dir='ltr'>εἴπω,</span> <span class='ocrx_word' id='word_1_210' title='bbox 2893 1386 3115 1458; x_wconf 85' lang='grc' dir='ltr'>μειώσει</span> <span class='ocrx_word' id='word_1_211' title='bbox 3170 1389 3398 1457; x_wconf 83' lang='grc' dir='ltr'>γίνεται.</span> <span class='ocrx_word' id='word_1_212' title='bbox 3438 1391 3565 1453; x_wconf 87' lang='grc' dir='ltr'>Τοῖς</span> <span class='ocrx_word' id='word_1_213' title='bbox 3611 1390 3668 1443; x_wconf 84' lang='grc' dir='ltr'>δὲ</span> 
     </span>
    </p>
   </div>
   <div class='ocr_carea' id='block_1_31' title="bbox 2088 1475 3667 1552">
    <p class='ocr_par' dir='ltr' id='par_1_31' title="bbox 2088 1475 3667 1552">
     <span class='ocr_line' id='line_1_31' title="bbox 2088 1475 3667 1552; baseline 0.002 -21"><span class='ocrx_word' id='word_1_214' title='bbox 2088 1478 2596 1549; x_wconf 83' lang='grc' dir='ltr'>ἐπακολουθητικὴν</span> <span class='ocrx_word' id='word_1_215' title='bbox 2626 1478 2794 1548; x_wconf 74' lang='grc' dir='ltr'>αὐτὴν</span> <span class='ocrx_word' id='word_1_216' title='bbox 2824 1475 2961 1533; x_wconf 71' lang='grc' dir='ltr'>εἶναι</span> <span class='ocrx_word' id='word_1_217' title='bbox 2984 1475 3285 1550; x_wconf 77' lang='grc' dir='ltr'>νομίζουσι,</span> <span class='ocrx_word' id='word_1_218' title='bbox 3317 1481 3667 1552; x_wconf 81' lang='grc' dir='ltr'>προηγουμέ-</span> 
     </span>
    </p>
   </div>
   <div class='ocr_carea' id='block_1_32' title="bbox 2088 1566 3663 1641">
    <p class='ocr_par' dir='ltr' id='par_1_32' title="bbox 2088 1566 3663 1641">
     <span class='ocr_line' id='line_1_32' title="bbox 2088 1566 3663 1641; baseline 0.003 -18"><span class='ocrx_word' id='word_1_219' title='bbox 2088 1588 2185 1641; x_wconf 87' lang='grc' dir='ltr'><strong>νην</strong></span> <span class='ocrx_word' id='word_1_220' title='bbox 2219 1570 2276 1623; x_wconf 83' lang='grc' dir='ltr'>δὲ</span> <span class='ocrx_word' id='word_1_221' title='bbox 2303 1570 2400 1640; x_wconf 82' lang='grc' dir='ltr'><strong>τὴν</strong></span> <span class='ocrx_word' id='word_1_222' title='bbox 2430 1570 2537 1624; x_wconf 85' lang='grc' dir='ltr'><strong>τών</strong></span> <span class='ocrx_word' id='word_1_223' title='bbox 2587 1570 2893 1639; x_wconf 87' lang='grc' dir='ltr'>σωμάτων,</span> <span class='ocrx_word' id='word_1_224' title='bbox 2946 1571 3060 1641; x_wconf 76' lang='grc' dir='ltr'>ὅροι</span> <span class='ocrx_word' id='word_1_225' title='bbox 3099 1572 3268 1640; x_wconf 80' lang='grc' dir='ltr'>αὐτῆς</span> <span class='ocrx_word' id='word_1_226' title='bbox 3301 1566 3445 1625; x_wconf 75' lang='grc' dir='ltr'>οὗτοί</span> <span class='ocrx_word' id='word_1_227' title='bbox 3487 1574 3627 1627; x_wconf 89' lang='grc' dir='ltr'>είσιν</span> <span class='ocrx_word' id='word_1_228' title='bbox 3649 1589 3663 1603; x_wconf 87' lang='grc'><em>’</em></span> 
     </span>
    </p>
   </div>
   <div class='ocr_carea' id='block_1_33' title="bbox 2091 1658 3668 1733">
    <p class='ocr_par' dir='ltr' id='par_1_33' title="bbox 2091 1658 3668 1733">
     <span class='ocr_line' id='line_1_33' title="bbox 2091 1658 3668 1733; baseline 0.003 -22"><span class='ocrx_word' id='word_1_229' title='bbox 2091 1659 2262 1713; x_wconf 83' lang='grc' dir='ltr'>Ούσία</span> <span class='ocrx_word' id='word_1_230' title='bbox 2291 1661 2434 1714; x_wconf 70' lang='grc' dir='ltr'>ἐστὶν</span> <span class='ocrx_word' id='word_1_231' title='bbox 2463 1662 2496 1731; x_wconf 86' lang='grc' dir='ltr'><strong>ή</strong></span> <span class='ocrx_word' id='word_1_232' title='bbox 2523 1659 2713 1730; x_wconf 82' lang='grc' dir='ltr'>πρώτη</span> <span class='ocrx_word' id='word_1_233' title='bbox 2751 1659 2859 1712; x_wconf 86' lang='grc' dir='ltr'><strong>τῶν</strong></span> <span class='ocrx_word' id='word_1_234' title='bbox 2906 1659 3073 1713; x_wconf 79' lang='grc' dir='ltr'>ὀντων</span> <span class='ocrx_word' id='word_1_235' title='bbox 3114 1661 3210 1732; x_wconf 76' lang='grc' dir='ltr'><strong>ὕλη</strong></span> <span class='ocrx_word' id='word_1_236' title='bbox 3241 1701 3253 1725; x_wconf 92' lang='grc'><strong>,</strong></span> <span class='ocrx_word' id='word_1_237' title='bbox 3289 1663 3382 1715; x_wconf 80' lang='grc' dir='ltr'><strong>καὶ</strong></span> <span class='ocrx_word' id='word_1_238' title='bbox 3419 1662 3475 1727; x_wconf 81' lang='grc' dir='ltr'><strong>ἐξ</strong></span> <span class='ocrx_word' id='word_1_239' title='bbox 3502 1658 3571 1733; x_wconf 82' lang='grc' dir='ltr'><strong>ῆς</strong></span> <span class='ocrx_word' id='word_1_240' title='bbox 3598 1661 3668 1716; x_wconf 84' lang='grc' dir='ltr'>τὰ</span> 
     </span>
    </p>
   </div>
   <div class='ocr_carea' id='block_1_34' title="bbox 405 1748 1976 1830">
    <p class='ocr_par' dir='ltr' id='par_1_34' title="bbox 405 1758 1976 1830">
     <span class='ocr_line' id='line_1_34' title="bbox 405 1758 1976 1830; baseline -0.001 -19"><span class='ocrx_word' id='word_1_241' title='bbox 405 1758 501 1811; x_wconf 82' lang='lat' dir='ltr'><strong>sed</strong></span> <span class='ocrx_word' id='word_1_242' title='bbox 535 1773 707 1826; x_wconf 90' lang='lat' dir='ltr'><strong>neque</strong></span> <span class='ocrx_word' id='word_1_243' title='bbox 729 1760 1140 1814; x_wconf 76' lang='lat' dir='ltr'><strong>determinatam</strong></span> <span class='ocrx_word' id='word_1_244' title='bbox 1168 1761 1327 1815; x_wconf 89' lang='lat' dir='ltr'><strong>habet</strong></span> <span class='ocrx_word' id='word_1_245' title='bbox 1352 1761 1809 1830; x_wconf 81' lang='lat' dir='ltr'><strong>magnitudinem,</strong></span> <span class='ocrx_word' id='word_1_246' title='bbox 1831 1758 1976 1812; x_wconf 89' lang='lat' dir='ltr'><strong>onmi</strong></span> 
     </span>
    </p>
   </div>
   <div class='ocr_carea' id='block_1_35' title="bbox 2086 1748 3666 1830">
    <p class='ocr_par' dir='ltr' id='par_1_35' title="bbox 2086 1748 3666 1825">
     <span class='ocr_line' id='line_1_35' title="bbox 2086 1748 3666 1825; baseline 0.003 -22"><span class='ocrx_word' id='word_1_247' title='bbox 2086 1750 2211 1803; x_wconf 73' lang='grc' dir='ltr'>ὄντα</span> <span class='ocrx_word' id='word_1_248' title='bbox 2236 1768 2248 1780; x_wconf 77' lang='grc' dir='ltr'><strong>ο</strong></span> <span class='ocrx_word' id='word_1_249' title='bbox 2278 1753 2310 1821; x_wconf 86' lang='grc' dir='ltr'><strong>ή</strong></span> <span class='ocrx_word' id='word_1_250' title='bbox 2338 1750 2445 1803; x_wconf 84' lang='grc' dir='ltr'><strong>τῶν</strong></span> <span class='ocrx_word' id='word_1_251' title='bbox 2471 1751 2741 1820; x_wconf 86' lang='grc' dir='ltr'>σωμάτων</span> <span class='ocrx_word' id='word_1_252' title='bbox 2768 1751 2887 1823; x_wconf 82' lang='grc' dir='ltr'>ὕλη,</span> <span class='ocrx_word' id='word_1_253' title='bbox 2920 1751 3017 1803; x_wconf 71' lang='grc' dir='ltr'><strong>καὶ</strong></span> <span class='ocrx_word' id='word_1_254' title='bbox 3047 1751 3105 1817; x_wconf 80' lang='grc' dir='ltr'>ἐξ</span> <span class='ocrx_word' id='word_1_255' title='bbox 3148 1748 3216 1823; x_wconf 74' lang='grc' dir='ltr'>ἧς</span> <span class='ocrx_word' id='word_1_256' title='bbox 3241 1753 3308 1806; x_wconf 80' lang='grc' dir='ltr'>τὰ</span> <span class='ocrx_word' id='word_1_257' title='bbox 3332 1752 3560 1825; x_wconf 85' lang='grc' dir='ltr'>σώματα</span> <span class='ocrx_word' id='word_1_258' title='bbox 3584 1771 3599 1785; x_wconf 85' lang='grc'><em>’</em></span> <span class='ocrx_word' id='word_1_259' title='bbox 3632 1756 3666 1825; x_wconf 84' lang='grc' dir='ltr'><strong>ἡ</strong></span> 
     </span>
    </p>
   </div>
   <div class='ocr_carea' id='block_1_36' title="bbox 408 1850 1976 1920">
    <p class='ocr_par' dir='ltr' id='par_1_36' title="bbox 408 1850 1976 1920">
     <span class='ocr_line' id='line_1_36' title="bbox 408 1850 1976 1920; baseline 0.003 -22"><span class='ocrx_word' id='word_1_260' title='bbox 408 1857 591 1899; x_wconf 86' lang='lat' dir='ltr'><strong>autem</strong></span> <span class='ocrx_word' id='word_1_261' title='bbox 629 1850 880 1916; x_wconf 89' lang='lat' dir='ltr'><strong>qualitati</strong></span> <span class='ocrx_word' id='word_1_262' title='bbox 937 1850 1100 1903; x_wconf 90' lang='lat' dir='ltr'><strong>veluti</strong></span> <span class='ocrx_word' id='word_1_263' title='bbox 1138 1850 1284 1905; x_wconf 90' lang='lat' dir='ltr'><strong>locus</strong></span> <span class='ocrx_word' id='word_1_264' title='bbox 1327 1858 1661 1920; x_wconf 64' lang='lat' dir='ltr'><strong>prmparatus</strong></span> <span class='ocrx_word' id='word_1_265' title='bbox 1710 1851 1976 1918; x_wconf 88' lang='lat' dir='ltr'><strong>subjacet.</strong></span> 
     </span>
    </p>
   </div>
   <div class='ocr_carea' id='block_1_37' title="bbox 414 1934 1981 2005">
    <p class='ocr_par' dir='ltr' id='par_1_37' title="bbox 414 1934 1981 2005">
     <span class='ocr_line' id='line_1_37' title="bbox 414 1934 1981 2005; baseline 0.001 -18"><span class='ocrx_word' id='word_1_266' title='bbox 414 1934 623 1988; x_wconf 85' lang='lat' dir='ltr'><strong>Vocant</strong></span> <span class='ocrx_word' id='word_1_267' title='bbox 658 1946 836 1990; x_wconf 86' lang='lat' dir='ltr'><strong>autem</strong></span> <span class='ocrx_word' id='word_1_268' title='bbox 867 1938 1160 2005; x_wconf 86' lang='lat' dir='ltr'><strong>qualitates</strong></span> <span class='ocrx_word' id='word_1_269' title='bbox 1186 1937 1485 1990; x_wconf 86' lang='lat' dir='ltr'><strong>extensiori</strong></span> <span class='ocrx_word' id='word_1_270' title='bbox 1523 1951 1686 1990; x_wconf 91' lang='lat' dir='ltr'><strong>sensu</strong></span> <span class='ocrx_word' id='word_1_271' title='bbox 1719 1946 1874 1989; x_wconf 87' lang='lat' dir='ltr'><strong>actus</strong></span> <span class='ocrx_word' id='word_1_272' title='bbox 1927 1946 1981 1989; x_wconf 88' lang='lat' dir='ltr'><strong>et</strong></span> 
     </span>
    </p>
   </div>
   <div class='ocr_carea' id='block_1_38' title="bbox 404 2025 1983 2096">
    <p class='ocr_par' dir='ltr' id='par_1_38' title="bbox 404 2025 1983 2096">
     <span class='ocr_line' id='line_1_38' title="bbox 404 2025 1983 2096; baseline 0.001 -19"><span class='ocrx_word' id='word_1_273' title='bbox 404 2025 649 2080; x_wconf 88' lang='lat' dir='ltr'><strong>actiones</strong></span> <span class='ocrx_word' id='word_1_274' title='bbox 680 2026 732 2078; x_wconf 89' lang='lat' dir='ltr'><strong>in</strong></span> <span class='ocrx_word' id='word_1_275' title='bbox 769 2026 1084 2081; x_wconf 87' lang='lat' dir='ltr'><strong>universum</strong></span> <span class='ocrx_word' id='word_1_276' title='bbox 1116 2027 1317 2096; x_wconf 80' lang='lat' dir='ltr'><strong>quibus</strong></span> <span class='ocrx_word' id='word_1_277' title='bbox 1367 2036 1421 2081; x_wconf 92' lang='lat' dir='ltr'><strong>et</strong></span> <span class='ocrx_word' id='word_1_278' title='bbox 1457 2036 1635 2079; x_wconf 91' lang='lat' dir='ltr'><strong>motus</strong></span> <span class='ocrx_word' id='word_1_279' title='bbox 1681 2036 1735 2079; x_wconf 92' lang='lat' dir='ltr'><strong>et</strong></span> <span class='ocrx_word' id='word_1_280' title='bbox 1768 2026 1983 2079; x_wconf 89' lang='lat' dir='ltr'><strong>habitus</strong></span> 
     </span>
    </p>
   </div>
   <div class='ocr_carea' id='block_1_39' title="bbox 405 2115 1981 2187">
    <p class='ocr_par' dir='ltr' id='par_1_39' title="bbox 405 2115 1981 2187">
     <span class='ocr_line' id='line_1_39' title="bbox 405 2115 1981 2187; baseline 0 -17"><span class='ocrx_word' id='word_1_281' title='bbox 405 2115 677 2172; x_wconf 87' lang='lat' dir='ltr'><strong>contineri</strong></span> <span class='ocrx_word' id='word_1_282' title='bbox 706 2118 959 2186; x_wconf 80' lang='lat' dir='ltr'><strong>centigit.</strong></span> <span class='ocrx_word' id='word_1_283' title='bbox 992 2117 1203 2186; x_wconf 84' lang='lat' dir='ltr'><strong>Negant</strong></span> <span class='ocrx_word' id='word_1_284' title='bbox 1250 2118 1395 2171; x_wconf 91' lang='lat' dir='ltr'><strong>enim</strong></span> <span class='ocrx_word' id='word_1_285' title='bbox 1432 2118 1755 2187; x_wconf 87' lang='lat' dir='ltr'><strong>cujusquam</strong></span> <span class='ocrx_word' id='word_1_286' title='bbox 1788 2117 1981 2170; x_wconf 89' lang='lat' dir='ltr'><strong>borum</strong></span> 
     </span>
    </p>
   </div>
   <div class='ocr_carea' id='block_1_40' title="bbox 398 2208 1981 2276">
    <p class='ocr_par' dir='ltr' id='par_1_40' title="bbox 398 2208 1981 2276">
     <span class='ocr_line' id='line_1_40' title="bbox 398 2208 1981 2276; baseline 0.001 -16"><span class='ocrx_word' id='word_1_287' title='bbox 398 2208 555 2276; x_wconf 80' lang='lat' dir='ltr'><strong>juxta</strong></span> <span class='ocrx_word' id='word_1_288' title='bbox 585 2208 860 2276; x_wconf 82' lang='lat' dir='ltr'><strong>propriam</strong></span> <span class='ocrx_word' id='word_1_289' title='bbox 886 2224 1035 2262; x_wconf 85' lang='lat' dir='ltr'><strong>suam</strong></span> <span class='ocrx_word' id='word_1_290' title='bbox 1064 2209 1328 2262; x_wconf 84' lang='lat' dir='ltr'><strong>rationem</strong></span> <span class='ocrx_word' id='word_1_291' title='bbox 1358 2208 1682 2276; x_wconf 84' lang='lat' dir='ltr'><strong>participem</strong></span> <span class='ocrx_word' id='word_1_292' title='bbox 1707 2222 1827 2261; x_wconf 89' lang='lat' dir='ltr'><strong>esse</strong></span> <span class='ocrx_word' id='word_1_293' title='bbox 1856 2208 1981 2261; x_wconf 81' lang='lat' dir='ltr'><strong>sub-</strong></span> 
     </span>
    </p>
   </div>
   <div class='ocr_carea' id='block_1_41' title="bbox 402 2300 1983 2369">
    <p class='ocr_par' dir='ltr' id='par_1_41' title="bbox 402 2300 1983 2369">
     <span class='ocr_line' id='line_1_41' title="bbox 402 2300 1983 2369; baseline -0.001 -14"><span class='ocrx_word' id='word_1_294' title='bbox 402 2301 698 2365; x_wconf 86' lang='lat' dir='ltr'><strong>stantiam;</strong></span> <span class='ocrx_word' id='word_1_295' title='bbox 728 2315 940 2369; x_wconf 90' lang='lat' dir='ltr'><strong>semper</strong></span> <span class='ocrx_word' id='word_1_296' title='bbox 967 2310 1145 2355; x_wconf 88' lang='lat' dir='ltr'><strong>tamen</strong></span> <span class='ocrx_word' id='word_1_297' title='bbox 1173 2302 1376 2355; x_wconf 88' lang='lat' dir='ltr'><strong>hancce</strong></span> <span class='ocrx_word' id='word_1_298' title='bbox 1410 2301 1479 2353; x_wconf 93' lang='lat' dir='ltr'><strong>ita</strong></span> <span class='ocrx_word' id='word_1_299' title='bbox 1506 2300 1757 2353; x_wconf 80' lang='lat' dir='ltr'><strong>aﬂ‘ectam</strong></span> <span class='ocrx_word' id='word_1_300' title='bbox 1782 2316 1903 2355; x_wconf 90' lang='lat' dir='ltr'><strong>esse</strong></span> <span class='ocrx_word' id='word_1_301' title='bbox 1925 2310 1983 2354; x_wconf 91' lang='lat' dir='ltr'><strong>ut</strong></span> 
     </span>
    </p>
   </div>
   <div class='ocr_carea' id='block_1_42' title="bbox 407 2389 1979 2459">
    <p class='ocr_par' dir='ltr' id='par_1_42' title="bbox 407 2389 1979 2459">
     <span class='ocr_line' id='line_1_42' title="bbox 407 2389 1979 2459; baseline 0 -15"><span class='ocrx_word' id='word_1_302' title='bbox 407 2391 478 2446; x_wconf 85' lang='lat' dir='ltr'><strong>ab</strong></span> <span class='ocrx_word' id='word_1_303' title='bbox 506 2391 700 2445; x_wconf 86' lang='lat' dir='ltr'><strong>borum</strong></span> <span class='ocrx_word' id='word_1_304' title='bbox 732 2389 915 2459; x_wconf 88' lang='lat' dir='ltr'><strong>aliquo</strong></span> <span class='ocrx_word' id='word_1_305' title='bbox 962 2391 1206 2459; x_wconf 65' lang='lat' dir='ltr'><strong>separari</strong></span> <span class='ocrx_word' id='word_1_306' title='bbox 1237 2405 1341 2444; x_wconf 89' lang='lat' dir='ltr'><strong>non</strong></span> <span class='ocrx_word' id='word_1_307' title='bbox 1370 2391 1540 2458; x_wconf 86' lang='lat' dir='ltr'><strong>possit</strong></span> <span class='ocrx_word' id='word_1_308' title='bbox 1571 2407 1585 2454; x_wconf 92' lang='lat'><strong>;</strong></span> <span class='ocrx_word' id='word_1_309' title='bbox 1612 2406 1678 2444; x_wconf 91' lang='lat' dir='ltr'><strong>ac</strong></span> <span class='ocrx_word' id='word_1_310' title='bbox 1704 2391 1979 2444; x_wconf 86' lang='lat' dir='ltr'><strong>nihilomi-</strong></span> 
     </span>
    </p>
   </div>
   <div class='ocr_carea' id='block_1_43' title="bbox 404 2478 1974 2550">
    <p class='ocr_par' dir='ltr' id='par_1_43' title="bbox 404 2478 1974 2550">
     <span class='ocr_line' id='line_1_43' title="bbox 404 2478 1974 2550; baseline -0.001 -14"><span class='ocrx_word' id='word_1_311' title='bbox 404 2496 510 2536; x_wconf 89' lang='lat' dir='ltr'><strong>nus</strong></span> <span class='ocrx_word' id='word_1_312' title='bbox 541 2490 722 2549; x_wconf 85' lang='lat' dir='ltr'><strong>aptam</strong></span> <span class='ocrx_word' id='word_1_313' title='bbox 763 2496 884 2536; x_wconf 90' lang='lat' dir='ltr'><strong>esse</strong></span> <span class='ocrx_word' id='word_1_314' title='bbox 928 2497 1049 2550; x_wconf 73' lang='lat' dir='ltr'><strong>qua:</strong></span> <span class='ocrx_word' id='word_1_315' title='bbox 1074 2496 1265 2536; x_wconf 89' lang='lat' dir='ltr'><strong>omnes</strong></span> <span class='ocrx_word' id='word_1_316' title='bbox 1291 2478 1574 2535; x_wconf 76' lang='lat' dir='ltr'><strong>eilicieutis</strong></span> <span class='ocrx_word' id='word_1_317' title='bbox 1602 2496 1775 2534; x_wconf 60' lang='lat' dir='ltr'><strong>causae</strong></span> <span class='ocrx_word' id='word_1_318' title='bbox 1821 2493 1974 2535; x_wconf 87' lang='lat' dir='ltr'><strong>actus</strong></span> 
     </span>
    </p>
   </div>
   <div class='ocr_carea' id='block_1_44' title="bbox 398 2571 1981 2642">
    <p class='ocr_par' dir='ltr' id='par_1_44' title="bbox 398 2571 1981 2642">
     <span class='ocr_line' id='line_1_44' title="bbox 398 2571 1981 2642; baseline -0.002 -15"><span class='ocrx_word' id='word_1_319' title='bbox 398 2572 644 2641; x_wconf 88' lang='lat' dir='ltr'><strong>recipiat.</strong></span> <span class='ocrx_word' id='word_1_320' title='bbox 674 2571 840 2627; x_wconf 86' lang='lat' dir='ltr'><strong>Adest</strong></span> <span class='ocrx_word' id='word_1_321' title='bbox 880 2573 1025 2626; x_wconf 91' lang='lat' dir='ltr'><strong>enim</strong></span> <span class='ocrx_word' id='word_1_322' title='bbox 1060 2574 1107 2625; x_wconf 90' lang='lat' dir='ltr'><strong>ei</strong></span> <span class='ocrx_word' id='word_1_323' title='bbox 1171 2573 1254 2627; x_wconf 86' lang='lat' dir='ltr'><strong>vis</strong></span> <span class='ocrx_word' id='word_1_324' title='bbox 1285 2574 1526 2642; x_wconf 66' lang='lat' dir='ltr'><strong>quaedam</strong></span> <span class='ocrx_word' id='word_1_325' title='bbox 1558 2572 1812 2625; x_wconf 89' lang='lat' dir='ltr'><strong>universa</strong></span> <span class='ocrx_word' id='word_1_326' title='bbox 1856 2586 1981 2640; x_wconf 85' lang='lat' dir='ltr'><strong>per-</strong></span> 
     </span>
    </p>
   </div>
   <div class='ocr_carea' id='block_1_45' title="bbox 409 2664 1983 2734">
    <p class='ocr_par' dir='ltr' id='par_1_45' title="bbox 409 2664 1983 2734">
     <span class='ocr_line' id='line_1_45' title="bbox 409 2664 1983 2734; baseline -0.001 -16"><span class='ocrx_word' id='word_1_327' title='bbox 409 2667 639 2730; x_wconf 83' lang='lat' dir='ltr'><strong>vadens,</strong></span> <span class='ocrx_word' id='word_1_328' title='bbox 697 2680 817 2733; x_wconf 60' lang='lat' dir='ltr'><strong>qua;</strong></span> <span class='ocrx_word' id='word_1_329' title='bbox 848 2674 901 2719; x_wconf 90' lang='lat' dir='ltr'><strong>et</strong></span> <span class='ocrx_word' id='word_1_330' title='bbox 922 2665 1201 2733; x_wconf 87' lang='lat' dir='ltr'><strong>qualitatis</strong></span> <span class='ocrx_word' id='word_1_331' title='bbox 1232 2666 1409 2720; x_wconf 90' lang='lat' dir='ltr'><strong>omnis</strong></span> <span class='ocrx_word' id='word_1_332' title='bbox 1438 2674 1492 2719; x_wconf 90' lang='lat' dir='ltr'><strong>et</strong></span> <span class='ocrx_word' id='word_1_333' title='bbox 1521 2664 1811 2734; x_wconf 87' lang='lat' dir='ltr'><strong>cujuslibet</strong></span> <span class='ocrx_word' id='word_1_334' title='bbox 1835 2665 1983 2718; x_wconf 89' lang='lat' dir='ltr'><strong>circa</strong></span> 
     </span>
    </p>
   </div>
   <div class='ocr_carea' id='block_1_46' title="bbox 400 2755 1983 2826">
    <p class='ocr_par' dir='ltr' id='par_1_46' title="bbox 400 2755 1983 2826">
     <span class='ocr_line' id='line_1_46' title="bbox 400 2755 1983 2826; baseline -0.001 -15"><span class='ocrx_word' id='word_1_335' title='bbox 400 2772 520 2811; x_wconf 90' lang='lat' dir='ltr'><strong>eam</strong></span> <span class='ocrx_word' id='word_1_336' title='bbox 548 2757 976 2826; x_wconf 88' lang='lat' dir='ltr'><strong>dispensationis</strong></span> <span class='ocrx_word' id='word_1_337' title='bbox 1000 2772 1161 2811; x_wconf 90' lang='lat' dir='ltr'><strong>causa</strong></span> <span class='ocrx_word' id='word_1_338' title='bbox 1189 2757 1282 2810; x_wconf 90' lang='lat' dir='ltr'><strong>sit.</strong></span> <span class='ocrx_word' id='word_1_339' title='bbox 1314 2756 1446 2811; x_wconf 86' lang='lat' dir='ltr'><strong>Esse</strong></span> <span class='ocrx_word' id='word_1_340' title='bbox 1472 2769 1652 2810; x_wconf 90' lang='lat' dir='ltr'><strong>autem</strong></span> <span class='ocrx_word' id='word_1_341' title='bbox 1680 2771 1776 2825; x_wconf 90' lang='lat' dir='ltr'><strong>per</strong></span> <span class='ocrx_word' id='word_1_342' title='bbox 1798 2755 1983 2810; x_wconf 87' lang='lat' dir='ltr'><strong>omnia</strong></span> 
     </span>
    </p>
   </div>
   <div class='ocr_carea' id='block_1_47' title="bbox 398 2848 1987 2916">
    <p class='ocr_par' dir='ltr' id='par_1_47' title="bbox 398 2848 1987 2916">
     <span class='ocr_line' id='line_1_47' title="bbox 398 2848 1987 2916; baseline -0.004 -15"><span class='ocrx_word' id='word_1_343' title='bbox 398 2848 716 2901; x_wconf 87' lang='lat' dir='ltr'><strong>mutabilem</strong></span> <span class='ocrx_word' id='word_1_344' title='bbox 735 2857 903 2916; x_wconf 87' lang='lat' dir='ltr'><strong>etper</strong></span> <span class='ocrx_word' id='word_1_345' title='bbox 918 2849 1100 2901; x_wconf 87' lang='lat' dir='ltr'><strong>omnia</strong></span> <span class='ocrx_word' id='word_1_346' title='bbox 1122 2849 1395 2902; x_wconf 86' lang='lat' dir='ltr'><strong>dividuam</strong></span> <span class='ocrx_word' id='word_1_347' title='bbox 1412 2848 1702 2910; x_wconf 85' lang='lat' dir='ltr'><strong>allirmant,</strong></span> <span class='ocrx_word' id='word_1_348' title='bbox 1724 2856 1779 2901; x_wconf 89' lang='lat' dir='ltr'><strong>et</strong></span> <span class='ocrx_word' id='word_1_349' title='bbox 1796 2862 1987 2915; x_wconf 89' lang='lat' dir='ltr'><strong>quam-</strong></span> 
     </span>
    </p>
   </div>
   <div class='ocr_carea' id='block_1_48' title="bbox 394 2934 1990 3006">
    <p class='ocr_par' dir='ltr' id='par_1_48' title="bbox 394 2934 1990 3006">
     <span class='ocr_line' id='line_1_48' title="bbox 394 2934 1990 3006; baseline -0.002 -17"><span class='ocrx_word' id='word_1_350' title='bbox 394 2936 523 2990; x_wconf 90' lang='lat' dir='ltr'><strong>libet</strong></span> <span class='ocrx_word' id='word_1_351' title='bbox 541 2936 701 3006; x_wconf 67' lang='grc'><strong>247</strong></span> <span class='ocrx_word' id='word_1_352' title='bbox 731 2936 1085 2990; x_wconf 87' lang='lat' dir='ltr'><strong>substantiam</strong></span> <span class='ocrx_word' id='word_1_353' title='bbox 1120 2951 1241 2989; x_wconf 90' lang='lat' dir='ltr'><strong>cum</strong></span> <span class='ocrx_word' id='word_1_354' title='bbox 1266 2936 1504 3004; x_wconf 88' lang='lat' dir='ltr'><strong>qualibet</strong></span> <span class='ocrx_word' id='word_1_355' title='bbox 1527 2950 1646 2989; x_wconf 89' lang='lat' dir='ltr'><strong>esse</strong></span> <span class='ocrx_word' id='word_1_356' title='bbox 1672 2948 1847 3003; x_wconf 89' lang='lat' dir='ltr'><strong>posse,</strong></span> <span class='ocrx_word' id='word_1_357' title='bbox 1880 2934 1990 2987; x_wconf 84' lang='lat' dir='ltr'><strong>sci-</strong></span> 
     </span>
    </p>
   </div>
   <div class='ocr_carea' id='block_1_49' title="bbox 393 3023 1986 3093">
    <p class='ocr_par' dir='ltr' id='par_1_49' title="bbox 393 3023 1986 3093">
     <span class='ocr_line' id='line_1_49' title="bbox 393 3023 1986 3093; baseline -0.004 -10"><span class='ocrx_word' id='word_1_358' title='bbox 393 3028 522 3084; x_wconf 86' lang='lat' dir='ltr'><strong>licet</strong></span> <span class='ocrx_word' id='word_1_359' title='bbox 560 3030 786 3082; x_wconf 89' lang='lat' dir='ltr'><strong>unitam.</strong></span> <span class='ocrx_word' id='word_1_360' title='bbox 831 3027 1095 3093; x_wconf 87' lang='lat' dir='ltr'><strong>Quoniam</strong></span> <span class='ocrx_word' id='word_1_361' title='bbox 1152 3038 1332 3079; x_wconf 88' lang='lat' dir='ltr'><strong>autem</strong></span> <span class='ocrx_word' id='word_1_362' title='bbox 1365 3028 1430 3081; x_wconf 92' lang='lat' dir='ltr'><strong>de</strong></span> <span class='ocrx_word' id='word_1_363' title='bbox 1467 3025 1770 3081; x_wconf 87' lang='lat' dir='ltr'><strong>substantia</strong></span> <span class='ocrx_word' id='word_1_364' title='bbox 1806 3023 1986 3092; x_wconf 84' lang='lat' dir='ltr'><strong>inqui-</strong></span> 
     </span>
    </p>
   </div>
   <div class='ocr_carea' id='block_1_50' title="bbox 2081 1839 3666 1916">
    <p class='ocr_par' dir='ltr' id='par_1_50' title="bbox 2081 1839 3666 1916">
     <span class='ocr_line' id='line_1_50' title="bbox 2081 1839 3666 1916; baseline 0 -19"><span class='ocrx_word' id='word_1_365' title='bbox 2081 1845 2189 1897; x_wconf 84' lang='grc' dir='ltr'><strong>τῶν</strong></span> <span class='ocrx_word' id='word_1_366' title='bbox 2240 1845 2692 1916; x_wconf 75' lang='grc' dir='ltr'>ὀνομαζομένων,</span> <span class='ocrx_word' id='word_1_367' title='bbox 2727 1848 2821 1900; x_wconf 79' lang='grc' dir='ltr'><strong>καὶ</strong></span> <span class='ocrx_word' id='word_1_368' title='bbox 2862 1845 2916 1910; x_wconf 78' lang='grc' dir='ltr'><strong>ἐξ</strong></span> <span class='ocrx_word' id='word_1_369' title='bbox 2961 1839 3026 1915; x_wconf 76' lang='grc' dir='ltr'>ἧς</span> <span class='ocrx_word' id='word_1_370' title='bbox 3067 1846 3134 1899; x_wconf 83' lang='grc' dir='ltr'>τὰ</span> <span class='ocrx_word' id='word_1_371' title='bbox 3185 1844 3588 1916; x_wconf 77' lang='grc' dir='ltr'><strong>ὀνομαζόμενα⁹</strong></span> <span class='ocrx_word' id='word_1_372' title='bbox 3632 1846 3666 1916; x_wconf 80' lang='grc' dir='ltr'>ἦ</span> 
     </span>
    </p>
   </div>
   <div class='ocr_carea' id='block_1_51' title="bbox 2082 1936 3666 2007">
    <p class='ocr_par' dir='ltr' id='par_1_51' title="bbox 2082 1936 3666 2007">
     <span class='ocr_line' id='line_1_51' title="bbox 2082 1936 3666 2007; baseline 0.001 -20"><span class='ocrx_word' id='word_1_373' title='bbox 2082 1936 2144 1989; x_wconf 86' lang='grc' dir='ltr'><strong>τὸ</strong></span> <span class='ocrx_word' id='word_1_374' title='bbox 2177 1936 2392 2007; x_wconf 78' lang='grc' dir='ltr'>πρῶτον</span> <span class='ocrx_word' id='word_1_375' title='bbox 2425 1938 2744 1998; x_wconf 81' lang='grc' dir='ltr'>ὑπόστατον,</span> <span class='ocrx_word' id='word_1_376' title='bbox 2770 1940 2958 1993; x_wconf 76' lang='grc' dir='ltr'>ἄποιον</span> <span class='ocrx_word' id='word_1_377' title='bbox 2981 1955 2995 1969; x_wconf 83' lang='grc'><em>’</em></span> <span class='ocrx_word' id='word_1_378' title='bbox 3046 1938 3079 2007; x_wconf 85' lang='grc' dir='ltr'>ἢ</span> <span class='ocrx_word' id='word_1_379' title='bbox 3109 1937 3168 1990; x_wconf 84' lang='grc' dir='ltr'><strong>τὸ</strong></span> <span class='ocrx_word' id='word_1_380' title='bbox 3191 1936 3666 2007; x_wconf 78' lang='grc' dir='ltr'>προϋφιστάμενον</span> 
     </span>
    </p>
   </div>
   <div class='ocr_carea' id='block_1_52' title="bbox 2080 2023 3665 2099">
    <p class='ocr_par' dir='ltr' id='par_1_52' title="bbox 2080 2023 3665 2099">
     <span class='ocr_line' id='line_1_52' title="bbox 2080 2023 3665 2099; baseline -0.003 -20"><span class='ocrx_word' id='word_1_381' title='bbox 2080 2030 2193 2090; x_wconf 82' lang='grc' dir='ltr'>τοῖς</span> <span class='ocrx_word' id='word_1_382' title='bbox 2221 2023 2402 2081; x_wconf 75' lang='grc' dir='ltr'>οὖσιν·</span> <span class='ocrx_word' id='word_1_383' title='bbox 2441 2028 2473 2099; x_wconf 82' lang='grc' dir='ltr'><strong>ἢ</strong></span> <span class='ocrx_word' id='word_1_384' title='bbox 2513 2028 2572 2080; x_wconf 77' lang='grc' dir='ltr'><strong>τὸ</strong></span> <span class='ocrx_word' id='word_1_385' title='bbox 2597 2028 2776 2090; x_wconf 83' lang='grc' dir='ltr'>πάσας</span> <span class='ocrx_word' id='word_1_386' title='bbox 2810 2028 3097 2098; x_wconf 81' lang='grc' dir='ltr'>δεχόμενον</span> <span class='ocrx_word' id='word_1_387' title='bbox 3127 2027 3226 2089; x_wconf 79' lang='grc' dir='ltr'>τὰς</span> <span class='ocrx_word' id='word_1_388' title='bbox 3267 2026 3574 2097; x_wconf 73' lang='grc' dir='ltr'>μεταϐολάς</span> <span class='ocrx_word' id='word_1_389' title='bbox 3604 2042 3665 2075; x_wconf 84' lang='grc' dir='ltr'><strong>τε</strong></span> 
     </span>
    </p>
   </div>
   <div class='ocr_carea' id='block_1_53' title="bbox 2081 2114 3667 2181">
    <p class='ocr_par' dir='ltr' id='par_1_53' title="bbox 2081 2114 3667 2181">
     <span class='ocr_line' id='line_1_53' title="bbox 2081 2114 3667 2181; baseline -0.003 -10"><span class='ocrx_word' id='word_1_390' title='bbox 2081 2120 2177 2171; x_wconf 69' lang='grc' dir='ltr'><strong>καὶ</strong></span> <span class='ocrx_word' id='word_1_391' title='bbox 2206 2118 2538 2181; x_wconf 84' lang='grc' dir='ltr'>ἀλλοιώσεις,</span> <span class='ocrx_word' id='word_1_392' title='bbox 2573 2118 2704 2170; x_wconf 82' lang='grc' dir='ltr'>αὐτὸ</span> <span class='ocrx_word' id='word_1_393' title='bbox 2729 2118 2785 2169; x_wconf 86' lang='grc' dir='ltr'><strong>δὲ</strong></span> <span class='ocrx_word' id='word_1_394' title='bbox 2817 2117 3175 2170; x_wconf 74' lang='grc' dir='ltr'>ἀναλλοίωτον</span> <span class='ocrx_word' id='word_1_395' title='bbox 3221 2115 3363 2169; x_wconf 82' lang='grc' dir='ltr'>κατὰ</span> <span class='ocrx_word' id='word_1_396' title='bbox 3411 2115 3503 2167; x_wconf 85' lang='grc' dir='ltr'><strong>τὸν</strong></span> <span class='ocrx_word' id='word_1_397' title='bbox 3534 2114 3667 2167; x_wconf 78' lang='grc' dir='ltr'>ἴδιον</span> 
     </span>
    </p>
   </div>
   <div class='ocr_carea' id='block_1_54' title="bbox 2083 2206 3667 2282">
    <p class='ocr_par' dir='ltr' id='par_1_54' title="bbox 2083 2206 3667 2282">
     <span class='ocr_line' id='line_1_54' title="bbox 2083 2206 3667 2282; baseline -0.003 -19"><span class='ocrx_word' id='word_1_398' title='bbox 2083 2211 2242 2278; x_wconf 86' lang='grc' dir='ltr'>λόγον</span> <span class='ocrx_word' id='word_1_399' title='bbox 2265 2228 2277 2241; x_wconf 88' lang='grc'><strong>·</strong></span> <span class='ocrx_word' id='word_1_400' title='bbox 2308 2210 2423 2282; x_wconf 87' lang='grc' dir='ltr'><strong>ἢτὸ</strong></span> <span class='ocrx_word' id='word_1_401' title='bbox 2449 2212 2718 2281; x_wconf 81' lang='grc' dir='ltr'>ὑπομένον</span> <span class='ocrx_word' id='word_1_402' title='bbox 2772 2213 2949 2266; x_wconf 81' lang='grc' dir='ltr'>πᾶσαν</span> <span class='ocrx_word' id='word_1_403' title='bbox 2989 2208 3271 2263; x_wconf 85' lang='grc' dir='ltr'>ἀλλοίωσιν</span> <span class='ocrx_word' id='word_1_404' title='bbox 3311 2209 3404 2261; x_wconf 77' lang='grc' dir='ltr'><strong>καὶ</strong></span> <span class='ocrx_word' id='word_1_405' title='bbox 3435 2206 3667 2277; x_wconf 76' lang='grc' dir='ltr'>μεταϐο-</span> 
     </span>
    </p>
   </div>
   <div class='ocr_carea' id='block_1_55' title="bbox 2084 2297 3667 2374">
    <p class='ocr_par' dir='ltr' id='par_1_55' title="bbox 2084 2297 3667 2374">
     <span class='ocr_line' id='line_1_55' title="bbox 2084 2297 3667 2374; baseline -0.003 -19"><span class='ocrx_word' id='word_1_406' title='bbox 2084 2303 2201 2374; x_wconf 90' lang='grc' dir='ltr'>λήν.</span> <span class='ocrx_word' id='word_1_407' title='bbox 2232 2302 2386 2355; x_wconf 77' lang='grc' dir='ltr'>Κατὰ</span> <span class='ocrx_word' id='word_1_408' title='bbox 2418 2302 2644 2365; x_wconf 84' lang='grc' dir='ltr'>τούτους</span> <span class='ocrx_word' id='word_1_409' title='bbox 2689 2303 2745 2355; x_wconf 86' lang='grc' dir='ltr'><strong>δὲ</strong></span> <span class='ocrx_word' id='word_1_410' title='bbox 2792 2305 2824 2373; x_wconf 81' lang='grc' dir='ltr'>ἡ</span> <span class='ocrx_word' id='word_1_411' title='bbox 2874 2302 3030 2355; x_wconf 85' lang='grc' dir='ltr'>ούσία</span> <span class='ocrx_word' id='word_1_412' title='bbox 3061 2297 3206 2354; x_wconf 84' lang='grc' dir='ltr'>ἐστὶν</span> <span class='ocrx_word' id='word_1_413' title='bbox 3239 2298 3431 2362; x_wconf 81' lang='grc' dir='ltr'>ἄποιός</span> <span class='ocrx_word' id='word_1_414' title='bbox 3480 2317 3539 2351; x_wconf 86' lang='grc' dir='ltr'><strong>τε</strong></span> <span class='ocrx_word' id='word_1_415' title='bbox 3572 2299 3667 2351; x_wconf 79' lang='grc' dir='ltr'><strong>καὶ</strong></span> 
     </span>
    </p>
   </div>
   <div class='ocr_carea' id='block_1_56' title="bbox 2083 2390 3670 2465">
    <p class='ocr_par' dir='ltr' id='par_1_56' title="bbox 2083 2390 3670 2465">
     <span class='ocr_line' id='line_1_56' title="bbox 2083 2390 3670 2465; baseline -0.001 -19"><span class='ocrx_word' id='word_1_416' title='bbox 2083 2394 2483 2465; x_wconf 70' lang='grc' dir='ltr'>ἀσχημάτιστος</span> <span class='ocrx_word' id='word_1_417' title='bbox 2507 2393 2646 2446; x_wconf 76' lang='grc' dir='ltr'>κατὰ</span> <span class='ocrx_word' id='word_1_418' title='bbox 2672 2393 2761 2446; x_wconf 81' lang='grc' dir='ltr'><strong>τὸν</strong></span> <span class='ocrx_word' id='word_1_419' title='bbox 2792 2394 2918 2446; x_wconf 80' lang='grc' dir='ltr'>ἴδιον</span> <span class='ocrx_word' id='word_1_420' title='bbox 2950 2392 3127 2461; x_wconf 87' lang='grc' dir='ltr'>λόγον,</span> <span class='ocrx_word' id='word_1_421' title='bbox 3146 2390 3259 2445; x_wconf 84' lang='grc' dir='ltr'>ἀλλ’</span> <span class='ocrx_word' id='word_1_422' title='bbox 3286 2390 3411 2442; x_wconf 72' lang='grc' dir='ltr'>οὐδὲ</span> <span class='ocrx_word' id='word_1_423' title='bbox 3441 2390 3670 2460; x_wconf 85' lang='grc' dir='ltr'>μέγεθος</span> 
     </span>
    </p>
   </div>
   <div class='ocr_carea' id='block_1_57' title="bbox 2083 2482 3666 2556">
    <p class='ocr_par' dir='ltr' id='par_1_57' title="bbox 2083 2482 3666 2556">
     <span class='ocr_line' id='line_1_57' title="bbox 2083 2482 3666 2556; baseline -0.003 -18"><span class='ocrx_word' id='word_1_424' title='bbox 2083 2483 2519 2551; x_wconf 79' lang='grc' dir='ltr'>ἀποτεταγμένον</span> <span class='ocrx_word' id='word_1_425' title='bbox 2552 2482 2777 2552; x_wconf 75' lang='grc' dir='ltr'>ἔχουσα,</span> <span class='ocrx_word' id='word_1_426' title='bbox 2826 2484 2975 2556; x_wconf 79' lang='grc' dir='ltr'>πάσῃ</span> <span class='ocrx_word' id='word_1_427' title='bbox 3005 2483 3061 2535; x_wconf 80' lang='grc' dir='ltr'><strong>δὲ</strong></span> <span class='ocrx_word' id='word_1_428' title='bbox 3113 2482 3352 2549; x_wconf 72' lang='grc' dir='ltr'>ἔγκειται</span> <span class='ocrx_word' id='word_1_429' title='bbox 3396 2482 3666 2550; x_wconf 87' lang='grc' dir='ltr'>ποιότητι,</span> 
     </span>
    </p>
   </div>
   <div class='ocr_carea' id='block_1_58' title="bbox 2084 2570 3671 2645">
    <p class='ocr_par' dir='ltr' id='par_1_58' title="bbox 2084 2570 3671 2645">
     <span class='ocr_line' id='line_1_58' title="bbox 2084 2570 3671 2645; baseline -0.001 -19"><span class='ocrx_word' id='word_1_430' title='bbox 2084 2573 2334 2644; x_wconf 84' lang='grc' dir='ltr'>καθάπερ</span> <span class='ocrx_word' id='word_1_431' title='bbox 2370 2572 2586 2642; x_wconf 72' lang='grc' dir='ltr'>ἕτοιμόν</span> <span class='ocrx_word' id='word_1_432' title='bbox 2614 2590 2666 2624; x_wconf 92' lang='grc' dir='ltr'><strong>τι</strong></span> <span class='ocrx_word' id='word_1_433' title='bbox 2708 2573 2923 2645; x_wconf 88' lang='grc' dir='ltr'>χωρίον.</span> <span class='ocrx_word' id='word_1_434' title='bbox 2974 2572 3270 2642; x_wconf 87' lang='grc' dir='ltr'>Ποιότητας</span> <span class='ocrx_word' id='word_1_435' title='bbox 3296 2571 3352 2623; x_wconf 86' lang='grc' dir='ltr'>δὲ</span> <span class='ocrx_word' id='word_1_436' title='bbox 3392 2570 3671 2624; x_wconf 84' lang='grc' dir='ltr'>διατακτι-</span> 
     </span>
    </p>
   </div>
   <div class='ocr_carea' id='block_1_59' title="bbox 2085 2663 3670 2734">
    <p class='ocr_par' dir='ltr' id='par_1_59' title="bbox 2085 2663 3670 2734">
     <span class='ocr_line' id='line_1_59' title="bbox 2085 2663 3670 2734; baseline 0 -18"><span class='ocrx_word' id='word_1_437' title='bbox 2085 2663 2195 2726; x_wconf 86' lang='grc' dir='ltr'><strong>κῶς</strong></span> <span class='ocrx_word' id='word_1_438' title='bbox 2216 2664 2325 2734; x_wconf 72' lang='grc'>(21)</span> <span class='ocrx_word' id='word_1_439' title='bbox 2346 2663 2562 2733; x_wconf 84' lang='grc' dir='ltr'>λέγουσι</span> <span class='ocrx_word' id='word_1_440' title='bbox 2584 2664 2685 2727; x_wconf 81' lang='grc' dir='ltr'>τὰς</span> <span class='ocrx_word' id='word_1_441' title='bbox 2706 2664 2991 2734; x_wconf 79' lang='grc' dir='ltr'>ἐνεργείας</span> <span class='ocrx_word' id='word_1_442' title='bbox 3012 2663 3107 2715; x_wconf 72' lang='grc' dir='ltr'>καὶ</span> <span class='ocrx_word' id='word_1_443' title='bbox 3133 2664 3232 2726; x_wconf 86' lang='grc' dir='ltr'>τὰς</span> <span class='ocrx_word' id='word_1_444' title='bbox 3270 2663 3516 2732; x_wconf 84' lang='grc' dir='ltr'>ποιήσεις</span> <span class='ocrx_word' id='word_1_445' title='bbox 3554 2679 3670 2716; x_wconf 86' lang='grc' dir='ltr'>κοι-</span> 
     </span>
    </p>
   </div>
   <div class='ocr_carea' id='block_1_60' title="bbox 2086 2751 3672 2824">
    <p class='ocr_par' dir='ltr' id='par_1_60' title="bbox 2086 2751 3672 2824">
     <span class='ocr_line' id='line_1_60' title="bbox 2086 2751 3672 2824; baseline -0.002 -18"><span class='ocrx_word' id='word_1_446' title='bbox 2086 2753 2211 2817; x_wconf 81' lang='grc' dir='ltr'>νῶς,</span> <span class='ocrx_word' id='word_1_447' title='bbox 2239 2755 2295 2807; x_wconf 86' lang='grc' dir='ltr'><strong>ἐν</strong></span> <span class='ocrx_word' id='word_1_448' title='bbox 2328 2751 2415 2817; x_wconf 76' lang='grc' dir='ltr'>αἶς</span> <span class='ocrx_word' id='word_1_449' title='bbox 2458 2751 2597 2808; x_wconf 82' lang='grc' dir='ltr'>εἶναι</span> <span class='ocrx_word' id='word_1_450' title='bbox 2626 2753 2725 2818; x_wconf 79' lang='grc' dir='ltr'>τὰς</span> <span class='ocrx_word' id='word_1_451' title='bbox 2757 2754 3003 2824; x_wconf 79' lang='grc' dir='ltr'>κινήσεις</span> <span class='ocrx_word' id='word_1_452' title='bbox 3032 2753 3126 2805; x_wconf 71' lang='grc' dir='ltr'><strong>καὶ</strong></span> <span class='ocrx_word' id='word_1_453' title='bbox 3154 2752 3363 2821; x_wconf 84' lang='grc' dir='ltr'>σχέσεις</span> <span class='ocrx_word' id='word_1_454' title='bbox 3393 2751 3672 2822; x_wconf 77' lang='grc' dir='ltr'>συμϐέϐη-</span> 
     </span>
    </p>
   </div>
   <div class='ocr_carea' id='block_1_61' title="bbox 2087 2843 3669 2916">
    <p class='ocr_par' dir='ltr' id='par_1_61' title="bbox 2087 2843 3669 2916">
     <span class='ocr_line' id='line_1_61' title="bbox 2087 2843 3669 2916; baseline 0 -21"><span class='ocrx_word' id='word_1_455' title='bbox 2087 2861 2181 2895; x_wconf 88' lang='grc' dir='ltr'><strong>κεν</strong></span> <span class='ocrx_word' id='word_1_456' title='bbox 2200 2862 2212 2874; x_wconf 81' lang='grc'><em>’</em></span> <span class='ocrx_word' id='word_1_457' title='bbox 2232 2844 2353 2897; x_wconf 85' lang='grc' dir='ltr'>οὐδέ</span> <span class='ocrx_word' id='word_1_458' title='bbox 2370 2863 2509 2908; x_wconf 89' lang='grc' dir='ltr'>τινος</span> <span class='ocrx_word' id='word_1_459' title='bbox 2532 2845 2639 2916; x_wconf 75' lang='grc' dir='ltr'>γὰρ</span> <span class='ocrx_word' id='word_1_460' title='bbox 2670 2845 2874 2899; x_wconf 85' lang='grc' dir='ltr'>τούτων</span> <span class='ocrx_word' id='word_1_461' title='bbox 2906 2846 3045 2899; x_wconf 77' lang='grc' dir='ltr'>κατὰ</span> <span class='ocrx_word' id='word_1_462' title='bbox 3070 2845 3162 2898; x_wconf 88' lang='grc' dir='ltr'><strong>τὸν</strong></span> <span class='ocrx_word' id='word_1_463' title='bbox 3195 2844 3323 2899; x_wconf 80' lang='grc' dir='ltr'>ἴδιον</span> <span class='ocrx_word' id='word_1_464' title='bbox 3349 2843 3505 2912; x_wconf 87' lang='grc' dir='ltr'>λόγον</span> <span class='ocrx_word' id='word_1_465' title='bbox 3541 2861 3669 2913; x_wconf 85' lang='grc' dir='ltr'>μετ-</span> 
     </span>
    </p>
   </div>
   <div class='ocr_carea' id='block_1_62' title="bbox 2089 2933 3669 3007">
    <p class='ocr_par' dir='ltr' id='par_1_62' title="bbox 2089 2933 3669 3007">
     <span class='ocr_line' id='line_1_62' title="bbox 2089 2933 3669 3007; baseline 0 -19"><span class='ocrx_word' id='word_1_466' title='bbox 2089 2933 2234 3005; x_wconf 77' lang='grc' dir='ltr'>ἐχειν</span> <span class='ocrx_word' id='word_1_467' title='bbox 2280 2936 2410 3004; x_wconf 79' lang='grc' dir='ltr'>φασὶ</span> <span class='ocrx_word' id='word_1_468' title='bbox 2431 2936 2528 3007; x_wconf 82' lang='grc' dir='ltr'>τὴν</span> <span class='ocrx_word' id='word_1_469' title='bbox 2566 2936 2753 2989; x_wconf 77' lang='grc' dir='ltr'>οὐσίαν</span> <span class='ocrx_word' id='word_1_470' title='bbox 2774 2977 2788 3000; x_wconf 94' lang='grc'><strong>,</strong></span> <span class='ocrx_word' id='word_1_471' title='bbox 2817 2938 2904 2989; x_wconf 72' lang='grc' dir='ltr'>ἀεὶ</span> <span class='ocrx_word' id='word_1_472' title='bbox 2925 2937 2981 2989; x_wconf 88' lang='grc' dir='ltr'><strong>δέ</strong></span> <span class='ocrx_word' id='word_1_473' title='bbox 3004 2953 3146 2999; x_wconf 88' lang='grc' dir='ltr'>τινος</span> <span class='ocrx_word' id='word_1_474' title='bbox 3164 2935 3343 2988; x_wconf 80' lang='grc' dir='ltr'>αὐτῶν</span> <span class='ocrx_word' id='word_1_475' title='bbox 3368 2934 3669 3005; x_wconf 80' lang='grc' dir='ltr'>ἀχώριστον</span> 
     </span>
    </p>
   </div>
   <div class='ocr_carea' id='block_1_63' title="bbox 2090 3022 3668 3099">
    <p class='ocr_par' dir='ltr' id='par_1_63' title="bbox 2090 3022 3668 3099">
     <span class='ocr_line' id='line_1_63' title="bbox 2090 3022 3668 3099; baseline 0.001 -21"><span class='ocrx_word' id='word_1_476' title='bbox 2090 3022 2229 3079; x_wconf 77' lang='grc' dir='ltr'>εἶναι</span> <span class='ocrx_word' id='word_1_477' title='bbox 2261 3026 2421 3080; x_wconf 82' lang='grc' dir='ltr'>πάθει</span> <span class='ocrx_word' id='word_1_478' title='bbox 2446 3027 2627 3098; x_wconf 82' lang='grc' dir='ltr'>τήνδε,</span> <span class='ocrx_word' id='word_1_479' title='bbox 2665 3027 2817 3080; x_wconf 78' lang='grc' dir='ltr'>οὐδὲν</span> <span class='ocrx_word' id='word_1_480' title='bbox 2844 3023 3007 3099; x_wconf 83' lang='grc' dir='ltr'>ἦττον</span> <span class='ocrx_word' id='word_1_481' title='bbox 3034 3029 3129 3080; x_wconf 72' lang='grc' dir='ltr'><strong>καὶ</strong></span> <span class='ocrx_word' id='word_1_482' title='bbox 3154 3026 3441 3097; x_wconf 84' lang='grc' dir='ltr'>ἐπιδεκτὴν</span> <span class='ocrx_word' id='word_1_483' title='bbox 3478 3025 3668 3080; x_wconf 84' lang='grc' dir='ltr'>πασῶν</span> 
     </span>
    </p>
   </div>
   <div class='ocr_carea' id='block_1_64' title="bbox 398 3088 1976 3188">
    <p class='ocr_par' dir='ltr' id='par_1_64' title="bbox 398 3116 1976 3187">
     <span class='ocr_line' id='line_1_64' title="bbox 398 3116 1976 3187; baseline -0.004 -13"><span class='ocrx_word' id='word_1_484' title='bbox 398 3128 585 3174; x_wconf 90' lang='lat' dir='ltr'><strong>rentes</strong></span> <span class='ocrx_word' id='word_1_485' title='bbox 610 3162 626 3186; x_wconf 94' lang='lat'><strong>,</strong></span> <span class='ocrx_word' id='word_1_486' title='bbox 661 3129 878 3187; x_wconf 88' lang='lat' dir='ltr'><strong>propter</strong></span> <span class='ocrx_word' id='word_1_487' title='bbox 927 3134 1120 3187; x_wconf 87' lang='lat' dir='ltr'><strong>panem</strong></span> <span class='ocrx_word' id='word_1_488' title='bbox 1162 3117 1433 3170; x_wconf 76' lang='grc' dir='ltr'>ἐπιούσιον</span> <span class='ocrx_word' id='word_1_489' title='bbox 1463 3116 1896 3180; x_wconf 79' lang='lat' dir='ltr'><strong>substantialent,</strong></span> <span class='ocrx_word' id='word_1_490' title='bbox 1930 3124 1976 3169; x_wconf 90' lang='lat' dir='ltr'><strong>el</strong></span> 
     </span>
    </p>
   </div>
   <div class='ocr_carea' id='block_1_65' title="bbox 2086 3088 3669 3188">
    <p class='ocr_par' dir='ltr' id='par_1_65' title="bbox 2086 3116 3669 3188">
     <span class='ocr_line' id='line_1_65' title="bbox 2086 3116 3669 3188; baseline -0.003 -16"><span class='ocrx_word' id='word_1_491' title='bbox 2086 3118 2193 3172; x_wconf 85' lang='grc' dir='ltr'><strong>τῶν</strong></span> <span class='ocrx_word' id='word_1_492' title='bbox 2220 3116 2316 3170; x_wconf 88' lang='grc' dir='ltr'><strong>τοῦ</strong></span> <span class='ocrx_word' id='word_1_493' title='bbox 2347 3117 2629 3181; x_wconf 87' lang='grc' dir='ltr'>ποιοῦντος</span> <span class='ocrx_word' id='word_1_494' title='bbox 2663 3118 2953 3188; x_wconf 83' lang='grc' dir='ltr'>ἐνεργειῶν</span> <span class='ocrx_word' id='word_1_495' title='bbox 2998 3118 3072 3181; x_wconf 86' lang='grc' dir='ltr'>ὡς</span> <span class='ocrx_word' id='word_1_496' title='bbox 3105 3117 3169 3171; x_wconf 86' lang='grc' dir='ltr'><strong>ἂν</strong></span> <span class='ocrx_word' id='word_1_497' title='bbox 3197 3118 3374 3171; x_wconf 86' lang='grc' dir='ltr'>ἐκεῖνο</span> <span class='ocrx_word' id='word_1_498' title='bbox 3406 3119 3531 3187; x_wconf 84' lang='grc' dir='ltr'>ποιῇ</span> <span class='ocrx_word' id='word_1_499' title='bbox 3571 3118 3669 3170; x_wconf 77' lang='grc' dir='ltr'>καὶ</span> 
     </span>
    </p>
   </div>
   <div class='ocr_carea' id='block_1_66' title="bbox 394 3206 1980 3280">
    <p class='ocr_par' dir='ltr' id='par_1_66' title="bbox 394 3206 1980 3280">
     <span class='ocr_line' id='line_1_66' title="bbox 394 3206 1980 3280; baseline 0 -20"><span class='ocrx_word' id='word_1_500' title='bbox 394 3208 648 3280; x_wconf 87' lang='lat' dir='ltr'><strong>populum</strong></span> <span class='ocrx_word' id='word_1_501' title='bbox 662 3208 969 3277; x_wconf 84' lang='grc' dir='ltr'>περιούσιον</span> <span class='ocrx_word' id='word_1_502' title='bbox 991 3208 1336 3277; x_wconf 87' lang='lat' dir='ltr'><strong>peculiarem,</strong></span> <span class='ocrx_word' id='word_1_503' title='bbox 1356 3207 1420 3258; x_wconf 88' lang='lat' dir='ltr'><strong>ad</strong></span> <span class='ocrx_word' id='word_1_504' title='bbox 1435 3206 1845 3274; x_wconf 74' lang='lat' dir='ltr'><strong>distinguendas</strong></span> <span class='ocrx_word' id='word_1_505' title='bbox 1859 3208 1980 3261; x_wconf 84' lang='lat' dir='ltr'><strong>sub-</strong></span> 
     </span>
    </p>
   </div>
   <div class='ocr_carea' id='block_1_67' title="bbox 397 3296 1983 3369">
    <p class='ocr_par' dir='ltr' id='par_1_67' title="bbox 397 3296 1983 3369">
     <span class='ocr_line' id='line_1_67' title="bbox 397 3296 1983 3369; baseline -0.002 -13"><span class='ocrx_word' id='word_1_506' title='bbox 397 3301 609 3356; x_wconf 67' lang='lat' dir='ltr'><strong>SIantize</strong></span> <span class='ocrx_word' id='word_1_507' title='bbox 661 3301 843 3354; x_wconf 88' lang='lat' dir='ltr'><strong>varias</strong></span> <span class='ocrx_word' id='word_1_508' title='bbox 884 3300 1309 3369; x_wconf 77' lang='lat' dir='ltr'><strong>signiﬁcationes</strong></span> <span class='ocrx_word' id='word_1_509' title='bbox 1358 3299 1471 3351; x_wconf 77' lang='lat' dir='ltr'><strong>lucc</strong></span> <span class='ocrx_word' id='word_1_510' title='bbox 1509 3296 1780 3361; x_wconf 80' lang='lat' dir='ltr'><strong>diximus,</strong></span> <span class='ocrx_word' id='word_1_511' title='bbox 1828 3298 1983 3368; x_wconf 85' lang='lat' dir='ltr'><strong>panis</strong></span> 
     </span>
    </p>
   </div>
   <div class='ocr_carea' id='block_1_68' title="bbox 394 3389 1978 3460">
    <p class='ocr_par' dir='ltr' id='par_1_68' title="bbox 394 3389 1978 3460">
     <span class='ocr_line' id='line_1_68' title="bbox 394 3389 1978 3460; baseline -0.001 -15"><span class='ocrx_word' id='word_1_512' title='bbox 394 3407 525 3445; x_wconf 91' lang='lat' dir='ltr'><strong>vero</strong></span> <span class='ocrx_word' id='word_1_513' title='bbox 555 3391 607 3444; x_wconf 90' lang='lat' dir='ltr'><strong>in</strong></span> <span class='ocrx_word' id='word_1_514' title='bbox 644 3392 1017 3460; x_wconf 79' lang='lat' dir='ltr'><strong>superioribus</strong></span> <span class='ocrx_word' id='word_1_515' title='bbox 1070 3389 1454 3445; x_wconf 86' lang='lat' dir='ltr'><strong>intellectualis</strong></span> <span class='ocrx_word' id='word_1_516' title='bbox 1506 3399 1627 3446; x_wconf 89' lang='lat' dir='ltr'><strong>erat</strong></span> <span class='ocrx_word' id='word_1_517' title='bbox 1683 3404 1844 3458; x_wconf 92' lang='lat' dir='ltr'><strong>quem</strong></span> <span class='ocrx_word' id='word_1_518' title='bbox 1878 3404 1978 3444; x_wconf 87' lang='lat' dir='ltr'><strong>nos</strong></span> 
     </span>
    </p>
   </div>
   <div class='ocr_carea' id='block_1_69' title="bbox 394 3480 1981 3552">
    <p class='ocr_par' dir='ltr' id='par_1_69' title="bbox 394 3480 1981 3552">
     <span class='ocr_line' id='line_1_69' title="bbox 394 3480 1981 3552; baseline -0.001 -15"><span class='ocrx_word' id='word_1_519' title='bbox 394 3493 578 3552; x_wconf 81' lang='lat' dir='ltr'><strong>petere</strong></span> <span class='ocrx_word' id='word_1_520' title='bbox 609 3490 885 3551; x_wconf 87' lang='lat' dir='ltr'><strong>oporteret</strong></span> <span class='ocrx_word' id='word_1_521' title='bbox 924 3500 936 3534; x_wconf 93' lang='lat'>:</span> <span class='ocrx_word' id='word_1_522' title='bbox 971 3480 1286 3535; x_wconf 88' lang='lat' dir='ltr'><strong>necessario</strong></span> <span class='ocrx_word' id='word_1_523' title='bbox 1343 3481 1648 3535; x_wconf 88' lang='lat' dir='ltr'><strong>substantia</strong></span> <span class='ocrx_word' id='word_1_524' title='bbox 1710 3481 1832 3550; x_wconf 87' lang='lat' dir='ltr'><strong>pani</strong></span> <span class='ocrx_word' id='word_1_525' title='bbox 1888 3496 1981 3535; x_wconf 84' lang='lat' dir='ltr'><strong>co-</strong></span> 
     </span>
    </p>
   </div>
   <div class='ocr_carea' id='block_1_70' title="bbox 393 3572 1976 3644">
    <p class='ocr_par' dir='ltr' id='par_1_70' title="bbox 393 3572 1976 3644">
     <span class='ocr_line' id='line_1_70' title="bbox 393 3572 1976 3644; baseline -0.001 -18"><span class='ocrx_word' id='word_1_526' title='bbox 393 3582 554 3644; x_wconf 77' lang='lat' dir='ltr'><strong>gnata</strong></span> <span class='ocrx_word' id='word_1_527' title='bbox 588 3573 932 3643; x_wconf 80' lang='lat' dir='ltr'><strong>intelligenda</strong></span> <span class='ocrx_word' id='word_1_528' title='bbox 959 3582 1061 3639; x_wconf 87' lang='lat' dir='ltr'><strong>est,</strong></span> <span class='ocrx_word' id='word_1_529' title='bbox 1095 3582 1153 3624; x_wconf 90' lang='lat' dir='ltr'><strong>ut</strong></span> <span class='ocrx_word' id='word_1_530' title='bbox 1186 3572 1324 3626; x_wconf 87' lang='lat' dir='ltr'><strong>sicut</strong></span> <span class='ocrx_word' id='word_1_531' title='bbox 1361 3586 1663 3640; x_wconf 88' lang='lat' dir='ltr'><strong>corporeus</strong></span> <span class='ocrx_word' id='word_1_532' title='bbox 1715 3572 1871 3640; x_wconf 86' lang='lat' dir='ltr'><strong>panis</strong></span> <span class='ocrx_word' id='word_1_533' title='bbox 1924 3572 1976 3625; x_wconf 90' lang='lat' dir='ltr'><strong>in</strong></span> 
     </span>
    </p>
   </div>
   <div class='ocr_carea' id='block_1_71' title="bbox 391 3661 1976 3733">
    <p class='ocr_par' dir='ltr' id='par_1_71' title="bbox 391 3661 1976 3733">
     <span class='ocr_line' id='line_1_71' title="bbox 391 3661 1976 3733; baseline -0.001 -15"><span class='ocrx_word' id='word_1_534' title='bbox 391 3664 508 3733; x_wconf 82' lang='lat' dir='ltr'><strong>ejus</strong></span> <span class='ocrx_word' id='word_1_535' title='bbox 545 3664 635 3732; x_wconf 91' lang='lat' dir='ltr'><strong>qui</strong></span> <span class='ocrx_word' id='word_1_536' title='bbox 671 3665 909 3717; x_wconf 89' lang='lat' dir='ltr'><strong>nutritur</strong></span> <span class='ocrx_word' id='word_1_537' title='bbox 955 3678 1154 3732; x_wconf 90' lang='lat' dir='ltr'><strong>corpus</strong></span> <span class='ocrx_word' id='word_1_538' title='bbox 1207 3662 1484 3716; x_wconf 84' lang='lat' dir='ltr'><strong>immissus</strong></span> <span class='ocrx_word' id='word_1_539' title='bbox 1539 3661 1683 3715; x_wconf 84' lang='lat' dir='ltr'><strong>cedit</strong></span> <span class='ocrx_word' id='word_1_540' title='bbox 1714 3662 1766 3715; x_wconf 91' lang='lat' dir='ltr'><strong>in</strong></span> <span class='ocrx_word' id='word_1_541' title='bbox 1806 3663 1976 3732; x_wconf 88' lang='lat' dir='ltr'><strong>ipsius</strong></span> 
     </span>
    </p>
   </div>
   <div class='ocr_carea' id='block_1_72' title="bbox 393 3752 1977 3821">
    <p class='ocr_par' dir='ltr' id='par_1_72' title="bbox 393 3752 1977 3821">
     <span class='ocr_line' id='line_1_72' title="bbox 393 3752 1977 3821; baseline 0.001 -15"><span class='ocrx_word' id='word_1_542' title='bbox 393 3754 751 3807; x_wconf 88' lang='lat' dir='ltr'><strong>substantiam</strong></span> <span class='ocrx_word' id='word_1_543' title='bbox 792 3772 804 3807; x_wconf 92' lang='lat'><strong>:</strong></span> <span class='ocrx_word' id='word_1_544' title='bbox 838 3754 915 3807; x_wconf 90' lang='lat' dir='ltr'><strong>sic</strong></span> <span class='ocrx_word' id='word_1_545' title='bbox 944 3755 1100 3821; x_wconf 82' lang='lat' dir='ltr'><strong>panis</strong></span> <span class='ocrx_word' id='word_1_546' title='bbox 1129 3754 1282 3806; x_wconf 88' lang='lat' dir='ltr'><strong>vivus</strong></span> <span class='ocrx_word' id='word_1_547' title='bbox 1314 3753 1404 3821; x_wconf 89' lang='lat' dir='ltr'><strong>qui</strong></span> <span class='ocrx_word' id='word_1_548' title='bbox 1435 3752 1501 3807; x_wconf 88' lang='lat' dir='ltr'><strong>de</strong></span> <span class='ocrx_word' id='word_1_549' title='bbox 1531 3753 1669 3808; x_wconf 73' lang='lat' dir='ltr'><strong>coelo</strong></span> <span class='ocrx_word' id='word_1_550' title='bbox 1701 3755 1977 3808; x_wconf 87' lang='lat' dir='ltr'><strong>descendit</strong></span> 
     </span>
    </p>
   </div>
   <div class='ocr_carea' id='block_1_73' title="bbox 393 3842 1974 3899">
    <p class='ocr_par' dir='ltr' id='par_1_73' title="bbox 393 3842 1974 3899">
     <span class='ocr_line' id='line_1_73' title="bbox 393 3842 1974 3899; baseline 0.001 -2"><span class='ocrx_word' id='word_1_551' title='bbox 393 3842 447 3897; x_wconf 90' lang='lat' dir='ltr'><strong>in</strong></span> <span class='ocrx_word' id='word_1_552' title='bbox 480 3854 713 3897; x_wconf 87' lang='lat' dir='ltr'><strong>mentem</strong></span> <span class='ocrx_word' id='word_1_553' title='bbox 740 3854 794 3898; x_wconf 87' lang='lat' dir='ltr'><strong>et</strong></span> <span class='ocrx_word' id='word_1_554' title='bbox 821 3846 1057 3898; x_wconf 88' lang='lat' dir='ltr'><strong>animam</strong></span> <span class='ocrx_word' id='word_1_555' title='bbox 1087 3845 1362 3899; x_wconf 89' lang='lat' dir='ltr'><strong>immissus</strong></span> <span class='ocrx_word' id='word_1_556' title='bbox 1399 3859 1554 3899; x_wconf 89' lang='lat' dir='ltr'><strong>suam</strong></span> <span class='ocrx_word' id='word_1_557' title='bbox 1588 3845 1637 3899; x_wconf 89' lang='lat' dir='ltr'><strong>ei</strong></span> <span class='ocrx_word' id='word_1_558' title='bbox 1665 3847 1974 3899; x_wconf 88' lang='lat' dir='ltr'><strong>communi-</strong></span> 
     </span>
    </p>
   </div>
   <div class='ocr_carea' id='block_1_74' title="bbox 394 3934 1974 4008">
    <p class='ocr_par' dir='ltr' id='par_1_74' title="bbox 394 3934 1974 4008">
     <span class='ocr_line' id='line_1_74' title="bbox 394 3934 1974 4008; baseline -0.001 -18"><span class='ocrx_word' id='word_1_559' title='bbox 394 3944 487 3990; x_wconf 90' lang='lat' dir='ltr'><strong>cet</strong></span> <span class='ocrx_word' id='word_1_560' title='bbox 519 3934 777 3988; x_wconf 89' lang='lat' dir='ltr'><strong>virtutem</strong></span> <span class='ocrx_word' id='word_1_561' title='bbox 812 3937 901 4003; x_wconf 88' lang='lat' dir='ltr'><strong>qni</strong></span> <span class='ocrx_word' id='word_1_562' title='bbox 933 3952 990 3990; x_wconf 90' lang='lat' dir='ltr'><strong>se</strong></span> <span class='ocrx_word' id='word_1_563' title='bbox 1017 3938 1367 3992; x_wconf 89' lang='lat' dir='ltr'><strong>nutriendum</strong></span> <span class='ocrx_word' id='word_1_564' title='bbox 1396 3939 1499 4008; x_wconf 88' lang='lat' dir='ltr'><strong>ipsi</strong></span> <span class='ocrx_word' id='word_1_565' title='bbox 1534 3939 1847 4008; x_wconf 67' lang='lat' dir='ltr'><strong>praebuerit.</strong></span> <span class='ocrx_word' id='word_1_566' title='bbox 1877 3939 1974 3990; x_wconf 85' lang='lat' dir='ltr'><strong>At-</strong></span> 
     </span>
    </p>
   </div>
   <div class='ocr_carea' id='block_1_75' title="bbox 393 4023 1971 4096">
    <p class='ocr_par' dir='ltr' id='par_1_75' title="bbox 393 4023 1971 4096">
     <span class='ocr_line' id='line_1_75' title="bbox 393 4023 1971 4096; baseline 0.004 -20"><span class='ocrx_word' id='word_1_567' title='bbox 393 4038 500 4091; x_wconf 90' lang='lat' dir='ltr'><strong>que</strong></span> <span class='ocrx_word' id='word_1_568' title='bbox 530 4025 601 4077; x_wconf 91' lang='lat' dir='ltr'><strong>ita</strong></span> <span class='ocrx_word' id='word_1_569' title='bbox 633 4025 737 4077; x_wconf 89' lang='lat' dir='ltr'><strong>erit</strong></span> <span class='ocrx_word' id='word_1_570' title='bbox 766 4023 855 4078; x_wconf 85' lang='lat' dir='ltr'><strong>ille</strong></span> <span class='ocrx_word' id='word_1_571' title='bbox 883 4040 1041 4093; x_wconf 89' lang='lat' dir='ltr'><strong>quem</strong></span> <span class='ocrx_word' id='word_1_572' title='bbox 1078 4026 1307 4093; x_wconf 88' lang='lat' dir='ltr'><strong>petimus</strong></span> <span class='ocrx_word' id='word_1_573' title='bbox 1326 4066 1343 4094; x_wconf 90' lang='lat'><strong>,</strong></span> <span class='ocrx_word' id='word_1_574' title='bbox 1387 4028 1541 4096; x_wconf 87' lang='lat' dir='ltr'><strong>panis</strong></span> <span class='ocrx_word' id='word_1_575' title='bbox 1571 4028 1971 4083; x_wconf 79' lang='lat' dir='ltr'><strong>substantialis.</strong></span> 
     </span>
    </p>
   </div>
   <div class='ocr_carea' id='block_1_76' title="bbox 394 4117 1969 4187">
    <p class='ocr_par' dir='ltr' id='par_1_76' title="bbox 394 4117 1969 4187">
     <span class='ocr_line' id='line_1_76' title="bbox 394 4117 1969 4187; baseline 0.001 -18"><span class='ocrx_word' id='word_1_576' title='bbox 394 4117 602 4171; x_wconf 70' lang='lat' dir='ltr'><strong>Rursus</strong></span> <span class='ocrx_word' id='word_1_577' title='bbox 637 4132 652 4169; x_wconf 88' lang='lat'><strong>:</strong></span> <span class='ocrx_word' id='word_1_578' title='bbox 683 4117 1313 4185; x_wconf 82' lang='lat' dir='ltr'><strong>quemadmodumjuxta</strong></span> <span class='ocrx_word' id='word_1_579' title='bbox 1352 4119 1597 4173; x_wconf 90' lang='lat' dir='ltr'><strong>alimenti</strong></span> <span class='ocrx_word' id='word_1_580' title='bbox 1632 4118 1969 4187; x_wconf 86' lang='lat' dir='ltr'><strong>qualitatem,</strong></span> 
     </span>
    </p>
   </div>
   <div class='ocr_carea' id='block_1_77' title="bbox 389 4205 1972 4278">
    <p class='ocr_par' dir='ltr' id='par_1_77' title="bbox 389 4205 1972 4278">
     <span class='ocr_line' id='line_1_77' title="bbox 389 4205 1972 4278; baseline 0.003 -19"><span class='ocrx_word' id='word_1_581' title='bbox 389 4206 534 4278; x_wconf 90' lang='lat' dir='ltr'><strong>quod</strong></span> <span class='ocrx_word' id='word_1_582' title='bbox 566 4215 659 4260; x_wconf 89' lang='lat' dir='ltr'><strong>aut</strong></span> <span class='ocrx_word' id='word_1_583' title='bbox 689 4205 920 4260; x_wconf 89' lang='lat' dir='ltr'><strong>solidum</strong></span> <span class='ocrx_word' id='word_1_584' title='bbox 965 4208 1035 4261; x_wconf 89' lang='lat' dir='ltr'><strong>sit</strong></span> <span class='ocrx_word' id='word_1_585' title='bbox 1082 4206 1413 4277; x_wconf 87' lang='lat' dir='ltr'><strong>athletisque</strong></span> <span class='ocrx_word' id='word_1_586' title='bbox 1451 4208 1782 4263; x_wconf 82' lang='lat' dir='ltr'><strong>conveniens</strong></span> <span class='ocrx_word' id='word_1_587' title='bbox 1812 4248 1827 4272; x_wconf 88' lang='lat'><strong>,</strong></span> <span class='ocrx_word' id='word_1_588' title='bbox 1879 4218 1972 4263; x_wconf 83' lang='lat' dir='ltr'><strong>aut</strong></span> 
     </span>
    </p>
   </div>
   <div class='ocr_carea' id='block_1_78' title="bbox 390 4297 1965 4367">
    <p class='ocr_par' dir='ltr' id='par_1_78' title="bbox 390 4297 1965 4367">
     <span class='ocr_line' id='line_1_78' title="bbox 390 4297 1965 4367; baseline 0.006 -18"><span class='ocrx_word' id='word_1_589' title='bbox 390 4297 621 4352; x_wconf 88' lang='lat' dir='ltr'><strong>lacteum</strong></span> <span class='ocrx_word' id='word_1_590' title='bbox 653 4297 961 4354; x_wconf 82' lang='lat' dir='ltr'><strong>oleribusve</strong></span> <span class='ocrx_word' id='word_1_591' title='bbox 1022 4300 1221 4363; x_wconf 89' lang='lat' dir='ltr'><strong>simile,</strong></span> <span class='ocrx_word' id='word_1_592' title='bbox 1252 4301 1483 4355; x_wconf 66' lang='lat' dir='ltr'><strong>diversae</strong></span> <span class='ocrx_word' id='word_1_593' title='bbox 1518 4310 1647 4354; x_wconf 91' lang='lat' dir='ltr'><strong>sunt</strong></span> <span class='ocrx_word' id='word_1_594' title='bbox 1672 4299 1787 4367; x_wconf 90' lang='lat' dir='ltr'><strong>ejus</strong></span> <span class='ocrx_word' id='word_1_595' title='bbox 1821 4303 1965 4358; x_wconf 76' lang='lat' dir='ltr'><strong>vires</strong></span> 
     </span>
    </p>
   </div>
   <div class='ocr_carea' id='block_1_79' title="bbox 2087 3206 3667 3280">
    <p class='ocr_par' dir='ltr' id='par_1_79' title="bbox 2087 3206 3667 3280">
     <span class='ocr_line' id='line_1_79' title="bbox 2087 3206 3667 3280; baseline 0.001 -20"><span class='ocrx_word' id='word_1_596' title='bbox 2087 3207 2425 3280; x_wconf 80' lang='grc' dir='ltr'>μεταϐάλλῃ’</span> <span class='ocrx_word' id='word_1_597' title='bbox 2459 3210 2487 3261; x_wconf 87' lang='grc' dir='ltr'>ὁ</span> <span class='ocrx_word' id='word_1_598' title='bbox 2519 3207 2627 3279; x_wconf 81' lang='grc' dir='ltr'>γὰρ</span> <span class='ocrx_word' id='word_1_599' title='bbox 2664 3207 2836 3262; x_wconf 89' lang='grc' dir='ltr'>συνὼν</span> <span class='ocrx_word' id='word_1_600' title='bbox 2888 3208 3023 3279; x_wconf 81' lang='grc' dir='ltr'>αὐτῇ</span> <span class='ocrx_word' id='word_1_601' title='bbox 3071 3207 3254 3271; x_wconf 89' lang='grc' dir='ltr'>τόνος,</span> <span class='ocrx_word' id='word_1_602' title='bbox 3282 3207 3377 3259; x_wconf 77' lang='grc' dir='ltr'><strong>καὶ</strong></span> <span class='ocrx_word' id='word_1_603' title='bbox 3404 3206 3474 3259; x_wconf 84' lang='grc' dir='ltr'>δι’</span> <span class='ocrx_word' id='word_1_604' title='bbox 3527 3206 3667 3262; x_wconf 83' lang='grc' dir='ltr'>ὅλων</span> 
     </span>
    </p>
   </div>
   <div class='ocr_carea' id='block_1_80' title="bbox 2081 3298 3669 3371">
    <p class='ocr_par' dir='ltr' id='par_1_80' title="bbox 2081 3298 3669 3371">
     <span class='ocr_line' id='line_1_80' title="bbox 2081 3298 3669 3371; baseline -0.001 -20"><span class='ocrx_word' id='word_1_605' title='bbox 2081 3298 2416 3371; x_wconf 85' lang='grc' dir='ltr'>κεχωρηκὼς</span> <span class='ocrx_word' id='word_1_606' title='bbox 2439 3339 2453 3363; x_wconf 97' lang='grc'><strong>,</strong></span> <span class='ocrx_word' id='word_1_607' title='bbox 2488 3301 2669 3370; x_wconf 88' lang='grc' dir='ltr'>πάσης</span> <span class='ocrx_word' id='word_1_608' title='bbox 2700 3318 2761 3352; x_wconf 87' lang='grc' dir='ltr'><strong>τε</strong></span> <span class='ocrx_word' id='word_1_609' title='bbox 2789 3300 3075 3370; x_wconf 84' lang='grc' dir='ltr'>ποιότητος</span> <span class='ocrx_word' id='word_1_610' title='bbox 3121 3301 3216 3352; x_wconf 76' lang='grc' dir='ltr'><strong>καὶ</strong></span> <span class='ocrx_word' id='word_1_611' title='bbox 3243 3299 3350 3352; x_wconf 83' lang='grc' dir='ltr'>τῶν</span> <span class='ocrx_word' id='word_1_612' title='bbox 3393 3300 3521 3370; x_wconf 79' lang='grc' dir='ltr'>περὶ</span> <span class='ocrx_word' id='word_1_613' title='bbox 3568 3300 3669 3351; x_wconf 84' lang='grc' dir='ltr'>αύ-</span> 
     </span>
    </p>
   </div>
   <div class='ocr_carea' id='block_1_81' title="bbox 2080 3388 3662 3461">
    <p class='ocr_par' dir='ltr' id='par_1_81' title="bbox 2080 3388 3662 3461">
     <span class='ocr_line' id='line_1_81' title="bbox 2080 3388 3662 3461; baseline -0.004 -16"><span class='ocrx_word' id='word_1_614' title='bbox 2080 3392 2179 3461; x_wconf 81' lang='grc' dir='ltr'>τὴν</span> <span class='ocrx_word' id='word_1_615' title='bbox 2208 3390 2380 3453; x_wconf 77' lang='grc' dir='ltr'>αἴτιος</span> <span class='ocrx_word' id='word_1_616' title='bbox 2406 3390 2472 3445; x_wconf 82' lang='grc' dir='ltr'><strong>ἂν</strong></span> <span class='ocrx_word' id='word_1_617' title='bbox 2505 3390 2825 3461; x_wconf 81' lang='grc' dir='ltr'>οἰκονομιῶν</span> <span class='ocrx_word' id='word_1_618' title='bbox 2858 3391 2990 3461; x_wconf 70' lang='grc'>(22).</span> <span class='ocrx_word' id='word_1_619' title='bbox 3028 3389 3106 3442; x_wconf 81' lang='grc' dir='ltr'><strong>Δι’</strong></span> <span class='ocrx_word' id='word_1_620' title='bbox 3135 3390 3271 3445; x_wconf 85' lang='grc' dir='ltr'>ὅλων</span> <span class='ocrx_word' id='word_1_621' title='bbox 3293 3407 3353 3442; x_wconf 89' lang='grc' dir='ltr'><strong>τε</strong></span> <span class='ocrx_word' id='word_1_622' title='bbox 3382 3388 3662 3459; x_wconf 76' lang='grc' dir='ltr'>μεταϐλη-</span> 
     </span>
    </p>
   </div>
   <div class='ocr_carea' id='block_1_82' title="bbox 2077 3478 3667 3555">
    <p class='ocr_par' dir='ltr' id='par_1_82' title="bbox 2077 3478 3667 3555">
     <span class='ocr_line' id='line_1_82' title="bbox 2077 3478 3667 3555; baseline -0.002 -20"><span class='ocrx_word' id='word_1_623' title='bbox 2077 3484 2210 3554; x_wconf 74' lang='grc' dir='ltr'>τὴν,</span> <span class='ocrx_word' id='word_1_624' title='bbox 2260 3485 2355 3538; x_wconf 75' lang='grc' dir='ltr'><strong>καὶ</strong></span> <span class='ocrx_word' id='word_1_625' title='bbox 2403 3484 2468 3550; x_wconf 79' lang='grc' dir='ltr'>δι’</span> <span class='ocrx_word' id='word_1_626' title='bbox 2519 3484 2654 3539; x_wconf 87' lang='grc' dir='ltr'>ὅλων</span> <span class='ocrx_word' id='word_1_627' title='bbox 2715 3483 2989 3555; x_wconf 89' lang='grc' dir='ltr'>διαιρετὴν</span> <span class='ocrx_word' id='word_1_628' title='bbox 3040 3482 3290 3550; x_wconf 86' lang='grc' dir='ltr'>λέγουσιν</span> <span class='ocrx_word' id='word_1_629' title='bbox 3337 3478 3473 3535; x_wconf 84' lang='grc' dir='ltr'>εἶναι</span> <span class='ocrx_word' id='word_1_630' title='bbox 3498 3521 3512 3546; x_wconf 95' lang='grc'><strong>,</strong></span> <span class='ocrx_word' id='word_1_631' title='bbox 3568 3481 3667 3534; x_wconf 78' lang='grc' dir='ltr'>καὶ</span> 
     </span>
    </p>
   </div>
   <div class='ocr_carea' id='block_1_83' title="bbox 2077 3558 3666 3648">
    <p class='ocr_par' dir='ltr' id='par_1_83' title="bbox 2077 3558 3666 3648">
     <span class='ocr_line' id='line_1_83' title="bbox 2077 3558 3666 3648; baseline -0.001 -19"><span class='ocrx_word' id='word_1_632' title='bbox 2077 3579 2258 3630; x_wconf 76' lang='grc' dir='ltr'>πᾶσαν</span> <span class='ocrx_word' id='word_1_633' title='bbox 2300 3577 2485 3630; x_wconf 85' lang='grc' dir='ltr'>ούσίαν</span> <span class='ocrx_word' id='word_1_634' title='bbox 2534 3577 2684 3648; x_wconf 83' lang='grc' dir='ltr'>πάσῃ</span> <span class='ocrx_word' id='word_1_635' title='bbox 2728 3576 3040 3647; x_wconf 87' lang='grc' dir='ltr'>συγχεῖσθαι</span> <span class='ocrx_word' id='word_1_636' title='bbox 3086 3574 3383 3642; x_wconf 88' lang='grc' dir='ltr'>δύνασθαι,</span> <span class='ocrx_word' id='word_1_637' title='bbox 3438 3558 3666 3646; x_wconf 70' lang='grc' dir='ltr'>’ἡνωμέ-</span> 
     </span>
    </p>
   </div>
   <div class='ocr_carea' id='block_1_84' title="bbox 2075 3666 3661 3741">
    <p class='ocr_par' dir='ltr' id='par_1_84' title="bbox 2075 3666 3661 3741">
     <span class='ocr_line' id='line_1_84' title="bbox 2075 3666 3661 3741; baseline -0.002 -19"><span class='ocrx_word' id='word_1_638' title='bbox 2075 3685 2173 3739; x_wconf 90' lang='grc' dir='ltr'><strong>νην</strong></span> <span class='ocrx_word' id='word_1_639' title='bbox 2198 3666 2309 3741; x_wconf 75' lang='lat'><strong>(‘23)</strong></span> <span class='ocrx_word' id='word_1_640' title='bbox 2341 3669 2543 3739; x_wconf 87' lang='grc' dir='ltr'>μέντοι.</span> <span class='ocrx_word' id='word_1_641' title='bbox 2588 3670 2738 3721; x_wconf 79' lang='grc' dir='ltr'>Ἐπεὶ</span> <span class='ocrx_word' id='word_1_642' title='bbox 2763 3669 2819 3723; x_wconf 83' lang='grc' dir='ltr'><strong>δὲ</strong></span> <span class='ocrx_word' id='word_1_643' title='bbox 2844 3668 2971 3739; x_wconf 77' lang='grc' dir='ltr'>περὶ</span> <span class='ocrx_word' id='word_1_644' title='bbox 3003 3668 3100 3740; x_wconf 86' lang='grc' dir='ltr'><strong>τῆς</strong></span> <span class='ocrx_word' id='word_1_645' title='bbox 3130 3668 3320 3730; x_wconf 78' lang='grc' dir='ltr'>οὐσίας</span> <span class='ocrx_word' id='word_1_646' title='bbox 3354 3666 3661 3737; x_wconf 80' lang='grc' dir='ltr'>ζητοῦντες,</span> 
     </span>
    </p>
   </div>
   <div class='ocr_carea' id='block_1_85' title="bbox 2074 3757 3659 3830">
    <p class='ocr_par' dir='ltr' id='par_1_85' title="bbox 2074 3757 3659 3830">
     <span class='ocr_line' id='line_1_85' title="bbox 2074 3757 3659 3830; baseline -0.001 -17"><span class='ocrx_word' id='word_1_647' title='bbox 2074 3760 2161 3814; x_wconf 80' lang='grc' dir='ltr'>διὰ</span> <span class='ocrx_word' id='word_1_648' title='bbox 2196 3760 2286 3813; x_wconf 86' lang='grc' dir='ltr'><strong>τὸν</strong></span> <span class='ocrx_word' id='word_1_649' title='bbox 2319 3760 2591 3815; x_wconf 79' lang='grc' dir='ltr'>ἐπιούσιον</span> <span class='ocrx_word' id='word_1_650' title='bbox 2633 3761 2814 3830; x_wconf 76' lang='grc' dir='ltr'>ἄρτον,</span> <span class='ocrx_word' id='word_1_651' title='bbox 2862 3760 2957 3813; x_wconf 80' lang='grc' dir='ltr'><strong>καὶ</strong></span> <span class='ocrx_word' id='word_1_652' title='bbox 3011 3760 3101 3812; x_wconf 82' lang='grc' dir='ltr'><strong>τὸν</strong></span> <span class='ocrx_word' id='word_1_653' title='bbox 3157 3757 3465 3830; x_wconf 84' lang='grc' dir='ltr'>περιούσιον</span> <span class='ocrx_word' id='word_1_654' title='bbox 3510 3758 3659 3825; x_wconf 82' lang='grc' dir='ltr'>λαὸν,</span> 
     </span>
    </p>
   </div>
   <div class='ocr_carea' id='block_1_86' title="bbox 2074 3850 3664 3923">
    <p class='ocr_par' dir='ltr' id='par_1_86' title="bbox 2074 3850 3664 3923">
     <span class='ocr_line' id='line_1_86' title="bbox 2074 3850 3664 3923; baseline -0.001 -19"><span class='ocrx_word' id='word_1_655' title='bbox 2074 3854 2154 3915; x_wconf 89' lang='grc' dir='ltr'><strong>είς</strong></span> <span class='ocrx_word' id='word_1_656' title='bbox 2184 3852 2335 3905; x_wconf 79' lang='grc' dir='ltr'>τὸτὰ</span> <span class='ocrx_word' id='word_1_657' title='bbox 2367 3852 2695 3923; x_wconf 89' lang='grc' dir='ltr'>σημαίνοντα</span> <span class='ocrx_word' id='word_1_658' title='bbox 2740 3850 3082 3923; x_wconf 83' lang='grc' dir='ltr'>διακριθῆναι</span> <span class='ocrx_word' id='word_1_659' title='bbox 3130 3850 3230 3920; x_wconf 86' lang='grc' dir='ltr'><strong>τῆς</strong></span> <span class='ocrx_word' id='word_1_660' title='bbox 3277 3851 3463 3913; x_wconf 80' lang='grc' dir='ltr'>οὐσίας</span> <span class='ocrx_word' id='word_1_661' title='bbox 3510 3851 3664 3903; x_wconf 80' lang='grc' dir='ltr'>ταῦτ’</span> 
     </span>
    </p>
   </div>
   <div class='ocr_carea' id='block_1_87' title="bbox 2073 3937 3661 4014">
    <p class='ocr_par' dir='ltr' id='par_1_87' title="bbox 2073 3937 3661 4014">
     <span class='ocr_line' id='line_1_87' title="bbox 2073 3937 3661 4014; baseline 0.001 -21"><span class='ocrx_word' id='word_1_662' title='bbox 2073 3942 2373 4013; x_wconf 79' lang='grc' dir='ltr'>εἰρήκαμεν</span> <span class='ocrx_word' id='word_1_663' title='bbox 2398 3959 2411 3973; x_wconf 75' lang='grc' dir='ltr'><strong>ο</strong></span> <span class='ocrx_word' id='word_1_664' title='bbox 2447 3944 2607 4014; x_wconf 85' lang='grc' dir='ltr'>ἄρτος</span> <span class='ocrx_word' id='word_1_665' title='bbox 2636 3942 2691 3995; x_wconf 80' lang='grc' dir='ltr'><strong>δὲ</strong></span> <span class='ocrx_word' id='word_1_666' title='bbox 2720 3945 2778 3996; x_wconf 87' lang='grc' dir='ltr'><strong>ἐν</strong></span> <span class='ocrx_word' id='word_1_667' title='bbox 2820 3946 2932 4006; x_wconf 87' lang='grc' dir='ltr'>τοῖς</span> <span class='ocrx_word' id='word_1_668' title='bbox 2962 3942 3067 4012; x_wconf 85' lang='grc' dir='ltr'><strong>πρὸ</strong></span> <span class='ocrx_word' id='word_1_669' title='bbox 3099 3942 3301 3994; x_wconf 90' lang='grc' dir='ltr'>τούτων</span> <span class='ocrx_word' id='word_1_670' title='bbox 3347 3940 3535 4011; x_wconf 80' lang='grc' dir='ltr'>νοητὸς</span> <span class='ocrx_word' id='word_1_671' title='bbox 3571 3937 3661 4011; x_wconf 79' lang='grc' dir='ltr'>ἦν,</span> 
     </span>
    </p>
   </div>
   <div class='ocr_carea' id='block_1_88' title="bbox 2073 4031 3663 4105">
    <p class='ocr_par' dir='ltr' id='par_1_88' title="bbox 2073 4031 3663 4105">
     <span class='ocr_line' id='line_1_88' title="bbox 2073 4031 3663 4105; baseline 0 -21"><span class='ocrx_word' id='word_1_672' title='bbox 2073 4031 2131 4084; x_wconf 80' lang='grc' dir='ltr'>ὃν</span> <span class='ocrx_word' id='word_1_673' title='bbox 2160 4035 2328 4085; x_wconf 80' lang='grc' dir='ltr'>αἰτεῖν</span> <span class='ocrx_word' id='word_1_674' title='bbox 2357 4034 2503 4103; x_wconf 78' lang='grc' dir='ltr'>ἡμᾶς</span> <span class='ocrx_word' id='word_1_675' title='bbox 2560 4034 2731 4105; x_wconf 85' lang='grc' dir='ltr'>ἐχρῆν</span> <span class='ocrx_word' id='word_1_676' title='bbox 2756 4075 2770 4100; x_wconf 90' lang='grc'><strong>,</strong></span> <span class='ocrx_word' id='word_1_677' title='bbox 2813 4036 3105 4102; x_wconf 84' lang='grc' dir='ltr'>ἀναγκαῖον</span> <span class='ocrx_word' id='word_1_678' title='bbox 3150 4032 3386 4102; x_wconf 84' lang='grc' dir='ltr'>συγγενῆ</span> <span class='ocrx_word' id='word_1_679' title='bbox 3411 4032 3489 4102; x_wconf 83' lang='grc' dir='ltr'>τῷ</span> <span class='ocrx_word' id='word_1_680' title='bbox 3513 4034 3663 4104; x_wconf 83' lang='grc' dir='ltr'>ἄρτῳ</span> 
     </span>
    </p>
   </div>
   <div class='ocr_carea' id='block_1_89' title="bbox 2071 4121 3661 4197">
    <p class='ocr_par' dir='ltr' id='par_1_89' title="bbox 2071 4121 3661 4197">
     <span class='ocr_line' id='line_1_89' title="bbox 2071 4121 3661 4197; baseline -0.001 -22"><span class='ocrx_word' id='word_1_681' title='bbox 2071 4123 2170 4194; x_wconf 81' lang='grc' dir='ltr'><strong>τὴν</strong></span> <span class='ocrx_word' id='word_1_682' title='bbox 2199 4123 2384 4177; x_wconf 73' lang='grc' dir='ltr'>οὐσίαν</span> <span class='ocrx_word' id='word_1_683' title='bbox 2419 4121 2557 4178; x_wconf 83' lang='grc' dir='ltr'>εἶναι</span> <span class='ocrx_word' id='word_1_684' title='bbox 2583 4128 2747 4190; x_wconf 85' lang='grc' dir='ltr'>νοεῖν,</span> <span class='ocrx_word' id='word_1_685' title='bbox 2783 4126 2850 4178; x_wconf 83' lang='grc' dir='ltr'><strong>ἵν’</strong></span> <span class='ocrx_word' id='word_1_686' title='bbox 2876 4125 3066 4197; x_wconf 83' lang='grc' dir='ltr'>ὥσπερ</span> <span class='ocrx_word' id='word_1_687' title='bbox 3090 4126 3117 4178; x_wconf 86' lang='grc' dir='ltr'>ὁ</span> <span class='ocrx_word' id='word_1_688' title='bbox 3147 4123 3457 4194; x_wconf 87' lang='grc' dir='ltr'>σωματικὸς</span> <span class='ocrx_word' id='word_1_689' title='bbox 3500 4123 3661 4196; x_wconf 84' lang='grc' dir='ltr'>ἄρτος</span> 
     </span>
    </p>
   </div>
   <div class='ocr_carea' id='block_1_90' title="bbox 2070 4214 3659 4290">
    <p class='ocr_par' dir='ltr' id='par_1_90' title="bbox 2070 4214 3659 4290">
     <span class='ocr_line' id='line_1_90' title="bbox 2070 4214 3659 4290; baseline 0.003 -24"><span class='ocrx_word' id='word_1_690' title='bbox 2070 4214 2447 4285; x_wconf 83' lang='grc' dir='ltr'>ἀναδιδόμενος</span> <span class='ocrx_word' id='word_1_691' title='bbox 2475 4218 2554 4279; x_wconf 86' lang='grc' dir='ltr'>εἰς</span> <span class='ocrx_word' id='word_1_692' title='bbox 2587 4216 2646 4269; x_wconf 85' lang='grc' dir='ltr'><strong>τὸ</strong></span> <span class='ocrx_word' id='word_1_693' title='bbox 2678 4217 2770 4270; x_wconf 90' lang='grc' dir='ltr'><strong>τοῦ</strong></span> <span class='ocrx_word' id='word_1_694' title='bbox 2803 4218 3137 4290; x_wconf 83' lang='grc' dir='ltr'>τρεφομένου</span> <span class='ocrx_word' id='word_1_695' title='bbox 3167 4217 3343 4288; x_wconf 85' lang='grc' dir='ltr'>σῶμα,</span> <span class='ocrx_word' id='word_1_696' title='bbox 3367 4220 3536 4289; x_wconf 88' lang='grc' dir='ltr'><strong>χωρεῖ</strong></span> <span class='ocrx_word' id='word_1_697' title='bbox 3560 4219 3659 4271; x_wconf 84' lang='grc' dir='ltr'>αύ-</span> 
     </span>
    </p>
   </div>
   <div class='ocr_carea' id='block_1_91' title="bbox 2068 4306 3657 4380">
    <p class='ocr_par' dir='ltr' id='par_1_91' title="bbox 2068 4306 3657 4380">
     <span class='ocr_line' id='line_1_91' title="bbox 2068 4306 3657 4380; baseline 0.003 -23"><span class='ocrx_word' id='word_1_698' title='bbox 2068 4306 2163 4358; x_wconf 90' lang='grc' dir='ltr'><strong>τοῦ</strong></span> <span class='ocrx_word' id='word_1_699' title='bbox 2193 4308 2272 4370; x_wconf 88' lang='grc' dir='ltr'><strong>είς</strong></span> <span class='ocrx_word' id='word_1_700' title='bbox 2304 4308 2399 4378; x_wconf 87' lang='grc' dir='ltr'>τὴν</span> <span class='ocrx_word' id='word_1_701' title='bbox 2430 4307 2639 4373; x_wconf 84' lang='grc' dir='ltr'>οὐσίαν,</span> <span class='ocrx_word' id='word_1_702' title='bbox 2672 4308 2843 4372; x_wconf 73' lang='grc' dir='ltr'>οὕτως</span> <span class='ocrx_word' id='word_1_703' title='bbox 2870 4310 2899 4361; x_wconf 84' lang='grc' dir='ltr'>ὁ</span> <span class='ocrx_word' id='word_1_704' title='bbox 2932 4309 3059 4373; x_wconf 80' lang='grc' dir='ltr'>ζῶν,</span> <span class='ocrx_word' id='word_1_705' title='bbox 3094 4311 3186 4362; x_wconf 62' lang='grc' dir='ltr'><strong>καὶ¹</strong></span> <span class='ocrx_word' id='word_1_706' title='bbox 3212 4309 3271 4374; x_wconf 80' lang='grc' dir='ltr'>ἐξ</span> <span class='ocrx_word' id='word_1_707' title='bbox 3303 4308 3532 4380; x_wconf 82' lang='grc' dir='ltr'>ούρανοῦ</span> <span class='ocrx_word' id='word_1_708' title='bbox 3559 4326 3657 4361; x_wconf 87' lang='grc' dir='ltr'>κα-</span> 
     </span>
    </p>
   </div>
   <div class='ocr_carea' id='block_1_92' title="bbox 388 4387 1976 4474">
    <p class='ocr_par' dir='ltr' id='par_1_92' title="bbox 388 4387 1964 4459">
     <span class='ocr_line' id='line_1_92' title="bbox 388 4387 1964 4459; baseline 0.005 -22"><span class='ocrx_word' id='word_1_709' title='bbox 388 4387 479 4457; x_wconf 90' lang='lat' dir='ltr'><strong>qui</strong></span> <span class='ocrx_word' id='word_1_710' title='bbox 537 4388 807 4455; x_wconf 89' lang='lat' dir='ltr'><strong>nutritur;</strong></span> <span class='ocrx_word' id='word_1_711' title='bbox 871 4389 942 4443; x_wconf 87' lang='lat' dir='ltr'><strong>ita</strong></span> <span class='ocrx_word' id='word_1_712' title='bbox 1002 4390 1162 4443; x_wconf 85' lang='lat' dir='ltr'><strong>etiam</strong></span> <span class='ocrx_word' id='word_1_713' title='bbox 1232 4404 1569 4459; x_wconf 87' lang='lat' dir='ltr'><strong>consequens</strong></span> <span class='ocrx_word' id='word_1_714' title='bbox 1641 4401 1762 4457; x_wconf 85' lang='lat' dir='ltr'><strong>est,</strong></span> <span class='ocrx_word' id='word_1_715' title='bbox 1844 4408 1964 4447; x_wconf 86' lang='lat' dir='ltr'><strong>cum</strong></span> 
     </span>
    </p>
   </div>
   <div class='ocr_carea' id='block_1_93' title="bbox 2086 4387 3657 4474">
    <p class='ocr_par' dir='ltr' id='par_1_93' title="bbox 2086 4398 3657 4471">
     <span class='ocr_line' id='line_1_93' title="bbox 2086 4398 3657 4471; baseline 0.001 -22"><span class='ocrx_word' id='word_1_716' title='bbox 2086 4398 2393 4469; x_wconf 77' lang='grc' dir='ltr'>ιαὸεὸηκὼς</span> <span class='ocrx_word' id='word_1_717' title='bbox 2426 4399 2589 4470; x_wconf 75' lang='grc' dir='ltr'>ἄρτος</span> <span class='ocrx_word' id='word_1_718' title='bbox 2620 4399 2996 4471; x_wconf 84' lang='grc' dir='ltr'>ἀναδιδόμενος</span> <span class='ocrx_word' id='word_1_719' title='bbox 3027 4402 3107 4464; x_wconf 80' lang='grc' dir='ltr'><strong>εἰς</strong></span> <span class='ocrx_word' id='word_1_720' title='bbox 3140 4399 3233 4452; x_wconf 84' lang='grc' dir='ltr'><strong>τὸν</strong></span> <span class='ocrx_word' id='word_1_721' title='bbox 3264 4399 3387 4452; x_wconf 92' lang='grc' dir='ltr'>νοῦν</span> <span class='ocrx_word' id='word_1_722' title='bbox 3431 4401 3522 4453; x_wconf 73' lang='grc' dir='ltr'><strong>καὶ</strong></span> <span class='ocrx_word' id='word_1_723' title='bbox 3562 4398 3657 4470; x_wconf 81' lang='grc' dir='ltr'><strong>τὴν</strong></span> 
     </span>
    </p>
   </div>
   <div class='ocr_carea' id='block_1_94' title="bbox 389 4479 1972 4550">
    <p class='ocr_par' dir='ltr' id='par_1_94' title="bbox 389 4479 1972 4550">
     <span class='ocr_line' id='line_1_94' title="bbox 389 4479 1972 4550; baseline 0.008 -21"><span class='ocrx_word' id='word_1_724' title='bbox 389 4479 612 4533; x_wconf 86' lang='lat' dir='ltr'><strong>verbum</strong></span> <span class='ocrx_word' id='word_1_725' title='bbox 646 4479 740 4533; x_wconf 90' lang='lat' dir='ltr'><strong>Dei</strong></span> <span class='ocrx_word' id='word_1_726' title='bbox 779 4480 926 4535; x_wconf 90' lang='lat' dir='ltr'><strong>velut</strong></span> <span class='ocrx_word' id='word_1_727' title='bbox 955 4484 1036 4535; x_wconf 89' lang='lat' dir='ltr'><strong>lac</strong></span> <span class='ocrx_word' id='word_1_728' title='bbox 1064 4483 1244 4549; x_wconf 88' lang='lat' dir='ltr'><strong>pueris</strong></span> <span class='ocrx_word' id='word_1_729' title='bbox 1270 4485 1597 4550; x_wconf 68' lang='lat' dir='ltr'><strong>praebeatur,</strong></span> <span class='ocrx_word' id='word_1_730' title='bbox 1651 4483 1735 4538; x_wconf 87' lang='lat' dir='ltr'><strong>vel</strong></span> <span class='ocrx_word' id='word_1_731' title='bbox 1769 4493 1827 4539; x_wconf 92' lang='lat' dir='ltr'><strong>ut</strong></span> <span class='ocrx_word' id='word_1_732' title='bbox 1852 4487 1972 4542; x_wconf 85' lang='lat' dir='ltr'><strong>olus</strong></span> 
     </span>
    </p>
   </div>
   <div class='ocr_carea' id='block_1_95' title="bbox 390 4569 1969 4643">
    <p class='ocr_par' dir='ltr' id='par_1_95' title="bbox 390 4569 1969 4643">
     <span class='ocr_line' id='line_1_95' title="bbox 390 4569 1969 4643; baseline 0.006 -22"><span class='ocrx_word' id='word_1_733' title='bbox 390 4569 623 4626; x_wconf 83' lang='lat' dir='ltr'><strong>iutirmis</strong></span> <span class='ocrx_word' id='word_1_734' title='bbox 677 4580 861 4640; x_wconf 83' lang='lat' dir='ltr'><strong>aptum</strong></span> <span class='ocrx_word' id='word_1_735' title='bbox 895 4611 911 4638; x_wconf 95' lang='lat'><strong>,</strong></span> <span class='ocrx_word' id='word_1_736' title='bbox 971 4573 1053 4626; x_wconf 87' lang='lat' dir='ltr'><strong>vel</strong></span> <span class='ocrx_word' id='word_1_737' title='bbox 1120 4583 1181 4627; x_wconf 92' lang='lat' dir='ltr'><strong>ut</strong></span> <span class='ocrx_word' id='word_1_738' title='bbox 1226 4589 1354 4630; x_wconf 91' lang='lat' dir='ltr'><strong>caro</strong></span> <span class='ocrx_word' id='word_1_739' title='bbox 1408 4575 1748 4629; x_wconf 87' lang='lat' dir='ltr'><strong>certantibus</strong></span> <span class='ocrx_word' id='word_1_740' title='bbox 1801 4577 1969 4643; x_wconf 90' lang='lat' dir='ltr'><strong>u&#39;ilis,</strong></span> 
     </span>
    </p>
   </div>
   <div class='ocr_carea' id='block_1_96' title="bbox 389 4666 1971 4735">
    <p class='ocr_par' dir='ltr' id='par_1_96' title="bbox 389 4666 1971 4735">
     <span class='ocr_line' id='line_1_96' title="bbox 389 4666 1971 4735; baseline 0.007 -25"><span class='ocrx_word' id='word_1_741' title='bbox 389 4674 831 4730; x_wconf 86' lang='lat' dir='ltr'><strong>tmumquemque</strong></span> <span class='ocrx_word' id='word_1_742' title='bbox 883 4676 1069 4717; x_wconf 89' lang='lat' dir='ltr'><strong>eorum</strong></span> <span class='ocrx_word' id='word_1_743' title='bbox 1111 4666 1204 4729; x_wconf 87' lang='lat' dir='ltr'><strong>qui</strong></span> <span class='ocrx_word' id='word_1_744' title='bbox 1257 4668 1574 4720; x_wconf 86' lang='lat' dir='ltr'><strong>nutriuntur</strong></span> <span class='ocrx_word' id='word_1_745' title='bbox 1630 4667 1971 4735; x_wconf 81' lang='lat' dir='ltr'><strong>proportione</strong></span> 
     </span>
    </p>
   </div>
   <div class='ocr_carea' id='block_1_97' title="bbox 392 4749 1970 4821">
    <p class='ocr_par' dir='ltr' id='par_1_97' title="bbox 392 4749 1970 4821">
     <span class='ocr_line' id='line_1_97' title="bbox 392 4749 1970 4821; baseline 0.006 -21"><span class='ocrx_word' id='word_1_746' title='bbox 392 4749 624 4816; x_wconf 84' lang='lat' dir='ltr'><strong>quadam</strong></span> <span class='ocrx_word' id='word_1_747' title='bbox 657 4766 755 4819; x_wconf 89' lang='lat' dir='ltr'><strong>pro</strong></span> <span class='ocrx_word' id='word_1_748' title='bbox 785 4762 843 4805; x_wconf 92' lang='lat' dir='ltr'><strong>ut</strong></span> <span class='ocrx_word' id='word_1_749' title='bbox 868 4769 927 4808; x_wconf 90' lang='lat' dir='ltr'><strong>se</strong></span> <span class='ocrx_word' id='word_1_750' title='bbox 960 4755 1124 4809; x_wconf 87' lang='lat' dir='ltr'><strong>verbo</strong></span> <span class='ocrx_word' id='word_1_751' title='bbox 1156 4756 1422 4821; x_wconf 80' lang='lat' dir='ltr'><strong>exhibuit,</strong></span> <span class='ocrx_word' id='word_1_752' title='bbox 1457 4759 1557 4811; x_wconf 89' lang='lat' dir='ltr'><strong>hoc</strong></span> <span class='ocrx_word' id='word_1_753' title='bbox 1580 4758 1660 4810; x_wconf 86' lang='lat' dir='ltr'><strong>vel</strong></span> <span class='ocrx_word' id='word_1_754' title='bbox 1698 4756 1824 4809; x_wconf 90' lang='lat' dir='ltr'><strong>illud</strong></span> <span class='ocrx_word' id='word_1_755' title='bbox 1857 4759 1970 4810; x_wconf 82' lang='lat' dir='ltr'><strong>elli-</strong></span> 
     </span>
    </p>
   </div>
   <div class='ocr_carea' id='block_1_98' title="bbox 393 4844 1962 4915">
    <p class='ocr_par' dir='ltr' id='par_1_98' title="bbox 393 4844 1962 4915">
     <span class='ocr_line' id='line_1_98' title="bbox 393 4844 1962 4915; baseline 0.005 -22"><span class='ocrx_word' id='word_1_756' title='bbox 393 4857 541 4905; x_wconf 88' lang='lat' dir='ltr'><strong>cere,</strong></span> <span class='ocrx_word' id='word_1_757' title='bbox 576 4844 844 4912; x_wconf 86' lang='lat' dir='ltr'><strong>talemque</strong></span> <span class='ocrx_word' id='word_1_758' title='bbox 873 4847 950 4901; x_wconf 88' lang='lat' dir='ltr'><strong>vel</strong></span> <span class='ocrx_word' id='word_1_759' title='bbox 989 4848 1146 4903; x_wconf 91' lang='lat' dir='ltr'><strong>talem</strong></span> <span class='ocrx_word' id='word_1_760' title='bbox 1186 4849 1324 4903; x_wconf 85' lang='lat' dir='ltr'><strong>ﬁeri.</strong></span> <span class='ocrx_word' id='word_1_761' title='bbox 1360 4849 1529 4903; x_wconf 85' lang='lat' dir='ltr'><strong>Porro</strong></span> <span class='ocrx_word' id='word_1_762' title='bbox 1582 4849 1837 4902; x_wconf 89' lang='lat' dir='ltr'><strong>alimenta</strong></span> <span class='ocrx_word' id='word_1_763' title='bbox 1866 4865 1962 4915; x_wconf 90' lang='lat' dir='ltr'><strong>pu-</strong></span> 
     </span>
    </p>
   </div>
   <div class='ocr_carea' id='block_1_99' title="bbox 392 4940 1965 5011">
    <p class='ocr_par' dir='ltr' id='par_1_99' title="bbox 392 4940 1965 5011">
     <span class='ocr_line' id='line_1_99' title="bbox 392 4940 1965 5011; baseline 0.005 -24"><span class='ocrx_word' id='word_1_764' title='bbox 392 4940 577 4987; x_wconf 90' lang='lat' dir='ltr'><strong>tantur</strong></span> <span class='ocrx_word' id='word_1_765' title='bbox 628 4950 748 4989; x_wconf 89' lang='lat' dir='ltr'><strong>esse</strong></span> <span class='ocrx_word' id='word_1_766' title='bbox 803 4940 1049 5005; x_wconf 66' lang='lat' dir='ltr'><strong>quaedam</strong></span> <span class='ocrx_word' id='word_1_767' title='bbox 1117 4942 1417 5005; x_wconf 79' lang='lat' dir='ltr'><strong>mortifera,</strong></span> <span class='ocrx_word' id='word_1_768' title='bbox 1452 4943 1695 5011; x_wconf 64' lang='lat' dir='ltr'><strong>quaedam</strong></span> <span class='ocrx_word' id='word_1_769' title='bbox 1747 4945 1965 4995; x_wconf 86' lang='lat' dir='ltr'><strong>morbos</strong></span> 
     </span>
    </p>
   </div>
   <div class='ocr_carea' id='block_1_100' title="bbox 387 5029 1966 5102">
    <p class='ocr_par' dir='ltr' id='par_1_100' title="bbox 387 5029 1966 5102">
     <span class='ocr_line' id='line_1_100' title="bbox 387 5029 1966 5102; baseline 0.004 -23"><span class='ocrx_word' id='word_1_770' title='bbox 387 5035 679 5094; x_wconf 72' lang='lat' dir='ltr'><strong>generant,</strong></span> <span class='ocrx_word' id='word_1_771' title='bbox 731 5029 974 5096; x_wconf 72' lang='lat' dir='ltr'><strong>qumdam</strong></span> <span class='ocrx_word' id='word_1_772' title='bbox 1024 5047 1090 5085; x_wconf 90' lang='lat' dir='ltr'><strong>ne</strong></span> <span class='ocrx_word' id='word_1_773' title='bbox 1127 5032 1264 5087; x_wconf 87' lang='lat' dir='ltr'><strong>sumi</strong></span> <span class='ocrx_word' id='word_1_774' title='bbox 1314 5032 1528 5102; x_wconf 87' lang='lat' dir='ltr'><strong>quidem</strong></span> <span class='ocrx_word' id='word_1_775' title='bbox 1562 5039 1818 5101; x_wconf 76' lang='lat' dir='ltr'><strong>possunt:</strong></span> <span class='ocrx_word' id='word_1_776' title='bbox 1848 5047 1966 5102; x_wconf 65' lang='lat' dir='ltr'><strong>qua:</strong></span> 
     </span>
    </p>
   </div>
   <div class='ocr_carea' id='block_1_101' title="bbox 388 5282 1968 5351">
    <p class='ocr_par' dir='ltr' id='par_1_101' title="bbox 388 5282 1968 5351">
     <span class='ocr_line' id='line_1_101' title="bbox 388 5282 1968 5351; baseline 0.001 -16"><span class='ocrx_word' id='word_1_777' title='bbox 388 5283 535 5335; x_wconf 78' lang='lat' dir='ltr'><strong>niens</strong></span> <span class='ocrx_word' id='word_1_778' title='bbox 565 5322 580 5347; x_wconf 97' lang='lat'><strong>,</strong></span> <span class='ocrx_word' id='word_1_779' title='bbox 636 5283 915 5347; x_wconf 74' lang='lat' dir='ltr'><strong>assiduus,</strong></span> <span class='ocrx_word' id='word_1_780' title='bbox 968 5284 1311 5351; x_wconf 78' lang='lat' dir='ltr'><strong>quotidianus</strong></span> <span class='ocrx_word' id='word_1_781' title='bbox 1338 5323 1353 5349; x_wconf 89' lang='lat'><strong>,</strong></span> <span class='ocrx_word' id='word_1_782' title='bbox 1396 5296 1455 5338; x_wconf 91' lang='lat' dir='ltr'><strong>ut</strong></span> <span class='ocrx_word' id='word_1_783' title='bbox 1500 5287 1634 5337; x_wconf 89' lang='lat' dir='ltr'><strong>bene</strong></span> <span class='ocrx_word' id='word_1_784' title='bbox 1669 5292 1726 5337; x_wconf 91' lang='lat' dir='ltr'><strong>et</strong></span> <span class='ocrx_word' id='word_1_785' title='bbox 1776 5282 1968 5337; x_wconf 87' lang='lat' dir='ltr'><strong>Latine</strong></span> 
     </span>
    </p>
   </div>
   <div class='ocr_carea' id='block_1_102' title="bbox 389 5352 1164 5422">
    <p class='ocr_par' dir='ltr' id='par_1_102' title="bbox 389 5352 1164 5422">
     <span class='ocr_line' id='line_1_102' title="bbox 389 5352 1164 5422; baseline 0.005 -19"><span class='ocrx_word' id='word_1_786' title='bbox 389 5354 556 5407; x_wconf 81' lang='lat' dir='ltr'><strong>vertit</strong></span> <span class='ocrx_word' id='word_1_787' title='bbox 586 5354 837 5422; x_wconf 82' lang='lat' dir='ltr'><strong>vulgatus</strong></span> <span class='ocrx_word' id='word_1_788' title='bbox 870 5352 1164 5422; x_wconf 83' lang='lat' dir='ltr'><strong>interpres.</strong></span> 
     </span>
    </p>
   </div>
   <div class='ocr_carea' id='block_1_103' title="bbox 458 5421 1965 5495">
    <p class='ocr_par' dir='ltr' id='par_1_103' title="bbox 458 5421 1965 5495">
     <span class='ocr_line' id='line_1_103' title="bbox 458 5421 1965 5495; baseline 0.001 -22"><span class='ocrx_word' id='word_1_789' title='bbox 458 5423 573 5490; x_wconf 81' lang='lat' dir='ltr'><strong>(l9)</strong></span> <span class='ocrx_word' id='word_1_790' title='bbox 617 5421 817 5495; x_wconf 69' lang='lat' dir='ltr'><strong>(jndex</strong></span> <span class='ocrx_word' id='word_1_791' title='bbox 849 5440 951 5495; x_wconf 70' lang='lat' dir='ltr'><strong>ius.</strong></span> <span class='ocrx_word' id='word_1_792' title='bbox 981 5421 1463 5495; x_wconf 74' lang='grc' dir='ltr'>,προηγουμένην</span> <span class='ocrx_word' id='word_1_793' title='bbox 1484 5462 1498 5486; x_wconf 94' lang='grc'><strong>,</strong></span> <span class='ocrx_word' id='word_1_794' title='bbox 1554 5421 1683 5475; x_wconf 84' lang='lat' dir='ltr'><strong>edit.</strong></span> <span class='ocrx_word' id='word_1_795' title='bbox 1741 5422 1918 5495; x_wconf 72' lang='lat' dir='ltr'><strong>Oxon.</strong></span> <span class='ocrx_word' id='word_1_796' title='bbox 1949 5460 1965 5483; x_wconf 90' lang='lat'><strong>,</strong></span> 
     </span>
    </p>
   </div>
   <div class='ocr_carea' id='block_1_104' title="bbox 391 5490 1964 5563">
    <p class='ocr_par' dir='ltr' id='par_1_104' title="bbox 391 5490 1964 5563">
     <span class='ocr_line' id='line_1_104' title="bbox 391 5490 1964 5563; baseline 0 -21"><span class='ocrx_word' id='word_1_797' title='bbox 391 5490 838 5563; x_wconf 81' lang='grc' dir='ltr'>προηγουμένοις.</span> <span class='ocrx_word' id='word_1_798' title='bbox 873 5492 1041 5547; x_wconf 83' lang='lat' dir='ltr'><strong>Paulo</strong></span> <span class='ocrx_word' id='word_1_799' title='bbox 1093 5490 1216 5560; x_wconf 78' lang='lat' dir='ltr'><strong>post</strong></span> <span class='ocrx_word' id='word_1_800' title='bbox 1265 5490 1359 5561; x_wconf 76' lang='lat' dir='ltr'><strong>pro</strong></span> <span class='ocrx_word' id='word_1_801' title='bbox 1389 5490 1695 5561; x_wconf 84' lang='grc' dir='ltr'>φάσκουσι,</span> <span class='ocrx_word' id='word_1_802' title='bbox 1753 5490 1964 5560; x_wconf 83' lang='grc' dir='ltr'>νενόμι-</span> 
     </span>
    </p>
   </div>
   <div class='ocr_carea' id='block_1_105' title="bbox 394 5562 1699 5633">
    <p class='ocr_par' dir='ltr' id='par_1_105' title="bbox 394 5562 1699 5633">
     <span class='ocr_line' id='line_1_105' title="bbox 394 5562 1699 5633; baseline 0.002 -21"><span class='ocrx_word' id='word_1_803' title='bbox 394 5562 998 5633; x_wconf 32' lang='grc' dir='ltr'>σταιδΒειιιιεὶυεῑθεὶι,</span> <span class='ocrx_word' id='word_1_804' title='bbox 1034 5567 1331 5633; x_wconf 85' lang='grc' dir='ltr'>φάσκουσιν</span> <span class='ocrx_word' id='word_1_805' title='bbox 1365 5564 1699 5633; x_wconf 77' lang='grc' dir='ltr'>ὠνόμασται.</span> 
     </span>
    </p>
   </div>
   <div class='ocr_carea' id='block_1_106' title="bbox 463 5630 1960 5704">
    <p class='ocr_par' dir='ltr' id='par_1_106' title="bbox 463 5630 1960 5704">
     <span class='ocr_line' id='line_1_106' title="bbox 463 5630 1960 5704; baseline 0.003 -22"><span class='ocrx_word' id='word_1_806' title='bbox 463 5630 575 5699; x_wconf 79' lang='lat'><strong>(20)</strong></span> <span class='ocrx_word' id='word_1_807' title='bbox 603 5630 956 5704; x_wconf 48' lang='lat' dir='ltr'><strong>Godesmsf,</strong></span> <span class='ocrx_word' id='word_1_808' title='bbox 1014 5630 1221 5703; x_wconf 79' lang='grc' dir='ltr'>γίνεται</span> <span class='ocrx_word' id='word_1_809' title='bbox 1267 5636 1299 5704; x_wconf 78' lang='grc' dir='ltr'>ἡ</span> <span class='ocrx_word' id='word_1_810' title='bbox 1352 5630 1507 5703; x_wconf 70' lang='grc' dir='ltr'>αὔξη.</span> <span class='ocrx_word' id='word_1_811' title='bbox 1557 5634 1702 5688; x_wconf 81' lang='lat' dir='ltr'><strong>Edit.</strong></span> <span class='ocrx_word' id='word_1_812' title='bbox 1740 5630 1914 5689; x_wconf 82' lang='lat' dir='ltr'><strong>Oxon.</strong></span> <span class='ocrx_word' id='word_1_813' title='bbox 1947 5672 1960 5697; x_wconf 90' lang='lat'><strong>,</strong></span> 
     </span>
    </p>
   </div>
   <div class='ocr_carea' id='block_1_107' title="bbox 399 5698 951 5772">
    <p class='ocr_par' dir='ltr' id='par_1_107' title="bbox 399 5698 951 5772">
     <span class='ocr_line' id='line_1_107' title="bbox 399 5698 951 5772; baseline 0.011 -22"><span class='ocrx_word' id='word_1_814' title='bbox 399 5698 607 5770; x_wconf 74' lang='grc' dir='ltr'>γίνηται</span> <span class='ocrx_word' id='word_1_815' title='bbox 640 5703 671 5771; x_wconf 84' lang='grc' dir='ltr'>ὴ</span> <span class='ocrx_word' id='word_1_816' title='bbox 708 5700 951 5772; x_wconf 73' lang='grc' dir='ltr'>αὔξησις.</span> 
     </span>
    </p>
   </div>
   <div class='ocr_carea' id='block_1_108' title="bbox 2078 4487 3656 4562">
    <p class='ocr_par' dir='ltr' id='par_1_108' title="bbox 2078 4487 3656 4562">
     <span class='ocr_line' id='line_1_108' title="bbox 2078 4487 3656 4562; baseline 0.001 -21"><span class='ocrx_word' id='word_1_817' title='bbox 2078 4487 2273 4560; x_wconf 80' lang='grc' dir='ltr'>ψυχὴν,</span> <span class='ocrx_word' id='word_1_818' title='bbox 2321 4489 2532 4559; x_wconf 85' lang='grc' dir='ltr'>μεταδῷ</span> <span class='ocrx_word' id='word_1_819' title='bbox 2580 4490 2681 4561; x_wconf 90' lang='grc' dir='ltr'><strong>τῆς</strong></span> <span class='ocrx_word' id='word_1_820' title='bbox 2728 4491 2862 4554; x_wconf 88' lang='grc' dir='ltr'>ἰδίας</span> <span class='ocrx_word' id='word_1_821' title='bbox 2906 4490 3188 4561; x_wconf 85' lang='grc' dir='ltr'>δυνάμεως</span> <span class='ocrx_word' id='word_1_822' title='bbox 3220 4491 3656 4562; x_wconf 86' lang='grc' dir='ltr'>ἐμπαρεσχηκότι</span> 
     </span>
    </p>
   </div>
   <div class='ocr_carea' id='block_1_109' title="bbox 2080 4579 3657 4653">
    <p class='ocr_par' dir='ltr' id='par_1_109' title="bbox 2080 4579 3657 4653">
     <span class='ocr_line' id='line_1_109' title="bbox 2080 4579 3657 4653; baseline 0.003 -22"><span class='ocrx_word' id='word_1_823' title='bbox 2080 4579 2268 4632; x_wconf 79' lang='grc' dir='ltr'>ἐαυτὸν</span> <span class='ocrx_word' id='word_1_824' title='bbox 2298 4583 2361 4651; x_wconf 82' lang='grc' dir='ltr'>τῇ</span> <span class='ocrx_word' id='word_1_825' title='bbox 2392 4581 2485 4634; x_wconf 84' lang='grc' dir='ltr'>ἀπ’</span> <span class='ocrx_word' id='word_1_826' title='bbox 2518 4580 2682 4633; x_wconf 83' lang='grc' dir='ltr'>αὐτοῦ</span> <span class='ocrx_word' id='word_1_827' title='bbox 2710 4584 2906 4653; x_wconf 79' lang='grc' dir='ltr'>τροφῇ.</span> <span class='ocrx_word' id='word_1_828' title='bbox 2935 4583 3043 4635; x_wconf 71' lang='grc' dir='ltr'>Καὶ</span> <span class='ocrx_word' id='word_1_829' title='bbox 3075 4581 3245 4644; x_wconf 75' lang='grc' dir='ltr'>οὕτως</span> <span class='ocrx_word' id='word_1_830' title='bbox 3279 4582 3428 4634; x_wconf 75' lang='grc' dir='ltr'>ἔσται</span> <span class='ocrx_word' id='word_1_831' title='bbox 3457 4582 3565 4653; x_wconf 71' lang='grc'><strong>(24)</strong></span> <span class='ocrx_word' id='word_1_832' title='bbox 3600 4582 3657 4636; x_wconf 82' lang='grc' dir='ltr'><strong>δν</strong></span> 
     </span>
    </p>
   </div>
   <div class='ocr_carea' id='block_1_110' title="bbox 2080 4671 3655 4744">
    <p class='ocr_par' dir='ltr' id='par_1_110' title="bbox 2080 4671 3655 4744">
     <span class='ocr_line' id='line_1_110' title="bbox 2080 4671 3655 4744; baseline 0 -20"><span class='ocrx_word' id='word_1_833' title='bbox 2080 4671 2336 4742; x_wconf 85' lang='grc' dir='ltr'>αίτοῦμεν</span> <span class='ocrx_word' id='word_1_834' title='bbox 2368 4671 2528 4743; x_wconf 80' lang='grc' dir='ltr'>ἄρτον</span> <span class='ocrx_word' id='word_1_835' title='bbox 2558 4672 2849 4725; x_wconf 85' lang='grc' dir='ltr'>ἐπιούσιον.</span> <span class='ocrx_word' id='word_1_836' title='bbox 2886 4674 2995 4726; x_wconf 78' lang='grc' dir='ltr'>Καὶ</span> <span class='ocrx_word' id='word_1_837' title='bbox 3020 4672 3178 4726; x_wconf 83' lang='grc' dir='ltr'>πάλιν</span> <span class='ocrx_word' id='word_1_838' title='bbox 3210 4672 3267 4726; x_wconf 85' lang='grc' dir='ltr'>ὃν</span> <span class='ocrx_word' id='word_1_839' title='bbox 3291 4672 3492 4744; x_wconf 86' lang='grc' dir='ltr'>τρόπον</span> <span class='ocrx_word' id='word_1_840' title='bbox 3519 4672 3655 4726; x_wconf 75' lang='grc' dir='ltr'>κατὰ</span> 
     </span>
    </p>
   </div>
   <div class='ocr_carea' id='block_1_111' title="bbox 2078 4761 3693 4836">
    <p class='ocr_par' dir='ltr' id='par_1_111' title="bbox 2078 4761 3693 4836">
     <span class='ocr_line' id='line_1_111' title="bbox 2078 4761 3693 4836; baseline 0.008 -22"><span class='ocrx_word' id='word_1_841' title='bbox 2078 4761 2176 4834; x_wconf 77' lang='grc' dir='ltr'><strong>τὴν</strong></span> <span class='ocrx_word' id='word_1_842' title='bbox 2198 4764 2452 4833; x_wconf 87' lang='grc' dir='ltr'>ποιότητα</span> <span class='ocrx_word' id='word_1_843' title='bbox 2474 4763 2573 4833; x_wconf 83' lang='grc' dir='ltr'><strong>τῆς</strong></span> <span class='ocrx_word' id='word_1_844' title='bbox 2597 4764 2817 4835; x_wconf 80' lang='grc' dir='ltr'>τροφῆς,</span> <span class='ocrx_word' id='word_1_845' title='bbox 2847 4766 3069 4834; x_wconf 75' lang='grc' dir='ltr'>στερεᾶς</span> <span class='ocrx_word' id='word_1_846' title='bbox 3098 4762 3262 4836; x_wconf 76' lang='grc' dir='ltr'>οὔσης</span> <span class='ocrx_word' id='word_1_847' title='bbox 3287 4766 3379 4817; x_wconf 83' lang='grc' dir='ltr'><strong>καί</strong></span> <span class='ocrx_word' id='word_1_848' title='bbox 3400 4764 3654 4835; x_wconf 80' lang='grc' dir='ltr'>ἀθληταῖς</span> <span class='ocrx_word' id='word_1_849' title='bbox 3688 4772 3693 4778; x_wconf 75' lang='grc'><strong>’</strong></span> 
     </span>
    </p>
   </div>
   <div class='ocr_carea' id='block_1_112' title="bbox 2070 4855 3652 4927">
    <p class='ocr_par' dir='ltr' id='par_1_112' title="bbox 2070 4855 3652 4927">
     <span class='ocr_line' id='line_1_112' title="bbox 2070 4855 3652 4927; baseline 0 -19"><span class='ocrx_word' id='word_1_850' title='bbox 2070 4855 2434 4927; x_wconf 80' lang='grc' dir='ltr'>ἁρμοζούσης,</span> <span class='ocrx_word' id='word_1_851' title='bbox 2457 4856 2489 4927; x_wconf 81' lang='grc' dir='ltr'><strong>ἢ</strong></span> <span class='ocrx_word' id='word_1_852' title='bbox 2513 4856 2890 4925; x_wconf 87' lang='grc' dir='ltr'>γαλακτώδους</span> <span class='ocrx_word' id='word_1_853' title='bbox 2914 4857 3055 4920; x_wconf 84' lang='grc' dir='ltr'>τινὸς</span> <span class='ocrx_word' id='word_1_854' title='bbox 3087 4858 3180 4911; x_wconf 79' lang='grc' dir='ltr'>καὶ</span> <span class='ocrx_word' id='word_1_855' title='bbox 3203 4856 3560 4927; x_wconf 87' lang='grc' dir='ltr'>λαχανώδους,</span> <span class='ocrx_word' id='word_1_856' title='bbox 3598 4858 3652 4908; x_wconf 83' lang='grc' dir='ltr'><strong>ἐν</strong></span> 
     </span>
    </p>
   </div>
   <div class='ocr_carea' id='block_1_113' title="bbox 2072 4945 3652 5019">
    <p class='ocr_par' dir='ltr' id='par_1_113' title="bbox 2072 4945 3652 5019">
     <span class='ocr_line' id='line_1_113' title="bbox 2072 4945 3652 5019; baseline 0.001 -22"><span class='ocrx_word' id='word_1_857' title='bbox 2072 4945 2311 5016; x_wconf 78' lang='grc' dir='ltr'>διαφόρῳ</span> <span class='ocrx_word' id='word_1_858' title='bbox 2347 4946 2571 5016; x_wconf 84' lang='grc' dir='ltr'>δυνάμει</span> <span class='ocrx_word' id='word_1_859' title='bbox 2599 4950 2628 5001; x_wconf 86' lang='grc' dir='ltr'>ὁ</span> <span class='ocrx_word' id='word_1_860' title='bbox 2656 4949 2983 5019; x_wconf 85' lang='grc' dir='ltr'>τρεφόμενος</span> <span class='ocrx_word' id='word_1_861' title='bbox 3018 4948 3223 5016; x_wconf 82' lang='grc' dir='ltr'>γίνεται</span> <span class='ocrx_word' id='word_1_862' title='bbox 3251 4966 3262 4977; x_wconf 93' lang='grc'><strong>·</strong></span> <span class='ocrx_word' id='word_1_863' title='bbox 3310 4948 3482 5011; x_wconf 78' lang='grc' dir='ltr'>οὕτως</span> <span class='ocrx_word' id='word_1_864' title='bbox 3530 4946 3652 5001; x_wconf 85' lang='grc' dir='ltr'>ἀκό-</span> 
     </span>
    </p>
   </div>
   <div class='ocr_carea' id='block_1_114' title="bbox 2072 5034 3651 5108">
    <p class='ocr_par' dir='ltr' id='par_1_114' title="bbox 2072 5034 3651 5108">
     <span class='ocr_line' id='line_1_114' title="bbox 2072 5034 3651 5108; baseline 0.003 -20"><span class='ocrx_word' id='word_1_865' title='bbox 2072 5034 2259 5089; x_wconf 77' lang='grc' dir='ltr'>λουθόν</span> <span class='ocrx_word' id='word_1_866' title='bbox 2286 5038 2398 5090; x_wconf 79' lang='grc' dir='ltr'>ἐστι</span> <span class='ocrx_word' id='word_1_867' title='bbox 2441 5038 2533 5091; x_wconf 85' lang='grc' dir='ltr'><strong>τοῦ</strong></span> <span class='ocrx_word' id='word_1_868' title='bbox 2573 5039 2729 5106; x_wconf 83' lang='grc' dir='ltr'>λόγου</span> <span class='ocrx_word' id='word_1_869' title='bbox 2778 5038 2871 5091; x_wconf 78' lang='grc' dir='ltr'><strong>τοῦ</strong></span> <span class='ocrx_word' id='word_1_870' title='bbox 2922 5039 3077 5104; x_wconf 83' lang='grc' dir='ltr'>Θεοῦ,</span> <span class='ocrx_word' id='word_1_871' title='bbox 3136 5040 3253 5108; x_wconf 75' lang='grc' dir='ltr'>ῆτοι</span> <span class='ocrx_word' id='word_1_872' title='bbox 3279 5039 3354 5102; x_wconf 83' lang='grc' dir='ltr'>ὼς</span> <span class='ocrx_word' id='word_1_873' title='bbox 3386 5038 3651 5107; x_wconf 85' lang='grc' dir='ltr'>γάλακτος</span> 
     </span>
    </p>
   </div>
   <div class='ocr_carea' id='block_1_115' title="bbox 2150 5270 3647 5363">
    <p class='ocr_par' dir='ltr' id='par_1_115' title="bbox 2150 5270 3647 5363">
     <span class='ocr_line' id='line_1_115' title="bbox 2150 5270 3647 5363; baseline -0.011 -26"><span class='ocrx_word' id='word_1_874' title='bbox 2150 5281 2271 5363; x_wconf 65' lang='lat' dir='ltr'><strong>(2i)~</strong></span> <span class='ocrx_word' id='word_1_875' title='bbox 2312 5280 2725 5346; x_wconf 81' lang='grc' dir='ltr'>Διατακτιχὼς.</span> <span class='ocrx_word' id='word_1_876' title='bbox 2762 5280 2995 5348; x_wconf 80' lang='lat' dir='ltr'><strong>Legebat</strong></span> <span class='ocrx_word' id='word_1_877' title='bbox 3027 5279 3276 5333; x_wconf 91' lang='lat' dir='ltr'><strong>dominus</strong></span> <span class='ocrx_word' id='word_1_878' title='bbox 3302 5270 3647 5347; x_wconf 57' lang='lat' dir='ltr'><strong>Fleury,6;¢-</strong></span> 
     </span>
    </p>
   </div>
   <div class='ocr_carea' id='block_1_116' title="bbox 2072 5368 2331 5405">
    <p class='ocr_par' dir='ltr' id='par_1_116' title="bbox 2072 5368 2331 5405">
     <span class='ocr_line' id='line_1_116' title="bbox 2072 5368 2331 5405; baseline -0.012 0"><span class='ocrx_word' id='word_1_879' title='bbox 2072 5368 2331 5405; x_wconf 79' lang='grc' dir='ltr'>τατικως.</span> 
     </span>
    </p>
   </div>
   <div class='ocr_carea' id='block_1_117' title="bbox 2145 5386 3655 5489">
    <p class='ocr_par' dir='ltr' id='par_1_117' title="bbox 2145 5386 3655 5489">
     <span class='ocr_line' id='line_1_117' title="bbox 2145 5386 3655 5489; baseline -0.002 -16"><span class='ocrx_word' id='word_1_880' title='bbox 2145 5386 2502 5489; x_wconf 38' lang='grc' dir='ltr'><strong>(νέὲῖδᾸῖτιος</strong></span> <span class='ocrx_word' id='word_1_881' title='bbox 2528 5419 2605 5472; x_wconf 75' lang='grc' dir='ltr'><strong>ἂν</strong></span> <span class='ocrx_word' id='word_1_882' title='bbox 2636 5416 3003 5489; x_wconf 69' lang='grc' dir='ltr'>οἰκονομιῶν.</span> <span class='ocrx_word' id='word_1_883' title='bbox 3045 5417 3190 5487; x_wconf 79' lang='lat' dir='ltr'><strong>Lego</strong></span> <span class='ocrx_word' id='word_1_884' title='bbox 3224 5432 3347 5470; x_wconf 89' lang='lat' dir='ltr'><strong>cum</strong></span> <span class='ocrx_word' id='word_1_885' title='bbox 3397 5418 3655 5485; x_wconf 86' lang='lat' dir='ltr'><strong>Bentleio,</strong></span> 
     </span>
    </p>
   </div>
   <div class='ocr_carea' id='block_1_118' title="bbox 2080 5488 2774 5562">
    <p class='ocr_par' dir='ltr' id='par_1_118' title="bbox 2080 5488 2774 5562">
     <span class='ocr_line' id='line_1_118' title="bbox 2080 5488 2774 5562; baseline -0.007 -18"><span class='ocrx_word' id='word_1_886' title='bbox 2080 5492 2253 5553; x_wconf 76' lang='grc' dir='ltr'>αἴτιος</span> <span class='ocrx_word' id='word_1_887' title='bbox 2285 5488 2402 5562; x_wconf 70' lang='grc' dir='ltr'><strong>δινῇ</strong></span> <span class='ocrx_word' id='word_1_888' title='bbox 2435 5488 2774 5557; x_wconf 81' lang='grc' dir='ltr'>οἰκονομιῶν.</span> 
     </span>
    </p>
   </div>
   <div class='ocr_carea' id='block_1_119' title="bbox 2141 5552 3644 5632">
    <p class='ocr_par' dir='ltr' id='par_1_119' title="bbox 2141 5552 3644 5632">
     <span class='ocr_line' id='line_1_119' title="bbox 2141 5552 3644 5632; baseline -0.004 -19"><span class='ocrx_word' id='word_1_889' title='bbox 2141 5552 2251 5632; x_wconf 69' lang='grc'><strong>(⁸25)</strong></span> <span class='ocrx_word' id='word_1_890' title='bbox 2285 5552 2595 5632; x_wconf 62' lang='lat' dir='ltr'><strong>Cod&#39;ex__tus.</strong></span> <span class='ocrx_word' id='word_1_891' title='bbox 2614 5552 2918 5632; x_wconf 71' lang='grc' dir='ltr'>ἡνωμένην.</span> <span class='ocrx_word' id='word_1_892' title='bbox 2948 5556 3128 5632; x_wconf 60' lang='lat' dir='ltr'><strong>Editio</strong></span> <span class='ocrx_word' id='word_1_893' title='bbox 3154 5552 3644 5632; x_wconf 56' lang='lat' dir='ltr'><strong>Oiton.,&#39;i_}wopévn_.</strong></span> 
     </span>
    </p>
   </div>
   <div class='ocr_carea' id='block_1_120' title="bbox 2141 5624 3643 5699">
    <p class='ocr_par' dir='ltr' id='par_1_120' title="bbox 2141 5624 3643 5699">
     <span class='ocr_line' id='line_1_120' title="bbox 2141 5624 3643 5699; baseline -0.005 -16"><span class='ocrx_word' id='word_1_894' title='bbox 2141 5624 2253 5699; x_wconf 69' lang='lat'><strong>(‘24)</strong></span> <span class='ocrx_word' id='word_1_895' title='bbox 2288 5630 2399 5682; x_wconf 82' lang='grc' dir='ltr'><strong>Καὶ</strong></span> <span class='ocrx_word' id='word_1_896' title='bbox 2430 5624 2865 5699; x_wconf 38' lang='grc' dir='ltr'>οὕτωςίὲίίται,</span> <span class='ocrx_word' id='word_1_897' title='bbox 2885 5641 2989 5681; x_wconf 87' lang='lat' dir='ltr'><strong>etc.</strong></span> <span class='ocrx_word' id='word_1_898' title='bbox 3018 5626 3182 5699; x_wconf 69' lang='lat' dir='ltr'><strong>orte</strong></span> <span class='ocrx_word' id='word_1_899' title='bbox 3217 5624 3522 5692; x_wconf 69' lang='lat' dir='ltr'><strong>legendum,</strong></span> <span class='ocrx_word' id='word_1_900' title='bbox 3550 5624 3643 5677; x_wconf 75' lang='grc' dir='ltr'><strong>καὶ</strong></span> 
     </span>
    </p>
   </div>
   <div class='ocr_carea' id='block_1_121' title="bbox 2068 5694 3324 5769">
    <p class='ocr_par' dir='ltr' id='par_1_121' title="bbox 2068 5694 3324 5769">
     <span class='ocr_line' id='line_1_121' title="bbox 2068 5694 3324 5769; baseline -0.01 -11"><span class='ocrx_word' id='word_1_901' title='bbox 2068 5694 2404 5765; x_wconf 56' lang='grc' dir='ltr'>οὗτοςὲσται</span> <span class='ocrx_word' id='word_1_902' title='bbox 2442 5700 2498 5751; x_wconf 77' lang='grc' dir='ltr'><strong>ὃν</strong></span> <span class='ocrx_word' id='word_1_903' title='bbox 2532 5698 2808 5769; x_wconf 81' lang='grc' dir='ltr'>αἰτοῦμεν,</span> <span class='ocrx_word' id='word_1_904' title='bbox 2841 5698 2998 5767; x_wconf 79' lang='grc' dir='ltr'>ἄρτος</span> <span class='ocrx_word' id='word_1_905' title='bbox 3036 5694 3324 5757; x_wconf 76' lang='grc' dir='ltr'>ἐπιούσιος.</span> 
     </span>
    </p>
   </div>
   <div class='ocr_carea' id='block_1_122' title="bbox 3672 5778 3687 5811">
    <p class='ocr_par' dir='ltr' id='par_1_122' title="bbox 3672 5778 3687 5811">
     <span class='ocr_line' id='line_1_122' title="bbox 3672 5778 3687 5811; baseline 0 0"><span class='ocrx_word' id='word_1_906' title='bbox 3672 5778 3687 5811; x_wconf 68' lang='lat' dir='ltr'><strong>f</strong></span> 
     </span>
    </p>
   </div>
  </div>
