3974 6160
335 272 438 329 515

1579 264 1914 321 LIBELLUS
1951 262 2042 320 DE
2075 261 2445 322 ORATIONE.

3480 269 3586 328 6M

331 386 560 449 παιδίοις
591 385 935 458 ἁρμοζόντως
961 383 1259 455 διδομένου,
1308 381 1342 454 ἧ
1375 382 1452 448 ὡς
1482 383 1714 456 λαχάνου
1753 383 1914 437 ἀσθε-

2027 385 2192 439 Jmnia
2221 397 2321 451 per
2370 381 2672 452 analogiam
2701 380 3072 440 transferenda
3101 394 3224 440 sunt
3249 386 3315 440 ad
3344 385 3587 456 discipli-

331 479 507 531 νοῦσιν
539 476 855 546 ἐπιτηδείως
876 515 890 540 ,
919 475 951 546 ἢ
981 475 1056 537 ὡς
1096 474 1296 545 σαρκὸς
1325 475 1742 545 ἀγωνιζομένοις
1775 474 1909 545 (23),

329 565 463 638 πρὸς
493 567 718 620 ἕκαστον
744 567 853 619 τῶν
885 565 1230 637 τρεφομένων
1273 565 1413 618 κατά
1459 565 1556 634 τὴν
1597 565 1908 632 ἀναλογίαν,

332 651 376 726 ᾧ
406 658 752 729 ὲμπαρέσχεν
785 656 973 710 ἑαυτὸν
993 656 1156 727 λόγῳ,
1183 656 1300 709 τόδε
1326 674 1397 718 τι,
1425 656 1458 726 ἢ
1481 655 1599 708 τόδε
1630 656 1910 717 δύνασθαι,

328 749 420 802 καὶ
451 748 706 819 τοιόνδεῆ
738 746 936 800 τοιόνδε
986 745 1252 814 γίνεσθαι.
1306 746 1463 798 Ἐστι
1531 744 1714 816 μέντοι
1740 743 1801 807 γέ
1831 762 1912 808 τις

329 839 652 910 νομιζομένη
688 838 882 909 τροφὴ,
915 832 1046 891 οὖσα
1078 836 1416 908 δηλητήριος,
1444 836 1538 889 καὶ
1565 835 1726 906 ἑτέρα
1759 852 1910 889 νοσο-

330 929 495 992 ποιδς,
528 931 623 982 καὶ
655 928 787 999 ἄλλη
847 928 980 998 μηδὲ
1039 926 1362 997 ἀναδοθῆναι
1403 925 1672 996 δυναμένη
1700 937 1712 952 ⁸
1767 925 1912 995 ἅπερ

328 1019 503 1073 πάντα
539 1019 661 1072 κατ’
707 1019 998 1088 ἀναλογίαν
1055 1017 1402 1090 μετενεκτέον
1431 1016 1547 1069 ἐστὶ
1575 1017 1668 1069 καὶ
1698 1016 1790 1068 ἐπὶ
1815 1016 1914 1080 τὰς

327 1109 586 1180 διαφορὰς
634 1109 742 1164 τῶν
790 1108 1161 1181 νομιζομένων
1213 1108 1495 1181 τροφίμων
1549 1106 1910 1179 μαθημάτων.

341 1199 644 1264 Ἐπιούσιος
680 1199 858 1254 τοίνυν
883 1200 1066 1273 ἄρτος,
1092 1202 1121 1254 ὁ
1149 1201 1216 1270 τῇ
1250 1199 1409 1268 φύσει
1439 1201 1506 1269 τῇ
1535 1199 1726 1269 λογικῇ
1779 1214 1916 1250 κατ-

327 1291 685 1362 αλληλάτατος
748 1291 881 1361 (26),
933 1291 1027 1344 καὶ
1080 1292 1146 1362 τῇ
1209 1289 1366 1360 οὐσίᾳ
1419 1289 1559 1360 αὐτῇ
1625 1287 1912 1359 συγγενὴς,

327 1382 518 1450 ὑγείαν
551 1383 668 1452 ἆμα
699 1383 792 1435 καὶ⁹
815 1381 1025 1445 εὐεξίαν
1050 1382 1143 1434 καὶ
1166 1381 1317 1451 ἰσχὺν
1344 1377 1642 1450 περιποιῶν
1661 1381 1728 1450 τῇ
1749 1379 1914 1449 ψυχῇ,

322 1476 414 1528 καὶ
445 1475 556 1544 τῆς
603 1474 738 1536 ἰδίας
771 1473 1070 1536 ἀθανασίας
1103 1471 1390 1542 (ἀθάνατος
1415 1470 1525 1543 γὰρ
1548 1471 1576 1523 ό
1602 1470 1773 1538 Λόγος
1822 1468 1916 1524 τοῦ

322 1564 477 1636 Θεοῦ)
525 1563 835 1635 μεταδιδοὺς
868 1562 944 1634 τῷ
979 1563 1210 1616 ἐσθίοντι
1238 1559 1426 1616 αὐτοῦ.
1457 1553 1623 1624 Οῦτος
1645 1559 1710 1631 δὴ
1736 1561 1764 1612 ό
1797 1560 1890 1612 ὲπι

323 1657 502 1719 ούσιος
539 1654 700 1725 ἄρτος
734 1653 878 1724 ἄλλῳ
935 1653 1158 1723 ὀνόματι
1213 1651 1362 1705 δοκεῖ
1408 1668 1497 1722 μοι
1543 1653 1601 1704 ὲν
1630 1653 1696 1722 τῇ
1724 1651 1912 1722 Γραφῇ

327 1749 477 1815 ξύλον
515 1746 660 1818 ζωῆς
702 1743 1036 1816 ὠνομάσθαι,
1076 1744 1161 1814 ἐφ’
1209 1744 1346 1815 ὅπερ
1391 1747 1424 1798 ό
1476 1743 1747 1809 ἐκτείνας
1802 1742 1916 1812 τὴν

327 1839 520 1910 χεῖρα,
541 1839 638 1891 καὶ
656 1837 858 1891 λαϐὼν
876 1838 976 1891 ἀπ’
998 1835 1205 1899 αὐτοῦ,
1228 1834 1464 1900 ζήσεται
1485 1837 1574 1901 είς
1591 1834 1698 1888 τὸν
1710 1833 1912 1890 αἰῶνα.

328 1933 437 1986 Καὶ
464 1929 636 2002 τρίτῳ
674 1928 895 1998 ὀνόματι
945 1927 1102 1979 τοῦτο
1145 1925 1206 1979 τὸ
1238 1924 1412 1990 ξύλον,
1459 1925 1620 1991 σοφία
1650 1922 1744 1977 τοῦ
1779 1923 1914 1976 Θεοῦ

327 2019 654 2090 ὀνομάζεται
689 2015 836 2087 παρὰ
865 2014 943 2085 τῷ
971 2013 1275 2086 Σολομῶντι
1307 2013 1396 2068 διὰ
1443 2013 1669 2066 τούτων·
1720 2012 1918 2067 Ξύλον

331 2109 480 2177 ζωῆς
511 2093 642 2163 ἐστι
671 2107 819 2162 πᾶσι
847 2106 970 2173 τοῖς
989 2105 1406 2174 ἀντεχομένοις
1437 2102 1642 2172 αὐτῆς,
1671 2105 1766 2157 καὶ
1795 2102 1917 2170 τοῖς

331 2199 802 2269 ἐπερειδομένοις
851 2199 928 2263 ὡς
987 2197 1085 2250 ἐπὶ
1155 2197 1393 2264 Κύριον,
1435 2195 1721 2265 ἀσφαλής
1782 2194 1915 2266 (27).

345 2291 500 2343 Ἐπεὶ
523 2291 580 2344 δὲ
610 2291 701 2344 καὶ
725 2291 774 2342 οἱ
808 2288 1025 2356 ἄγγελοι
1058 2288 1221 2358 σοφίᾳ.
1258 2287 1553 2358 τρέφονται
1600 2285 1757 2350 θεοῦ,
1812 2284 1919 2338 ἀπὺ

332 2381 434 2451 τῆς
467 2381 610 2434 κατά
639 2381 738 2452 τὴν
788 2379 1046 2450 ἀλήθειαν
1085 2381 1222 2449 μετά
1268 2378 1459 2447 σοφίας
1500 2378 1728 2450 Θεωρίας
1765 2377 1920 2429 δυνα-

331 2473 595 2549 μούμενοι
627 2472 761 2542 πρὸς
785 2470 846 2522 τὸ
869 2469 937 2521 τὰ
972 2470 1080 2522 ἴδια
1117 2468 1252 2539 ἔργα
1287 2468 1572 2527 ἐπιτελεῖν,
1612 2466 1828 2533 λέγεται
1862 2467 1920 2519 ἐν

337 2563 608 2632 Ψαλμοῖς
639 2562 735 2615 καὶ
779 2562 904 2623 τοὺς
934 2559 1192 2627 ἀγγέλους
1235 2557 1549 2628 τρέφεσθαι,
1602 2555 1922 2608 κοινωνούν-

331 2674 442 2712 των
469 2655 579 2707 τῶν
613 2651 912 2724 ἀνθρώπων
940 2650 1032 2703 τοῦ
1057 2649 1214 2714 Θεοῦ,
1245 2650 1439 2712 οἵτινες
1481 2647 1718 2718 Ἑϐραῖοι
1753 2664 1922 2716 προσ-

2015 490 2204 528 narum
2236 489 2356 543 quae
2387 475 2534 530 alere
2574 489 2727 543 posse
2758 483 3040 543 putantur,
3069 477 3406 530 varietatem.
3444 477 3587 532 Sub-

2015 567 2285 621 stantialis
2320 581 2450 634 ergo
2491 565 2644 632 panis
2672 575 2776 628 est,
2810 567 2899 634 qui
2937 566 3187 620 rationali
3220 577 3430 621 naturae
3457 584 3590 621 con-

2015 655 2478 712 venientissimus.
2527 655 2800 724 ipsiusque
2835 656 3155 710 substantia:
3205 656 3409 719 al‘tinis,
3439 657 3589 711 saui-

2014 754 2178 798 tatem
2231 744 2389 800 simul
2447 753 2502 799 et
2555 747 2750 799 bonam
2801 747 3169 801 habitudinem
3231 757 3286 801 et.
3337 748 3480 802 vires
3533 747 3588 804 in

2013 835 2192 887 anima
2217 834 2401 897 eliicit,
2425 835 2997 906 immortalitatemque
3015 852 3168 892 suam
3197 841 3302 907 (est
3317 839 3459 892 enim
3481 837 3588 893 im-

2017 925 2243 978 mortale
2309 925 2539 980 Verbum
2576 926 2692 995 Dei)
2742 929 3045 981 comedenti
3091 942 3153 982 se
3199 930 3589 986 communicat.

2017 1013 2116 1068 Hie
2152 1014 2530 1069 substantialis
2558 1016 2714 1084 panis
2739 1015 2845 1070 alio
2873 1018 3004 1071 mihi
3038 1020 3257 1073 nomine
3286 1020 3502 1075 videtur
3531 1021 3591 1077 in

2018 1104 2324 1175 Scripturis
2355 1116 2583 1161 vocatus
2632 1122 2752 1162 esse
2809 1107 3012 1177 lignum
3051 1109 3200 1177 vitae,
3226 1111 3278 1165 in
3305 1113 3448 1179 quod
3497 1111 3597 1182 qui

2015 1198 2212 1251 miserit
2236 1215 2451 1253 manum
2471 1215 2623 1252 suam
2644 1208 2694 1253 et
2716 1200 2991 1267 sumpserit
3011 1200 3074 1254 de
3103 1218 3184 1265 eo,
3208 1203 3335 1260 vivet
3356 1204 3412 1258 in
3435 1213 3592 1259 ater-

2017 1287 2222 1339 num”.
2251 1286 2436 1342 Tertio
2463 1289 2652 1342 setiam
2691 1288 2906 1344 nomine
2955 1289 3156 1360 lignum
3191 1293 3290 1347 hoc
3320 1293 3590 1363 sapientia

2019 1375 2111 1431 Dei
2178 1378 2374 1431 dicitur
2425 1379 2565 1446 apud
2615 1378 2959 1434 Salomonem
3035 1382 3122 1436 liis
3177 1382 3362 1438 verbis
3427 1401 3442 1439 :
3500 1383 3595 1438 Li-

2017 1482 2176 1535 gnum
2231 1468 2351 1521 vita:
2378 1477 2454 1521 est
2500 1469 2738 1522 omnibus
2789 1469 2879 1536 qui
2923 1470 3339 1540 complectuntur
3366 1488 3504 1538 eam,
3542 1481 3592 1528 et

2019 1559 2110 1626 qui
2138 1557 2446 1613 incumbunt
2485 1561 2539 1613 in
2591 1577 2706 1614 eam
2761 1569 3012 1628 tauquam
3060 1562 3118 1615 in
3157 1561 3462 1628 Dominum,
3505 1579 3591 1618 se-

2021 1663 2148 1700 cura
2166 1647 2232 1704 ³³.
2263 1646 2380 1701 Jam
2408 1663 2534 1702 vero
2559 1664 2681 1702 cum
2717 1650 2892 1719 angeli
2919 1666 3132 1720 quoque
3163 1651 3344 1706 divina
3377 1653 3595 1708 alantur

2015 1738 2280 1806 sapientia
2313 1748 2368 1793 et
2400 1754 2430 1792 a
2469 1739 2932 1813 contemplatione
2967 1742 3247 1810 sapientia:
3278 1751 3334 1798 et
3366 1743 3595 1800 veritati

2015 1828 2304 1896 conjuncta
2330 1831 2475 1885 vires
2510 1830 2728 1898 capiant
2760 1831 2826 1883 ad
2864 1847 3027 1901 opera
3063 1847 3161 1887 sua
3203 1835 3419 1903 propria
3467 1850 3593 1904 per-

2016 1921 2271 1985 ﬁcienda,
2304 1921 2558 1975 dicuntur
2581 1923 2634 1975 in
2660 1921 2884 1991 psalmis
2934 1924 3099 1978 etiam
3145 1924 3320 1993 angeli
3371 1925 3592 1993 tmtriri,

2017 2011 2369 2081 hominesque
2424 2013 2515 2067 Dei
2570 2013 2660 2082 qui
2703 2012 2912 2068 Hebraei
2969 2023 3254 2079 vocantur,
3299 2018 3598 2070 communi-

2016 2115 2149 2157 Care
2172 2103 2382 2170 angelis
2413 2110 2466 2156 et
2492 2106 2644 2172 quasi
2705 2104 3047 2159 convictores
3085 2105 3226 2158 ﬁeri.
3279 2105 3413 2160 Tale
3464 2106 3595 2160 illud

2018 2205 2101 2250 est
2127 2212 2142 2249 :
2173 2193 2372 2248 Panem
2414 2197 2723 2266 angelorum
2758 2199 3093 2253 manducavit
3144 2201 3297 2252 homo
3315 2201 3385 2253 ⁸⁸.
3416 2199 3600 2271 Neque

2018 2287 2163 2341 enim
2193 2288 2328 2342 adeo
2380 2290 2577 2343 ηιειιιίε
2612 2290 2797 2360 inopes
2841 2305 2964 2346 eSse
2998 2275 3256 2346 debemus
3285 2301 3344 2346 ut
3373 2293 3602 2347 arbitre-

2022 2391 2144 2429 mur
2172 2391 2434 2445 corporeo
2463 2381 2702 2447 quodam
2739 2396 2897 2450 pane,
2929 2384 3018 2448 qui
3047 2383 3264 2437 caelitus
3295 2383 3360 2437 ad
3391 2398 3484 2438 eos
3508 2381 3604 2452 qui

2020 2464 2253 2536 Egypto
2281 2469 2483 2536 egressi
2517 2479 2674 2523 erant
2705 2469 2870 2541 248
2895 2471 3158 2525 cecidisse
3189 2481 3464 2532 narratur,
3505 2485 3604 2523 au-

2022 2558 2172 2627 gelos
2205 2559 2282 2612 uti
2317 2574 2639 2628 semperque
2661 2576 2724 2616 eo
2757 2562 2976 2627 nutriri,
3030 2562 3383 2631 eiusdemque
3437 2559 3604 2616 simul

2024 2651 2321 2719 participes
2347 2651 2513 2706 fuisse
2535 2651 2789 2708 Hebraeos
2816 2670 2940 2709 cum
2963 2657 3169 2725 angelis
3197 2655 3606 2709 administrato-

332 2744 710 2817 αγορεύονται,
739 2745 850 2804 τοῖς
877 2739 1149 2808 ἀγγέλοις,
1189 2739 1282 2791 καὶ
1314 2737 1474 2791 οἱονεὶ
1511 2738 1604 2789 καὶ
1637 2735 1921 2788 συνεστίων

2028 2739 2122 2792 riis
2156 2739 2250 2794 Dei
2282 2742 2587 2809 spiritibus.
2623 2743 2760 2798 Cum
2821 2755 3001 2798 autem
3069 2761 3380 2814 quaeramus
3409 2745 3502 2813 qui
3535 2743 3607 2800 sit

333 2839 526 2900 αὐτοῖς
570 2835 886 2904 γινομένων.
941 2831 1192 2884 Τοιοῦτον
1219 2831 1278 2883 δέ
1304 2832 1418 2882 ἐστι
1467 2829 1554 2882 τό·
1589 2830 1803 2895 ’Ἄρτον
1824 2828 1921 2896 ἀγ-

2027 2832 2398 2886 substautialis
2433 2834 2611 2901 panis,
2651 2843 2706 2886 et
2751 2834 2955 2902 lignum
3005 2836 3160 2897 vitae,
3217 2842 3271 2889 et
3328 2833 3607 2902 sapientiae

331 2927 530 2998 γέλων
567 2926 792 2993 ἔφαγεν
842 2920 1172 2988 ἄνθρωπος.
1232 2917 1322 2987 Μὴ
1381 2915 1486 2986 γὰρ
1541 2915 1633 2966 ἐπὶ
1676 2912 1921 2966 τοσοῦτον

2030 2923 2146 2989 Dei,
2177 2933 2233 2977 et
2257 2939 2542 2978 commune
2580 2935 2892 2981 sanctorqu
2933 2926 3211 2980 hominum
3258 2927 3605 2996 angelorum-

333 3015 646 3086 πτωχεύσαι
695 3015 724 3066 ὁ
778 3011 901 3074 νοῦς
959 3008 1136 3080 ἡμῶν,
1188 3008 1262 3070 ὡς
1313 3006 1562 3076 οἰηθῆναι
1613 3000 1921 3072 σωματικοῦ

2029 3031 2134 3084 que
2167 3016 2510 3079 alimentum,
2551 3032 2654 3070 non
2688 3017 2795 3070 erit
2842 3017 3078 3071 alienum
3109 3033 3136 3070 a
3173 3019 3453 3088 proposito
3477 3057 3493 3080 ,
3533 3016 3604 3072 ad

335 3121 484 3168 τινος
529 3103 696 3175 ἄρτου
748 3100 842 3153 τοῦ
893 3096 1273 3170 ίστορουμένου
1332 3093 1621 3166 οὐρανόθεν
1671 3094 1763 3145 ἐπὶ
1800 3093 1925 3156 τοὺς

337 3195 721 3266 ἐξεληλυθότας
744 3193 839 3264 τὴν
866 3192 1137 3261 Αἴγυπτον
1167 3187 1600 3256 καταϐεϐηκέναι
1620 3225 1633 3247 ,
1664 3187 1789 3248 τοὺς
1821 3186 1924 3253 ἀγ-

339 3288 531 3357 γέλους
567 3287 654 3339 ἀεὶ
691 3283 1200 3355 μεταλαμϐάνοντας
1225 3277 1535 3350 τρέφεσθαι,
1587 3277 1776 3330 τούτου
1830 3276 1928 3329 αὐ-

340 3377 437 3431 τοῦ
502 3375 965 3445 κεκοινωνηκότων
1006 3372 1113 3424 τῶν
1172 3369 1438 3441 Ἑϐραίων
1495 3371 1606 3430 τοῖς
1651 3366 1925 3436 ἀγγέλοις,

337 3473 455 3534 τοίς
496 3469 883 3538 λειτουργικοῖς
909 3464 1002 3518 τοῦ
1031 3462 1164 3517 Θεοῦ
1199 3462 1523 3531 πνεύμασιν.
1561 3460 1677 3512 Οὐκ
1700 3460 1928 3530 ἄκαιρον

339 3563 401 3616 δὲ
436 3559 690 3630 ζητοῦσιν
722 3560 852 3629 ἡμῖν
892 3559 982 3610 τὸν
1021 3555 1292 3610 ἐπιούσιον
1326 3555 1489 3623 ἄρτον
1509 3591 1523 3615 ,
1554 3553 1647 3605 καὶ
1682 3553 1742 3605 τὺ
1775 3553 1928 3618 ξύλον

339 3654 439 3726 τῆς
466 3653 632 3722 ζωῆς,
664 3651 758 3703 καὶ⁸
784 3649 882 3721 τὴν
943 3648 1130 3715 σοφίαν
1162 3645 1256 3700 τοῦ
1289 3644 1456 3709 Θεοῦ,
1499 3645 1598 3715 τήν
1639 3661 1698 3696 τε
1743 3643 1928 3713 κοινὴν

337 3744 514 3814 ἁγίων
547 3741 846 3812 ἀνθρώπων
896 3739 989 3792 καὶ
1050 3738 1294 3806 ἀγγέλων
1341 3735 1580 3808 τροφὴν,
1640 3735 1929 3805 ἐπιστῆσαι

339 3835 435 3886 καὶ
468 3833 600 3902 περὶ
639 3831 746 3883 τῶν
779 3832 838 3882 ὲν
885 3831 1136 3881 Γενέσει
1185 3825 1602 3897 γεγραμμένων
1644 3823 1808 3896 τριῶν
1839 3824 1933 3874 ἀν-

339 3923 482 3995 δρῶν
529 3920 904 3990 καταχθέντων
933 3918 1084 3988 παρά
1110 3916 1188 3988 τῷ
1234 3915 1512 3986 Ἀϐραὰμ,
1564 3915 1655 3967 καὶ
1701 3912 1934 3985 μεταλα-

341 4015 546 4068 ϐόντων
574 4011 970 4082 πεφυραμένων
1002 4008 1167 4080 τριῶν
1204 4008 1414 4078 μέτρων
1454 4005 1801 4076 σεμιδάλεως,
1854 4005 1933 4082 είς

340 4078 669 4180 ὲγκρυφιῶνν
697 4078 946 4175 ποίησιν·
986 4078 1194 4171 μήποτε
1236 4098 1456 4168 γυμνῶς
1500 4097 1775 4168 τροπικῶς
1823 4078 1934 4165 (28)

2026 3119 2091 3160 ea
2112 3106 2392 3160 attendere
2421 3122 2541 3176 qua:
2566 3116 2694 3160 sunt
2727 3108 2780 3160 iu
2803 3106 2999 3162 Genesi
3033 3109 3235 3175 scripta
3253 3109 3300 3140 ⁸³
3326 3126 3340 3162 :
3369 3119 3478 3162 tres
3530 3107 3606 3162 vi-

2031 3216 2120 3254 ros
2147 3201 2214 3253 ad
2239 3199 2516 3253 Abraham
2546 3195 2757 3253 delatos
2785 3214 2910 3254 esse
2939 3211 2994 3254 et
3022 3201 3330 3256 comedisse
3361 3217 3426 3255 ex
3455 3216 3609 3256 com-

2027 3292 2202 3344 mistis
2230 3290 2402 3344 tribus
2431 3291 2566 3345 satis
2609 3291 2805 3346 similae
2855 3291 3031 3347 factos
3088 3293 3485 3347 subcinericios
3513 3307 3612 3360 pa-

2029 3396 2144 3444 nes,
2176 3397 2242 3434 ne
2273 3379 2412 3434 forte
2471 3381 2584 3435 hate
2641 3397 2746 3436 non
2809 3381 2971 3446 nude,
3025 3381 3118 3435 sed
3185 3381 3414 3450 ﬁgurate
3465 3379 3609 3434 dicta

2029 3473 2156 3533 siut,
2185 3473 2324 3540 quod
2357 3471 2530 3525 sancti
2566 3473 2781 3540 possint
2822 3473 3124 3540 spiritalem
3177 3471 3612 3538 rationalemth

2029 3561 2208 3616 cibum
2243 3563 2644 3615 communicare
2666 3576 2769 3615 non
2801 3561 3110 3615 hominibus
3137 3560 3291 3621 solis,
3317 3559 3410 3612 sed
3444 3567 3500 3611 et
3529 3559 3614 3613 di-

2030 3651 2170 3705 vinis
2201 3651 2522 3715 virtutibus,
2552 3661 2646 3703 aut
2675 3652 2741 3704 ad
2774 3651 3010 3718 ipsorum
3055 3649 3367 3713 utilitatem,
3417 3657 3512 3701 aut
3547 3658 3608 3701 ut

2025 3744 2322 3796 ‘Ostendant
2377 3757 2497 3810 qua:
2548 3741 2650 3794 sibi
2703 3754 3024 3809 comparare
3083 3746 3374 3808 potuerunt
3405 3738 3471 3791 ad
3500 3751 3602 3792 nu-

2036 3834 2304 3887 trieudum
2341 3833 2640 3901 aptissima.
2680 3831 2960 3886 Lartantur
3012 3831 3226 3884 scilicet
3281 3839 3336 3884 et
3384 3829 3606 3882 aluntur

2035 3924 2207 3993 angeli
2239 3924 2501 3989 ejusmodi
2534 3925 2867 3987 ostensione,
2924 3923 3342 3991 paratioresque
3379 3920 3516 3974 ﬁunt
3555 3931 3615 3976 ut

2035 4016 2347 4070 omnimodo
2398 4016 2652 4085 deinceps
2695 4014 3031 4070 collaboreut
3077 4024 3133 4068 et
3165 4014 3481 4082 conspireut
3508 4027 3616 4080 quo

2036 4107 2186 4175 plura
2217 4115 2272 4162 et
2302 4107 2507 4176 majora
2545 4105 2970 4176 comprehendat
3001 4105 3048 4159 is
3076 4105 3166 4174 qui
3207 4105 3476 4172 prioribus
3509 4097 3614 4158 sibi

340 4199 520 4252 ταῦτα
575 4196 823 4267 εἴρηται,
880 4191 1190 4262 δυναμένων
1236 4191 1344 4243 τῶν
1401 4189 1569 4257 ἁγίων
1622 4188 1936 4259 μεταδοῦναί

345 4306 475 4342 ποτε
506 4287 710 4357 τροφῆς
734 4283 930 4353 νοητῆς
955 4282 1050 4334 καὶ
1081 4278 1304 4348 λογικῆς
1331 4278 1390 4330 οὐ
1421 4277 1577 4347 μόνον
1605 4275 1931 4347 ἀνθρώποις,

2036 4199 2364 4266 comparatis
2413 4198 2696 4252 altricibus
2758 4196 3063 4264 disciplinis
3105 4195 3364 4258 laetiﬁcat,
3399 4205 3490 4258 et,
3554 4202 3616 4248 ut

2039 4289 2113 4342 ita
2141 4289 2342 4352 dicam,
2378 4290 2547 4343 nutrit
2574 4289 2716 4344 illos.
2749 4288 2934 4355 Neque
2961 4301 3088 4340 vero
3120 4288 3314 4339 mirum
3344 4297 3429 4341 est
3454 4300 3618 4355 ange-

345 4379 479 4432 ἁλλά
524 4377 618 4430 καὶ
664 4375 961 4446 θειοτέραις
1006 4371 1327 4441 δυνάμεσιν,
1363 4371 1482 4441 ἤτοι
1528 4371 1608 4432 είς
1659 4368 1921 4438 ὠφέλειαν

2032 4379 2113 4434 los
2134 4380 2202 4432 ab
2233 4378 2452 4432 homine
2485 4378 2682 4431 nutriri
2705 4417 2720 4443 ,
2747 4392 2870 4431 cum
2901 4377 3060 4430 etiam
3094 4375 3345 4431 Christus
3378 4375 3617 4430 fateatur

346 4471 562 4534 αὐτῶν,
609 4469 642 4540 ἦ
679 4469 756 4531 είς
801 4466 1054 4531 ἐπίδειξιν
1103 4457 1176 4516 ὧν
1210 4461 1489 4533 δεδύνηται
1517 4461 1626 4532 (ἓ9)
1651 4461 1921 4532 περιποιῆ-

2041 4484 2100 4525 se
2127 4479 2273 4524 stare
2303 4469 2370 4522 ad
2395 4469 2593 4521 ostium
2627 4477 2681 4521 et
2709 4468 2927 4538 pulsare
2950 4479 3008 4521 ut
3043 4468 3211 4521 intret
3241 4467 3309 4521 ad
3344 4467 3494 4520 illum
3521 4469 3617 4535 qui

348 4579 438 4616 σαι
466 4561 676 4622 ἑαυτοῖς
714 4555 1138 4629 τροφιμωτάτων
1158 4569 1170 4583 ⁵
1209 4553 1647 4625 εὐφραινομένων
1685 4553 1779 4604 καὶ
1809 4569 1921 4624 τρε-

2039 4559 2140 4614 sibi
2193 4557 2552 4628 aperuerit“,
2583 4567 2637 4613 et
2665 4568 2846 4614 cmuet
2893 4573 3017 4612 cum
3050 4558 3139 4612 illo
3177 4572 3242 4612 ex
3271 4558 3357 4612 bis
3383 4573 3500 4625 quae
3525 4557 3616 4612 ille

349 4653 597 4723 φομένων
626 4652 684 4702 ὲν
709 4651 775 4719 τῇ
807 4646 1030 4718 τοιαύτῃ
1061 4644 1315 4709 ἐπιδείξει
1359 4643 1467 4697 τῶν
1519 4643 1795 4712 ἀγγέλων,
1842 4642 1938 4696 καὶ

351 4744 710 4814 ἑτοιμοτέρων
738 4739 1033 4811 γινομένων
1064 4737 1197 4809 πρὸς
1229 4738 1288 4790 τὸ
1321 4738 1482 4792 παντὶ
1510 4736 1696 4808 τρόπῳ
1749 4754 1940 4810 συνερ-

354 4833 542 4903 γῆσαι,
570 4835 663 4888 καὶ
692 4833 826 4904 πρὸς
854 4832 914 4884 τὸ
947 4831 1076 4900 ἑξῆς
1106 4829 1446 4900 συμπνεῦσαι
1467 4831 1532 4900 τῇ
1560 4828 1816 4881 πλειόνων
1845 4828 1939 4881 καὶ

359 4927 614 5000 μειζόνων
639 4925 934 4996 καταλήψει
956 4923 1050 4976 τοῦ
1079 4921 1171 4974 ἐπὶ
1187 4921 1470 4992 προτέροις
1497 4919 1944 4992 παρεσκευασμέ-

2047 4650 2236 4712 liabet,
2270 4651 2498 4703 daturus
2525 4650 2640 4719 ipse
2677 4659 2861 4717 postea
2887 4649 2954 4703 de
2982 4648 3217 4718 prepriis
3263 4648 3492 4703 bonisei
3527 4649 3620 4718 qui

2049 4743 2199 4812 prior
2225 4740 2423 4795 Filium
2463 4741 2557 4797 Dei
2595 4757 2694 4810 pro
2737 4740 3082 4795 facultatibus
3112 4741 3358 4796 convivio
3391 4755 3620 4810 excepe-

2046 4833 2135 4886 rit.
2187 4831 2355 4901 lgitur
2405 4834 2499 4903 qui
2560 4832 2932 4888 substantialis
2994 4831 3146 4901 panis
3200 4832 3622 4901 participatione

2048 4923 2332 4979 conﬁrmat
2361 4940 2454 4979 eor
2479 4939 2657 4989 suum,
2692 4923 2832 4978 [ilius
2888 4923 2983 4978 Dei
3022 4919 3254 4976 elIicitur
3283 4939 3298 4976 :
3327 4931 3383 4976 at
3418 4920 3512 4992 qui
3557 4921 3624 4975 de

431 5064 476 5096 '°
503 5063 642 5119 Gen.
680 5080 762 5128 ιιι,
791 5063 882 5120 22.
957 5064 1004 5096 δι
1039 5063 1201 5118 Prov.
1230 5076 1322 5126 ιιι,
1361 5059 1449 5112 l8.
1526 5057 1571 5089 "
1600 5055 1747 5112 Psal.
1783 5073 1921 5112 Lxxv

2027 5059 2114 5114 25.
2189 5057 2237 5090 ⁸³
2264 5057 2403 5116 Gen.
2430 5074 2584 5114 xvm.
2661 5058 2709 5090 “
2739 5057 2911 5128 Apoc.
2947 5073 3033 5123 ιιι,
3065 5059 3157 5117 20.

429 5200 556 5274 (95)
591 5198 1048 5274 Ἀγωνιζομένοις
1074 5241 1090 5267 ,
1156 5208 1264 5274 etc.
1318 5194 1473 5274 Legg
1511 5208 1634 5274 cum
1674 5192 1932 5274 Bentleio,

354 5263 770 5344 ἀγωνιζομένοις
790 5263 1140 5344 Απροσφοόρως,
1158 5263 1416 5344 ἕκαστον.
1435 5263 1600 5344 Paulo
1621 5273 1742 5344 post
1762 5266 1931 5318 codex

358 5332 485 5414 m's.,
587 5332 1162 5414 Epnapée'xev."l§tliti_o
1199 5337 1396 5414 Ditem,
1431 5333 1458 5386 ὃ
1489 5332 1857 5414 ἐμπαρέσιχεν.

426 5404 542 5484 (26)
567 5404 758 5484 (Σιίιιθί
794 5404 920 5477 nisi,
975 5405 1462 5478 καταλληλότατος,
1519 5404 1684 5456 editio
1731 5405 1928 5466 Uxon.,

306 5512 316 5524 ι
358 5483 718 5553 καταλληλότε
727 5499 836 5552 ρος.

429 5552 536 5624 (‘27)
570 5541 933 5624 Godeijmsq
990 5545 1418 5624 ἐπερειδομένοις
1462 5542 1676 5624 ὼςηὲπὶ
1704 5541 1930 5624 βύριοον,

361 5612 621 5692 ἀσφαλής·
653 5621 818 5674 editio
843 5621 1043 5692 Οτςοιιη
1074 5612 1505 5692 ἐπερειδομένοις
1529 5613 1635 5692 (ξε-π’
1659 5612 1828 5692 αὐτῷ)
1858 5612 1935 5692 dic;

361 5677 705 5763 ιῆῖιςόριον,
761 5677 1038 5758 ἀσφαλής.
1074 5677 1301 5754 Vulgata
1327 5677 1492 5737 Biblia
1537 5677 1731 5737 ’σι-ιω.
1780 5677 1936 5734 “Van.

2038 5210 2173 5266 cana
2214 5210 2312 5265 pro
2343 5195 2429 5266 ἐπ’
2459 5194 2630 5266 αὐτῷ,
2657 5194 2885 5266 _ltabent
2917 5195 3004 5247 ἐπ’
3044 5195 3236 5265 αὐτήν.
3273 5190 3623 5266 Bentleiusm

2038 5265 2124 5319 his
2145 5262 2325 5320 verbis
2347 5265 2424 5328 ὡς
2470 5267 2561 5318 ἐπὶ
2581 5262 2793 5328 Κύριον
2842 5273 2999 5317 vetus
3049 5262 3300 5316 metutum
3356 5262 3629 5314 detexisse

2035 5335 2136 5388 sibi
2166 5336 2400 5398 videtur,
2433 5345 2488 5388 et
2520 5329 2742 5398 Ιθκίιὼς
2771 5333 2864 5386 ἐπὶ
2887 5333 3039 5385 κίονα
3069 5329 3338 5398 ἀσφαλής,
3373 5337 3629 5394 tauquam

2036 5404 2092 5456 in
2132 5405 2456 5461 columnam.
2493 5419 2698 5458 secura.

2109 5472 2220 5545 (28)
2248 5471 2504 5554 fumi-(Bc
2544 5471 2854 5539 τροπικῶς.
2895 5469 3064 5536 Lego,
3105 5467 3166 5519 οὐ
3198 5461 3445 5532 γυμνῶς,
3490 5461 3629 5517 ἀλλὰ

2034 5557 2332 5605 τροπικως.

2071 5559 2332 5614 ροπικως.

2112 5612 2224 5683 (29)
2254 5611 2594 5678 Δεδύνηται.
2623 5608 2766 5678 Lego
2789 5605 3123 5672 δεδύνηνται.
