3974 6160
400 247 507 303 515

1876 233 2199 292 ORIGENIS

3555 236 3663 291 516

404 367 641 419 dracone
688 359 945 423 comedit,
988 373 1093 412 non
1149 356 1283 410 alius
1332 363 1415 412 est
1459 370 1619 426 quam
1673 355 1964 425 spi'ritualis

2072 370 2167 410 νον
2203 354 2487 422 τροφίμοις
2520 350 2839 421 παθήμασιν
2871 342 2981 418 ('50)
3002 385 3015 410 ,
3043 345 3411 417 εύφράναντος
3437 349 3556 409 καὶ,
3593 345 3663 405 ἶν’

404 455 681 522 Ᾱξιιιίορε,
709 469 804 523 per
831 451 1079 507 draconis
1135 449 1354 516 laqueos
1407 456 1644 503 mutatus
1686 458 1741 501 et
1777 448 1891 517 ipse
1917 447 1970 501 in

405 557 754 617 serpentem:
791 554 847 598 ut
897 559 924 595 a
958 541 1137 596 Verbo
1158 540 1259 594 sibi
1322 538 1707 607 exprobrante,
1746 539 1844 592 etsi
1876 539 1975 608 ba-

404 638 599 708 ptizari
624 651 681 691 se
708 634 846 689 velle
866 633 1034 698 dicat,
1069 631 1323 684 audituru
1379 630 1490 683 sit:
1520 626 1816 693 Serpentes,
1849 644 1974 696 pro-

403 732 575 802 genies
614 729 933 794 viperarum,
978 724 1096 792 quis
1135 721 1509 776 demonstravit
1546 720 1689 772 vobis
1738 718 1917 787 fugere
1941 734 1974 772 a

404 830 615 874 ventura
637 818 719 869 ira
732 816 777 848 ⁸⁸
798 815 821 868 ?
846 813 1017 868 Porro
1047 813 1113 866 de
1140 811 1390 865 draconis
1414 824 1643 879 corpore
1662 810 1727 862 ab
1758 808 1975 866 Ethio-

402 910 556 979 pibus
588 906 912 960 manducata
942 905 1057 956 hrec
1086 901 1161 954 ait
1193 900 1360 953 David
1399 919 1412 955 :
1454 898 1759 953 Contrivisti
1799 898 1971 966 capita

398 1001 683 1054 draconum
719 999 774 1052 in
801 1012 961 1066 aqua.
995 994 1073 1047 Tu
1115 994 1407 1047 contrivisti
1456 993 1629 1060 capita
1672 993 1918 1045 draconis
1952 1007 1971 1044 :

398 1087 587 1143 dedisti
632 1103 750 1141 eum
792 1101 962 1139 escam
1028 1082 1230 1149 popu'is
1271 1080 1682 1148 (Et/tionibus".
1732 1080 1881 1146 Quod
1926 1080 1970 1133 si

400 1195 504 1234 non
549 1187 838 1246 repugnat,
872 1190 993 1228 cum
1025 1172 1192 1225 Filius
1229 1172 1317 1227 Dei
1342 1173 1772 1228 substantialiter
1795 1172 1973 1225 snbsi~

397 1280 526 1335 stat,
552 1271 811 1324 subsistat
841 1275 897 1322 et
921 1263 1287 1327 adversarius,
1310 1265 1522 1317 illorum
1542 1274 1830 1331 utrumque
1851 1277 1972 1317 esse

395 1364 717 1416 alimentum
736 1360 879 1413 illius
897 1368 990 1410 aut
1004 1357 1170 1420 illius,
1194 1356 1323 1425 quid
1341 1356 1626 1409 admittere
1643 1369 1895 1408 veremur
1916 1354 1968 1406 in

396 1454 648 1507 omnibus
666 1452 1025 1521 potestatibus
1046 1450 1159 1502 sive
1183 1447 1549 1501 melioresillze
1565 1445 1801 1500 sintsive
1822 1445 1972 1499 dete-

398 1545 588 1605 riores,
614 1552 668 1595 et
690 1542 742 1596 in
767 1541 1075 1596 hominibus
1116 1541 1299 1603 etiam,
1344 1551 1503 1607 posse
1533 1551 1970 1605 unumquemque

2076 450 2249 511 οὕτως
2299 448 2457 509 ετπω,
2505 441 2912 513 ἀναθρέψαντος
2965 438 3183 501 αὐτούς.
3223 440 3299 492 Οὐ
3353 439 3663 510 θαυμαστὸν

2075 543 2154 605 δὲ,
2185 542 2231 594 εἰ
2277 538 2540 608 ἀγγέλους
2599 534 2786 606 τρέφει
2834 532 3139 603 ἄνθρωπος,
3185 532 3385 599 ὅπουγε
3418 532 3523 602 (3i)
3570 535 3663 588 xui.

2075 633 2305 706 Χριστὸς
2353 630 2603 701 ὁμολογεῖ
2659 623 2831 687 ἑστὼς
2872 622 3024 695 παρά
3077 622 3174 693 τὴν
3219 622 3387 694 θύραν
3426 623 3660 693 κρούειν,

2078 726 2142 781 ἵν’
2190 721 2444 779 εἰσελθὼν
2505 717 2657 789 παρὰ
2711 716 2804 769 τὸν
2850 713 3131 778 ἀνοίξαντα
3191 713 3340 784 αὐτῷ
3403 714 3661 788 δειπνήσῃ

2078 817 2195 889 μετ’
2228 811 2392 869 αὑτοῦ
2424 812 2489 864 ὲκ
2517 809 2625 862 τῶν
2667 808 2897 869 ἐκείνου,
2946 807 3083 876 μετὰ
3122 805 3294 859 ταῦτα
3352 806 3445 859 καὶ
3504 808 3663 873 αὐτὸς

2077 904 2401 979 μεταδώσων
2434 903 2540 955 τῶν
2576 900 2717 953 ἰδίων
2743 897 2821 968 τῷ
2858 898 3122 968 πρότερον
3168 898 3477 950 ἑστιάσαντι
3523 898 3663 953 κατά

2072 1000 2172 1070 τὴν
2234 998 2367 1050 ἰδίαν
2415 993 2640 1062 δύναμιν
2676 991 2766 1042 τὸν
2796 989 2922 1043 Υἱὸν
2959 988 3051 1042 τοῦ
3084 987 3241 1043 Θεοῦ.
3267 986 3372 1041 Τοῦ
3423 989 3521 1058 μὲν
3572 985 3662 1044 οὗν
3728 1013 3735 1017 ~

2074 1090 2351 1144 ὲπιουσίου
2393 1090 2421 1141 6
2464 1083 2893 1157 μεταλαμϐάνων
2931 1082 3093 1154 ἄρτου
3146 1080 3530 1152 στηριζόμενος
3566 1082 3664 1153 τὴν

2073 1182 2332 1254 καρδίαν,
2382 1178 2498 1240 υἱὸς
2540 1174 2675 1229 Θεοῦ
2723 1176 2933 1243 γίνεται
2983 1172 3127 1242 (52)·
3161 1172 3254 1225 τοῦ
3280 1172 3336 1225 δὲ
3375 1172 3665 1243 δράκοντος

2070 1273 2099 1323 6
2138 1270 2380 1341 μετέχων
2439 1268 2541 1321 οὐκ
2574 1267 2730 1329 ἄλλος
2761 1264 2878 1317 ἐστὶ
2909 1261 3002 1315 τοῦ
3036 1261 3226 1332 νοητοῦ
3259 1261 3533 1325 Αἰθίοπος,
3562 1262 3649 1315 διὰ

2070 1364 2169 1427 τὰς
2197 1362 2291 1416 τοῦ
2317 1361 2614 1432 δράκοντος
2646 1358 2818 1430 ἄρκυς
2853 1346 3209 1427 μεταϐάλλων
3227 1354 3319 1406 καὶ
3344 1354 3506 1417 αὐτὸς
3554 1354 3659 1424 (53)

2072 1457 2151 1518 εἰς
2181 1455 2325 1524 ὅφιν,
2377 1452 2517 1505 ὥστε
2565 1450 2672 1504 ὑπὸ
2718 1448 2813 1502 τοῦ
2847 1448 3020 1517 Λόγου
3044 1446 3432 1516 ὀνειδιζόμενον
3479 1445 3661 1510 αὑτὸν,

2072 1546 2173 1600 κᾶν
2205 1546 2337 1618 λέγῃ
2359 1541 2712 1615 βαπτίζεσθαι
2744 1540 2940 1604 θέλειν,
2976 1538 3212 1592 ἀκούειν·
3245 1539 3468 1606 "Cyme,
3491 1537 3663 1606 γενή-

398 1644 643 1687 nostrum
664 1633 750 1687 his
766 1632 1018 1687 omnibus
1038 1631 1270 1686 nutriri?
1286 1630 1478 1684 Petrus
1508 1643 1632 1682 cum
1656 1626 1964 1681 centurioni

2071 1652 2226 1703 ματα
2278 1631 2552 1702 ἐχιδνῶν,
2596 1630 2687 1695 τίς
2736 1628 3055 1692 ὑπέδειξεν
3094 1627 3236 1697 ὑμῖν
3277 1626 3491 1695 φυγεῖν
3542 1625 3661 1681 ἀπὸ

398 1722 564 1794 249
618 1721 873 1777 Cornelio
929 1723 1104 1791 iisque
1154 1722 1248 1790 qui
1294 1720 1453 1775 simul
1500 1728 1659 1774 erant
1706 1718 1964 1773 Catsarete

2071 1702 2177 1793 τῆς
2202 1727 2393 1793 pecua
2420 1730 2557 1789 σης
2594 1716 2814 1789 ᾧγῆω
2843 1719 3004 1787 Λέγει
3042 1719 3099 1771 δὲ
3132 1719 3261 1789 περὶ
3303 1718 3397 1771 τοῦ
3430 1717 3659 1790 δρακον-

398 1814 740 1884 congregati,
774 1815 1278 1869 communicaturus
1319 1821 1486 1875 esset,
1534 1820 1834 1880 gentesque
1873 1825 1964 1878 po.

396 1920 510 1962 stea
564 1908 852 1961 verborum
915 1907 1008 1961 Dei
1051 1906 1344 1976 participes
1391 1905 1651 1967 facturus,
1693 1920 1784 1956 vas
1838 1902 1967 1956 illud

396 1999 545 2052 videt
577 2007 803 2067 quatuor
828 1999 992 2051 initiis
1015 1999 1329 2051 submissum
1357 1997 1419 2049 de
1449 1995 1574 2048 caelo
1604 1997 1657 2047 in
1688 2010 1787 2064 quo
1817 2002 1968 2047 erant

395 2090 570 2142 Omnia
615 2088 974 2156 quadrnpedia
1023 2097 1072 2141 et
1118 2088 1376 2156 serpentia
1410 2095 1458 2139 et
1482 2087 1657 2139 bestia’
1699 2093 1852 2137 terra:
1887 2084 1962 2147 "';

394 2179 611 2248 quando
640 2186 699 2232 et
749 2179 973 2247 jubetur
1000 2192 1229 2247 surgere
1260 2186 1315 2231 et
1340 2177 1589 2231 occidere
1638 2185 1694 2230 et
1738 2176 1967 2229 mandu-

394 2283 554 2335 care;
586 2285 818 2338 comque
866 2270 1149 2323 abnuisret
1194 2278 1249 2323 et
1295 2268 1528 2323 dixisset
1558 2284 1574 2322 :
1605 2265 1681 2319 Tu
1712 2269 1812 2321 scis
1840 2268 1965 2337 quia

392 2374 666 2412 commune
714 2370 807 2413 aut
852 2358 1181 2413 immundum
1216 2375 1485 2428 nunquam
1525 2358 1757 2412 introivit
1815 2358 1870 2411 in
1908 2372 1965 2410 os

395 2469 564 2507 meum
601 2453 670 2520 ⁸⁸,
702 2461 1030 2524 praeceptum
1084 2464 1167 2508 est
1202 2454 1250 2508 ei
1308 2454 1579 2507 neminem
1622 2466 1965 2506 communem

396 2554 492 2598 aut
540 2544 881 2598 immundum
914 2546 1097 2599 dicere
1144 2543 1424 2599 hominem
1456 2545 1534 2609 Is’;
1568 2558 1632 2597 eo
1659 2543 1801 2613 quod
1846 2556 1967 2613 quae

393 2636 737 2705 puriticasset
772 2636 937 2701 Dens,
967 2637 1277 2691 communia
1308 2638 1488 2691 dicere
1512 2635 1706 2691 Petrus
1736 2651 1840 2690 non
1868 2636 1964 2691 de-

394 2728 564 2782 beret.
594 2728 681 2781 Ait
715 2729 862 2783 enim
912 2736 1094 2783 textus
1126 2746 1139 2782 :
1177 2728 1353 2792 Quadi
1379 2728 1519 2781 Deus
1548 2726 1868 2796 puriﬁcavit,
1908 2736 1965 2778 tu

393 2834 665 2872 commune
691 2835 753 2872 ne
779 2819 981 2871 dixeris
1007 2818 1073 2871 “.
1108 2818 1224 2873 Cibi
1251 2818 1412 2887 igitur
1435 2817 1620 2870 mundi
1645 2824 1702 2870 et
1730 2817 1966 2869 immun-

395 2909 449 2961 di
488 2910 583 2976 qui
608 2908 761 2975 juxta
788 2907 961 2976 legem
1002 2907 1204 2978 Moysis
1251 2908 1609 2976 plurimorum
1657 2906 1966 2960 nominibus

396 2999 714 3052 animalium
765 3000 1192 3068 distinguuntur,
1225 3009 1282 3051 et
1325 2998 1391 3052 ad
1425 2999 1603 3053 varios
1652 2996 1967 3053 referuntur

398 3089 753 3144 rationalium
784 3090 1097 3142 animalium
1149 3104 1351 3154 mores,
1386 3090 1582 3143 docent
1635 3090 1773 3142 alios
1808 3088 1969 3143 utiles

394 3194 519 3235 esse
557 3181 712 3235 nobis
766 3181 941 3243 cibos,
998 3180 1135 3233 alios
1179 3190 1391 3244 contra,
1422 3178 1598 3234 donec
1636 3194 1828 3234 omnes
1875 3187 1969 3232 aut

395 3272 588 3326 saltem
625 3271 835 3336 aliquos
864 3285 929 3323 ex
959 3271 1106 3324 omni
1147 3286 1349 3339 genere
1382 3270 1756 3339 purificaverit
1798 3271 1965 3337 Deus,

397 3360 668 3428 utilesque
688 3359 902 3416 fecerit.
931 3360 1062 3427 Quae
1089 3377 1211 3416 cum
1241 3362 1313 3415 ita
1347 3378 1403 3417 se
1425 3362 1680 3426 habeant,
1714 3370 1967 3431 tantaque

397 3450 735 3505 sitciborum
776 3453 1036 3517 varietas,
1092 3467 1232 3506 unus
1263 3462 1347 3506 est
1390 3463 1587 3523 prwter
1616 3465 1967 3508 enumeratos

391 3555 584 3597 omnes
615 3544 991 3597 substantialis
1022 3544 1197 3611 panis,
1233 3543 1297 3597 de
1334 3558 1442 3612 quo
1468 3545 1734 3598 Orandum
1769 3553 1875 3609 est,
1908 3552 1968 3597 ut

392 3647 462 3687 eo
511 3633 657 3702 digni
707 3633 1027 3699 eiliciamur,
1060 3634 1347 3704 Verbaque
1379 3635 1470 3688 illo
1516 3635 1704 3688 nutriti
1736 3634 1879 3704 quod
1913 3637 1963 3688 in

394 3725 664 3793 principio
691 3726 837 3793 apud
867 3726 1034 3778 Deum
1068 3735 1192 3778 erat
1220 3726 1382 3790 Deus,
1412 3727 1464 3779 in
1494 3727 1660 3781 Deum
1695 3726 1964 3780 transfor-

393 3830 627 3869 Iuemur.
663 3816 815 3869 Dicet
842 3816 1035 3883 aliquis
1051 3817 1324 3870 ἐπιούσιον
1355 3817 1421 3872 ab
1450 3818 1963 3883 émévagacccdere,

397 3906 690 3961 formatum
735 3922 876 3970 esse,
913 3908 983 3960 ita
1038 3919 1100 3961 ut
1135 3908 1628 3977 pelerejubeamur
1689 3912 1963 3978 proprium

394 3999 566 4054 l'uturi
600 3998 784 4052 saeculi
832 4013 1049 4068 panem,
1085 4008 1142 4053 ut
1195 4015 1292 4069 per
1326 4000 1772 4066 anticipationem
1811 4001 1966 4053 nobis

394 4092 547 4145 illum
586 4091 726 4145 Deus
753 4090 860 4159 iam
891 4091 1181 4160 largiatur,
1216 4092 1487 4160 deturque
1518 4092 1677 4145 hodie
1696 4092 1839 4160 quod
1877 4106 1968 4144 ve-

393 4176 490 4232 luti
518 4192 641 4232 cras
670 4178 902 4232 dandum
934 4187 1085 4240 erat;
1117 4179 1277 4233 hodie
1303 4180 1446 4233 enim
1476 4194 1574 4246 pro
1604 4179 1802 4233 saeculo
1832 4194 1960 4247 prae-

394 4271 536 4325 senti
564 4271 761 4340 accipi,
799 4287 920 4325 cras
948 4286 1043 4339 pro
1068 4271 1276 4326 futuro.
1308 4271 1415 4325 Sed
1460 4287 1584 4327 cum
1626 4272 1775 4340 prior
1809 4287 1968 4327 acce-

2068 1814 2212 1867 τείου
2246 1812 2492 1884 σώματος
2518 1810 2626 1864 ἀπὸ
2650 1803 2764 1862 τῶν
2796 1809 3065 1863 Αἰθιόπων
3096 1808 3425 1879 ὲστιωμένου
3448 1811 3476 1862 6
3500 1808 3663 1863 Δαυὶδ

2068 1903 2237 1956 ταῦτα
2257 1920 2271 1934 ·
2304 1901 2676 1970 Συνέτριψας
2712 1900 2819 1965 τὰς
2872 1900 3139 1969 κεφαλὰς
3169 1902 3286 1956 τῶν
3321 1900 3663 1966 δρακόντων

2066 1991 2165 2044 ἐπὶ
2192 1993 2296 2046 τοῦ
2326 1991 2561 2054 ὕδατος.
2590 1988 2672 2042 Σὺ
2708 1987 3074 2057 συνέτριψας
3106 1990 3211 2055 τὰς
3244 1989 3514 2057 κεφαλὰς
3553 1988 3658 2042 τοῦ

2066 2079 2389 2148 δράκοντος
2416 2077 2548 2149 (54),
2577 2077 2805 2144 ἔδωκας
2839 2080 3026 2133 αὐτὸν
3057 2079 3268 2148 ,βρῶμα
3311 2078 3483 2144 λαοῖς
3535 2078 3660 2146 τοῖς

2072 2175 2369 2241 Αἰθίοψιν.
2400 2174 2462 2226 Εἰ
2486 2173 2541 2225 δὲ
2573 2174 2647 2244 μὴ
2672 2174 3025 2242 ἀπεμφαίνει,
3059 2171 3330 2235 ούσιωδῶς
3351 2172 3662 2240 ὑφεστῶτος

2065 2266 2159 2319 τοῦ
2190 2264 2321 2318 Υἱοῦ
2352 2264 2445 2318 τοῦ
2478 2264 2635 2329 Θεοῦ,
2670 2263 2977 2333 ὑφεστῶτος
3005 2264 3061 2317 δὲ
3093 2264 3186 2316 καὶ
3212 2262 3310 2317 τοῦ
3345 2264 3661 2335 ἀντικειμέα

2066 2377 2178 2423 νου,
2207 2360 2461 2430 ἑκάτερον
2489 2358 2668 2412 αὐτῶν
2704 2358 2908 2429 τροφὴν
2944 2356 3187 2425 γίνεσθαι
3228 2357 3439 2428 τοῦδεῆ
3481 2357 3656 2412 τοῦδε·

2067 2453 2118 2505 τί
2144 2450 2406 2521 ὀκνοῦμεν
2456 2448 2881 2520 παραδέξασθαι,
2916 2448 3009 2500 ἐπί
3040 2466 3100 2500 τε
3130 2449 3318 2503 πασῶν
3345 2449 3453 2503 τῶν
3498 2450 3659 2502 δυνά-

2070 2560 2214 2614 μεων
2247 2542 2569 2613 κρειττόνων
2599 2544 2694 2594 καὶ
2730 2541 2992 2610 χειρόνων
3012 2580 3026 2603 ,
3063 2540 3156 2592 καὶ
3188 2540 3413 2593 ἐπὶτῶν
3445 2540 3659 2613 ἀνθρώ-

2066 2651 2184 2688 πων
2230 2634 2291 2687 τὸ
2334 2632 2589 2688 δύνασθαι
2645 2632 2937 2703 τρέφεσθαι
2969 2632 3076 2685 ἀπὸ
3110 2632 3328 2685 πάντων
3369 2632 3478 2705 (55)
3537 2632 3661 2686 τού-

2064 2744 2172 2782 των
2200 2727 2294 2780 ’ἐνα
2324 2726 2552 2779 ’ἑκαστον
2586 2724 2777 2796 ήμῶνς
2814 2720 3110 2777 Κοινωνεῖν
3158 2723 3289 2793 γοῦν
3332 2723 3408 2794 τῷ
3434 2726 3660 2779 ἑκατον-

2066 2819 2251 2888 τάρχῳ
2288 2815 2595 2888 Κορνηλίῳ,
2658 2815 2752 2868 καὶ
2802 2818 2918 2877 τοῖς
2954 2814 3069 2885 ἅμα
3114 2814 3457 2884 συναχθεῖσιν
3488 2817 3546 2869 ὲν
3580 2818 3653 2888 τῇ

2067 2909 2380 2980 Κοιιςῖαρείεξ⁴
2404 2910 2432 2960 6
2462 2908 2667 2978 Πέτρος
2710 2907 2937 2977 μέλλων,
2971 2907 3107 2978 μετὰ
3128 2907 3185 2960 δὲ
3216 2907 3388 2961 ταῦτα
3423 2909 3520 2962 καὶ
3545 2912 3659 2973 τοῖς

1995 3028 2038 3085 C
2070 3000 2249 3053 ἔθνεσι
2283 2997 2611 3070 μεταδώσειν
2644 2996 2753 3050 τῶν
2780 2997 2951 3064 λόγων
2990 2997 3085 3050 τοῦ
3103 2996 3240 3050 Θεοῦ
3261 3038 3276 3062 ,
3307 2998 3408 3069 ὁρᾷ
3444 2996 3512 3050 τὸ
3541 2998 3660 3052 τέτ-

2075 3107 2288 3158 ταρσιν
2342 3087 2554 3158 ἀρχαῖς
2610 3087 2965 3155 καθιέμενον
3023 3090 3352 3155 οἰιρανόθεν
3407 3089 3656 3155 σκεῦος,

2072 3183 2143 3235 ἐν
2177 3175 2225 3247 ᾧ
2246 3180 2442 3234 πάντα
2471 3180 2542 3235 τὰ
2566 3179 2913 3248 τετράποδα,
2950 3181 3045 3234 καὶ
3075 3180 3309 3247 ἑρπετὰ,
3350 3181 3447 3233 καὶ
3482 3183 3658 3250 θηρία

2080 3270 2188 3341 τῆς
2217 3272 2362 3343 γῆς’
2401 3273 2491 3325 ὅτε
2522 3272 2616 3324 καὶ
2650 3271 2932 3324 κελεύεται
2961 3269 3200 3334 ἀναστὰς
3232 3269 3391 3326 θῦσαι
3422 3273 3517 3325 καὶ
3554 3289 3658 3339 φα-

2072 3367 2210 3434 γεῖν,
2246 3363 2726 3435 προστασσόμενος
2768 3362 2905 3432 μετὰ
2935 3362 2996 3415 τὸ
3030 3362 3463 3434 παραιτούμενον
3493 3363 3655 3417 αὐτὸν

2072 3456 2369 3528 εἰρηκέναι,
2405 3454 2487 3507 Σὺ
2521 3450 2710 3518 οἶδας,
2751 3452 2841 3504 ὅτι
2886 3451 3174 3505 οὐδέποτε
3203 3451 3410 3505 κοινὸν
3444 3453 3481 3521 ἢ
3511 3451 3657 3507 ἀκά-

2073 3550 2291 3614 θαρτον
2314 3545 2604 3613 εἰσῆλθεν
2628 3547 2714 3609 εἰς
2750 3542 2816 3595 τὸ
2843 3544 3035 3612 στόμα
3073 3561 3213 3612 μου,
3251 3543 3450 3614 μηδένα
3478 3543 3654 3597 κοινὸν

2073 3637 2106 3707 ἢ
2154 3636 2460 3705 ἀκάθαρτον
2509 3632 2686 3702 λέγειν
2729 3632 3047 3704 ἄνθρωπον·
3096 3632 3173 3703 τῷ
3211 3632 3279 3686 τά
3312 3632 3653 3705 καθαρθέντα

2073 3728 2177 3780 ὑπὸ
2210 3726 2344 3779 Θεοῦ
2388 3726 2461 3796 μὴ
2492 3725 2600 3778 δεῖν
2632 3725 2736 3778 ὑπὸ
2767 3726 2975 3796 Πέτρου
2998 3725 3345 3780 κοινοῦσθαι·
3379 3729 3512 3799 φησί
3544 3727 3651 3801 γὰρ

2072 3823 2105 3891 ἡ
2156 3818 2327 3883 λέξις·
2383 3822 2449 3871 Ἀ
2508 3822 2541 3872 ό
2585 3817 2729 3884 Θεὸς
2769 3802 3131 3886 ἐκαθάρὶσε,
3166 3819 3247 3872 σὺ
3279 3817 3365 3888 μὴ
3422 3819 3646 3871 κοίνου.

2073 3911 2281 3964 Οὐκοῦν
2313 3910 2373 3963 τὸ
2420 3908 2656 3981 καθαρὸν
2698 3909 2913 3980 βρῶμα,
2948 3910 3042 3962 καὶ
3082 3909 3143 3962 τὸ
3176 3910 3482 3982 ἀκάθαρτον
3514 3909 3651 3981 μετὰ

2071 4001 2162 4055 τὸν
2213 4000 2491 4063 Μωῦσέως
2547 4000 2707 4069 νόμον
2767 4001 2824 4052 ἐν
2877 3999 3194 4071 ὀνομασίαις
3241 4000 3648 4072 διακρινόμενον

2074 4092 2335 4145 πλειόνων
2382 4089 2555 4155 ζώων,
2599 4090 2697 4162 τὴν
2725 4089 3005 4161 ἀναφορὰν
3046 4091 3168 4161 ἕχον
3198 4093 3291 4144 ἐπὶ
3320 4093 3389 4145 τὰ
3417 4092 3647 4163 διάφορα

2074 4187 2177 4260 ἤθη
2212 4188 2318 4241 τῶν
2366 4187 2631 4257 λογικῶν,
2675 4186 2934 4244 διδάσκει,
2976 4186 3163 4239 τούσδε
3219 4187 3315 4257 μὲν
3351 4188 3647 4258 τροφίμους

2073 4280 2206 4348 ἡμῖν
2236 4276 2767 4355 τυγχάνεινητούσδε
2803 4277 2859 4328 δὲ
2897 4276 3153 4337 ἐναντίως
3183 4276 3348 4345 ἔχειν,
3391 4277 3514 4341 ἕως,
3549 4295 3646 4330 κα-

395 4365 508 4431 pIio
539 4379 625 4417 me
658 4364 872 4431 quidem
892 4363 1074 4433 judice
1100 4366 1296 4420 melior
1324 4364 1415 4431 sit,
1440 4366 1807 4433 expendaums
1833 4366 1961 4420 illud

2071 4368 2297 4440 θαρίσας
2322 4369 2551 4433 πάντας,
2572 4365 3086 4438 ποιήσῃτροφίμους
3102 4369 3130 4419 6
3154 4367 3307 4429 Θεὸς,
3329 4367 3361 4436 ἢ
3383 4369 3509 4431 τοὺς
3531 4367 3641 4438 (56)

392 4458 546 4511 hodie
583 4461 726 4527 quod
756 4460 896 4528 apud
923 4458 1229 4513 Matthteum
1271 4460 1355 4514 his
1384 4460 1658 4528 adjicitur,
1695 4460 1958 4530 autquod

392 4547 534 4615 apud
565 4548 762 4601 Lucam
797 4550 1060 4618 scriptum
1088 4560 1192 4616 est,
1229 4551 1282 4604 in
1328 4551 1486 4604 diem.
1533 4550 1648 4603 Mos
1677 4561 1761 4606 est
1810 4551 1961 4605 Scri-

391 4649 565 4708 ptum
587 4639 767 4694 multis
795 4641 848 4694 in
895 4641 1027 4697 locis
1056 4658 1229 4695 a-vum
1274 4658 1438 4696 omne
1468 4644 1621 4696 hodie
1652 4658 1866 4702 vocare.
1899 4654 1958 4696 ut

392 4729 446 4782 in
482 4729 571 4782 illo
608 4748 623 4783 :
651 4729 758 4785 Iste
784 4742 857 4785 est
887 4743 1033 4801 pater
1065 4732 1418 4786 Moabitarum
1452 4751 1613 4800 usque
1653 4735 1707 4786 in
1734 4735 1949 4787 hodier-

460 4845 508 4877 ⁸⁸
536 4844 723 4901 Matth.
756 4863 853 4912 III,
882 4849 935 4904 7.
1009 4851 1055 4882 ⁸⁸
1092 4851 1232 4906 Psal.
1263 4868 1473 4913 LXXIII,
1525 4852 1608 4906 15.
1685 4852 1730 4883 ⁸⁷
1773 4853 1895 4908 Act.
1935 4869 1988 4921 x,
2030 4854 2122 4909 11.

462 4936 572 5011 (30)
610 4944 1178 5017 Παρεσκευασμένου
1234 4947 1562 5017 τροφίμοις
1594 4947 1960 5017 παθήμασιν.

386 5007 564 5086 Lego,
583 5007 1114 5086 παρεσκευασμένοις
1143 5007 1426 5086 τροιρίμοις
1464 5007 1799 5086 μαθήμασιν.

459 5031 460 5041 π
499 5026 552 5070 o.
583 5026 1114 5083 παρεσκευασμένοις
1143 5026 1426 5086 τροφίμοις
1464 5026 1799 5086 μαθήμασιν.

459 5026 572 5219 ζὸἰ)
610 5083 790 5136 Codex
816 5097 939 5147 ms.,
997 5084 1128 5137 ὃπου
1156 5102 1240 5154 γε.
1270 5087 1448 5140 Editio
1485 5092 1682 5152 Usum,
1710 5089 1843 5141 ὅπου
1874 5104 1958 5144 τε.

483 5151 574 5219 52)
606 5152 864 5206 Γίνεται.
892 5154 983 5207 Sic
1009 5154 1169 5208 liab'ct
1196 5159 1362 5210 codex
1388 5158 1812 5219 manuscriptus,
1842 5160 1958 5213 edi-

483 5151 574 5222 52)
606 5152 864 5227 Γίνεται.
892 5154 983 5227 Sic
1009 5151 1178 5227 Ιιοιξίει
1196 5159 1362 5210 codex
1388 5151 1812 5227 manuscriptus,
1842 5160 1963 5213 edi-

388 5220 656 5295 tioautem
694 5224 1037 5295 onniensis.
1055 5223 1291 5295 γίνηται.

456 5291 568 5361 (55)
601 5292 778 5348 Codex
816 5310 941 5358 ms.,
975 5291 1359 5358 abcégflﬂduio
1384 5293 1586 5361 Oxon.,
1614 5295 1797 5350 αὐτόν,

452 5351 564 5484 (54)
591 5362 675 5416 Σὺ
708 5351 1076 5433 συνέτρὶψας
1103 5351 1208 5430 τὰς
1245 5365 1510 5432 κεφαλὰς
1551 5351 1659 5419 τοῦ
1703 5365 1956 5434 δράκον·

453 5450 506 5484 c.
564 5432 659 5484 hec
681 5435 897 5484 cuidem
928 5437 978 5484 in
1000 5435 1251 5484 Oriacnis
1272 5438 1836 5484 codicemanuscrinto
1857 5439 1952 5484 ile-

383 5443 506 5509 τρς.
541 5432 659 5485 Haec
681 5435 897 5509 quidem
927 5432 978 5489 in
1000 5435 1251 5505 Origenis
1272 5432 1836 5509 einlicemanuscripto
1857 5439 1952 5488 de-

387 5503 722 5575 siderantur,
758 5506 850 5558 sed
886 5520 950 5558 ex
989 5503 1237 5560 vers—ioue
1284 5503 1392 5557 τῶν
1423 5507 1477 5557 0'
1504 5506 1797 5575 supplenda
1828 5511 1948 5559 esSe

387 5568 659 5634 duximus,
688 5582 874 5642 utpote
920 5576 1245 5630 necessaria.
1307 5568 1776 5642 liidicula'porro
1823 5584 1951 5629 sunt

386 5647 506 5702 qlia:
565 5645 1043 5700 comminiscuntur
1074 5647 1280 5701 rabbini
1306 5646 1365 5701 de
1393 5646 1606 5717 epulalo
1632 5646 1947 5709 Bebemoth,

2068 4465 2176 4518 ἀπὸ
2209 4464 2408 4526 παντὸς
2438 4463 2649 4531 γένους.
2682 4462 2901 4516 Τούτων
2936 4461 2998 4531 δὴ
3024 4461 3196 4525 οὕτως
3246 4463 3502 4533 ἐχόντων,
3552 4463 3644 4515 καὶ

2066 4554 2336 4625 τοσαύτης
2380 4554 2639 4624 διαφορᾶς
2668 4552 2972 4623 βρωμάτων
3001 4552 3187 4623 οὔσης,
3212 4548 3292 4617 εἷς
3332 4554 3480 4626 παρὰ
3513 4553 3645 4607 πάν-

2064 4666 2164 4711 τας
2200 4647 2325 4708 τοὺς
2373 4645 2697 4716 εἰρημένους
2730 4645 2877 4698 ἐστὶν
2907 4646 2936 4697 6
2969 4645 3242 4706 ὲπιούσιος
3283 4645 3466 4716 ἄρτος,
3518 4645 3643 4718 περὶ

2068 4734 2130 4793 οῦ
2163 4735 2415 4807 εῦχεσθαι
2458 4735 2559 4797 δεῖ,
2589 4735 2677 4788 ἴνα
2719 4734 2927 4788 ἐκείνου
2960 4734 3299 4804 ἁξιωθῶμεν,
3338 4737 3431 4788 καὶ
3456 4735 3644 4808 τρεφόο

2202 4853 2524 4916 ⁸⁸Α‹·ι.χ1,
2577 4852 2632 4906 8.
2710 4851 3128 4929 ιοΑειηχλε.
3208 4850 3441 4919 “una,
3490 4854 3580 4908 ιδ.

2070 4964 2170 5003 nec
2218 4949 2387 5001 multo
2429 4948 2635 5016 potiora
2661 4960 2782 5015 qum
2836 4961 2865 4998 a
2909 4946 3182 4999 nonnullis
3256 4948 3642 5016 interpretibus

2067 5018 2398 5073 Christianis
2422 5015 2470 5069 in
2498 5017 2667 5069 locum
2706 5016 2855 5068 illum
2884 5017 3072 5083 psalmi
3112 5031 3281 5069 LXXI"
3322 5015 3638 5070 eliciuntur.

2067 5088 2283 5142 Interim
2304 5089 2369 5140 de
2393 5102 2551 5140 sensu
2584 5088 2812 5155 mystico
2835 5100 2994 5154 quem
3019 5086 3280 5154 Origenes
3295 5091 3636 5153 exsequitur,

2069 5158 2132 5211 lis
2160 5172 2405 5211 essenon
2444 5154 2656 5225 poterit.
2685 5156 2929 5225 Disertis
2954 5154 3130 5209 verbis
3163 5156 3338 5209 Draco
3382 5157 3435 5208 in
3468 5158 3632 5223 Apoc.

2066 5244 2164 5286 xu.
2210 5226 2265 5292 9,
2316 5223 2562 5280 diabolus
2597 5233 2650 5277 et
2678 5223 2909 5278 Satanas
2965 5239 3086 5278 esse
3133 5226 3352 5288 dicitur,
3389 5235 3446 5278 et
3485 5238 3638 5279 cetus

2065 5297 2309 5365 grandis,
2348 5296 2464 5364 ipso
2491 5295 2717 5348 Domino
2752 5302 2939 5365 nostro
2972 5295 3292 5365 interprete,
3328 5307 3457 5347 sunt
3493 5306 3639 5361 pote-

2062 5363 2221 5419 states
2261 5363 2611 5429 tenebrarum,
2659 5378 2688 5415 a
2736 5363 2951 5431 quibus.
2988 5363 3137 5418 J0me
3159 5365 3224 5417 ad
3252 5364 3447 5428 instar,
3495 5365 3634 5417 ultra

2063 5438 2296 5488 triduum
2327 5435 2555 5488 detineri
2587 5450 2689 5487 non
2720 5435 2916 5500 potuit.
2951 5434 3111 5489 Eot'r.
3143 5432 3315 5488 Oxon.

2128 5504 2240 5575 (55)
2267 5504 2445 5560 Codex
2494 5518 2576 5557 ms
2603 5543 2620 5568 ,
2687 5503 2795 5557 ἀπὸ
2834 5502 3074 5558 πάντων.
3119 5505 3261 5560 Edit.
3301 5501 3503 5569 Oxon.,
3542 5501 3635 5556 ἐπὶ

2056 5575 2292 5630 πάντων.
3402 5594 3405 5595 '

2098 5670 2101 5673 -
2128 5645 2240 5715 (56)
2274 5646 2357 5710 _“Il
2397 5644 2556 5709 τούς.
2593 5641 2757 5699 Forte
2787 5643 3074 5713 legendum
3093 5683 3108 5710 ,
3139 5644 3176 5715 ἦ
3199 5659 3367 5706 τινας.
