  <div class='ocr_page' id='page_1' title='image "/cluster/home/n/w/nwhite01/storage/ocr_20150623/11/mdp.39015013266690/272.png"; bbox 0 0 3974 6160; ppageno 0'>
   <div class='ocr_carea' id='block_1_1' title="bbox 340 275 442 330">
    <p class='ocr_par' dir='ltr' id='par_1_1' title="bbox 340 275 442 330">
     <span class='ocr_line' id='line_1_1' title="bbox 340 275 442 330; baseline -0.039 0"><span class='ocrx_word' id='word_1_1' title='bbox 340 275 442 330; x_wconf 76' lang='grc'><strong>517</strong></span> 
     </span>
    </p>
   </div>
   <div class='ocr_carea' id='block_1_2' title="bbox 1577 274 2435 334">
    <p class='ocr_par' dir='ltr' id='par_1_2' title="bbox 1577 274 2435 334">
     <span class='ocr_line' id='line_1_2' title="bbox 1577 274 2435 334; baseline 0.005 -4"><span class='ocrx_word' id='word_1_2' title='bbox 1577 274 1910 331; x_wconf 85' lang='lat' dir='ltr'><strong>LIBELLUS</strong></span> <span class='ocrx_word' id='word_1_3' title='bbox 1943 276 2032 330; x_wconf 87' lang='lat' dir='ltr'><strong>DE</strong></span> <span class='ocrx_word' id='word_1_4' title='bbox 2065 276 2435 334; x_wconf 78' lang='lat' dir='ltr'><strong>ORATIONE.</strong></span> 
     </span>
    </p>
   </div>
   <div class='ocr_carea' id='block_1_3' title="bbox 3462 281 3566 335">
    <p class='ocr_par' dir='ltr' id='par_1_3' title="bbox 3462 281 3566 335">
     <span class='ocr_line' id='line_1_3' title="bbox 3462 281 3566 335; baseline 0.01 -1"><span class='ocrx_word' id='word_1_5' title='bbox 3462 281 3566 335; x_wconf 84' lang='lat' dir='ltr'><strong>5l8</strong></span> 
     </span>
    </p>
   </div>
   <div class='ocr_carea' id='block_1_4' title="bbox 341 391 1910 465">
    <p class='ocr_par' dir='ltr' id='par_1_4' title="bbox 341 391 1899 465">
     <span class='ocr_line' id='line_1_4' title="bbox 341 391 1899 465; baseline -0.001 -19"><span class='ocrx_word' id='word_1_6' title='bbox 341 410 491 463; x_wconf 84' lang='grc' dir='ltr'>μενοι</span> <span class='ocrx_word' id='word_1_7' title='bbox 515 393 592 464; x_wconf 85' lang='grc' dir='ltr'>τῷ</span> <span class='ocrx_word' id='word_1_8' title='bbox 623 395 680 448; x_wconf 81' lang='grc' dir='ltr'>ὲν</span> <span class='ocrx_word' id='word_1_9' title='bbox 707 394 846 464; x_wconf 79' lang='grc' dir='ltr'><strong>ἀρχῇ</strong></span> <span class='ocrx_word' id='word_1_10' title='bbox 887 393 1021 465; x_wconf 82' lang='grc' dir='ltr'>πρὸς</span> <span class='ocrx_word' id='word_1_11' title='bbox 1067 393 1198 447; x_wconf 86' lang='grc' dir='ltr'>Θεὸν</span> <span class='ocrx_word' id='word_1_12' title='bbox 1227 392 1347 462; x_wconf 83' lang='grc' dir='ltr'>Θεῷ</span> <span class='ocrx_word' id='word_1_13' title='bbox 1384 393 1539 462; x_wconf 83' lang='grc' dir='ltr'><strong>Λόγῳ</strong></span> <span class='ocrx_word' id='word_1_14' title='bbox 1568 391 1899 463; x_wconf 79' lang='grc' dir='ltr'>θεοποιηϐῶ-</span> 
     </span>
    </p>
   </div>
   <div class='ocr_carea' id='block_1_5' title="bbox 2018 391 3568 465">
    <p class='ocr_par' dir='ltr' id='par_1_5' title="bbox 2018 391 3568 462">
     <span class='ocr_line' id='line_1_5' title="bbox 2018 391 3568 462; baseline 0.003 -18"><span class='ocrx_word' id='word_1_15' title='bbox 2018 409 2125 445; x_wconf 84' lang='lat' dir='ltr'><strong>mm</strong></span> <span class='ocrx_word' id='word_1_16' title='bbox 2153 393 2312 448; x_wconf 85' lang='lat' dir='ltr'><strong>diem.</strong></span> <span class='ocrx_word' id='word_1_17' title='bbox 2341 395 2405 448; x_wconf 87' lang='lat' dir='ltr'><strong>Et</strong></span> <span class='ocrx_word' id='word_1_18' title='bbox 2445 411 2458 447; x_wconf 89' lang='lat'><strong>:</strong></span> <span class='ocrx_word' id='word_1_19' title='bbox 2497 391 2598 445; x_wconf 81' lang='lat' dir='ltr'><strong>llic</strong></span> <span class='ocrx_word' id='word_1_20' title='bbox 2618 402 2691 446; x_wconf 74' lang='lat' dir='ltr'><strong>est</strong></span> <span class='ocrx_word' id='word_1_21' title='bbox 2713 401 2864 460; x_wconf 78' lang='lat' dir='ltr'><strong>pater</strong></span> <span class='ocrx_word' id='word_1_22' title='bbox 2882 391 3302 446; x_wconf 83' lang='lat' dir='ltr'><strong>Ammon’itarum</strong></span> <span class='ocrx_word' id='word_1_23' title='bbox 3336 409 3494 462; x_wconf 79' lang='lat' dir='ltr'><strong>usque</strong></span> <span class='ocrx_word' id='word_1_24' title='bbox 3517 399 3568 450; x_wconf 83' lang='lat' dir='ltr'><strong>in</strong></span> 
     </span>
    </p>
   </div>
   <div class='ocr_carea' id='block_1_6' title="bbox 341 484 1900 558">
    <p class='ocr_par' dir='ltr' id='par_1_6' title="bbox 341 484 1900 558">
     <span class='ocr_line' id='line_1_6' title="bbox 341 484 1900 558; baseline -0.002 -19"><span class='ocrx_word' id='word_1_25' title='bbox 341 503 461 558; x_wconf 87' lang='grc' dir='ltr'>μεν.</span> <span class='ocrx_word' id='word_1_26' title='bbox 499 487 643 557; x_wconf 84' lang='grc' dir='ltr'><strong>Ἐρεῖ</strong></span> <span class='ocrx_word' id='word_1_27' title='bbox 672 486 730 537; x_wconf 80' lang='grc' dir='ltr'>δέ</span> <span class='ocrx_word' id='word_1_28' title='bbox 757 503 839 549; x_wconf 90' lang='grc' dir='ltr'><strong>τις</strong></span> <span class='ocrx_word' id='word_1_29' title='bbox 863 485 953 539; x_wconf 85' lang='grc' dir='ltr'><strong>τὸν</strong></span> <span class='ocrx_word' id='word_1_30' title='bbox 985 484 1252 538; x_wconf 70' lang='grc' dir='ltr'><strong>ἐπιούσιον</strong></span> <span class='ocrx_word' id='word_1_31' title='bbox 1275 485 1424 556; x_wconf 81' lang='grc' dir='ltr'>παρὰ</span> <span class='ocrx_word' id='word_1_32' title='bbox 1449 485 1509 538; x_wconf 86' lang='grc' dir='ltr'><strong>τὸ</strong></span> <span class='ocrx_word' id='word_1_33' title='bbox 1537 484 1784 548; x_wconf 82' lang='grc' dir='ltr'><strong>ἐπιέναι,</strong></span> <span class='ocrx_word' id='word_1_34' title='bbox 1809 485 1900 537; x_wconf 76' lang='grc' dir='ltr'>καὶ</span> 
     </span>
    </p>
   </div>
   <div class='ocr_carea' id='block_1_7' title="bbox 336 576 1901 650">
    <p class='ocr_par' dir='ltr' id='par_1_7' title="bbox 336 576 1901 650">
     <span class='ocr_line' id='line_1_7' title="bbox 336 576 1901 650; baseline -0.002 -19"><span class='ocrx_word' id='word_1_35' title='bbox 336 577 732 650; x_wconf 65' lang='grc' dir='ltr'><strong>ἐσχηματίσθαι</strong></span> <span class='ocrx_word' id='word_1_36' title='bbox 760 577 894 648; x_wconf 75' lang='lat'><strong>(37),</strong></span> <span class='ocrx_word' id='word_1_37' title='bbox 927 577 1064 630; x_wconf 83' lang='grc' dir='ltr'>ὥστε</span> <span class='ocrx_word' id='word_1_38' title='bbox 1085 579 1254 631; x_wconf 81' lang='grc' dir='ltr'><strong>αἰτεῖν</strong></span> <span class='ocrx_word' id='word_1_39' title='bbox 1286 579 1431 647; x_wconf 82' lang='grc' dir='ltr'>ἡμᾶς</span> <span class='ocrx_word' id='word_1_40' title='bbox 1469 576 1782 629; x_wconf 79' lang='grc' dir='ltr'>κελεύεσθαι</span> <span class='ocrx_word' id='word_1_41' title='bbox 1812 576 1901 628; x_wconf 73' lang='grc' dir='ltr'>τὸν</span> 
     </span>
    </p>
   </div>
   <div class='ocr_carea' id='block_1_8' title="bbox 335 663 1902 739">
    <p class='ocr_par' dir='ltr' id='par_1_8' title="bbox 335 663 1902 739">
     <span class='ocr_line' id='line_1_8' title="bbox 335 663 1902 739; baseline -0.004 -17"><span class='ocrx_word' id='word_1_42' title='bbox 335 670 496 739; x_wconf 77' lang='grc' dir='ltr'>ἄρτον</span> <span class='ocrx_word' id='word_1_43' title='bbox 527 666 618 720; x_wconf 75' lang='grc' dir='ltr'>τὸν</span> <span class='ocrx_word' id='word_1_44' title='bbox 647 663 843 720; x_wconf 77' lang='grc' dir='ltr'>οἰκεῖον</span> <span class='ocrx_word' id='word_1_45' title='bbox 886 665 978 718; x_wconf 80' lang='grc' dir='ltr'>τοῦ</span> <span class='ocrx_word' id='word_1_46' title='bbox 1011 664 1293 736; x_wconf 82' lang='grc' dir='ltr'>μέλλοντος</span> <span class='ocrx_word' id='word_1_47' title='bbox 1321 663 1532 728; x_wconf 79' lang='grc' dir='ltr'>αἰῶνος,</span> <span class='ocrx_word' id='word_1_48' title='bbox 1571 663 1655 716; x_wconf 82' lang='grc' dir='ltr'><strong>ἵνα</strong></span> <span class='ocrx_word' id='word_1_49' title='bbox 1703 665 1902 734; x_wconf 90' lang='grc' dir='ltr'>προλα-</span> 
     </span>
    </p>
   </div>
   <div class='ocr_carea' id='block_1_9' title="bbox 334 754 1904 828">
    <p class='ocr_par' dir='ltr' id='par_1_9' title="bbox 334 754 1904 828">
     <span class='ocr_line' id='line_1_9' title="bbox 334 754 1904 828; baseline -0.003 -16"><span class='ocrx_word' id='word_1_50' title='bbox 334 759 445 812; x_wconf 79' lang='grc' dir='ltr'><strong>ϐὼν</strong></span> <span class='ocrx_word' id='word_1_51' title='bbox 481 759 643 812; x_wconf 84' lang='grc' dir='ltr'>αὐτὸν</span> <span class='ocrx_word' id='word_1_52' title='bbox 669 761 697 812; x_wconf 97' lang='lat'><strong>6</strong></span> <span class='ocrx_word' id='word_1_53' title='bbox 719 758 849 822; x_wconf 80' lang='grc' dir='ltr'>Θεὸς</span> <span class='ocrx_word' id='word_1_54' title='bbox 882 758 981 828; x_wconf 80' lang='grc' dir='ltr'><strong>ήδη</strong></span> <span class='ocrx_word' id='word_1_55' title='bbox 1018 761 1149 827; x_wconf 84' lang='grc' dir='ltr'>ἡμῖν</span> <span class='ocrx_word' id='word_1_56' title='bbox 1184 757 1518 828; x_wconf 87' lang='grc' dir='ltr'>δωρήσηται,</span> <span class='ocrx_word' id='word_1_57' title='bbox 1541 754 1678 807; x_wconf 84' lang='grc' dir='ltr'>ὥστε</span> <span class='ocrx_word' id='word_1_58' title='bbox 1709 755 1769 808; x_wconf 84' lang='grc' dir='ltr'><strong>τὸ</strong></span> <span class='ocrx_word' id='word_1_59' title='bbox 1797 757 1904 808; x_wconf 80' lang='grc' dir='ltr'>οἱο-</span> 
     </span>
    </p>
   </div>
   <div class='ocr_carea' id='block_1_10' title="bbox 333 845 1903 920">
    <p class='ocr_par' dir='ltr' id='par_1_10' title="bbox 333 845 1903 920">
     <span class='ocr_line' id='line_1_10' title="bbox 333 845 1903 920; baseline -0.004 -16"><span class='ocrx_word' id='word_1_60' title='bbox 333 851 411 904; x_wconf 74' lang='grc' dir='ltr'>νεὶ</span> <span class='ocrx_word' id='word_1_61' title='bbox 459 849 651 920; x_wconf 76' lang='grc' dir='ltr'>αὔριον</span> <span class='ocrx_word' id='word_1_62' title='bbox 691 847 1044 919; x_wconf 83' lang='grc' dir='ltr'>δοθησόμενον</span> <span class='ocrx_word' id='word_1_63' title='bbox 1086 849 1321 919; x_wconf 84' lang='grc' dir='ltr'>σήμερον</span> <span class='ocrx_word' id='word_1_64' title='bbox 1363 849 1491 918; x_wconf 86' lang='grc' dir='ltr'>ἡμῖν</span> <span class='ocrx_word' id='word_1_65' title='bbox 1521 845 1769 917; x_wconf 82' lang='grc' dir='ltr'>δοθῆναι·</span> <span class='ocrx_word' id='word_1_66' title='bbox 1807 847 1903 917; x_wconf 86' lang='grc' dir='ltr'>σή-</span> 
     </span>
    </p>
   </div>
   <div class='ocr_carea' id='block_1_11' title="bbox 336 937 1898 1014">
    <p class='ocr_par' dir='ltr' id='par_1_11' title="bbox 336 937 1898 1014">
     <span class='ocr_line' id='line_1_11' title="bbox 336 937 1898 1014; baseline -0.004 -19"><span class='ocrx_word' id='word_1_67' title='bbox 336 959 503 1014; x_wconf 86' lang='grc' dir='ltr'>μερον</span> <span class='ocrx_word' id='word_1_68' title='bbox 538 943 637 1012; x_wconf 79' lang='grc' dir='ltr'><strong>μὲν</strong></span> <span class='ocrx_word' id='word_1_69' title='bbox 666 939 759 993; x_wconf 81' lang='grc' dir='ltr'>τοῦ</span> <span class='ocrx_word' id='word_1_70' title='bbox 791 940 1086 1004; x_wconf 79' lang='grc' dir='ltr'>ἐνεστῶτος</span> <span class='ocrx_word' id='word_1_71' title='bbox 1114 939 1306 1002; x_wconf 75' lang='grc' dir='ltr'>αἰῶνος</span> <span class='ocrx_word' id='word_1_72' title='bbox 1339 937 1767 1009; x_wconf 78' lang='grc' dir='ltr'>λαμϐανομένου,</span> <span class='ocrx_word' id='word_1_73' title='bbox 1800 937 1898 990; x_wconf 78' lang='grc' dir='ltr'>αὕ-</span> 
     </span>
    </p>
   </div>
   <div class='ocr_carea' id='block_1_12' title="bbox 336 1025 1901 1099">
    <p class='ocr_par' dir='ltr' id='par_1_12' title="bbox 336 1025 1901 1099">
     <span class='ocr_line' id='line_1_12' title="bbox 336 1025 1901 1099; baseline 0 -19"><span class='ocrx_word' id='word_1_74' title='bbox 336 1045 448 1098; x_wconf 87' lang='grc' dir='ltr'>ριον</span> <span class='ocrx_word' id='word_1_75' title='bbox 498 1028 556 1080; x_wconf 85' lang='grc' dir='ltr'>δὲ</span> <span class='ocrx_word' id='word_1_76' title='bbox 605 1028 699 1080; x_wconf 82' lang='grc' dir='ltr'><strong>τοῦ</strong></span> <span class='ocrx_word' id='word_1_77' title='bbox 751 1027 1054 1097; x_wconf 81' lang='grc' dir='ltr'>μέλλοντος.</span> <span class='ocrx_word' id='word_1_78' title='bbox 1098 1027 1256 1082; x_wconf 78' lang='grc' dir='ltr'>Ἀλλὰ</span> <span class='ocrx_word' id='word_1_79' title='bbox 1295 1027 1557 1096; x_wconf 83' lang='grc' dir='ltr'>βελτίονος</span> <span class='ocrx_word' id='word_1_80' title='bbox 1596 1025 1760 1098; x_wconf 78' lang='grc' dir='ltr'>οὔσης</span> <span class='ocrx_word' id='word_1_81' title='bbox 1805 1029 1901 1099; x_wconf 81' lang='grc' dir='ltr'>τῆς</span> 
     </span>
    </p>
   </div>
   <div class='ocr_carea' id='block_1_13' title="bbox 333 1118 1900 1189">
    <p class='ocr_par' dir='ltr' id='par_1_13' title="bbox 333 1118 1900 1189">
     <span class='ocr_line' id='line_1_13' title="bbox 333 1118 1900 1189; baseline 0 -19"><span class='ocrx_word' id='word_1_82' title='bbox 333 1118 620 1188; x_wconf 80' lang='grc' dir='ltr'>προτέρας</span> <span class='ocrx_word' id='word_1_83' title='bbox 649 1119 895 1188; x_wconf 81' lang='grc' dir='ltr'>ὲκδοχῆς,</span> <span class='ocrx_word' id='word_1_84' title='bbox 919 1119 1042 1171; x_wconf 77' lang='grc' dir='ltr'>ὅσον</span> <span class='ocrx_word' id='word_1_85' title='bbox 1078 1121 1164 1172; x_wconf 79' lang='grc' dir='ltr'><strong>ἐπ’</strong></span> <span class='ocrx_word' id='word_1_86' title='bbox 1195 1119 1316 1188; x_wconf 73' lang='grc' dir='ltr'>ἐμοὶ</span> <span class='ocrx_word' id='word_1_87' title='bbox 1343 1120 1523 1189; x_wconf 82' lang='grc' dir='ltr'>κριτῇ,</span> <span class='ocrx_word' id='word_1_88' title='bbox 1557 1118 1616 1170; x_wconf 82' lang='grc' dir='ltr'>τὸ</span> <span class='ocrx_word' id='word_1_89' title='bbox 1643 1120 1773 1189; x_wconf 76' lang='grc' dir='ltr'>περὶ</span> <span class='ocrx_word' id='word_1_90' title='bbox 1802 1119 1900 1188; x_wconf 80' lang='grc' dir='ltr'>τῆς</span> 
     </span>
    </p>
   </div>
   <div class='ocr_carea' id='block_1_14' title="bbox 331 1206 1899 1278">
    <p class='ocr_par' dir='ltr' id='par_1_14' title="bbox 331 1206 1899 1278">
     <span class='ocr_line' id='line_1_14' title="bbox 331 1206 1899 1278; baseline 0.001 -20"><span class='ocrx_word' id='word_1_91' title='bbox 331 1207 445 1273; x_wconf 76' lang='grc'><strong>(58)</strong></span> <span class='ocrx_word' id='word_1_92' title='bbox 463 1206 733 1275; x_wconf 78' lang='grc' dir='ltr'>σήμερον</span> <span class='ocrx_word' id='word_1_93' title='bbox 749 1207 898 1278; x_wconf 77' lang='grc' dir='ltr'>παρὰ</span> <span class='ocrx_word' id='word_1_94' title='bbox 918 1207 994 1278; x_wconf 77' lang='grc' dir='ltr'>τῷ</span> <span class='ocrx_word' id='word_1_95' title='bbox 1009 1208 1267 1278; x_wconf 79' lang='grc' dir='ltr'>Ματθαίῳ</span> <span class='ocrx_word' id='word_1_96' title='bbox 1289 1207 1494 1270; x_wconf 81' lang='grc' dir='ltr'>τούτοις</span> <span class='ocrx_word' id='word_1_97' title='bbox 1522 1207 1899 1278; x_wconf 86' lang='grc' dir='ltr'>προκείμενον,</span> 
     </span>
    </p>
   </div>
   <div class='ocr_carea' id='block_1_15' title="bbox 331 1281 1904 1369">
    <p class='ocr_par' dir='ltr' id='par_1_15' title="bbox 331 1281 1904 1369">
     <span class='ocr_line' id='line_1_15' title="bbox 331 1281 1904 1369; baseline 0.002 -22"><span class='ocrx_word' id='word_1_98' title='bbox 331 1281 364 1364; x_wconf 68' lang='grc' dir='ltr'>ἦ</span> <span class='ocrx_word' id='word_1_99' title='bbox 411 1296 472 1347; x_wconf 87' lang='grc' dir='ltr'><strong>τὸ</strong></span> <span class='ocrx_word' id='word_1_100' title='bbox 505 1297 636 1350; x_wconf 78' lang='grc' dir='ltr'>καθ’</span> <span class='ocrx_word' id='word_1_101' title='bbox 664 1296 891 1366; x_wconf 74' lang='grc' dir='ltr'>ἡμέραν</span> <span class='ocrx_word' id='word_1_102' title='bbox 918 1298 1066 1368; x_wconf 74' lang='grc' dir='ltr'>παρὰ</span> <span class='ocrx_word' id='word_1_103' title='bbox 1089 1297 1163 1368; x_wconf 83' lang='grc' dir='ltr'><strong>τῶ</strong></span> <span class='ocrx_word' id='word_1_104' title='bbox 1190 1299 1370 1368; x_wconf 83' lang='grc' dir='ltr'>Λουκᾷ</span> <span class='ocrx_word' id='word_1_105' title='bbox 1390 1299 1767 1369; x_wconf 76' lang='grc' dir='ltr'>γεγραμμένον</span> <span class='ocrx_word' id='word_1_106' title='bbox 1790 1297 1904 1362; x_wconf 79' lang='grc' dir='ltr'>ἐξε-</span> 
     </span>
    </p>
   </div>
   <div class='ocr_carea' id='block_1_16' title="bbox 329 1381 1902 1456">
    <p class='ocr_par' dir='ltr' id='par_1_16' title="bbox 329 1381 1902 1456">
     <span class='ocr_line' id='line_1_16' title="bbox 329 1381 1902 1456; baseline 0.005 -24"><span class='ocrx_word' id='word_1_107' title='bbox 329 1381 612 1452; x_wconf 82' lang='grc' dir='ltr'>τάσωμεν.</span> <span class='ocrx_word' id='word_1_108' title='bbox 637 1383 798 1446; x_wconf 82' lang='grc' dir='ltr'>’Έθος</span> <span class='ocrx_word' id='word_1_109' title='bbox 835 1385 890 1437; x_wconf 81' lang='grc' dir='ltr'><strong>δὲ</strong></span> <span class='ocrx_word' id='word_1_110' title='bbox 923 1385 1188 1456; x_wconf 86' lang='grc' dir='ltr'>πολλαχοῦ</span> <span class='ocrx_word' id='word_1_111' title='bbox 1221 1386 1326 1442; x_wconf 86' lang='grc' dir='ltr'><strong>τῶν</strong></span> <span class='ocrx_word' id='word_1_112' title='bbox 1350 1387 1579 1456; x_wconf 80' lang='grc' dir='ltr'>Γραφῶν</span> <span class='ocrx_word' id='word_1_113' title='bbox 1610 1388 1700 1441; x_wconf 87' lang='grc' dir='ltr'><strong>τὸν</strong></span> <span class='ocrx_word' id='word_1_114' title='bbox 1728 1387 1902 1441; x_wconf 83' lang='grc' dir='ltr'>πάντα</span> 
     </span>
    </p>
   </div>
   <div class='ocr_carea' id='block_1_17' title="bbox 330 1472 1902 1548">
    <p class='ocr_par' dir='ltr' id='par_1_17' title="bbox 330 1472 1902 1548">
     <span class='ocr_line' id='line_1_17' title="bbox 330 1472 1902 1548; baseline 0.006 -24"><span class='ocrx_word' id='word_1_115' title='bbox 330 1472 505 1526; x_wconf 78' lang='grc' dir='ltr'>αἰῶνα</span> <span class='ocrx_word' id='word_1_116' title='bbox 533 1473 801 1542; x_wconf 81' lang='grc' dir='ltr'>σήμερον</span> <span class='ocrx_word' id='word_1_117' title='bbox 825 1475 1123 1540; x_wconf 77' lang='grc' dir='ltr'>καλεῖσθαι,</span> <span class='ocrx_word' id='word_1_118' title='bbox 1146 1477 1332 1548; x_wconf 81' lang='grc' dir='ltr'>ὥσπερ</span> <span class='ocrx_word' id='word_1_119' title='bbox 1365 1481 1421 1531; x_wconf 88' lang='grc' dir='ltr'>ὲν</span> <span class='ocrx_word' id='word_1_120' title='bbox 1446 1477 1542 1548; x_wconf 84' lang='grc' dir='ltr'><strong>τῷ’</strong></span> <span class='ocrx_word' id='word_1_121' title='bbox 1577 1475 1764 1544; x_wconf 84' lang='grc' dir='ltr'>Οὗτος</span> <span class='ocrx_word' id='word_1_122' title='bbox 1790 1493 1902 1533; x_wconf 83' lang='grc' dir='ltr'><strong>πα-</strong></span> 
     </span>
    </p>
   </div>
   <div class='ocr_carea' id='block_1_18' title="bbox 333 1559 1900 1637">
    <p class='ocr_par' dir='ltr' id='par_1_18' title="bbox 333 1559 1900 1637">
     <span class='ocr_line' id='line_1_18' title="bbox 333 1559 1900 1637; baseline 0.005 -23"><span class='ocrx_word' id='word_1_123' title='bbox 333 1563 446 1630; x_wconf 84' lang='grc' dir='ltr'>τὴρ</span> <span class='ocrx_word' id='word_1_124' title='bbox 482 1559 803 1617; x_wconf 80' lang='grc' dir='ltr'>Μωαϐιτῶν</span> <span class='ocrx_word' id='word_1_125' title='bbox 851 1564 961 1630; x_wconf 81' lang='grc' dir='ltr'>ἓως</span> <span class='ocrx_word' id='word_1_126' title='bbox 1005 1567 1114 1634; x_wconf 78' lang='grc' dir='ltr'>τῆς</span> <span class='ocrx_word' id='word_1_127' title='bbox 1156 1565 1420 1636; x_wconf 76' lang='grc' dir='ltr'>σήμερον</span> <span class='ocrx_word' id='word_1_128' title='bbox 1473 1568 1730 1637; x_wconf 73' lang='grc' dir='ltr'>ἡμέρας·</span> <span class='ocrx_word' id='word_1_129' title='bbox 1769 1569 1860 1622; x_wconf 83' lang='grc' dir='ltr'><strong>καί</strong></span> <span class='ocrx_word' id='word_1_130' title='bbox 1886 1585 1900 1599; x_wconf 78' lang='grc'><strong><em>⁸</em></strong></span> 
     </span>
    </p>
   </div>
   <div class='ocr_carea' id='block_1_19' title="bbox 337 1651 1905 1729">
    <p class='ocr_par' dir='ltr' id='par_1_19' title="bbox 337 1651 1905 1729">
     <span class='ocr_line' id='line_1_19' title="bbox 337 1651 1905 1729; baseline 0.005 -23"><span class='ocrx_word' id='word_1_131' title='bbox 337 1651 528 1720; x_wconf 81' lang='grc' dir='ltr'>Οὗτος</span> <span class='ocrx_word' id='word_1_132' title='bbox 567 1655 762 1724; x_wconf 79' lang='grc' dir='ltr'>πατὴρ</span> <span class='ocrx_word' id='word_1_133' title='bbox 808 1656 1156 1726; x_wconf 78' lang='grc' dir='ltr'>Ἀμμανιτῶν</span> <span class='ocrx_word' id='word_1_134' title='bbox 1183 1657 1293 1724; x_wconf 84' lang='grc' dir='ltr'>ἕως</span> <span class='ocrx_word' id='word_1_135' title='bbox 1317 1658 1428 1726; x_wconf 79' lang='grc' dir='ltr'>τῆς</span> <span class='ocrx_word' id='word_1_136' title='bbox 1461 1659 1726 1728; x_wconf 76' lang='grc' dir='ltr'>σήμερον</span> <span class='ocrx_word' id='word_1_137' title='bbox 1765 1660 1905 1729; x_wconf 52' lang='lat' dir='ltr'><strong>rurs-</strong></span> 
     </span>
    </p>
   </div>
   <div class='ocr_carea' id='block_1_20' title="bbox 2005 482 3568 551">
    <p class='ocr_par' dir='ltr' id='par_1_20' title="bbox 2005 482 3568 551">
     <span class='ocr_line' id='line_1_20' title="bbox 2005 482 3568 551; baseline 0.002 -16"><span class='ocrx_word' id='word_1_138' title='bbox 2005 485 2316 538; x_wconf 70' lang='lat' dir='ltr'><strong>Iiodiernum</strong></span> <span class='ocrx_word' id='word_1_139' title='bbox 2357 486 2494 537; x_wconf 85' lang='lat' dir='ltr'><strong>diem</strong></span> <span class='ocrx_word' id='word_1_140' title='bbox 2526 484 2591 536; x_wconf 74' lang='lat'><strong>“‘.</strong></span> <span class='ocrx_word' id='word_1_141' title='bbox 2636 483 2765 537; x_wconf 64' lang='lat' dir='ltr'><strong>ltet‘n</strong></span> <span class='ocrx_word' id='word_1_142' title='bbox 2800 501 2814 536; x_wconf 74' lang='grc' dir='ltr'>ε</span> <span class='ocrx_word' id='word_1_143' title='bbox 2855 482 3196 551; x_wconf 80' lang='lat' dir='ltr'><strong>Divulgatum</strong></span> <span class='ocrx_word' id='word_1_144' title='bbox 3240 493 3314 536; x_wconf 77' lang='lat' dir='ltr'><strong>est</strong></span> <span class='ocrx_word' id='word_1_145' title='bbox 3360 485 3568 538; x_wconf 81' lang='lat' dir='ltr'><strong>verbum</strong></span> 
     </span>
    </p>
   </div>
   <div class='ocr_carea' id='block_1_21' title="bbox 2007 574 3566 645">
    <p class='ocr_par' dir='ltr' id='par_1_21' title="bbox 2007 574 3566 645">
     <span class='ocr_line' id='line_1_21' title="bbox 2007 574 3566 645; baseline 0.003 -20"><span class='ocrx_word' id='word_1_146' title='bbox 2007 574 2149 626; x_wconf 79' lang='lat' dir='ltr'><strong>istud</strong></span> <span class='ocrx_word' id='word_1_147' title='bbox 2176 576 2317 642; x_wconf 83' lang='lat' dir='ltr'><strong>apud</strong></span> <span class='ocrx_word' id='word_1_148' title='bbox 2365 574 2608 638; x_wconf 70' lang='lat' dir='ltr'><strong>Judwos,</strong></span> <span class='ocrx_word' id='word_1_149' title='bbox 2656 591 2818 645; x_wconf 82' lang='lat' dir='ltr'><strong>usque</strong></span> <span class='ocrx_word' id='word_1_150' title='bbox 2865 575 2919 626; x_wconf 84' lang='lat' dir='ltr'><strong>in</strong></span> <span class='ocrx_word' id='word_1_151' title='bbox 2961 574 3278 627; x_wconf 82' lang='lat' dir='ltr'><strong>hodiernum</strong></span> <span class='ocrx_word' id='word_1_152' title='bbox 3322 576 3459 627; x_wconf 84' lang='lat' dir='ltr'><strong>diem</strong></span> <span class='ocrx_word' id='word_1_153' title='bbox 3502 576 3566 630; x_wconf 73' lang='grc' dir='ltr'><strong>θ’.</strong></span> 
     </span>
    </p>
   </div>
   <div class='ocr_carea' id='block_1_22' title="bbox 2011 665 3569 736">
    <p class='ocr_par' dir='ltr' id='par_1_22' title="bbox 2011 665 3569 736">
     <span class='ocr_line' id='line_1_22' title="bbox 2011 665 3569 736; baseline 0.002 -19"><span class='ocrx_word' id='word_1_154' title='bbox 2011 665 2140 718; x_wconf 91' lang='lat' dir='ltr'><strong>Item</strong></span> <span class='ocrx_word' id='word_1_155' title='bbox 2191 666 2242 719; x_wconf 91' lang='lat' dir='ltr'><strong>in</strong></span> <span class='ocrx_word' id='word_1_156' title='bbox 2274 665 2554 722; x_wconf 88' lang='lat' dir='ltr'><strong>Psalmis:</strong></span> <span class='ocrx_word' id='word_1_157' title='bbox 2588 665 2761 720; x_wconf 82' lang='lat' dir='ltr'><em>Hodie</em></span> <span class='ocrx_word' id='word_1_158' title='bbox 2810 668 2853 720; x_wconf 81' lang='lat' dir='ltr'><strong>si</strong></span> <span class='ocrx_word' id='word_1_159' title='bbox 2886 683 3054 720; x_wconf 80' lang='lat' dir='ltr'><strong>vocem</strong></span> <span class='ocrx_word' id='word_1_160' title='bbox 3106 668 3220 736; x_wconf 82' lang='lat' dir='ltr'><strong>ejus</strong></span> <span class='ocrx_word' id='word_1_161' title='bbox 3270 668 3569 735; x_wconf 81' lang='lat' dir='ltr'><strong>audieritis,</strong></span> 
     </span>
    </p>
   </div>
   <div class='ocr_carea' id='block_1_23' title="bbox 2009 751 3575 813">
    <p class='ocr_par' dir='ltr' id='par_1_23' title="bbox 2009 751 3575 813">
     <span class='ocr_line' id='line_1_23' title="bbox 2009 751 3575 813; baseline 0.006 -9"><span class='ocrx_word' id='word_1_162' title='bbox 2009 751 2170 805; x_wconf 80' lang='lat' dir='ltr'><strong>nolite</strong></span> <span class='ocrx_word' id='word_1_163' title='bbox 2200 754 2458 807; x_wconf 82' lang='lat' dir='ltr'><strong>obdurare</strong></span> <span class='ocrx_word' id='word_1_164' title='bbox 2499 755 2660 807; x_wconf 83' lang='lat' dir='ltr'><strong>corda</strong></span> <span class='ocrx_word' id='word_1_165' title='bbox 2706 768 2874 808; x_wconf 73' lang='lat' dir='ltr'><strong>vestra</strong></span> <span class='ocrx_word' id='word_1_166' title='bbox 2905 756 2971 808; x_wconf 74' lang='grc'><strong>⁸³.</strong></span> <span class='ocrx_word' id='word_1_167' title='bbox 3026 754 3080 808; x_wconf 82' lang='lat' dir='ltr'><strong>In</strong></span> <span class='ocrx_word' id='word_1_168' title='bbox 3109 755 3272 810; x_wconf 82' lang='lat' dir='ltr'><strong>.Iosue</strong></span> <span class='ocrx_word' id='word_1_169' title='bbox 3315 756 3575 813; x_wconf 87' lang='lat' dir='ltr'><strong>autemid</strong></span> 
     </span>
    </p>
   </div>
   <div class='ocr_carea' id='block_1_24' title="bbox 2009 843 3570 907">
    <p class='ocr_par' dir='ltr' id='par_1_24' title="bbox 2009 843 3570 907">
     <span class='ocr_line' id='line_1_24' title="bbox 2009 843 3570 907; baseline 0.005 -16"><span class='ocrx_word' id='word_1_170' title='bbox 2009 843 2353 907; x_wconf 75' lang='lat' dir='ltr'><strong>apertissime</strong></span> <span class='ocrx_word' id='word_1_171' title='bbox 2383 844 2587 898; x_wconf 88' lang='lat' dir='ltr'><strong>dicitur</strong></span> <span class='ocrx_word' id='word_1_172' title='bbox 2619 845 2721 899; x_wconf 90' lang='lat' dir='ltr'><strong>hoc</strong></span> <span class='ocrx_word' id='word_1_173' title='bbox 2759 847 2920 900; x_wconf 91' lang='lat' dir='ltr'><strong>modo</strong></span> <span class='ocrx_word' id='word_1_174' title='bbox 2949 863 2963 900; x_wconf 89' lang='lat'><strong>:</strong></span> <span class='ocrx_word' id='word_1_175' title='bbox 3005 844 3087 898; x_wconf 87' lang='lat' dir='ltr'><strong>Ne</strong></span> <span class='ocrx_word' id='word_1_176' title='bbox 3111 847 3366 900; x_wconf 75' lang='lat' dir='ltr'><strong>recedatis</strong></span> <span class='ocrx_word' id='word_1_177' title='bbox 3390 863 3420 899; x_wconf 89' lang='lat' dir='ltr'><strong>a</strong></span> <span class='ocrx_word' id='word_1_178' title='bbox 3461 845 3570 899; x_wconf 77' lang='lat' dir='ltr'><strong>Do-</strong></span> 
     </span>
    </p>
   </div>
   <div class='ocr_carea' id='block_1_25' title="bbox 2007 928 3572 1000">
    <p class='ocr_par' dir='ltr' id='par_1_25' title="bbox 2007 928 3572 1000">
     <span class='ocr_line' id='line_1_25' title="bbox 2007 928 3572 1000; baseline 0.008 -22"><span class='ocrx_word' id='word_1_179' title='bbox 2007 929 2149 980; x_wconf 85' lang='lat' dir='ltr'><strong>mino</strong></span> <span class='ocrx_word' id='word_1_180' title='bbox 2179 928 2450 984; x_wconf 83' lang='lat' dir='ltr'><strong>hodiernis</strong></span> <span class='ocrx_word' id='word_1_181' title='bbox 2485 933 2667 986; x_wconf 78' lang='lat' dir='ltr'><strong>diebus</strong></span> <span class='ocrx_word' id='word_1_182' title='bbox 2699 934 2764 987; x_wconf 63' lang='grc'><strong>⁸³.</strong></span> <span class='ocrx_word' id='word_1_183' title='bbox 2795 935 2946 1000; x_wconf 83' lang='lat' dir='ltr'><strong>Quod</strong></span> <span class='ocrx_word' id='word_1_184' title='bbox 2977 936 3022 988; x_wconf 92' lang='lat' dir='ltr'><strong>si</strong></span> <span class='ocrx_word' id='word_1_185' title='bbox 3048 935 3206 989; x_wconf 84' lang='lat' dir='ltr'><strong>hodie</strong></span> <span class='ocrx_word' id='word_1_186' title='bbox 3245 945 3411 990; x_wconf 89' lang='lat' dir='ltr'><strong>totum</strong></span> <span class='ocrx_word' id='word_1_187' title='bbox 3463 936 3572 991; x_wconf 87' lang='lat' dir='ltr'><strong>hoc</strong></span> 
     </span>
    </p>
   </div>
   <div class='ocr_carea' id='block_1_26' title="bbox 2009 1017 3568 1094">
    <p class='ocr_par' dir='ltr' id='par_1_26' title="bbox 2009 1017 3568 1094">
     <span class='ocr_line' id='line_1_26' title="bbox 2009 1017 3568 1094; baseline 0.007 -25"><span class='ocrx_word' id='word_1_188' title='bbox 2009 1017 2264 1070; x_wconf 67' lang='lat' dir='ltr'><strong>sa‘culum</strong></span> <span class='ocrx_word' id='word_1_189' title='bbox 2305 1029 2408 1085; x_wconf 85' lang='lat' dir='ltr'><strong>est,</strong></span> <span class='ocrx_word' id='word_1_190' title='bbox 2448 1020 2630 1074; x_wconf 80' lang='lat' dir='ltr'><strong>forsan</strong></span> <span class='ocrx_word' id='word_1_191' title='bbox 2663 1023 2775 1076; x_wconf 86' lang='lat' dir='ltr'><strong>heri</strong></span> <span class='ocrx_word' id='word_1_192' title='bbox 2809 1025 3064 1078; x_wconf 71' lang='lat' dir='ltr'><strong>saeculum</strong></span> <span class='ocrx_word' id='word_1_193' title='bbox 3103 1027 3568 1094; x_wconf 74' lang='lat' dir='ltr'><strong>estprzeteritum;</strong></span> 
     </span>
    </p>
   </div>
   <div class='ocr_carea' id='block_1_27' title="bbox 2012 1113 3571 1186">
    <p class='ocr_par' dir='ltr' id='par_1_27' title="bbox 2012 1113 3571 1186">
     <span class='ocr_line' id='line_1_27' title="bbox 2012 1113 3571 1186; baseline 0.004 -23"><span class='ocrx_word' id='word_1_194' title='bbox 2012 1113 2114 1165; x_wconf 90' lang='lat' dir='ltr'><strong>hoc</strong></span> <span class='ocrx_word' id='word_1_195' title='bbox 2145 1121 2324 1165; x_wconf 88' lang='lat' dir='ltr'><strong>autem</strong></span> <span class='ocrx_word' id='word_1_196' title='bbox 2357 1121 2408 1166; x_wconf 91' lang='lat' dir='ltr'><strong>et</strong></span> <span class='ocrx_word' id='word_1_197' title='bbox 2442 1114 2492 1165; x_wconf 92' lang='lat' dir='ltr'><strong>in</strong></span> <span class='ocrx_word' id='word_1_198' title='bbox 2547 1113 2782 1167; x_wconf 82' lang='lat' dir='ltr'><strong>Psalmis</strong></span> <span class='ocrx_word' id='word_1_199' title='bbox 2823 1124 2876 1167; x_wconf 91' lang='lat' dir='ltr'><strong>et</strong></span> <span class='ocrx_word' id='word_1_200' title='bbox 2925 1115 3064 1182; x_wconf 89' lang='lat' dir='ltr'><strong>apud</strong></span> <span class='ocrx_word' id='word_1_201' title='bbox 3097 1115 3320 1169; x_wconf 87' lang='lat' dir='ltr'><strong>Paulum</strong></span> <span class='ocrx_word' id='word_1_202' title='bbox 3356 1117 3408 1170; x_wconf 90' lang='lat' dir='ltr'><strong>in</strong></span> <span class='ocrx_word' id='word_1_203' title='bbox 3442 1117 3571 1186; x_wconf 76' lang='lat' dir='ltr'><strong>Epi-</strong></span> 
     </span>
    </p>
   </div>
   <div class='ocr_carea' id='block_1_28' title="bbox 2009 1201 3570 1273">
    <p class='ocr_par' dir='ltr' id='par_1_28' title="bbox 2009 1201 3570 1273">
     <span class='ocr_line' id='line_1_28' title="bbox 2009 1201 3570 1273; baseline 0.003 -16"><span class='ocrx_word' id='word_1_204' title='bbox 2009 1203 2151 1257; x_wconf 91' lang='lat' dir='ltr'><strong>stola</strong></span> <span class='ocrx_word' id='word_1_205' title='bbox 2187 1204 2253 1256; x_wconf 85' lang='lat' dir='ltr'><strong>ad</strong></span> <span class='ocrx_word' id='word_1_206' title='bbox 2282 1201 2538 1258; x_wconf 85' lang='lat' dir='ltr'><strong>Hebraeos</strong></span> <span class='ocrx_word' id='word_1_207' title='bbox 2564 1204 2669 1257; x_wconf 85' lang='lat' dir='ltr'><strong>dici</strong></span> <span class='ocrx_word' id='word_1_208' title='bbox 2701 1207 3077 1273; x_wconf 88' lang='lat' dir='ltr'><strong>suspicamur:</strong></span> <span class='ocrx_word' id='word_1_209' title='bbox 3111 1207 3163 1257; x_wconf 89' lang='lat' dir='ltr'><strong>in</strong></span> <span class='ocrx_word' id='word_1_210' title='bbox 3190 1206 3436 1271; x_wconf 83' lang='lat' dir='ltr'><strong>Psalmis,</strong></span> <span class='ocrx_word' id='word_1_211' title='bbox 3456 1208 3570 1262; x_wconf 85' lang='lat' dir='ltr'><strong>sic:</strong></span> 
     </span>
    </p>
   </div>
   <div class='ocr_carea' id='block_1_29' title="bbox 2011 1293 3571 1364">
    <p class='ocr_par' dir='ltr' id='par_1_29' title="bbox 2011 1293 3571 1364">
     <span class='ocr_line' id='line_1_29' title="bbox 2011 1293 3571 1364; baseline 0.002 -19"><span class='ocrx_word' id='word_1_212' title='bbox 2011 1293 2157 1346; x_wconf 78' lang='lat' dir='ltr'><strong>Mille</strong></span> <span class='ocrx_word' id='word_1_213' title='bbox 2177 1293 2303 1345; x_wconf 82' lang='lat' dir='ltr'><strong>anui</strong></span> <span class='ocrx_word' id='word_1_214' title='bbox 2326 1293 2377 1346; x_wconf 80' lang='lat' dir='ltr'><strong>in</strong></span> <span class='ocrx_word' id='word_1_215' title='bbox 2403 1294 2565 1346; x_wconf 82' lang='lat' dir='ltr'><strong>oculis</strong></span> <span class='ocrx_word' id='word_1_216' title='bbox 2605 1295 2732 1359; x_wconf 79' lang='lat' dir='ltr'><strong>tuis,</strong></span> <span class='ocrx_word' id='word_1_217' title='bbox 2762 1303 3008 1363; x_wconf 82' lang='lat' dir='ltr'><strong>tanquam</strong></span> <span class='ocrx_word' id='word_1_218' title='bbox 3028 1295 3136 1346; x_wconf 84' lang='lat' dir='ltr'><strong>dies</strong></span> <span class='ocrx_word' id='word_1_219' title='bbox 3163 1297 3424 1359; x_wconf 77' lang='lat' dir='ltr'><strong>hesterna,</strong></span> <span class='ocrx_word' id='word_1_220' title='bbox 3454 1312 3571 1364; x_wconf 75' lang='lat' dir='ltr'><strong>qua:</strong></span> 
     </span>
    </p>
   </div>
   <div class='ocr_carea' id='block_1_30' title="bbox 2007 1383 3563 1451">
    <p class='ocr_par' dir='ltr' id='par_1_30' title="bbox 2007 1383 3563 1451">
     <span class='ocr_line' id='line_1_30' title="bbox 2007 1383 3563 1451; baseline 0.004 -18"><span class='ocrx_word' id='word_1_221' title='bbox 2007 1383 2260 1451; x_wconf 61' lang='grc' dir='ltr'><strong>,πανίαν-ἕξ(</strong></span> <span class='ocrx_word' id='word_1_222' title='bbox 2286 1383 2362 1448; x_wconf 80' lang='grc'><strong>⁶⁵;</strong></span> <span class='ocrx_word' id='word_1_223' title='bbox 2385 1384 2523 1450; x_wconf 87' lang='lat' dir='ltr'><strong>quod</strong></span> <span class='ocrx_word' id='word_1_224' title='bbox 2545 1393 2622 1436; x_wconf 91' lang='lat' dir='ltr'><strong>cst</strong></span> <span class='ocrx_word' id='word_1_225' title='bbox 2647 1384 2778 1437; x_wconf 93' lang='lat' dir='ltr'><strong>illud</strong></span> <span class='ocrx_word' id='word_1_226' title='bbox 2799 1385 3016 1438; x_wconf 83' lang='lat' dir='ltr'><strong>celebre</strong></span> <span class='ocrx_word' id='word_1_227' title='bbox 3032 1401 3295 1438; x_wconf 89' lang='lat' dir='ltr'><strong>annorum</strong></span> <span class='ocrx_word' id='word_1_228' title='bbox 3316 1388 3563 1449; x_wconf 60' lang='lat' dir='ltr'><strong>milliat‘e,</strong></span> 
     </span>
    </p>
   </div>
   <div class='ocr_carea' id='block_1_31' title="bbox 2011 1471 3566 1542">
    <p class='ocr_par' dir='ltr' id='par_1_31' title="bbox 2011 1471 3566 1542">
     <span class='ocr_line' id='line_1_31' title="bbox 2011 1471 3566 1542; baseline 0.003 -19"><span class='ocrx_word' id='word_1_229' title='bbox 2011 1480 2460 1540; x_wconf 85' lang='lat' dir='ltr'><strong>comparaturque</strong></span> <span class='ocrx_word' id='word_1_230' title='bbox 2505 1471 2666 1542; x_wconf 79' lang='lat'><strong>250</strong></span> <span class='ocrx_word' id='word_1_231' title='bbox 2717 1473 2818 1526; x_wconf 90' lang='lat' dir='ltr'><strong>diei</strong></span> <span class='ocrx_word' id='word_1_232' title='bbox 2874 1474 3139 1527; x_wconf 69' lang='lat' dir='ltr'><strong>hesternae</strong></span> <span class='ocrx_word' id='word_1_233' title='bbox 3185 1475 3252 1528; x_wconf 88' lang='lat' dir='ltr'><strong>ab</strong></span> <span class='ocrx_word' id='word_1_234' title='bbox 3311 1476 3566 1528; x_wconf 83' lang='lat' dir='ltr'><strong>hodierna</strong></span> 
     </span>
    </p>
   </div>
   <div class='ocr_carea' id='block_1_32' title="bbox 2011 1547 3569 1634">
    <p class='ocr_par' dir='ltr' id='par_1_32' title="bbox 2011 1547 3569 1634">
     <span class='ocr_line' id='line_1_32' title="bbox 2011 1547 3569 1634; baseline 0.006 -23"><span class='ocrx_word' id='word_1_235' title='bbox 2011 1559 2298 1613; x_wconf 59' lang='lat' dir='ltr'><strong>distinctae.</strong></span> <span class='ocrx_word' id='word_1_236' title='bbox 2355 1547 2512 1629; x_wconf 83' lang='lat' dir='ltr'><strong>Apud</strong></span> <span class='ocrx_word' id='word_1_237' title='bbox 2547 1563 2862 1629; x_wconf 88' lang='lat' dir='ltr'><strong>Apostolum</strong></span> <span class='ocrx_word' id='word_1_238' title='bbox 2901 1572 3077 1616; x_wconf 90' lang='lat' dir='ltr'><strong>autem</strong></span> <span class='ocrx_word' id='word_1_239' title='bbox 3120 1564 3384 1634; x_wconf 78' lang='lat' dir='ltr'><strong>Scriptum</strong></span> <span class='ocrx_word' id='word_1_240' title='bbox 3431 1576 3514 1618; x_wconf 89' lang='lat' dir='ltr'><strong>est</strong></span> <span class='ocrx_word' id='word_1_241' title='bbox 3545 1554 3569 1622; x_wconf 57' lang='grc' dir='ltr'><strong>τ’</strong></span> 
     </span>
    </p>
   </div>
   <div class='ocr_carea' id='block_1_33' title="bbox 2007 1647 3566 1720">
    <p class='ocr_par' dir='ltr' id='par_1_33' title="bbox 2007 1647 3566 1720">
     <span class='ocr_line' id='line_1_33' title="bbox 2007 1647 3566 1720; baseline 0.005 -18"><span class='ocrx_word' id='word_1_242' title='bbox 2007 1647 2164 1703; x_wconf 73' lang='lat' dir='ltr'><strong>Iesus</strong></span> <span class='ocrx_word' id='word_1_243' title='bbox 2196 1649 2437 1705; x_wconf 70' lang='lat' dir='ltr'><strong>Christus</strong></span> <span class='ocrx_word' id='word_1_244' title='bbox 2467 1653 2579 1704; x_wconf 86' lang='lat' dir='ltr'><strong>heri</strong></span> <span class='ocrx_word' id='word_1_245' title='bbox 2607 1661 2654 1704; x_wconf 83' lang='lat' dir='ltr'><strong>et</strong></span> <span class='ocrx_word' id='word_1_246' title='bbox 2697 1653 2888 1717; x_wconf 85' lang='lat' dir='ltr'><strong>hodie;</strong></span> <span class='ocrx_word' id='word_1_247' title='bbox 2937 1655 3045 1720; x_wconf 81' lang='lat' dir='ltr'><strong>ipse</strong></span> <span class='ocrx_word' id='word_1_248' title='bbox 3092 1663 3142 1708; x_wconf 79' lang='lat' dir='ltr'><strong>et</strong></span> <span class='ocrx_word' id='word_1_249' title='bbox 3191 1655 3244 1706; x_wconf 80' lang='lat'><strong>1&#39;11</strong></span> <span class='ocrx_word' id='word_1_250' title='bbox 3276 1656 3472 1708; x_wconf 72' lang='lat' dir='ltr'><strong>smcula</strong></span> <span class='ocrx_word' id='word_1_251' title='bbox 3501 1655 3566 1710; x_wconf 78' lang='grc'><strong>⁸⁸.</strong></span> 
     </span>
    </p>
   </div>
   <div class='ocr_carea' id='block_1_34' title="bbox 328 1739 1910 1818">
    <p class='ocr_par' dir='ltr' id='par_1_34' title="bbox 328 1746 1909 1818">
     <span class='ocr_line' id='line_1_34' title="bbox 328 1746 1909 1818; baseline 0.006 -21"><span class='ocrx_word' id='word_1_252' title='bbox 328 1762 442 1814; x_wconf 85' lang='grc' dir='ltr'><strong>ρας</strong></span> <span class='ocrx_word' id='word_1_253' title='bbox 471 1762 485 1776; x_wconf 72' lang='grc' dir='ltr'><strong><em>ο</em></strong></span> <span class='ocrx_word' id='word_1_254' title='bbox 521 1747 618 1799; x_wconf 78' lang='grc' dir='ltr'><strong>καὶ</strong></span> <span class='ocrx_word' id='word_1_255' title='bbox 660 1764 672 1776; x_wconf 92' lang='grc'><strong>·</strong></span> <span class='ocrx_word' id='word_1_256' title='bbox 728 1747 1051 1817; x_wconf 70' lang='grc' dir='ltr'>Ἐφημίσθη</span> <span class='ocrx_word' id='word_1_257' title='bbox 1096 1752 1128 1802; x_wconf 86' lang='grc' dir='ltr'><em>ὀ</em></span> <span class='ocrx_word' id='word_1_258' title='bbox 1167 1750 1347 1817; x_wconf 77' lang='grc' dir='ltr'>λόγος</span> <span class='ocrx_word' id='word_1_259' title='bbox 1373 1746 1545 1816; x_wconf 83' lang='grc' dir='ltr'>οὗτος</span> <span class='ocrx_word' id='word_1_260' title='bbox 1578 1753 1735 1818; x_wconf 71' lang='grc' dir='ltr'>παρὰ</span> <span class='ocrx_word' id='word_1_261' title='bbox 1772 1753 1909 1807; x_wconf 83' lang='grc' dir='ltr'>Ἰου-</span> 
     </span>
    </p>
   </div>
   <div class='ocr_carea' id='block_1_35' title="bbox 2018 1739 3575 1818">
    <p class='ocr_par' dir='ltr' id='par_1_35' title="bbox 2018 1739 3575 1814">
     <span class='ocr_line' id='line_1_35' title="bbox 2018 1739 3575 1814; baseline 0.005 -22"><span class='ocrx_word' id='word_1_262' title='bbox 2018 1739 2120 1794; x_wconf 84' lang='lat' dir='ltr'><strong>Nec</strong></span> <span class='ocrx_word' id='word_1_263' title='bbox 2151 1741 2347 1794; x_wconf 87' lang='lat' dir='ltr'><strong>mirum</strong></span> <span class='ocrx_word' id='word_1_264' title='bbox 2405 1742 2514 1796; x_wconf 89' lang='lat' dir='ltr'><strong>Deo</strong></span> <span class='ocrx_word' id='word_1_265' title='bbox 2547 1742 2807 1798; x_wconf 82' lang='lat' dir='ltr'><strong>sacculum</strong></span> <span class='ocrx_word' id='word_1_266' title='bbox 2844 1744 3116 1814; x_wconf 81' lang='lat' dir='ltr'><strong>integrum</strong></span> <span class='ocrx_word' id='word_1_267' title='bbox 3169 1747 3332 1800; x_wconf 90' lang='lat' dir='ltr'><strong>unius</strong></span> <span class='ocrx_word' id='word_1_268' title='bbox 3361 1755 3575 1800; x_wconf 87' lang='lat' dir='ltr'><strong>nostra-</strong></span> 
     </span>
    </p>
   </div>
   <div class='ocr_carea' id='block_1_36' title="bbox 335 1836 1905 1912">
    <p class='ocr_par' dir='ltr' id='par_1_36' title="bbox 335 1836 1905 1912">
     <span class='ocr_line' id='line_1_36' title="bbox 335 1836 1905 1912; baseline 0.006 -25"><span class='ocrx_word' id='word_1_269' title='bbox 335 1836 528 1904; x_wconf 83' lang='grc' dir='ltr'>δαίοις</span> <span class='ocrx_word' id='word_1_270' title='bbox 581 1837 693 1903; x_wconf 76' lang='grc' dir='ltr'>ἕως</span> <span class='ocrx_word' id='word_1_271' title='bbox 739 1837 848 1906; x_wconf 82' lang='grc' dir='ltr'>τῆς</span> <span class='ocrx_word' id='word_1_272' title='bbox 877 1839 1176 1907; x_wconf 75' lang='grc' dir='ltr'>σήμερον·</span> <span class='ocrx_word' id='word_1_273' title='bbox 1229 1841 1323 1894; x_wconf 77' lang='grc' dir='ltr'><strong>καὶ</strong></span> <span class='ocrx_word' id='word_1_274' title='bbox 1363 1843 1421 1895; x_wconf 83' lang='grc' dir='ltr'>ὲν</span> <span class='ocrx_word' id='word_1_275' title='bbox 1456 1844 1567 1906; x_wconf 87' lang='grc' dir='ltr'>τοῖς</span> <span class='ocrx_word' id='word_1_276' title='bbox 1601 1843 1866 1912; x_wconf 82' lang='grc' dir='ltr'>Ψαλμοῖς</span> <span class='ocrx_word' id='word_1_277' title='bbox 1891 1862 1905 1876; x_wconf 81' lang='grc'><em>’</em></span> 
     </span>
    </p>
   </div>
   <div class='ocr_carea' id='block_1_37' title="bbox 335 1925 1907 2004">
    <p class='ocr_par' dir='ltr' id='par_1_37' title="bbox 335 1925 1907 2004">
     <span class='ocr_line' id='line_1_37' title="bbox 335 1925 1907 2004; baseline 0.006 -24"><span class='ocrx_word' id='word_1_278' title='bbox 335 1927 608 1997; x_wconf 85' lang='grc' dir='ltr'>Σήμερον</span> <span class='ocrx_word' id='word_1_279' title='bbox 659 1929 776 1993; x_wconf 46' lang='grc' dir='ltr'><strong>,ἐὰν</strong></span> <span class='ocrx_word' id='word_1_280' title='bbox 825 1929 935 1998; x_wconf 80' lang='grc' dir='ltr'>τῆς</span> <span class='ocrx_word' id='word_1_281' title='bbox 986 1931 1191 2001; x_wconf 66' lang='grc' dir='ltr'>φωνῆς</span> <span class='ocrx_word' id='word_1_282' title='bbox 1233 1933 1420 1986; x_wconf 85' lang='grc' dir='ltr'>αὑτοῦ</span> <span class='ocrx_word' id='word_1_283' title='bbox 1465 1925 1784 2002; x_wconf 80' lang='grc' dir='ltr'>ἀκούσητε,</span> <span class='ocrx_word' id='word_1_284' title='bbox 1821 1935 1907 2004; x_wconf 76' lang='grc' dir='ltr'><strong>μή</strong></span> 
     </span>
    </p>
   </div>
   <div class='ocr_carea' id='block_1_38' title="bbox 333 2020 1908 2098">
    <p class='ocr_par' dir='ltr' id='par_1_38' title="bbox 333 2020 1908 2098">
     <span class='ocr_line' id='line_1_38' title="bbox 333 2020 1908 2098; baseline 0.005 -26"><span class='ocrx_word' id='word_1_285' title='bbox 333 2021 726 2087; x_wconf 80' lang='grc' dir='ltr'>σκληρύνητε</span> <span class='ocrx_word' id='word_1_286' title='bbox 750 2020 857 2085; x_wconf 83' lang='grc' dir='ltr'>τὰς</span> <span class='ocrx_word' id='word_1_287' title='bbox 887 2021 1130 2090; x_wconf 82' lang='grc' dir='ltr'>καρδίας</span> <span class='ocrx_word' id='word_1_288' title='bbox 1162 2023 1328 2093; x_wconf 85' lang='grc' dir='ltr'>ὑμῶν</span> <span class='ocrx_word' id='word_1_289' title='bbox 1352 2040 1364 2054; x_wconf 71' lang='grc' dir='ltr'><strong><em>ο</em></strong></span> <span class='ocrx_word' id='word_1_290' title='bbox 1423 2025 1480 2078; x_wconf 74' lang='grc' dir='ltr'>ἐν</span> <span class='ocrx_word' id='word_1_291' title='bbox 1524 2026 1580 2078; x_wconf 79' lang='grc' dir='ltr'><strong>δὲ</strong></span> <span class='ocrx_word' id='word_1_292' title='bbox 1614 2025 1691 2096; x_wconf 85' lang='grc' dir='ltr'>τῷ</span> <span class='ocrx_word' id='word_1_293' title='bbox 1718 2028 1908 2098; x_wconf 55' lang='grc' dir='ltr'><strong>,Ἰησοῦ</strong></span> 
     </span>
    </p>
   </div>
   <div class='ocr_carea' id='block_1_39' title="bbox 336 2111 1910 2184">
    <p class='ocr_par' dir='ltr' id='par_1_39' title="bbox 336 2111 1910 2184">
     <span class='ocr_line' id='line_1_39' title="bbox 336 2111 1910 2184; baseline 0.006 -23"><span class='ocrx_word' id='word_1_294' title='bbox 336 2111 648 2177; x_wconf 73' lang='grc' dir='ltr'>σαφέστατα</span> <span class='ocrx_word' id='word_1_295' title='bbox 683 2111 822 2163; x_wconf 77' lang='grc' dir='ltr'>οὓτω</span> <span class='ocrx_word' id='word_1_296' title='bbox 847 2112 1004 2165; x_wconf 79' lang='grc' dir='ltr'>τοῦτο</span> <span class='ocrx_word' id='word_1_297' title='bbox 1037 2114 1248 2184; x_wconf 78' lang='grc' dir='ltr'>εἴρηται</span> <span class='ocrx_word' id='word_1_298' title='bbox 1275 2131 1287 2144; x_wconf 89' lang='grc'>·</span> <span class='ocrx_word' id='word_1_299' title='bbox 1340 2114 1436 2183; x_wconf 83' lang='grc' dir='ltr'><strong>Μὴ</strong></span> <span class='ocrx_word' id='word_1_300' title='bbox 1461 2115 1762 2184; x_wconf 78' lang='grc' dir='ltr'>ἀποστῆτε</span> <span class='ocrx_word' id='word_1_301' title='bbox 1791 2117 1910 2172; x_wconf 82' lang='grc' dir='ltr'><strong>ἀπὸ</strong></span> 
     </span>
    </p>
   </div>
   <div class='ocr_carea' id='block_1_40' title="bbox 334 2200 1910 2275">
    <p class='ocr_par' dir='ltr' id='par_1_40' title="bbox 334 2200 1910 2275">
     <span class='ocr_line' id='line_1_40' title="bbox 334 2200 1910 2275; baseline 0.006 -22"><span class='ocrx_word' id='word_1_302' title='bbox 334 2201 560 2267; x_wconf 82' lang='grc' dir='ltr'><strong>Κυρίου</strong></span> <span class='ocrx_word' id='word_1_303' title='bbox 583 2201 652 2254; x_wconf 81' lang='grc' dir='ltr'>ἐν</span> <span class='ocrx_word' id='word_1_304' title='bbox 672 2201 797 2267; x_wconf 84' lang='grc' dir='ltr'>ταῖς</span> <span class='ocrx_word' id='word_1_305' title='bbox 827 2200 1094 2271; x_wconf 82' lang='grc' dir='ltr'>σήμερον</span> <span class='ocrx_word' id='word_1_306' title='bbox 1127 2204 1391 2272; x_wconf 76' lang='grc' dir='ltr'>ἡμέραις.</span> <span class='ocrx_word' id='word_1_307' title='bbox 1430 2206 1492 2257; x_wconf 85' lang='grc' dir='ltr'><strong>Εἰ</strong></span> <span class='ocrx_word' id='word_1_308' title='bbox 1514 2206 1569 2257; x_wconf 79' lang='grc' dir='ltr'>δὲ</span> <span class='ocrx_word' id='word_1_309' title='bbox 1594 2206 1861 2275; x_wconf 71' lang='grc' dir='ltr'>σήμερον</span> <span class='ocrx_word' id='word_1_310' title='bbox 1881 2211 1910 2261; x_wconf 89' lang='lat'><strong>6</strong></span> 
     </span>
    </p>
   </div>
   <div class='ocr_carea' id='block_1_41' title="bbox 336 2285 1911 2368">
    <p class='ocr_par' dir='ltr' id='par_1_41' title="bbox 336 2285 1911 2368">
     <span class='ocr_line' id='line_1_41' title="bbox 336 2285 1911 2368; baseline 0.006 -26"><span class='ocrx_word' id='word_1_311' title='bbox 336 2293 445 2353; x_wconf 76' lang='grc' dir='ltr'>πᾶς</span> <span class='ocrx_word' id='word_1_312' title='bbox 502 2285 654 2354; x_wconf 73' lang='grc' dir='ltr'>οὗτος</span> <span class='ocrx_word' id='word_1_313' title='bbox 710 2291 861 2359; x_wconf 86' lang='grc' dir='ltr'>αἰὼν,</span> <span class='ocrx_word' id='word_1_314' title='bbox 924 2295 1131 2364; x_wconf 87' lang='grc' dir='ltr'>μήποτε</span> <span class='ocrx_word' id='word_1_315' title='bbox 1191 2296 1218 2346; x_wconf 91' lang='lat'><strong>6</strong></span> <span class='ocrx_word' id='word_1_316' title='bbox 1248 2296 1398 2362; x_wconf 80' lang='grc' dir='ltr'><strong>χθὲς</strong></span> <span class='ocrx_word' id='word_1_317' title='bbox 1454 2297 1481 2347; x_wconf 86' lang='grc' dir='ltr'>ὁ</span> <span class='ocrx_word' id='word_1_318' title='bbox 1524 2297 1911 2368; x_wconf 80' lang='grc' dir='ltr'>παρεληλυθώς</span> 
     </span>
    </p>
   </div>
   <div class='ocr_carea' id='block_1_42' title="bbox 335 2380 1912 2458">
    <p class='ocr_par' dir='ltr' id='par_1_42' title="bbox 335 2380 1912 2458">
     <span class='ocr_line' id='line_1_42' title="bbox 335 2380 1912 2458; baseline 0.006 -28"><span class='ocrx_word' id='word_1_319' title='bbox 335 2380 487 2433; x_wconf 82' lang='grc' dir='ltr'>ἐστιν</span> <span class='ocrx_word' id='word_1_320' title='bbox 524 2381 634 2452; x_wconf 72' lang='grc'><strong>(59)</strong></span> <span class='ocrx_word' id='word_1_321' title='bbox 660 2380 792 2434; x_wconf 79' lang='grc' dir='ltr'>αἰών</span> <span class='ocrx_word' id='word_1_322' title='bbox 815 2399 828 2411; x_wconf 80' lang='lat'>&#39;</span> <span class='ocrx_word' id='word_1_323' title='bbox 862 2383 1019 2435; x_wconf 81' lang='grc' dir='ltr'>τοῦτο</span> <span class='ocrx_word' id='word_1_324' title='bbox 1046 2383 1101 2435; x_wconf 84' lang='grc' dir='ltr'>δὲ</span> <span class='ocrx_word' id='word_1_325' title='bbox 1143 2385 1200 2437; x_wconf 79' lang='grc' dir='ltr'><strong>ἐν</strong></span> <span class='ocrx_word' id='word_1_326' title='bbox 1236 2385 1502 2453; x_wconf 74' lang='grc' dir='ltr'>Ψαλμοῖς</span> <span class='ocrx_word' id='word_1_327' title='bbox 1531 2387 1622 2438; x_wconf 79' lang='grc' dir='ltr'><strong>καὶ</strong></span> <span class='ocrx_word' id='word_1_328' title='bbox 1654 2386 1803 2457; x_wconf 81' lang='grc' dir='ltr'>παρὰ</span> <span class='ocrx_word' id='word_1_329' title='bbox 1835 2387 1912 2458; x_wconf 83' lang='grc' dir='ltr'>τῷ</span> 
     </span>
    </p>
   </div>
   <div class='ocr_carea' id='block_1_43' title="bbox 336 2472 1907 2549">
    <p class='ocr_par' dir='ltr' id='par_1_43' title="bbox 336 2472 1907 2549">
     <span class='ocr_line' id='line_1_43' title="bbox 336 2472 1907 2549; baseline 0.006 -26"><span class='ocrx_word' id='word_1_330' title='bbox 336 2472 536 2541; x_wconf 72' lang='grc' dir='ltr'>Παύλῳ</span> <span class='ocrx_word' id='word_1_331' title='bbox 567 2475 623 2526; x_wconf 83' lang='grc' dir='ltr'>ὲν</span> <span class='ocrx_word' id='word_1_332' title='bbox 664 2475 728 2544; x_wconf 83' lang='grc' dir='ltr'>τῇ</span> <span class='ocrx_word' id='word_1_333' title='bbox 772 2474 906 2544; x_wconf 85' lang='grc' dir='ltr'>πρὸς</span> <span class='ocrx_word' id='word_1_334' title='bbox 948 2474 1226 2545; x_wconf 81' lang='grc' dir='ltr'>Ἑϐραίους</span> <span class='ocrx_word' id='word_1_335' title='bbox 1272 2475 1448 2544; x_wconf 83' lang='grc' dir='ltr'>λέγειν</span> <span class='ocrx_word' id='word_1_336' title='bbox 1495 2478 1868 2549; x_wconf 74' lang='grc' dir='ltr'>ὑπειλήφαμεν</span> <span class='ocrx_word' id='word_1_337' title='bbox 1893 2495 1907 2508; x_wconf 89' lang='grc'><strong>·</strong></span> 
     </span>
    </p>
   </div>
   <div class='ocr_carea' id='block_1_44' title="bbox 338 2561 1913 2635">
    <p class='ocr_par' dir='ltr' id='par_1_44' title="bbox 338 2561 1913 2635">
     <span class='ocr_line' id='line_1_44' title="bbox 338 2561 1913 2635; baseline 0.006 -22"><span class='ocrx_word' id='word_1_338' title='bbox 338 2562 398 2615; x_wconf 78' lang='grc' dir='ltr'>ὲν</span> <span class='ocrx_word' id='word_1_339' title='bbox 453 2561 718 2629; x_wconf 72' lang='grc' dir='ltr'>Ψαλμοῖς</span> <span class='ocrx_word' id='word_1_340' title='bbox 761 2562 933 2625; x_wconf 75' lang='grc' dir='ltr'>οὕτως</span> <span class='ocrx_word' id='word_1_341' title='bbox 955 2579 967 2592; x_wconf 91' lang='grc'><strong>·</strong></span> <span class='ocrx_word' id='word_1_342' title='bbox 1009 2565 1182 2617; x_wconf 73' lang='grc' dir='ltr'>Χίλια</span> <span class='ocrx_word' id='word_1_343' title='bbox 1209 2566 1311 2634; x_wconf 81' lang='grc' dir='ltr'><strong>ἐτη</strong></span> <span class='ocrx_word' id='word_1_344' title='bbox 1343 2566 1412 2618; x_wconf 77' lang='grc' dir='ltr'><strong>ὲνν</strong></span> <span class='ocrx_word' id='word_1_345' title='bbox 1441 2569 1766 2635; x_wconf 63' lang='grc' dir='ltr'>ὀφθαλμοῖς</span> <span class='ocrx_word' id='word_1_346' title='bbox 1797 2585 1913 2624; x_wconf 88' lang='grc' dir='ltr'>σου</span> 
     </span>
    </p>
   </div>
   <div class='ocr_carea' id='block_1_45' title="bbox 337 2649 1911 2726">
    <p class='ocr_par' dir='ltr' id='par_1_45' title="bbox 337 2649 1911 2726">
     <span class='ocr_line' id='line_1_45' title="bbox 337 2649 1911 2726; baseline 0.004 -24"><span class='ocrx_word' id='word_1_347' title='bbox 337 2650 488 2702; x_wconf 77' lang='grc' dir='ltr'>ὡσεὶ</span> <span class='ocrx_word' id='word_1_348' title='bbox 547 2649 737 2719; x_wconf 81' lang='grc' dir='ltr'>ήμέρα</span> <span class='ocrx_word' id='word_1_349' title='bbox 783 2653 820 2719; x_wconf 83' lang='grc' dir='ltr'><strong>ή</strong></span> <span class='ocrx_word' id='word_1_350' title='bbox 876 2652 1071 2718; x_wconf 85' lang='grc' dir='ltr'><strong>ἐχθὲς,</strong></span> <span class='ocrx_word' id='word_1_351' title='bbox 1127 2653 1260 2721; x_wconf 79' lang='grc' dir='ltr'>ἣτις</span> <span class='ocrx_word' id='word_1_352' title='bbox 1308 2653 1583 2721; x_wconf 76' lang='grc' dir='ltr'><strong>διῆλθεν·</strong></span> <span class='ocrx_word' id='word_1_353' title='bbox 1617 2658 1738 2726; x_wconf 76' lang='grc' dir='ltr'>ἥτις</span> <span class='ocrx_word' id='word_1_354' title='bbox 1781 2657 1911 2710; x_wconf 73' lang='grc' dir='ltr'>ποτε</span> 
     </span>
    </p>
   </div>
   <div class='ocr_carea' id='block_1_46' title="bbox 336 2741 1912 2820">
    <p class='ocr_par' dir='ltr' id='par_1_46' title="bbox 336 2741 1912 2820">
     <span class='ocr_line' id='line_1_46' title="bbox 336 2741 1912 2820; baseline 0.006 -28"><span class='ocrx_word' id='word_1_355' title='bbox 336 2742 492 2794; x_wconf 78' lang='grc' dir='ltr'>ἐστιν</span> <span class='ocrx_word' id='word_1_356' title='bbox 515 2743 545 2811; x_wconf 86' lang='grc' dir='ltr'>ἡ</span> <span class='ocrx_word' id='word_1_357' title='bbox 569 2741 846 2810; x_wconf 79' lang='grc' dir='ltr'>διαϐόητος</span> <span class='ocrx_word' id='word_1_358' title='bbox 875 2743 1298 2814; x_wconf 80' lang='grc' dir='ltr'>χιλιονταετηρὶς</span> <span class='ocrx_word' id='word_1_359' title='bbox 1321 2745 1452 2815; x_wconf 73' lang='grc'><strong>(40),</strong></span> <span class='ocrx_word' id='word_1_360' title='bbox 1486 2746 1519 2816; x_wconf 79' lang='grc' dir='ltr'>ἢ</span> <span class='ocrx_word' id='word_1_361' title='bbox 1546 2747 1820 2817; x_wconf 78' lang='grc' dir='ltr'>ὁμοιοῦται</span> <span class='ocrx_word' id='word_1_362' title='bbox 1847 2751 1912 2820; x_wconf 84' lang='grc' dir='ltr'>τῇ</span> 
     </span>
    </p>
   </div>
   <div class='ocr_carea' id='block_1_47' title="bbox 340 2831 1916 2910">
    <p class='ocr_par' dir='ltr' id='par_1_47' title="bbox 340 2831 1916 2910">
     <span class='ocr_line' id='line_1_47' title="bbox 340 2831 1916 2910; baseline 0.006 -27"><span class='ocrx_word' id='word_1_363' title='bbox 340 2831 502 2901; x_wconf 74' lang='grc' dir='ltr'>ἐχθὲς</span> <span class='ocrx_word' id='word_1_364' title='bbox 529 2832 712 2902; x_wconf 76' lang='grc' dir='ltr'>ἡμέρᾳ</span> <span class='ocrx_word' id='word_1_365' title='bbox 759 2833 1089 2906; x_wconf 70' lang='grc' dir='ltr'>διαφερούσῃ</span> <span class='ocrx_word' id='word_1_366' title='bbox 1123 2837 1220 2906; x_wconf 80' lang='grc' dir='ltr'>τῆς</span> <span class='ocrx_word' id='word_1_367' title='bbox 1244 2838 1479 2908; x_wconf 88' lang='grc' dir='ltr'>σήμερον</span> <span class='ocrx_word' id='word_1_368' title='bbox 1505 2855 1516 2867; x_wconf 90' lang='grc'>·</span> <span class='ocrx_word' id='word_1_369' title='bbox 1554 2839 1704 2909; x_wconf 84' lang='grc' dir='ltr'>παρὰ</span> <span class='ocrx_word' id='word_1_370' title='bbox 1741 2841 1797 2892; x_wconf 84' lang='grc' dir='ltr'>δὲ</span> <span class='ocrx_word' id='word_1_371' title='bbox 1839 2840 1916 2910; x_wconf 82' lang='grc' dir='ltr'><strong>τῷ</strong></span> 
     </span>
    </p>
   </div>
   <div class='ocr_carea' id='block_1_48' title="bbox 351 2922 1914 2997">
    <p class='ocr_par' dir='ltr' id='par_1_48' title="bbox 351 2922 1914 2997">
     <span class='ocr_line' id='line_1_48' title="bbox 351 2922 1914 2997; baseline 0.007 -24"><span class='ocrx_word' id='word_1_372' title='bbox 351 2922 664 2992; x_wconf 83' lang='grc' dir='ltr'>Ἀποστόλῳ</span> <span class='ocrx_word' id='word_1_373' title='bbox 695 2923 1006 2994; x_wconf 84' lang='grc' dir='ltr'>γέγραπται</span> <span class='ocrx_word' id='word_1_374' title='bbox 1031 2941 1044 2956; x_wconf 77' lang='grc'><strong><em>⁸</em></strong></span> <span class='ocrx_word' id='word_1_375' title='bbox 1083 2927 1320 2992; x_wconf 81' lang='grc' dir='ltr'>Ἰησοῦς</span> <span class='ocrx_word' id='word_1_376' title='bbox 1347 2927 1600 2994; x_wconf 78' lang='grc' dir='ltr'>Χριστὸς</span> <span class='ocrx_word' id='word_1_377' title='bbox 1637 2930 1780 2997; x_wconf 80' lang='grc' dir='ltr'><strong>χθὲς</strong></span> <span class='ocrx_word' id='word_1_378' title='bbox 1817 2932 1914 2984; x_wconf 79' lang='grc' dir='ltr'>καὶ</span> 
     </span>
    </p>
   </div>
   <div class='ocr_carea' id='block_1_49' title="bbox 339 3012 1914 3084">
    <p class='ocr_par' dir='ltr' id='par_1_49' title="bbox 339 3012 1914 3084">
     <span class='ocr_line' id='line_1_49' title="bbox 339 3012 1914 3084; baseline 0.005 -18"><span class='ocrx_word' id='word_1_379' title='bbox 339 3012 608 3082; x_wconf 82' lang='grc' dir='ltr'>σήμερον</span> <span class='ocrx_word' id='word_1_380' title='bbox 651 3018 684 3068; x_wconf 90' lang='lat' dir='ltr'><strong>o&#39;</strong></span> <span class='ocrx_word' id='word_1_381' title='bbox 727 3014 911 3080; x_wconf 77' lang='grc' dir='ltr'>αὐτὸς</span> <span class='ocrx_word' id='word_1_382' title='bbox 940 3016 1038 3067; x_wconf 79' lang='grc' dir='ltr'>καὶ</span> <span class='ocrx_word' id='word_1_383' title='bbox 1067 3017 1154 3082; x_wconf 80' lang='grc' dir='ltr'>εἰς</span> <span class='ocrx_word' id='word_1_384' title='bbox 1177 3018 1316 3083; x_wconf 78' lang='grc' dir='ltr'>τοὺς</span> <span class='ocrx_word' id='word_1_385' title='bbox 1343 3016 1580 3084; x_wconf 76' lang='grc' dir='ltr'>αἰῶνας.</span> <span class='ocrx_word' id='word_1_386' title='bbox 1614 3021 1720 3071; x_wconf 79' lang='grc' dir='ltr'>Καὶ</span> <span class='ocrx_word' id='word_1_387' title='bbox 1765 3021 1914 3074; x_wconf 79' lang='grc' dir='ltr'>οὐδὲν</span> 
     </span>
    </p>
   </div>
   <div class='ocr_carea' id='block_1_50' title="bbox 2012 1833 3572 1906">
    <p class='ocr_par' dir='ltr' id='par_1_50' title="bbox 2012 1833 3572 1906">
     <span class='ocr_line' id='line_1_50' title="bbox 2012 1833 3572 1906; baseline 0.006 -20"><span class='ocrx_word' id='word_1_388' title='bbox 2012 1849 2128 1886; x_wconf 91' lang='lat' dir='ltr'><strong>rum</strong></span> <span class='ocrx_word' id='word_1_389' title='bbox 2159 1833 2368 1887; x_wconf 83' lang='lat' dir='ltr'><strong>dierum</strong></span> <span class='ocrx_word' id='word_1_390' title='bbox 2408 1837 2582 1904; x_wconf 88' lang='lat' dir='ltr'><strong>spatio</strong></span> <span class='ocrx_word' id='word_1_391' title='bbox 2611 1838 2938 1905; x_wconf 90' lang='lat' dir='ltr'><strong>computari,</strong></span> <span class='ocrx_word' id='word_1_392' title='bbox 2969 1838 3218 1906; x_wconf 84' lang='lat' dir='ltr'><strong>equidem</strong></span> <span class='ocrx_word' id='word_1_393' title='bbox 3271 1848 3326 1893; x_wconf 94' lang='lat' dir='ltr'><strong>et</strong></span> <span class='ocrx_word' id='word_1_394' title='bbox 3374 1840 3572 1895; x_wconf 88' lang='lat' dir='ltr'><strong>minori</strong></span> 
     </span>
    </p>
   </div>
   <div class='ocr_carea' id='block_1_51' title="bbox 2009 1926 3576 1984">
    <p class='ocr_par' dir='ltr' id='par_1_51' title="bbox 2009 1926 3576 1984">
     <span class='ocr_line' id='line_1_51' title="bbox 2009 1926 3576 1984; baseline 0.003 -4"><span class='ocrx_word' id='word_1_395' title='bbox 2009 1926 2266 1980; x_wconf 74' lang='lat' dir='ltr'><strong>arbitror.</strong></span> <span class='ocrx_word' id='word_1_396' title='bbox 2309 1926 2741 1980; x_wconf 84' lang='lat' dir='ltr'><strong>Examinandum</strong></span> <span class='ocrx_word' id='word_1_397' title='bbox 2808 1929 2972 1981; x_wconf 85' lang='lat' dir='ltr'><strong>etiam</strong></span> <span class='ocrx_word' id='word_1_398' title='bbox 3012 1938 3096 1981; x_wconf 91' lang='lat' dir='ltr'><strong>est</strong></span> <span class='ocrx_word' id='word_1_399' title='bbox 3143 1945 3211 1981; x_wconf 89' lang='lat' dir='ltr'><strong>an</strong></span> <span class='ocrx_word' id='word_1_400' title='bbox 3264 1931 3329 1982; x_wconf 87' lang='lat' dir='ltr'><strong>ad</strong></span> <span class='ocrx_word' id='word_1_401' title='bbox 3381 1930 3576 1984; x_wconf 71' lang='lat' dir='ltr'><strong>saacula</strong></span> 
     </span>
    </p>
   </div>
   <div class='ocr_carea' id='block_1_52' title="bbox 2013 2017 3579 2091">
    <p class='ocr_par' dir='ltr' id='par_1_52' title="bbox 2013 2017 3579 2091">
     <span class='ocr_line' id='line_1_52' title="bbox 2013 2017 3579 2091; baseline 0.004 -21"><span class='ocrx_word' id='word_1_402' title='bbox 2013 2017 2322 2071; x_wconf 81' lang='lat' dir='ltr'><strong>referantur</strong></span> <span class='ocrx_word' id='word_1_403' title='bbox 2348 2033 2469 2086; x_wconf 81' lang='lat' dir='ltr'><strong>quae</strong></span> <span class='ocrx_word' id='word_1_404' title='bbox 2528 2021 2595 2072; x_wconf 90' lang='lat' dir='ltr'><strong>de</strong></span> <span class='ocrx_word' id='word_1_405' title='bbox 2641 2019 2800 2072; x_wconf 81' lang='lat' dir='ltr'><strong>festis</strong></span> <span class='ocrx_word' id='word_1_406' title='bbox 2838 2027 2892 2071; x_wconf 87' lang='lat' dir='ltr'><strong>et</strong></span> <span class='ocrx_word' id='word_1_407' title='bbox 2932 2019 3166 2074; x_wconf 67' lang='lat' dir='ltr'><strong>cmtibus</strong></span> <span class='ocrx_word' id='word_1_408' title='bbox 3201 2021 3454 2074; x_wconf 84' lang='lat' dir='ltr'><strong>dicuntur</strong></span> <span class='ocrx_word' id='word_1_409' title='bbox 3483 2037 3579 2091; x_wconf 90' lang='lat' dir='ltr'><strong>per</strong></span> 
     </span>
    </p>
   </div>
   <div class='ocr_carea' id='block_1_53' title="bbox 2011 2109 3576 2179">
    <p class='ocr_par' dir='ltr' id='par_1_53' title="bbox 2011 2109 3576 2179">
     <span class='ocr_line' id='line_1_53' title="bbox 2011 2109 3576 2179; baseline 0.003 -17"><span class='ocrx_word' id='word_1_410' title='bbox 2011 2109 2128 2165; x_wconf 79' lang='lat' dir='ltr'><strong>dies</strong></span> <span class='ocrx_word' id='word_1_411' title='bbox 2160 2121 2214 2164; x_wconf 90' lang='lat' dir='ltr'><strong>et</strong></span> <span class='ocrx_word' id='word_1_412' title='bbox 2243 2125 2456 2164; x_wconf 89' lang='lat' dir='ltr'><strong>menses</strong></span> <span class='ocrx_word' id='word_1_413' title='bbox 2487 2119 2540 2164; x_wconf 90' lang='lat' dir='ltr'><strong>et</strong></span> <span class='ocrx_word' id='word_1_414' title='bbox 2583 2120 2821 2179; x_wconf 83' lang='lat' dir='ltr'><strong>tempora</strong></span> <span class='ocrx_word' id='word_1_415' title='bbox 2853 2120 2908 2165; x_wconf 88' lang='lat' dir='ltr'><strong>et</strong></span> <span class='ocrx_word' id='word_1_416' title='bbox 2938 2125 3111 2164; x_wconf 87' lang='lat' dir='ltr'><strong>annos</strong></span> <span class='ocrx_word' id='word_1_417' title='bbox 3148 2110 3458 2179; x_wconf 71' lang='lat' dir='ltr'><strong>descriptis.</strong></span> <span class='ocrx_word' id='word_1_418' title='bbox 3516 2112 3576 2167; x_wconf 90' lang='lat' dir='ltr'><strong>Si</strong></span> 
     </span>
    </p>
   </div>
   <div class='ocr_carea' id='block_1_54' title="bbox 2011 2201 3579 2263">
    <p class='ocr_par' dir='ltr' id='par_1_54' title="bbox 2011 2201 3579 2263">
     <span class='ocr_line' id='line_1_54' title="bbox 2011 2201 3579 2263; baseline 0.003 -8"><span class='ocrx_word' id='word_1_419' title='bbox 2011 2203 2156 2255; x_wconf 85' lang='lat' dir='ltr'><strong>enim</strong></span> <span class='ocrx_word' id='word_1_420' title='bbox 2208 2203 2453 2254; x_wconf 87' lang='lat' dir='ltr'><strong>umbram</strong></span> <span class='ocrx_word' id='word_1_421' title='bbox 2505 2201 2665 2255; x_wconf 81' lang='lat' dir='ltr'><strong>habet</strong></span> <span class='ocrx_word' id='word_1_422' title='bbox 2720 2202 2804 2254; x_wconf 86' lang='lat' dir='ltr'><strong>lex</strong></span> <span class='ocrx_word' id='word_1_423' title='bbox 2863 2202 3183 2263; x_wconf 80' lang='lat' dir='ltr'><strong>futurorum,</strong></span> <span class='ocrx_word' id='word_1_424' title='bbox 3240 2218 3461 2258; x_wconf 89' lang='lat' dir='ltr'><strong>necesse</strong></span> <span class='ocrx_word' id='word_1_425' title='bbox 3494 2214 3579 2259; x_wconf 89' lang='lat' dir='ltr'><strong>est</strong></span> 
     </span>
    </p>
   </div>
   <div class='ocr_carea' id='block_1_55' title="bbox 2013 2297 3573 2364">
    <p class='ocr_par' dir='ltr' id='par_1_55' title="bbox 2013 2297 3573 2364">
     <span class='ocr_line' id='line_1_55' title="bbox 2013 2297 3573 2364; baseline 0.001 -14"><span class='ocrx_word' id='word_1_426' title='bbox 2013 2297 2175 2350; x_wconf 91' lang='lat' dir='ltr'><strong>multa</strong></span> <span class='ocrx_word' id='word_1_427' title='bbox 2210 2297 2296 2350; x_wconf 91' lang='lat' dir='ltr'><strong>illa</strong></span> <span class='ocrx_word' id='word_1_428' title='bbox 2329 2297 2566 2350; x_wconf 88' lang='lat' dir='ltr'><strong>Sabhata</strong></span> <span class='ocrx_word' id='word_1_429' title='bbox 2595 2297 2885 2349; x_wconf 82' lang='lat' dir='ltr'><strong>multorum</strong></span> <span class='ocrx_word' id='word_1_430' title='bbox 2917 2312 3036 2350; x_wconf 88' lang='lat' dir='ltr'><strong>esse</strong></span> <span class='ocrx_word' id='word_1_431' title='bbox 3069 2297 3277 2350; x_wconf 90' lang='lat' dir='ltr'><strong>dierum</strong></span> <span class='ocrx_word' id='word_1_432' title='bbox 3307 2301 3573 2364; x_wconf 80' lang='lat' dir='ltr'><strong>umbram,</strong></span> 
     </span>
    </p>
   </div>
   <div class='ocr_carea' id='block_1_56' title="bbox 2012 2387 3574 2456">
    <p class='ocr_par' dir='ltr' id='par_1_56' title="bbox 2012 2387 3574 2456">
     <span class='ocr_line' id='line_1_56' title="bbox 2012 2387 3574 2456; baseline 0 -12"><span class='ocrx_word' id='word_1_433' title='bbox 2012 2401 2067 2444; x_wconf 90' lang='lat' dir='ltr'><strong>et</strong></span> <span class='ocrx_word' id='word_1_434' title='bbox 2101 2389 2378 2444; x_wconf 88' lang='lat' dir='ltr'><strong>novilunia</strong></span> <span class='ocrx_word' id='word_1_435' title='bbox 2407 2388 2577 2442; x_wconf 89' lang='lat' dir='ltr'><strong>certis</strong></span> <span class='ocrx_word' id='word_1_436' title='bbox 2611 2397 2909 2456; x_wconf 86' lang='lat' dir='ltr'><strong>temporum</strong></span> <span class='ocrx_word' id='word_1_437' title='bbox 2939 2387 3236 2441; x_wconf 87' lang='lat' dir='ltr'><strong>intervallis</strong></span> <span class='ocrx_word' id='word_1_438' title='bbox 3268 2405 3574 2455; x_wconf 84' lang='lat' dir='ltr'><strong>recurrere,</strong></span> 
     </span>
    </p>
   </div>
   <div class='ocr_carea' id='block_1_57' title="bbox 2014 2479 3574 2550">
    <p class='ocr_par' dir='ltr' id='par_1_57' title="bbox 2014 2479 3574 2550">
     <span class='ocr_line' id='line_1_57' title="bbox 2014 2479 3574 2550; baseline 0.001 -16"><span class='ocrx_word' id='word_1_439' title='bbox 2014 2481 2154 2534; x_wconf 70' lang='lat' dir='ltr'><strong>luna:</strong></span> <span class='ocrx_word' id='word_1_440' title='bbox 2179 2482 2362 2533; x_wconf 87' lang='lat' dir='ltr'><strong>nescio</strong></span> <span class='ocrx_word' id='word_1_441' title='bbox 2399 2479 2575 2548; x_wconf 85' lang='lat' dir='ltr'><strong>qualis</strong></span> <span class='ocrx_word' id='word_1_442' title='bbox 2607 2495 2726 2533; x_wconf 87' lang='lat' dir='ltr'><strong>cum</strong></span> <span class='ocrx_word' id='word_1_443' title='bbox 2758 2480 2988 2547; x_wconf 86' lang='lat' dir='ltr'><strong>quodam</strong></span> <span class='ocrx_word' id='word_1_444' title='bbox 3020 2480 3138 2534; x_wconf 84' lang='lat' dir='ltr'><strong>sole</strong></span> <span class='ocrx_word' id='word_1_445' title='bbox 3169 2482 3574 2550; x_wconf 84' lang='lat' dir='ltr'><strong>cunjunclione.</strong></span> 
     </span>
    </p>
   </div>
   <div class='ocr_carea' id='block_1_58' title="bbox 2015 2571 3579 2640">
    <p class='ocr_par' dir='ltr' id='par_1_58' title="bbox 2015 2571 3579 2640">
     <span class='ocr_line' id='line_1_58' title="bbox 2015 2571 3579 2640; baseline 0.003 -17"><span class='ocrx_word' id='word_1_446' title='bbox 2015 2571 2072 2624; x_wconf 88' lang='lat' dir='ltr'><strong>Si</strong></span> <span class='ocrx_word' id='word_1_447' title='bbox 2111 2586 2240 2624; x_wconf 88' lang='lat' dir='ltr'><strong>vero</strong></span> <span class='ocrx_word' id='word_1_448' title='bbox 2290 2580 2347 2624; x_wconf 89' lang='lat' dir='ltr'><strong>et</strong></span> <span class='ocrx_word' id='word_1_449' title='bbox 2401 2571 2606 2637; x_wconf 87' lang='lat' dir='ltr'><strong>primus</strong></span> <span class='ocrx_word' id='word_1_450' title='bbox 2660 2571 2884 2633; x_wconf 87' lang='lat' dir='ltr'><strong>mensis,</strong></span> <span class='ocrx_word' id='word_1_451' title='bbox 2928 2581 2981 2624; x_wconf 91' lang='lat' dir='ltr'><strong>et</strong></span> <span class='ocrx_word' id='word_1_452' title='bbox 3028 2571 3238 2624; x_wconf 88' lang='lat' dir='ltr'><strong>decima</strong></span> <span class='ocrx_word' id='word_1_453' title='bbox 3288 2573 3406 2640; x_wconf 86' lang='lat' dir='ltr'><strong>ejus</strong></span> <span class='ocrx_word' id='word_1_454' title='bbox 3462 2572 3579 2627; x_wconf 87' lang='lat' dir='ltr'><strong>dies</strong></span> 
     </span>
    </p>
   </div>
   <div class='ocr_carea' id='block_1_59' title="bbox 2017 2661 3580 2733">
    <p class='ocr_par' dir='ltr' id='par_1_59' title="bbox 2017 2661 3580 2733">
     <span class='ocr_line' id='line_1_59' title="bbox 2017 2661 3580 2733; baseline 0 -17"><span class='ocrx_word' id='word_1_455' title='bbox 2017 2677 2190 2730; x_wconf 79' lang='lat' dir='ltr'><strong>usque</strong></span> <span class='ocrx_word' id='word_1_456' title='bbox 2215 2662 2282 2714; x_wconf 88' lang='lat' dir='ltr'><strong>ad</strong></span> <span class='ocrx_word' id='word_1_457' title='bbox 2320 2661 2584 2714; x_wconf 84' lang='lat' dir='ltr'><strong>decimam</strong></span> <span class='ocrx_word' id='word_1_458' title='bbox 2617 2673 2891 2727; x_wconf 85' lang='lat' dir='ltr'><strong>quartam,</strong></span> <span class='ocrx_word' id='word_1_459' title='bbox 2928 2670 2980 2714; x_wconf 88' lang='lat' dir='ltr'><strong>et</strong></span> <span class='ocrx_word' id='word_1_460' title='bbox 3017 2675 3330 2733; x_wconf 84' lang='lat' dir='ltr'><strong>azymorum</strong></span> <span class='ocrx_word' id='word_1_461' title='bbox 3385 2663 3580 2716; x_wconf 79' lang='lat' dir='ltr'><strong>festum</strong></span> 
     </span>
    </p>
   </div>
   <div class='ocr_carea' id='block_1_60' title="bbox 2017 2751 3581 2820">
    <p class='ocr_par' dir='ltr' id='par_1_60' title="bbox 2017 2751 3581 2820">
     <span class='ocr_line' id='line_1_60' title="bbox 2017 2751 3581 2820; baseline 0.001 -14"><span class='ocrx_word' id='word_1_462' title='bbox 2017 2768 2046 2806; x_wconf 88' lang='lat' dir='ltr'><strong>a</strong></span> <span class='ocrx_word' id='word_1_463' title='bbox 2088 2751 2298 2805; x_wconf 89' lang='lat' dir='ltr'><strong>decima</strong></span> <span class='ocrx_word' id='word_1_464' title='bbox 2345 2760 2540 2818; x_wconf 90' lang='lat' dir='ltr'><strong>quarta</strong></span> <span class='ocrx_word' id='word_1_465' title='bbox 2583 2752 2648 2804; x_wconf 86' lang='lat' dir='ltr'><strong>ad</strong></span> <span class='ocrx_word' id='word_1_466' title='bbox 2694 2751 3009 2818; x_wconf 76' lang='lat' dir='ltr'><strong>vigesimam</strong></span> <span class='ocrx_word' id='word_1_467' title='bbox 3043 2768 3294 2820; x_wconf 82' lang='lat' dir='ltr'><strong>p111na1n,</strong></span> <span class='ocrx_word' id='word_1_468' title='bbox 3333 2754 3581 2807; x_wconf 86' lang='lat' dir='ltr'><strong>umbram</strong></span> 
     </span>
    </p>
   </div>
   <div class='ocr_carea' id='block_1_61' title="bbox 2017 2843 3580 2914">
    <p class='ocr_par' dir='ltr' id='par_1_61' title="bbox 2017 2843 3580 2914">
     <span class='ocr_line' id='line_1_61' title="bbox 2017 2843 3580 2914; baseline 0.001 -15"><span class='ocrx_word' id='word_1_469' title='bbox 2017 2847 2259 2900; x_wconf 89' lang='lat' dir='ltr'><strong>continet</strong></span> <span class='ocrx_word' id='word_1_470' title='bbox 2298 2843 2638 2909; x_wconf 80' lang='lat' dir='ltr'><strong>futurorum;</strong></span> <span class='ocrx_word' id='word_1_471' title='bbox 2685 2845 2808 2911; x_wconf 90' lang='lat' dir='ltr'><strong>quis</strong></span> <span class='ocrx_word' id='word_1_472' title='bbox 2850 2845 2920 2898; x_wconf 86' lang='lat' dir='ltr'><strong>ita</strong></span> <span class='ocrx_word' id='word_1_473' title='bbox 2969 2846 3186 2914; x_wconf 87' lang='lat' dir='ltr'><strong>sapiens</strong></span> <span class='ocrx_word' id='word_1_474' title='bbox 3214 2855 3268 2899; x_wconf 90' lang='lat' dir='ltr'><strong>et</strong></span> <span class='ocrx_word' id='word_1_475' title='bbox 3302 2845 3410 2900; x_wconf 92' lang='lat' dir='ltr'><strong>Deo</strong></span> <span class='ocrx_word' id='word_1_476' title='bbox 3442 2848 3580 2900; x_wconf 87' lang='lat' dir='ltr'><strong>ami-</strong></span> 
     </span>
    </p>
   </div>
   <div class='ocr_carea' id='block_1_62' title="bbox 2017 2937 3584 3006">
    <p class='ocr_par' dir='ltr' id='par_1_62' title="bbox 2017 2937 3584 3006">
     <span class='ocr_line' id='line_1_62' title="bbox 2017 2937 3584 3006; baseline 0.001 -15"><span class='ocrx_word' id='word_1_477' title='bbox 2017 2951 2116 2992; x_wconf 91' lang='lat' dir='ltr'><strong>cus</strong></span> <span class='ocrx_word' id='word_1_478' title='bbox 2141 2947 2220 2991; x_wconf 89' lang='lat' dir='ltr'><strong>est</strong></span> <span class='ocrx_word' id='word_1_479' title='bbox 2259 2947 2318 2991; x_wconf 88' lang='lat' dir='ltr'><strong>ut</strong></span> <span class='ocrx_word' id='word_1_480' title='bbox 2344 2937 2698 3006; x_wconf 86' lang='lat' dir='ltr'><strong>plurimorum</strong></span> <span class='ocrx_word' id='word_1_481' title='bbox 2741 2937 3004 2990; x_wconf 87' lang='lat' dir='ltr'><strong>mensium</strong></span> <span class='ocrx_word' id='word_1_482' title='bbox 3037 2939 3266 3004; x_wconf 92' lang='lat' dir='ltr'><strong>primum</strong></span> <span class='ocrx_word' id='word_1_483' title='bbox 3302 2939 3499 3001; x_wconf 86' lang='lat' dir='ltr'><strong>videat,</strong></span> <span class='ocrx_word' id='word_1_484' title='bbox 3528 2949 3584 2992; x_wconf 87' lang='lat' dir='ltr'><strong>et</strong></span> 
     </span>
    </p>
   </div>
   <div class='ocr_carea' id='block_1_63' title="bbox 2015 3028 3582 3098">
    <p class='ocr_par' dir='ltr' id='par_1_63' title="bbox 2015 3028 3582 3098">
     <span class='ocr_line' id='line_1_63' title="bbox 2015 3028 3582 3098; baseline -0.001 -15"><span class='ocrx_word' id='word_1_485' title='bbox 2015 3030 2133 3098; x_wconf 88' lang='lat' dir='ltr'><strong>ejus</strong></span> <span class='ocrx_word' id='word_1_486' title='bbox 2157 3029 2418 3082; x_wconf 88' lang='lat' dir='ltr'><strong>decimam</strong></span> <span class='ocrx_word' id='word_1_487' title='bbox 2450 3029 2613 3090; x_wconf 86' lang='lat' dir='ltr'><strong>diem,</strong></span> <span class='ocrx_word' id='word_1_488' title='bbox 2643 3037 2696 3082; x_wconf 92' lang='lat' dir='ltr'><strong>et</strong></span> <span class='ocrx_word' id='word_1_489' title='bbox 2725 3044 2843 3095; x_wconf 78' lang='lat' dir='ltr'><strong>qua:</strong></span> <span class='ocrx_word' id='word_1_490' title='bbox 2871 3028 3212 3096; x_wconf 84' lang='lat' dir='ltr'><strong>sequuntur?</strong></span> <span class='ocrx_word' id='word_1_491' title='bbox 3264 3029 3402 3094; x_wconf 81' lang='lat' dir='ltr'><strong>Quid</strong></span> <span class='ocrx_word' id='word_1_492' title='bbox 3453 3044 3582 3082; x_wconf 89' lang='lat' dir='ltr'><strong>vero</strong></span> 
     </span>
    </p>
   </div>
   <div class='ocr_carea' id='block_1_64' title="bbox 342 3084 1910 3188">
    <p class='ocr_par' dir='ltr' id='par_1_64' title="bbox 342 3100 1910 3180">
     <span class='ocr_line' id='line_1_64' title="bbox 342 3100 1910 3180; baseline 0.005 -27"><span class='ocrx_word' id='word_1_493' title='bbox 342 3100 674 3173; x_wconf 78' lang='grc' dir='ltr'>θαυμαστὸν.</span> <span class='ocrx_word' id='word_1_494' title='bbox 725 3102 803 3173; x_wconf 84' lang='grc' dir='ltr'><strong>τῷ</strong></span> <span class='ocrx_word' id='word_1_495' title='bbox 845 3103 962 3174; x_wconf 84' lang='grc' dir='ltr'><strong>Θεῷ</strong></span> <span class='ocrx_word' id='word_1_496' title='bbox 985 3105 1095 3175; x_wconf 69' lang='grc'><strong>(41)</strong></span> <span class='ocrx_word' id='word_1_497' title='bbox 1133 3107 1225 3159; x_wconf 86' lang='grc' dir='ltr'><strong>τὸν</strong></span> <span class='ocrx_word' id='word_1_498' title='bbox 1261 3106 1378 3161; x_wconf 83' lang='grc' dir='ltr'>ὅλον</span> <span class='ocrx_word' id='word_1_499' title='bbox 1412 3109 1584 3161; x_wconf 80' lang='grc' dir='ltr'>αἰῶνα</span> <span class='ocrx_word' id='word_1_500' title='bbox 1633 3110 1729 3180; x_wconf 78' lang='grc' dir='ltr'>τῆς</span> <span class='ocrx_word' id='word_1_501' title='bbox 1782 3112 1910 3180; x_wconf 77' lang='grc' dir='ltr'>παρ’</span> 
     </span>
    </p>
   </div>
   <div class='ocr_carea' id='block_1_65' title="bbox 2018 3084 3585 3188">
    <p class='ocr_par' dir='ltr' id='par_1_65' title="bbox 2021 3121 3585 3188">
     <span class='ocr_line' id='line_1_65' title="bbox 2021 3121 3585 3188; baseline 0 -14"><span class='ocrx_word' id='word_1_502' title='bbox 2021 3136 2106 3174; x_wconf 87' lang='lat' dir='ltr'><strong>me</strong></span> <span class='ocrx_word' id='word_1_503' title='bbox 2129 3121 2309 3175; x_wconf 90' lang='lat' dir='ltr'><strong>dicere</strong></span> <span class='ocrx_word' id='word_1_504' title='bbox 2335 3134 2554 3175; x_wconf 86' lang='lat' dir='ltr'><strong>necesse</strong></span> <span class='ocrx_word' id='word_1_505' title='bbox 2586 3128 2668 3173; x_wconf 89' lang='lat' dir='ltr'><strong>est</strong></span> <span class='ocrx_word' id='word_1_506' title='bbox 2699 3121 2764 3173; x_wconf 90' lang='lat' dir='ltr'><strong>de</strong></span> <span class='ocrx_word' id='word_1_507' title='bbox 2791 3121 2927 3173; x_wconf 76' lang='lat' dir='ltr'><strong>festo</strong></span> <span class='ocrx_word' id='word_1_508' title='bbox 2960 3130 3165 3188; x_wconf 84' lang='lat' dir='ltr'><strong>septem</strong></span> <span class='ocrx_word' id='word_1_509' title='bbox 3217 3121 3585 3175; x_wconf 87' lang='lat' dir='ltr'><strong>hebdomada-</strong></span> 
     </span>
    </p>
   </div>
   <div class='ocr_carea' id='block_1_66' title="bbox 344 3195 1912 3269">
    <p class='ocr_par' dir='ltr' id='par_1_66' title="bbox 344 3195 1912 3269">
     <span class='ocr_line' id='line_1_66' title="bbox 344 3195 1912 3269; baseline 0.006 -24"><span class='ocrx_word' id='word_1_510' title='bbox 344 3195 477 3263; x_wconf 83' lang='grc' dir='ltr'>ἡμῖν</span> <span class='ocrx_word' id='word_1_511' title='bbox 527 3197 655 3264; x_wconf 85' lang='grc' dir='ltr'>μιᾶς</span> <span class='ocrx_word' id='word_1_512' title='bbox 699 3195 909 3267; x_wconf 80' lang='grc' dir='ltr'>ἡμέρας</span> <span class='ocrx_word' id='word_1_513' title='bbox 949 3197 1274 3268; x_wconf 85' lang='grc' dir='ltr'>διαστήματι</span> <span class='ocrx_word' id='word_1_514' title='bbox 1319 3200 1473 3268; x_wconf 87' lang='grc' dir='ltr'>λόγον</span> <span class='ocrx_word' id='word_1_515' title='bbox 1509 3201 1707 3267; x_wconf 81' lang='grc' dir='ltr'>λέγειν,</span> <span class='ocrx_word' id='word_1_516' title='bbox 1738 3201 1846 3269; x_wconf 78' lang='grc' dir='ltr'>ἐγὼ</span> <span class='ocrx_word' id='word_1_517' title='bbox 1868 3203 1912 3254; x_wconf 88' lang='grc' dir='ltr'>δ’</span> 
     </span>
    </p>
   </div>
   <div class='ocr_carea' id='block_1_67' title="bbox 346 3282 1912 3359">
    <p class='ocr_par' dir='ltr' id='par_1_67' title="bbox 346 3282 1912 3359">
     <span class='ocr_line' id='line_1_67' title="bbox 346 3282 1912 3359; baseline 0.005 -21"><span class='ocrx_word' id='word_1_518' title='bbox 346 3282 499 3356; x_wconf 80' lang='grc' dir='ltr'>οἶμαι</span> <span class='ocrx_word' id='word_1_519' title='bbox 538 3289 618 3340; x_wconf 87' lang='grc' dir='ltr'>ὃτι</span> <span class='ocrx_word' id='word_1_520' title='bbox 671 3291 764 3342; x_wconf 67' lang='grc' dir='ltr'>καὶ</span> <span class='ocrx_word' id='word_1_521' title='bbox 818 3290 1118 3354; x_wconf 79' lang='grc' dir='ltr'>ἐλάττονος.</span> <span class='ocrx_word' id='word_1_522' title='bbox 1188 3293 1298 3344; x_wconf 77' lang='grc' dir='ltr'>Καὶ</span> <span class='ocrx_word' id='word_1_523' title='bbox 1355 3293 1690 3359; x_wconf 77' lang='grc' dir='ltr'>ἐξεταστέον,</span> <span class='ocrx_word' id='word_1_524' title='bbox 1723 3297 1771 3347; x_wconf 81' lang='grc' dir='ltr'><strong>ει</strong></span> <span class='ocrx_word' id='word_1_525' title='bbox 1821 3295 1912 3348; x_wconf 77' lang='grc' dir='ltr'>ἐπὶ</span> 
     </span>
    </p>
   </div>
   <div class='ocr_carea' id='block_1_68' title="bbox 348 3383 1909 3458">
    <p class='ocr_par' dir='ltr' id='par_1_68' title="bbox 348 3383 1909 3458">
     <span class='ocr_line' id='line_1_68' title="bbox 348 3383 1909 3458; baseline 0.001 -21"><span class='ocrx_word' id='word_1_526' title='bbox 348 3383 551 3447; x_wconf 82' lang='grc' dir='ltr'>αἰῶνας</span> <span class='ocrx_word' id='word_1_527' title='bbox 583 3385 938 3456; x_wconf 80' lang='grc' dir='ltr'>ἀναφέρονται</span> <span class='ocrx_word' id='word_1_528' title='bbox 975 3388 1022 3438; x_wconf 76' lang='grc' dir='ltr'>οἱ</span> <span class='ocrx_word' id='word_1_529' title='bbox 1061 3386 1207 3455; x_wconf 84' lang='grc' dir='ltr'>λόγοι</span> <span class='ocrx_word' id='word_1_530' title='bbox 1236 3387 1344 3440; x_wconf 89' lang='grc' dir='ltr'><strong>τῶν</strong></span> <span class='ocrx_word' id='word_1_531' title='bbox 1374 3387 1516 3440; x_wconf 84' lang='grc' dir='ltr'>κατὰ</span> <span class='ocrx_word' id='word_1_532' title='bbox 1544 3388 1641 3450; x_wconf 78' lang='grc' dir='ltr'>τὰς</span> <span class='ocrx_word' id='word_1_533' title='bbox 1679 3388 1909 3458; x_wconf 79' lang='grc' dir='ltr'>ἡμέρας,</span> 
     </span>
    </p>
   </div>
   <div class='ocr_carea' id='block_1_69' title="bbox 346 3475 1912 3550">
    <p class='ocr_par' dir='ltr' id='par_1_69' title="bbox 346 3475 1912 3550">
     <span class='ocr_line' id='line_1_69' title="bbox 346 3475 1912 3550; baseline 0.004 -22"><span class='ocrx_word' id='word_1_534' title='bbox 346 3475 379 3546; x_wconf 83' lang='grc' dir='ltr'>ἣ</span> <span class='ocrx_word' id='word_1_535' title='bbox 421 3476 612 3546; x_wconf 79' lang='grc' dir='ltr'>μῆνας,</span> <span class='ocrx_word' id='word_1_536' title='bbox 648 3477 681 3546; x_wconf 83' lang='grc' dir='ltr'><strong>ἢ</strong></span> <span class='ocrx_word' id='word_1_537' title='bbox 725 3478 967 3550; x_wconf 78' lang='grc' dir='ltr'>καιροὺς,</span> <span class='ocrx_word' id='word_1_538' title='bbox 1007 3477 1038 3547; x_wconf 86' lang='grc' dir='ltr'>ἢ</span> <span class='ocrx_word' id='word_1_539' title='bbox 1081 3479 1359 3538; x_wconf 79' lang='grc' dir='ltr'>ἐνιαυτοὺς</span> <span class='ocrx_word' id='word_1_540' title='bbox 1413 3481 1912 3550; x_wconf 75' lang='grc' dir='ltr'>ἀναγεγραμμένων</span> 
     </span>
    </p>
   </div>
   <div class='ocr_carea' id='block_1_70' title="bbox 346 3567 1914 3640">
    <p class='ocr_par' dir='ltr' id='par_1_70' title="bbox 346 3567 1914 3640">
     <span class='ocr_line' id='line_1_70' title="bbox 346 3567 1914 3640; baseline 0.001 -20"><span class='ocrx_word' id='word_1_541' title='bbox 346 3567 550 3638; x_wconf 81' lang='grc' dir='ltr'>ἑορτῶν</span> <span class='ocrx_word' id='word_1_542' title='bbox 573 3568 605 3638; x_wconf 84' lang='grc' dir='ltr'>ἣ</span> <span class='ocrx_word' id='word_1_543' title='bbox 631 3567 988 3639; x_wconf 82' lang='grc' dir='ltr'>πανηγύρεων</span> <span class='ocrx_word' id='word_1_544' title='bbox 1005 3568 1142 3640; x_wconf 60' lang='lat' dir='ltr'><strong>(r2)-</strong></span> <span class='ocrx_word' id='word_1_545' title='bbox 1169 3571 1216 3621; x_wconf 82' lang='grc' dir='ltr'>εἰ</span> <span class='ocrx_word' id='word_1_546' title='bbox 1247 3569 1354 3639; x_wconf 79' lang='grc' dir='ltr'>γὰρ</span> <span class='ocrx_word' id='word_1_547' title='bbox 1376 3571 1532 3623; x_wconf 80' lang='grc' dir='ltr'>σκιὰν</span> <span class='ocrx_word' id='word_1_548' title='bbox 1554 3570 1663 3639; x_wconf 79' lang='grc' dir='ltr'>ἔχει</span> <span class='ocrx_word' id='word_1_549' title='bbox 1695 3573 1722 3622; x_wconf 87' lang='grc' dir='ltr'>ὀ</span> <span class='ocrx_word' id='word_1_550' title='bbox 1754 3570 1914 3640; x_wconf 85' lang='grc' dir='ltr'>νόμος</span> 
     </span>
    </p>
   </div>
   <div class='ocr_carea' id='block_1_71' title="bbox 344 3659 1914 3730">
    <p class='ocr_par' dir='ltr' id='par_1_71' title="bbox 344 3659 1914 3730">
     <span class='ocr_line' id='line_1_71' title="bbox 344 3659 1914 3730; baseline 0.003 -19"><span class='ocrx_word' id='word_1_551' title='bbox 344 3659 806 3729; x_wconf 86' lang='grc' dir='ltr'>τῶν-μελλόντων,</span> <span class='ocrx_word' id='word_1_552' title='bbox 834 3661 1046 3730; x_wconf 80' lang='grc' dir='ltr'>ἀνάγκη</span> <span class='ocrx_word' id='word_1_553' title='bbox 1095 3660 1162 3712; x_wconf 81' lang='grc' dir='ltr'>τὰ</span> <span class='ocrx_word' id='word_1_554' title='bbox 1207 3662 1377 3714; x_wconf 79' lang='grc' dir='ltr'>πολλὰ</span> <span class='ocrx_word' id='word_1_555' title='bbox 1422 3661 1665 3715; x_wconf 76' lang='grc' dir='ltr'>σάϐϐατα</span> <span class='ocrx_word' id='word_1_556' title='bbox 1705 3660 1914 3715; x_wconf 80' lang='grc' dir='ltr'>πολλῶν</span> 
     </span>
    </p>
   </div>
   <div class='ocr_carea' id='block_1_72' title="bbox 333 3750 1916 3825">
    <p class='ocr_par' dir='ltr' id='par_1_72' title="bbox 333 3750 1916 3825">
     <span class='ocr_line' id='line_1_72' title="bbox 333 3750 1916 3825; baseline 0.001 -22"><span class='ocrx_word' id='word_1_557' title='bbox 333 3760 507 3805; x_wconf 84' lang='grc' dir='ltr'>’τινων</span> <span class='ocrx_word' id='word_1_558' title='bbox 549 3752 767 3822; x_wconf 83' lang='grc' dir='ltr'>ἡμερῶν</span> <span class='ocrx_word' id='word_1_559' title='bbox 818 3750 956 3806; x_wconf 82' lang='grc' dir='ltr'>εἶναι</span> <span class='ocrx_word' id='word_1_560' title='bbox 993 3752 1168 3814; x_wconf 75' lang='grc' dir='ltr'>σκιὰς,</span> <span class='ocrx_word' id='word_1_561' title='bbox 1203 3753 1298 3805; x_wconf 76' lang='grc' dir='ltr'>καὶ</span> <span class='ocrx_word' id='word_1_562' title='bbox 1348 3753 1445 3816; x_wconf 75' lang='grc' dir='ltr'>τὰς</span> <span class='ocrx_word' id='word_1_563' title='bbox 1501 3756 1798 3825; x_wconf 73' lang='grc' dir='ltr'>νουμηνίας</span> <span class='ocrx_word' id='word_1_564' title='bbox 1831 3752 1916 3805; x_wconf 83' lang='grc' dir='ltr'>διὰ</span> 
     </span>
    </p>
   </div>
   <div class='ocr_carea' id='block_1_73' title="bbox 346 3842 1917 3914">
    <p class='ocr_par' dir='ltr' id='par_1_73' title="bbox 346 3842 1917 3914">
     <span class='ocr_line' id='line_1_73' title="bbox 346 3842 1917 3914; baseline 0.002 -18"><span class='ocrx_word' id='word_1_565' title='bbox 346 3844 614 3914; x_wconf 84' lang='grc' dir='ltr'>χρονικῶν</span> <span class='ocrx_word' id='word_1_566' title='bbox 667 3844 1048 3914; x_wconf 86' lang='grc' dir='ltr'>διαστημάτων</span> <span class='ocrx_word' id='word_1_567' title='bbox 1093 3842 1423 3906; x_wconf 79' lang='grc' dir='ltr'>ἐνίστασθαι,</span> <span class='ocrx_word' id='word_1_568' title='bbox 1486 3845 1585 3897; x_wconf 82' lang='grc' dir='ltr'><strong>οὐκ</strong></span> <span class='ocrx_word' id='word_1_569' title='bbox 1641 3843 1756 3899; x_wconf 79' lang='grc' dir='ltr'>οἶδα</span> <span class='ocrx_word' id='word_1_570' title='bbox 1813 3848 1917 3899; x_wconf 76' lang='grc' dir='ltr'><strong>ὑπὸ</strong></span> 
     </span>
    </p>
   </div>
   <div class='ocr_carea' id='block_1_74' title="bbox 346 3933 1917 4006">
    <p class='ocr_par' dir='ltr' id='par_1_74' title="bbox 346 3933 1917 4006">
     <span class='ocr_line' id='line_1_74' title="bbox 346 3933 1917 4006; baseline 0.002 -20"><span class='ocrx_word' id='word_1_571' title='bbox 346 3933 509 3996; x_wconf 85' lang='grc' dir='ltr'>ποίας</span> <span class='ocrx_word' id='word_1_572' title='bbox 551 3933 778 4004; x_wconf 77' lang='grc' dir='ltr'>σελήνης</span> <span class='ocrx_word' id='word_1_573' title='bbox 829 3933 1211 4002; x_wconf 78' lang='grc' dir='ltr'>συνοδευούσης</span> <span class='ocrx_word' id='word_1_574' title='bbox 1249 3935 1354 3986; x_wconf 77' lang='grc' dir='ltr'>τινὶ</span> <span class='ocrx_word' id='word_1_575' title='bbox 1401 3934 1533 4004; x_wconf 83' lang='grc' dir='ltr'>ἡλίῳ</span> <span class='ocrx_word' id='word_1_576' title='bbox 1569 3936 1917 4006; x_wconf 79' lang='grc' dir='ltr'>ἐπιτελουμέ-</span> 
     </span>
    </p>
   </div>
   <div class='ocr_carea' id='block_1_75' title="bbox 346 4022 1916 4095">
    <p class='ocr_par' dir='ltr' id='par_1_75' title="bbox 346 4022 1916 4095">
     <span class='ocr_line' id='line_1_75' title="bbox 346 4022 1916 4095; baseline 0.003 -22"><span class='ocrx_word' id='word_1_577' title='bbox 346 4039 443 4085; x_wconf 89' lang='grc' dir='ltr'><strong>νας</strong></span> <span class='ocrx_word' id='word_1_578' title='bbox 486 4022 618 4093; x_wconf 70' lang='grc'>(45).</span> <span class='ocrx_word' id='word_1_579' title='bbox 653 4023 714 4074; x_wconf 83' lang='grc' dir='ltr'><strong>Εἰ</strong></span> <span class='ocrx_word' id='word_1_580' title='bbox 753 4023 808 4074; x_wconf 81' lang='grc' dir='ltr'>δὲ</span> <span class='ocrx_word' id='word_1_581' title='bbox 848 4023 941 4075; x_wconf 76' lang='grc' dir='ltr'>καὶ</span> <span class='ocrx_word' id='word_1_582' title='bbox 975 4023 1189 4094; x_wconf 83' lang='grc' dir='ltr'>πρῶτος</span> <span class='ocrx_word' id='word_1_583' title='bbox 1224 4024 1353 4094; x_wconf 85' lang='grc' dir='ltr'>μὴν,</span> <span class='ocrx_word' id='word_1_584' title='bbox 1377 4024 1470 4076; x_wconf 74' lang='grc' dir='ltr'><strong>καὶ</strong></span> <span class='ocrx_word' id='word_1_585' title='bbox 1497 4024 1698 4094; x_wconf 82' lang='grc' dir='ltr'>δεκάτη</span> <span class='ocrx_word' id='word_1_586' title='bbox 1736 4025 1916 4095; x_wconf 78' lang='grc' dir='ltr'>ἡμέρα</span> 
     </span>
    </p>
   </div>
   <div class='ocr_carea' id='block_1_76' title="bbox 347 4112 1914 4183">
    <p class='ocr_par' dir='ltr' id='par_1_76' title="bbox 347 4112 1914 4183">
     <span class='ocr_line' id='line_1_76' title="bbox 347 4112 1914 4183; baseline 0.001 -19"><span class='ocrx_word' id='word_1_587' title='bbox 347 4113 453 4176; x_wconf 79' lang='grc' dir='ltr'>ἓως</span> <span class='ocrx_word' id='word_1_588' title='bbox 495 4112 1082 4183; x_wconf 80' lang='grc' dir='ltr'>τεσσαρεσκαιδεκάτης</span> <span class='ocrx_word' id='word_1_589' title='bbox 1107 4153 1121 4174; x_wconf 85' lang='grc'><em>,</em></span> <span class='ocrx_word' id='word_1_590' title='bbox 1166 4113 1259 4165; x_wconf 71' lang='grc' dir='ltr'><strong>καὶ</strong></span> <span class='ocrx_word' id='word_1_591' title='bbox 1309 4113 1414 4164; x_wconf 88' lang='grc' dir='ltr'><strong>τῶν</strong></span> <span class='ocrx_word' id='word_1_592' title='bbox 1461 4112 1706 4183; x_wconf 76' lang='grc' dir='ltr'>’Λζύμων</span> <span class='ocrx_word' id='word_1_593' title='bbox 1752 4115 1914 4183; x_wconf 78' lang='grc' dir='ltr'>ἑορτὴ</span> 
     </span>
    </p>
   </div>
   <div class='ocr_carea' id='block_1_77' title="bbox 347 4203 1919 4275">
    <p class='ocr_par' dir='ltr' id='par_1_77' title="bbox 347 4203 1919 4275">
     <span class='ocr_line' id='line_1_77' title="bbox 347 4203 1919 4275; baseline 0.001 -20"><span class='ocrx_word' id='word_1_594' title='bbox 347 4203 456 4256; x_wconf 82' lang='grc' dir='ltr'>ἀπὸ</span> <span class='ocrx_word' id='word_1_595' title='bbox 479 4205 1078 4275; x_wconf 81' lang='grc' dir='ltr'>τεσσαρεσκαιδεκάτης</span> <span class='ocrx_word' id='word_1_596' title='bbox 1106 4207 1210 4267; x_wconf 80' lang='grc' dir='ltr'>ἓως</span> <span class='ocrx_word' id='word_1_597' title='bbox 1239 4205 1368 4271; x_wconf 81' lang='grc' dir='ltr'>μιᾶς</span> <span class='ocrx_word' id='word_1_598' title='bbox 1394 4204 1487 4256; x_wconf 74' lang='grc' dir='ltr'><strong>καὶ</strong></span> <span class='ocrx_word' id='word_1_599' title='bbox 1509 4205 1738 4267; x_wconf 71' lang='grc' dir='ltr'>εἰκάδος,</span> <span class='ocrx_word' id='word_1_600' title='bbox 1763 4204 1919 4257; x_wconf 84' lang='grc' dir='ltr'>σκιὰν</span> 
     </span>
    </p>
   </div>
   <div class='ocr_carea' id='block_1_78' title="bbox 2019 3210 3584 3278">
    <p class='ocr_par' dir='ltr' id='par_1_78' title="bbox 2019 3210 3584 3278">
     <span class='ocr_line' id='line_1_78' title="bbox 2019 3210 3584 3278; baseline 0.001 -13"><span class='ocrx_word' id='word_1_601' title='bbox 2019 3226 2138 3265; x_wconf 88' lang='lat' dir='ltr'><strong>rum</strong></span> <span class='ocrx_word' id='word_1_602' title='bbox 2168 3212 2400 3275; x_wconf 86' lang='lat' dir='ltr'><strong>dierum,</strong></span> <span class='ocrx_word' id='word_1_603' title='bbox 2434 3221 2488 3265; x_wconf 91' lang='lat' dir='ltr'><strong>et</strong></span> <span class='ocrx_word' id='word_1_604' title='bbox 2543 3213 2609 3265; x_wconf 90' lang='lat' dir='ltr'><strong>de</strong></span> <span class='ocrx_word' id='word_1_605' title='bbox 2645 3223 2828 3264; x_wconf 86' lang='lat' dir='ltr'><strong>mense</strong></span> <span class='ocrx_word' id='word_1_606' title='bbox 2879 3211 3131 3278; x_wconf 88' lang='lat' dir='ltr'><strong>septimo,</strong></span> <span class='ocrx_word' id='word_1_607' title='bbox 3175 3210 3331 3278; x_wconf 91' lang='lat' dir='ltr'><strong>cujus</strong></span> <span class='ocrx_word' id='word_1_608' title='bbox 3378 3212 3584 3267; x_wconf 83' lang='lat' dir='ltr'><strong>novilu-</strong></span> 
     </span>
    </p>
   </div>
   <div class='ocr_carea' id='block_1_79' title="bbox 2018 3301 3584 3364">
    <p class='ocr_par' dir='ltr' id='par_1_79' title="bbox 2018 3301 3584 3364">
     <span class='ocr_line' id='line_1_79' title="bbox 2018 3301 3584 3364; baseline 0.002 -10"><span class='ocrx_word' id='word_1_609' title='bbox 2018 3302 2164 3354; x_wconf 88' lang='lat' dir='ltr'><strong>nium</strong></span> <span class='ocrx_word' id='word_1_610' title='bbox 2191 3301 2308 3355; x_wconf 89' lang='lat' dir='ltr'><strong>dies</strong></span> <span class='ocrx_word' id='word_1_611' title='bbox 2347 3309 2430 3354; x_wconf 90' lang='lat' dir='ltr'><strong>est</strong></span> <span class='ocrx_word' id='word_1_612' title='bbox 2465 3301 2751 3362; x_wconf 87' lang='lat' dir='ltr'><strong>tubarum;</strong></span> <span class='ocrx_word' id='word_1_613' title='bbox 2804 3301 2920 3354; x_wconf 92' lang='lat' dir='ltr'><strong>dies</strong></span> <span class='ocrx_word' id='word_1_614' title='bbox 2966 3308 3146 3355; x_wconf 88' lang='lat' dir='ltr'><strong>autem</strong></span> <span class='ocrx_word' id='word_1_615' title='bbox 3199 3303 3429 3364; x_wconf 87' lang='lat' dir='ltr'><strong>decima,</strong></span> <span class='ocrx_word' id='word_1_616' title='bbox 3467 3303 3584 3356; x_wconf 86' lang='lat' dir='ltr'><strong>dies</strong></span> 
     </span>
    </p>
   </div>
   <div class='ocr_carea' id='block_1_80' title="bbox 2018 3389 3583 3460">
    <p class='ocr_par' dir='ltr' id='par_1_80' title="bbox 2018 3389 3583 3460">
     <span class='ocr_line' id='line_1_80' title="bbox 2018 3389 3583 3460; baseline 0.001 -16"><span class='ocrx_word' id='word_1_617' title='bbox 2018 3400 2100 3444; x_wconf 87' lang='lat' dir='ltr'><strong>est</strong></span> <span class='ocrx_word' id='word_1_618' title='bbox 2128 3390 2533 3460; x_wconf 85' lang='lat' dir='ltr'><strong>propitiationis</strong></span> <span class='ocrx_word' id='word_1_619' title='bbox 2578 3407 2592 3443; x_wconf 73' lang='grc' dir='ltr'>ε</span> <span class='ocrx_word' id='word_1_620' title='bbox 2627 3405 2746 3458; x_wconf 65' lang='lat' dir='ltr'><strong>quae</strong></span> <span class='ocrx_word' id='word_1_621' title='bbox 2801 3389 2900 3443; x_wconf 91' lang='lat' dir='ltr'><strong>soli</strong></span> <span class='ocrx_word' id='word_1_622' title='bbox 2947 3399 3072 3442; x_wconf 92' lang='lat' dir='ltr'><strong>nota</strong></span> <span class='ocrx_word' id='word_1_623' title='bbox 3111 3399 3241 3443; x_wconf 91' lang='lat' dir='ltr'><strong>sunt</strong></span> <span class='ocrx_word' id='word_1_624' title='bbox 3285 3390 3360 3443; x_wconf 92' lang='lat' dir='ltr'><strong>illi</strong></span> <span class='ocrx_word' id='word_1_625' title='bbox 3395 3390 3486 3459; x_wconf 87' lang='lat' dir='ltr'><strong>qui</strong></span> <span class='ocrx_word' id='word_1_626' title='bbox 3517 3405 3583 3444; x_wconf 85' lang='lat' dir='ltr'><strong>ea</strong></span> 
     </span>
    </p>
   </div>
   <div class='ocr_carea' id='block_1_81' title="bbox 2019 3479 3584 3555">
    <p class='ocr_par' dir='ltr' id='par_1_81' title="bbox 2019 3479 3584 3555">
     <span class='ocr_line' id='line_1_81' title="bbox 2019 3479 3584 3555; baseline -0.002 -18"><span class='ocrx_word' id='word_1_627' title='bbox 2019 3483 2200 3537; x_wconf 82' lang='lat' dir='ltr'><strong>sanxit</strong></span> <span class='ocrx_word' id='word_1_628' title='bbox 2231 3480 2377 3535; x_wconf 86' lang='lat' dir='ltr'><strong>Deo?</strong></span> <span class='ocrx_word' id='word_1_629' title='bbox 2412 3481 2543 3547; x_wconf 83' lang='lat' dir='ltr'><strong>Quis</strong></span> <span class='ocrx_word' id='word_1_630' title='bbox 2597 3496 2663 3533; x_wconf 90' lang='lat' dir='ltr'><strong>eo</strong></span> <span class='ocrx_word' id='word_1_631' title='bbox 2707 3496 2879 3555; x_wconf 82' lang='lat' dir='ltr'><strong>usque</strong></span> <span class='ocrx_word' id='word_1_632' title='bbox 2929 3479 3020 3533; x_wconf 86' lang='lat' dir='ltr'><strong>Dei</strong></span> <span class='ocrx_word' id='word_1_633' title='bbox 3058 3491 3293 3533; x_wconf 87' lang='lat' dir='ltr'><strong>mentem</strong></span> <span class='ocrx_word' id='word_1_634' title='bbox 3325 3482 3492 3548; x_wconf 90' lang='lat' dir='ltr'><strong>cepit,</strong></span> <span class='ocrx_word' id='word_1_635' title='bbox 3524 3489 3584 3534; x_wconf 83' lang='lat' dir='ltr'><strong>ut</strong></span> 
     </span>
    </p>
   </div>
   <div class='ocr_carea' id='block_1_82' title="bbox 2017 3571 3586 3640">
    <p class='ocr_par' dir='ltr' id='par_1_82' title="bbox 2017 3571 3586 3640">
     <span class='ocr_line' id='line_1_82' title="bbox 2017 3571 3586 3640; baseline -0.001 -14"><span class='ocrx_word' id='word_1_636' title='bbox 2017 3583 2220 3640; x_wconf 86' lang='lat' dir='ltr'><strong>septem</strong></span> <span class='ocrx_word' id='word_1_637' title='bbox 2251 3587 2422 3626; x_wconf 91' lang='lat' dir='ltr'><strong>annos</strong></span> <span class='ocrx_word' id='word_1_638' title='bbox 2465 3572 2731 3625; x_wconf 85' lang='lat' dir='ltr'><strong>libertatis</strong></span> <span class='ocrx_word' id='word_1_639' title='bbox 2773 3571 3118 3624; x_wconf 57' lang='lat' dir='ltr'><strong>llebrworum</strong></span> <span class='ocrx_word' id='word_1_640' title='bbox 3150 3586 3456 3634; x_wconf 87' lang='lat' dir='ltr'><strong>servorum,</strong></span> <span class='ocrx_word' id='word_1_641' title='bbox 3506 3587 3586 3624; x_wconf 84' lang='lat' dir='ltr'><strong>re-</strong></span> 
     </span>
    </p>
   </div>
   <div class='ocr_carea' id='block_1_83' title="bbox 2023 3661 3585 3730">
    <p class='ocr_par' dir='ltr' id='par_1_83' title="bbox 2023 3661 3585 3730">
     <span class='ocr_line' id='line_1_83' title="bbox 2023 3661 3585 3730; baseline 0.001 -15"><span class='ocrx_word' id='word_1_642' title='bbox 2023 3661 2301 3716; x_wconf 83' lang='lat' dir='ltr'><strong>missionis</strong></span> <span class='ocrx_word' id='word_1_643' title='bbox 2333 3661 2457 3713; x_wconf 65' lang='lat' dir='ltr'><strong>wris</strong></span> <span class='ocrx_word' id='word_1_644' title='bbox 2487 3661 2671 3723; x_wconf 89' lang='lat' dir='ltr'><strong>alieni,</strong></span> <span class='ocrx_word' id='word_1_645' title='bbox 2702 3662 3112 3730; x_wconf 76' lang='lat' dir='ltr'><strong>vat-alienisque</strong></span> <span class='ocrx_word' id='word_1_646' title='bbox 3139 3679 3168 3714; x_wconf 90' lang='lat' dir='ltr'><strong>a</strong></span> <span class='ocrx_word' id='word_1_647' title='bbox 3202 3672 3359 3716; x_wconf 79' lang='lat' dir='ltr'><strong>terra:</strong></span> <span class='ocrx_word' id='word_1_648' title='bbox 3385 3673 3585 3716; x_wconf 74' lang='lat' dir='ltr'><strong>sancta:</strong></span> 
     </span>
    </p>
   </div>
   <div class='ocr_carea' id='block_1_84' title="bbox 2019 3751 3587 3821">
    <p class='ocr_par' dir='ltr' id='par_1_84' title="bbox 2019 3751 3587 3821">
     <span class='ocr_line' id='line_1_84' title="bbox 2019 3751 3587 3821; baseline -0.001 -15"><span class='ocrx_word' id='word_1_649' title='bbox 2019 3752 2230 3806; x_wconf 88' lang='lat' dir='ltr'><strong>cultura</strong></span> <span class='ocrx_word' id='word_1_650' title='bbox 2282 3751 2582 3818; x_wconf 86' lang='lat' dir='ltr'><strong>percipiat?</strong></span> <span class='ocrx_word' id='word_1_651' title='bbox 2619 3751 2713 3804; x_wconf 84' lang='lat' dir='ltr'><strong>Est</strong></span> <span class='ocrx_word' id='word_1_652' title='bbox 2755 3752 2917 3804; x_wconf 77' lang='lat' dir='ltr'><strong>etiam</strong></span> <span class='ocrx_word' id='word_1_653' title='bbox 2972 3767 3134 3820; x_wconf 89' lang='lat' dir='ltr'><strong>supra</strong></span> <span class='ocrx_word' id='word_1_654' title='bbox 3170 3761 3373 3821; x_wconf 86' lang='lat' dir='ltr'><strong>septem</strong></span> <span class='ocrx_word' id='word_1_655' title='bbox 3413 3769 3587 3806; x_wconf 88' lang='lat' dir='ltr'><strong>anno-</strong></span> 
     </span>
    </p>
   </div>
   <div class='ocr_carea' id='block_1_85' title="bbox 2022 3841 3580 3913">
    <p class='ocr_par' dir='ltr' id='par_1_85' title="bbox 2022 3841 3580 3913">
     <span class='ocr_line' id='line_1_85' title="bbox 2022 3841 3580 3913; baseline 0.003 -19"><span class='ocrx_word' id='word_1_656' title='bbox 2022 3857 2141 3894; x_wconf 90' lang='lat' dir='ltr'><strong>rum</strong></span> <span class='ocrx_word' id='word_1_657' title='bbox 2167 3841 2385 3906; x_wconf 78' lang='lat' dir='ltr'><strong>festum,</strong></span> <span class='ocrx_word' id='word_1_658' title='bbox 2423 3841 2468 3894; x_wconf 88' lang='lat' dir='ltr'><strong>is</strong></span> <span class='ocrx_word' id='word_1_659' title='bbox 2499 3842 2588 3908; x_wconf 89' lang='lat' dir='ltr'><strong>qui</strong></span> <span class='ocrx_word' id='word_1_660' title='bbox 2619 3842 2817 3895; x_wconf 85' lang='lat' dir='ltr'><strong>dicitur</strong></span> <span class='ocrx_word' id='word_1_661' title='bbox 2843 3841 3120 3911; x_wconf 86' lang='lat' dir='ltr'><strong>jnbilcus;</strong></span> <span class='ocrx_word' id='word_1_662' title='bbox 3159 3845 3222 3898; x_wconf 88' lang='lat' dir='ltr'><strong>de</strong></span> <span class='ocrx_word' id='word_1_663' title='bbox 3265 3860 3370 3913; x_wconf 90' lang='lat' dir='ltr'><strong>quo</strong></span> <span class='ocrx_word' id='word_1_664' title='bbox 3413 3845 3580 3900; x_wconf 89' lang='lat' dir='ltr'><strong>etiam</strong></span> 
     </span>
    </p>
   </div>
   <div class='ocr_carea' id='block_1_86' title="bbox 2025 3933 3582 4004">
    <p class='ocr_par' dir='ltr' id='par_1_86' title="bbox 2025 3933 3582 4004">
     <span class='ocr_line' id='line_1_86' title="bbox 2025 3933 3582 4004; baseline 0.003 -16"><span class='ocrx_word' id='word_1_665' title='bbox 2025 3944 2301 4002; x_wconf 86' lang='lat' dir='ltr'><strong>utcunque</strong></span> <span class='ocrx_word' id='word_1_666' title='bbox 2342 3933 2579 4002; x_wconf 90' lang='lat' dir='ltr'><strong>speciem</strong></span> <span class='ocrx_word' id='word_1_667' title='bbox 2627 3933 2728 3987; x_wconf 86' lang='lat' dir='ltr'><strong>sibi</strong></span> <span class='ocrx_word' id='word_1_668' title='bbox 2761 3933 3015 4003; x_wconf 79' lang='lat' dir='ltr'><strong>elIingere</strong></span> <span class='ocrx_word' id='word_1_669' title='bbox 3063 3939 3426 4004; x_wconf 86' lang='lat' dir='ltr'><strong>perspicuam,</strong></span> <span class='ocrx_word' id='word_1_670' title='bbox 3486 3950 3582 3993; x_wconf 89' lang='lat' dir='ltr'><strong>aut</strong></span> 
     </span>
    </p>
   </div>
   <div class='ocr_carea' id='block_1_87' title="bbox 2019 4023 3583 4098">
    <p class='ocr_par' dir='ltr' id='par_1_87' title="bbox 2019 4023 3583 4098">
     <span class='ocr_line' id='line_1_87' title="bbox 2019 4023 3583 4098; baseline 0.002 -19"><span class='ocrx_word' id='word_1_671' title='bbox 2019 4023 2146 4094; x_wconf 69' lang='lat' dir='ltr'><strong>ejus</strong></span> <span class='ocrx_word' id='word_1_672' title='bbox 2181 4025 2324 4093; x_wconf 83' lang='lat' dir='ltr'><strong>leges</strong></span> <span class='ocrx_word' id='word_1_673' title='bbox 2354 4025 2622 4092; x_wconf 88' lang='lat' dir='ltr'><strong>quomodo</strong></span> <span class='ocrx_word' id='word_1_674' title='bbox 2647 4040 2773 4078; x_wconf 83' lang='lat' dir='ltr'><strong>vere</strong></span> <span class='ocrx_word' id='word_1_675' title='bbox 2804 4025 3084 4094; x_wconf 70' lang='lat' dir='ltr'><strong>implenda:</strong></span> <span class='ocrx_word' id='word_1_676' title='bbox 3115 4028 3222 4080; x_wconf 85' lang='lat' dir='ltr'><strong>sint</strong></span> <span class='ocrx_word' id='word_1_677' title='bbox 3263 4028 3583 4098; x_wconf 80' lang='lat' dir='ltr'><strong>intelligere,</strong></span> 
     </span>
    </p>
   </div>
   <div class='ocr_carea' id='block_1_88' title="bbox 2023 4114 3586 4184">
    <p class='ocr_par' dir='ltr' id='par_1_88' title="bbox 2023 4114 3586 4184">
     <span class='ocr_line' id='line_1_88' title="bbox 2023 4114 3586 4184; baseline 0.004 -17"><span class='ocrx_word' id='word_1_678' title='bbox 2023 4114 2222 4168; x_wconf 90' lang='lat' dir='ltr'><strong>nullius</strong></span> <span class='ocrx_word' id='word_1_679' title='bbox 2252 4123 2334 4168; x_wconf 86' lang='lat' dir='ltr'><strong>est</strong></span> <span class='ocrx_word' id='word_1_680' title='bbox 2388 4126 2587 4183; x_wconf 80' lang='lat' dir='ltr'><strong>praeter</strong></span> <span class='ocrx_word' id='word_1_681' title='bbox 2614 4132 2734 4169; x_wconf 86' lang='lat' dir='ltr'><strong>cum</strong></span> <span class='ocrx_word' id='word_1_682' title='bbox 2783 4117 2874 4184; x_wconf 87' lang='lat' dir='ltr'><strong>qtti</strong></span> <span class='ocrx_word' id='word_1_683' title='bbox 2915 4115 3096 4170; x_wconf 81' lang='lat' dir='ltr'><strong>Patris</strong></span> <span class='ocrx_word' id='word_1_684' title='bbox 3135 4119 3468 4172; x_wconf 88' lang='lat' dir='ltr'><strong>voluntatem</strong></span> <span class='ocrx_word' id='word_1_685' title='bbox 3519 4120 3586 4173; x_wconf 80' lang='lat' dir='ltr'><strong>de</strong></span> 
     </span>
    </p>
   </div>
   <div class='ocr_carea' id='block_1_89' title="bbox 2023 4202 3585 4274">
    <p class='ocr_par' dir='ltr' id='par_1_89' title="bbox 2023 4202 3585 4274">
     <span class='ocr_line' id='line_1_89' title="bbox 2023 4202 3585 4274; baseline 0.003 -17"><span class='ocrx_word' id='word_1_686' title='bbox 2023 4205 2263 4257; x_wconf 90' lang='lat' dir='ltr'><strong>omnium</strong></span> <span class='ocrx_word' id='word_1_687' title='bbox 2301 4202 2662 4274; x_wconf 85' lang='lat' dir='ltr'><strong>dispositione</strong></span> <span class='ocrx_word' id='word_1_688' title='bbox 2702 4207 3025 4260; x_wconf 73' lang='lat' dir='ltr'><strong>szeeulorum</strong></span> <span class='ocrx_word' id='word_1_689' title='bbox 3057 4207 3210 4274; x_wconf 81' lang='lat' dir='ltr'><strong>juxta</strong></span> <span class='ocrx_word' id='word_1_690' title='bbox 3255 4207 3585 4262; x_wconf 87' lang='lat' dir='ltr'><strong>inscrutabi-</strong></span> 
     </span>
    </p>
   </div>
   <div class='ocr_carea' id='block_1_90' title="bbox 351 4282 1910 4368">
    <p class='ocr_par' dir='ltr' id='par_1_90' title="bbox 351 4293 1910 4368">
     <span class='ocr_line' id='line_1_90' title="bbox 351 4293 1910 4368; baseline -0.003 -18"><span class='ocrx_word' id='word_1_691' title='bbox 351 4296 597 4368; x_wconf 80' lang='grc' dir='ltr'>περιέχει</span> <span class='ocrx_word' id='word_1_692' title='bbox 633 4297 955 4368; x_wconf 85' lang='grc' dir='ltr'>μελλόντων,</span> <span class='ocrx_word' id='word_1_693' title='bbox 1004 4297 1086 4360; x_wconf 88' lang='grc' dir='ltr'>τίς</span> <span class='ocrx_word' id='word_1_694' title='bbox 1131 4295 1292 4364; x_wconf 66' lang='grc' dir='ltr'>σοφὸς</span> <span class='ocrx_word' id='word_1_695' title='bbox 1321 4295 1431 4367; x_wconf 68' lang='grc'><strong>(44)</strong></span> <span class='ocrx_word' id='word_1_696' title='bbox 1478 4295 1574 4348; x_wconf 80' lang='grc' dir='ltr'><strong>καὶ</strong></span> <span class='ocrx_word' id='word_1_697' title='bbox 1628 4295 1718 4348; x_wconf 79' lang='grc' dir='ltr'><strong>ἐπὶ</strong></span> <span class='ocrx_word' id='word_1_698' title='bbox 1740 4293 1910 4347; x_wconf 83' lang='grc' dir='ltr'>τοσοῦ-</span> 
     </span>
    </p>
   </div>
   <div class='ocr_carea' id='block_1_91' title="bbox 2018 4282 3583 4368">
    <p class='ocr_par' dir='ltr' id='par_1_91' title="bbox 2023 4293 3583 4364">
     <span class='ocr_line' id='line_1_91' title="bbox 2023 4293 3583 4364; baseline 0.004 -18"><span class='ocrx_word' id='word_1_699' title='bbox 2023 4295 2092 4347; x_wconf 87' lang='lat' dir='ltr'><strong>lia</strong></span> <span class='ocrx_word' id='word_1_700' title='bbox 2116 4296 2229 4358; x_wconf 88' lang='lat' dir='ltr'><strong>ejus</strong></span> <span class='ocrx_word' id='word_1_701' title='bbox 2254 4293 2460 4362; x_wconf 83' lang='lat' dir='ltr'><strong>judicia</strong></span> <span class='ocrx_word' id='word_1_702' title='bbox 2511 4304 2565 4349; x_wconf 90' lang='lat' dir='ltr'><strong>et</strong></span> <span class='ocrx_word' id='word_1_703' title='bbox 2615 4296 3017 4362; x_wconf 76' lang='lat' dir='ltr'><strong>investigabilcs</strong></span> <span class='ocrx_word' id='word_1_704' title='bbox 3047 4296 3162 4349; x_wconf 85' lang='lat' dir='ltr'><strong>vias</strong></span> <span class='ocrx_word' id='word_1_705' title='bbox 3187 4296 3583 4364; x_wconf 86' lang='lat' dir='ltr'><strong>contemplatus</strong></span> 
     </span>
    </p>
   </div>
   <div class='ocr_carea' id='block_1_92' title="bbox 418 4433 1910 4504">
    <p class='ocr_par' dir='ltr' id='par_1_92' title="bbox 418 4433 1910 4504">
     <span class='ocr_line' id='line_1_92' title="bbox 418 4433 1910 4504; baseline -0.003 -14"><span class='ocrx_word' id='word_1_706' title='bbox 418 4438 461 4468; x_wconf 83' lang='lat'><strong>&quot;</strong></span> <span class='ocrx_word' id='word_1_707' title='bbox 495 4435 630 4490; x_wconf 87' lang='lat' dir='ltr'><strong>Gen.</strong></span> <span class='ocrx_word' id='word_1_708' title='bbox 654 4453 766 4504; x_wconf 83' lang='lat' dir='ltr'><strong>x1x,</strong></span> <span class='ocrx_word' id='word_1_709' title='bbox 798 4437 889 4504; x_wconf 82' lang='lat'><strong>&#39;57,</strong></span> <span class='ocrx_word' id='word_1_710' title='bbox 917 4439 1007 4494; x_wconf 83' lang='lat'><strong>&#39;58.</strong></span> <span class='ocrx_word' id='word_1_711' title='bbox 1081 4438 1126 4469; x_wconf 79' lang='lat'><strong>&quot;</strong></span> <span class='ocrx_word' id='word_1_712' title='bbox 1151 4436 1337 4490; x_wconf 81' lang='lat' dir='ltr'><strong>Matth.</strong></span> <span class='ocrx_word' id='word_1_713' title='bbox 1371 4451 1563 4503; x_wconf 79' lang='lat' dir='ltr'><strong>xxvm,</strong></span> <span class='ocrx_word' id='word_1_714' title='bbox 1602 4433 1688 4488; x_wconf 77' lang='grc'><strong>15.</strong></span> <span class='ocrx_word' id='word_1_715' title='bbox 1764 4434 1809 4465; x_wconf 77' lang='grc'><strong>⁸³</strong></span> <span class='ocrx_word' id='word_1_716' title='bbox 1835 4433 1910 4488; x_wconf 70' lang='lat' dir='ltr'><strong>Ps;</strong></span> 
     </span>
    </p>
   </div>
   <div class='ocr_carea' id='block_1_93' title="bbox 2018 4433 3580 4504">
    <p class='ocr_par' dir='ltr' id='par_1_93' title="bbox 2018 4433 3580 4500">
     <span class='ocr_line' id='line_1_93' title="bbox 2018 4433 3580 4500; baseline 0.001 -11"><span class='ocrx_word' id='word_1_717' title='bbox 2018 4449 2154 4500; x_wconf 61' lang='grc' dir='ltr'>κων,</span> <span class='ocrx_word' id='word_1_718' title='bbox 2182 4435 2238 4489; x_wconf 89' lang='grc'><strong>8.</strong></span> <span class='ocrx_word' id='word_1_719' title='bbox 2315 4435 2361 4466; x_wconf 67' lang='grc'><strong>⁸⁵</strong></span> <span class='ocrx_word' id='word_1_720' title='bbox 2378 4435 2490 4490; x_wconf 88' lang='lat' dir='ltr'><strong>Jos.</strong></span> <span class='ocrx_word' id='word_1_721' title='bbox 2523 4449 2661 4490; x_wconf 85' lang='lat' dir='ltr'><strong>xxn.</strong></span> <span class='ocrx_word' id='word_1_722' title='bbox 2737 4435 2782 4467; x_wconf 80' lang='lat'><strong>“</strong></span> <span class='ocrx_word' id='word_1_723' title='bbox 2800 4433 2948 4489; x_wconf 88' lang='lat' dir='ltr'><strong>Psal.</strong></span> <span class='ocrx_word' id='word_1_724' title='bbox 2978 4450 3194 4499; x_wconf 76' lang='lat' dir='ltr'><strong>uxxlx,</strong></span> <span class='ocrx_word' id='word_1_725' title='bbox 3223 4435 3279 4491; x_wconf 71' lang='grc'><strong>4.</strong></span> <span class='ocrx_word' id='word_1_726' title='bbox 3357 4437 3580 4493; x_wconf 79' lang='lat' dir='ltr'><strong>“llehr.</strong></span> 
     </span>
    </p>
   </div>
   <div class='ocr_carea' id='block_1_94' title="bbox 352 4505 579 4571">
    <p class='ocr_par' dir='ltr' id='par_1_94' title="bbox 352 4505 579 4571">
     <span class='ocr_line' id='line_1_94' title="bbox 352 4505 579 4571; baseline -0.009 -10"><span class='ocrx_word' id='word_1_727' title='bbox 352 4522 490 4571; x_wconf 87' lang='lat' dir='ltr'><strong>x111,</strong></span> <span class='ocrx_word' id='word_1_728' title='bbox 523 4505 579 4560; x_wconf 91' lang='lat'><strong>8.</strong></span> 
     </span>
    </p>
   </div>
   <div class='ocr_carea' id='block_1_95' title="bbox 422 4651 1913 4725">
    <p class='ocr_par' dir='ltr' id='par_1_95' title="bbox 422 4651 1913 4725">
     <span class='ocr_line' id='line_1_95' title="bbox 422 4651 1913 4725; baseline 0.001 -19"><span class='ocrx_word' id='word_1_729' title='bbox 422 4651 536 4725; x_wconf 86' lang='lat'><strong>(&#39;57)</strong></span> <span class='ocrx_word' id='word_1_730' title='bbox 572 4651 1150 4725; x_wconf 74' lang='grc' dir='ltr'>Καὶέσχηματίσθαι.</span> <span class='ocrx_word' id='word_1_731' title='bbox 1183 4651 1327 4722; x_wconf 78' lang='lat' dir='ltr'><strong>Lego</strong></span> <span class='ocrx_word' id='word_1_732' title='bbox 1355 4668 1474 4706; x_wconf 87' lang='lat' dir='ltr'><strong>cum</strong></span> <span class='ocrx_word' id='word_1_733' title='bbox 1498 4653 1760 4720; x_wconf 85' lang='lat' dir='ltr'><strong>Bentleio,</strong></span> <span class='ocrx_word' id='word_1_734' title='bbox 1783 4671 1913 4708; x_wconf 85' lang='grc' dir='ltr'>κατ-</span> 
     </span>
    </p>
   </div>
   <div class='ocr_carea' id='block_1_96' title="bbox 358 4723 780 4794">
    <p class='ocr_par' dir='ltr' id='par_1_96' title="bbox 358 4723 780 4794">
     <span class='ocr_line' id='line_1_96' title="bbox 358 4723 780 4794; baseline -0.002 -17"><span class='ocrx_word' id='word_1_735' title='bbox 358 4723 487 4794; x_wconf 70' lang='grc' dir='ltr'>εσχη</span> <span class='ocrx_word' id='word_1_736' title='bbox 498 4723 780 4792; x_wconf 81' lang='grc' dir='ltr'>ματίσϐαι.</span> 
     </span>
    </p>
   </div>
   <div class='ocr_carea' id='block_1_97' title="bbox 369 4790 1916 4864">
    <p class='ocr_par' dir='ltr' id='par_1_97' title="bbox 369 4790 1916 4864">
     <span class='ocr_line' id='line_1_97' title="bbox 369 4790 1916 4864; baseline -0.001 -18"><span class='ocrx_word' id='word_1_737' title='bbox 369 4824 388 4828; x_wconf 81' lang='lat'>—</span> <span class='ocrx_word' id='word_1_738' title='bbox 422 4790 748 4864; x_wconf 17' lang='lat' dir='ltr'><strong>(58)7Codex</strong></span> <span class='ocrx_word' id='word_1_739' title='bbox 787 4808 921 4864; x_wconf 77' lang='lat'><strong>1115.,</strong></span> <span class='ocrx_word' id='word_1_740' title='bbox 952 4791 1012 4844; x_wconf 91' lang='grc' dir='ltr'><strong>τὸ</strong></span> <span class='ocrx_word' id='word_1_741' title='bbox 1059 4791 1186 4862; x_wconf 74' lang='grc' dir='ltr'>περὶ</span> <span class='ocrx_word' id='word_1_742' title='bbox 1232 4790 1349 4861; x_wconf 81' lang='grc' dir='ltr'>τῆς.</span> <span class='ocrx_word' id='word_1_743' title='bbox 1386 4792 1570 4864; x_wconf 84' lang='lat' dir='ltr'><strong>_Editio</strong></span> <span class='ocrx_word' id='word_1_744' title='bbox 1607 4791 1808 4864; x_wconf 68' lang='lat' dir='ltr'><strong>Oxum,</strong></span> <span class='ocrx_word' id='word_1_745' title='bbox 1839 4793 1916 4864; x_wconf 86' lang='grc' dir='ltr'>τῷ</span> 
     </span>
    </p>
   </div>
   <div class='ocr_carea' id='block_1_98' title="bbox 358 4861 1912 4985">
    <p class='ocr_par' dir='ltr' id='par_1_98' title="bbox 358 4861 1912 4985">
     <span class='ocr_line' id='line_1_98' title="bbox 358 4861 1912 4942; baseline 0.002 -28"><span class='ocrx_word' id='word_1_746' title='bbox 358 4861 484 4942; x_wconf 58' lang='grc' dir='ltr'><strong>περ)⁸</strong></span> <span class='ocrx_word' id='word_1_747' title='bbox 512 4863 630 4933; x_wconf 77' lang='grc' dir='ltr'>τῆς.</span> <span class='ocrx_word' id='word_1_748' title='bbox 669 4861 834 4915; x_wconf 81' lang='lat' dir='ltr'><strong>Paulo</strong></span> <span class='ocrx_word' id='word_1_749' title='bbox 865 4872 983 4929; x_wconf 86' lang='lat' dir='ltr'><strong>post</strong></span> <span class='ocrx_word' id='word_1_750' title='bbox 1011 4861 1180 4915; x_wconf 82' lang='lat' dir='ltr'><strong>codex</strong></span> <span class='ocrx_word' id='word_1_751' title='bbox 1213 4878 1340 4924; x_wconf 66' lang='lat'><strong>1115.,</strong></span> <span class='ocrx_word' id='word_1_752' title='bbox 1370 4861 1402 4931; x_wconf 87' lang='grc' dir='ltr'>ἢ</span> <span class='ocrx_word' id='word_1_753' title='bbox 1446 4862 1507 4913; x_wconf 81' lang='grc' dir='ltr'><strong>τὸ</strong></span> <span class='ocrx_word' id='word_1_754' title='bbox 1536 4862 1655 4914; x_wconf 81' lang='grc' dir='ltr'>καθ’</span> <span class='ocrx_word' id='word_1_755' title='bbox 1683 4861 1912 4934; x_wconf 81' lang='grc' dir='ltr'>ἡμέραν.</span> 
     </span>
     <span class='ocr_line' id='line_1_99' title="bbox 359 4929 1086 4985; baseline -0.001 -2"><span class='ocrx_word' id='word_1_756' title='bbox 359 4929 498 4984; x_wconf 80' lang='grc' dir='ltr'>Ειιιι.</span> <span class='ocrx_word' id='word_1_757' title='bbox 526 4934 727 4985; x_wconf 75' lang='lat' dir='ltr'><strong>Oxum.</strong></span> <span class='ocrx_word' id='word_1_758' title='bbox 751 4932 843 4984; x_wconf 72' lang='grc' dir='ltr'><strong>καὶ</strong></span> <span class='ocrx_word' id='word_1_759' title='bbox 873 4932 952 4985; x_wconf 82' lang='grc' dir='ltr'>τό.</span> <span class='ocrx_word' id='word_1_760' title='bbox 979 4942 1086 4984; x_wconf 84' lang='lat' dir='ltr'><strong>etc.</strong></span> 
     </span>
    </p>
   </div>
   <div class='ocr_carea' id='block_1_99' title="bbox 407 4945 1086 4992">
    <p class='ocr_par' dir='ltr' id='par_1_99' title="bbox 407 4945 1086 4992">
     <span class='ocr_line' id='line_1_100' title="bbox 407 4945 1086 4992; baseline 0 -10"><span class='ocrx_word' id='word_1_761' title='bbox 407 4945 498 4984; x_wconf 80' lang='grc' dir='ltr'>ιιιι.</span> <span class='ocrx_word' id='word_1_762' title='bbox 526 4945 727 4992; x_wconf 75' lang='grc' dir='ltr'>υκυη..</span> <span class='ocrx_word' id='word_1_763' title='bbox 751 4949 843 4984; x_wconf 88' lang='grc' dir='ltr'><strong>και</strong></span> <span class='ocrx_word' id='word_1_764' title='bbox 873 4945 952 4992; x_wconf 88' lang='grc' dir='ltr'>το,</span> <span class='ocrx_word' id='word_1_765' title='bbox 979 4945 1086 4984; x_wconf 84' lang='lat' dir='ltr'><strong>etc.</strong></span> 
     </span>
    </p>
   </div>
   <div class='ocr_carea' id='block_1_100' title="bbox 429 4999 1912 5070">
    <p class='ocr_par' dir='ltr' id='par_1_100' title="bbox 429 4999 1912 5070">
     <span class='ocr_line' id='line_1_101' title="bbox 429 4999 1912 5070; baseline 0.001 -16"><span class='ocrx_word' id='word_1_766' title='bbox 429 5000 547 5070; x_wconf 16' lang='lat'><strong>(59),</strong></span> <span class='ocrx_word' id='word_1_767' title='bbox 570 5001 749 5054; x_wconf 70' lang='lat' dir='ltr'><strong>Codex</strong></span> <span class='ocrx_word' id='word_1_768' title='bbox 785 5018 926 5070; x_wconf 67' lang='lat'><strong>1115.,</strong></span> <span class='ocrx_word' id='word_1_769' title='bbox 954 5003 982 5053; x_wconf 92' lang='lat'><strong>6</strong></span> <span class='ocrx_word' id='word_1_770' title='bbox 1011 5000 1137 5070; x_wconf 79' lang='grc' dir='ltr'>χθὲς</span> <span class='ocrx_word' id='word_1_771' title='bbox 1168 5001 1196 5051; x_wconf 89' lang='lat'><strong>6</strong></span> <span class='ocrx_word' id='word_1_772' title='bbox 1226 4999 1609 5069; x_wconf 85' lang='grc' dir='ltr'>παρεληλυθώς</span> <span class='ocrx_word' id='word_1_773' title='bbox 1636 5003 1803 5054; x_wconf 78' lang='grc' dir='ltr'>ἐστιν.</span> <span class='ocrx_word' id='word_1_774' title='bbox 1841 5002 1912 5056; x_wconf 89' lang='grc' dir='ltr'><strong>Ε-</strong></span> 
     </span>
    </p>
   </div>
   <div class='ocr_carea' id='block_1_101' title="bbox 317 5068 1908 5140">
    <p class='ocr_par' dir='ltr' id='par_1_101' title="bbox 317 5068 1908 5140">
     <span class='ocr_line' id='line_1_102' title="bbox 317 5068 1908 5140; baseline 0.001 -18"><span class='ocrx_word' id='word_1_775' title='bbox 317 5131 321 5133; x_wconf 11' lang='grc' dir='ltr'><strong>ς</strong></span> <span class='ocrx_word' id='word_1_776' title='bbox 355 5068 494 5140; x_wconf 78' lang='lat' dir='ltr'><strong>ditio</strong></span> <span class='ocrx_word' id='word_1_777' title='bbox 520 5069 718 5132; x_wconf 74' lang='lat' dir='ltr'><strong>Oxum,</strong></span> <span class='ocrx_word' id='word_1_778' title='bbox 747 5084 844 5138; x_wconf 92' lang='lat' dir='ltr'><strong>pro</strong></span> <span class='ocrx_word' id='word_1_779' title='bbox 875 5068 1189 5140; x_wconf 72' lang='grc' dir='ltr'>χθὲςιιιὼθι</span> <span class='ocrx_word' id='word_1_780' title='bbox 1224 5068 1399 5138; x_wconf 77' lang='grc' dir='ltr'><strong>ἐχθές.</strong></span> <span class='ocrx_word' id='word_1_781' title='bbox 1438 5071 1710 5124; x_wconf 75' lang='lat' dir='ltr'><strong>Bentleius</strong></span> <span class='ocrx_word' id='word_1_782' title='bbox 1737 5072 1908 5140; x_wconf 82' lang='lat' dir='ltr'><strong>locum</strong></span> 
     </span>
    </p>
   </div>
   <div class='ocr_carea' id='block_1_102' title="bbox 358 5138 1916 5212">
    <p class='ocr_par' dir='ltr' id='par_1_102' title="bbox 358 5138 1916 5212">
     <span class='ocr_line' id='line_1_103' title="bbox 358 5138 1916 5212; baseline 0.001 -22"><span class='ocrx_word' id='word_1_783' title='bbox 358 5138 630 5212; x_wconf 73' lang='lat' dir='ltr'><strong>integrum</strong></span> <span class='ocrx_word' id='word_1_784' title='bbox 677 5141 755 5193; x_wconf 84' lang='lat' dir='ltr'><strong>sic</strong></span> <span class='ocrx_word' id='word_1_785' title='bbox 805 5138 952 5206; x_wconf 73' lang='lat' dir='ltr'><strong>legit,</strong></span> <span class='ocrx_word' id='word_1_786' title='bbox 997 5141 1202 5210; x_wconf 81' lang='grc' dir='ltr'>μήποτε</span> <span class='ocrx_word' id='word_1_787' title='bbox 1252 5140 1405 5208; x_wconf 78' lang='grc' dir='ltr'>ἐχθὲς</span> <span class='ocrx_word' id='word_1_788' title='bbox 1451 5142 1478 5192; x_wconf 94' lang='lat'><strong>6</strong></span> <span class='ocrx_word' id='word_1_789' title='bbox 1533 5139 1916 5212; x_wconf 80' lang='grc' dir='ltr'>παρεληλυθώς</span> 
     </span>
    </p>
   </div>
   <div class='ocr_carea' id='block_1_103' title="bbox 355 5206 693 5262">
    <p class='ocr_par' dir='ltr' id='par_1_103' title="bbox 355 5206 693 5262">
     <span class='ocr_line' id='line_1_104' title="bbox 355 5206 693 5262; baseline 0.006 -2"><span class='ocrx_word' id='word_1_790' title='bbox 355 5206 503 5260; x_wconf 75' lang='grc' dir='ltr'>ἐστιν</span> <span class='ocrx_word' id='word_1_791' title='bbox 543 5206 693 5262; x_wconf 73' lang='grc' dir='ltr'>αἰών.</span> 
     </span>
    </p>
   </div>
   <div class='ocr_carea' id='block_1_104' title="bbox 427 5275 1920 5358">
    <p class='ocr_par' dir='ltr' id='par_1_104' title="bbox 427 5275 1920 5358">
     <span class='ocr_line' id='line_1_105' title="bbox 427 5275 1920 5358; baseline -0.013 -20"><span class='ocrx_word' id='word_1_792' title='bbox 427 5278 1060 5358; x_wconf 41' lang='grc' dir='ltr'>(λίψ-ξςαιονταετηρίς.</span> <span class='ocrx_word' id='word_1_793' title='bbox 1086 5278 1231 5358; x_wconf 75' lang='lat' dir='ltr'><strong>Lego</strong></span> <span class='ocrx_word' id='word_1_794' title='bbox 1260 5293 1380 5332; x_wconf 91' lang='lat' dir='ltr'><strong>cum</strong></span> <span class='ocrx_word' id='word_1_795' title='bbox 1407 5275 1920 5358; x_wconf 41' lang='lat' dir='ltr'><strong>Bentleiodgtam.</strong></span> 
     </span>
    </p>
   </div>
   <div class='ocr_carea' id='block_1_105' title="bbox 357 5348 1938 5472">
    <p class='ocr_par' dir='ltr' id='par_1_105' title="bbox 357 5348 1938 5472">
     <span class='ocr_line' id='line_1_106' title="bbox 396 5348 1938 5416; baseline 0 -16"><span class='ocrx_word' id='word_1_796' title='bbox 396 5349 462 5412; x_wconf 87' lang='grc' dir='ltr'>ίς.</span> <span class='ocrx_word' id='word_1_797' title='bbox 493 5350 878 5402; x_wconf 77' lang='lat' dir='ltr'><strong>Chiltastarum</strong></span> <span class='ocrx_word' id='word_1_798' title='bbox 908 5362 1086 5402; x_wconf 85' lang='lat' dir='ltr'><strong>autem</strong></span> <span class='ocrx_word' id='word_1_799' title='bbox 1130 5351 1320 5416; x_wconf 75' lang='lat' dir='ltr'><strong>dogma</strong></span> <span class='ocrx_word' id='word_1_800' title='bbox 1352 5348 1494 5414; x_wconf 90' lang='lat' dir='ltr'><strong>quod</strong></span> <span class='ocrx_word' id='word_1_801' title='bbox 1537 5348 1661 5399; x_wconf 87' lang='lat' dir='ltr'><strong>olim</strong></span> <span class='ocrx_word' id='word_1_802' title='bbox 1719 5348 1938 5414; x_wconf 69' lang='lat' dir='ltr'><strong>Papias&#39;</strong></span> 
     </span>
     <span class='ocr_line' id='line_1_107' title="bbox 357 5364 1914 5472; baseline -0.003 0"><span class='ocrx_word' id='word_1_803' title='bbox 357 5364 614 5472; x_wconf 64' lang='lat' dir='ltr'><strong>Ei-clesire</strong></span> <span class='ocrx_word' id='word_1_804' title='bbox 665 5418 890 5472; x_wconf 78' lang='lat' dir='ltr'><strong>invexit.</strong></span> <span class='ocrx_word' id='word_1_805' title='bbox 916 5419 1039 5471; x_wconf 84' lang='lat' dir='ltr'><strong>dein</strong></span> <span class='ocrx_word' id='word_1_806' title='bbox 1074 5418 1354 5472; x_wconf 66' lang='lat' dir='ltr'><strong>Irenaeum.</strong></span> <span class='ocrx_word' id='word_1_807' title='bbox 1390 5417 1658 5470; x_wconf 81' lang='lat' dir='ltr'><strong>Justinum</strong></span> <span class='ocrx_word' id='word_1_808' title='bbox 1691 5427 1746 5470; x_wconf 90' lang='lat' dir='ltr'><strong>et</strong></span> <span class='ocrx_word' id='word_1_809' title='bbox 1778 5417 1914 5468; x_wconf 84' lang='lat' dir='ltr'><strong>&#39;l‘er-</strong></span> 
     </span>
    </p>
   </div>
   <div class='ocr_carea' id='block_1_106' title="bbox 403 5417 1914 5482">
    <p class='ocr_par' dir='ltr' id='par_1_106' title="bbox 403 5417 1914 5482">
     <span class='ocr_line' id='line_1_108' title="bbox 403 5417 1914 5482; baseline 0.001 -15"><span class='ocrx_word' id='word_1_810' title='bbox 403 5419 614 5474; x_wconf 69' lang='lat' dir='ltr'><strong>rclesire</strong></span> <span class='ocrx_word' id='word_1_811' title='bbox 665 5418 890 5482; x_wconf 86' lang='lat' dir='ltr'><strong>invexit,</strong></span> <span class='ocrx_word' id='word_1_812' title='bbox 916 5419 1039 5471; x_wconf 84' lang='lat' dir='ltr'><strong>dein</strong></span> <span class='ocrx_word' id='word_1_813' title='bbox 1074 5418 1354 5480; x_wconf 66' lang='lat' dir='ltr'><strong>Irenaeum,</strong></span> <span class='ocrx_word' id='word_1_814' title='bbox 1390 5417 1658 5470; x_wconf 81' lang='lat' dir='ltr'><strong>Justinum</strong></span> <span class='ocrx_word' id='word_1_815' title='bbox 1691 5427 1746 5470; x_wconf 90' lang='lat' dir='ltr'><strong>et</strong></span> <span class='ocrx_word' id='word_1_816' title='bbox 1778 5417 1914 5468; x_wconf 84' lang='lat' dir='ltr'><strong>&#39;l‘er-</strong></span> 
     </span>
    </p>
   </div>
   <div class='ocr_carea' id='block_1_107' title="bbox 359 5485 1916 5555">
    <p class='ocr_par' dir='ltr' id='par_1_107' title="bbox 359 5485 1916 5555">
     <span class='ocr_line' id='line_1_109' title="bbox 359 5485 1916 5555; baseline -0.001 -15"><span class='ocrx_word' id='word_1_817' title='bbox 359 5488 640 5540; x_wconf 88' lang='lat' dir='ltr'><strong>tulliannm</strong></span> <span class='ocrx_word' id='word_1_818' title='bbox 675 5487 916 5555; x_wconf 86' lang='lat' dir='ltr'><strong>aliosque</strong></span> <span class='ocrx_word' id='word_1_819' title='bbox 961 5503 992 5541; x_wconf 89' lang='lat' dir='ltr'><strong>e</strong></span> <span class='ocrx_word' id='word_1_820' title='bbox 1025 5487 1298 5543; x_wconf 89' lang='lat' dir='ltr'><strong>veteribus</strong></span> <span class='ocrx_word' id='word_1_821' title='bbox 1324 5496 1583 5555; x_wconf 77' lang='lat' dir='ltr'><strong>patronos</strong></span> <span class='ocrx_word' id='word_1_822' title='bbox 1607 5485 1814 5548; x_wconf 85' lang='lat' dir='ltr'><strong>habuit,</strong></span> <span class='ocrx_word' id='word_1_823' title='bbox 1849 5485 1916 5538; x_wconf 89' lang='lat' dir='ltr'><strong>ab</strong></span> 
     </span>
    </p>
   </div>
   <div class='ocr_carea' id='block_1_108' title="bbox 357 5552 1916 5626">
    <p class='ocr_par' dir='ltr' id='par_1_108' title="bbox 357 5552 1916 5626">
     <span class='ocr_line' id='line_1_110' title="bbox 357 5552 1916 5626; baseline -0.001 -19"><span class='ocrx_word' id='word_1_824' title='bbox 357 5557 591 5626; x_wconf 68' lang='lat' dir='ltr'><strong>.Qrigcne</strong></span> <span class='ocrx_word' id='word_1_825' title='bbox 617 5552 1484 5626; x_wconf 45' lang='lat' dir='ltr'><strong>passim‘0ppugnatur,_scilicet</strong></span> <span class='ocrx_word' id='word_1_826' title='bbox 1535 5552 1827 5626; x_wconf 62' lang='lat' dir='ltr'><strong>Comment.</strong></span> <span class='ocrx_word' id='word_1_827' title='bbox 1862 5555 1916 5626; x_wconf 79' lang='lat' dir='ltr'><strong>in</strong></span> 
     </span>
    </p>
   </div>
   <div class='ocr_carea' id='block_1_109' title="bbox 359 5621 1916 5694">
    <p class='ocr_par' dir='ltr' id='par_1_109' title="bbox 359 5621 1916 5694">
     <span class='ocr_line' id='line_1_111' title="bbox 359 5621 1916 5694; baseline 0 -16"><span class='ocrx_word' id='word_1_828' title='bbox 359 5621 552 5679; x_wconf 66' lang='lat' dir='ltr'><strong>luit/1.</strong></span> <span class='ocrx_word' id='word_1_829' title='bbox 603 5621 658 5678; x_wconf 81' lang='lat' dir='ltr'><strong>et</strong></span> <span class='ocrx_word' id='word_1_830' title='bbox 706 5627 801 5678; x_wconf 88' lang='lat' dir='ltr'><strong>lib.</strong></span> <span class='ocrx_word' id='word_1_831' title='bbox 831 5641 867 5678; x_wconf 92' lang='lat'><strong>11</strong></span> <span class='ocrx_word' id='word_1_832' title='bbox 896 5621 1058 5693; x_wconf 75' lang='grc' dir='ltr'>Ἠερὶ</span> <span class='ocrx_word' id='word_1_833' title='bbox 1102 5621 1323 5692; x_wconf 83' lang='grc' dir='ltr'>ἀρχῶν,</span> <span class='ocrx_word' id='word_1_834' title='bbox 1357 5640 1562 5680; x_wconf 88' lang='lat' dir='ltr'><strong>necnon</strong></span> <span class='ocrx_word' id='word_1_835' title='bbox 1611 5624 1824 5694; x_wconf 81' lang='lat' dir='ltr'><strong>Prolog.</strong></span> <span class='ocrx_word' id='word_1_836' title='bbox 1861 5623 1916 5678; x_wconf 88' lang='lat' dir='ltr'><strong>in</strong></span> 
     </span>
    </p>
   </div>
   <div class='ocr_carea' id='block_1_110' title="bbox 360 5694 1287 5764">
    <p class='ocr_par' dir='ltr' id='par_1_110' title="bbox 360 5694 1287 5764">
     <span class='ocr_line' id='line_1_112' title="bbox 360 5694 1287 5764; baseline -0.002 -15"><span class='ocrx_word' id='word_1_837' title='bbox 360 5696 540 5761; x_wconf 64' lang='lat'><strong>(10111.,</strong></span> <span class='ocrx_word' id='word_1_838' title='bbox 568 5697 710 5764; x_wconf 88' lang='lat' dir='ltr'><strong>quod</strong></span> <span class='ocrx_word' id='word_1_839' title='bbox 746 5705 800 5750; x_wconf 90' lang='lat' dir='ltr'><strong>et</strong></span> <span class='ocrx_word' id='word_1_840' title='bbox 834 5696 920 5749; x_wconf 92' lang='lat' dir='ltr'><strong>hic</strong></span> <span class='ocrx_word' id='word_1_841' title='bbox 953 5694 1287 5764; x_wconf 73' lang='lat' dir='ltr'><strong>perstringit.</strong></span> 
     </span>
    </p>
   </div>
   <div class='ocr_carea' id='block_1_111' title="bbox 2091 4643 3584 4723">
    <p class='ocr_par' dir='ltr' id='par_1_111' title="bbox 2091 4643 3584 4723">
     <span class='ocr_line' id='line_1_113' title="bbox 2091 4643 3584 4723; baseline 0.002 -18"><span class='ocrx_word' id='word_1_842' title='bbox 2091 4652 2202 4723; x_wconf 17' lang='lat' dir='ltr'><strong>(MA)</strong></span> <span class='ocrx_word' id='word_1_843' title='bbox 2243 4649 2326 4716; x_wconf 84' lang='grc' dir='ltr'><strong>Τῷ</strong></span> <span class='ocrx_word' id='word_1_844' title='bbox 2363 4649 2501 4723; x_wconf 65' lang='grc' dir='ltr'><strong>ρεῷ.</strong></span> <span class='ocrx_word' id='word_1_845' title='bbox 2538 4648 2690 4723; x_wconf 68' lang='lat' dir='ltr'><strong>Legit</strong></span> <span class='ocrx_word' id='word_1_846' title='bbox 2723 4643 3017 4723; x_wconf 77' lang='lat' dir='ltr'><strong>Bentleius,</strong></span> <span class='ocrx_word' id='word_1_847' title='bbox 3039 4648 3126 4723; x_wconf 49' lang='lat' dir='ltr'><strong>et}</strong></span> <span class='ocrx_word' id='word_1_848' title='bbox 3152 4651 3269 4722; x_wconf 79' lang='grc' dir='ltr'>Θεῷ</span> <span class='ocrx_word' id='word_1_849' title='bbox 3302 4651 3408 4705; x_wconf 89' lang='grc' dir='ltr'><strong>τῶν</strong></span> <span class='ocrx_word' id='word_1_850' title='bbox 3448 4652 3584 4710; x_wconf 80' lang='grc' dir='ltr'>ὅλων</span> 
     </span>
    </p>
   </div>
   <div class='ocr_carea' id='block_1_112' title="bbox 2021 4718 3580 4794">
    <p class='ocr_par' dir='ltr' id='par_1_112' title="bbox 2021 4718 3580 4794">
     <span class='ocr_line' id='line_1_114' title="bbox 2021 4718 3580 4794; baseline -0.004 -21"><span class='ocrx_word' id='word_1_851' title='bbox 2021 4718 2112 4794; x_wconf 70' lang='grc' dir='ltr'><strong>τὸν</strong></span> <span class='ocrx_word' id='word_1_852' title='bbox 2144 4718 2262 4774; x_wconf 84' lang='grc' dir='ltr'>ὅλον</span> <span class='ocrx_word' id='word_1_853' title='bbox 2309 4721 2482 4794; x_wconf 79' lang='grc' dir='ltr'>αἰῶνα</span> <span class='ocrx_word' id='word_1_854' title='bbox 2517 4718 2626 4794; x_wconf 27' lang='grc' dir='ltr'>-.τοῦ</span> <span class='ocrx_word' id='word_1_855' title='bbox 2680 4721 2811 4790; x_wconf 89' lang='grc' dir='ltr'>παρ’</span> <span class='ocrx_word' id='word_1_856' title='bbox 2843 4721 2972 4790; x_wconf 83' lang='grc' dir='ltr'>ἡμῖν</span> <span class='ocrx_word' id='word_1_857' title='bbox 3035 4718 3164 4791; x_wconf 83' lang='grc' dir='ltr'>μιᾶς</span> <span class='ocrx_word' id='word_1_858' title='bbox 3213 4718 3425 4794; x_wconf 79' lang='grc' dir='ltr'>ἡμέρας</span> <span class='ocrx_word' id='word_1_859' title='bbox 3463 4723 3580 4776; x_wconf 84' lang='grc' dir='ltr'>δια-</span> 
     </span>
    </p>
   </div>
   <div class='ocr_carea' id='block_1_113' title="bbox 2023 4789 2676 4862">
    <p class='ocr_par' dir='ltr' id='par_1_113' title="bbox 2023 4789 2676 4862">
     <span class='ocr_line' id='line_1_115' title="bbox 2023 4789 2676 4862; baseline -0.006 -18"><span class='ocrx_word' id='word_1_860' title='bbox 2023 4792 2119 4862; x_wconf 88' lang='grc' dir='ltr'><strong>στή</strong></span> <span class='ocrx_word' id='word_1_861' title='bbox 2130 4807 2295 4862; x_wconf 90' lang='grc' dir='ltr'>ματος</span> <span class='ocrx_word' id='word_1_862' title='bbox 2335 4789 2487 4862; x_wconf 75' lang='grc' dir='ltr'>λόγον</span> <span class='ocrx_word' id='word_1_863' title='bbox 2514 4790 2676 4860; x_wconf 73' lang='grc' dir='ltr'>ἔχειν.</span> 
     </span>
    </p>
   </div>
   <div class='ocr_carea' id='block_1_114' title="bbox 2091 4810 3581 4944">
    <p class='ocr_par' dir='ltr' id='par_1_114' title="bbox 2091 4810 3581 4944">
     <span class='ocr_line' id='line_1_116' title="bbox 2091 4810 3136 4912; baseline -0.009 -67"><span class='ocrx_word' id='word_1_864' title='bbox 2091 4810 2295 4912; x_wconf 43' lang='lat' dir='ltr'><strong>uitato;</strong></span> <span class='ocrx_word' id='word_1_865' title='bbox 2336 4810 2487 4858; x_wconf 72' lang='grc' dir='ltr'>Λογον</span> <span class='ocrx_word' id='word_1_866' title='bbox 2514 4810 2676 4860; x_wconf 86' lang='grc' dir='ltr'>εχειν.</span> <span class='ocrx_word' id='word_1_867' title='bbox 3129 4865 3136 4870; x_wconf 52' lang='lat'>_</span> 
     </span>
     <span class='ocr_line' id='line_1_117' title="bbox 2091 4859 3581 4944; baseline 0.003 -30"><span class='ocrx_word' id='word_1_868' title='bbox 2091 4872 2108 4931; x_wconf 83' lang='lat'><strong>(</strong></span> <span class='ocrx_word' id='word_1_869' title='bbox 2151 4864 2202 4944; x_wconf 39' lang='lat'><strong>&#39;2&#39;)</strong></span> <span class='ocrx_word' id='word_1_870' title='bbox 2239 4861 2420 4914; x_wconf 78' lang='lat' dir='ltr'><strong>Codex</strong></span> <span class='ocrx_word' id='word_1_871' title='bbox 2468 4877 2592 4922; x_wconf 74' lang='lat'><strong>1115.,</strong></span> <span class='ocrx_word' id='word_1_872' title='bbox 2634 4859 3013 4933; x_wconf 81' lang='grc' dir='ltr'>πανηγύρεων.</span> <span class='ocrx_word' id='word_1_873' title='bbox 3043 4859 3188 4915; x_wconf 80' lang='lat' dir='ltr'><strong>EdIt.</strong></span> <span class='ocrx_word' id='word_1_874' title='bbox 3217 4859 3415 4926; x_wconf 87' lang='lat' dir='ltr'><strong>Oxon.,</strong></span> <span class='ocrx_word' id='word_1_875' title='bbox 3449 4879 3581 4918; x_wconf 82' lang='grc' dir='ltr'>παν·</span> 
     </span>
    </p>
   </div>
   <div class='ocr_carea' id='block_1_115' title="bbox 2094 4947 2278 4982">
    <p class='ocr_par' dir='ltr' id='par_1_115' title="bbox 2094 4947 2278 4982">
     <span class='ocr_line' id='line_1_118' title="bbox 2094 4947 2278 4982; baseline -0.005 0"><span class='ocrx_word' id='word_1_876' title='bbox 2094 4947 2278 4982; x_wconf 84' lang='grc' dir='ltr'>υοιων.</span> 
     </span>
    </p>
   </div>
   <div class='ocr_carea' id='block_1_116' title="bbox 2017 4947 3582 5120">
    <p class='ocr_par' dir='ltr' id='par_1_116' title="bbox 2017 4947 3582 5120">
     <span class='ocr_line' id='line_1_119' title="bbox 2017 4947 3582 5120; baseline 0.003 -69"><span class='ocrx_word' id='word_1_877' title='bbox 2017 4947 2406 5120; x_wconf 49' lang='grc' dir='ltr'><strong>ηγέᾼρὲῗῖίοιιεχ</strong></span> <span class='ocrx_word' id='word_1_878' title='bbox 2435 5013 2558 5063; x_wconf 79' lang='lat'><strong>1115.,</strong></span> <span class='ocrx_word' id='word_1_879' title='bbox 2585 5000 3020 5070; x_wconf 82' lang='grc' dir='ltr'>ἐπιτελουμένας.</span> <span class='ocrx_word' id='word_1_880' title='bbox 3043 4997 3183 5052; x_wconf 86' lang='lat' dir='ltr'><strong>Edit.</strong></span> <span class='ocrx_word' id='word_1_881' title='bbox 3226 4999 3428 5065; x_wconf 80' lang='lat'><strong>011011.,</strong></span> <span class='ocrx_word' id='word_1_882' title='bbox 3458 5002 3582 5055; x_wconf 77' lang='grc' dir='ltr'>επι-</span> 
     </span>
     <span class='ocr_line' id='line_1_120' title="bbox 2019 5083 2364 5120; baseline 0 0"><span class='ocrx_word' id='word_1_883' title='bbox 2019 5086 2078 5120; x_wconf 90' lang='grc' dir='ltr'><strong>τε</strong></span> <span class='ocrx_word' id='word_1_884' title='bbox 2113 5083 2364 5120; x_wconf 78' lang='grc' dir='ltr'>ουιιενης.</span> 
     </span>
    </p>
   </div>
   <div class='ocr_carea' id='block_1_117' title="bbox 2019 5083 2364 5130">
    <p class='ocr_par' dir='ltr' id='par_1_117' title="bbox 2019 5083 2364 5130">
     <span class='ocr_line' id='line_1_121' title="bbox 2019 5083 2364 5130; baseline -0.006 -8"><span class='ocrx_word' id='word_1_885' title='bbox 2019 5083 2172 5122; x_wconf 80' lang='grc' dir='ltr'>τεΛου</span> <span class='ocrx_word' id='word_1_886' title='bbox 2181 5083 2364 5130; x_wconf 85' lang='grc' dir='ltr'>μενης.</span> 
     </span>
    </p>
   </div>
   <div class='ocr_carea' id='block_1_118' title="bbox 2095 5085 3582 5208">
    <p class='ocr_par' dir='ltr' id='par_1_118' title="bbox 2095 5085 3582 5208">
     <span class='ocr_line' id='line_1_122' title="bbox 2095 5085 3582 5208; baseline 0.002 -19"><span class='ocrx_word' id='word_1_887' title='bbox 2095 5085 2589 5207; x_wconf 37' lang='grc' dir='ltr'><strong>ἱίᾜεῖῗξοσοφὸς,</strong></span> <span class='ocrx_word' id='word_1_888' title='bbox 2631 5152 2738 5193; x_wconf 91' lang='lat' dir='ltr'><strong>etc.</strong></span> <span class='ocrx_word' id='word_1_889' title='bbox 2795 5139 3026 5208; x_wconf 78' lang='lat' dir='ltr'><strong>Recepta</strong></span> <span class='ocrx_word' id='word_1_890' title='bbox 3056 5137 3156 5192; x_wconf 82' lang='lat' dir='ltr'><strong>fuit</strong></span> <span class='ocrx_word' id='word_1_891' title='bbox 3198 5140 3336 5206; x_wconf 88' lang='lat' dir='ltr'><strong>apud</strong></span> <span class='ocrx_word' id='word_1_892' title='bbox 3364 5137 3582 5208; x_wconf 53' lang='lat' dir='ltr'><strong>Iudaeos</strong></span> 
     </span>
    </p>
   </div>
   <div class='ocr_carea' id='block_1_119' title="bbox 2023 5206 3582 5272">
    <p class='ocr_par' dir='ltr' id='par_1_119' title="bbox 2023 5206 3582 5272">
     <span class='ocr_line' id='line_1_123' title="bbox 2023 5206 3582 5272; baseline -0.003 -10"><span class='ocrx_word' id='word_1_893' title='bbox 2023 5206 2316 5272; x_wconf 86' lang='lat' dir='ltr'><strong>sententia,</strong></span> <span class='ocrx_word' id='word_1_894' title='bbox 2347 5209 2674 5261; x_wconf 83' lang='lat' dir='ltr'><strong>tabernaculi</strong></span> <span class='ocrx_word' id='word_1_895' title='bbox 2733 5206 2992 5262; x_wconf 74' lang='lat' dir='ltr'><strong>l‘abricain</strong></span> <span class='ocrx_word' id='word_1_896' title='bbox 3030 5219 3083 5261; x_wconf 88' lang='lat' dir='ltr'><strong>et</strong></span> <span class='ocrx_word' id='word_1_897' title='bbox 3111 5222 3328 5262; x_wconf 86' lang='lat' dir='ltr'><strong>omnem</strong></span> <span class='ocrx_word' id='word_1_898' title='bbox 3383 5206 3582 5259; x_wconf 86' lang='lat' dir='ltr'><strong>Leviti-</strong></span> 
     </span>
    </p>
   </div>
   <div class='ocr_carea' id='block_1_120' title="bbox 2025 5276 3580 5346">
    <p class='ocr_par' dir='ltr' id='par_1_120' title="bbox 2025 5276 3580 5346">
     <span class='ocr_line' id='line_1_124' title="bbox 2025 5276 3580 5346; baseline -0.003 -16"><span class='ocrx_word' id='word_1_899' title='bbox 2025 5291 2147 5346; x_wconf 79' lang='lat' dir='ltr'><strong>curn</strong></span> <span class='ocrx_word' id='word_1_900' title='bbox 2178 5289 2494 5343; x_wconf 79' lang='lat' dir='ltr'><strong>apparatum</strong></span> <span class='ocrx_word' id='word_1_901' title='bbox 2524 5279 2674 5332; x_wconf 86' lang='lat' dir='ltr'><strong>orbis</strong></span> <span class='ocrx_word' id='word_1_902' title='bbox 2720 5279 2957 5332; x_wconf 77' lang='lat' dir='ltr'><strong>universi</strong></span> <span class='ocrx_word' id='word_1_903' title='bbox 3001 5276 3580 5346; x_wconf 15' lang='lat' dir='ltr'><strong>gessiSseiimaginetn;</strong></span> 
     </span>
    </p>
   </div>
   <div class='ocr_carea' id='block_1_121' title="bbox 2027 5343 3580 5414">
    <p class='ocr_par' dir='ltr' id='par_1_121' title="bbox 2027 5343 3580 5414">
     <span class='ocr_line' id='line_1_125' title="bbox 2027 5343 3580 5414; baseline -0.002 -14"><span class='ocrx_word' id='word_1_904' title='bbox 2027 5345 2113 5400; x_wconf 90' lang='lat' dir='ltr'><strong>cui</strong></span> <span class='ocrx_word' id='word_1_905' title='bbox 2173 5346 2500 5414; x_wconf 74' lang='lat' dir='ltr'><strong>sull&#39;ragatur</strong></span> <span class='ocrx_word' id='word_1_906' title='bbox 2545 5349 2833 5414; x_wconf 85' lang='lat' dir='ltr'><strong>Apostolus</strong></span> <span class='ocrx_word' id='word_1_907' title='bbox 2867 5349 2919 5400; x_wconf 90' lang='lat' dir='ltr'><strong>in</strong></span> <span class='ocrx_word' id='word_1_908' title='bbox 2963 5343 3131 5412; x_wconf 80' lang='lat' dir='ltr'><strong>Epist.</strong></span> <span class='ocrx_word' id='word_1_909' title='bbox 3188 5345 3254 5397; x_wconf 89' lang='lat' dir='ltr'><strong>ad</strong></span> <span class='ocrx_word' id='word_1_910' title='bbox 3302 5343 3580 5414; x_wconf 70' lang='lat' dir='ltr'><strong>Hebraeos,</strong></span> 
     </span>
    </p>
   </div>
   <div class='ocr_carea' id='block_1_122' title="bbox 2022 5412 3583 5487">
    <p class='ocr_par' dir='ltr' id='par_1_122' title="bbox 2022 5412 3583 5487">
     <span class='ocr_line' id='line_1_126' title="bbox 2022 5412 3583 5487; baseline -0.001 -20"><span class='ocrx_word' id='word_1_911' title='bbox 2022 5416 2111 5484; x_wconf 89' lang='lat' dir='ltr'><strong>qui</strong></span> <span class='ocrx_word' id='word_1_912' title='bbox 2146 5415 2283 5487; x_wconf 79' lang='lat' dir='ltr'><strong>illud</strong></span> <span class='ocrx_word' id='word_1_913' title='bbox 2317 5412 2470 5484; x_wconf 72' lang='grc' dir='ltr'>ἅγιον</span> <span class='ocrx_word' id='word_1_914' title='bbox 2504 5412 2764 5487; x_wconf 82' lang='grc' dir='ltr'>κοσμικόν</span> <span class='ocrx_word' id='word_1_915' title='bbox 2799 5417 3058 5487; x_wconf 56' lang='lat' dir='ltr'><strong>appellat,</strong></span> <span class='ocrx_word' id='word_1_916' title='bbox 3091 5414 3252 5487; x_wconf 77' lang='lat' dir='ltr'><strong>Hebr.</strong></span> <span class='ocrx_word' id='word_1_917' title='bbox 3297 5428 3373 5487; x_wconf 58' lang='lat' dir='ltr'><strong>1x,</strong></span> <span class='ocrx_word' id='word_1_918' title='bbox 3426 5412 3478 5473; x_wconf 83' lang='grc'><strong>1,</strong></span> <span class='ocrx_word' id='word_1_919' title='bbox 3526 5422 3583 5465; x_wconf 86' lang='lat' dir='ltr'><strong>et</strong></span> 
     </span>
    </p>
   </div>
   <div class='ocr_carea' id='block_1_123' title="bbox 2019 5479 3581 5550">
    <p class='ocr_par' dir='ltr' id='par_1_123' title="bbox 2019 5479 3581 5550">
     <span class='ocr_line' id='line_1_127' title="bbox 2019 5479 3581 5550; baseline -0.003 -12"><span class='ocrx_word' id='word_1_920' title='bbox 2019 5479 2320 5539; x_wconf 75' lang='lat' dir='ltr'><strong>sacerdotis</strong></span> <span class='ocrx_word' id='word_1_921' title='bbox 2365 5479 2565 5538; x_wconf 77' lang='lat' dir='ltr'><strong>summi</strong></span> <span class='ocrx_word' id='word_1_922' title='bbox 2609 5479 2676 5539; x_wconf 80' lang='grc' dir='ltr'><strong>ἰιι</strong></span> <span class='ocrx_word' id='word_1_923' title='bbox 2728 5479 3188 5550; x_wconf 57' lang='grc' dir='ltr'><strong>(Ιὶαὲχρίειιίοιιίε</strong></span> <span class='ocrx_word' id='word_1_924' title='bbox 3226 5483 3276 5534; x_wconf 92' lang='lat' dir='ltr'><strong>in</strong></span> <span class='ocrx_word' id='word_1_925' title='bbox 3313 5479 3581 5534; x_wconf 84' lang='lat' dir='ltr'><strong>Sanctum</strong></span> 
     </span>
    </p>
   </div>
   <div class='ocr_carea' id='block_1_124' title="bbox 2019 5551 3584 5628">
    <p class='ocr_par' dir='ltr' id='par_1_124' title="bbox 2019 5551 3584 5628">
     <span class='ocr_line' id='line_1_128' title="bbox 2019 5551 3584 5628; baseline -0.006 -20"><span class='ocrx_word' id='word_1_926' title='bbox 2019 5565 2330 5608; x_wconf 89' lang='lat' dir='ltr'><strong>sanctorum</strong></span> <span class='ocrx_word' id='word_1_927' title='bbox 2359 5555 2682 5628; x_wconf 79' lang='lat' dir='ltr'><strong>ingressum,</strong></span> <span class='ocrx_word' id='word_1_928' title='bbox 2715 5554 2922 5628; x_wconf 76' lang='lat' dir='ltr'><strong>Domini</strong></span> <span class='ocrx_word' id='word_1_929' title='bbox 2964 5553 3017 5604; x_wconf 90' lang='lat' dir='ltr'><strong>in</strong></span> <span class='ocrx_word' id='word_1_930' title='bbox 3047 5551 3584 5628; x_wconf 56' lang='lat' dir='ltr'><strong>cgel11111_supre1num</strong></span> 
     </span>
    </p>
   </div>
   <div class='ocr_carea' id='block_1_125' title="bbox 2017 5617 3582 5689">
    <p class='ocr_par' dir='ltr' id='par_1_125' title="bbox 2017 5617 3582 5689">
     <span class='ocr_line' id='line_1_129' title="bbox 2017 5617 3582 5689; baseline -0.004 -13"><span class='ocrx_word' id='word_1_931' title='bbox 2017 5639 2303 5678; x_wconf 85' lang='lat' dir='ltr'><strong>ascensum</strong></span> <span class='ocrx_word' id='word_1_932' title='bbox 2336 5617 2692 5676; x_wconf 78' lang='lat' dir='ltr'><strong>adumbrasse</strong></span> <span class='ocrx_word' id='word_1_933' title='bbox 2727 5622 3030 5689; x_wconf 84' lang='lat' dir='ltr'><strong>prolitetur.</strong></span> <span class='ocrx_word' id='word_1_934' title='bbox 3074 5618 3189 5689; x_wconf 51' lang='lat' dir='ltr'><strong>hec</strong></span> <span class='ocrx_word' id='word_1_935' title='bbox 3241 5620 3426 5689; x_wconf 81' lang='lat' dir='ltr'><strong>inepte</strong></span> <span class='ocrx_word' id='word_1_936' title='bbox 3457 5617 3582 5671; x_wconf 85' lang='lat' dir='ltr'><strong>Ori-</strong></span> 
     </span>
    </p>
   </div>
   <div class='ocr_carea' id='block_1_126' title="bbox 2017 5686 3585 5764">
    <p class='ocr_par' dir='ltr' id='par_1_126' title="bbox 2017 5686 3585 5764">
     <span class='ocr_line' id='line_1_130' title="bbox 2017 5686 3585 5764; baseline -0.006 -19"><span class='ocrx_word' id='word_1_937' title='bbox 2017 5708 2180 5764; x_wconf 78' lang='lat' dir='ltr'><strong>genes</strong></span> <span class='ocrx_word' id='word_1_938' title='bbox 2202 5692 2459 5747; x_wconf 88' lang='lat' dir='ltr'><strong>l&#39;estorum</strong></span> <span class='ocrx_word' id='word_1_939' title='bbox 2482 5686 2832 5746; x_wconf 81' lang='lat' dir='ltr'><strong>Judaicorum</strong></span> <span class='ocrx_word' id='word_1_940' title='bbox 2859 5686 3143 5740; x_wconf 84' lang='lat' dir='ltr'><strong>intervalla</strong></span> <span class='ocrx_word' id='word_1_941' title='bbox 3168 5689 3238 5742; x_wconf 84' lang='lat' dir='ltr'><strong>ad</strong></span> <span class='ocrx_word' id='word_1_942' title='bbox 3264 5687 3585 5742; x_wconf 49' lang='lat' dir='ltr'><strong>Str-culorum</strong></span> 
     </span>
    </p>
   </div>
  </div>
