3974 6160
401 244 508 300 519

1871 236 2198 294 ORlGENlS

3547 271 3647 327 5'20

397 364 489 418 sit.
519 361 677 430 Stepe
715 360 846 414 mihi
891 360 1079 414 oborta
1115 346 1381 412 dubitatio
1432 365 1516 411 est
1559 357 1694 409 duos
1727 356 1958 424 Apostoli

2075 376 2165 412 τον
2196 358 2314 428 Θεῷ
2342 359 2516 427 φίλος,
2541 360 2613 422 ὡς
2645 359 2904 413 πλειόνων
2942 357 3126 430 μηνῶν
3155 359 3244 414 τδν
3269 359 3485 430 πρῶτον
3530 363 3652 417 ἰδεῖν

399 448 581 507 textus
612 451 943 516 conferenti,
998 449 1268 518 quomodo
1307 447 1707 502 consummatio
1741 447 1973 501 saeculo-

400 561 520 598 rum
553 545 625 600 sit
655 546 708 598 in
748 560 852 613 qua
883 541 1050 596 semel
1083 542 1150 595 ad
1181 539 1596 594 destitutionem
1629 539 1834 606 peccati
1881 537 1974 592 Je-

399 649 496 690 sns
528 633 793 704 apparuit,
828 631 871 684 si
917 629 1094 682 futura
1131 636 1265 681 sunt
1313 626 1510 681 saecula
1553 637 1672 694 post
1703 626 1810 680 hoc
1838 640 1972 681 ven-

402 735 547 780 tura.
588 723 710 777 llzec
749 734 879 775 vero
904 735 1030 774 sunt
1069 719 1240 787 ipsius
1276 716 1466 781 verba,
1494 717 1546 770 in
1583 715 1820 785 Epistola
1848 716 1974 785 qui-

398 818 520 872 dem
554 814 616 867 ad
644 813 897 866 llehrzeos
927 829 941 864 :
979 808 1138 863 Nunc
1165 820 1340 862 autent
1372 807 1530 862 semel
1552 807 1607 859 in
1643 822 1972 860 consumma-

397 909 537 960 tione
551 903 862 959 circulorum
885 902 952 954 ad
975 901 1366 954 destitutionem
1391 901 1616 967 peccati,
1641 902 1970 968 perhostiam

395 1013 543 1050 suam
579 995 822 1064 apparuit
857 993 900 1024 ⁸⁷
924 1009 938 1056 ;
961 992 1014 1044 in
1048 989 1284 1059 Epistola
1326 1000 1506 1044 autem
1549 993 1616 1044 ad
1661 992 1921 1061 Ephesios
1955 1011 1968 1047 :

396 1086 464 1140 Ut
495 1087 782 1141 ostenderet
806 1087 860 1138 in
899 1082 1106 1138 swculis
1130 1083 1607 1151 supervenientibus
1639 1084 1970 1139 abundantes

391 1179 603 1233 divitias
617 1177 803 1246 gratia:
829 1190 937 1228 sua:
965 1175 1019 1226 in
1051 1173 1282 1226 bonitate
1307 1189 1463 1240 super
1499 1191 1594 1227 nos
1614 1174 1687 1227 ⁸⁸.
1709 1176 1782 1230 Dc
1807 1178 1973 1230 tantis

392 1269 550 1339 251
584 1270 767 1335 itaque
787 1267 946 1320 rebus
963 1265 1042 1320 sic
1065 1263 1328 1334 coniicio:
1350 1272 1410 1318 ut
1430 1267 1556 1318 anui
1575 1267 1970 1320 consummatio

393 1361 594 1413 mensis
624 1359 845 1410 ultimus
869 1365 948 1410 est
974 1365 1096 1424 post
1119 1368 1277 1424 quem
1305 1356 1470 1410 instat
1493 1357 1708 1410 initium
1742 1357 1970 1410 alterius

393 1450 619 1513 mensis;
639 1448 718 1502 sic
735 1447 966 1502 fortasse
982 1461 1104 1500 cum
1123 1447 1352 1514 plurima
1371 1451 1564 1501 saecula
1583 1446 1746 1500 veluti
1769 1461 1968 1498 annum

393 1541 714 1596 sat-culorum
756 1537 1115 1607 impleverint,
1165 1538 1559 1592 consummatio
1607 1546 1690 1592 est
1727 1552 1970 1607 praesens

391 1631 672 1694 saeculum,
692 1640 810 1698 post
833 1630 974 1698 quod
995 1627 1170 1682 futura
1191 1631 1431 1696 quaedam
1452 1628 1728 1682 instabunt
1752 1627 1966 1691 saecula,

392 1737 623 1793 quorum
648 1722 968 1790 principium
983 1721 1307 1775 sitfuturum
1329 1721 1612 1778 saeculum:
1632 1729 1686 1773 et
1705 1721 1757 1772 in
1775 1721 1969 1774 futuris

395 1817 502 1870 illis
517 1815 763 1870 ostendet
787 1817 923 1868 Deus
944 1814 1158 1869 divitias
1177 1815 1360 1883 gratiae
1386 1829 1496 1868 sua:
1515 1814 1568 1868 in
1591 1815 1865 1879 bonitate;
1893 1815 1966 1868 ita

394 1917 715 1960 utsummus
740 1906 831 1958 ille
862 1913 1118 1973 peccator
1136 1905 1262 1958 etin
1287 1905 1548 1972 Spiritum
1573 1915 1821 1959 sanctum
1850 1905 1969 1958 bla-

394 1997 648 2066 sphemus
664 2012 758 2065 per
773 2005 940 2050 totum
962 1998 1062 2048 hoc
1080 2011 1316 2064 praesens
1334 1995 1587 2050 saeculum
1605 2011 1631 2046 a
1647 1997 1970 2064 peccatode-

396 2091 717 2155 tineatur,et
733 2098 854 2157 post
873 2089 984 2141 haec
1003 2088 1054 2140 in
1071 2088 1250 2139 luluro
1269 2089 1336 2140 ab
1355 2087 1510 2139 initio
1525 2089 1588 2139 ad
1611 2088 1768 2140 linem
1788 2090 1857 2140 sit
1877 2102 1968 2139 ue-

393 2179 506 2232 srio
523 2179 790 2247 quomodo
806 2174 1270 2231 tractauduleaec
1285 2177 1373 2242 qui
1391 2177 1666 2240 viderit,et
1683 2177 1968 2230 hebdoma-

393 2273 513 2322 dam
542 2268 862 2320 saeculorum
893 2273 1074 2319 mente
1099 2266 1430 2332 coucepcrit,
1449 2273 1506 2316 ut
1529 2273 1778 2318 sanctum
1804 2264 1968 2331 qued-

391 2358 512 2410 dam
559 2356 857 2410 Sabbatum
889 2354 1320 2421 contempletur;
1349 2362 1403 2407 et
1449 2353 1767 2406 saeculorum
1818 2367 1966 2421 meu-

389 2462 526 2511 sem,
558 2456 614 2500 ut
640 2456 886 2500 sanctum
925 2447 1014 2499 Dei
1044 2445 1373 2499 noviluniunt
1400 2443 1613 2508 videat;
1642 2454 1696 2496 et
1737 2444 1962 2496 saeculo-

391 2551 512 2591 rum
540 2552 767 2600 annum,
793 2547 852 2589 ut
883 2537 1050 2590 etiam
1085 2535 1212 2588 anni
1243 2536 1376 2588 l'esta
1419 2534 1735 2602 perSpiciat,
1761 2534 1962 2602 quibus

387 2637 602 2698 oportet
626 2644 774 2681 omne
802 2627 1152 2680 masculinum
1183 2639 1444 2694 apparere
1473 2625 1526 2677 in
1552 2635 1828 2690 conspectu
1855 2623 1963 2676 Do-

386 2723 518 2776 mini
539 2720 630 2772 Dei
650 2720 732 2785 “9;
765 2730 818 2775 et
860 2721 1057 2773 talibus
1087 2718 1295 2792 sarculjs
1315 2716 1744 2786 proportionales
1765 2731 1959 2782 annos,

388 2823 446 2865 ut
480 2813 770 2880 septimum
824 2820 1072 2865 sanctum
1124 2825 1326 2862 anutun
1382 2808 1674 2876 percipiat;
1729 2807 1961 2877 denique

387 2916 512 2954 cum
552 2899 890 2968 septenarios
929 2908 1136 2964 septem
1182 2911 1356 2948 annos
1395 2895 1717 2948 saeculorum
1769 2895 1961 2963 exqui-

2075 450 2169 502 καί
2198 449 2294 519 τὴν
2327 450 2560 520 δεκάτην
2607 450 2772 503 αὐτοῦ
2812 451 3042 522 ἡμέραν,
3079 452 3172 504 καὶ
3211 450 3278 503 τὰ
3311 450 3476 522 ἑξῆςς
3507 454 3570 505 Τί
3598 455 3650 506 δέ

2077 545 2151 609 με’
2171 541 2252 594 δεῖ
2291 541 2471 610 λέγειν
2515 543 2643 612 περὶ
2683 543 2781 612 τῆς
2813 543 3007 613 ἑορτῆς
3040 543 3149 594 τῶν
3184 544 3320 597 ἐσττά
3347 543 3652 614 ἑϐδομάδων

2074 627 2318 699 ἡμερῶν,
2354 630 2450 682 καὶ
2500 631 2628 700 περί
2673 630 2765 682 τοῦ
2810 630 3036 700 ἑϐδόμου
3087 631 3272 702 μηνὸς,
3303 627 3364 686 οὗ
3399 635 3432 702 ὴ
3458 650 3634 704 νεομη⁴

2072 719 2160 772 νία
2198 719 2308 791 (45)
2337 716 2515 792 ἡμέρα
2542 720 2856 789 σαλπίγγων
2897 722 3034 784 ἐστὶ,
3069 725 3133 792 τῇ
3161 721 3216 775 δὲ
3247 723 3447 794 δεκάτῃ
3475 725 3650 796 ἡμέρα

2076 809 2326 880 ἱλασμοῦ,
2375 811 2452 880 τῷ
2494 811 2640 882 μόνῳ
2686 811 3109 882 νομοθετήσαντι
3154 813 3294 866 αὐτὰ
3327 813 3447 883 Θεῷ
3489 815 3648 882 ἐγνωι

2075 901 2324 972 σμὲνων;
2365 903 2462 965 Τίς
2493 903 2548 955 δὲ
2579 903 2670 955 ἑπί
2690 901 2939 957 τοσοῦτον
2969 903 3058 958 τὸν
3075 903 3310 974 Χριστοῦ
3341 905 3451 977 (46)
3484 907 3650 976 κεχώ-

2075 1009 2211 1064 ρηκε
2248 992 2394 1055 νοῦν,
2425 993 2500 1055 ὡς
2527 995 2652 1058 τοὺς
2685 994 2941 1065 ἑϐδόμους
2979 995 3256 1058 ἐνιαυτοὺς
3299 997 3398 1065 τῆς
3433 997 3646 1050 ἐλευθε-
3703 1023 3708 1026 ·

2075 1081 2200 1150 ρίας
2243 1079 2351 1134 τῶν
2389 1081 2653 1152 Ἐϐραίων
2691 1082 2940 1144 οἰκετῶν,
2991 1084 3087 1136 καὶ
3121 1085 3220 1154 τῆς
3254 1085 3506 1153 ἀφέσεως
3544 1089 3649 1144 τῶν

2073 1171 2272 1243 χρεῶν,
2306 1171 2543 1234 ἀνέσεώς
2573 1188 2630 1224 τε
2650 1172 2759 1224 ἀπὸ
2780 1173 3053 1243 γεωργίας
3092 1175 3192 1244 τῆς
3221 1175 3386 1243 ἁγίας
3410 1178 3515 1246 γῆς
3561 1180 3650 1232 ἑκο

2071 1262 2286 1331 λαϐεῖν;
2325 1264 2482 1316 Ἐστι
2507 1263 2565 1315 δέ
2586 1281 2668 1326 τις
2703 1264 2795 1316 καί
2827 1264 3079 1335 ἀνωτέρω
3104 1266 3202 1336 τῆς
3221 1265 3308 1319 διὰ
3341 1268 3482 1320 ἑπτὰ
3513 1269 3646 1324 ἑτῶν

2073 1353 2265 1423 ἑορτῆς
2311 1355 2340 1406 6
2379 1351 2715 1423 καλούμενος
2769 1353 3114 1422 Ἱωὸηλαῖοςο
3171 1355 3356 1410 ὅντινα
3401 1357 3507 1410 κᾶν
3557 1360 3645 1412 ἑπὶ

2073 1443 2239 1497 ποσὸν
2271 1443 2637 1514 φαντασθῆναι
2671 1438 2809 1495 εἷναί
2841 1460 2894 1495 τι
2922 1443 3156 1514 τρανῶς,
3185 1445 3218 1515 ἢ
3251 1447 3378 1508 τοὺς
3416 1448 3474 1500 ὲν
3499 1447 3646 1518 αὐτῷ

2072 1532 2269 1604 νόμους
2289 1533 2393 1605 πλη
2402 1533 2814 1605 ρωθησομένους
2835 1535 3120 1604 ἀληθινοὺς
3139 1536 3272 1606 (47),
3297 1537 3512 1600 οὐδενός
3532 1541 3645 1593 ἐστι

2071 1625 2164 1677 τοῦ
2213 1625 2309 1695 τὴν
2356 1626 2625 1696 πατρικὴν
2665 1625 2859 1696 βουλὴν
2907 1627 3032 1696 περὶ
3081 1628 3179 1698 τῆς
3213 1629 3270 1681 ἑν
3322 1628 3492 1682 ἅπασι
3536 1633 3645 1694 τοῖς

2071 1713 2229 1768 αἰῶσι
2259 1715 2553 1780 διατάξεως
2599 1715 2738 1768 κατὰ
2787 1715 2853 1768 τά
2894 1715 3290 1788 ἀνεξερεύνητα
3331 1719 3494 1772 αὑτοῦ
3526 1720 3646 1788 κρί-

2074 1824 2238 1878 ματα,
2275 1809 2370 1860 καὶ
2409 1805 2506 1870 τὰς
2532 1807 2971 1878 ἀνεξιχνιάστους
3002 1790 3165 1860 αὑτοῦ
3201 1809 3353 1872 ὁδοὺς
3375 1811 3647 1884 τεθεωρη-

2069 1898 2246 1961 κότος.
2293 1899 2560 1961 Πολλάκις
2605 1899 2660 1951 δέ
2702 1916 2792 1969 μοι
2841 1897 3072 1968 ἐπῆλθεν
3102 1899 3211 1970 (48)
3243 1903 3470 1972 ἀπορεῖν
3514 1921 3644 1972 συγ-

2068 1988 2316 2060 κρούοντι
2363 1989 2454 2042 δύο
2501 1989 2674 2054 λέξεις
2733 1990 3136 2054 ἁποστολικάς,
3185 1993 3302 2056 πῶς
3369 1995 3645 2050 συντέλεια

2068 2081 2282 2136 αἰώνων
2312 2083 2483 2145 ἐστὶν,
2524 2083 2608 2150 ἐφ’
2648 2077 2856 2157 ᾖᾶπαξ
2905 2086 2985 2148 εἰς
3025 2085 3282 2155 ἀθέτησιν
3326 2088 3432 2140 τῶν
3466 2089 3643 2160 ἁμαρ·

2065 2174 2196 2228 τιῶν
2267 2174 2475 2243 Ἰησοῦς
2543 2173 2958 2245 πεφανέρωται,
3028 2177 3075 2227 εἰ
3155 2175 3438 2246 μέλλουσιν
3501 2172 3643 2230 εἶναι

2065 2264 2259 2326 αἰῶνες
2318 2263 2457 2334 μετά
2511 2263 2699 2316 τοῦτον
2771 2265 3144 2335 ἐπερχόμενοι.
3198 2266 3419 2336 Ἔχουσι
3473 2267 3527 2318 δὲ
3586 2269 3641 2319 αἰ

2064 2355 2238 2420 λέξεις
2301 2355 2465 2410 αὐτοῦ
2520 2355 2714 2420 οὕτως,
2765 2357 2822 2408 ἑν
2871 2357 2967 2426 μὲν
3012 2360 3076 2428 τῇ
3129 2357 3264 2428 πρὸς
3319 2359 3636 2430 Ἐϐραίους·

2063 2447 2215 2502 Νυνὶ
2267 2444 2335 2499 δὲ
2385 2445 2546 2509 ἅπαξ
2607 2447 2706 2499 ἐπὶ
2757 2449 3077 2514 συντελείᾳ
3111 2447 3230 2502 τῶν
3276 2449 3504 2503 αἰώνων
3553 2454 3640 2518 είς

2062 2537 2346 2602 ἀθέτησιν
2385 2537 2502 2590 τῶν
2545 2537 2844 2606 ἁμαρτιῶν
2891 2538 2987 2591 διὰ
3041 2538 3150 2605 τῆς
3196 2541 3413 2605 θυσίας
3454 2541 3639 2595 αὑτοῦ

2063 2630 2494 2700 πεφανέρωται·
2536 2631 2593 2683 ἑν
2645 2629 2702 2681 δὲ
2747 2631 2812 2699 τῇ
2849 2628 2984 2699 πρὸς
3028 2630 3329 2697 Ἐφεσίους·
3367 2633 3502 2685 Ἵνα
3551 2631 3638 2684 ἐν·

2063 2720 2330 2788 δειξηται
2402 2720 2473 2772 ἐν
2519 2719 2642 2783 τοῖς
2694 2718 2865 2772 αἱῶσι
2917 2720 3041 2784 τοῖς
3093 2720 3516 2789 ἐπερχομένοις
3570 2721 3634 2774 τὸ

2062 2811 2442 2881 ὑπερϐάλλον
2499 2810 2731 2878 πλῆθος
2789 2810 2933 2880 (49)
2989 2809 3096 2878 τῆς
3154 2812 3391 2881 χάριτος
3453 2813 3634 2866 αὑτοῦ

2060 2903 2128 2956 ἐν
2152 2903 2508 2970 χρηστότητι
2546 2901 2638 2969 ἐφ’
2669 2899 2844 2969 ἡμᾶς.
2876 2900 2986 2954 Καὶ
3017 2903 3140 2971 περὶ
3162 2901 3494 2972 τηλικούτων
3519 2919 3634 2955 στο-

389 2991 546 3045 sierit
578 3005 684 3057 quo
713 2988 891 3058 magis
931 3003 1053 3041 eum
1093 2986 1366 3040 collaudet
1398 2985 1487 3052 qui
1530 2994 1637 3037 tam
1683 2983 1958 3038 mirabiles

2065 2993 2379 3064 χαζόμενος,
2405 2992 2613 3061 νομίζω
2633 2992 2715 3044 ὅτι
2745 2990 2934 3063 ὥσπερ
2959 2992 3237 3048 συντέλεια
3262 2993 3354 3046 τοῦ
3390 2992 3630 3046 ἐνιαυτοῦ

388 3082 572 3150 posuit
607 3081 750 3148 leges
794 3096 807 3131 :

393 3188 540 3226 mam
584 3173 732 3226 hunc
768 3169 1088 3241 particulam
1122 3169 1284 3222 unius
1319 3168 1425 3221 diei
1475 3168 1738 3236 ejusmodi
1780 3167 1961 3222 sa‘culi

387 3263 666 3328 occupari,
699 3271 754 3315 et
784 3277 890 3314 non
935 3259 1148 3328 quidvis
1175 3257 1341 3311 faciet
1388 3265 1466 3322 ut,
1513 3272 1636 3309 cum
1687 3257 1775 3309 hic
1815 3267 1964 3310 recte

387 3363 719 3422 praeparatus
757 3362 812 3406 et
841 3351 1032 3420 dignus
1106 3347 1279 3402 factus
1344 3347 1466 3410 erit,
1507 3347 1597 3414 qui
1631 3346 1961 3400 substantia-

387 3442 490 3496 lem
526 3459 714 3512 panem
755 3442 1014 3496 hodierna
1057 3441 1144 3496 die
1191 3449 1586 3507 consequatur,
1629 3439 1867 3506 accipiat
1907 3448 1962 3490 et

384 3535 440 3586 in
466 3535 643 3589 diem?
667 3531 788 3586 Jam
831 3537 980 3587 enim
1011 3547 1079 3586 ex
1113 3531 1387 3602 pra-dictis
1437 3539 1684 3596 apertum
1722 3541 1804 3583 est
1831 3529 1959 3598 quid

383 3626 458 3678 sit
487 3626 540 3677 in
560 3626 716 3682 diem.
737 3625 838 3689 Qui
872 3625 1015 3678 enim
1035 3624 1294 3677 hodierna
1326 3622 1410 3675 die
1430 3622 1594 3674 Deum
1624 3621 1713 3690 qui
1742 3637 1804 3674 ex
1841 3619 1960 3673 inli—

388 3717 515 3769 nitis
543 3716 593 3768 in
623 3716 892 3768 inlinitunt
948 3716 1184 3778 exsistit,
1222 3731 1329 3767 non
1361 3724 1566 3768 tantum
1613 3723 1868 3780 precatur
1902 3719 1960 3764 ut

389 3806 569 3867 hodie,
613 3806 706 3858 sed
736 3814 791 3857 et
834 3806 889 3856 in
935 3805 1074 3858 diem
1105 3806 1356 3873 accipiat,
1387 3805 1431 3857 is
1463 3805 1531 3856 ab
1558 3817 1621 3856 eo
1649 3801 1740 3870 qui
1775 3811 1957 3868 potens

384 3908 464 3951 est
496 3898 623 3950 dare
649 3896 1141 3963 su'perabundanter
1179 3911 1334 3964 quam
1364 3895 1591 3958 petimus
1617 3904 1705 3945 aut
1752 3891 1953 3946 intelli-

383 3993 559 4063 gimus
589 3990 658 4054 7°,
708 3989 958 4056 accipere
990 3988 1208 4056 poterit,
1260 3997 1318 4039 ut
1365 3987 1444 4040 sic
1491 3986 1843 4055 hyperbolice
1876 3985 1957 4036 di-

383 4099 530 4147 cam,
568 4083 732 4136 etiam
773 4082 1051 4149 superiora
1087 4078 1153 4133 iis
1188 4092 1310 4146 qmc
1352 4077 1536 4130 oculus
1574 4093 1676 4129 non
1719 4077 1868 4138 cidit,
1903 4085 1957 4128 et

380 4176 664 4245 superiora
721 4173 784 4228 iis
815 4190 935 4243 qua:
965 4171 1109 4225 auris
1144 4188 1248 4225 non
1289 4170 1531 4232 audivit,
1582 4179 1633 4224 et
1673 4168 1953 4236 superiora

383 4269 450 4321 iis
476 4283 593 4335 quae
618 4267 672 4318 in
701 4280 790 4316 cor
806 4263 1031 4316 hominis
1058 4278 1160 4314 non
1190 4263 1548 4313 ascenderunt
1568 4258 1632 4311 τί.
1666 4257 1792 4312 Ηεεε
1817 4256 1950 4311 mihi

851 3079 1121 3144 quomodo
1152 3085 1330 3146 potest
1363 3076 1592 3145 turpiter
1614 3075 1762 3129 circa
1803 3074 1958 3128 mini-

2065 3085 2091 3135 6
2123 3083 2426 3144 τελευταῖός
2456 3084 2572 3134 ἐστι
2604 3081 2708 3152 μὴν
2745 3081 2856 3151 (50)
2897 3081 3013 3151 μεθ’
3037 3081 3096 3134 ὃν
3121 3083 3263 3153 ἀρχὴ
3306 3083 3473 3152 μηνὸς
3512 3081 3628 3134 ἐτέ-

2066 3193 2159 3247 ρου
2198 3174 2470 3226 ἐνίσταται
2495 3190 2508 3202 °
2538 3171 2680 3224 οῦτω
2705 3173 2912 3242 μήποτε
2939 3171 3198 3226 πλειόνων
3234 3172 3444 3227 αἰώνων
3474 3171 3632 3226 οἱονεὶ

2062 3263 2304 3316 ἐνιαυτὸν
2351 3261 2562 3315 αἰώνων
2618 3261 3100 3332 συμπληρούντων,
3155 3263 3434 3316 συντέλεια
3489 3267 3630 3318 ἑστιν

2060 3355 2088 3405 6
2122 3349 2353 3414 ἐνεστὼς
2375 3349 2528 3414 αἰὼν,
2557 3350 2670 3422 μεθ’
2686 3351 2744 3403 ὃν
2768 3351 3050 3421 μέλλοντες
3066 3369 3208 3416 τινες
3230 3353 3423 3417 αἰῶνες
3442 3355 3630 3426 ἐνστή-

2062 3459 2266 3505 σονται,
2299 3436 2375 3496 ὧν
2397 3443 2538 3513 ἀρχή
2573 3445 2720 3495 ἐστιν
2742 3445 2769 3494 6
2801 3442 3026 3512 μέλλων,
3060 3446 3154 3496 καὶ
3183 3445 3240 3496 ἑν
3273 3446 3504 3508 ἐκείνοις
3523 3449 3631 3510 τοῖς

2063 3532 2348 3603 μέλλουσιν
2375 3532 2668 3598 ἐνδείξεται
2699 3536 2726 3586 6
2745 3533 2876 3596 Θεὸς
2909 3533 3002 3586 τὸν
3031 3534 3258 3587 πλοῦτον
3289 3537 3388 3606 τῆς
3416 3540 3630 3608 χάριτος

2060 3625 2221 3678 αὐτοῦ
2248 3627 2304 3677 ἐν
2333 3626 2695 3696 χρηστότητι·
2737 3625 2832 3678 τοῦ
2872 3626 3326 3697 ἀμαρτωλοτάτου
3353 3631 3446 3682 καὶ
3473 3631 3551 3692 εἰς
3569 3629 3628 3682 τὸ

2059 3716 2211 3784 ἅγιον
2256 3716 2482 3786 Πνεῦμα
2538 3717 3012 3788 δυσφημήσαντος,
3071 3719 3442 3788 κρατουμένου
3484 3720 3628 3790 παρά

2058 3806 2156 3874 τῆς
2191 3806 2466 3877 ἁμαρτίας
2505 3808 2561 3859 ὲν
2587 3807 2693 3875 ὅλῳ
2727 3806 2804 3876 τῷ
2834 3806 3086 3860 ἐνεστῶτι
3119 3807 3302 3872 αἰῶνι,
3337 3811 3430 3863 καὶ
3458 3812 3626 3882 ἀρχῆ-

2058 3896 2147 3949 θεν
2185 3896 2346 3965 μέχρι
2382 3896 2568 3959 τέλους
2618 3895 2694 3964 τῷ
2733 3895 2977 3964 μέλλοντι
3019 3895 3156 3962 μετά
3197 3896 3368 3949 ταῦτα
3405 3898 3505 3950 οὐκ
3536 3894 3626 3950 οἶδ’

2056 3984 2204 4047 ὅπως
2235 3984 2725 4054 οἰκονομησομένου
2757 3984 2892 4050 (5|).
2913 3985 3096 4036 Ταῦτα
3123 3985 3298 4037 τοίνυν
3325 3993 3353 4038 6
3377 3986 3518 4049 ἰδὼν,
3539 3988 3627 4041 καὶ

2056 4079 2122 4146 τῇ
2157 4074 2364 4146 διανοίᾳ
2397 4075 2606 4128 αἰώνων
2640 4075 2926 4144 ἑϐδομάδα,
2972 4077 3056 4127 ἵνα
3097 4075 3464 4147 σαϐϐατισμόν
3510 4095 3627 4132 τινα

2056 4163 2210 4231 ἆγιον
2239 4164 2510 4236 θεωρήσῃ,
2546 4166 2824 4236 ἐννοήσας,
2854 4166 2948 4218 καὶ
2972 4166 3183 4219 αἰώνων
3211 4166 3378 4236 μῆνα,
3412 4167 3498 4220 ἵνα
3528 4166 3622 4238 τὴν

2055 4255 2215 4324 ἁγίαν
2243 4256 2338 4310 τοῦ
2371 4257 2505 4312 Θεοῦ
2533 4257 2620 4329 ἴδῃ
2648 4257 2963 4326 νουμηνίαν·
2991 4258 3084 4310 καὶ
3119 4257 3326 4311 αἰώνων
3359 4259 3621 4324 ἑνιαυτὺν,

381 4358 696 4414 necessario
740 4356 1060 4409 excutienda
1099 4356 1208 4406 visa
1257 4363 1403 4414 Slllll,
1455 4360 1513 4405 ut
1555 4351 1948 4420 intelligeretur

2065 4349 2139 4401 ἵνα
2180 4348 2366 4421 συνίδῃ
2397 4348 2494 4412 τὰς
2531 4349 2624 4402 τοῦ
2659 4349 2906 4404 ἐνιαυτοῦ
2954 4367 3012 4402 τε
3043 4349 3252 4422 ἑορτὰς,
3277 4350 3364 4403 ὅτε
3399 4350 3480 4403 δεῖ
3504 4349 3627 4405 πᾶν

449 4545 493 4575 ⁸⁷
530 4544 696 4597 Hebr.
729 4557 820 4606 ιι,
857 4538 947 4594 ἳϐ.
1024 4540 1070 4572 ⁸⁸
1102 4539 1236 4610 Eph.
1268 4554 1330 4604 ιι,
1363 4539 1424 4593 7.
1501 4537 1545 4571 ⁸⁸
1571 4536 1796 4592 Denter.
1829 4551 1943 4599 xvi,

2065 4573 2071 4589 .
2147 4535 2193 4566 "°
2222 4535 2362 4603 Eph.
2393 4549 2449 4588 Ill
2471 4573 2484 4598 ,
2509 4535 2602 4586 9.0.
2679 4535 2723 4566 '”
2752 4501 2926 4590 lCor.
2957 4549 3030 4600 tt,
3075 4536 3131 4591 9.

380 4691 666 4744 decursum
701 4688 906 4756 pariter
935 4681 1556 4756 extentlit,sttl'l‘ragante
1581 4683 1771 4756 eodem
1806 4679 1948 4756 epo-

381 4760 547 4817 stolo.
579 4762 668 4826 qui
700 4750 764 4811 ex
799 4757 1035 4810 Sabbato
1059 4757 1175 4823 lege
1217 4753 1727 4826 Mosaicajnstituto
1755 4750 1944 4826 subin-

381 4833 486 4882 l'ert
517 4818 743 4896 relinqui
773 4818 1150 4896 sabbatismum
1202 4821 1396 4896 pnp‘ulo
1445 4823 1560 4896 Dei,
1593 4822 1858 4896 Hebr.__tv.
1889 4818 1942 4872 9.

379 4889 714 4952 Crediderim
750 4911 912 4966 porro
941 4895 1232 4966 Origenem
1260 4889 1346 4960 pio
1373 4891 1620 4954 consilio,
1657 4903 1712 4944 ut
1747 4889 1941 4966 Val_t_2n-

382 4968 708 5020 tinianorum
751 4955 982 5034 'prol'ana
1037 4955 1284 5034 dogmata
1327 4969 1616 5034 everteret,
1652 4975 1771 5027 quae
1804 4955 1937 5012 [Ευ-

383 5053 482 5092 nas
525 5030 790 5090 creationi
829 5033 976 5087 orbis
1015 5030 1333 5101 przepositos
1363 5030 1731 5093 venditabant,
1759 5039 1819 5101 et
1855 5039 1938 5081 to-

382 5120 492 5162 tam
525 5106 800 5160 ethnicaut
833 5099 1172 5172 theogoniam
1209 5116 1309 5153 una
1355 5101 1701 5162 invexerant,
1739 5099 1937 5172 decan-

383 5188 522 5233 tatos
559 5178 693 5231 istos
721 5173 925 5230 [Bonas
963 5167 1028 5225 ad
1083 5171 1259 5224 l‘utura
1297 5179 1597 5235 temporum
1641 5167 1814 5235 spatia
1840 5167 1936 5218 de—

381 5247 635 5311 llexisse;
669 5247 720 5300 in
755 5247 854 5298 hoc
885 5242 1225 5311 culpandum,
1247 5241 1388 5311 quod
1422 5237 1700 5311 Evangelii
1731 5236 1940 5311 simpli-

380 5321 593 5371 citatem
623 5306 994 5370 incrustaverit
1021 5309 1242 5382 gentilis
1266 5306 1616 5382 philosophia;
1647 5306 1934 5382 insoumiis

381 5389 444 5440 de
472 5387 683 5441 mundis
716 5385 945 5438 inlinitis
990 5377 1092 5437 sibi
1137 5377 1364 5448 invicem
1403 5377 1843 5436 succedentibus,
1880 5382 1934 5428 et

379 5457 681 5511 Academia:
722 5455 929 5524 placitis
949 5523 955 5524 ί
975 5455 1041 5508 de
1073 5447 1333 5505 caelorum
1390 5447 1495 5524 ad"
1516 5449 1706 5524 eadem
1738 5451 1931 5514 pum-ta

383 5516 827 5584 revolutionibus.
859 5534 913 5578 et
946 5523 1000 5576 in
1047 5533 1409 5591 maguo_anno
1439 5516 1720 5570 Platonico
1753 5529 1932 5569 rerum

380 5597 616 5647 Omnium
645 5597 1002 5648 restitutione.
1036 5589 1190 5645 em.
1230 5589 1400 5644 Oxon.

453 5663 564 5735 (45)
601 5666 666 5719 Ἢ
694 5665 997 5732 νεομηνία.
1023 5655 1457 5729 Bentleiuslegit,
1480 5658 1545 5727 τῇ
1582 5653 1860 5726 νεομηνία.

2130 4675 2241 4742 (46)
2281 4674 2556 4742 Χριστοῦ.
2588 4673 2748 4729 Forte
2776 4673 3080 4742 legendum,
3109 4671 3266 4742 Θεοῦ.

2127 4740 2238 4810 (47)
2285 4740 2649 4812 Ἁληθινούς.
2681 4757 2786 4798 etc.
2832 4740 2989 4808 Legit
3030 4740 3619 4812 Ιζυιιιιοίιιε,ἀληθινῶς,

2051 4815 2263 4878 οὐδενός
2303 4816 2420 4867 ἐστι
2459 4813 2597 4884 πλὴν
2629 4813 2724 4884 τοῦ
2761 4814 2858 4884 τὴν
2884 4811 3182 4884 Πατρικὴν,
3215 4813 3292 4864 vel
3333 4811 3620 4881 ἀληθινῶς,

2050 4885 2261 4945 οὐδενός
2288 4887 2434 4954 ἐστιν
2486 4882 2689 4954 οῦίτῂν
2736 4882 3039 4954 Πατρικήν.
3083 4882 3342 4936 Dominus
3366 4883 3621 4937 Claudius

2059 4956 2336 5021 Fleurv.et
2372 4953 2444 5024 μὴ
2467 4953 2558 5005 τοῦ
2587 4951 2686 5075 τίὲν
2718 4951 3022 5033 Πατρικην.

2113 5022 2437 5075 (48ὶϐυιίει
2483 5039 2609 5075 ιιιε..
2670 5021 2696 5074 ἑ
2743 5039 2832 5075 μοι
2879 5021 3018 5075 ἑπηλ

2113 5017 2229 5092 (48)
2253 5017 2444 5076 Ουιίὲί
2483 5039 2609 5087 ttts.,
2639 5017 2696 5075 δέ
2742 5017 2852 5093 μοι’
2879 5017 3133 5092 ἐπῆλθεν.
3189 5017 3366 5072 Editio
3413 5017 3618 5085 Oxon.,

2042 5094 2104 5148 δή
2140 5111 2226 5148 μοι
2249 5092 2509 5148 ἀπῆλθεν.

2179 5111 2226 5145 οι
2249 5109 2509 5146 απτιλυεν.

2074 5097 2104 5166 ἡ
2139 5111 2226 5163 μοι
2249 5097 2509 5164 ἀπῆλθεν.

2113 5164 2229 5234 (49)
2255 5162 2516 5231 Πλῆθος.
2565 5157 3005 5234 Bentleinslegjt,
3036 5157 3292 5234 πλοῦτος,
3343 5158 3507 5234 et_ita
3545 5157 3619 5211 le-

2042 5226 2272 5356 :iitﬂriu
2308 5226 2637 5288 codd.’ntss.
2682 5231 2866 5293 Alcm,
2916 5226 3086 5292 Clar.,
3145 5226 3446 5290 Colbert'i,
3483 5236 3620 5283 teste

2099 5321 2110 5355 ι
2161 5319 2232 5356 ιο.

2099 5303 2232 5357 illio.

2111 5370 2223 5442 (50)
2263 5370 2444 5426 Codex
2473 5385 2599 5433 ms.,
2644 5372 2768 5442 μή),
2803 5367 2970 5442 editio
2995 5366 3195 5442 Οκοιι..
3222 5367 3321 5437 μή.
3351 5366 3508 5442 male.

2114 5435 2230 5511 (5i)
2271 5435 2850 5511 Οἰκονομησομένου.
2895 5437 3076 5511 Lege,_
3119 5435 3618 5511 oixovopqﬁqeopi-

2041 5506 2156 5573 νου,
2188 5506 2242 5562 et
2275 5511 2456 5563 obiter
2485 5506 2716 5562 observa
2743 5510 3034 5574 Origenetn
3065 5508 3166 5560 hoc
3201 5506 3318 5560 loco
3343 5506 3616 5576 Quitlpiam

2041 5581 2270 5634 innuere
2309 5581 2456 5646 quod
2492 5579 2725 5646 pertinet
2749 5579 2814 5632 ad
2842 5576 3113 5643 obiectum
3139 5585 3195 5646 et
3229 5576 3448 5646 jurean
3477 5574 3618 5646 inju-

2041 5650 2121 5704 ria
2142 5644 2527 5716 exprobratutit
2553 5649 2602 5702 ei
2619 5645 3116 5718 dogma,diabolum
3137 5644 3305 5714 ipsum
3326 5644 3618 5715 aliquando
