3974 6160
277 279 372 338 821

1522 271 1856 329 LIBELLUS
1889 271 1976 326 DE
2008 271 2381 328 ORATIONE.

3396 270 3504 326 52?.

271 389 584 462 ἀρσενικὸν
614 389 868 445 ἐνώπιον
900 393 1218 461 φαίνεσθαι
1246 391 1469 460 Κυρίου
1495 392 1643 446 Θεοῦ
1669 409 1681 422 ·
1736 390 1831 448 καὶ

1953 391 2061 459 ιιιῑιΙ
2083 391 2154 446 sit
2180 391 2336 446 hodie
2357 399 2410 446 et
2435 389 2562 461 quid
2602 388 2674 445 sit
2710 389 2764 443 in
2809 390 2968 454 diem,
2995 389 3214 458 quando
3245 387 3504 444 substan-

269 481 590 555 τηλικούτων
620 480 828 534 αἰώνων
859 483 982 545 τοὺς
1017 481 1276 550 ἀνάλογον
1309 481 1608 545 ἐνιαυτοὺς,
1655 481 1741 534 ῖνα
1771 481 1834 542 τὸ

269 569 483 638 ἕϐδομον
512 567 665 635 ἅγιον
701 566 820 630 ἔτος
844 567 1268 640 καταλαμϐάνῃ·
1315 567 1408 620 καὶ
1442 566 1653 622 αἰώνων
1685 567 1833 620 ἐσδο-

271 659 520 728 ματικοὺς
543 657 653 730 (52)
686 657 843 722 ἑπτὰ,
879 658 1025 721 ὅπως
1061 659 1275 729 ὑμνήσῃ
1305 658 1396 711 τὸν
1425 657 1724 728 τηλικαῦτα
1747 674 1833 711 νο-

270 747 654 816 μοθετήσαντα,
683 747 964 811 ἐξετάσας,
1001 747 1116 810 πῶς
1150 747 1372 802 δύναται
1425 748 1828 820 μικρολογῆσαι

269 841 390 910 περὶ
421 839 515 892 τοῦ
548 839 828 910 ἐλαχίστου
859 840 1048 910 μορίου
1081 839 1228 909 ὧρας
1250 839 1350 909 τῆς
1375 838 1470 892 τοῦ
1503 838 1824 907 τηλικούτου

267 931 450 993 αἰῶνος
474 930 704 1002 ἡμέρας,
741 931 835 984 καὶ
860 930 980 999 οὐχὶ
1002 930 1179 983 πάντα
1213 931 1445 999 ποιήσει,
1481 928 1567 981 ἵνα
1590 929 1698 982 ἀπὸ
1727 928 1828 998 τῆς

265 1022 488 1076 ἐνταῦθα
521 1023 872 1094 παρασκευῆς
908 1021 1054 1088 ἄξιος
1083 1022 1368 1091 γενόμενος
1395 1019 1489 1074 τοῦ
1523 1023 1706 1091 τυχεῖν
1733 1019 1828 1072 τοῦ

264 1113 528 1167 ἐπιουσίου
561 1114 726 1184 ἄρτου
777 1115 834 1166 ἐν
871 1116 939 1184 τῇ
981 1114 1219 1184 σήμερον
1254 1113 1456 1184 ἡμέρᾳ,
1495 1112 1634 1184 λάϐῃ
1668 1110 1830 1164 αὐτὸν

1938 481 2116 535 tialem
2156 482 2311 536 nobis
2345 496 2540 550 panem
2589 495 2810 536 oramus
2842 483 2906 534 ab
2957 481 3126 549 ipsius
3153 481 3316 533 Patre
3361 479 3504 534 dari.

1935 569 2256 642 Quanquam
2289 572 2633 639 autemjuxta
2667 572 2942 641 posterius
2964 571 3311 641 Evangelium
3343 580 3503 625 antea

1932 661 2350 729 expenderimus
2377 676 2562 714 vocem
2585 669 2845 723 nostrum,
2867 661 2955 714 ubi
2979 661 3176 715 dicitur
3193 674 3295 713 non
3318 674 3506 726 panem

1934 760 2173 804 nostrum
2211 749 2606 804 substantialem
2641 751 2709 804 da
2755 752 2902 805 nobis
2954 751 3134 815 hodie,
3178 751 3272 804 sed
3317 765 3505 819 panem

1935 849 2173 892 nostrum
2201 840 2600 894 substantialem
2632 841 2701 893 da
2739 843 2886 895 nobis
2913 843 2969 895 in
2998 843 3173 905 diem;
3215 851 3391 895 tamen
3421 841 3510 894 itt-

1936 932 2259 1001 quirendum
2287 933 2448 986 etiam
2475 941 2558 986 est
2591 934 2860 1001 quomodo
2891 945 3076 989 noster
3108 936 3178 989 sit
3207 935 3293 989 hic
3328 934 3508 1004 panis.

1939 1021 2104 1074 Docet
2130 1030 2307 1076 autem
2334 1022 2644 1091 Apostolus,
2667 1024 2772 1077 sive
2791 1024 2977 1088 vitam,
3006 1027 3112 1080 sive
3134 1037 3376 1089 mortem,
3403 1027 3508 1080 sive

1939 1113 2368 1182 prwsentia,siee
2387 1114 2569 1184 futura
2599 1117 2776 1168 omnia
2809 1116 2878 1180 ⁷³,
2905 1127 3216 1172 sanctorum
3241 1134 3380 1174 esse.
3436 1118 3509 1172 De

265 1208 350 1260 καὶ
369 1208 496 1261 καθ’
522 1207 782 1275 ἡμέραν;
815 1205 951 1275 Ἤδη
977 1203 1178 1272 σαφοῦς
1206 1205 1270 1256 ἐκ
1298 1203 1406 1255 τῶν
1424 1203 1832 1274 προειρημένων

1953 1217 2047 1271 quo
2077 1218 2184 1256 non
2214 1214 2297 1257 est
2326 1217 2547 1258 necesse
2573 1221 2718 1259 nunc
2744 1207 2945 1260 dicere.

265 1299 564 1368 γινομένου,
598 1296 690 1349 τοῦ
716 1298 840 1371 καθ’
863 1295 1108 1364 ἡμέραν·
1143 1293 1220 1363 τῷ
1247 1293 1355 1363 γὰρ
1401 1291 1460 1356 ἐξ
1500 1293 1740 1362 ἀπείρων
1775 1293 1861 1344 ἐπ’
1894 1292 2118 1362 ἄπειρον
2149 1291 2262 1345 ὄντι
2307 1292 2424 1362 Θεῷ
2466 1294 2526 1345 ού
2573 1294 2730 1363 μόνον
2773 1296 2900 1365 περὶ
2949 1297 3050 1364 τῆς
3109 1297 3344 1367 σήμερον
3374 1296 3508 1367 (55),

264 1394 393 1450 ἀλλὰ
425 1393 522 1446 καί
551 1409 666 1455 πως
707 1390 800 1443 τοῦ
833 1391 954 1445 καθ’
999 1389 1210 1460 ἡμέραν
1252 1391 1280 1442 ὀ
1317 1389 1554 1459 σήμερον
1601 1387 1908 1458 εὐχόμενος,
1941 1387 2047 1440 ἀπὸ
2075 1387 2182 1441 τοῦ
2213 1387 2473 1442 δυνατοῦ
2518 1389 2861 1461 δωρήσασθαι
2911 1389 3062 1457 ὑπὲρ
3103 1391 3172 1444 ἐκ
3214 1392 3508 1458 περισσοῦ

260 1483 344 1540 ὧν
366 1487 683 1554 αἰτούμεθα
720 1485 756 1551 ἢ
782 1483 1058 1553 νοοῦμεν,
1111 1482 1294 1535 λαϐεῖν
1349 1477 1458 1546 οἷός
1491 1500 1548 1535 τε
1591 1481 1764 1544 ἔσται,
1813 1481 1877 1533 ἵν’
1911 1480 2082 1545 οὕτως
2113 1483 2484 1554 ὑπερϐολικῶς
2514 1485 2652 1538 εἴπω
2672 1527 2687 1551 ,
2718 1485 2812 1538 καὶ
2845 1484 2911 1539 τὲ
2951 1486 3090 1556 ὑπὲρ
3132 1484 3168 1538 ἃ
3202 1486 3510 1556 ὀφθαλμὸς

259 1581 367 1632 οὐκ
399 1575 556 1644 εἶδε,
606 1578 700 1630 καὶ
757 1578 826 1630 τὰ
855 1577 997 1646 ὑπὲρ
1032 1575 1066 1629 ἃ
1109 1570 1217 1642 οὖς
1269 1579 1380 1630 οὐκ
1422 1576 1669 1644 ἤκουσε,
1724 1577 1916 1630 καὶτὰ
1946 1577 2085 1649 ὑπὲρ
2131 1578 2166 1631 ἃ.
2201 1578 2300 1630 ἐπὶ
2355 1579 2603 1648 καρδίαν
2641 1579 2952 1647 ἀνθρώπου
3000 1583 3109 1634 οὐκ
3151 1581 3352 1648 ἀνέϐη.
3402 1581 3511 1634 Kal.

259 1672 427 1725 ταῦτα
465 1671 526 1724 δέ
567 1687 657 1740 μοι
707 1670 815 1741 (54)
859 1670 1003 1723 δοκεῖ
1031 1669 1438 1738 ἀναγκαιότατα
1469 1668 1790 1740 ἐξητάςσθαι,
1812 1670 1898 1722 ἵνα
1941 1671 2001 1722 τό
2032 1687 2092 1722 τε
2113 1670 2380 1739 σήμερον
2400 1671 2583 1743 νοηθῇ,
2621 1672 2713 1724 καὶ
2752 1671 2811 1724 τὸ
2839 1672 2968 1727 καθ’
2992 1673 3239 1742 ἡμέραν,
3284 1672 3372 1724 ὅτε
3417 1673 3509 1726 τὸν

265 1762 540 1815 ἐπιούσιον
573 1762 733 1832 ἄρτον
777 1759 994 1829 δοθῆναι
1027 1761 1155 1830 ἡμῖν
1186 1759 1293 1811 ἀπὸ
1327 1757 1539 1828 Πατρὸς
1595 1757 1757 1810 αὑτοῦ
1813 1758 2100 1828 εὐχόμεθα.
2139 1761 2200 1811 Ei
2249 1759 2342 1812 καὶ
2377 1761 2684 1814 τελευταῖον
2732 1759 2843 1829 (55)
2887 1759 2944 1811 δὲ
3003 1760 3203 1830 βιϐλίον
3247 1762 3509 1832 πρότερον

258 1852 583 1921 ἐξετάσομεν
631 1849 692 1902 τὸ
751 1847 919 1917 ’ἡμῶν
942 1866 954 1878 ·
1011 1848 1132 1901 ἐπεὶ
1173 1846 1389 1915 λέγεται
1434 1847 1554 1917 οὐχὶ
1594 1847 1700 1900 τὸν
1727 1846 1910 1916 ἄρτον
1942 1848 2110 1917 ἡμῶν
2137 1849 2242 1902 τὸν
2260 1850 2573 1905 ἐπιούσιον
2595 1850 2701 1915 δὸς
2730 1850 2873 1920 ἡμῖν
2901 1849 3183 1920 σήμερον,
3213 1851 3368 1916 ἀλλὰ,
3406 1851 3511 1905 τόν

260 1939 437 2006 ἄρτον
470 1937 642 2007 ἡμῶν
671 1936 776 1990 τὸν
802 1937 1113 1990 ἐπιούσιον
1137 1935 1308 1990 δίδου
1325 1935 1468 2005 ἡμῖν
1489 1936 1616 1990 καθ’
1643 1936 1890 2005 ἡμέραν·
1924 1939 2074 2008 ὅμως
2111 1956 2171 1991 τε
2209 1939 2524 2006 ἐξεταστέον
2557 1939 2674 2003 πῶς
2705 1939 2862 2010 ἡμῶν
2894 1940 3042 1992 ἐστιν
3067 1942 3096 1989 ὀ
3127 1940 3289 2012 ἄρτος
3335 1937 3506 2006 οὗτος.

258 2028 504 2082 Διδάσκει
547 2028 610 2099 δὴ
661 2027 769 2098 (56)
805 2029 833 2080 ὀ
900 2027 1246 2090 Ἀπόστολος,
1298 2029 1409 2093 ὅτι,
1459 2027 1568 2080 εἴτε
1609 2027 1750 2098 ζωὴ,
1788 2029 1896 2081 εἴτε
1933 2028 2178 2094 θάνατος,
2209 2033 2315 2084 εἴτε
2355 2032 2634 2102 μέλλοντα,
2668 2032 2843 2084 πάντα
2878 2031 2985 2085 τῶν
3019 2032 3186 2100 ἁγίων
3218 2033 3382 2085 ἐστίν·
3412 2034 3511 2086 οὐκ

259 2124 553 2191 ἀναγκαῖον
577 2123 668 2175 ἐπὶ
695 2122 785 2175 τοῦ
823 2122 1086 2192 παρόντος
1113 2121 1312 2191 λέγειν.

325 2213 438 2266 Καί
483 2212 632 2282 ἄφες
674 2212 816 2282 ἡμῖν
857 2213 930 2266 τὰ
975 2213 1347 2283 ὀφειλήματα
1378 2215 1567 2285 ἡμῶν,
1617 2216 1697 2281 ὡς
1740 2216 1838 2270 καὶ

2013 2214 2105 2269 28.
2143 2214 2209 2267 Et
2244 2215 2449 2268 dimitte
2495 2214 2644 2267 nobis
2682 2213 2858 2266 debita
2885 2222 3092 2277 nostra,
3149 2214 3280 2267 sicut
3328 2224 3373 2267 et
3415 2231 3510 2269 nos

259 2303 430 2372 ἡμεῖς
485 2303 800 2372 ἀφήκαμεν
843 2304 966 2369 τοῖς
1015 2303 1350 2372 ὀφειλέταις
1395 2303 1596 2374 ήμῶν·
1637 2306 1670 2374 ἢ
1706 2306 1780 2368 ὡς
1808 2306 1836 2356 ὁ

257 2395 494 2458 Λουκᾶς·
526 2395 636 2448 Καὶ
666 2393 815 2463 ἄφες
851 2395 994 2464 ἡμῖν
1028 2395 1136 2461 τὰς
1179 2397 1466 2464 ἁμαρτίας
1491 2393 1688 2464 ἡμῶν,
1736 2395 1839 2449 καί

256 2484 368 2554 γὰρ
397 2486 569 2540 αὐτοὶ
599 2485 918 2554 ἀφήκαμεν
941 2487 1119 2540 παντὶ
1161 2487 1464 2554 ὀφείλοντι
1493 2485 1656 2554 ἡμῖν.
1702 2487 1838 2558 Περὶ

253 2578 367 2630 τῶν
401 2578 782 2648 ὀφειλημάτων
811 2578 905 2631 καὶ
935 2580 963 2630 ὀ
1004 2577 1320 2640 Ἀπόστολος
1342 2577 1509 2646 λέγει·
1559 2579 1832 2633 Ἀπόδοτε

257 2667 415 2724 πᾶσι
453 2669 558 2733 τὰς
591 2668 853 2736 ὀφειλάς·
883 2668 964 2734 τῷ
994 2668 1100 2722 τὸν
1135 2670 1343 2738 φόρον,
1371 2668 1476 2722 τὸν
1510 2671 1720 2738 φόρον·
1765 2669 1842 2737 τῷ

255 2757 368 2814 τὸν
400 2758 610 2825 φόϐον,
639 2756 744 2810 τὸν
768 2759 976 2826 φόϐον·
1004 2757 1084 2822 τῷ
1111 2757 1176 2810 τὸ
1213 2757 1405 2824 τέλος,
1444 2757 1509 2810 τὸ
1537 2756 1732 2824 τέλος,
1763 2759 1843 2824 τῷ

253 2847 374 2915 τὴν
389 2847 589 2915 τιμὴν,
610 2847 723 2915 τὴν
745 2847 941 2916 τιμήν.
961 2847 1185 2914 Μηδενὶ
1203 2847 1396 2916 μηδὲν
1410 2849 1679 2916 ὀφείλετε
1707 2849 1839 2919 (57),

252 2940 307 2992 εί
333 2937 431 3007 μὴ
462 2937 528 2989 τὸ
557 2935 872 3002 ἀλλήλους
904 2935 1161 3005 ἀγαπᾷν.
1195 2937 1513 3006 Ὀφείλομεν
1554 2939 1842 3009 τοιγαροῦν

255 3029 474 3100 ἔχοντες
510 3045 628 3080 τινα
661 3027 969 3097 καθήκοντα
997 3028 1057 3078 οὐ
1099 3028 1258 3097 μόνον
1306 3029 1364 3081 ἐν
1389 3032 1454 3102 τῇ
1492 3030 1656 3093 δόσει,
1709 3029 1845 3084 ἀλλὰ

257 3124 353 3177 καὶ
380 3121 526 3192 λόγῳ
551 3122 831 3191 προσηνεῖ,
860 3119 953 3171 καὶ
997 3118 1167 3171 τοῖσδέ
1201 3135 1310 3172 τισι
1341 3123 1451 3182 τοῖς
1484 3120 1683 3192 ἔργοις·
1705 3120 1842 3174 ἀλλὰ

257 3216 355 3268 καὶ
386 3212 624 3266 διάθεσίν
661 3229 780 3265 τινα
823 3211 1031 3264 τοιάνδε
1060 3212 1346 3284 ὀφείλομεν
1377 3211 1519 3282 ἔχειν
1563 3213 1699 3283 πρὸς
1745 3213 1841 3265 αύ-

257 3301 388 3365 τούς
411 3302 543 3372 (58).
578 3300 759 3353 Ταῦτα
782 3301 844 3372 δὴ
871 3300 1200 3370 ὀφείλοντες,
1241 3303 1360 3376 ἤτοι
1400 3302 1720 3372 ἀποδίδομεν
1752 3301 1841 3354 διὰ

258 3391 356 3444 τοῦ
386 3391 652 3443 ἐπιτελεῖν
673 3390 740 3443 τὰ
769 3391 1214 3462 προστασσόμενα
1240 3391 1344 3444 ὑπὸ
1365 3390 1458 3443 τοῦ
1483 3390 1625 3444 θείου
1649 3390 1838 3461 νόμου,

1941 2305 2102 2375 252
2133 2305 2448 2357 dimittimus
2477 2304 2798 2358 debitoribus
2821 2305 3039 2357 nostris.
3069 2303 3174 2356 Aut
3198 2312 3256 2357 ut
3289 2304 3462 2359 Lucas
3492 2321 3508 2359 :

1943 2396 2014 2449 Et
2038 2397 2242 2450 dimitte
2263 2396 2412 2449 nobis
2439 2406 2650 2464 peccata
2685 2405 2889 2458 nostra,
2911 2394 3171 2463 siquidem
3199 2404 3248 2448 et
3278 2395 3378 2463 ipsi
3423 2395 3510 2450 di-

1942 2489 2197 2542 mittimus
2232 2489 2375 2541 omm’
2408 2488 2614 2541 debenti
2663 2487 2834 2541 nobis.
2870 2487 2946 2541 De
2992 2486 3191 2541 debitis
3222 2487 3513 2556 Apostolus

1942 2570 2107 2633 etiam
2139 2577 2256 2630 ait:
2305 2575 2521 2630 Reddite
2559 2577 2800 2630 omnibus
2847 2577 3055 2641 debila;
3091 2577 3176 2632 cui
3219 2577 3512 2647 tributum,

1944 2668 2234 2729 tributum;
2272 2667 2358 2719 cui
2390 2666 2627 2735 vectigal,
2664 2667 2916 2736 uectigal;
2947 2668 3029 2720 cui
3064 2669 3322 2737 timorem,
3355 2671 3514 2725 timo-

1945 2774 2051 2810 rem
2073 2773 2090 2821 ;
2115 2757 2198 2810 cui
2223 2759 2500 2821 honorem,
2531 2757 2801 2811 honorem.
2827 2754 3060 2812 'Nemini
3093 2760 3382 2830 quidquam
3423 2761 3519 2816 de-

1945 2849 2131 2914 beatis,
2160 2848 2264 2900 nisi
2307 2859 2360 2900 ut
2407 2847 2623 2914 invicem
2663 2849 2898 2916 diligatis
2928 2849 2995 2903 ⁷³.
3030 2850 3296 2906 Debemus
3326 2851 3512 2923 igitur,

1947 2940 2317 3006 hahemusqne
2349 2938 2617 3007 implenda
2651 2937 2832 2992 ofﬁcia
2862 2941 3109 3008 quaedam
3130 2979 3146 3006 ,
3192 2957 3302 2998 non
3339 2943 3515 2998 dando

1943 3029 2140 3093 solum,
2183 3030 2274 3083 sed
2303 3038 2358 3083 et
2386 3029 2619 3098 benigne
2654 3029 2945 3098 loquendo,
2991 3045 3055 3087 ac
3092 3033 3261 3088 certis
3289 3033 3515 3103 quibus-

1943 3121 2064 3172 dam
2097 3119 2342 3189 agendis.
2367 3121 2509 3186 Quin
2541 3130 2596 3174 et
2621 3128 2770 3176 certo
2797 3123 3030 3190 quodam
3064 3125 3224 3178 modo
3249 3123 3429 3180 ali'ecti
3459 3124 3516 3180 in

1943 3209 2078 3263 alios
2118 3224 2238 3264 esse
2281 3209 2568 3275 debemus;
2617 3225 2738 3279 qua:
2766 3211 2948 3267 debita
2984 3225 3077 3267 aut
3099 3215 3381 3272 reddimus
3414 3215 3518 3271 im-

1943 3299 2150 3368 pientes
2168 3314 2289 3368 qua:
2325 3299 2502 3354 divina
2531 3300 2647 3371 lege
2673 3303 2985 3373 praescripta
3037 3312 3188 3369 sunt,
3243 3316 3338 3360 aut
3386 3320 3516 3362 con-

1946 3400 2142 3458 tempta
2187 3405 2318 3445 sana
2368 3391 2579 3446 ratione
2631 3407 2738 3447 non
2774 3394 3077 3461 reddimus,
3121 3410 3517 3469 manemusque

260 3485 292 3556 ἦ
325 3483 406 3553 τῷ
436 3484 797 3553 καταφρονεῖν
827 3481 919 3534 τοῦ
968 3482 1154 3550 ὑγιοῦς
1185 3482 1366 3551 λόγου,
1406 3482 1481 3554 μὴ
1499 3481 1838 3545 ἀποδιδόντες

1953 3482 2247 3536 debitores.
2287 3481 2469 3536 Simili
2492 3483 2650 3536 modo
2680 3485 2993 3538 aestimanda
3025 3493 3154 3540 sunt
3183 3500 3306 3555 quae
3332 3485 3520 3542 fratri-

261 3541 501 3644 μένομεν
535 3541 700 3643 ἐν.
720 3572 970 3642 ὀφείλειν.
995 3541 1068 3625 'i‘o
1094 3541 1481 3643 crepuititﬁ'ct'ov'
1502 3572 1595 3624 καὶ
1626 3541 1844 3640 νοητέον

1953 3572 2048 3625 bus
2075 3571 2357 3637 debemus,
2385 3583 2439 3626 et
2473 3572 2538 3627 iis
2567 3575 2660 3640 qui
2700 3588 2798 3642 per
2828 3575 3104 3644 religionis
3142 3541 3306 3632 verba
3334 3578 3514 3634 nobiss

257 3668 314 3718 ἐν
345 3669 462 3730 τοῖς
500 3665 636 3737 πρὸς
668 3666 793 3729 τοῦς
815 3664 1076 3735 ἀδελφοὺς
1093 3665 1438 3736 ὀφειλήμασι,
1469 3663 1594 3726 τούς
1621 3681 1680 3716 τε
1707 3662 1848 3716 κατὰ

256 3757 348 3809 τὸν
365 3759 464 3828 τῆς
488 3757 796 3822 θεοσεϐείας
817 3757 972 3826 λόγον
987 3759 1043 3810 ἐν
1063 3757 1282 3829 Χριστῷ
1308 3759 1439 3828 ἡμῖν
1460 3773 1850 3825 συναναγεγεν-

259 3849 554 3920 νημένους,
593 3851 686 3902 καὶ
710 3851 834 3913 τοὺς
861 3850 1226 3921 ὁμομητρίους
1251 3849 1283 3920 ἢ
1310 3848 1670 3920 ὁμοπατρίους
1696 3851 1846 3920 ἡμῖν.

263 3941 422 3993 Ἐστι
463 3958 554 4003 τις
589 3941 681 3993 καὶ
724 3941 859 4012 πρὸς
896 3941 1119 4004 πολίτας
1153 3941 1364 4012 ὀφειλὴ,
1405 3941 1500 3994 καὶ
1532 3940 1665 4012 ἄλλη
1695 3940 1848 4010 κοινὴ

263 4033 403 4105 πρὸς
430 4033 646 4094 πάντας
681 4031 1021 4104 ἀνθρώπους,
1055 4033 1162 4085 ἰδία
1197 4032 1295 4102 μὲν
1319 4031 1520 4097 ξένους,
1549 4033 1653 4084 ίδία
1677 4031 1734 4084 δὲ
1753 4033 1848 4084 καὶ

263 4125 483 4195 ἠλικίαν
519 4124 631 4194 (59)
656 4125 905 4194 πατέρων
934 4123 1182 4193 ἔχοντας·
1215 4123 1309 4175 καὶ
1347 4123 1481 4191 ἄλλη
1515 4122 1650 4192 πρός
1674 4139 1846 4184 τινας,

263 4216 357 4280 οὒς
379 4215 608 4284 εὔλογον
638 4216 712 4278 ὼς
735 4215 882 4277 υἱοὺς
910 4213 942 4284 ἣ
967 4213 1041 4275 ὡς
1073 4213 1332 4281 ἀδελφοὺς
1364 4214 1547 4282 τιμᾷν.
1583 4213 1640 4266 '0
1668 4208 1760 4265 οὖν
1780 4210 1851 4263 τὰ

267 4309 600 4380 ὀφειλόμενα
656 4305 902 4374 ἀδελφοῖς
951 4301 1312 4357 ἐπιτελεῖσθαι
1355 4302 1428 4372 μὴ
1465 4300 1653 4366 ποιῶν,
1701 4301 1850 4372 μένει

265 4400 556 4471 ὀφειλέτης
579 4391 652 4451 ὧν
682 4397 756 4468 μὴ
787 4397 1100 4468 πεποίηκεν.
1125 4394 1313 4458 Οῦτως
1336 4395 1412 4458 δὲ,
1444 4395 1492 4447 εί
1524 4393 1616 4446 καὶ
1642 4390 1850 4463 ἀνθρώ-

271 4509 392 4554 ποις
441 4490 556 4544 ait?)
604 4489 699 4542 τοῦ
750 4487 1125 4559 φιλανθρώπου
1164 4488 1264 4558 τῆς
1311 4487 1500 4556 σοφίας
1545 4485 1848 4555 πνεύματος

272 4584 673 4637 ἐπιϐαλλόντων
685 4583 846 4636 τινῶν
863 4583 952 4652 ἀφ’
969 4581 1123 4652 ἡμῶν
1139 4579 1472 4650 ὲλλείποιμεν
1497 4577 1632 4648 (63),
1651 4577 1850 4630 πλείων

273 4674 487 4743 γίνεται
519 4675 552 4745 ἡ
579 4674 786 4746 ὀφειλή.
819 4674 976 4728 Ἀλλὰ
1003 4675 1095 4727 καί
1120 4675 1177 4726 ἐν
1202 4675 1313 4736 τοῖς
1345 4673 1423 4735 είς
1452 4672 1596 4741 ἡμᾶς
1631 4669 1846 4732 αὐτοὺς,

351 4837 445 4890 "l
479 4837 603 4892 Cor.
629 4853 722 4902 ιιι,
748 4831 844 4888 22.
904 4835 951 4867 ⁷³
982 4833 1138 4888 Rom.
1167 4847 1297 4897 ιιιιι,
1336 4831 1391 4897 7,
1421 4832 1478 4887 8.

283 5000 404 5053 fore
440 4997 782 5052 salvandum.
817 4997 1015 5052 Conler
1039 5011 1161 5065 quae
1190 5010 1248 5049 ea
1276 4994 1342 5048 de
1372 5009 1430 5048 re
1470 4992 1848 5061 disqulruntur
1881 4993 1925 5049 Β

284 5068 732 5137 Origenianorum
779 5068 870 5122 lib.
906 5084 980 5132 ιι,
1015 5066 1311 5135 quastione
1342 5065 1648 5127 undecima,
1693 5077 1846 5116 num.

285 5137 501 5201 16,17,
543 5137 608 5190 18
632 5147 685 5190 et
706 5137 798 5190 2i.

356 5199 475 5274 (52)
517 5206 692 5260 Codex
723 5221 822 5274 nis.
847 5200 1474 5274 Ἑϐδοματικούς.1ζιίὶιί‹ι
1494 5199 1689 5264 Οιιοιι.,
1708 5199 1855 5253 ἐϐδο-

288 5269 564 5349 ματ-ικῶς.
592 5269 1036 5349 Bentleiuslcgit,
1066 5269 1475 5349 ἑϐδομαδικούςΣ

350 5347 474 5426 (55)
512 5336 649 5414 Περὶ
680 5344 788 5412 τῆς
811 5336 1091 5413 σήμερον.
1127 5336 1270 5413 Lego
1295 5356 1417 5397 cum
1443 5336 1854 5409 Bentleiomepi

283 5418 378 5469 τοῦ
405 5418 670 5487 σήμερον.

359 5472 694 5556 (ὅίῖοὸύοι
723 5499 849 5552 ms.,
865 5483 1039 5538 ταῦτα
1055 5482 1112 5535 δέ
1141 5499 1251 5553 μοι,
1277 5480 1441 5534 editio
1463 5479 1664 5543 Oxon.,
1685 5472 1857 5528 ταῦτα

286 5554 352 5625 δή
369 5554 495 5633 εει·

362 5609 479 5694 (85)
524 5621 1033 5694 Κιιὶᾈτελευτιτῖυν,
1079 5626 1186 5694 etc.
1227 5615 1400 5694 Lego,
1435 5616 1484 5668 ei
1513 5611 1652 5668 κατὰ
1682 5609 1863 5666 τελευ-

292 5684 442 5747 ταῖον
462 5684 530 5746 ’δὲ
567 5692 768 5763 βιϐλίον
792 5684 1055 5762 πρότερον
1084 5684 1442 5756 ὲξητάσαμεν.

622 5784 896 5845 Ρηιιοι..
937 5779 1054 5840 Gtt.
1102 5777 1208 5837 XI.

1950 3677 2070 3716 cum
2099 3671 2225 3716 sunt
2255 3663 2309 3716 in
2340 3663 2556 3718 Christo
2590 3665 2916 3732 regenerati,
2947 3680 3011 3720 ac
3039 3667 3103 3721 iis
3123 3667 3214 3737 qui
3240 3669 3426 3723 eadem
3455 3683 3522 3723 ac

1953 3771 2054 3810 nos
2080 3765 2253 3811 matre
2273 3757 2356 3810 vel
2395 3757 2586 3812 eodem
2615 3766 2771 3826 patre
2800 3759 2986 3828 geniti.
3013 3760 3078 3815 Et
3112 3761 3332 3832 aliquod
3356 3764 3519 3818 etiam

1954 3862 2082 3915 erga
2122 3848 2272 3901 cives
2309 3848 2575 3911 debitum,
2629 3849 2755 3903 item
2793 3851 2937 3905 aliud
2969 3867 3096 3922 erga
3126 3853 3374 3910 homines
3403 3870 3521 3911 om-

1956 3953 2052 3992 nes
2076 3952 2389 4006 commune;
2414 3940 2688 4008 proprium
2720 3941 2846 3995 item
2867 3941 2920 3995 in
2942 3942 3212 4013 hospites;
3240 3946 3518 4018 proprium

1948 4028 2003 4080 in
2032 4042 2145 4098 eos,
2175 4028 2266 4096 qui
2300 4037 2582 4097 parentum
2616 4038 2830 4087 aetatem
2852 4030 3079 4096 habent;
3113 4033 3254 4089 aliud
3283 4036 3336 4090 in
3357 4051 3522 4104 quos-

1953 4120 2075 4174 dam
2101 4135 2238 4190 quos
2265 4137 2474 4190 aequum
2512 4133 2598 4177 est
2633 4131 2692 4176 ut
2725 4123 2863 4177 filios
2887 4132 2978 4177 aut
3005 4132 3063 4177 ut
3099 4123 3294 4180 fratres
3317 4126 3522 4182 honore

1953 4211 2230 4278 prosequi.
2263 4210 2426 4280 igitur
2456 4211 2550 4281 qui
2575 4227 2634 4265 ea
2662 4227 2770 4266 non
2801 4213 2930 4267 facit
2961 4227 3082 4281 quae
3110 4213 3164 4267 in
3193 4215 3391 4269 fratres
3416 4216 3520 4270 im-

1958 4300 2150 4366 plenda
2181 4309 2328 4363 sunt,
2360 4301 2573 4354 debitor
2601 4307 2783 4354 manet
2824 4315 3037 4370 eorum,
3067 4317 3186 4371 quae
3212 4306 3522 4372 prtetermi-

1958 4391 2056 4454 sit;
2092 4390 2343 4444 similiter
2381 4391 2425 4446 si
2454 4390 2696 4446 desimus
2728 4391 3038 4446 hominibus
3070 4394 3122 4448 in
3150 4393 3239 4457 iis,
3285 4408 3404 4464 quae
3427 4411 3524 4464 per

1964 4479 2412 4535 lmmanissimum
2435 4481 2716 4550 Sapientia:
2746 4483 2997 4550 spiritum
3035 4497 3062 4537 a
3087 4484 3242 4540 nobis
3266 4486 3525 4543 obvenire

1966 4570 2072 4626 illis
2095 4572 2270 4637 decet,
2299 4573 2472 4644 majus
2506 4575 2566 4628 ﬁt
2588 4576 2848 4629 debitum.
2884 4573 3023 4640 Quin
3069 4585 3122 4630 et
3147 4576 3196 4629 in
3223 4577 3286 4631 iis
3309 4591 3429 4647 qum
3457 4580 3526 4633 ad

1964 4679 2062 4720 nos
2087 4665 2382 4734 pertinent,
2414 4667 2670 4721 debemus
2701 4681 2926 4737 corpore
2954 4667 3169 4737 quidem
3193 4667 3274 4724 sic
3300 4669 3397 4738 uti,
3427 4683 3528 4726 nec

2027 4989 2140 5056 (56)
2175 4987 2352 5042 Codex
2383 5001 2508 5052 ms.,
2551 4988 2790 5040 διδάσκει
2822 4988 2909 5056 δή.
2933 4985 3123 5056 _Editi0
3152 4988 3350 5046 0mm,
3368 4986 3526 5056 διδά-

1959 5048 2076 5112 σκει
2104 5048 2182 5109 δέ.
2224 5057 2390 5109 Paulo
2432 5048 2553 5125 post
2584 5058 2723 5126 lego,
2765 5048 2893 5128 περ).
2925 5048 3022 5122 ὧν,
3055 5059 3137 5110 Vel
3177 5058 3302 5127 περὶ
3339 5051 3397 5109 οὗ
3429 5059 3530 5108 οὐκ

1959 5128 2276 5195 ἀναγκαῖον,
2291 5138 2400 5179 etc.

2032 5192 2145 5266 (57)
2185 5197 2368 5251 Codex
2420 5212 2544 5260 ms.,
2593 5196 2873 5265 ὀφείλετε·
2929 5195 3099 5249 editio
3144 5194 3341 5256 Oxon.,
3378 5192 3529 5258 ὀφεί-

1961 5267 2148 5458 ληζξίέ)
2189 5333 2342 5402 Πρὸς
2363 5335 2600 5396 αὺτούς.
2632 5331 3168 5399 Bentleiolcgendum
3204 5329 3416 5382 videtur
3443 5324 3527 5377 vel

1966 5424 2042 5458 πο
2075 5423 2102 5458 :
2135 5403 2473 5458 ἀνθρώπους.
2510 5404 2586 5454 vel
2621 5403 2758 5458 πρὸς
2776 5401 3053 5458 ἀλλήλους.
3466 5456 3476 5458 _

1966 5401 2120 5479 πρῖξς-
2135 5401 2473 5479 sideways,
2510 5404 2598 5479 νεὶ
2621 5403 2758 5479 “eis
2776 5401 3053 5479 ἀλλήὶτῖυςε

2037 5456 2166 5546 (ἔοι
2184 5456 2345 5542 Légo,
2378 5456 2482 5525 ιδίά
2508 5473 2642 5543 πρὸς
2667 5456 2869 5534 ξένους,
2897 5456 3092 5521 istas:
3120 5465 3213 5524 καὶ
3244 5460 3378 5532 πρὸς
3401 5456 3529 5527 τοὺς

1966 5544 2197 5619 ἡλικίαν,
2221 5553 2327 5598 etc.

2041 5611 2591 5692 (ϐυγελλείποιμεν.
2624 5608 2808 5673 Forte,
2843 5601 3192 5674 ἐλλείπομεν..

2975 5825 3003 5837 φ
3088 5747 3174 5810 17
