3974 6160
483 233 590 287 625
1938 227 2036 282 Οῐῖ

2139 226 2262 282 ζΝιὸ
3639 234 3744 293 524

483 359 680 400 carnes
711 341 829 411 ejus
860 339 1153 410 voluptatis
1204 339 1384 395 studio
1434 349 1760 405 conterere;
1799 337 2036 394 debetnu:

2163 338 2446 410 ὀφείλομεν
2481 338 2558 410 τῷ
2601 339 2699 410 μὲν
2734 339 2946 412 σώματι
2986 341 3186 396 οὑτωσὶ
3215 343 3469 415 χρῆσθαι,
3497 346 3618 418 οὐχὶ
3660 353 3745 413 εἰς

485 451 616 491 vero
647 435 838 489 animat
867 443 1076 490 certam
1139 445 1325 487 curam
1377 431 1708 500 impendere,
1757 441 1812 484 et
1864 430 2036 484 menti:

2165 428 2225 482 τὸ
2250 429 2597 500 κατατρίϐειν
2627 431 2835 502 σάρκας
2867 431 3115 503 σώματος
3139 433 3226 487 διὰ
3260 435 3356 505 τῆς
3399 436 3704 507 φιληδονίας
3722 455 3738 472 ·

485 525 799 582 acrimonia:
847 522 1151 586 attendere,
1202 534 1418 575 necnon
1469 519 1730 583 sermoni,
1767 527 1826 572 ut
1874 516 2036 572 aculct

2162 519 2447 590 ὀφείλομεν
2469 520 2527 573 δὲ
2560 521 2654 574 καὶ
2673 525 2738 592 τῇ
2765 523 2910 594 ψυχῇ
2931 525 3088 594 τήνδε
3109 523 3206 595 τὴν
3229 526 3540 596 ἐπιμέλειαν
3575 546 3743 600 προσ-

485 625 692 679 careat,
732 625 786 670 et
809 611 958 668 utilis
987 610 1086 676 sit,
1120 619 1175 664 et
1222 609 1539 664 nullatenus
1569 610 1816 675 otiosus;
1857 625 1978 678 quae
2026 625 2036 661 :

2162 609 2314 678 άγειν
2335 650 2350 675 ,
2384 612 2477 663 καὶ
2516 611 2612 665 τοῦ
2645 613 2735 665 νοῦ
2767 614 2862 684 τῆς
2891 615 3146 686 ὀξύτητος
3171 617 3426 687 πρόνοιαν
3452 621 3738 684 ποιεῖσθαι,

487 711 640 766 nobis
669 709 799 776 ipsis
827 703 984 760 nobis
1028 702 1210 758 debita
1243 701 1288 756 si
1325 717 1431 756 non
1463 702 1694 772 agimus,
1745 701 1966 771 gravius
1999 701 2057 754 tit

480 802 740 856 debitum.
781 796 1054 851 Praeterea
1089 811 1210 850 cum
1259 796 1501 850 omnium
1553 793 1712 861 longe
1756 792 2052 846 maximum

475 891 572 948 Dei
599 907 732 961 opus
761 894 933 946 simus
959 899 1013 945 et
1047 888 1388 959 ﬁgmentum,
1427 893 1634 938 cerium
1665 884 1714 936 in
1747 883 1894 936 illam
1925 881 2056 934 aﬂ'e-

477 994 624 1040 ctum
672 998 912 1050 servare,
947 981 1392 1047 cbaritatemque
1425 991 1490 1030 ex
1526 984 1640 1028 toto
1671 973 1857 1038 corde,
1885 982 1938 1027 et
1983 988 2051 1027 ex

475 1078 604 1131 totis
652 1077 890 1140 viribus,
937 1084 992 1129 et
1024 1086 1089 1126 ex
1135 1080 1245 1128 tota
1293 1078 1472 1123 mente
1512 1067 1805 1129 debemus;
1838 1079 1959 1134 quae
1995 1064 2048 1117 ni

473 1169 906 1240 praestiterimus,
952 1167 1232 1222 debitores
1265 1163 1358 1216 Dci
1411 1174 1700 1215 manemus
1756 1163 2050 1226 peccantes

472 1262 525 1314 in
579 1260 892 1315 Dominum.
929 1258 998 1312 Et
1027 1258 1155 1327 quis
1209 1257 1277 1310 de
1317 1255 1402 1308 his
1435 1252 1613 1307 orabit
1661 1266 1759 1320 pro
1836 1249 1991 1303 nobis
2025 1247 2048 1300 ?

469 1351 532 1406 Si
560 1352 697 1404 enim
745 1365 967 1418 peccans
999 1347 1285 1418 peccaverit
1324 1347 1401 1400 vir
1434 1346 1487 1397 in
1518 1344 1710 1405 virum,
1773 1349 1823 1394 et
1873 1338 2046 1392 orabit

467 1456 561 1508 pro
591 1454 670 1492 eo.
715 1436 777 1492 Si
827 1437 884 1490 in
930 1436 1215 1490 Dominum
1255 1433 1562 1502 peccaverit,
1608 1431 1723 1499 quis
1753 1429 1920 1482 orabit
1948 1442 2045 1489 pro

469 1546 528 1584 eo
568 1529 657 1581 ll"2
712 1536 770 1583 ut
819 1528 871 1580 in
923 1527 1102 1596 primo
1143 1525 1346 1594 Regum
1369 1523 1446 1576 ait
1483 1521 1616 1576 lleli.
1651 1517 1854 1574 Christi
1883 1517 2042 1571 etiam

483 1622 578 1692 qui
637 1620 857 1689 pr0prio
908 1633 1008 1673 nos
1034 1617 1260 1672 redemit
1307 1615 1588 1684 sanguine,
1633 1613 1905 1666 debitores
1952 1623 2044 1661 su-

473 1728 598 1766 mus
630 1751 646 1776 ,
697 1711 1153 1780 quemadmodum
1199 1723 1389 1762 servus
1431 1705 1661 1775 quilibet
1704 1703 1916 1756 debitor
1960 1708 2043 1755 est

468 1805 748 1873 emptoris,
786 1804 874 1871 qui
908 1812 1119 1854 tantum
1150 1815 1245 1867 pro
1271 1799 1384 1867 ipso
1413 1797 1652 1866 pecunia:
1677 1794 1841 1848 dedit.
1870 1793 1964 1846 Est
1990 1799 2044 1845 et

469 1895 520 1946 in
547 1893 806 1963 Spiritum
831 1904 1075 1948 sanctum
1110 1891 1350 1946 debitum
1381 1887 1597 1956 aliquod
1625 1895 1862 1939 nostrum
1882 1881 2042 1952 253

467 1985 606 2051 quod
637 1992 763 2036 tunc
800 1982 1095 2044 reddimus,
1125 1993 1248 2034 cum
1279 1992 1401 2031 eum
1434 1993 1536 2029 non
1567 1974 1944 2028 contristamus
1983 1973 2040 2024 in

466 2090 566 2137 quo
603 2073 796 2143 signati
830 2088 1012 2126 sumus
1056 2072 1112 2123 in
1147 2069 1285 2122 diem
1317 2064 1774 2134 redemptionis",
1807 2077 2042 2131 eumque

467 2177 575 2216 non
617 2160 1027 2224 contristantes,
1072 2158 1298 2212 ferimus
1334 2155 1627 2226 requisitos
1661 2170 1689 2208 a
1726 2153 1884 2208 nobis
1928 2151 2042 2205 fru-

464 2262 606 2318 ctus,
633 2253 753 2321 ipso
777 2251 1068 2318 adjuvante
1091 2257 1145 2306 et
1170 2247 1410 2302 animam
1435 2257 1677 2300 nostram
1707 2243 2039 2297 viviﬁcante.

463 2343 633 2398 Porro
664 2342 766 2396 etsi
796 2349 1052 2395 accurate
1081 2355 1186 2394 non
1212 2339 1440 2402 scimus,
1466 2335 1588 2406 quis
1612 2333 2041 2401 uniuscuiusque

462 2447 706 2492 nostrum
753 2435 976 2505 angelus
1011 2436 1084 2489 sit
1131 2447 1344 2502 semper
1386 2431 1580 2485 videns
1613 2428 1808 2482 faciem
1859 2426 2039 2480 Patris

461 2529 549 2597 qui
589 2529 640 2581 in
681 2526 836 2581 caelis
868 2535 985 2589 est,
1021 2524 1152 2578 illud
1201 2533 1379 2576 tamen
1427 2519 1797 2575 consideranti
1838 2517 2039 2588 cuique

460 2617 806 2671 manifestum
854 2625 955 2682 est,
1008 2614 1084 2668 illi
1135 2627 1352 2682 quoque
1405 2611 1682 2665 debitores
1745 2623 1844 2662 nos
1894 2622 2034 2661 esse.

460 2708 589 2763 Item
620 2709 666 2762 si
694 2707 1063 2777 spectaculum
1092 2719 1280 2760 sumus
1308 2703 1510 2758 mundo
1536 2713 1588 2757 et
1619 2700 1828 2772 angelis
1856 2709 1910 2754 et
1935 2700 2036 2753 bo-

459 2801 776 2866 minibus",
813 2801 1092 2856 sciendum
1122 2807 1202 2853 est
1234 2798 1374 2853 sicut
1423 2796 1513 2864 qui
1552 2796 1879 2864 Spectandus
1909 2807 2038 2861 pro-

460 2894 559 2958 dit,
592 2903 807 2948 tenetur
831 2893 944 2947 haec
974 2900 1030 2946 et
1069 2890 1158 2944 illa
1189 2889 1370 2944 dicere
1396 2896 1488 2942 aut
1520 2886 1701 2941 facere
1733 2886 1786 2939 in
1822 2893 2036 2952 specta-

462 2993 638 3039 torum
691 2983 888 3048 oculis,
921 2997 1042 3052 qua:
1087 2981 1138 3034 ni
1191 2980 1406 3044 fecerit,
1457 2992 1649 3048 pmnas
1679 2975 1771 3029 dat
1802 2978 1948 3028 velut
1981 2973 2031 3026 in
2064 2998 2106 3057 ε

458 3090 624 3131 omne
654 3076 923 3130 theatrum
953 3073 1415 3137 contumeliosus;
1449 3072 1531 3125 sic
1563 3079 1617 3124 et
1651 3083 1750 3124 nos
1778 3068 2034 3121 universo

462 3166 682 3234 mundo,
716 3166 966 3221 omnibus
1017 3164 1246 3236 angelis,
1284 3163 1563 3218 hominum
1615 3159 1799 3230 generi
1845 3172 1908 3212 ea
1943 3155 2038 3209 de-

461 3255 610 3321 bere,
655 3272 777 3326 qua:
829 3259 1095 3326 sapientia
1141 3270 1259 3319 nos,
1306 3254 1350 3309 si
1407 3252 1760 3312 voluerimus,
1796 3246 2032 3302 docebit.

458 3350 665 3405 Praeter
703 3339 819 3404 haec
850 3349 1031 3404 omnia
1067 3362 1190 3418 qua:
1242 3345 1416 3415 magis
1453 3343 1519 3398 ad
1553 3343 1834 3396 universos
1868 3337 2033 3408 perti-

460 3449 610 3509 nent,
643 3450 728 3497 est
776 3439 992 3510 aliquod
1034 3439 1274 3493 debitum
1325 3436 1524 3498 viduae,
1585 3430 1742 3500 cujus
1792 3428 2032 3484 Ecclesia

457 3551 644 3591 curam
675 3534 850 3606 gerit;
885 3533 1012 3586 item
1047 3531 1190 3585 aliud
1240 3528 1482 3588 diaconi.
1515 3525 1660 3579 aliud
1693 3523 2028 3594 presbyteri;

458 3628 694 3698 episcopi
725 3626 960 3694 denique
989 3623 1230 3678 debitum
1267 3619 1646 3690 gravissimum
1675 3626 1779 3682 est,
1804 3617 1947 3686 quod
1977 3617 2030 3670 ni

461 3719 738 3782 reddatur,
765 3716 968 3788 judicio
994 3723 1200 3784 repetet
1233 3713 1394 3788 totius
1445 3709 1707 3772 Ecclesiae
1755 3708 2027 3761 Salvator.

459 3810 577 3865 Jam
613 3826 739 3864 vero
771 3787 1056 3878 Apostolus
1085 3787 1372 3862 commune
1399 3803 1673 3874 quoddam
1701 3803 1800 3858 viri
1833 3801 2030 3856 mulie-

460 3904 644 3972 risque
671 3901 908 3956 debitum
940 3898 1267 3960 nominavit,
1298 3911 1422 3950 cum
1456 3897 1532 3948 ait
1561 3913 1573 3948 :
1608 3893 1778 3948 Uxori
1817 3895 1899 3947 vir
1943 3894 2033 3945 de-

459 3995 623 4046 bitum
649 3993 866 4056 reddat,
895 3987 1140 4043 similiter
1166 3994 1340 4039 autem
1369 3995 1417 4038 et
1443 4001 1574 4038 uxor
1599 3985 1735 4037 viro.
1763 3983 1830 4037 Et
1852 3983 2027 4036 addit:

460 4083 642 4140 Nolite
689 4083 943 4142 fr..udare
992 4079 1300 4132 invicem".
1350 4075 1487 4142 Quid
1543 4083 1722 4128 autem
1775 4088 1860 4127 me
1893 4088 2031 4140 opus

456 4185 542 4231 est
571 4175 773 4241 dicere,
807 4181 940 4243 quot
971 4183 1265 4225 oueremur
1313 4167 1530 4232 debitis,
1568 4165 1764 4234 quibus
1795 4173 1887 4216 aut
1920 4178 2024 4216 non

455 4268 745 4323 reddentes
788 4264 1117 4326 tenebimur,
1171 4268 1267 4314 aut
1309 4258 1596 4313 reddentes
1649 4255 2025 4318 liberabimur,

2157 701 2252 754 τοῦ
2285 719 2343 754 τε
2372 702 2553 770 λόγου,
2589 705 2654 756 ἵν’
2690 705 2951 775 ἄκεντρος
2983 705 3094 776 (61)
3124 709 3218 760 καὶ
3245 708 3519 781 ὠφέλιμος
3602 752 3617 777 ,
3647 713 3740 766 καὶ

2159 793 2424 864 μηδαμῶς
2448 795 2634 866 ἀργός.
2677 797 2844 850 Ἐπὰν
2869 798 2932 868 δὴ
2969 799 3061 851 καὶ
3092 798 3160 851 τὰ
3176 801 3256 862 εἰς
3289 802 3436 870 ἡμᾶς
3464 803 3550 870 ὑφ’
3583 803 3737 873 ἡμῶν

2155 884 2334 937 αὐτῶν
2357 884 2682 956 ὀφειλόμενα
2711 886 2784 956 μὴ
2815 888 3162 959 πράττωμεν,
3198 887 3498 962 βαρύτερον
3520 895 3650 962 ἡμῖν
3677 894 3736 946 τὸ

2153 975 2373 1046 ὄφλημα
2403 976 2513 1046 (6‘2)
2549 977 2774 1045 γίνεται.
2805 979 2912 1030 Καὶ
2949 979 3042 1031 ἐπὶ
3071 979 3280 1044 τούτοις
3318 984 3473 1046 πᾶσι,
3510 982 3568 1035 τὸ
3596 984 3738 1056 ὑπὲρ

2152 1067 2327 1119 πάντα
2360 1067 2568 1137 ποίημα
2595 1068 2688 1119 καὶ
2712 1068 2935 1138 πλάσμα
2963 1069 3115 1132 ὄντες
3147 1069 3241 1123 τοῦ
3266 1071 3425 1134 Θεοῦ,
3451 1073 3734 1144 ὀφείλομέν

2149 1174 2270 1210 τινα.
2297 1157 2535 1210 διάθεσιν
2571 1157 2762 1221 σώζειν
2816 1159 2952 1230 πρὸς
2997 1161 3156 1214 αὑτὸν
3192 1161 3324 1232 (65),
3375 1165 3470 1216 καὶ
3516 1165 3733 1235 ἀγάπην

2147 1245 2246 1315 τὴν
2271 1246 2328 1312 ἐξ
2357 1247 2484 1316 ὅλης
2510 1248 2756 1318 καρδίας,
2788 1250 2881 1300 καί
2909 1249 2967 1314 ἐξ
2999 1249 3126 1319 ὅλης
3165 1251 3366 1322 ἰσχύος,
3397 1254 3491 1304 καὶ
3515 1252 3576 1316 ἐξ
3603 1253 3728 1324 ὅλης

2145 1338 2400 1401 διανοίας
2435 1339 2592 1391 ἆτινα
2612 1339 2706 1390 ἐὰν
2737 1339 2811 1408 μὴ
2843 1340 3294 1412 κατορθώσωμεν,
3330 1344 3603 1412 ὀφειλέται
3630 1346 3727 1415 μέ-

2146 1446 2308 1497 νομεν
2333 1428 2491 1493 Θεοῦ,
2529 1430 2934 1501 ἁμαρτάνοντες
2972 1433 3052 1495 εἰς
3091 1433 3314 1504 Κύριον.
3356 1435 3465 1488 Καὶ
3503 1436 3588 1498 τίς
3639 1438 3730 1488 ἐπὶ

2143 1519 2354 1581 τούτοις
2400 1518 2611 1584 εὔξεται
2653 1520 2780 1590 περὶ
2831 1522 3016 1592 ήμῶν;
3066 1523 3208 1576 Ἐὰν
3233 1523 3341 1591 γὰρ
3373 1525 3731 1593 ἁμαρτάνων

2145 1607 2374 1676 ἁμάρτῃ
2403 1607 2558 1676 ἀνὴρ
2577 1611 2663 1674 εἰς
2687 1609 2893 1676 ἄνδρα,
2921 1610 3019 1663 καὶ
3044 1611 3441 1678 προσεύξεται
3458 1615 3592 1682 περὶ
3625 1617 3730 1669 αὐ-

2076 1673 2118 1729 B
2146 1673 2273 1752 τοῦξ
2312 1673 2552 1765 Tarsa;
2569 1673 3052 1770 Κύριον-ἁμάρτῃ,
3071 1673 3160 1768 τίς
3179 1673 3570 1773 προσεύξεται
3593 1707 3729 1774 περὶ

2144 1787 2364 1854 αὑτοῦ;
2399 1789 2474 1852 ὠς
2517 1789 2679 1858 φησὶν
2721 1790 2777 1842 ὲν
2814 1793 2879 1860 τῇ
2922 1791 3109 1863 πρώτῃ
3168 1794 3275 1847 τῶν
3320 1796 3656 1848 Βασιλειίῖιν
3699 1798 3727 1847 ὀ

2156 1880 2300 1932 Ἠλεί
2317 1879 2445 1950 (64).
2465 1881 2624 1933 Ἀλλὰ
2641 1883 2732 1934 καὶ
2745 1883 2978 1958 Χριστοῦ
2995 1884 3344 1956 ὠνησαμένου
3362 1888 3508 1956 ἡμᾶς
3517 1886 3596 1956 τῷ
3613 1886 3726 1956 ἰδίῳ

2143 1973 2333 2042 αἵματι
2360 1972 2629 2041 ὀφειλέται
2661 1974 2847 2044 ἐσμὲν,
2872 1974 3063 2046 ὥσπερ
3101 1977 3194 2029 καὶ
3225 1979 3332 2040 πᾶς
3373 1977 3593 2047 οἰκέτης
3632 1977 3724 2030 τοῦ

2142 2064 2490 2135 ὠνησαμένου
2522 2066 2666 2117 ἐστὶν
2679 2066 2962 2138 ὀφειλέτης
2983 2067 3076 2120 τοῦ
3092 2069 3308 2120 τοσοῦδε
3322 2068 3566 2130 δοθέντος
3583 2069 3722 2137 ὑπὲρ

2142 2151 2307 2203 αὑτοῦ
2335 2153 2630 2222 χρήματος.
2671 2154 2824 2207 Ἐστι
2862 2173 2942 2218 τις
2975 2159 3102 2227 ἡμῖν
3137 2158 3228 2210 καὶ
3263 2158 3396 2228 πρὸς
3446 2159 3506 2210 τὸ
3567 2159 3722 2226 ἅγιον

2143 2242 2363 2312 Πνεῦμα
2373 2245 2467 2312 ὀφε
2478 2245 2558 2315 ιλὴ
2575 2247 2930 2320 ἀποδιδομένη
2940 2288 2952 2310 ,
2969 2249 3056 2300 ὅτε
3072 2249 3130 2302 οὐ
3144 2250 3456 2318 λυποῦμεν
3469 2251 3642 2314 αὐτὸ,
3655 2249 3724 2303 ἐν

2139 2325 2691 2404 ᾧέσρραγίσθημεν
2718 2340 2796 2402 εἰς
2827 2337 3052 2406 ἡμέραν
3096 2340 3593 2406 ἀπολυτρώσεως·
3630 2340 3721 2392 καὶ

2144 2424 2218 2495 μὴ
2249 2423 2542 2490 λυποῦντες
2569 2429 2715 2491 αὐτὸ,
2745 2429 2978 2499 φέρομεν
3006 2431 3133 2493 τοὺς
3163 2432 3408 2502 καρποὺς
3438 2429 3531 2493 οὓς
3553 2431 3721 2484 ἀπαι-

2138 2515 2376 2585 τούμεθα
2395 2517 2524 2587 (65),
2557 2519 2802 2582 συνόντος
2834 2520 2997 2573 αὑτοῦ
3042 2524 3171 2592 ἡμῖν
3205 2522 3298 2576 καὶ
3328 2521 3721 2584 ζωοποιοῦντος

2139 2605 2294 2677 ἡμῶν
2325 2607 2421 2678 τὴν
2454 2609 2652 2680 ψυχήν.
2693 2611 2752 2662 Εἰ
2789 2612 2881 2664 καὶ
2916 2612 2988 2682 μὴ
3025 2613 3182 2682 ἴσμεν
3213 2613 3270 2665 δὲ
3303 2612 3601 2683 ἐπιμελῶς,
3635 2614 3720 2674 τίς

2137 2700 2166 2751 ὀ
2196 2699 2424 2752 ἑκάστου
2460 2700 2614 2770 ἡμῶν
2646 2701 2870 2769 ἄγγελος
2900 2703 3008 2772 (66)
3037 2702 3246 2772 βλέπων
3267 2703 3359 2756 τοῦ
3389 2706 3448 2756 ὲν
3471 2705 3720 2774 οὐρανοῖς

2138 2789 2348 2861 Πατρὺς
2380 2790 2439 2842 τὸ
2486 2791 2794 2860 πρόσωπον,
2849 2793 2983 2845 ἀλλὰ
3031 2794 3261 2865 φανερόν
3301 2812 3364 2862 γε
3412 2796 3718 2865 ἐπισκοπή-

2138 2898 2288 2934 σαντι
2333 2883 2545 2954 ἑκάστῳ
2581 2884 2736 2955 ήμῶν
2782 2884 3007 2952 γίνεται,
3043 2887 3124 2938 ὅτι
3173 2886 3409 2957 κάκείνῳ
3446 2887 3718 2956 ὀφείλεται

2137 2973 2296 3027 τινῶν
2327 2977 2509 3045 ἐσμεν.
2543 2977 2606 3027 Εἰ
2633 2976 2689 3028 δὲ
2719 2978 2810 3029 καὶ
2838 2977 2894 3028 έν
2924 2977 3134 3048 θεάτρῳ
3166 2979 3332 3048 ἐσμὲν
3361 2979 3590 3048 κόσμου,
3623 2981 3720 3031 καὶ

2137 3067 2400 3135 ἀγγέλων,
2436 3069 2529 3120 καὶ
2556 3066 2876 3138 ἀνθρώπων,
2914 3069 3084 3121 ἰστέον
3116 3070 3197 3122 ὅτι
3231 3069 3417 3140 ὥσπερ
3441 3073 3468 3122 ὀ
3500 3073 3557 3122 ἐν
3587 3069 3718 3124 θεά-

2136 3175 2248 3229 τρῳ
2275 3158 2386 3229 (67)
2413 3159 2692 3229 ὀφειλέτης
2721 3159 2837 3211 ἐστὶ
2863 3158 2958 3212 τοῦ
2985 3159 3107 3212 τάδε
3139 3161 3258 3214 τινὰ
3288 3163 3458 3214 εἰπεῖν
3491 3161 3523 3230 ἢ
3555 3161 3720 3231 ποιῆ-

2137 3267 2227 3302 σαι
2261 3251 2317 3302 ὲν
2348 3251 2465 3319 ὕψει
2495 3251 2602 3303 τῶν
2635 3251 2859 3316 θεατῶν,
2893 3253 3034 3323 άπερ
3069 3251 3143 3323 μὴ
3177 3251 3388 3323 πράξας
3422 3269 3525 3316 τις,
3552 3253 3627 3316 ὡς
3655 3254 3718 3306 τὸ

2136 3345 2242 3395 πᾶν
2271 3343 2498 3414 ὑϐρίσας
2524 3344 2770 3414 θέατρον,
2804 3345 3106 3410 κολάζεται·
3137 3345 3278 3398 οὕτω
3335 3347 3428 3399 καὶ
3453 3347 3611 3416 ἡμεῖς
3634 3346 3717 3416 τῷ

2133 3433 2239 3504 ὅλῳ
2271 3434 2478 3504 κόσμῳ,
2511 3435 2602 3487 καὶ
2635 3439 2745 3497 τοῖς
2773 3435 2937 3487 πᾶσιν
2970 3435 3240 3503 ἀγγέλοις,
3275 3434 3352 3505 τῷ
3384 3452 3442 3487 τε
3475 3435 3581 3487 τῶν
3613 3435 3716 3487 ἁν-

2134 3525 2365 3597 θρώπων
2394 3526 2538 3595 γένει
2589 3527 2874 3597 ὀφείλομεν
2909 3526 3101 3588 ταῦτα,
3150 3526 3185 3580 ἃ
3225 3526 3572 3599 βουληθέντες
3603 3526 3716 3579 ἀπὸ

2131 3620 2229 3690 τῆς
2259 3619 2449 3686 σοφίας
2487 3617 2864 3689 μαθησόμεθα.
2894 3620 3075 3690 Χωρὶς
3103 3619 3158 3672 δὲ
3186 3619 3386 3672 τούτων
3413 3619 3714 3673 καθολικω-

2130 3710 2303 3779 τέρων
2335 3711 2521 3773 ὀντων,
2568 3710 2682 3762 ἔστι
2715 3727 2796 3773 τις
2833 3713 3006 3781 χήρας
3040 3713 3440 3782 προνοουμένης
3473 3712 3578 3765 ὑπὸ
3607 3713 3710 3782 τῆς

2144 3801 2467 3892 ᾞκκλησίας
2493 3802 2700 3873 ὀφειλὴ,
2731 3803 2820 3855 καὶ
2853 3803 3015 3874 ἑτέρα
3039 3804 3282 3857 διακόνου
3301 3804 3433 3874 (68),
3453 3808 3546 3859 καὶ
3574 3807 3708 3880 άλλη

2131 3893 2532 3966 πρεσϐυτέρου,
2574 3895 2666 3949 καὶ
2723 3896 3023 3948 ἐπισκόπου
3080 3897 3135 3948 δὲ
3187 3898 3373 3969 ὀφειλὴ
3426 3900 3702 3971 βαρυτάτη

2131 3984 2278 4036 ἐστὶν
2302 3984 2670 4054 ἀπαιτουμένη
2704 3985 2806 4037 ὑπὸ
2827 3985 2918 4038 τοῦ
2951 3987 3048 4057 τῆς
3081 3987 3210 4058 ὅλης
3250 3989 3570 4059 Ἑκκλησίας
3603 3992 3711 4043 ἃν-

2129 4075 2293 4146 τῆρος
2315 4075 2442 4145 (69),
2459 4077 2551 4129 καὶ
2584 4077 2940 4148 έκδικουμένη
2971 4079 3020 4130 εἰ
3051 4079 3125 4150 μὴ
3147 4079 3460 4144 ἀποδιδῷτο.
3485 4082 3624 4152 Ἤδη
3649 4083 3706 4135 δὲ

2129 4169 2158 4220 ὀ
2186 4169 2502 4232 Ἀπόστολος
2544 4169 2763 4239 ὀφειλήν
2811 4186 2929 4222 τινα
2973 4171 3158 4242 κοινὴν
3197 4172 3478 4243 ὠνόμασεν
3515 4175 3705 4246 ἀνδρὸς

2132 4261 2225 4315 καὶ
2255 4262 2527 4330 γυναικὸς,
2561 4262 2749 4330 λέγων·
2792 4267 2834 4316 Τ
2832 4261 2871 4332 ﬁ
2897 4263 3128 4333 γυναικί
3157 4266 3190 4318 ό
3211 4264 3365 4332 ἀνὴρ
3395 4265 3510 4333 τὴν
3547 4269 3701 4334 ὀφει-

454 4375 577 4414 cum
611 4373 707 4412 sua
753 4357 988 4427 quisque
1043 4355 1215 4408 lector
1257 4351 1436 4407 debita
1485 4364 1550 4402 ex
1601 4349 1682 4402 his
1719 4363 1837 4416 quae
1887 4347 2026 4400 dicta

2139 4321 2866 4419 11‘11"d105t68tw"dﬂolwg
2888 4321 2987 4405 καὶ
3013 4355 3050 4420 ἡ
3081 4351 3236 4420 γυνὴ
3263 4321 3342 4417 tta
3373 4321 3704 4420 ἀνδρί.”Καὶ

455 4459 604 4510 sunt.
641 4448 896 4518 colligere
942 4445 1144 4516 possit?
1189 4443 1334 4497 Fieri
1387 4451 1537 4495 certe
1588 4455 1692 4494 non
1743 4448 1919 4507 potest
1972 4448 2028 4492 ut

457 4541 547 4607 qni
588 4540 640 4592 in
685 4540 787 4594 hac
832 4537 942 4590 vita
974 4543 1079 4598 est,
1107 4533 1256 4589 omni
1293 4531 1397 4586 diei
1431 4531 1710 4597 noctisque
1749 4529 1882 4582 hora
1917 4543 2023 4581 non

458 4630 672 4684 debeat.
707 4629 816 4684 Sed
854 4643 979 4682 cum
1019 4626 1140 4694 quis
1178 4623 1355 4688 debet,
1399 4631 1492 4675 aut
1538 4623 1713 4676 reddit
1761 4620 2023 4684 debitum,

2133 4441 2398 4510 ἐπιφέρει·
2435 4437 2488 4492 Μ
2497 4439 2530 4507 ὴ
2559 4440 2938 4510 ἀποστερεῖτε
2969 4441 3298 4509 ἀλλήλους.
3321 4445 3427 4496 Καὶ
3459 4443 3508 4494 τί
3535 4461 3600 4513 με
3627 4445 3706 4498 δεῖ

2131 4526 2329 4594 λέγειν,
2362 4529 2601 4597 παρόντα
2625 4529 2799 4600 ἑαυτῷ
2820 4530 2928 4601 (70)
2958 4531 3313 4600 ἀναλέγεσθαι
3336 4534 3398 4584 ἐκ
3423 4533 3529 4586 τῶν
3555 4535 3706 4604 εἰρηυ

2134 4618 2309 4689 μένων
2341 4616 2436 4671 τοῦ
2493 4620 2908 4689 ἐντυγχάνοντος
2945 4622 3070 4694 τῇδε
3102 4625 3169 4695 τῇ
3203 4625 3407 4694 γραφῇ,
3434 4623 3535 4675 ὅσα
3561 4622 3706 4693 ὀφεί-

527 4795 575 4828 τδ
608 4793 787 4864 lllcg.
841 4808 911 4858 ιι,
948 4791 1042 4848 25.
1115 4790 1162 4822 "
1193 4789 1330 4857 pr.
1360 4801 1433 4850 tv.
1471 4787 1560 4842 30.
1638 4785 1683 4818 "
1720 4784 1737 4838 l
1785 4784 1912 4838 Cor.
1946 4799 2018 4848 IV,
2047 4786 2104 4838 9.
2177 4783 2224 4817 "
2257 4779 2280 4835 ι
2317 4781 2445 4841 Cor.
2475 4796 2587 4848 vn,
2619 4781 2673 4836 5.

530 4956 641 5023 (61)
675 4953 853 5008 Codex
875 4967 976 5006 ms.
1003 4951 1222 5020 optime,
1247 4950 1600 5019 ἵν’ἄκεντρος.
1631 4925 1803 5002 Editio
1818 4947 2026 5013 Oxon.,

457 5026 544 5078 ἴνα
574 5025 818 5095 κέντρος.
1094 5087 1117 5095 _
1164 5088 1178 5095 _
1383 5089 1421 5095 _
1446 5089 1478 5095 __
1513 5088 1525 5095 _
1621 5087 1650 5095 Α
1876 5087 1889 5095 _
1978 5086 1991 5095 _

527 5096 642 5164 (62)
677 5086 859 5150 Codex
912 5103 1041 5154 ms.,
1093 5087 1330 5160 ὄφλημα.
1382 5088 1565 5143 Editio
1614 5087 1816 5156 Oxon.,
1864 5086 2024 5157 ὀφεί-

453 5165 517 5219 λτθ
567 5183 620 5217 α.

506 5184 639 5306 ’(165)
680 5232 859 5306 Codex
891 5245 1014 5293 ms.,
1045 5224 1909 5306 a'gjcdy._E_dition()xon.,agnon;
1973 5275 1984 5292 ,

529 5296 638 5374 ξϋηί)
675 5305 853 5358 COch
881 5317 961 5356 ms
991 5343 1005 5366 ,
1042 5298 1214 5374 ᾞλεί.
1239 5299 1410 5374 Etlitio
1439 5299 1638 5374 Orion,
1674 5296 1814 5374 ξῌλί.

526 5367 843 5460 ςυῧλϐοιιεχ
878 5387 1006 5436 ms.,
1029 5367 1428 5436 ἀπαιτούμεθα.
1463 5369 1640 5422 Editio
1667 5368 1841 5422 Oxon.
1868 5367 2027 5420 ἐπαι-

451 5444 776 5581 τοϊίῖίῗῖαῗίς
808 5515 840 5564 ό
863 5509 1124 5566 ἑκάστου
1157 5507 1324 5579 ἡμῶν
1349 5506 1620 5581 {in-8.209
1656 5505 1794 5581 Quid
1828 5506 1896 5581 de
1929 5473 2024 5581 au-

459 5577 590 5650 gulis
621 5577 943 5651 tutelaribus
970 5577 1221 5650 opinatus
1245 5581 1315 5633 sit
1343 5579 1629 5651 Origenes,
1661 5578 1779 5630 t'uae
1808 5577 2016 5651 disqui-

457 5645 594 5706 ἱιιυτ
625 5645 1062 5723 υτιςεηίἒιιιοιὼιι
1091 5651 1183 5708 lib.
1213 5667 1272 5724 tt,
1306 5645 1502 5722 quws‘t.
1529 5648 1583 5715 5,
1617 5663 1767 5704 ttunt.
1803 5646 1892 5713 26,
1923 5645 2013 5716 27,

2141 5086 2164 5101 ν
2205 5017 2316 5086 (67)
2347 5017 2527 5101 (‘Jotl‘ex'
2547 5030 2670 5083 ms.,
2689 5016 2878 5088 ὥσπερ
2905 5018 2933 5070 ὀ
2964 5019 3022 5070 ὲν
3049 5017 3277 5090 θεάτρῳ.
3303 5018 3478 5072 Editio
3501 5017 3698 5084 0:00..

2131 5085 2318 5157 ὥσπερ
2349 5088 2406 5138 ὲν
2440 5085 2668 5207 θεάτέρῳ.
2848 5085 2857 5088 ⁷
3181 5085 3194 5090 ⁷
3231 5085 3241 5089 ⁷

2134 5225 2146 5238 .
2205 5156 2460 5241 (ξω-Κιιί
2492 5156 2562 5241 ἑτ
2583 5173 2665 5222 pa
2700 5155 3000 5237 διακόνου,
3035 5169 3138 5241 etc.
3177 5157 3288 5241 llos
3329 5164 3442 5211 tres
3483 5157 3700 5241 ordines

2135 5227 2187 5278 in
2219 5227 2479 5287 Ecclesia,
2511 5235 2795 5295 eteorum
2835 5229 3036 5288 inunia,
3081 5229 3146 5279 tle
3177 5227 3374 5295 quibus
3427 5229 3701 5280 novatori-

2135 5298 2236 5368 bus
2287 5295 2564 5368 llOlIlltlllls.
2590 5294 2746 5368 lit_em_
2769 5297 3048 5368 intendere
3085 5294 3256 5352 visum
3304 5306 3409 5363 est,
3453 5297 3700 5351 disertis-

2133 5367 2270 5421 sime
2293 5366 2380 5418 ltic
2405 5361 2694 5434 distinguit
2712 5365 2993 5434 Origenes.
3060 5432 3069 5434 Α
3234 5433 3240 5434 γ
3397 5358 3401 5363 ’

2227 5435 2316 5500 ti9)
2355 5432 2645 5501 Σωτῆρος.
2684 5432 2831 5502 Legit
2871 5434 3041 5487 Betitlt
3059 5432 3162 5494 ius,
3180 5433 3446 5503 σώματος.

2226 5506 2312 5583 i0)
2353 5505 2623 5583 ῌιςρόνζιι
2665 5503 2875 5583 εαυτῷ,
2921 5517 3052 5583 Αριιδ..
3093 5503 3237 5583 Lego
3267 5502 3693 5583 cunneoden]:

2126 5572 2299 5700 ἐταρὸν
2326 5573 2393 5656 τὰ
2422 5572 2626 5626 ἑαυτῶν
2655 5573 3006 5643 ἀναλέγεσθαι
3037 5575 3099 5626 ὲκ
3121 5572 3224 5628 τῶν
3254 5574 3554 5644 εἰρημένων
3570 5573 3692 5638 τοὺς

2157 5658 2567 5700 ντυγγανοντας.
2993 5653 2999 5657 ·

2157 5665 2182 5698 ν
2190 5653 2567 5713 τυγχάνοντας.
2993 5653 2999 5657 ’
