3974 6160
256 314 368 370 525
1464 309 1798 367 LIBELLUS
1834 308 1920 362 DE
1950 305 2324 364 ORATIONE.
3419 308 3526 366 5:23

251 435 475 499 λοντες,
518 433 636 505 ἦτοι
683 432 757 504 μὴ
799 416 1144 495 ἀποδιδόντες
1195 425 1758 502 καιτασχεθησόμεθα,
1807 430 1830 483 i

1947 437 2037 481 aut
2069 442 2134 482 eo
2173 425 2412 492 fraudat,
2449 425 2610 496 idque
2653 423 2708 479 in
2742 422 2847 478 hac
2877 422 2987 478 vita
3031 422 3281 481 accidere
3325 437 3525 495 potest,

251 524 598 588 ἀποδιδόντες
617 521 1162 595 ἐλευθερωθησόμεθα
1176 539 1190 587 ;
1206 521 1350 592 Πλὴν
1375 522 1475 574 οὐκ
1498 521 1664 586 ἔστιν,
1683 522 1740 575 ἐν
1761 521 1830 592 τῷ

1947 528 2009 574 ιιι
2044 518 2306 573 reddatur
2333 527 2427 572 aut
2454 533 2562 572 non
2595 517 2866 572 reddatur.
2906 517 2986 572 Ac
3020 525 3146 570 sunt
3178 516 3270 585 qui
3318 519 3524 576 nemini

256 616 356 688 βίῳ
389 616 538 679 ὄντα,
572 616 751 687 πάσης
782 616 931 686 ὧρας
961 614 1154 677 νυκτὸς
1186 615 1281 667 καὶ
1321 612 1534 684 ἡμέρας
1582 615 1656 684 μὴ
1691 613 1830 682 ὀφεί-

1945 612 2240 680 quidquam
2312 611 2576 676 debeant;
2634 620 2764 666 sunt
2827 610 2916 679 qui
2977 608 3208 677 plurima
3266 609 3523 676 solvunt,

251 707 386 762 λειν.
438 708 580 760 Ἀλλ’
628 710 684 762 ὲν
724 707 801 778 τῷ
848 707 1108 776 ὀφείλειν,
1154 708 1272 778 ἦτοι
1320 705 1610 759 ἀποδίδωσί
1652 723 1756 769 τις,
1807 705 1840 776 ἢ

252 801 552 870 ἀποστερεῖ
601 799 698 870 τὴν
742 798 980 869 ὀφειλὴν·
1019 798 1112 851 καὶ
1143 796 1365 850 δυνατόν
1411 813 1475 863 γε
1516 798 1574 848 ἐν
1621 796 1698 866 τῷ
1743 794 1843 865 βίῳ

249 891 585 954 ἀποδιδόναι,
633 891 856 944 δυνατὸν
903 891 959 944 δὲ
1006 891 1100 944 καὶ
1142 890 1487 960 ἀποστερεῖν.
1542 887 1652 942 Καὶ
1698 888 1841 950 τινὲς

251 983 350 1054 μὲν
377 982 558 1034 οὐδενὶ
588 981 888 1050 ὀφείλουσιν
916 981 1088 1044 οὐδὲν,
1112 982 1251 1044 τινὲς
1277 981 1332 1033 δὲ
1352 979 1424 1033 τά
1450 980 1676 1033 πλεῖστα
1705 981 1838 1032 ἀπο-

249 1071 527 1136 τιννύντες
568 1072 722 1140 ὀλίγα
766 1071 1108 1134 ἀποδιδόντες
1136 1072 1271 1144 (71),
1320 1071 1388 1124 τά
1433 1071 1652 1123 πλείονα
1691 1070 1838 1140 ὀφεί-

247 1165 417 1218 λουσι·
439 1165 539 1218 καὶ
571 1163 710 1233 τάχα
747 1164 890 1217 ἐστὶν
919 1166 948 1217 ὀ
983 1164 1146 1234 μηδὲν
1169 1164 1473 1226 ἀποδιδοὺς,
1497 1162 1630 1216 ἀλλά
1663 1162 1838 1217 πάντα

243 1255 502 1324 ὀφείλων.
533 1256 641 1308 Καὶ
675 1257 702 1307 ὁ
735 1255 1017 1318 ἀποδιδοὺς
1049 1255 1296 1325 μέντοιγε
1345 1253 1527 1307 πάντα
1561 1252 1700 1306 ὥστε
1735 1271 1840 1325 μη-

243 1347 332 1399 δὲν
370 1346 634 1415 ὀφείλειν,
669 1347 846 1417 χρόνῳ
882 1346 1008 1399 ποτὲ
1056 1345 1210 1398 τοῦτο
1263 1345 1535 1416 κατορθοῖ,
1585 1345 1838 1415 δεόμενος

244 1434 501 1504 ἀφέσεως
546 1435 672 1506 περὶ
697 1435 804 1488 τῶν
843 1435 1119 1506 προτέρων
1163 1435 1410 1504 ὀφειλῶν,
1444 1431 1512 1508 ἧς
1536 1452 1678 1499 τινος
1709 1435 1840 1502 ἀφέ-

245 1542 385 1589 σεως
419 1526 664 1593 εὐλόγως
696 1525 916 1579 δύναται
942 1530 1125 1596 τυχεῖν
1153 1529 1182 1580 ὀ
1208 1525 1703 1597 φιλοτιμησάμενος
1729 1525 1840 1578 ἀπό

243 1632 387 1678 τινος
421 1617 620 1686 χρόνου
654 1613 895 1678 τοιοῦτος
924 1615 1197 1682 γενέσθαι,
1233 1615 1374 1668 ὥστε
1410 1615 1574 1686 μηδὲν
1605 1613 1838 1682 ὀφείλειν

243 1708 350 1760 τῶν
389 1707 792 1760 ἐπιϐαλλόντων
824 1706 900 1768 ὡς
941 1707 1039 1758 οὐκ
1073 1706 1476 1776 ἀποδιδομένοις
1501 1706 1630 1776 (72).
1666 1701 1836 1759 Αὗται

1944 717 2117 770 pauca
2153 701 2388 765 debent;
2441 700 2530 754 alii
2564 701 2654 770 qui
2709 715 2878 770 pauca
2932 699 3183 762 reddant,
3230 699 3385 769 plura
3427 701 3524 756 dc-

1945 791 2138 856 beant;
2177 803 2259 846 est
2293 800 2344 846 et
2377 791 2575 860 aliquis
2607 790 2844 846 fortasse
2893 790 2984 859 qui
3031 792 3330 846 reddiderit
3363 793 3518 858 nihil,

1943 883 2125 935 omnia
2155 883 2366 937 debeat.
2400 887 2578 952 Atque
2610 884 2656 937 is
2693 883 2914 952 quidem
2948 884 3039 952 qui
3075 885 3255 939 omnia
3289 885 3525 941 reddidit

1944 974 2017 1028 ita
2048 981 2105 1026 ut
2137 973 2273 1026 nihil
2314 973 2531 1038 debeat,
2564 981 2805 1044 tempore
2835 974 2886 1027 id
2922 983 3165 1041 praestat,
3210 976 3523 1047 indigetque

1941 1063 2265 1119 remissione
2307 1077 2521 1130 eorum,
2551 1079 2669 1132 quae
2700 1066 2847 1132 prius
2883 1064 3097 1131 debuit;
3135 1081 3296 1134 quam
3329 1070 3524 1124 remis-

1942 1156 2149 1210 sionem
2176 1156 2368 1211 merito
2405 1165 2583 1226 potest
2609 1158 2890 1228 consequi,
2934 1159 3022 1224 qui
3059 1160 3127 1213 ab
3159 1161 3340 1230 aliquo
3386 1174 3523 1218 tem-

1943 1261 2072 1316 pore
2123 1246 2244 1301 talis
2293 1259 2417 1302 esse
2464 1247 2759 1315 studuerit,
2809 1258 2870 1302 ut
2905 1248 3038 1301 nihil
3090 1265 3282 1306 eorum
3324 1252 3520 1308 debeat

1941 1341 2137 1410 quibus
2168 1341 2437 1396 obnoxius
2471 1350 2589 1395 erat
2622 1350 2878 1412 tanquam
2921 1359 3028 1398 non
3067 1345 3310 1402 redditis.
3349 1348 3520 1404 Porro

1943 1431 2163 1488 nefaria:
2193 1432 2296 1488 illm
2328 1433 2674 1502 operationes
2699 1433 2751 1487 iu
2782 1436 3050 1504 superiori
3093 1437 3287 1492 anima
3318 1451 3518 1497 nostra:

1941 1531 2092 1591 parte
2119 1525 2417 1595 impressae,
2458 1523 2593 1578 ﬁunt
2619 1526 2757 1594 quod
2801 1530 3054 1581 adversus
3087 1544 3180 1581 nos
3222 1541 3299 1584 est
3336 1531 3520 1586 chiro-

1938 1615 2254 1683 graphum"
2270 1631 2336 1670 ex
2367 1631 2495 1686 quo,
2524 1616 2669 1670 velut
2704 1631 2768 1670 ex
2802 1617 2957 1673 libris
2989 1621 3056 1675 ab
3078 1620 3331 1677 omnibus
3361 1625 3520 1680 nobis

1940 1707 2180 1776 propria,
2215 1714 2275 1760 ut
2306 1707 2378 1761 ita
2413 1706 2579 1780 254
2608 1707 2807 1774 dicam,
2849 1725 3007 1764 manu
3040 1712 3262 1782 scriptis
3302 1712 3519 1781 judica-

243 1799 302 1851 δὲ
341 1800 396 1851 αἱ
439 1797 752 1869 παράνομοι
780 1797 1048 1866 ἐνέργειαι
1091 1801 1148 1850 ἐν
1181 1797 1259 1867 τῷ
1289 1796 1600 1867 ἡγεμονικῷ
1636 1797 1830 1850 τυπού-

1942 1797 2142 1860 bimur,
2177 1799 2429 1868 quodque
2457 1811 2583 1855 tunc
2613 1801 2940 1869 proferetur.
2974 1817 3100 1856 cum
3135 1819 3314 1858 omnes
3345 1807 3516 1859 stabi-

247 1907 447 1960 μεναι,
499 1890 564 1942 τὸ
603 1889 730 1944 καθ’
781 1887 950 1958 ἡμῶν
991 1889 1230 1956 γίνονται
1273 1889 1686 1958 χειρόγραφον,
1745 1891 1837 1958 ἀφ’

243 1977 304 2036 οὗ
336 1978 804 2050 δικασθησόμεθα,
857 1979 1011 2050 δίκην
1048 1978 1243 2048 βίϐλων
1288 1979 1397 2031 τῶν
1441 1979 1546 2031 ὑπὸ
1599 1978 1864 2063 πάντων,¹

244 2072 311 2126 ἶν’
347 2073 524 2134 οὕτως
566 2071 723 2134 εἴπω,
760 2070 1367 2141 κεχειρογραφημένων,
1423 2069 1838 2140 προαχθησομέ-

244 2183 352 2220 νων
383 2164 520 2236 (75),
564 2165 653 2216 ὅτε
687 2163 908 2228 πάντες
944 2163 1452 2232 παραστησόμεθα
1498 2161 1578 2226 τῷ
1606 2160 1834 2230 ,βήματι

241 2257 350 2311 τοῦ
384 2255 666 2324 Χριστοῦ,
710 2255 811 2308 ἵνα
852 2255 1167 2323 κομίσηται
1195 2255 1452 2319 ἕκαστος
1489 2253 1562 2306 τὰ
1593 2252 1691 2306 διὰ
1724 2253 1831 2306 τοῦ

240 2345 538 2416 σώματος,
566 2347 714 2414 πρὸς
746 2344 785 2399 εἲ
814 2345 1097 2413 ἔπραξεν,
1120 2345 1240 2398 εἴτε
1266 2344 1509 2414 ἀγαθὸν,
1538 2345 1657 2398 εἴτε
1683 2344 1834 2413 φαῦ-

238 2441 377 2492 λον.
414 2437 575 2491 Κατά
605 2437 808 2499 ταύτας
840 2436 940 2499 τὰς
983 2435 1203 2506 ὀφειλάς
1235 2437 1330 2490 καὶ
1369 2436 1431 2488 τὸ
1469 2437 1527 2489 ἐν
1557 2439 1678 2498 ταῖς
1721 2436 1834 2487 Πα-

237 2528 490 2601 ροιμίαις
534 2529 748 2596 λέγεται
797 2529 927 2601 (74)·
970 2527 1067 2595 Μὴ
1105 2527 1274 2580 δίδου
1318 2526 1579 2580 σεαυτὸν
1618 2529 1704 2592 εις
1742 2529 1836 2596 ἐγ-

233 2622 398 2691 γύην
432 2622 466 2672 ὁ
510 2621 952 2688 αἰσχυνόμενος
980 2620 1322 2685 πρόσωπον
1350 2620 1402 2671 εί
1431 2616 1542 2688 γὰρ
1571 2620 1684 2687 οὐχ
1712 2617 1835 2682 ἕξει

232 2715 434 2770 πόθεν
463 2711 763 2766 ἀποδώσει
801 2710 933 2781 (75),
983 2709 1284 2777 λήψονται
1318 2708 1381 2762 τό
1429 2708 1548 2761 σὸν
1593 2708 1836 2777 στρῶμα

234 2807 307 2862 τὸ
336 2803 462 2860 ὑπὸ
493 2805 598 2869 τὰς
624 2800 890 2868 πλευράς
931 2814 1066 2853 σου.
1105 2800 1167 2852 Εἰ
1200 2800 1257 2853 δὲ
1310 2798 1583 2862 τοσούτοις
1625 2798 1834 2868 ὀφείλο-

239 2913 366 2970 μεν,
403 2895 624 2957 πάντως
665 2893 758 2946 καὶ
806 2894 934 2962 ἡμῖν
969 2908 1115 2954 τινες
1156 2890 1482 2960 ὀφείλουσινο
1514 2892 1560 2943 oi
1595 2889 1693 2960 μὲν
1726 2890 1834 2960 γάρ

235 2985 551 3057 ὀφείλουσιν
608 2987 740 3056 ἡμῖν
773 2984 848 3045 ὡς
895 2980 1222 3052 ἀνθρώποις,
1260 2983 1309 3035 οί
1341 2982 1398 3034 δὲ
1443 2981 1518 3044 ὡς
1563 2981 1827 3045 πολίταις’

240 3078 390 3134 ἄλλοι
437 3077 494 3129 δὲ
530 3077 606 3139 ὡς
638 3074 895 3146 πατράσι·
929 3074 1022 3127 καί
1068 3091 1212 3137 τινες
1244 3073 1318 3137 ὡς
1362 3074 1516 3135 υἱοῖςο
1562 3075 1654 3126 καὶ
1691 3073 1829 3143 μετά

239 3170 486 3232 τούτους,
504 3167 579 3231 ὼς
608 3166 831 3238 ἀνδράσι
858 3165 1187 3234 γυναῖκες-,ἢ
1217 3165 1292 3228 ὡς
1322 3163 1496 3234 φίλοις
1523 3164 1673 3233 φίλος
1692 3164 1825 3236 (76).

252 3258 428 3312 Ἐπάν
471 3254 563 3310 οὖν
604 3256 708 3309 ἀπὸ
740 3255 846 3308 τῶν
871 3254 1137 3307 πλείστων
1184 3255 1316 3324 ἡμῖν
1348 3252 1639 3322 ὀφειλετῶν
1669 3253 1831 3306 ἀσθε-

240 3347 501 3418 νέστερόν
547 3363 691 3409 τινες
739 3347 866 3416 περὶ
912 3345 1010 3415 τὴν
1057 3342 1308 3396 ἀπόδοσιν
1343 3341 1448 3395 τῶν
1499 3343 1635 3413 πρὸς
1687 3343 1832 3413 ἡμᾶς

139 3489 141 3492 ,
239 3438 594 3508 καθηκόντων
620 3436 1028 3506 ἀναστραφῶσι,
1063 3433 1570 3506 φιλανθρωπότερον
1611 3435 1832 3504 ποιήσο-

243 3547 343 3603 μεν
376 3529 770 3600 ἁμνησικάκως
804 3527 1112 3598 ἐνεχθέντες
1149 3525 1284 3596 πρὸς
1312 3525 1530 3587 αὐτοὺς,
1561 3525 1654 3576 καὶ
1687 3523 1830 3577 ἰδίων

241 3620 584 3692 μεμνημένοι
610 3618 859 3689 ὀφειλών,
894 3619 1024 3682 ὅσας
1053 3617 1310 3680 πολλάκις
1353 3616 1830 3687 παραλελοίπαμεν

237 3711 300 3767 οὐ
336 3714 501 3783 μόνον
536 3711 671 3784 πρὸς
712 3710 1051 3782 ἀνθρώπους
1083 3707 1218 3762 ἀλλά
1249 3708 1342 3760 καὶ⁹
1371 3708 1509 3780 πρὸς
1543 3708 1708 3761 αὐτὸν
1738 3707 1829 3760 τὸν

239 3805 391 3860 Θεόψ
426 3807 770 3878 μεμνημένοι
797 3806 906 3877 γάρ
929 3799 1003 3858 ὧν
1031 3804 1304 3874 ὀφειλέται
1330 3803 1482 3866 ὄντες
1513 3803 1613 3856 οὐκ
1635 3802 1830 3855 ἀποδε-

237 3896 516 3969 δώκαμεν,
560 3899 694 3952 ἀλλά
731 3898 1185 3967 ἀπεστερήσαμεν
1231 3895 1680 3966 παραδραμόντος
1713 3894 1825 3964 (77)

237 3990 331 4043 τοῦ
378 3991 576 4062 χρόνου
622 3991 680 4050 ἐν
729 3982 772 4056 ᾧ
814 3989 981 4059 ἐχρῆν
1023 3988 1172 4058 ἡμᾶς
1217 3985 1344 4040 τάδε
1386 3977 1510 4038 τινὰ
1552 3985 1687 4057 πρὸς
1733 3985 1826 4038 τὸν

238 4080 464 4151 πλησίον
502 4079 877 4150 πεποιηκέναι,
916 4078 1207 4148 πραότεροι
1251 4076 1487 4146 ἐσόμεθα
1525 4077 1661 4146 πρὸς
1701 4077 1826 4139 τοὺς

239 4172 329 4226 καὶ
380 4174 518 4244 ἡμῖν
561 4170 932 4241 ὀφλήσαντας,
985 4168 1078 4222 καὶ
1130 4169 1204 4239 μὴ
1257 4164 1676 4231 ἀποδεδωκότας
1725 4167 1824 4238 τὴν

239 4263 478 4335 ὀφειλήνο
513 4265 606 4317 καὶ
654 4263 889 4333 μάλιστα
934 4261 1028 4315 ἐὰν
1065 4261 1138 4332 μὴ
1178 4259 1666 4330 ἐπιλανθανώμεθα
1715 4260 1826 4313 τῶν

243 4358 321 4420 είς
350 4358 580 4410 τὺΘεῖον
613 4359 744 4427 ἡμῖν
777 4353 1337 4426 παρανενομημένων,
1360 4352 1574 4422 καὶτῆς
1600 4351 1711 4421 (78)
1743 4353 1822 4414 είς

1944 1904 2056 1941 mus
2099 1899 2220 1943 ante
2269 1890 2504 1944 tribunal
2551 1891 2769 1954 Christi,
2821 1902 2876 1946 ut
2929 1895 3121 1962 referat
3164 1898 3518 1966 unusquisque

1939 1981 2153 2047 ’πορν-ἔτι
2180 1982 2414 2048 corporis
2458 1993 2614 2047 prout
2649 1985 2828 2052 gessit,
2875 1985 2982 2038 sire
3025 1987 3235 2050 bonum,
3269 1988 3376 2041 sive
3404 2006 3517 2044 ma-

1940 2068 2117 2123 lum".
2165 2069 2239 2124 De
2276 2071 2361 2125 his
2395 2072 2589 2126 debitis
2635 2073 2859 2139 dicitur,
2896 2076 3039 2144 quod
3072 2083 3156 2130 est
3200 2077 3253 2131 in
3285 2077 3516 2134 Prover-

1939 2159 2042 2213 bii's
2073 2181 2085 2214 :
2119 2158 2201 2214 Ne
2230 2161 2436 2214 dederis
2481 2171 2528 2215 te
2571 2164 2623 2216 in
2677 2164 3093 2233 ﬁdejussionem,
3146 2169 3399 2221 reveritus
3431 2170 3518 2238 fa-

1937 2253 2104 2315 ciem;
2151 2251 2200 2304 si
2249 2253 2387 2305 enim
2423 2270 2525 2306 non
2567 2255 2815 2309 habueris
2843 2296 2856 2321 ,
2902 2259 3040 2310 unde
3082 2257 3286 2324 solvas;
3330 2260 3514 2316 tollent

1937 2353 2184 2407 stratum,
2225 2343 2364 2413 quod
2405 2346 2500 2398 sub
2539 2345 2696 2399 costis
2751 2347 2935 2400 tuis”.
2977 2345 3132 2412 Quod
3181 2349 3223 2402 si
3269 2359 3346 2405 tot
3388 2360 3518 2406 sunt

1937 2434 2136 2503 quibus
2170 2434 2485 2499 debeamus,
2539 2435 2782 2506 profecto
2811 2446 2938 2492 sunt
2978 2439 3144 2508 aliqui
3175 2455 3393 2511 quoque
3421 2443 3518 2512 qui

1938 2527 2094 2579 nobis
2127 2525 2384 2580 debeant.
2423 2526 2530 2580 Alii
2573 2527 2718 2581 enim
2755 2528 2955 2583 debent
2993 2529 3150 2585 nobis
3183 2539 3241 2584 ut
3276 2532 3514 2587 homini-

1935 2615 2058 2680 bus,
2098 2616 2187 2669 alii
2224 2625 2283 2669 ut
2315 2617 2548 2682 civibus,
2585 2614 2678 2672 alii
2717 2628 2773 2671 ut
2805 2620 3068 2687 patribus,
3111 2623 3330 2690 quidam
3366 2630 3422 2677 ut
3453 2623 3517 2677 ii-

1937 2704 2046 2769 liis.
2087 2706 2283 2762 deinde
2311 2715 2369 2760 ut
2412 2708 2552 2762 viris’
2599 2710 2877 2774 mulieres,
2907 2720 2966 2764 ut
3011 2713 3204 2768 amicis
3235 2714 3419 2769 amici.
3453 2713 3514 2769 Si

1936 2799 2028 2868 qui
2060 2813 2191 2867 ergo
2222 2812 2287 2852 ex
2320 2808 2398 2853 tot
2430 2799 2768 2856 debitoribus
2802 2803 3008 2857 nostris
3042 2805 3094 2856 in
3121 2798 3186 2859 iis
3209 2821 3331 2875 quae
3359 2807 3513 2862 nobis

1935 2892 2132 2946 debent
2162 2891 2351 2948 ciliciis
2376 2893 2670 2948 reddendis
2702 2895 2980 2949 remissius
3008 2910 3066 2951 se
3091 2899 3380 2967 gesserint,
3405 2898 3508 2953 hnv

1936 2981 2172 3034 mauiter
2217 2997 2338 3036 cum
2386 2983 2488 3036 illis
2528 2998 2768 3052 agemus,
2801 3000 2898 3039 nec
2946 2986 3149 3042 erimus
3182 2989 3506 3057 injuriarum

1935 3087 2226 3139 memores,
2270 3073 2365 3128 sed
2414 3074 2594 3128 debita
2644 3077 2861 3144 propria
2908 3080 3342 3146 recordabimur,
3387 3098 3509 3151 qua:

1936 3177 2078 3232 saepe
2107 3164 2394 3219 omisimus
2430 3165 2644 3221 solvere
2673 3182 2777 3221 non
2809 3168 3120 3224 hominibus
3144 3180 3377 3239 tantum,
3413 3175 3510 3230 sed

1933 3262 1989 3307 et
2014 3253 2114 3322 ipsi
2156 3253 2284 3308 Deo.
2321 3254 2588 3309 Memores
2621 3257 2764 3311 enim
2801 3271 2990 3312 eorum
3027 3274 3149 3329 quae
3178 3277 3303 3316 cum
3342 3263 3509 3320 debe-

1937 3359 2134 3409 remus,
2172 3362 2279 3402 non
2314 3347 2668 3413 reddidimus,
2700 3350 2794 3403 sed
2831 3349 3075 3406 fraudem
3109 3352 3338 3409 fecimus
3370 3371 3512 3426 prse-

1937 3435 2094 3490 terito
2129 3444 2394 3506 tempore,
2431 3455 2538 3508 quo
2570 3441 2685 3494 haec
2721 3440 2805 3494 vel
2845 3440 2934 3495 illa
2969 3444 3218 3511 proximo
3249 3455 3511 3514 praestare

1933 3527 2236 3594 debuimus,
2263 3529 2506 3584 mitiores
2532 3532 2738 3586 erimus
2761 3532 2814 3584 in
2846 3545 2959 3596 eos,
2990 3535 3082 3601 qui
3111 3535 3307 3589 debent
3331 3537 3509 3603 nobis,

1934 3635 2034 3676 nec
2072 3622 2307 3676 debitum
2342 3623 2608 3688 reddunt;
2643 3626 2876 3680 maxime
2907 3626 2950 3679 si
2986 3639 3091 3678 non
3120 3625 3512 3681 obliviscamur

1932 3726 2118 3766 eorum
2171 3709 2293 3781 qure'
2340 3713 2391 3766 in
2448 3715 2616 3768 Deum
2667 3714 3048 3784 peccavimus,
3095 3723 3151 3768 et
3205 3715 3511 3785 iniquitatis

1930 3818 2092 3872 quam
2129 3802 2179 3856 in
2217 3802 2502 3858 Excelsum
2549 3803 2716 3859 locuti
2756 3821 2964 3872 sumus,
3008 3807 3122 3862 sive
3172 3807 3510 3876 ignoratione

1930 3895 2196 3959 veritatis,
2226 3895 2341 3949 sive
2375 3894 2713 3963 impatientia
2742 3910 2928 3952 eorum
2956 3911 3076 3966 quas
3108 3898 3263 3953 nobis
3295 3900 3508 3954 accide-

1931 3994 2057 4039 ruut
2091 3986 2343 4041 adversa.
2375 3984 2529 4052 Quod
2562 3987 2608 4041 si
2641 3987 2876 4043 nolimus
2901 3987 2955 4043 in
2988 3989 3262 4045 debitores
3290 4000 3506 4046 nostros

1928 4091 2048 4132 esse
2100 4077 2344 4149 benigni,
2380 4080 2571 4134 eadem
2623 4080 2895 4149 patiemur
2925 4095 2990 4135 ac
3027 4080 3115 4134 ille
3156 4082 3247 4150 qui
3284 4091 3505 4136 centum

1927 4169 2180 4224 denarios
2229 4185 2492 4224 conservo
2539 4186 2642 4224 non
2679 4172 3032 4226 condonavit.
3067 4171 3202 4225 Cum
3235 4171 3283 4225 ei
3320 4172 3508 4226 remis-

1927 4275 2044 4315 sum
2098 4261 2292 4316 fuisset
2339 4263 2601 4325 debitum,
2633 4261 2789 4329 juxta
2837 4262 3064 4331 positam
3111 4263 3166 4315 in
3213 4262 3505 4332 Evangelia

1927 4351 2259 4418 parabolam,
2295 4368 2416 4405 eum
2453 4353 2647 4406 deinde
2685 4353 2881 4407 vinciri
2931 4353 3083 4421 jubet
3115 4351 3398 4416 Dominus,
3433 4353 3502 4406 ab

240 4447 300 4501 τὺ
318 4449 490 4518 Ὕψος
506 4448 717 4510 ἀδικίας
744 4449 876 4518 ἡμῖν
901 4446 1095 4515 λελαλη
1103 4445 1289 4516 μένης,
1313 4445 1430 4514 ἦτοι
1454 4442 1593 4496 κατὰ
1609 4442 1826 4511 ἄγνοιαν

1938 4457 2105 4510 eoque
2137 4443 2307 4514 exigit
2353 4458 2475 4512 quae
2523 4452 2684 4496 antea
2735 4442 3044 4506 remiserat,
3084 4443 3310 4510 aitque:
3343 4440 3504 4495 Serve

240 4540 334 4611 τῆς
365 4541 600 4612 ἀληθοῦς
626 4541 658 4610 ἢ
687 4540 826 4593 κατά
851 4538 1241 4610 δυσαρέστησιν
1265 4538 1364 4608 τὴν
1414 4536 1548 4606 πρὸς
1581 4536 1648 4588 τά
1690 4551 1826 4604 συμ-

245 4631 407 4686 ϐάντα
438 4637 574 4705 ἡμῖν
610 4624 988 4706 περιστατικά.
1025 4632 1088 4684 Εἰ
1131 4630 1186 4682 δὲ
1221 4628 1297 4700 μὴ
1329 4627 1629 4699 βουλόμεθα
1661 4627 1824 4698 πραόο

243 4741 387 4797 τεροι
420 4727 667 4796 γίνεσθαι
703 4727 838 4798 πρὸς
883 4727 1009 4788 τοὺς
1055 4726 1186 4794 ἡμῖν
1224 4722 1590 4792 ὀφλήσαντας,
1633 4718 1815 4772 natati-

251 4813 387 4881 μεθα
425 4818 494 4871 τά
539 4817 633 4870 τοῦ
682 4817 749 4871 τὰ
798 4817 988 4869 ἑκατὸν
1020 4815 1247 4885 δηνάρια
1295 4812 1373 4883 τῷ
1413 4809 1688 4882 ὁμοδούλῳ
1738 4808 1812 4880 μὴ

1933 4546 2154 4600 nequam
2179 4541 2227 4584 et
2257 4532 2422 4601 piger,
2472 4548 2642 4586 nonne
2683 4532 2913 4601 oportuit
2952 4542 2997 4584 et
3035 4539 3084 4584 te
3113 4530 3350 4583 misereri
3379 4545 3505 4583 con-

1929 4625 2063 4678 servi
2088 4624 2186 4688 tui,
2212 4626 2344 4679 sicut
2368 4635 2415 4680 et
2446 4642 2537 4696 ego
2570 4627 2650 4679 tui
2695 4628 2941 4680 misertus
2979 4629 3134 4681 eum?
3167 4624 3364 4679 Mittite
3383 4640 3503 4678 eum

1927 4715 1982 4768 in
2013 4730 2298 4780 carcerem,
2329 4717 2492 4770 donec
2532 4717 2716 4770 reddat
2750 4732 2900 4769 omne
2939 4715 3250 4770 debitum“.
3283 4714 3378 4770 His
3403 4728 3504 4769 au-

1925 4816 2030 4863 tem
2069 4804 2345 4877 subiungit
2375 4807 2633 4862 Dominus
2665 4831 2679 4862 -.
2715 4807 2806 4863 Sic
2829 4817 2874 4861 et
2907 4806 3069 4861 Pater
3098 4805 3316 4861 cmlestis
3342 4805 3501 4875 faciet

315 4949 366 4982 ’⁸
393 4951 598 5007 Coloss.
639 4967 698 5019 ιι,
737 4953 818 5006 14.
893 4950 939 4982 ⁷⁸
962 4950 1121 5004 Rom.
1155 4962 1268 5013 xw,
1304 4946 1404 5012 10;
1445 4944 1485 5000 ll
1513 4945 1638 5000 Cor.
1674 4960 1728 5010 v,
1766 4941 1830 4997 it)

1938 4942 1976 4976 ⁵⁸
2007 4941 2172 5036 Prov.
2202 4957 2348 5008 ml,
2377 4941 2497 4995 27.2
2555 4943 2596 4974 "
2624 4941 2816 4997 Matth.
2847 4958 3002 5008 xvut,
3029 4942 3120 4996 52.

220 5029 224 5048 ²
265 5138 268 5139 ν
317 5066 430 5139 (71)
478 5066 1134 5139 Ὀλίγαγὰποδιδόντεᾳ
1179 5063 1395 5139 Aliquid
1424 5063 1632 5117 videtur
1655 5063 1813 5139 exci-

246 5133 421 5200 disse,
465 5147 522 5190 et
573 5133 650 5189 sic
693 5138 972 5205 legendum
1020 5135 1174 5203 ὀλίγα
1231 5133 1523 5204 ὀφείλουσι,
1568 5135 1712 5198 τινὲς
1757 5133 1814 5187 δὲ

243 5207 396 5276 ὀλίγα
427 5207 782 5271 ἀποδιδόντες.

1997 5062 2276 5142 (Ἰθηρῠχ
2307 5061 2429 5127 ἕξει
2452 5064 2642 5142 πόθεν
2667 5061 2985 5142 ἀπξοδῴσει.
3016 5061 3108 5142 Sic
3136 5062 3501 5142 hahet‘eodex

1923 5131 2045 5209 ms_._
2058 5131 2675 5209 Editidauteui'Oxou”
2704 5134 2819 5209 οὑξ
2833 5132 2962 5204 ἔχῃς
2976 5131 3496 5209 Απόθενηάποδι-ίισῃς,

1994 5205 2104 5274 (76)
2146 5203 2348 5274 Φίλος.
2405 5201 2548 5274 Lego
2599 5219 2725 5256 cum
2785 5201 3071 5274 Beijileio._
3101 5201 3272 5274 φίλοι.
3326 5201 3498 5274 Paulo

317 5258 942 5350 (ἨῨᾸξτοδιδοῇἐνοις.
965 5276 1024 5350 In
1042 5258 1626 5350 codiceantanuscripto
1643 5271 1811 5340 prima

1938 5258 2040 5350 )ost
2076 5258 2172 5341 pro
2225 5258 2636 5350 ἀσθενέστερον,
2689 5273 2829 5326 idem
2874 5258 3147 5328 Bentleius
3171 5273 3324 5341 legit,
3371 5273 3501 5328 ἀθε-

249 5343 416 5402 manu"
435 5351 700 5416 scriptum
721 5343 839 5410 'est,
894 5346 1216 5416 ἀποδιδομεν
1247 5362 1294 5407 ς,
1329 5355 1384 5397 et
1415 5343 1586 5416 altera
1626 5357 1812 5416 recen-

251 5421 367 5470 tiori
397 5413 592 5473 inter—v
619 5430 672 5471 ct
704 5436 731 5481 ς
764 5417 1002 5470 additum
1042 5413 1130 5469 est
1155 5433 1224 5478 οι,
1277 5414 1432 5483 quasi
1480 5414 1628 5483 prius
1670 5413 1810 5483 scri-

1919 5342 2070 5395 νέπε
2109 5359 2168 5395 ον
2201 5343 2282 5395 vel
2305 5342 2688 5412 ἀμελέστερον.

1990 5359 2108 5485 (77.)
2137 5412 2318 5485 Codex
2356 5427 2483 5479 ms.,
2537 5429 2688 5484 παρα

2060 5433 2072 5463 l

2137 5412 2318 5484 Codex
2350 5407 2483 5479 'ms.,
2537 5407 3006 5484 παραδραμόντος.
3059 5408 3241 5463 Editio
3290 5407 3493 5471 Οιοη..

249 5495 388 5557 ptum
418 5489 575 5542 fuerit
606 5487 1030 5557 ἀποδιδομένοις,
1053 5500 1150 5554 pro
1180 5481 1489 5552 quo—tamen
1521 5481 1806 5550 legendum

1938 5481 2385 5557 παρεδρεμρντεξο

250 5550 448 5629 ἧιίἱιςιιιιι
482 5550 895 5629 ἀπιδιδομένωνῄ.

317 5625 422 5694 (73)
451 5619 1022 5697 Προαχθήσομένων.
1051 5619 1508 5697 LegitBeutleius,
1537 5619 1805 5692 προαχθη-

252 5693 481 5764 σύμενον.
496 5693 508 5696 ’
518 5693 623 5766 Ego
634 5693 647 5696 ⁷
666 5693 747 5750 ma
758 5693 869 5766 lini,
894 5693 1392 5766 προαχθησομένου.

317 5759 424 5838 (74)
463 5759 641 5824 (ἰθύνοι
689 5783 816 5835 ms.,
854 5759 1091 5835 λέγεται.
1128 5759 1306 5822 Editio
1335 5761 1532 5828 Oxon.,
1558 5759 1800 5832 λέγηται.

171 5870 235 5905 Β».

1986 5546 2114 5619 (78)
2140 5546 2248 5605 Καὶ
2289 5551 2418 5619 τῆς,
2473 5562 2578 5606 etc.
2631 5552 2908 5605 Bentleius
2931 5550 3058 5617 legit
3087 5569 3097 5599 :
3127 5547 3221 5598 xui.
3263 5546 3370 5619 τῷν
3413 5548 3495 5609 εἰς

1911 5617 2160 5694 τὸ
2184 5617 2396 5694 ἀδικίας
2417 5626 2546 5692 ἡμῖν
2563 5622 2760 5694 λελαλη
2769 5622 2962 5689 μένων,
2985 5619 3100 5687 ἦτοι
3117 5619 3262 5694 κατὰ
3273 5617 3497 5694 ἀγνοιαν

1808 5707 1812 5710 ’
1911 5692 2002 5762 τοῦ
2029 5688 2326 5762 νάληθοῦςῆ
2369 5688 2688 5762 xat'éc'zalﬁgd
2714 5688 2921 5762 tantum
2971 5688 3168 5742 mutari
3205 5688 3363 5744 velim
3395 5688 3482 5756 τῖε

1911 5757 2141 5834 ἀληθοῦς
2182 5762 2266 5819 bis
2300 5757 2480 5819 verbis
2506 5757 2912 5830 τῆςάληθείας.
