3974 6160
476 266 579 321 527

1922 280 2244 337 ORIGENiS

3624 290 3724 347 528

470 364 637 424 vobis,
680 365 729 415 si
769 380 871 417 non
914 368 1215 421 remiseritis
1269 372 1623 439 unusquisque
1665 372 1824 441 fratri
1854 390 1947 428 suo
1982 378 2033 429 dt

2152 381 2617 449 συγχωρήσαντος,
2674 381 2851 433 ὅντινα
2868 383 3412 455 ’προσυγχωρηθέντα
3446 384 3588 438 κατά
3627 386 3722 457 τὴν

474 454 721 507 cordibus
770 456 1030 510 vestris”.
1076 457 1285 511 Etenim
1336 460 1601 527 pmnitcre
1641 478 1697 516 se
1743 463 2047 520 dicentibus

474 541 543 597 iis
570 545 659 613 qui
695 545 746 598 iu
777 561 874 601 nos
905 556 1287 616 peccaverunt,
1326 550 1763 617 condonaudum,
1806 556 1905 607 etsi
1939 570 2043 608 saa-

475 638 596 705 pius
620 639 671 693 id
707 640 865 694 faciat
896 640 1143 694 debitor:
1176 639 1236 695 Si
1264 643 1429 707 enim,
1457 645 1652 714 inquit,
1672 647 1859 713 septies
1884 649 1934 700 in
1957 648 2042 702 die

473 732 754 798 peccaverit
778 733 830 784 in
857 744 904 785 te
929 731 1099 786 l'rater
1132 742 1253 789 tuus
1276 745 1323 787 et
1345 735 1532 802 septies
1568 738 1621 789 in
1655 738 1739 788 die
1764 755 2041 791 conversus

472 822 629 892 fuerit
657 824 727 875 ad
757 833 825 887 te,
850 824 1027 877 dicens
1051 840 1069 877 :
1094 823 1312 879 Pwnitel
1340 842 1439 889 me,
1461 827 1690 881 dimittes
1716 829 1869 882 illi”.
1898 829 2043 895 Quos

470 924 786 968 autemnon
822 917 1068 982 paenitet,
1108 933 1159 970 m
1207 933 1302 972 eos
1351 919 1471 972 duri
1525 934 1622 973 nos
1670 936 1780 973 non
1827 936 2036 987 smnus,

470 1008 561 1061 sed
597 1008 699 1061 sibi
734 1009 863 1075 ipsis
896 1009 973 1061 illi
1008 1008 1131 1061 mali
1162 1016 1320 1072 sunt;
1351 1010 1442 1078 qui
1466 1010 1603 1062 enim
1637 1010 1847 1077 expellit
1878 1013 2043 1065 disci-

467 1099 687 1165 plinam,
720 1102 829 1151 oJit
873 1115 928 1152 se
977 1100 1223 1167 ipsum“.
1259 1098 1399 1166 Quin
1451 1111 1505 1154 et
1547 1116 1667 1154 cum
1720 1101 1772 1154 id
1815 1103 2037 1168 accidit,

467 1190 628 1261 255
655 1190 825 1245 danda
851 1202 932 1245 est
961 1206 1123 1259 opera
1163 1200 1219 1243 ut
1253 1193 1399 1245 οιιιιιί
1436 1198 1591 1246 modo
1626 1197 1837 1248 curatio
1867 1212 1896 1249 a
1921 1196 2030 1249 Ihi-

465 1280 659 1334 healur
690 1280 738 1334 ei
766 1280 859 1349 qui
901 1280 975 1333 ita
1029 1282 1095 1333 ad
1143 1282 1324 1334 omnia
1387 1298 1673 1351 perversos
1722 1294 1825 1350 est,
1869 1296 1925 1337 ut
1972 1300 2039 1340 ne

467 1373 906 1439 sentiatquidem
958 1374 1173 1442 propria
1219 1374 1377 1436 mala,
1414 1376 1704 1443 ebriusque
1747 1378 1818 1430 sit
1881 1378 2037 1448 longe

468 1464 829 1531 perniciosius
854 1478 1015 1533 quam
1045 1480 1072 1517 a
1097 1465 1242 1527 vino,
1280 1466 1487 1521 scilicet
1531 1468 1753 1522 malitia:
1796 1471 2036 1524 tenebris

468 1554 799 1608 obcmcatus.
858 1554 1027 1609 Porro
1079 1559 1218 1624 quod
1253 1558 1426 1612 Lucas
1460 1559 1535 1611 ait
1565 1575 1579 1612 :
1613 1558 1831 1612 Dimitte
1886 1562 2034 1613 nobis

466 1654 676 1711 peccata
708 1654 888 1698 nostra
919 1645 1061 1715 (cum
1087 1659 1308 1713 peccata
1341 1651 1464 1704 inde
1481 1650 1731 1703 oriantur
1754 1652 1895 1719 quod
1926 1668 2031 1704 nou

2150 473 2406 543 κειμένην
2426 475 2483 526 ὲν
2504 474 2582 543 τῷ
2606 475 2920 545 Εὑαγγελίῳ
2950 494 3022 529 πα
3032 478 3283 547 ραὸολὴν,
3310 478 3593 549 ὲνειλήσας
3612 479 3722 550 (79)

2146 566 2445 634 ὲκπράσσει
2479 568 2507 618 ό
2533 566 2795 639 δεσπότης
2817 567 2882 620 τὰ
2919 569 3519 641 προσυγκεχωρημένα,
3548 570 3720 638 λέγων

2144 653 2316 724 αὐτῷ·
2339 657 2571 723 Πονηρὲ
2597 658 2798 722 δοῦλε,
2818 660 2916 712 καὶ
2932 661 3170 727 ὀκνηρέ,
3192 662 3304 714 οὐκ
3327 661 3447 714 ἔδει
3469 660 3724 727 ἐλεῆσαι

2144 759 2217 797 σε
2241 745 2350 798 τὸν
2375 747 2725 801 σύνδουλόν
2750 766 2864 802 σου
2893 749 2972 815 ὠς
2997 748 3154 818 κάγώ
3192 767 3266 803 σε
3302 750 3573 818 silenda;
3611 750 3723 804 Βά-

2141 838 2277 887 λετε
2300 836 2488 889 αὐτὸν
2510 840 2598 903 εἰς
2624 838 2736 905 τὴν
2754 840 3063 908 φυλακὴν,
3088 841 3197 907 ἓως
3239 841 3441 906 ἀποδῷ
3488 842 3613 897 πᾶν
3652 844 3719 898 τὸ

2142 927 2552 996 ὀφειλόμενον.
2590 930 2869 1000 Ἐπιφέρει
2906 930 2962 982 δὲ
2993 929 3246 995 τούτοιςὸ
3273 931 3495 1002 Κύριοςο
3524 932 3719 997 Οὕτως

2142 1018 2241 1072 καὶ
2262 1019 2401 1087 ὑμῖν
2416 1022 2448 1072 ὀ
2468 1020 2670 1088 Πατὴρ
2699 1025 2730 1073 ὀ
2749 1021 3027 1089 οὐράνιος
3048 1022 3306 1088 ποιήσει,
3320 1019 3718 1091 ἐίινμὴὰφῆτε

2139 1111 2385 1175 ἕκαστος
2410 1111 2489 1176 τῷ
2507 1112 2746 1181 ἀδελφῷ
2769 1114 2953 1166 αὑτοῦ
2978 1114 3095 1167 ἀπὸ
3118 1113 3239 1166 τῶν
3254 1114 3511 1182 καρδιῶν
3532 1112 3714 1181 ὑμῶν.

2140 1203 2370 1271 Λέγουσι
2392 1204 2636 1273 μέντοιγε
2671 1206 2946 1273 μετανοεῖν
2978 1208 3086 1267 τοῖς
3113 1207 3190 1268 εἰς
3224 1207 3367 1275 ἡμᾶς,
3403 1204 3719 1274 ἡμαρτηκό-

2140 1309 2222 1345 σιν
2238 1293 2484 1361 ἀφετέον,
2498 1292 2600 1346 κᾶν
2618 1294 2876 1355 πολλάκις
2888 1292 3044 1345 τοῦτο
3059 1295 3087 1346 ὁ
3101 1294 3382 1363 ὀφειλέτης
3397 1296 3428 1363 ἡ
3438 1294 3552 1363 μῶν
3569 1295 3713 1364 ποιῇ·

2150 1381 2284 1435 Ἐὰν
2305 1384 2416 1455 γὰρ
2448 1381 2697 1447 ἑπτάκις
2722 1380 2832 1449 τῆς
2860 1381 3084 1450 ἡμέρας
3124 1381 3377 1450 ἁμάρτῃ,
3416 1384 3598 1451 φησὶν,
3633 1385 3720 1449 εις

2136 1472 2210 1525 σε
2227 1474 2254 1525 ὁ
2272 1474 2495 1543 ἀδελφός
2524 1492 2640 1537 σου,
2658 1474 2753 1526 καὶ
2776 1472 3019 1538 ἑπτάκις
3039 1474 3359 1541 ἐπισρέψ-ῃ,
3372 1474 3582 1543 λέγων’
3602 1477 3718 1526 Με-

2136 1562 2347 1626 τανοῶ,
2362 1564 2615 1629 ἀμήσεις
2631 1561 2809 1627 αὐτῷ.
2825 1564 2936 1633 Οὐχ
2950 1565 3110 1633 ἡμεῖς
3128 1563 3183 1615 δὲ
3202 1562 3425 1632 χαλεποὶ
3441 1563 3577 1632 πρὸς
3592 1564 3718 1625 τοὺς

2142 1649 2215 1719 μὴ
2241 1649 2650 1719 μετανοοῦντας,
2676 1651 2788 1705 ἀλλ’
2806 1653 3016 1714 ἑαυτοῖς
3037 1654 3084 1703 oi
3106 1651 3333 1704 τοιοῦτοί
3350 1653 3453 1703 εἱσι
3468 1652 3711 1721 πονηροίο

470 1734 745 1789 reddimus
778 1750 898 1804 quae
926 1737 1229 1805 debemus),
1259 1740 1399 1793 idem
1443 1755 1509 1793 ac
1546 1738 1831 1794 Matthazus
1878 1742 2027 1802 dicit,

2148 1742 2208 1794 Ὀ
2222 1741 2326 1810 γὰρ
2338 1743 2755 1810 ἀπωθούμενος
2766 1742 3038 1796 παιδείαν
3042 1743 3448 1811 μισεῖἐαυτόν.
3467 1742 3610 1809 Πλὴν
3622 1746 3717 1795 καὶ

470 1827 562 1896 qui
586 1843 692 1881 non
728 1828 951 1882 videtur
986 1828 1158 1882 locum
1187 1832 1235 1884 ei
1289 1832 1438 1893 dare,
1468 1831 1556 1900 qui
1598 1832 1730 1886 solis
1777 1833 2035 1902 pmtiiteu-

470 1918 612 1973 tibus
637 1918 974 1974 debitoribus
1007 1921 1286 1975 remittere
1325 1921 1473 1985 velit,
1515 1937 1637 1974 cum
1670 1923 1863 1976 dicata
1903 1922 2034 1976 Ser-

469 2021 655 2064 vatore
684 2011 1062 2079 praescriptum
1092 2026 1214 2065 esse
1245 2022 1303 2065 ut
1352 2012 1583 2065 orationi
1631 2013 1890 2066 addanms
1925 2030 1939 2066 :
1974 2011 2034 2067 Si

467 2102 675 2170 quidem
705 2112 751 2155 et
782 2102 882 2169 ipsi
910 2102 1222 2154 dimittimus
1245 2106 1387 2155 omni
1410 2104 1613 2157 debeuti
1644 2104 1812 2157 nobis.
1856 2103 2034 2157 llabe-

470 2208 589 2246 tuus
617 2194 780 2263 igitur
808 2207 995 2247 omnes
1027 2202 1343 2261 potestatem
1372 2195 1678 2271 remittendi
1726 2206 1943 2262 peccata
1979 2195 2031 2248 in

468 2300 567 2338 nos
620 2282 875 2349 admissa,
920 2294 978 2339 ut
1028 2284 1369 2338 manifestum
1413 2294 1497 2340 est
1543 2301 1607 2339 ex
1660 2286 1781 2340 his:
1813 2286 1962 2340 Sicut
1985 2298 2032 2341 et

468 2391 561 2428 nos
594 2375 904 2429 dimittimus
936 2376 1252 2429 debitoribus
1300 2377 1519 2438 nostris,
1553 2384 1609 2430 et
1650 2392 1714 2430 ex
1768 2377 1889 2431 istis
1925 2395 1938 2430 :
1972 2377 2033 2432 Si

464 2466 669 2533 quidem
697 2475 743 2517 et
776 2466 874 2534 ipsi
904 2467 1216 2521 dimittimus
1242 2467 1383 2521 omni
1410 2467 1616 2520 debent:
1643 2467 1813 2521 nobis.
1840 2466 1945 2521 Sed
1983 2468 2029 2522 is

469 2556 522 2609 in
547 2572 707 2624 quem
729 2557 887 2611 Jesus
918 2557 1230 2621 iusumavit,
1290 2558 1741 2625 quemadmodum
1801 2560 1852 2612 in
1901 2573 2030 2626 apo-

467 2650 661 2708 stolos.
711 2650 910 2717 quique
941 2664 969 2701 a
1014 2647 1285 2702 fructibus
1336 2649 1591 2713 cognosci
1656 2658 1836 2716 potest
1874 2663 2033 2702 acceo

465 2738 608 2807 pisse
638 2738 902 2807 Spiritum
951 2747 1199 2792 sanctum
1242 2746 1297 2792 et
1333 2735 1512 2791 factus
1556 2754 1679 2792 esse
1705 2739 2027 2806 spiritualis,

467 2845 533 2885 eo
556 2832 700 2900 quod
728 2828 931 2899 Spiritu
967 2831 1083 2897 Dei,
1114 2845 1265 2885 more
1297 2829 1419 2884 Filii
1460 2832 1573 2896 Dei,
1618 2843 1815 2898 agatur
1856 2832 1921 2885 ad
1966 2847 2026 2885 ea

464 2922 648 2977 omnia
680 2937 800 2990 quae
839 2921 1046 2976 ratione
1068 2922 1303 2990 gerenda
1347 2931 1506 2985 sunt;
1557 2923 1602 2975 is
1645 2923 1867 2976 dimittit
1911 2938 2031 2991 quae

466 3012 766 3067 dimitteret
799 3013 939 3066 Deus
971 3020 1026 3064 et
1053 3012 1371 3065 insanabilia
1408 3020 1629 3080 peccata
1672 3012 1890 3074 retinet,
1925 3012 2028 3064 mi—

464 3106 704 3159 nistrans
738 3103 818 3173 (ut
846 3103 1119 3173 prOphctte
1149 3103 1257 3155 Deo
1315 3102 1695 3155 ministrabant
1751 3102 2029 3171 loquentes

465 3213 570 3251 non
603 3211 721 3258 sua,
754 3195 847 3249 sed
874 3209 992 3262 qua:
1023 3193 1219 3245 divina:
1265 3202 1418 3245 erant
1460 3193 1800 3263 voluntatis),
1846 3194 1926 3247 sic
1978 3206 2032 3249 et

465 3290 580 3359 ipse
609 3286 708 3341 soli
750 3284 1059 3339 dimittendi
1112 3293 1436 3350 potestatem
1482 3285 1701 3337 habenti
1762 3285 1886 3338 lleo.
1942 3286 2033 3341 Sic

465 3392 644 3434 autem
707 3378 907 3432 habent
956 3377 1010 3429 in
1072 3374 1360 3443 Evangelia
1420 3378 1717 3430 secundum
1767 3375 2031 3431 Joannem

462 3486 582 3539 qua:
611 3470 678 3524 de
712 3468 1031 3523 remissione
1061 3466 1128 3518 ab
1157 3464 1417 3532 apostolis
1447 3466 1796 3520 concedenda
1825 3468 2029 3535 scripta

462 3570 590 3615 sunt
623 3578 637 3614 :
665 3560 896 3627 Accipite
923 3556 1180 3624 Spiritum
1227 3565 1467 3608 sanctum
1493 3572 1511 3620 ;
1542 3572 1765 3625 quorum
1818 3559 2033 3610 remise-

460 3651 580 3704 ritis
609 3658 840 3717 peccata,
868 3648 1207 3701 remittuntur
1238 3646 1352 3711 eis;
1401 3656 1449 3699 et
1482 3663 1703 3715 quorum
1758 3649 2033 3701 retinueri-

461 3743 549 3803 tis,
576 3750 775 3794 retenta
807 3748 927 3792 sunt
957 3737 1031 3800 55.,
1055 3738 1185 3805 Quae
1231 3739 1274 3793 si
1330 3740 1534 3807 absque
1585 3738 1839 3793 examine
1888 3741 2032 3793 acci-

463 3833 704 3900 piantur,
735 3830 1023 3883 accusandi
1054 3829 1380 3883 videbuntur
1428 3830 1678 3897 apostoli,
1738 3830 1879 3896 quod
1924 3846 2029 3883 non

463 3922 714 3975 omnibus
782 3921 1083 3982 remittant,
1143 3930 1199 3972 ut
1250 3920 1503 3973 omnibus
1553 3923 1886 3986 remittatur,
1937 3922 2032 3975 sed

462 4012 819 4081 quorumdam
855 4009 1129 4066 retineant
1163 4019 1381 4077 peccata
1410 4011 1482 4063 ita
1508 4020 1564 4063 ut
1602 4025 1701 4079 per
1735 4027 1831 4065 cos
1859 4013 2029 4064 etiam

461 4106 604 4173 apud
639 4103 802 4157 Deum
847 4102 1207 4155 retineantur.
1269 4099 1409 4154 Utile
1463 4110 1645 4155 autem
1695 4103 1803 4155 erit
1846 4117 2033 4155 exelu-

459 4197 605 4266 plum
643 4210 672 4248 e
696 4194 816 4264 lege
845 4193 1149 4252 desumere,
1180 4200 1235 4243 ut
1274 4190 1611 4260 intelligatur
1654 4206 1715 4245 ea
1763 4206 1883 4260 qua:
1935 4206 2030 4259 per

459 4289 704 4342 homines
728 4302 759 4339 a
793 4285 901 4339 Deo
933 4286 991 4337 lit
1022 4284 1330 4339 hominibus
1352 4294 1699 4353 peccatorum
1758 4283 2029 4337 remissio.

456 4379 820 4433 Prohibeutur
855 4378 989 4448 legis
1036 4378 1348 4432 sacerdotes
1411 4390 1508 4444 pro
1551 4374 1871 4443 quibusdam
1934 4376 2026 4428 de-
2060 4405 2103 4460 υ

458 4470 601 4523 lictis
631 4468 828 4524 olierre
857 4469 1208 4534 sacriﬁcium,
1239 4479 1294 4520 ut
1321 4468 1502 4535 iispro
1532 4467 1729 4535 quibus
1752 4466 2024 4520 sacriﬁcia

457 4558 758 4612 oli‘ertmtur
791 4559 1131 4612 remittantur
1154 4558 1372 4611 delicta.
1414 4556 1526 4611 Nec
1574 4573 1808 4627 unquam
1842 4572 2028 4610 sacer—

458 4651 558 4704 dos
589 4650 679 4716 qni
722 4650 1083 4703 involu’ntaria
1131 4649 1376 4715 quaedam
1434 4649 1742 4701 remittendi
1787 4658 2027 4715 potesta-

461 4749 567 4793 tem
594 4740 757 4792 habet
781 4749 870 4791 aut
901 4755 997 4807 pro
1026 4738 1237 4791 delictis
1261 4736 1547 4797 olTereudi,
1591 4737 1704 4803 jam
1740 4740 1900 4789 etiam
1928 4751 2025 4805 pro

462 4830 725 4884 adulterio
754 4838 845 4883 aut
874 4830 1178 4883 voluntaria
1220 4830 1391 4893 cmde,
1421 4840 1510 4882 aut
1538 4829 1733 4897 quovis
1771 4827 1877 4879 alio
1900 4843 2025 4896 gra-

457 4922 598 4975 viori
638 4921 848 4975 scelere
881 4922 1252 4976 holocaustum
1280 4920 1491 4983 oli'eret,
1526 4930 1623 4972 aut
1653 4935 1749 4988 pro
1779 4930 2025 4987 peccato.

460 5013 555 5067 Sic
595 5013 775 5080 itaque
797 5014 1022 5081 apostoli
1044 5022 1095 5065 et
1129 5015 1219 5082 qui
1252 5014 1459 5068 similes
1498 5012 1761 5079 apostolis
1792 5019 1919 5065 sunt
1944 5026 2027 5064 sa-

461 5104 732 5166 cerdotes,
766 5104 926 5172 juxta
964 5119 1215 5172 maguum
1253 5102 1587 5173 pontiﬁcem,
1631 5103 1914 5171 disciplina
1946 5102 2029 5155 di-

2136 1834 2228 1885 ἐπὶ
2260 1832 2364 1884 τῶν
2392 1831 2684 1883 ποιούντων
2716 1831 2961 1903 (80),τὴν
2978 1831 3273 1902 Θεραπείαν
3312 1833 3474 1884 παντὶ
3525 1833 3715 1904 τρόπῳ

2136 1922 2395 1993 ζητητέον
2430 1923 2748 1989 ἐγγενέσθαι
2778 1923 2853 1993 τῷ
2891 1922 2958 1975 τά
2999 1924 3175 1976 πάντα
3207 1923 3591 1993 διαστραφέντι
3638 1924 3715 1989 ὼς

2138 2013 2271 2083 μηδὲ
2299 2012 2679 2065 συναισθέσθαι
2703 2014 2811 2067 τῶν
2845 2014 2987 2066 ἰδίων
3026 2014 3232 2079 κακῶν,
3279 2015 3497 2085 μεθύειν
3528 2016 3583 2068 δὲ
3615 2018 3713 2087 μέ·-

2135 2104 2232 2174 θην
2262 2103 2651 2175 όλεθριωτέραν
2692 2104 2791 2172 τῆς
2820 2104 2928 2156 ἀπὸ
2952 2104 3092 2156 οίνου
3135 2104 3231 2175 τὴν
3263 2106 3369 2158 ἀπὸ
3407 2105 3499 2157 τοῦ
3530 2123 3711 2159 σκοτι-

2140 2197 2276 2267 σμοῦ
2312 2198 2412 2267 τῆς
2440 2196 2655 2258 κακίας.
2701 2197 2757 2248 Ὀ
2784 2195 2839 2248 δὲ
2873 2198 3085 2259 Λουκᾶς
3132 2196 3320 2249 εἰπών·
3360 2199 3535 2266 Ἄφες
3569 2197 3712 2266 ἡμῖν

2138 2287 2243 2353 τὰς
2288 2288 2577 2356 ἁμαρτίας
2618 2286 2784 2355 ἡμῶν
2837 2288 2992 2356 (ἐπεὶ
3046 2286 3115 2340 τά
3154 2289 3522 2359 ἁμαρτήματα
3564 2288 3711 2356 ὀφει-

2133 2376 2331 2430 λὸντων
2363 2378 2538 2447 ἡμῶν,
2572 2378 2664 2430 καὶ
2701 2378 2775 2448 μὴ
2810 2377 3168 2430 ἀποδιδόντων
3189 2418 3202 2441 ,
3236 2378 3603 2448 συνίσταται),
3650 2377 3710 2431 τὸ

2133 2468 2264 2521 αὐτὸ
2293 2467 2536 2537 λέγειτῷ
2566 2468 2827 2538 Ματθαίῳ
2865 2469 3011 2532 ὅστις
3040 2470 3140 2521 οὐκ
3179 2468 3321 2521 ἔοικε
3355 2468 3531 2541 χῶρον
3574 2469 3706 2523 διδό-

2132 2574 2219 2610 ναι
2240 2557 2316 2627 τῷ
2349 2557 2653 2628 βουλομένῳ
2684 2558 3031 2629 μετανοοῦσιν
3064 2559 3407 2626 ἀφιέναιτοίς
3431 2558 3707 2627 ὀφείλουσι

2135 2651 2313 2720 μόνον,
2357 2649 2528 2717 λέγων
2566 2649 2670 2701 ὑπὸ
2707 2649 2801 2702 τοῦ
2855 2650 3105 2719 Σωτῆρος
3154 2650 3609 2720 νενομοθετῆσθαι
3644 2649 3707 2705 τὸ

2136 2740 2211 2809 μὴ
2240 2740 2347 2791 δεῖν
2380 2739 2485 2809 (8l)
2516 2742 2573 2791 ὲν
2596 2741 2662 2810 τῇ
2693 2741 2825 2809 εὑχῇ
2860 2739 3224 2809 προστιθέναι·
3258 2740 3363 2793 Καὶ
3401 2739 3512 2808 γὰρ
3538 2740 3705 2796 αὐτοὶ

2132 2831 2381 2899 ἀφίεμεν
2411 2831 2589 2883 παντὶ
2630 2832 2932 2899 ὀφείλοντι
2984 2828 3146 2899 ἡμῖν.
3201 2829 3410 2892 Πάντες
3459 2830 3704 2899 μέντοιγε

2132 2920 2374 2985 ἐξουσίαν
2402 2921 2509 2991 (82)
2540 2922 2757 2990 ἀφιέναι
2790 2920 2858 2974 τὰ
2885 2922 2964 2983 είς
2996 2922 3139 2991 ἡμᾶς
3165 2920 3545 2991 ἡμαρτημένα·
3572 2922 3705 2990 ὅπερ

2132 3013 2286 3084 δῆλόν
2317 3016 2469 3066 ἐστιν
2494 3013 2557 3066 ἐκ
2581 3031 2639 3066 τε
2671 3012 2785 3076 τοῦ,
2834 3014 2928 3077 Ὧς
2963 3013 3061 3066 καὶ
3108 3012 3277 3081 ἡμεῖς
3309 3013 3560 3080 ἀφίεμεν
3585 3010 3705 3076 τοῖς

2134 3102 2468 3172 ὀφειλέταις
2524 3104 2723 3172 ἡμῶν,
2771 3104 2865 3156 καὶ
2924 3107 2988 3157 ἐκ
3042 3104 3171 3168 τοῦ,
3231 3103 3337 3157 Καὶ
3380 3102 3488 3171 γὰρ
3538 3100 3704 3156 αὐτοὶ

2132 3196 2381 3264 ἀφίεμεν
2407 3196 2581 3249 παντὶ
2610 3195 2907 3263 ὀφείλοντι
2939 3194 3100 3262 ἡμῖν.
3158 3196 3214 3248 ’0
3255 3195 3310 3246 δὲ
3349 3193 3705 3263 ὲμπνευσθεὶς

2134 3286 2239 3339 ὑπὸ
2260 3286 2352 3338 τοῦ
2394 3284 2585 3355 Ἰησοῦ,
2627 3285 2702 3345 ὡς
2732 3284 2780 3335 ot
2807 3283 3113 3349 ἀπόστολοι,
3149 3284 3241 3337 καὶ
3269 3284 3374 3337 ἀπὸ
3419 3283 3529 3336 τῶν
3570 3300 3702 3354 καρ-

2133 3376 2249 3429 πῶν
2281 3374 2640 3444 γινώσκεσθαι
2673 3374 2983 3444 δυνάμενος,
3015 3376 3088 3437 ὼς
3116 3376 3379 3445 χωρήσας
3394 3375 3455 3426 τὸ
3487 3374 3705 3445 Πνεῦμα

2131 3466 2192 3518 τὸ
2234 3467 2406 3535 ἅγιον,
2455 3466 2547 3518 καὶ
2598 3466 2886 3535 γενόμενος
2940 3464 3303 3535 πνευματικὸς
3352 3464 3429 3536 τῷ
3469 3465 3574 3518 ὑπὸ
3614 3464 3702 3520 τοῦ

2133 3558 2447 3628 Πνεῦματος
2482 3557 2707 3625 ἄγεσθαι
2754 3558 2954 3627 τρόπον
2996 3555 3125 3608 Υίοῦ
3174 3554 3309 3607 Θεοῦ
3351 3558 3438 3623 ἐφ’
3477 3556 3702 3610 ἕκαστον

2131 3650 2238 3704 τῶν
2292 3651 2433 3703 κατὰ
2486 3650 2640 3717 λόγον
2694 3650 3003 3719 πρακτέων,
3057 3648 3278 3717 ἀφίησιν
3318 3648 3353 3701 ἃ
3398 3648 3492 3701 ἐὰν
3538 3648 3699 3717 emo

2132 3741 2284 3804 Θεὸς,
2342 3741 2437 3793 καὶ
2488 3742 2679 3811 κρατεῖ
2721 3739 2791 3792 τὰ
2857 3739 3048 3793 ἀνίατα
3114 3741 3220 3793 τῶν
3268 3740 3697 3809 ἁμαρτημάτων

2134 3830 2439 3901 ὑπηρετῶν,
2494 3829 2681 3899 ὥσπερ
2719 3830 2767 3881 ot
2814 3829 3085 3899 προφῆται
3110 3832 3166 3881 ἐν
3194 3829 3271 3899 τῷ
3315 3828 3493 3895 λέγειν
3532 3828 3597 3879 οὐ
3636 3826 3701 3879 τὰ

2135 3921 2262 3982 ἴδια,
2295 3921 2429 3974 ἀλλά
2461 3920 2528 3973 τά
2566 3920 2659 3972 τοῦ
2706 3920 2852 3972 θείου
2888 3919 3225 3990 βουλήματος
3269 3918 3346 3988 τῷ
3379 3918 3517 3987 Θεῷ,
3564 3917 3700 3971 οὕτω

2132 4013 2225 4065 καὶ
2273 4013 2433 4076 αὐτὸς
2484 4011 2562 4082 τῷ
2614 4012 2757 4082 μόνῳ
2802 4012 3048 4077 ἐξουσίαν
3097 4012 3271 4081 ἔχοντι
3320 4011 3534 4079 ἀφιέναι
3565 4011 3699 4082 Θεῷ.

2136 4106 2355 4175 Ἔχουσι
2381 4105 2437 4157 δὲ
2463 4105 2519 4156 ἐν
2540 4103 2616 4173 τῷ
2648 4104 2789 4157 κατά
2827 4103 3078 4174 Ἰωάννην
3122 4102 3436 4171 Εὑαγγελίῳ
3490 4102 3545 4153 αί
3582 4102 3701 4171 περὶ

2130 4197 2227 4266 τῆς
2249 4195 2354 4248 τῶν
2387 4196 2695 4248 ἀποστόλων
2721 4195 3012 4265 γινομένης
3038 4193 3285 4263 ἀφέσεως
3312 4193 3483 4261 φωναὶ
3510 4192 3696 4253 οὕτως·

2131 4287 2349 4341 Λάϐετε
2400 4286 2640 4355 Πνεῦμα
2682 4286 2868 4355 ἅγιον·
2915 4285 2991 4337 ᾶν
3032 4302 3207 4337 τινων
3234 4285 3436 4352 ἀφίετε
3462 4282 3577 4352 (85)
3601 4283 3703 4350 τὰς

2131 4378 2436 4447 ἁμαρτίας,
2488 4378 2757 4445 ἀφίενται
2811 4377 3034 4442 αὐτοῖς,
3077 4375 3154 4428 ἄν
3196 4392 3373 4428 τινων
3428 4373 3697 4442 κρατῆτε,

2132 4470 2540 4538 κεκράτηνται.
2591 4470 2653 4521 Ei
2707 4469 2763 4520 δέ
2815 4486 2899 4528 τις
2947 4467 3320 4528 ἀϐασανίστως
3375 4466 3700 4535 ἐκλαμϐάνει

2130 4562 2323 4625 ταῦτα,
2356 4562 2650 4628 ἐγκαλέσαι
2683 4577 2765 4623 τις
2802 4559 2867 4613 ἂν
2912 4562 3022 4622 τοῖς
3058 4558 3372 4621 ἀποστόλοις
3423 4558 3497 4628 μὴ
3540 4558 3700 4610 πᾶσιν

2131 4651 2388 4718 ἀφιεῖσιν,
2418 4651 2507 4703 ἵνα
2535 4651 2700 4702 πᾶσιν
2732 4648 2926 4719 ἀφεθῇ,
2955 4648 3091 4701 ἀλλά
3114 4665 3276 4701 τινων
3300 4646 3398 4709 τὰς
3429 4646 3699 4715 ἁμαρτίας

2130 4740 2438 4811 κρατοῦσιν,
2466 4740 2539 4803 ὡς
2579 4739 2645 4792 δι’
2688 4740 2883 4801 αὐτοὺς
2918 4740 3011 4791 καὶ
3036 4738 3185 4809 παρά
3221 4736 3339 4807 Θεῷ
3385 4735 3700 4806 κρατεῖσθαι

2132 4835 2319 4896 αὐτάς.
2355 4834 2635 4903 Χρήσιμον
2668 4832 2722 4884 δὲ
2750 4831 3092 4902 παράδειγμα
3130 4831 3236 4882 ἀπὸ
3264 4829 3356 4882 τοῦ
3398 4829 3563 4898 νόμου
3619 4826 3704 4879 λα-

2134 4921 2268 4983 ϐεῖν,
2294 4920 2429 4989 πρὸς
2450 4920 2511 4972 τὸ
2538 4919 2796 4991 νοηθῆναι
2821 4920 2918 4989 τὴν
2943 4919 3007 4971 δι’
3036 4916 3335 4989 ἀνθρώπων
3371 4918 3565 4986 ἄφεσιν
3600 4914 3701 4968 ὑπὸ

2132 5009 2266 5061 Θεοῦ
2322 5009 2608 5079 γινομένην
2649 5006 2953 5079 ἀνθρώποις
2991 5006 3422 5078 ἁμαρτημάτων.
3455 5006 3517 5057 Ut
3565 5002 3701 5058 κα.τά

2134 5101 2292 5171 νόμον
2326 5103 2489 5171 ἱερεῖς
2520 5100 2817 5153 κωλύονται
2844 5100 2970 5171 περί
2990 5116 3149 5153 τινων
3183 5098 3508 5171 προσφέρειν
3531 5097 3700 5167 ἀμαρ-

527 5245 573 5277 ⁸¹
600 5244 794 5300 Matth.
824 5259 978 5307 xvuu,
1010 5242 1101 5298 55.
1178 5246 1222 5276 ⁸³
1244 5245 1376 5298 Luc.
1404 5259 1535 5308 mi,
1566 5245 1623 5299 4.
1699 5245 1746 5275 ⁸⁸
1781 5244 1940 5299 Prov.
1970 5258 2061 5309 xv,
2086 5240 2176 5296 3'2.
2250 5242 2294 5273 ⁸⁸
2321 5239 2478 5297 Joan.
2511 5256 2605 5306 xx,
2632 5239 2721 5293 9.3.

552 5360 638 5431 79)
686 5358 1057 5424 Ἐνειλήσας.
1090 5359 1240 5427 Legit
1270 5357 1560 5419 Bentleius,
1575 5357 1832 5428 ἀνηλεῶς.

526 5361 642 5503 ξιιμ)
695 5429 975 5503 Ἔπὶντῶν
1022 5431 1369 5503 ποιούντων.
1408 5430 1559 5494 Legit
1610 5429 1832 5503 idemté

553 5425 642 5497 80')
695 5431 824 5483 Ἐπὶ
860 5429 975 5481 τῶν
1022 5425 1369 5483 ποιούντων.
1408 5430 1559 5494 Legit
1610 5425 1773 5488 idem,
1812 5428 1902 5479 ἐπὶ
1949 5425 2027 5495 τῷ

455 5497 701 5571 τοιούτῳ.
738 5502 843 5554 Sed
879 5500 1014 5556 forte
1048 5498 1149 5569 legi
1182 5499 1349 5552 etiam
1376 5506 1570 5566 potest,
1604 5497 1825 5549 ἐπὶτῶν
1851 5497 2025 5549 τοιού-

455 5586 642 5719 τὛέι)
693 5639 762 5694 Τὸ
801 5639 888 5709 μὴ
932 5638 1075 5695 δεῖν.
1130 5637 1273 5710 Lego
1336 5653 1457 5695 cum
1506 5637 1716 5703 eodem,
1770 5635 1829 5687 τὸ
1878 5635 2022 5707 ἡμᾶς

2132 5356 2259 5409 δεῖν.

2201 5425 2314 5493 (82)
2348 5423 2478 5478 Post
2513 5424 2781 5489 ἐξουσίαν,
2818 5424 2953 5480 adde
2978 5440 3099 5478 cum
3122 5426 3363 5481 editione
3385 5424 3700 5490 Oxoniensi,

2131 5493 2347 5566 ἔχομεν,
2384 5498 2523 5562 quod
2555 5497 2890 5548 desideratur
2946 5495 2997 5548 in
3059 5499 3250 5566 codice
3308 5498 3698 5566 manuscripto,

2206 5564 2317 5633 (85)
2356 5565 2537 5618 Codex
2576 5582 2700 5633 tns.,
2752 5566 2963 5634 ἀφίετε,
3004 5567 3170 5621 editio
3220 5564 3420 5629 Oxou.,
3480 5565 3699 5633 ἀφιῖτε.

2130 5634 2289 5706 Lege,
2321 5635 2513 5703 ἀφῆτε.
