3974 6160
463 301 561 355 5ἰ1

1926 297 2247 358 ORIGENIS

3619 298 3720 354 532

461 430 589 467 cum
625 415 731 468 vita
758 415 942 470 omnis
975 414 1209 470 hominis
1243 427 1407 484 super
1437 421 1638 470 terram
1685 417 1910 472 tentatio
1949 419 2029 472 sit.

2149 417 2504 488 κελευόμεθα,
2552 417 2753 480 παντὸς
2816 416 2910 470 τοῦ
2973 417 3064 470 ἐπὶ
3115 417 3218 487 γῆς
3268 415 3573 487 ἀνθρώπων
3607 417 3719 487 βίου

461 506 711 573 Quandiu
734 509 877 563 enim
901 522 1062 577 super
1095 515 1295 562 terram
1328 522 1514 562 sumus
1540 523 1702 563 carne
1725 511 2042 564 circumdati

464 613 592 669 qua:
620 600 1092 654 militatadversus
1110 599 1386 665 spiritum,
1432 600 1585 670 cujus
1634 602 1897 670 sapientia
1945 604 2045 658 ini-

463 693 603 744 mica
623 700 700 744 est
727 689 854 752 Deo,
874 705 989 758 qua:
1012 689 1113 757 legi
1138 688 1234 742 Dei
1253 689 1398 744 nullo
1429 693 1585 744 modo
1604 703 1770 758 potest
1790 711 1900 748 esse
1919 699 2040 749 sub-

455 780 598 852 jecta
640 778 724 844 ⁸⁸,
805 780 856 833 in
909 781 1205 834 tentatione
1267 796 1474 835 sumus.
1563 782 1734 837 Porro
1792 786 2043 838 tentatio-

463 887 586 926 nem
622 885 742 925 esse
776 871 1072 925 humanam
1101 887 1315 929 omnem
1347 874 1400 927 in
1466 883 1609 926 terra
1646 875 1812 927 vitam
1858 877 2041 930 docuit

460 977 561 1016 nos
603 960 702 1015 Job
753 962 839 1016 his
899 962 1082 1017 verbis
1147 981 1160 1016 :
1229 961 1483 1032 Nunquid
1540 981 1642 1018 non
1693 965 1911 1018 tentatio
1963 975 2040 1019 est

459 1053 563 1106 rita
602 1051 828 1104 hominis
873 1067 1028 1118 super
1085 1059 1281 1104 terram
1309 1051 1390 1106 9°?
1431 1051 1575 1106 Idem
1635 1062 1782 1120 patet
1807 1067 1871 1107 ex
1905 1054 2040 1122 psal-

460 1158 550 1197 mo
603 1144 814 1198 decimo
875 1143 1106 1212 septimo
1163 1157 1179 1196 :
1237 1141 1304 1195 In
1369 1152 1420 1195 te
1466 1143 1726 1208 eripiara
1785 1146 2037 1200 tentatio-

457 1254 521 1290 ne
561 1235 630 1293 ".
699 1235 804 1290 Sed
833 1245 888 1290 et
926 1235 1130 1290 Paulus
1171 1235 1240 1288 ad
1287 1234 1600 1290 Corinthios
1627 1234 1892 1301 scribens,
1928 1251 2034 1290 non

456 1339 514 1383 ut
545 1345 650 1383 non
685 1337 981 1392 tentemur,
1031 1328 1126 1382 sed
1178 1336 1237 1379 ut
1289 1341 1396 1381 non
1451 1342 1611 1396 supra
1660 1327 1802 1381 vires
1856 1337 2035 1382 tente-

455 1436 579 1474 rnur
625 1421 703 1475 ait
784 1419 962 1489 largiri
1025 1419 1216 1482 Deum,
1273 1435 1399 1473 cum
1443 1420 1519 1471 ait
1570 1436 1584 1472 :
1645 1417 1890 1472 Tentatio
1947 1437 2034 1473 vos

455 1525 560 1563 non
585 1509 925 1577 apprehendit
969 1509 1070 1562 nisi
1123 1510 1398 1574 humana;
1431 1509 1606 1576 ﬁdelis
1657 1519 1830 1564 autem
1895 1510 2033 1565 Deus

456 1602 618 1672 257
649 1612 724 1656 est
749 1604 835 1672 qui
865 1619 968 1656 non
995 1604 1229 1670 pat'etur
1254 1621 1342 1657 vos
1371 1604 1566 1656 tentari
1593 1620 1755 1671 supra
1803 1604 1854 1655 id
1894 1586 2032 1673 quod

455 1693 694 1760 potestis,
724 1691 815 1745 sed
848 1692 1006 1760 faciet
1037 1694 1195 1744 etiam
1245 1709 1363 1745 cum
1411 1695 1698 1746 tentatione
1723 1705 2030 1762 proventum

456 1792 515 1836 nt
550 1785 760 1852 possitis
793 1783 1130 1837 sustinere”.
1163 1782 1288 1836 Sive
1330 1784 1474 1838 enim
1522 1784 1834 1838 colluctatio
1879 1784 2034 1838 nobis

455 1881 542 1926 est
567 1887 687 1927 cum
720 1888 908 1938 Carne,
933 1887 1052 1942 quae
1081 1874 1421 1942 concupiscit
1445 1882 1497 1927 et
1525 1873 1725 1928 militat
1773 1876 2034 1928 adversus

455 1965 732 2034 spiritum,
753 1966 866 2018 sive
893 1981 1014 2018 cum
1045 1966 1224 2018 anima
1247 1967 1425 2019 omnis
1447 1965 1650 2030 carnis,
1673 1980 1794 2034 qua:
1818 1965 2034 2020 nomine

454 2057 670 2124 corpori
717 2059 860 2124 quod
908 2056 1179 2110 inhabitat
1213 2068 1582 2111 consentaneo
1617 2066 1843 2111 vocatur
1880 2057 2031 2126 prin-

454 2149 668 2219 cipatus
709 2150 799 2218 qui
843 2158 896 2202 et
925 2149 1126 2203 dicitur
1162 2165 1260 2204 cor
1285 2149 1480 2220 (qualis
1532 2159 1616 2204 cst
1669 2164 1854 2203 eorum
1889 2150 2030 2202 lucta

452 2243 545 2310 qui
574 2242 969 2297 tentatiouibus
990 2251 1320 2296 exercentur
1354 2242 1786 2310 humauis),sive
1817 2249 1876 2296 ut
1905 2256 2033 2310 pro-

456 2333 788 2388 rectioribus
832 2344 886 2388 et
934 2333 1348 2403 perfectiorihus
1380 2333 1630 2398 athletis,
1656 2334 1746 2400 qui
1781 2347 1884 2386 non
1917 2334 2028 2400 jam

451 2439 575 2480 cum
633 2442 799 2482 carne
855 2427 1134 2482 luctentur
1166 2435 1223 2480 et
1260 2427 1546 2495 sanguine,
1573 2427 1666 2480 sed
1715 2427 2031 2495 nequehu-

356 2552 361 2556 -
450 2516 630 2572 mauis
675 2519 1059 2572 examinentur
1107 2517 1502 2570 tentationihus
1555 2532 1693 2586 quas
1743 2517 2028 2571 conculca-

453 2619 604 2674 runt,
625 2606 737 2676 jam
795 2609 1050 2662 adversus
1081 2608 1340 2676 principes
1364 2617 1410 2660 et
1435 2617 1736 2676 potestates,
1775 2609 2026 2662 adversus

449 2702 637 2754 mundi
669 2712 892 2755 rectores
922 2701 1259 2756 tenebrarum
1280 2701 1498 2766 Irarum,
1527 2709 1578 2753 et
1606 2699 1906 2766 spiritualia
1933 2715 2026 2753 ne-

447 2793 691 2862 quitiae”
721 2803 907 2848 nostra
941 2793 1053 2848 sint
1075 2793 1398 2858 certamina,
1437 2809 1540 2848 non
1573 2807 1760 2847 sumus
1788 2809 1814 2844 a
1847 2801 2025 2846 tenta-

453 2882 691 2938 tiouibus
729 2885 1016 2940 immunes.
1069 2884 1355 2950 Quomodo
1401 2885 1567 2954 igitur
1616 2899 1716 2938 nos
1763 2882 2026 2937 Servatur

448 2985 613 3028 orare
637 2972 816 3039 jubet,
850 2987 917 3027 ne
950 2974 1215 3026 intremus
1241 2974 1294 3026 in
1330 2973 1709 3037 tentationcm,
1735 2987 1854 3026 cum
1884 2971 2026 3025 Deus

451 3078 644 3120 omnes
675 3071 848 3117 tentet
876 3063 1315 3131 quodammodo?
1354 3063 1725 3116 llecordamini
1756 3063 1927 3125 enim,
1953 3064 2026 3115 ait

450 3153 637 3210 Judith
696 3169 800 3208 non
851 3155 917 3208 ad
975 3156 1056 3208 sui
1093 3164 1300 3208 tantum
1338 3155 1598 3222 temporis
1657 3154 2028 3223 presbyLeros,

452 3246 548 3301 sed
593 3246 661 3299 ad
706 3259 899 3299 omnes
927 3245 1017 3313 qui
1051 3245 1246 3299 librum
1285 3245 1399 3312 ejus
1430 3245 1622 3300 lecturi
1653 3255 1857 3310 essent,
1884 3263 2032 3315 quw-

453 3353 655 3408 cunque
699 3336 824 3406 fecit
869 3352 989 3389 cum
1041 3335 1330 3402 Abraham,
1357 3344 1404 3389 et
1454 3351 1778 3406 quaecunque
1818 3335 2033 3389 (certarit

452 3427 634 3494 Isaac,
661 3438 709 3482 et
735 3443 1061 3498 quwcunque
1079 3439 1352 3482 evenerunt
1375 3425 1544 3482 Iacob
1570 3426 1624 3481 in
1651 3426 2032 3496 Mesopotamia

449 3518 628 3590 Syriae
667 3520 904 3589 poscenti
950 3535 1144 3589 pecora
1197 3519 1376 3573 Laban
1422 3519 1610 3587 fratris
1666 3519 1855 3571 matris
1887 3534 2031 3582 sum;

446 3611 699 3676 quoniam
724 3627 827 3665 non
853 3609 988 3664 sicut
1011 3609 1130 3663 illos
1146 3610 1466 3664 examinavit
1488 3610 1541 3662 in
1569 3617 1832 3663 certamen
1856 3610 2030 3661 cordis

449 3719 654 3770 eorum,
683 3703 845 3755 etiam
894 3717 989 3755 nos
1023 3701 1301 3755 ulciscitur
1357 3702 1449 3771 qui
1491 3702 1562 3753 ad
1609 3701 2029 3754 emendationem

451 3793 685 3863 ﬂagellat
741 3792 996 3846 Dominus
1039 3793 1516 3862 apprOpinquantes
1555 3791 1742 3846 sibi“.
1774 3791 1830 3846 Id
1865 3792 2028 3847 etiam

451 3885 509 3938 in
539 3883 855 3936 universum
879 3885 943 3936 de
963 3884 1129 3950 justis
1160 3884 1414 3938 omnibus
1446 3883 1679 3937 aﬂirmat
1711 3885 1880 3936 David
1905 3900 2026 3938 cum

452 3974 534 4030 ait
577 3991 592 4028 :
639 3973 827 4027 Multis
875 3973 1616 4043 tribulationesjustorum".
1642 3975 1710 4028 Et
1739 3975 2030 4043 Apostolus

451 4067 507 4120 in
540 4065 768 4120 Actibus
799 4083 811 4118 :
850 4063 1112 4130 Quoniam
1138 4081 1231 4134 per
1260 4064 1456 4118 multas
1489 4065 1854 4120 tribulatione:
1877 4083 2030 4134 opor-

450 4167 524 4213 tet
581 4173 676 4211 nos
737 4157 942 4210 intrare
1002 4157 1058 4210 in
1118 4173 1336 4227 regnum
1379 4155 1556 4210 Dei".
1587 4156 1739 4223 Quod
1788 4159 1834 4211 si
1894 4157 2027 4210 nihil

450 4263 614 4318 supra
662 4248 881 4317 vulgum
930 4247 1298 4320 intelligamus
1324 4233 1396 4302 de
1420 4249 1694 4310 oratione.
1731 4265 1802 4303 ne
1848 4248 2023 4303 intre-

447 4353 570 4394 mus
623 4341 676 4394 in
730 4338 1106 4407 tentationem,
1144 4339 1358 4394 dicendi
1418 4349 1580 4394 erunt
1629 4339 1859 4407 apostoli
1899 4354 2022 4394 cum

2148 509 2505 581 πειρατηρίου
2548 509 2720 574 ὕντος,
2782 507 3180 581 προσεύχεσθαι
3225 509 3298 578 μὴ
3337 507 3600 561 εἰσελθεῖν
3643 509 3720 572 εἰς

2145 599 2469 669 πειρασμόν.
2496 591 2570 667 1Γῌ
2605 597 2714 668 γάρ
2744 599 2908 668 ἐσμεν
2947 597 3038 650 ἐπὶ
3069 598 3172 667 γῆς
3215 597 3583 668 περικείμενοι
3623 597 3718 666 τὴν

2147 686 2578 756 στρατευομένην
2626 686 2803 755 σάρκα
2841 683 2982 738 κατὰ
3032 683 3125 736 τοῦ
3169 684 3499 752 πνεύματος,
3544 678 3620 751 ἧς
3653 683 3717 736 τὸ

2142 780 2417 846 φρόνημα
2446 779 2628 845 ἔχθρα
2664 777 2836 830 ἐστὶν
2876 779 2963 843 είς
3011 775 3178 839 Θεὸν,
3220 774 3507 844 μηδαμῶς
3542 775 3719 829 δυνα-

2135 867 2332 937 μένης
2357 869 2810 923 ὑποτάσσεσθαι
2839 867 2921 933 τῷ
2954 869 3114 936 νόμῳ
3146 867 3251 921 τοῦ
3295 867 3469 929 Θεοῦ,
3509 867 3568 918 ὲν
3613 884 3719 918 πει-

2145 960 2339 1029 ρασμῷ
2382 961 2567 1030 ἐσμεν.
2616 961 2736 1012 Ὅτι
2784 959 2842 1012 δὲ
2896 961 3250 1029 πειρατήριον
3295 961 3404 1022 πᾶς
3438 962 3466 1013 ό
3495 960 3588 1011 ἐπὶ
3617 961 3718 1031 γῆς

2140 1049 2475 1119 ἀνθρώπινος
2530 1048 2672 1118 βίος,
2732 1049 2840 1101 ἀπὸ
2880 1048 2973 1101 τοῦ
3031 1047 3149 1100 Ἰὼϐ
3199 1048 3596 1120 μεμαθήκαμεν
3632 1050 3717 1102 aia

2136 1139 2360 1192 τούτων·
2395 1142 2658 1208 Πότερον
2693 1140 2828 1210 οὺχί
2881 1138 3262 1207 πειρατήριόν
3297 1139 3472 1192 ἐστιν
3517 1142 3551 1192 ό
3589 1140 3718 1206 βίος

2137 1230 2256 1283 τῶν
2296 1230 2620 1297 ἀνθρώπων
2655 1230 2753 1283 ἐπὶ
2803 1228 2953 1298 quiq;
3005 1229 3114 1282 Καὶ
3158 1229 3265 1282 ἀπὺ
3321 1229 3415 1282 τοῦ
3461 1231 3719 1284 ἑπτακαι-

2136 1318 2359 1371 δεκάτου
2389 1318 2605 1388 ψαλμοῦ
2639 1318 2700 1371 τὸ
2743 1319 2873 1372 αὐτὸ
2916 1317 3170 1387 δηλοῦται
3221 1319 3279 1369 ὲν
3323 1317 3422 1388 τῷ·
3484 1319 3581 1371 Ἐν
3619 1319 3718 1370 σοι

2129 1409 2512 1477 ῥυσθήσομαι
2554 1407 2673 1461 ἀπὸ
2727 1409 3128 1476 πειρατηρίου.
3175 1407 3333 1460 Ἀλλὰ
3363 1409 3456 1460 καὶ
3494 1411 3523 1460 ὁ
3570 1409 3716 1460 Παῦ-

2135 1499 2261 1565 λος,
2301 1497 2609 1568 Κορινθίοις
2651 1497 2898 1568 γράφων,
2944 1497 3065 1566 οὐχὶ
3114 1497 3172 1549 τὸ
3221 1497 3296 1568 μὴ
3341 1495 3716 1569 πειράζεσθαι,

2137 1588 2272 1641 ἀλλά
2298 1589 2360 1641 τὸ
2397 1587 2470 1659 μὴ
2505 1587 2656 1660 παρὰ
2709 1587 2936 1657 δύναμιν
2979 1585 3354 1658 πειράζεσθαι,
3402 1589 3534 1660 φησί
3563 1591 3718 1660 χαρί-

2138 1680 2326 1745 ξεσθαι
2377 1681 2468 1733 τὸν
2524 1679 2680 1742 Θεὸν,
2735 1679 2940 1747 λέγων’
3009 1679 3348 1750 Ιιειρασμὸς
3403 1681 3561 1750 ὑμᾶς
3607 1685 3716 1736 οὐκ

2069 1757 2106 1812 θ
2134 1773 2386 1840 εἴληφεν
2435 1774 2488 1824 εί
2537 1771 2622 1840 μὴ
2671 1769 3076 1838 ἀνθρώπινοςο
3129 1771 3344 1836 πιστὸς
3386 1771 3454 1824 δὲ
3494 1777 3526 1826 ό
3575 1774 3719 1840 Θεὸς

2135 1869 2246 1920 οὐκ
2297 1866 2464 1919 ἐάσει
2497 1865 2608 1936 (87)
2649 1863 2805 1934 ὑμᾶς
2859 1863 3249 1932 πειρασθῆναι
3289 1864 3440 1933 ὑπὲρ
3477 1865 3507 1918 ὃ
3541 1866 3720 1921 δύνα-

2135 1960 2266 2018 σθε,
2313 1956 2474 2010 ἀλλὰ
2526 1955 2766 2021 ποιήσει
2821 1955 2942 2008 σὺν
2968 1954 3048 2020 τῷ
3109 1955 3416 2025 πειρασμῷ
3464 1957 3559 2009 καὶ
3605 1957 3719 2024 τὴν

2133 2049 2402 2112 ἑκϐασιν,
2457 2048 2562 2101 τοῦ
2614 2048 2909 2100 δύνασθαι
2971 2047 3343 2118 ὑπενεγκεῖν.
3376 2048 3501 2100 Εἴτε
3533 2049 3641 2119 γὰρ
3681 2049 3715 2117 ή

2135 2140 2279 2214 πάλη
2327 2141 2443 2194 ὲστί
2483 2141 2621 2212 πρὸς
2664 2140 2762 2211 τὴν
2802 2141 3172 2212 ἐπιθυμοῦσαν
3215 2141 3248 2212 ἦ
3287 2141 3716 2212 στρατευομένην

2134 2229 2271 2282 κατά
2301 2229 2393 2282 τοῦ
2428 2230 2736 2300 πνεύματος
2766 2231 2964 2301 σάρκα,
3013 2232 3045 2302 ἢ
3090 2232 3225 2304 πρὸς
3256 2231 3353 2302 τὴν
3383 2231 3558 2301 ψυχὴν
3609 2232 3715 2284 πά-

2135 2341 2234 2394 σης
2296 2323 2516 2394 σαρκὸς,
2569 2324 2691 2393 ἥτις
2750 2323 2899 2376 ἐστὶν
2953 2324 3257 2394 ὁμωνύμως
3411 2325 3720 2392 ἐγκατοικεῖ

2133 2399 2399 2482 σώματι,
2431 2414 2492 2466 τὸ
2541 2415 2863 2485 ἡγεμονικὸν
2910 2415 2937 2467 ὃ
2989 2415 3232 2469 καλεῖται
3286 2415 3483 2486 καρδία
3536 2417 3717 2485 (ὁποία

2131 2506 2278 2558 ἐστὶν
2311 2507 2344 2576 ή
2379 2505 2520 2576 πάλη
2573 2507 2685 2570 τοῖς
2729 2508 2857 2570 τοὺς
2887 2506 3257 2578 ἀνθρωπίνους
3291 2507 3706 2579 πειραζομένοις

2131 2595 2515 2666 πειρασμοῦς),
2548 2593 2656 2646 εἴτε
2701 2594 2776 2658 ὼς
2829 2594 3177 2664 διαϐεϐηκόσι
3219 2595 3309 2646 καὶ
3355 2593 3712 2664 τελειοτέροις

2128 2685 2406 2756 ἀθληταῖς,
2439 2687 2623 2739 οὐκέτι
2674 2687 2812 2757 πρὸς
2857 2683 2996 2757 αἷμα
3045 2688 3138 2739 καὶ
3169 2688 3345 2758 σάρκα
3372 2685 3712 2749 παλαίουσιν,

2127 2777 2247 2830 ούδὲ
2281 2777 2339 2828 ὲν
2364 2779 2478 2838 τοῖς
2531 2776 2891 2848 ἀνθρωπίνοις
2924 2780 3250 2850 πειρασμοῖς
3288 2775 3710 2846 ὲξεταζομένοις,

2127 2868 2221 2931 οὺς
2250 2869 2798 2937 καταπεπατήκασιν,
2822 2868 2920 2938 ἢδη
2950 2867 3098 2934 πρὸς
3120 2867 3226 2931 τὰς
3252 2865 3459 2933 ἀρχὰς,
3483 2864 3583 2918 καί
3605 2863 3712 2930 τὰς

2127 2959 2434 3024 ἐξουσίας,
2471 2958 2569 3012 καὶ
2605 2958 2746 3023 τοὺς
2791 2957 3278 3028 κοσμοκράτορας
3306 2957 3413 3010 τοῦ
3455 2957 3712 3021 σκότους

2131 3052 2364 3114 τούτου,
2415 3049 2516 3102 καὶ
2552 3048 2622 3102 τὰ
2670 3050 3042 3119 πνευματικὰ
3095 3048 3204 3116 τῆς
3243 3049 3532 3116 πονηρίας
3568 3049 3708 3100 ἐστὶν

2138 3143 2268 3212 ἡμῖν
2306 3140 2377 3194 τὰ
2424 3140 2799 3211 ἀγωνίσματα,
2823 3141 2918 3194 τοῦ
2953 3140 3307 3213 πειράζεσθαι
3339 3141 3438 3192 οὐκ
3468 3139 3710 3212 ἀπηλλά-

2135 3233 2332 3304 γμεθα.
2367 3233 2493 3297 Πῶς
2526 3229 2617 3286 οὗν
2651 3233 2860 3286 κελεύει
2895 3235 3042 3304 ἡμᾶς
3084 3236 3112 3286 ό
3139 3232 3327 3304 Σωτὴρ
3352 3231 3604 3301 εῠχεσθαι
3637 3231 3712 3303 μὴ

2135 3326 2395 3379 εἰσελθεῖν
2444 3329 2523 3388 εἰς
2576 3326 2896 3397 πειρασμὸν,
2937 3324 3289 3396 πειράζοντὸς
3339 3342 3456 3387 πως
3505 3325 3710 3386 πάντας

2132 3418 2225 3472 τοῦ
2262 3417 2433 3486 Θεοῦ;
2464 3417 2787 3486 Μνήσθητε
2817 3418 2924 3489 γὰρ
2958 3417 3142 3488 (φησὶν
3173 3418 3206 3487 ἡ
3247 3415 3468 3468 Ἰουδαῒθ
3497 3415 3625 3486 (88),
3649 3415 3706 3467 οὐ

2134 3529 2270 3601 πρὸς
2315 3531 2441 3592 τοὺς
2480 3529 2598 3581 τότε
2624 3527 3026 3598 πρεσϐυτέρους
3069 3527 3247 3597 μόνον,
3276 3525 3412 3579 ἀλλά
3450 3526 3543 3578 καὶ
3577 3524 3711 3596 πρὸς

2132 3621 2341 3682 πάντας
2391 3620 2518 3681 τοὺς
2577 3618 2998 3687 ἐντυγχάνοντας
3027 3618 3196 3688 αὐτῆς
3227 3620 3292 3688 τῇ
3320 3618 3554 3688 γραφῇ),
3597 3617 3709 3671 ὅσα

2130 3711 2380 3777 ἐποίησε
2439 3708 2590 3778 μετὰ
2654 3709 2928 3778 Ἀϐραὰμ,
2971 3710 3069 3762 καὶ
3120 3711 3238 3764 ὅσα
3284 3710 3565 3776 ἐπείρασε
3604 3706 3708 3760 τὸν

2144 3802 2360 3867 Ἰσαὰκ,
2401 3802 2499 3854 καὶ
2545 3802 2661 3854 ὅσα
2690 3799 2926 3869 ἐγένετο
2957 3799 3037 3865 τῷ
3078 3800 3287 3854 Ἰακὼϐ
3325 3801 3394 3854 ἐν
3440 3803 3707 3852 Μεσοπο-

2130 3894 2308 3962 ταμίᾳ
2342 3890 2449 3961 τῆς
2484 3894 2703 3960 Συρίας
2730 3893 3100 3961 ποιμαίνοντι
3128 3892 3331 3946 Λάϐαν
3350 3893 3424 3946 τὰ
3449 3893 3707 3959 πρόϐατα

2129 3983 2235 4037 τοῦ
2289 3983 2557 4051 ἀδελφοῦ
2597 3983 2705 4051 τῆς
2735 3984 2961 4052 μητρὸς
3001 3984 3220 4037 αὑτοῦ·
3255 3985 3327 4036 οὐ
3370 3983 3480 4052 γὰρ
3515 3980 3705 4046 καθὼς

2129 4076 2401 4141 ἐκείνους
2428 4075 2740 4143 ἐπὺρωσεν
2780 4078 2868 4140 εἰς
2900 4074 3164 4142 ἐτασμὸν
3214 4073 3460 4140 καρδίας
3489 4071 3702 4133 αὐτῶν,

2129 4164 2224 4216 καὶ
2261 4161 2418 4232 ’ἡμᾶς
2441 4161 2552 4233 (89)
2589 4161 2815 4215 ἐκδικεῖ
2842 4166 2874 4214 ό
2896 4164 2982 4227 εὶς
3011 4161 3371 4227 νουθέτησιν
3401 4157 3705 4229 μαστιγῶν

2127 4252 2343 4316 Κύριος
2387 4249 2530 4314 τοὺς
2574 4248 2910 4318 ἐγγίζοντος
2941 4248 3120 4314 αὐτῷ.
3165 4251 3276 4302 Καὶ
3305 4249 3380 4312 ὼς
3425 4249 3704 4303 καθολικὴν

2127 4339 2183 4392 δὲ
2221 4339 2581 4408 ἀποφαίνεται
2639 4339 2767 4409 περὶ
2825 4339 3043 4392 πάντων
3091 4339 3313 4391 δικαίων
3354 4341 3382 4391 ό
3427 4339 3524 4409 μὲν
3547 4338 3705 4392 Δαυῖδ

447 4439 695 4494 orarent,
751 4431 995 4486 exauditi
1069 4446 1177 4485 non
1231 4444 1376 4496 esse,
1428 4431 1521 4500 qui
1583 4433 1871 4485 innumera
1925 4446 2022 4501 per

2134 4428 2297 4497 λέγων
2315 4445 2328 4457 ο
2360 4427 2588 4481 Πολλαί
2619 4431 2676 4480 al
2707 4430 2946 4495 θλίψεις
2962 4427 3080 4480 τῶν
3109 4427 3376 4482 δικαίων⁸
3403 4431 3432 4483 ὁ
3458 4430 3516 4482 δὲ
3550 4429 3704 4482 Ἀπό-

447 4537 664 4575 omnem
705 4521 875 4576 vitam
913 4521 1056 4575 mala
1086 4522 1330 4590 perpessi
1361 4529 1490 4576 sunt
1516 4522 1570 4575 in
1600 4521 1874 4576 laboribus
1898 4523 2022 4591 plu-

449 4613 624 4677 rimis,
680 4613 736 4665 in
777 4613 1076 4666 carceribus
1117 4612 1503 4674 abundantius.
1544 4614 1599 4665 in
1643 4613 1812 4681 plagis
1860 4631 2022 4682 supra

445 4703 686 4765 nodum,
739 4703 790 4756 in
829 4703 1082 4756 mortibus
1117 4701 1434 4770 frequenter.
1479 4701 1544 4754 Et
1589 4702 1788 4757 Paulus
1833 4703 2023 4772 singil-

448 4791 599 4846 latim
630 4809 663 4845 a
694 4791 902 4846 Judwis
950 4793 1225 4862 quinquies
1277 4792 1646 4861 quadragenas
1695 4810 1804 4846 una
1845 4795 2020 4847 minus

447 4881 665 4950 accepit.
714 4881 815 4934 Ter
863 4884 1020 4950 virgis
1075 4898 1242 4935 caesus
1298 4891 1396 4947 est,
1427 4884 1583 4936 semel
1625 4882 1892 4950 lapidatus
1921 4893 2020 4950 est,

447 4983 525 5026 ter
554 4970 893 5039 naufragium
924 4972 1066 5040 fecit,
1097 4983 1244 5026 nocte
1279 4983 1326 5024 et
1360 4973 1445 5026 die
1475 4974 1527 5025 in
1562 4973 1828 5040 profundo
1861 4975 2023 5027 maris

445 5062 639 5130 fuit";
678 5062 842 5116 homo
865 5062 920 5115 in
959 5064 1198 5116 omnibus
1228 5063 1622 5116 tribulationem
1661 5081 1872 5132 passus,
1896 5081 2025 5131 apo-

447 5153 640 5218 riatus,
689 5152 1104 5221 persecutionem
1161 5169 1370 5222 passus,
1409 5153 1639 5222 dejectus
1658 5153 1726 5217 ",
1764 5154 1852 5221 qui
1891 5153 2021 5208 illud

443 5243 650 5300 fatetur
681 5261 697 5298 :
729 5241 902 5313 Usque
929 5245 986 5298 in
1021 5244 1158 5298 hanc
1185 5245 1371 5297 harant
1404 5253 1452 5299 et
1483 5246 1769 5311 esurimus,
1814 5255 1862 5298 et
1901 5245 2023 5300 siti-

2135 4519 2316 4580 στολος
2342 4519 2398 4568 ὲν
2423 4521 2542 4580 ταῖς
2563 4517 2881 4584 Πράξεσινο
2904 4519 3030 4570 Ὅτι
3062 4517 3158 4570 διὰ
3178 4517 3422 4572 πολλῶν
3445 4522 3704 4588 θλίψεων

2131 4608 2222 4661 δεῖ
2253 4605 2409 4677 ἡμᾶς
2459 4608 2754 4661 εἰσελθεῖν
2781 4611 2868 4674 είς
2899 4608 3013 4676 τὴν
3037 4609 3363 4673 βασιλείαν
3399 4610 3505 4663 τοῦ
3536 4611 3699 4664 Θεοῦ.

2131 4699 2240 4751 Καὶ
2272 4699 2368 4751 ἐὰν
2399 4697 2474 4768 μὴ
2517 4697 2763 4769 συνῶμεν
2795 4699 2855 4751 τὸ
2883 4701 3007 4762 τοὺς
3035 4700 3262 4763 πολλοὺς
3289 4699 3548 4754 λανθάνον
3579 4704 3704 4772 περὶ

2128 4788 2221 4841 τοῦ
2259 4789 2332 4859 μὴ
2363 4788 2623 4841 εἰσελθεῖν
2671 4792 2749 4853 εἰς
2795 4791 3098 4861 πειρασμὸν
3141 4791 3554 4862 προσεύχεσθαι,
3589 4793 3704 4863 ὥρα

2127 4880 2324 4948 λέγειν,
2355 4881 2435 4933 ὅτι
2488 4882 2536 4933 οἱ
2581 4882 2864 4935 ἀπόστολοι
2917 4883 3200 4953 εὐχόμενοι
3230 4885 3330 4936 οὐκ
3353 4884 3702 4954 ἐπηκούοντο,

2130 4971 2299 5042 μυρία
2349 4972 2449 5024 ὅσα
2493 4973 2550 5023 ὲν
2589 4974 2750 5024 παντί
2789 4973 2866 5044 τῷ
2896 4974 3069 5045 χρόνῳ
3111 4973 3314 5027 ἑαυτῶν
3344 4975 3699 5038 πεπονθότες·

2123 5063 2195 5116 ἐν
2225 5064 2436 5129 κόποις
2477 5067 2935 5134 περισσοτέρως,
2964 5067 3034 5118 ἐν
3059 5065 3318 5134 πληγαῖς
3353 5065 3703 5134 περισσοτέ-

2115 5168 2260 5220 ρως,
2300 5153 2370 5205 ἐν
2412 5153 2710 5222 φυλακαῖς
2737 5156 3264 5222 ὑπερϐαλλόντως,
3308 5155 3378 5208 ἐν
3426 5156 3704 5221 θανάτοις

2124 5243 2452 5312 πολλάκις·
2485 5248 2513 5298 ὀ
2537 5245 2593 5298 δὲ
2626 5245 2836 5308 Παῦλος
2899 5246 3005 5317 ἰδίᾳ
3058 5247 3175 5301 ὑπὸ
3229 5245 3534 5300 Ἰουδαίων
3564 5263 3705 5300 πεν-

513 5387 562 5420 ⁸¹
591 5386 747 5459 nom.
776 5403 893 5454 vni,
922 5387 975 5459 7.
998 5456 1014 5459 _
1054 5387 1098 5418 °°
1124 5383 1227 5459 [ob
1249 5399 1345 5450 vrt,
1375 5385 1430 5440 1.
1491 5386 1546 5459 ff
1572 5383 1774 5459 Ρειδίιῐ)Σ
1799 5399 1928 5459 xvi,
1957 5383 2047 5438 50.
2082 5385 2167 5459 ,ξ’
2199 5385 2459 5459 {Cum},
2489 5387 2552 5459 ἰζ)
2591 5456 2624 5459 Δ
2649 5386 2695 5459 ’ξ
2721 5387 2853 5456 Eph.
2887 5403 2962 5459 vi,
2989 5387 3074 5442 l2.
3152 5388 3198 5419 "
3229 5387 3417 5444 Judith
3471 5403 3586 5453 vm,
3607 5389 3699 5443 22.

441 5457 490 5494 ⁸⁸
519 5458 663 5513 Psal.
693 5473 904 5525 xum,
950 5456 1044 5512 20.
1120 5455 1165 5487 ⁸⁸
1195 5456 1316 5509 Act.
1349 5471 1456 5520 xtv,
1485 5456 1576 5509 21.
1652 5454 1696 5486 ⁸⁷
1730 5453 1775 5508 ιι
1811 5457 1934 5510 Cor.
1973 5470 2027 5508 x1

2134 5456 2168 5522 ὗ,
2198 5455 2290 5518 24,
2329 5457 2422 5511 25.
2496 5457 2540 5488 ⁹⁸
2587 5456 2628 5510 ll
2657 5453 2784 5511 Cor;
2815 5472 2892 5523 tv,
2917 5458 2972 5511 8.

517 5573 634 5642 (87)
675 5573 730 5627 Ὀ
774 5575 917 5642 Θεὸς
967 5577 1079 5632 οὐκ
1124 5574 1313 5630 ἐάσει.
1364 5574 1638 5631 Bentleius
1655 5571 1806 5644 legit,
1837 5573 2023 5637 ὁΘεὸς

439 5642 504 5708 ὃς
523 5645 626 5698 οὐκ
658 5646 832 5700 tacet.

517 5711 632 5780 (88)
683 5715 867 5774 Codex
901 5733 1004 5776 ms.
1060 5716 1307 5776 Ἰουδαῖθ.
1344 5715 1520 5776 Editio
1565 5713 1765 5784 Oxou.,
1811 5712 2014 5770 Ἰουδίθ.

2205 5573 2316 5645 (89)
2357 5573 2568 5643 Ἦμιῑς,
2620 5584 2728 5631 etc.
2767 5576 2858 5630 Sic
2916 5575 3078 5630 habet
3133 5577 3301 5630 codex
3359 5591 3462 5631 ms.
3513 5575 3700 5645 Editio

2129 5643 2306 5717 autem
2330 5715 2339 5717 _
2366 5645 2708 5708 Osoniensis,
2760 5647 2905 5717 ἡμᾶς
2956 5647 3058 5699 οὐκ
3092 5645 3421 5717 ἐξεδίκησεν.
3451 5643 3589 5700 ἀλλά
3619 5645 3696 5710 εἰς

2125 5710 2408 5772 νουθεσίαν
2432 5717 2707 5790 μαστιγοῖ,
2737 5710 2883 5776 ιιῖίιι
2914 5710 3143 5788 vulgato
3165 5710 3316 5772 textu
3346 5715 3553 5773 Graeco.
