3974 6160
300 275 421 329 555

300 388 490 455 τάκις
513 384 970 454 τεσσαράκοντα
992 386 1148 453 παρὰ
1158 384 1303 453 μίαν
1324 384 1535 451 εἴληφε
1553 399 1565 412 ’
1587 382 1715 450 τρὶς
1740 380 1907 447 mea.
1935 383 1975 439 Α
2011 388 2149 435 mus,
2172 380 2218 422 et
2249 385 2316 421 nu

299 478 563 546 ϐδίσθη,
591 478 751 543 ἅπαξ
782 476 1091 543 ἐλιθάσθη,
1126 476 1255 543 τρὶς
1281 472 1644 541 ἐναυάγησε,
1682 470 1903 538 νυχθή-

293 587 501 639 μερον
523 571 597 623 ἐν
620 568 704 635 τῷ
723 566 895 634 ,ϐυθῷ
926 568 1272 634 πεποίηκεν,
1306 564 1589 636 ἄνθρωπος
1622 562 1691 615 ἐν
1724 561 1900 617 παντὶ

301 661 697 728 θλιϐόμενος,
751 659 850 712 καὶ
908 658 1337 725 ἀπορούμενος,
1372 655 1471 707 καὶ
1524 653 1899 722 διωκόμενος,

300 752 406 803 καί
460 752 1012 819 καταϐαλλόμενος,
1058 748 1334 818 ὁμολογῶν
1373 763 1431 799 τε
1466 746 1551 797 τό·
1586 746 1748 812 Ἄχρι
1792 741 1903 809 τῆς

297 840 442 909 ἄρτι
476 840 642 909 ὥρας
668 841 960 909 πεινῶμεν
987 840 1087 893 καὶ
1120 837 1406 907 διψῶμεν,
1424 835 1519 888 καὶ
1546 834 1904 903 γυμνητεύο-

291 947 441 999 μεν,
510 930 615 983 καὶ
694 929 1145 999 κολαφιζόμεθα,
1194 928 1291 980 καὶ
1353 924 1751 994 ἀστατοῦμεν,
1803 923 1903 975 καὶ

295 1018 626 1089 κοπιῶμεν
651 1019 1019 1089 ἐργαζόμενοι
1040 1018 1168 1084 ταῖς
1189 1018 1365 1083 ἰδίαις
1387 1015 1576 1086 χερσὶ,
1603 1014 1905 1080 λοιδορού-

289 1127 478 1179 μενοι
515 1109 912 1177 εὐλογοῦμεν,
972 1109 1316 1176 διωκόμενοι
1357 1108 1719 1175 ἀνεχόμεθα,
1749 1105 1904 1167 ,βλα-

294 1201 740 1269 σφημούμενοι
771 1199 1255 1268 παρακαλοῦμεν.
1277 1198 1396 1250 Τῶν
1418 1197 1473 1249 δὲ
1505 1195 1815 1249 ἀποστόλων
1848 1197 1904 1247 ἐν

294 1290 377 1361 τῷ
412 1289 682 1360 εὔχεσθαι
716 1291 788 1362 μὴ
816 1292 1259 1361 ἐπιτετευχότων,
1283 1289 1366 1352 τίς
1400 1288 1555 1351 ἐλπὶς
1587 1286 1694 1339 τῶν
1725 1285 1907 1338 ὑποδε-

294 1382 560 1453 εστέρων
604 1382 709 1435 τινὶ
756 1383 885 1452 παρ’
927 1382 1169 1443 ἐκείνους
1198 1379 1474 1451 εὐχομένω
1504 1376 1738 1447 ἐπηκόου
1771 1373 1903 1427 Θεοῦ

301 1477 546 1543 τυχεῖν;
603 1474 676 1527 Τὸ
742 1475 798 1527 δὲ
863 1476 920 1527 ἐν
978 1474 1056 1545 τῷ
1112 1471 1340 1541 εἰκοστῷ
1385 1472 1621 1540 πέμπτῳ
1671 1468 1902 1539 ψαλμῷ⁶

293 1564 662 1633 Δοκίμασόν
686 1582 783 1633 με,
820 1566 1014 1632 Κύριε,
1069 1563 1167 1616 καὶ
1196 1562 1487 1630 πείρασόν
1503 1577 1600 1629 με,
1626 1561 1907 1627 πύρωσον

292 1654 450 1721 τοὺς
488 1655 755 1723 νεφρούς
777 1672 898 1723 μου
942 1654 1036 1707 καὶ
1071 1653 1187 1720 τὴν
1209 1651 1459 1720 καρδίαν
1480 1667 1627 1720 μουσ
1661 1650 1899 1718 εὐλόγως

1532 261 1869 321 LlBELLUS
1897 260 1984 315 DE
2008 253 2373 314 ORATIONE.

3463 233 3563 305 sat

2324 364 2375 419 di
2406 358 2603 421 suntus,
2650 367 2695 413 et
2744 355 2972 425 colaphis
3007 354 3279 416 cmdimur,
3304 365 3348 405 et
3402 357 3565 405 iusta-

2007 464 2131 515 biles
2160 475 2361 521 sumus,
2385 467 2431 507 et
2460 453 2761 505 laboramus
2785 456 3051 515 aperantes
3078 443 3318 496 manilius
3341 444 3564 506 nostris;

2005 550 2395 609 maledicimur,
2447 553 2492 596 et
2548 540 2926 599 benedicimus;
2980 535 3382 602 persecutionem
3423 534 3566 598 pnti—

2006 657 2142 703 mur,
2160 650 2205 692 et
2233 639 2575 694 sustinemus;
2599 628 3042 695 blasphemnmur,
3073 632 3118 674 et
3150 622 3479 672 obsecramus
3497 617 3565 672 ”.

2003 731 2137 785 Cum
2200 739 2381 783 autem
2427 740 2487 777 ea
2540 718 2817 775 consecuti
2881 730 2984 767 non
3045 713 3154 765 sint
3187 710 3409 779 apostoli
3469 722 3570 776 pro

2003 820 2199 891 quibus
2220 818 2467 878 orabant,
2487 813 2607 881 quis
2632 825 2817 863 eorum
2838 807 2926 875 qui
2958 803 3240 857 inferiores
3262 801 3394 869 ipsis
3418 809 3567 862 sunt,

2003 890 2223 975 sperare
2266 912 2444 972 potest
2487 901 2764 954 orationes
2802 909 2926 950 suas
2952 894 3329 946 exauditurum
3372 890 3570 943 Deum?

2002 999 2132 1051 Illud
2183 1010 2313 1050 vero
2363 994 2505 1059 quod
2547 994 2597 1042 in
2642 989 2857 1057 psalmo
2889 987 3148 1053 scriptum
3182 993 3260 1037 est
3306 982 3569 1050 vigesimo

2004 1090 2230 1158 quinto;
2271 1084 2439 1154 258
2468 1082 2640 1135 Proba
2687 1097 2784 1143 nte,
2823 1078 3064 1141 Domine,
3089 1086 3136 1129 et
3168 1087 3307 1129 tenta
3330 1091 3446 1138 me;
3481 1089 3569 1125 ure

2006 1196 2152 1233 renes
2186 1193 2328 1231 meos
2356 1185 2403 1228 et
2454 1189 2543 1227 cor
2588 1172 2818 1237 meum’;
2854 1170 2919 1222 iis
2946 1184 3065 1235 qua:
3096 1167 3355 1219 Dominus
3387 1174 3571 1218 noster

2006 1276 2071 1327 de
2103 1271 2350 1326 oratione
2383 1266 2568 1320 docuit
2594 1261 2926 1318 contrarium
2959 1274 3081 1312 esse
3125 1258 3283 1311 facile
3324 1257 3569 1325 suspica-

2008 1362 2154 1415 bitur
2190 1374 2376 1415 eorum
2410 1355 2604 1423 aliquis
2628 1353 2716 1421 qui
2761 1366 2866 1402 non
2902 1348 3215 1417 expendet-it
3262 1350 3571 1400 accuratius

2007 1454 2136 1521 quid
2174 1451 2273 1505 sibi
2329 1448 2459 1501 velit
2507 1444 2815 1498 Servatoris
2867 1449 3213 1510 praeceptum.
3274 1436 3585 1511 Ecquaudo

2007 1545 2202 1615 aliquis
2233 1542 2442 1614 putavit
2470 1539 2715 1592 homines
2741 1542 2893 1589 extra
2922 1532 3253 1585 teutationes
3290 1544 3406 1584 esse
3434 1542 3572 1596 quas

2010 1642 2158 1695 novit
2186 1638 2316 1693 inita
2350 1633 2594 1690 ratione?
2620 1628 2835 1698 Ecquod
2869 1634 3079 1693 tempus
3103 1632 3185 1677 est
3210 1624 3263 1676 in
3291 1636 3398 1690 quo
3423 1638 3570 1676 secu-

292 1760 383 1807 τις
411 1714 904 1815 ὑπολίγφεταιῠτῶν
955 1744 1029 1814 μὴ
1077 1714 1448 1814 ἀκριϐούντων
1476 1714 1527 1793 τί
1565 1739 1624 1793 τὸ
1653 1714 1891 1810 βούλήμα

2004 1749 2094 1787 rus
2138 1730 2299 1785 fuerit
2323 1726 2475 1796 quasi
2507 1722 2854 1792 pugnandum
2885 1733 2988 1771 non
3020 1725 3251 1769 essetne
3280 1714 3570 1783 peccaret?

294 1836 404 1905 τῆς
462 1834 823 1906 προστάξεως
868 1834 963 1888 τοῦ
1010 1834 1280 1905 Σωτῆρος,
1316 1831 1570 1894 ἐναντίως
1617 1831 1897 1899 γεγονέναι

292 1922 383 1988 οἷς
425 1926 456 1977 ὁ
499 1926 707 1998 Κύριος
739 1926 893 1996 ἡμῶν
939 1925 1065 1997 περὶ
1099 1925 1264 1995 εὐχῆς
1296 1924 1517 1989 ἐδίδαξε.
1552 1922 1687 1975 Πότε
1727 1923 1783 1975 δέ
1814 1939 1897 1983 τις

277 2017 606 2086 ,νενόμικεν
642 2014 779 2069 εἶναι
824 2015 929 2079 ἔξω
972 2014 1290 2086 πειρασμῶν
1309 2013 1645 2084 ἀνθρώπους,
1677 2007 1750 2065 ὧν
1782 2013 1896 2084 ᾔδει

296 2108 397 2159 τὸν
443 2106 607 2175 λόγον
642 2104 1162 2178 συμπεπληρωκὼς;
1192 2107 1301 2159 Καὶ
1330 2108 1479 2168 ποῖος
1508 2106 1696 2175 καιρός
1725 2106 1893 2169 ἐστιν,

301 2197 365 2249 ἐν
398 2190 447 2264 ᾧ
476 2197 555 2261 ὡς
600 2197 673 2268 μὴ
694 2198 1092 2267 ἀγωνιζόμενος
1118 2196 1357 2267 περὶτοῦ
1387 2196 1459 2267 μὴ
1486 2196 1893 2267 ἁμαρτήσεσθαι

297 2290 801 2360 καταπεφρόνηκε;
849 2289 1074 2342 Πένεταί
1109 2307 1224 2354 τις;
1258 2288 1611 2352 εὑλαϐείσθω,
1661 2288 1893 2356 μήποτε

295 2379 553 2447 κλέψας
592 2381 785 2449 ὀμόσῃ
812 2380 879 2433 τό
907 2380 1092 2449 ὄνομα
1122 2381 1229 2434 τοῦ
1257 2380 1421 2433 Θεοῦ.
1458 2379 1616 2432 Ἀλλά
1648 2380 1892 2443 πλουτεῑ;

298 2468 382 2539 μὴ
443 2470 889 2538 καταφρονείτω·
938 2468 1158 2520 δύναται
1186 2467 1294 2536 γὰρ
1327 2467 1618 2533 πλησθεὶς
1661 2465 1894 2532 ψευδὴς

292 2560 592 2628 γενέσθαι,
645 2560 738 2611 καὶ
771 2558 1033 2629 ἐπαρθεὶς
1077 2561 1276 2611 εἰπεῖν·
1328 2557 1423 2622 Τίς
1462 2573 1537 2625 με
1575 2554 1718 2622 όρᾷ;
1776 2556 1894 2607 οὑδὲ

292 2650 530 2713 Παῦλος
574 2649 702 2719 γοῦν
756 2648 1036 2703 πλουτῶν
1072 2649 1143 2701 ἐν
1189 2646 1367 2699 παντὶ
1413 2648 1571 2713 λόγῳ
1603 2644 1700 2697 καὶ
1728 2644 1893 2712 πάσῃ

295 2738 533 2808 γνώσει
565 2739 812 2792 κινδύνου
839 2737 1182 2808 ἀπήλλακται
1203 2734 1317 2801 τοῦ,
1347 2735 1422 2798 ὡς
1457 2736 1550 2787 ἐπὶ
1579 2746 1808 2798 τούτοις,
1835 2735 1894 2788 ὲν

295 2828 380 2899 τῷ
430 2828 828 2900 ὑπεραίρεσθαι
861 2829 1214 2900 ἁμαρτάνειν,
1246 2826 1379 2880 ἀλλά
1417 2825 1586 2879 δεῖται
1636 2826 1895 2890 σκόλοπος

293 2923 397 2976 τοῦ
430 2924 649 2976 Σατανᾶ
676 2922 1058 2990 κολαφίζοντος
1084 2922 1265 2985 αὐτὸν,
1299 2921 1387 2974 ἵνα
1412 2921 1484 2992 μὴ
1507 2920 1890 2990 ὑπεραίρηται.

2002 1826 2134 1893 Eget
2178 1820 2410 1889 aliquis?
2445 1817 2629 1871 timeat
2665 1829 2726 1866 ne
2771 1815 2981 1881 furatus
3011 1810 3153 1876 juret
3188 1824 3371 1859 nomen
3416 1807 3565 1861 Dei'.

2004 1919 2163 1973 Dives
2214 1913 2332 1968 est?
2367 1926 2432 1966 ne
2479 1924 2706 1964 securus
2758 1908 2850 1969 sit,
2881 1912 3060 1974 potest
3110 1901 3252 1954 enim
3289 1899 3567 1951 abundans

1999 2007 2226 2061 mendax
2266 2003 2402 2067 ﬁeri,
2437 2010 2491 2055 et
2520 2000 2690 2053 elatus
2720 1996 2933 2050 dicere:
2959 1991 3087 2056 Quis
3144 2006 3225 2043 me
3278 1988 3458 2042 ridet?
3505 2004 3567 2041 ac

2000 2110 2067 2149 ne
2147 2094 2347 2149 Paulus
2404 2092 2616 2160 quidem
2669 2088 2808 2140 dives
2850 2085 2905 2136 in
2949 2079 3091 2134 omni
3122 2078 3272 2132 verbo
3321 2088 3368 2131 et
3423 2077 3566 2129 omni

1997 2187 2251 2242 scientia'
2289 2200 2316 2238 a
2372 2181 2615 2255 periculo
2685 2178 2940 2234 immunis
2978 2185 3060 2231 est
3092 2172 3382 2228 extolleudi
3413 2186 3469 2225 se
3502 2175 3567 2224 de

1999 2280 2084 2335 bis
2139 2288 2193 2332 et
2251 2275 2545 2347 peccandi;
2621 2274 2715 2328 sed
2786 2273 2991 2340 indiget
3055 2269 3274 2323 stimulo
3328 2267 3562 2327 Satanae,

1997 2372 2088 2440 qui
2151 2386 2212 2424 se
2258 2368 2560 2437 colaphizet
2630 2382 2695 2419 ne
2753 2362 3101 2418 extollatur“.
3140 2360 3251 2414 Etsi
3286 2359 3404 2427 quis
3430 2358 3566 2410 bene

1998 2462 2099 2517 sibi
2140 2461 2390 2515 conscius
2440 2458 2529 2521 sit,
2579 2454 2933 2523 eﬂ‘ugeritque
2986 2453 3160 2517 mala;
3218 2451 3358 2517 legat
3422 2448 3565 2517 quod

1999 2551 2052 2604 in
2116 2550 2353 2605 secundo
2409 2546 2856 2613 Paralipomenon
2918 2542 3120 2596 dicitur
3183 2539 3249 2593 de
3307 2535 3563 2597 Elecbia,

1999 2639 2090 2708 qui
2150 2638 2383 2693 elatione
2436 2636 2619 2689 cordis
2664 2633 2929 2686 cecidisse
2981 2628 3293 2684 narratur".
3325 2627 3380 2680 Si
3419 2625 3562 2693 quis,

1999 2733 2139 2803 quod
2211 2729 2378 2784 multa
2436 2729 2503 2782 de
2552 2740 2788 2795 paupere
2842 2740 2949 2778 non
3010 2723 3327 2785 dixerimus,
3384 2718 3564 2787 parvi-

1996 2820 2198 2891 pendit,
2254 2817 2406 2887 quasi
2450 2831 2555 2869 non
2612 2814 2770 2868 cadat
2804 2813 2856 2866 in
2891 2819 3263 2882 paupertatem
3314 2810 3560 2875 tentatio,

1996 2911 2135 2966 sciat
2200 2909 2575 2963 insidiatorem
2638 2906 2884 2960 insidiari
2927 2916 2980 2958 ut
3025 2904 3238 2972 dejiciat
3286 2918 3562 2972 pauperem

296 3009 428 3063 Κᾶν
454 3010 669 3081 συνειδῇ
693 3028 775 3074 τις
795 3008 1058 3081 ἐαυτῷτά
1084 3011 1389 3079 κρείττονα,
1415 3010 1507 3063 καί
1530 3008 1887 3080 ἀναπτερωθῇ
1920 3051 1963 3112 c
1995 3010 2041 3055 et
2067 2999 2321 3068 inopem“,
2372 2998 2607 3051 maxime
2656 3013 2776 3050 cum
2815 2996 2965 3064 juxta
2997 2997 3360 3060 Salomonem,
3410 2995 3561 3064 inops

307 3101 324 3112 ι
387 3100 403 3112 ι
478 3101 503 3112 ιιι
710 3102 734 3112 ι-
856 3104 867 3112 .
1169 3101 1180 3112 ι
1341 3102 1353 3112 ι
1451 3103 1463 3112 ι
1598 3100 1609 3112 ι
1736 3101 1748 3112 ι
1858 3102 1884 3112 ..
1997 3107 2096 3112 μ-..
2144 3091 2396 3112 --_-a.'e-.._-
2455 3089 2899 3112 --........'..._a.',...-.--
2920 3090 2938 3112 ⁸1
2994 3088 3091 3112 ηυξ
3119 3088 3129 3112 Ι
3188 3102 3312 3112 ..Α-Α
3365 3087 3555 3112 Αιιῖιιιιο

300 3100 415 3153 ὑπὸ
433 3101 544 3154 τῶν
591 3102 795 3166 κακῶν,
843 3101 1263 3170 ἀναγινωσκέτω
1306 3102 1367 3154 τὸ
1416 3100 1703 3171 εἰρημένον
1733 3101 1790 3151 ἐν
1822 3102 1889 3170 τῇ

297 3191 539 3264 δευτέρᾳ
569 3193 677 3246 τῶν
705 3193 1236 3261 Παραλειπομένων
1282 3194 1405 3263 περὶ
1448 3191 1709 3256 Ἐζεκίου,
1744 3192 1891 3254 ὅστις

305 3284 659 3336 πεπτωκέναι
706 3283 919 3352 λέγεται
957 3284 1065 3337 ἀπὸ
1093 3284 1187 3337 τοῦ
1227 3284 1397 3353 ὕψους
1418 3284 1517 3354 τῆς
1542 3283 1768 3353 καρδίας
1794 3283 1892 3337 αὑ-

300 3373 424 3427 τοῦ.
458 3374 521 3426 Εἰ
556 3374 631 3435 δὲ,
663 3375 784 3426 ἐπεὶ
820 3374 893 3444 μὴ
924 3373 1147 3428 πλείονα
1175 3375 1301 3445 περὶ
1330 3373 1423 3426 τοῦ
1455 3373 1689 3444 πένητος
1736 3373 1888 3443 είρή-

300 3481 513 3533 καμεν,
556 3468 887 3536 καταφρονεί
918 3483 1020 3528 τις,
1057 3465 1132 3528 ὡς
1179 3465 1251 3534 μὴ
1284 3464 1590 3535 πειρασμοῦ
1629 3462 1723 3515 τοῦ
1764 3464 1891 3532 περὶ

297 3555 404 3625 τῆς
428 3556 641 3620 πενίας,
660 3558 810 3618 ἴστω,
839 3557 921 3609 ὅτι
944 3558 972 3607 ό
994 3554 1360 3607 ἐπιϐουλεύων
1385 3554 1723 3607 ἐπιϐουλεύει
1740 3552 1890 3620 ὑπὲρ

302 3647 415 3701 τοῦ
451 3645 816 3699 καταϐαλεῖν
844 3645 1083 3713 πτωχὸν
1115 3646 1214 3699 καὶ
1256 3645 1502 3710 πένητα,
1534 3646 1625 3696 καὶ
1659 3643 1890 3713 μάλιστα

301 3738 428 3791 ἐπεὶ
459 3736 604 3791 κατά
639 3737 729 3790 τὸν
767 3736 1085 3806 Σολομῶντα
1116 3739 1147 3789 ό
1171 3735 1404 3804 πτωχός
1430 3738 1542 3802 οὐχ
1569 3736 1889 3803 ὑφίσταται

300 3828 587 3896 ἀπειλήν.
624 3826 690 3879 Τί
742 3826 797 3878 δὲ
852 3827 932 3878 δεῖ
979 3826 1156 3893 λέγειν
1197 3826 1311 3878 ὅσοι
1336 3823 1424 3877 διὰ
1455 3824 1543 3877 τὸν
1583 3822 1889 3892 σωματικὸν

304 3919 568 3982 πλοῦτον,
604 3918 677 3988 μὴ
706 3916 887 3980 καλῶς
915 3916 1075 3969 αὑτὸν
1103 3916 1585 3986 οἰκονομήσαντες,
1619 3915 1716 3982 τὴν
1753 3912 1890 3982 μετὰ

298 4009 393 4061 τοῦ
424 4013 488 4063 ἐν
516 4007 593 4077 τῷ
627 4005 942 4077 Εὑαγγελίῳ
978 4005 1232 4057 πλουσίου
1262 4003 1443 4074 χώραν
1483 4005 1539 4055 ἐν
1579 4006 1643 4071 τῇ
1673 4001 1890 4056 κολάσει

300 4098 591 4169 εἰλήφασι,
647 4098 738 4149 καὶ
797 4097 931 4157 ὅσοι,
970 4093 1209 4163 ἀγεννῶς
1255 4092 1350 4162 τὴν
1377 4091 1564 4143 πενίαν
1616 4092 1883 4159 φέροντες,

300 4189 833 4260 δουλοπρεπέστερον
871 4186 965 4238 καὶ
992 4182 1419 4253 ταπεινότερονῆ
1446 4180 1585 4233 κατὰ
1615 4180 1681 4232 τά
1706 4184 1761 4233 ἐν
1780 4184 1890 4242 τοῖς

302 4281 488 4347 ἁγίοις
538 4278 817 4349 πρέποντα
886 4274 1372 4346 ἀναστρεφόμενοι,
1419 4273 1518 4342 τῆς
1571 4269 1887 4340 ἐπουρανίου

303 4370 521 4433 ἐλπίδος
561 4366 1053 4430 ἀποπεπτώκασιν;
1109 4364 1243 4418 Οὐδὲ
1270 4364 1319 4415 οί
1355 4361 1555 4432 μεταξὺ
1589 4361 1644 4414 δὲ
1684 4361 1884 4413 τούτων

303 4460 422 4513 καθ’
490 4461 768 4529 ἐκάτερον,
825 4456 1052 4510 πλοῦτον
1095 4456 1188 4508 καὶ
1244 4454 1453 4517 πενίαν,
1489 4451 1581 4505 τοῦ
1615 4450 1756 4505 κατά
1788 4449 1884 4520 τὴν

306 4545 622 4617 σύμμετρον
651 4545 841 4614 κτῆσιν
889 4544 1223 4615 ἁμαρτάνειν
1263 4543 1477 4605 πάντως
1524 4542 1661 4593 εἰσὶν
1704 4539 1883 4610 ἀπηλ-

306 4633 585 4707 λαγμένοι.
631 4635 782 4688 Ἀλλά
834 4635 1090 4703 ὑγιαίνων
1123 4633 1199 4703 τῷ
1232 4632 1440 4702 σώματι
1476 4631 1569 4685 καὶ
1625 4629 1880 4693 εὐεκτῶν,

309 4725 412 4790 ἔξω
455 4727 656 4789 παντὸς
711 4725 1017 4797 πειρασμοῦ
1073 4727 1194 4778 κατ’
1235 4723 1365 4776 αὐτὸ
1405 4724 1465 4776 τὸ
1497 4722 1758 4791 ὑγιαίνειν
1787 4723 1878 4774 καὶ

312 4818 549 4870 εὑεκτεῖν
602 4817 973 4887 ὑπολαμϐάνει
1026 4815 1342 4885 τυγχάνειν;
1377 4816 1488 4867 Καὶ
1522 4813 1681 4866 τίνων
1709 4813 1878 4867 ἄλλων

311 4907 347 4977 ἢ
370 4909 475 4961 τῶν
509 4910 867 4963 εὐεκτούντων
904 4908 997 4961 καὶ
1037 4907 1383 4975 ὑγιαινόντων
1410 4907 1556 4959 ἐστὶν
1582 4905 1881 4975 ἁμάρτημα

311 4997 373 5050 τὸ
409 5000 667 5067 φθειζοειν
706 5000 813 5052 τὸν
852 4998 1003 5052 ναὸν
1039 4996 1143 5051 τοῦ
1177 4995 1355 5058 Θεοῦ;
1389 4995 1462 5047 Οὐ
1490 4994 1747 5065 τολμήσει
1778 5011 1877 5056 τις,

308 5088 398 5143 διὰ
444 5093 505 5144 τὸ
558 5090 831 5161 ἐκκεῖσθαι
887 5091 1041 5152 πᾶσι,
1078 5087 1262 5157 σαφῶς
1317 5086 1385 5140 τὰ
1417 5085 1557 5140 κατά
1588 5085 1678 5139 τὸν
1719 5084 1879 5137 τόπον

311 5180 502 5236 εἰπεῖν.
526 5181 717 5235 Νοσῶν
742 5182 798 5234 δὲ
822 5182 904 5245 τίς
926 5184 1050 5244 τοὺς
1072 5182 1151 5244 είς
1172 5180 1233 5232 τὸ
1257 5178 1497 5249 φθείρειν
1517 5177 1607 5229 τὸν
1633 5178 1756 5229 ναὸν
1786 5174 1878 5228 τοῦ

309 5272 440 5327 Θεοῦ
484 5276 804 5346 ἐρεθισμοὺς
850 5274 1179 5342 ἐκπέφευγε,
1210 5271 1484 5341 σχολάζων
1540 5271 1656 5323 κατ’
1705 5271 1876 5322 ἐκεῖνο

310 5365 518 5437 καιροῦ,
545 5367 640 5419 καὶ
668 5366 807 5419 πάνυ
827 5366 1177 5436 τιδεχόμενος
1202 5366 1324 5426 τοὺς
1349 5363 1473 5432 περὶ
1501 5360 1605 5414 τῶν
1633 5360 1876 5432 ἀκαθάρ-

212 5506 215 5511 .
310 5468 411 5510 των
445 5458 785 5529 πραγμάτων
818 5455 1138 5525 λογισμούς;
1185 5454 1321 5507 Ἀλλ’
1349 5455 1450 5507 ὃσα
1482 5451 1635 5523 παρά
1659 5449 1877 5514 τούτους

1995 3107 2099 3143 non
2139 3091 2396 3142 sustineat
2449 3089 2960 3143 connm'nntionem".
2994 3088 3131 3153 Quid
3188 3102 3314 3141 vero
3364 3087 3560 3139 attinet

1992 3181 2176 3235 dicere
2208 3190 2334 3249 quot
2382 3181 2491 3233 sint
2522 3194 2659 3248 quos
2693 3195 2796 3233 non
2834 3188 2981 3233 recte
3022 3178 3411 3233 administrata:
3434 3193 3560 3235 eor-

1992 3288 2171 3342 porea:
2198 3272 2401 3326 divitia:
2434 3272 2485 3324 in
2515 3273 2762 3324 eumdem
2797 3281 3190 3325 tormentorum
3224 3272 3402 3324 locum
3434 3286 3557 3325 cum

1991 3364 2303 3431 evangelico
2338 3362 2503 3416 divite
2529 3362 2904 3428 conjeceriut?
2930 3372 3059 3430 quot
3084 3363 3193 3416 sint
3221 3363 3435 3416 aliunde
3464 3364 3554 3432 qui

1992 3464 2362 3526 paupertatem
2412 3454 2681 3524 ignaviter
2722 3451 2985 3519 ferentes,
3026 3453 3321 3521 servilique
3367 3464 3422 3506 et
3453 3456 3555 3507 bu-

1993 3546 2102 3599 mili
2141 3559 2292 3599 more
2338 3544 2609 3606 viventes,
2656 3553 2842 3595 contra
2874 3558 3035 3610 quam
3070 3553 3284 3596 sanctos
3316 3542 3553 3603 deceret,

1992 3634 2299 3689 caelestium
2357 3646 2451 3700 spe
2508 3633 2770 3685 bonorum
2823 3630 3159 3684 exciderint?
3219 3629 3407 3698 Neque
3464 3630 3553 3697 qui

1994 3724 2227 3777 medium
2280 3723 2424 3776 inter
2474 3730 2784 3788 utrumque,
2818 3720 3033 3773 divitias
3085 3720 3302 3787 inquam
3341 3731 3392 3773 et
3426 3733 3556 3786 pau-

1991 3821 2273 3882 pv'rtatetn,
2301 3820 2503 3873 tenent,
2535 3810 2800 3862 immunes
2833 3820 2956 3861 sunt
2985 3826 3012 3862 a
3050 3820 3273 3879 peccato
3307 3810 3359 3862 in
3399 3810 3553 3863 bonis

1993 3904 2353 3957 mediocribus
2408 3899 2759 3955 admittendo.
2819 3901 2885 3955 At
2934 3904 3076 3956 enim
3129 3916 3293 3956 sanus
3328 3911 3384 3955 et
3414 3900 3549 3953 bene

1989 4008 2223 4061 corpore
2260 3992 2446 4047 valens
2494 4005 2648 4047 extra
2693 4009 2905 4047 omnem
2940 4008 2999 4046 se
3045 3990 3396 4044 tentatiouem
3429 4004 3550 4057 pro~

1989 4093 2110 4153 pter
2156 4084 2324 4150 ipsam
2370 4085 2657 4138 sanitatem
2702 4087 3006 4153 bonamque
3035 4075 3394 4134 valetudinem
3432 4095 3552 4135 esse

1989 4174 2180 4242 putat?
2229 4174 2294 4228 Et
2337 4190 2563 4243 quorum
2599 4184 2681 4229 est
2713 4175 2945 4229 aliorum
2993 4186 3156 4241 quam
3193 4172 3332 4224 bene
3369 4166 3554 4222 valen-

1994 4270 2124 4319 tium
2170 4281 2537 4335 sauorumque
2589 4277 2867 4334 peccaturo
2905 4279 3015 4333 quo
3046 4261 3271 4315 violatur
3304 4259 3549 4327 templum

1995 4355 2151 4408 Dei“?
2207 4355 2320 4409 Non
2386 4356 2609 4409 audebit
2652 4355 2917 4423 quispiam
2951 4368 3074 4425 quae
3100 4353 3164 4407 ad
3195 4353 3337 4404 hunc
3372 4352 3548 4404 locum

1945 4443 1957 4521 ξ
1994 4449 2269 4517 pertinent
2314 4456 2500 4516 aperte
2548 4446 2746 4510 dicere,
2774 4461 2897 4499 eum
2925 4444 3178 4498 omnibus
3227 4443 3382 4496 obvia
3419 4444 3548 4496 sint.

1991 4540 2124 4605 Quis
2175 4548 2410 4607 aegrotus
2461 4537 2642 4591 omnia
2691 4537 2756 4590 ad
2803 4536 3111 4590 violandum
3160 4535 3248 4588 Dei
3294 4534 3548 4601 templum

1992 4630 2344 4684 incitamenta
2377 4627 2585 4698 elfugit,
2621 4642 2742 4681 cum
2787 4627 2990 4681 otietur
3016 4627 3067 4680 id
3104 4625 3381 4695 temporis,
3417 4626 3551 4680 faei-

1990 4723 2148 4792 leque
2195 4720 2445 4774 admittat
2489 4721 2712 4774 obortas
2759 4718 2823 4772 de
2859 4718 3023 4773 rebus
3074 4718 3299 4788 impuris
3339 4718 3549 4787 cogita-

1991 4812 2198 4867 tiones?
2247 4812 2391 4879 Quot
2445 4826 2573 4866 vero
2620 4811 2731 4865 sint
2784 4820 2979 4879 praeter
3033 4823 3147 4874 eas,
3198 4825 3318 4878 qua:
3373 4812 3548 4879 ipSttm

1985 4905 2327 4972 perturbent,
2395 4902 2498 4957 nisi
2557 4901 2704 4956 omni
2777 4899 2956 4954 studio
3018 4915 3112 4954 cor
3172 4910 3369 4967 servet,
3419 4906 3547 4971 quid

1984 4997 2132 5050 dictu
2207 5009 2342 5063 opus
2416 4995 2537 5049 est?
2594 4992 2744 5047 multi
2800 4992 2943 5046 enim
2995 4993 3250 5046 aerumnis
3307 4994 3431 5047 victi
3496 5001 3552 5046 et

1985 5087 2204 5141 morbos
2258 5086 2489 5140 viriliter
2538 5085 2679 5140 ferre
2747 5088 3076 5148 nescientes,
3125 5086 3304 5139 animo
3376 5086 3549 5154 magis

1983 5188 2252 5249 :rgrotare
2302 5177 2619 5246 deprehensi
2682 5188 2805 5230 sunt
2862 5192 3023 5245 quam
3098 5189 3349 5244 corpore.
3414 5174 3551 5226 Mul-

1986 5272 2024 5324 ti
2053 5272 2220 5325 etiam
2251 5279 2311 5323 ut
2360 5268 2640 5322 infantiam
2688 5268 3167 5331 vitarent,Cliristi
3220 5280 3413 5318 ηοω-θη
3459 5279 3550 5329 ge-

1984 5377 2179 5416 nerose
2230 5361 2374 5415 ferre
2407 5360 2762 5424 erubuerunt,
2799 5371 2855 5416 et
2910 5363 2962 5414 in
3005 5360 3351 5429 opprobrium
3409 5369 3551 5407 sem-

1985 5451 2259 5520 piternum
2319 5452 2641 5506 inciderunt.
2701 5451 2770 5505 At
2827 5450 2997 5504 credit
3066 5449 3260 5515 aliquis
3310 5446 3550 5498 futuram

379 5575 420 5606 "
447 5575 460 5626 I
491 5577 617 5629 Cor.
650 5593 723 5633 tv.
769 5577 854 5637 ll,
891 5574 978 5636 ιε,
1028 5576 1116 5629 l5.
1194 5574 1209 5604 ¹
1242 5573 1381 5628 Psul.
1423 5588 1545 5636 xxv,
1578 5572 1631 5626 2.
1712 5573 1730 5601 ¹
1765 5572 1921 5624 Prov.
1979 5588 2121 5636 xxx,
2173 5573 2230 5627 9.
2306 5572 2327 5602 ³
2358 5544 2573 5638 ΙὈοικι,
2601 5570 2652 5627 5.
2730 5570 2752 5603 ⁸
2784 5567 2826 5624 ll
2855 5568 2976 5624 Cor.
3012 5581 3110 5632 xu,
3145 5567 3199 5621 7.
3274 5558 3560 5629 'Paralip.

314 5653 487 5710 um,
521 5645 614 5707 '25.
695 5647 716 5679 ⁸
746 5645 888 5703 Psal.
922 5661 1116 5709 sxxvr,
1166 5645 1250 5698 Μ.
1329 5643 1347 5675 ⁷
1380 5643 1543 5697 Prov.
1586 5658 1679 5697 xm
1705 5682 1719 5709 ,
1751 5642 1803 5694 8.

1881 5640 1902 5673 ⁸
1932 5640 2107 5716 [Cum
2137 5658 2195 5698 tn
2217 5682 2232 5709 ,
2264 5642 2350 5698 17.
