3974 6160
488 274 594 332 535

1922 273 2246 330 ORlGENlS
3631 290 3721 347 536

488 396 655 468 259
683 396 785 452 sibi
829 410 857 450 a
891 393 1280 451 tentationibus
1311 393 1579 462 requiem,
1608 408 1729 448 cum
1762 394 1813 447 in
1851 396 2055 448 honore

2160 398 2415 470 ταράττει
2440 397 2621 461 αὑτὸν,
2652 396 2746 451 ὲάν
2784 398 2858 469 μὴ
2889 386 3037 470 πάση
3068 400 3282 473 φυλακῇ
3314 406 3456 476 τηρῇ
3480 404 3571 476 τὴν
3603 425 3721 478 καρο

492 487 661 541 fuerit
692 486 828 555 apud
853 485 1126 548 homines;
1155 492 1206 536 ct
1226 484 1317 550 qui
1343 499 1449 537 non
1477 484 1670 537 durum
1695 484 1823 536 illud
1858 503 1871 538 :
1900 484 2059 540 Rece-

489 588 681 646 perunt
731 579 1013 631 mercedem
1059 576 1124 627 ab
1155 575 1475 640 hominibus,
1520 576 1585 629 iis
1626 579 2053 644 pronuntiatum.

490 670 581 736 qui
605 667 749 736 vulgi
773 664 1174 720 existimatione
1193 665 1344 733 quasi
1366 666 1545 733 aliquo
1567 667 1707 720 bono
1729 667 2059 721 efferuntur?

491 772 652 825 quam
686 755 812 811 illud
858 756 1181 822 stupendum
1215 774 1227 808 :
1259 756 1531 820 Quomodo
1572 773 1656 809 vos
1700 759 1915 824 potestis
1946 775 2057 811 cre-

488 850 634 910 dere,
662 847 752 914 qui
801 845 1027 915 gloriam
1067 846 1131 898 ab
1162 847 1377 899 invicem
1422 847 1683 911 accipitis,
1724 857 1771 900 et
1808 848 2055 916 gloriam,

487 955 602 1005 qua:
624 955 654 991 a
676 937 789 991 solo
811 936 916 989 Deo
938 946 1033 1000 est,
1062 953 1164 989 non
1192 937 1429 1006 quwritis
1455 937 1511 989 9?
1529 936 1731 1005 Ecquid
1759 954 1843 992 me
1866 940 2059 993 attinet

487 1043 812 1082 enumerare
854 1043 1045 1083 eorum
1091 1028 1183 1095 qui
1231 1028 1440 1082 nobiles
1488 1039 1745 1097 putantur
1773 1031 1952 1084 varios
2003 1032 2055 1084 in

484 1119 741 1188 superbia
789 1119 1006 1184 lapsus;
1060 1134 1248 1173 eorum
1303 1121 1427 1174 item
1466 1120 1555 1189 qui
1607 1121 1864 1174 dicuntur
1910 1122 2058 1191 igno-

483 1210 644 1274 biles,
697 1210 1118 1264 submissionem
1170 1210 1523 1264 adulatorium
1568 1221 1743 1264 ortam
1776 1228 1840 1265 ex
1890 1213 2059 1281 impe—

484 1301 610 1354 ritia
637 1307 1086 1368 avertentemqtze
1114 1315 1143 1353 a
1175 1300 1307 1365 Deo,
1334 1316 1437 1369 qua
1471 1310 1597 1357 ante
1622 1302 1743 1357 illos
1770 1304 2060 1372 procidunt

484 1393 576 1461 qui
608 1392 921 1461 superiores
952 1408 1074 1445 esse
1105 1392 1379 1457 videntur,
1408 1397 1498 1461 qui
1535 1394 1803 1449 sinceram
1838 1395 2055 1465 quidem

485 1484 783 1539 amicitiam
814 1501 919 1538 non
965 1484 1189 1548 habent,
1226 1493 1279 1538 et
1308 1486 1453 1553 quod
1498 1485 1550 1538 in
1588 1487 1901 1542 hominibus
1942 1489 2058 1558 pnl~

485 1578 819 1630 cberrimum
878 1586 999 1639 est,
1050 1578 1371 1631 cbaritatem
1422 1577 1716 1631 simulant?
1775 1579 1945 1649 Ergo,
2000 1590 2058 1635 ut

485 1682 649 1735 supra
676 1669 876 1721 diCtum
912 1676 1018 1735 est,
1050 1669 1219 1722 omnis
1263 1668 1489 1722 hominis
1536 1670 1640 1722 rita
1671 1686 1827 1737 super
1864 1679 2056 1723 terram

2162 491 2299 556 δίαν,
2326 490 2376 542 τί
2421 490 2500 542 δεῖ
2540 490 2633 542 καὶ
2676 489 2891 558 λέγειν;
2927 491 3110 544 πολλοὶ
3141 493 3250 565 γὰρ
3282 497 3390 548 ὑπὸ
3414 499 3521 550 τῶν
3561 500 3719 557 πόνων

2160 581 2470 651 νικώμενοι,
2505 582 2597 633 καὶ
2645 581 2905 652 ἀνδρείως
2936 583 3123 646 νόσους
3166 586 3354 656 φέρειν
3379 588 3479 641 οὑκ
3510 591 3721 645 ἐπιστά-

2165 688 2335 741 μενοι,
2360 672 2557 742 μᾶλλον
2579 671 2672 741 τὴν
2690 673 2863 743 ψυχὴν
2882 675 3223 744 ἡλέγχθησαν
3245 675 3372 728 τότε
3388 680 3720 748 νενοσηκότες

2161 762 2193 832 ἦ
2248 763 2314 814 τὰ
2356 761 2612 832 σώματα·
2673 763 2855 815 πολλοὶ
2904 765 2961 816 δὲ
3000 765 3094 817 καὶ⁸
3130 766 3216 818 διὰ
3270 766 3332 819 τὸ
3378 768 3592 837 φεύγειν
3631 773 3718 840 τὴν

2170 851 2407 916 ἀδοξίαν,
2463 853 2913 922 ὲπαισχυνόμενοι
2958 853 3066 923 (90)
3111 855 3171 907 τὸ
3205 857 3447 926 Χριστοῦ
3504 859 3718 926 εὐγενῶς

2168 940 2336 1011 ὄνομα
2362 944 2547 1013 φέρειν
2564 984 2579 1009 ,
2614 945 2692 1006 εἰς
2712 946 2969 1015 αἰσχύνην
2991 945 3205 999 αἰώνιον
3220 950 3714 1006 καταπεπώκασιν.

2173 1029 2314 1082 Ἀλλ’
2354 1031 2524 1084 οἴεταί
2564 1050 2647 1095 τις
2708 1035 3078 1088 ἀναπαύεσθαι
3132 1037 3207 1099 ὼς
3271 1038 3348 1108 μὴ
3407 1041 3715 1112 πειραζόμε-

2160 1138 2268 1185 νος,
2304 1123 2393 1175 ὅτε
2426 1122 2735 1188 δεδόξασται
2769 1126 2917 1197 παρά
2948 1129 3058 1189 τοῖς
3104 1126 3444 1199 ἀνθρώποις·
3478 1132 3568 1184 καὶ
3613 1135 3716 1197 πῶς

2159 1213 2219 1265 οὑ
2274 1214 2510 1282 χαλεπὸν
2548 1215 2627 1278 τὸ,
2672 1216 2983 1285 Ἀπέχουσι
3038 1218 3147 1272 τὸν
3189 1219 3416 1286 μισθὸν
3461 1221 3576 1274 ἀπὸ
3614 1221 3716 1274 τῶν

2161 1305 2505 1373 ἀνθρώπων,
2552 1308 3021 1378 ἀπαγγελλόμενον
3059 1312 3166 1372 τοῖς
3195 1311 3610 1381 ιὲπαιρομένοις,
3651 1312 3716 1373 ὡς

2161 1397 2248 1448 ἐπ’
2283 1392 2493 1466 ἀγαθῷ,
2537 1401 2603 1468 τῇ
2644 1397 2795 1467 παρὰ
2825 1400 2939 1461 τοῖς
2974 1398 3185 1462 πολλοῖς
3216 1398 3380 1472 δόξῃ;
3416 1400 3531 1463 πῶς
3558 1400 3599 1452 δ’
3629 1400 3716 1452 οὐκ

2160 1487 2553 1558 ἐπιπληκτικὸν
2585 1489 2676 1541 τό·
2715 1488 2848 1555 Πῶς
2885 1489 3150 1545 δύνασθε
3184 1491 3357 1559 ὑμεῖς
3394 1494 3711 1557 πιστεῦσαι,

2164 1579 2353 1644 δόξαν
2378 1581 2511 1646 παρ’
2533 1580 2821 1646 ἀλλήλων
2841 1583 3272 1650 λαμϐάνοντες,
3302 1583 3399 1635 καὶ
3420 1582 3530 1650 τὴν
3548 1584 3715 1647 δόξαν

2160 1675 2275 1741 τὴν
2312 1674 2473 1742 παρὰ
2504 1674 2610 1728 τοῦ
2638 1677 2830 1743 μόνου
2872 1676 3018 1729 Θεοῦ
3053 1679 3124 1729 οὐ
3159 1675 3416 1744 (prcita;
3444 1678 3548 1729 Καὶ
3577 1679 3623 1730 τί
3656 1695 3713 1749 με

486 1760 705 1813 tentatio
739 1768 815 1813 est
854 1761 930 1825 1°;
964 1776 1136 1829 quare
1167 1776 1387 1816 oremus
1418 1776 1446 1815 a
1486 1763 1782 1817 tentatione
1810 1763 2050 1826 liberari,

2158 1764 2236 1817 δεῖ
2256 1764 2573 1833 καταλέγειν
2596 1765 2665 1817 τά
2688 1764 2794 1818 τῶν
2826 1766 3191 1835 νομιζομένων
3214 1768 3455 1835 εὐγενῶν
3479 1769 3533 1820 ὲν
3564 1768 3714 1839 ὑπερ-

474 1867 595 1907 .non
644 1852 742 1917 ita,
788 1866 854 1906 ne
906 1861 1183 1906 tentemur
1220 1852 1355 1925 (fieri
1405 1855 1548 1908 enim
1601 1855 1654 1907 id
1702 1870 1808 1908 non
1852 1862 2049 1923 potest,

482 1943 722 1996 maxime
754 1958 876 1997 cum
910 1957 1073 2012 super
1103 1953 1301 1998 terram
1345 1944 1576 2012 sumus),
1610 1943 1703 1998 sed
1743 1961 1808 2000 ne
1859 1945 2051 1999 tentati

486 2035 928 2088 succumbamus.
960 2034 1062 2100 Qui
1095 2051 1227 2090 vero
1257 2038 1532 2090 tentationi
1566 2038 1894 2099 succumbit,
1928 2051 2051 2090 eum

484 2123 695 2195 ingredi
728 2125 779 2178 in
816 2125 1173 2180 teutationem
1203 2126 1467 2193 arbitror,
1505 2127 1626 2197 ejus
1652 2128 1816 2182 veluti
1847 2129 2053 2181 retibus

484 2225 735 2283 captum;
771 2216 824 2269 in
857 2231 976 2285 quae
1003 2217 1135 2270 retia
1165 2226 1385 2284 propter
1416 2232 1536 2283 eos,
1564 2218 1655 2286 qui
1679 2218 1789 2288 jam
1827 2219 1891 2272 iis
1920 2218 2054 2272 irre-

483 2304 568 2359 titi
602 2315 782 2369 erant,
816 2308 1092 2377 ingressus
1128 2308 1407 2371 Servator,
1443 2323 1648 2377 perque
1679 2324 1740 2364 ea
1774 2310 1927 2378 quasi
1963 2325 2055 2375 per

482 2396 743 2451 cancellos
772 2398 1090 2465 prospiciens
1135 2399 1200 2463 ¹¹,
1238 2407 1298 2451 ut
1336 2399 1537 2454 dicitur
1569 2400 1620 2452 in
1666 2397 1889 2453 Cantico
1924 2413 2051 2451 can-

481 2488 737 2552 ticorum,
793 2489 1085 2556 respondet
1129 2489 1229 2552 eis,
1286 2489 1378 2556 qui
1420 2488 1530 2558 jam
1580 2486 1777 2540 irretiti
1823 2495 1951 2540 sunt
1999 2497 2053 2541 et

480 2580 840 2633 tentationem
884 2579 1134 2649 ingressi,
1181 2581 1364 2649 aitque
1398 2580 1478 2635 eis
1508 2594 1609 2634 ceu
1638 2593 1847 2647 sponsa:
1890 2594 2000 2632 sum.
2033 2598 2049 2633 :

479 2666 673 2739 Surge,
705 2670 839 2732 veni,
882 2671 1121 2737 proxima
1160 2687 1297 2737 mea,
1343 2672 1576 2740 formosa
1622 2684 1759 2733 mea,
1811 2667 2053 2721 columba

480 2774 596 2814 mea
649 2759 714 2814 ι’.
761 2759 967 2814 Addam
1013 2770 1066 2814 et
1088 2761 1222 2823 haec,
1258 2770 1311 2813 ut
1357 2761 1642 2814 ostendam
1695 2756 1898 2811 nullum
1931 2773 2054 2813 esse

481 2848 787 2904 hominibus
832 2858 1045 2920 tempus
1079 2851 1377 2905 tentatione
1401 2866 1628 2905 vacuum
1659 2864 1673 2904 ε
1718 2865 1785 2904 ηε
1817 2851 1905 2903 ille
1936 2849 2057 2917 qui-

484 2939 632 3005 dem,
667 2941 759 3008 qui
796 2941 967 3008 legem
999 2940 1210 2994 Domini
1240 2943 1531 2995 meditatur
1559 2941 1644 2995 die
1678 2957 1740 2996 ac
1772 2951 1951 3004 nocte,
2000 2948 2055 2993 et

483 3028 698 3084 edicere
731 3040 958 3084 conatur
987 3032 1129 3100 quod
1168 3032 1369 3086 dictum
1409 3042 1524 3086 est:
1565 3032 1635 3086 0s
1661 3032 1795 3100 justi
1833 3031 2054 3083 medita—
2081 3062 2123 3118 ο

485 3121 626 3173 bitur
651 3122 964 3189 sapientiam
993 3123 1070 3186 ¹³;
1098 3137 1126 3174 a
1153 3123 1450 3177 tentatione
1473 3124 1730 3175 immunis
1755 3130 1858 3176 est.
1881 3120 2052 3187 Quam

485 3212 646 3265 multi
677 3213 820 3266 enim
855 3227 1136 3266 sacrorum
1163 3212 1427 3266 librorum
1464 3214 1639 3268 studio
1672 3213 1899 3276 addicti,
1937 3227 2057 3281 qua:

483 3301 542 3357 in
592 3301 709 3373 lege
760 3303 1146 3373 prophetisque
1194 3305 1463 3374 promissa
1523 3314 1679 3369 sunt,
1738 3304 2057 3371 acceperint

482 3407 795 3462 perperam,
845 3408 1015 3462 seque
1065 3394 1248 3463 impiis
1288 3395 1628 3464 dogmatibus
1666 3395 1959 3462 stultisque
2003 3401 2056 3446 et

482 3481 734 3536 ridiculis
768 3482 1125 3552 implicarint,
1161 3485 1289 3552 quid
1334 3499 1555 3540 necesse
1588 3494 1671 3540 εει
1694 3485 1898 3545 dicere.
1930 3497 2054 3537 cum

483 3572 754 3627 innumeri
781 3574 984 3641 quibus
1010 3574 1288 3644 negligens
1312 3575 1472 3629 lectio
1496 3589 1601 3628 non
1626 3575 1841 3628 videtur
1861 3590 2056 3643 expro-

480 3663 631 3718 brari
664 3679 850 3733 posse,
884 3665 935 3719 in
969 3666 1185 3718 eosdem
1220 3674 1399 3719 tamen
1436 3680 1653 3719 errores
1694 3666 2055 3734 impegerint?

481 3753 629 3809 idem
681 3765 737 3809 et
790 3756 849 3810 in
904 3754 1215 3822 apostolicis
1267 3755 1706 3825 evangelicisque
1757 3756 2055 3825 Scripturis

482 3843 667 3896 multis
695 3844 919 3906 accidit,
946 3846 1035 3912 qui
1065 3858 1160 3897 sua
1196 3842 1297 3897 sibi
1330 3845 1553 3897 vesania
1583 3845 1749 3897 alium
1786 3845 2056 3899 tinxerunt

483 3931 680 3987 Filium
719 3946 811 3988 aut
848 3934 1087 3999 Patrem,
1119 3951 1281 4004 quam
1311 3935 1401 4003 qui
1442 3951 1471 3988 a
1509 3935 1716 3989 sanctis
1758 3944 1814 3990 et
1859 3935 2056 4003 praedi-

481 4033 640 4078 catur
674 4033 729 4078 et
763 4023 920 4091 juxta
958 4026 1242 4078 veritatem
1286 4025 1629 4094 intelligitur.
1668 4024 1767 4091 Qui
1801 4028 1944 4078 enim
1990 4026 2055 4077 de

482 4114 594 4171 Deo
626 4124 685 4169 et
718 4115 936 4171 Christo
969 4116 1087 4185 ejus
1118 4130 1243 4169 vera
1274 4131 1381 4169 non
1414 4117 1599 4179 sentit,
1641 4115 1684 4170 is
1717 4130 1745 4168 a
1779 4130 1908 4168 vero
1947 4115 2055 4168 Dvo

479 4209 706 4274 excidit,
734 4209 960 4280 ejusque
987 4207 1298 4279 Unigenito,
1321 4215 1374 4261 et
1402 4221 1560 4275 quem
1584 4220 1680 4260 sua
1708 4206 1809 4260 sibi
1836 4206 2051 4259 vesania

481 4301 639 4355 ﬁnxit
688 4300 908 4356 Patrem
964 4310 1017 4355 et
1057 4300 1277 4365 Filium,
1327 4313 1435 4353 non
1479 4313 1676 4352 revera
1720 4298 1946 4363 adorat;
2002 4298 2051 4350 id

2156 1856 2359 1925 ηφανία
2411 1857 2744 1925 πταίσματα,
2787 1858 2881 1909 καὶ
2924 1857 3030 1908 τῶν
3092 1858 3404 1928 λεγομένων
3444 1860 3712 1927 δυσ-γενῶν,

2154 1948 2242 2000 διά
2266 1949 2327 2000 τὸ
2352 1948 2739 2017 ἀνεπιστῆμον,
2772 1948 2870 2017 τὴν
2895 1947 3030 2018 πρὸς
3052 1950 3178 2011 τοὺς
3203 1949 3495 2020 ὑπερέχειν
3521 1948 3716 2019 νομιζο-

2157 2036 2348 2106 μένους
2379 2038 2690 2089 ὑπόπτωσιν
2720 2035 3057 2108 θωπευτικὴν
3089 2040 3399 2107 ἀφιστᾶσαν
3426 2038 3577 2101 Θεοῦ,
3605 2039 3714 2103 τοὺς

2154 2124 2381 2192 γνησίαν
2412 2123 2509 2193 μὲν
2535 2124 2715 2192 φιλίαν
2738 2125 2836 2177 οὑκ
2862 2124 3081 2194 ἔχοντας
3113 2126 3246 2195 (91),
3281 2126 3341 2179 τὸ
3364 2127 3421 2180 δὲ
3454 2127 3713 2180 κάλλιστον

2120 2244 2123 2247 -
2153 2213 2263 2265 τῶν
2296 2214 2352 2265 ὲν
2387 2213 2714 2284 ἀνθρώποις,
2732 2214 2829 2284 τὴν
2846 2216 3062 2284 ἀγάπην
3100 2216 3559 2288 ὑποκρινομένους
3583 2217 3710 2287 (9‘2);

2154 2297 2281 2364 Πᾶς
2308 2300 2486 2351 τοίνυν
2527 2303 2559 2353 ό
2595 2303 2753 2367 βίος,
2788 2303 2970 2367 καθὼς
2996 2306 3343 2375 προείρηται,
3379 2307 3486 2360 τοῦ
3515 2306 3712 2374 ἀνθρώ-

2155 2403 2273 2441 που
2305 2389 2403 2441 ἐπὶ
2437 2387 2545 2455 τῆς
2586 2389 2696 2459 γῆς
2725 2392 2857 2444 ἐστι
2890 2393 3270 2462 πειρατήριον
3289 2412 3302 2425 ο
3346 2396 3530 2467 διόπερ
3561 2396 3710 2466 εὐχώ-

2158 2478 2294 2548 μεθα
2328 2479 2589 2551 ῥυσθῆναι
2623 2484 3001 2555 πειρατηρίου,
3038 2488 3138 2539 οὑκ
3167 2488 3224 2540 ὲν
3255 2487 3338 2556 τῷ
3374 2487 3448 2558 μὴ
3481 2487 3707 2557 πειράζει

2156 2570 2278 2625 σθαι
2325 2572 2513 2642 (τοῦτο
2543 2573 2650 2645 γάρ
2683 2575 2962 2645 ἀμήχανον
3001 2579 3232 2648 μάλιστα
3276 2582 3394 2638 τοῖς
3432 2580 3520 2631 ἐπὶ
3568 2577 3705 2647 γῆς),

2155 2662 2289 2715 ἀλλά
2318 2664 2376 2715 ὲν
2409 2663 2487 2733 τῷ
2522 2665 2595 2735 μὴ
2629 2666 2892 2735 ἡττᾶσθαι
2927 2669 3379 2738 πειραζομένους.
3416 2670 3515 2722 Τὸν
3546 2669 3600 2721 δὲ
3628 2670 3708 2737 ἡτ-

2154 2753 2392 2825 τώμενον
2422 2757 2478 2808 ὲν
2508 2756 2586 2827 τῷ
2621 2757 2975 2829 πειράζεσθαι
3008 2761 3354 2833 εἰσέρχεσθαι
3385 2763 3464 2825 είς
3492 2760 3578 2812 τὸν
3601 2772 3705 2811 πει-

2157 2846 2361 2916 ρασμὸν
2388 2849 2704 2918 ἐνεχόμενον
2720 2851 2832 2912 τοῖς
2855 2848 3093 2914 δικτύοις
3112 2852 3305 2917 αὑτοῦ,
3332 2850 3674 2921 ὑπολαμϐάνω
3690 2864 3702 2877 ·

2156 2940 2235 3001 είς
2262 2940 2405 3009 ἀπερ
2438 2939 2629 2992 δίκτυα
2658 2939 2745 2991 διὰ
2773 2941 2899 3001 τοὺς
2930 2942 3501 3014 προκατειλημμένους
3536 2943 3590 2994 ὲν
3623 2940 3706 2992 αὺ-

2156 3030 2266 3091 τοῖς
2288 3028 2542 3081 εἰσελθὼν
2565 3033 2593 3083 ὁ
2620 3029 2830 3099 Σωτὴρ,
2857 3030 3170 3085 ἐκκόπτων
3194 3031 3296 3085 διὰ
3323 3033 3443 3086 τῶν
3458 3031 3703 3089 δικτύων,

2158 3116 2300 3169 κατά
2350 3118 2410 3169 τὸ
2461 3120 2518 3171 ἐν
2560 3117 2639 3187 τῷ
2678 3118 2914 3188 Ι’ᾼσμιιτι
2957 3118 3066 3171 τῶν
3106 3120 3372 3189 ᾀσμάτων
3423 3118 3702 3190 εἰρημένον,

2157 3208 2511 3279 ἀποκρίνεται
2543 3212 2654 3272 τοῖς
2685 3209 3245 3280 προκατειλημμένοις
3277 3213 3372 3263 ὑπ’
3402 3210 3592 3272 αὑτῶν,
3624 3207 3705 3259 καὶ

2154 3300 2484 3355 είσελθοῦσιν
2515 3304 2594 3364 είς
2619 3303 2710 3354 τὸν
2743 3303 3068 3373 πειρασμὸν,
3094 3304 3189 3356 καὶ
3220 3303 3371 3372 λέγει
3398 3299 3514 3356 οὖσι
3539 3300 3703 3371 νύμφῃ

2154 3393 2346 3447 αὑτοῦ·
2395 3393 2662 3457 Ἀνάστα,
2695 3394 2834 3447 ἐλθὲ
2863 3397 2901 3463 ἡ
2933 3395 3200 3460 πλησίον
3227 3412 3369 3462 μου,
3404 3392 3554 3459 καλή
3580 3407 3702 3460 μου,

2155 3483 2471 3550 περιστερά
2505 3501 2642 3552 μου.
2689 3482 2988 3554 Προσθήσω
3020 3484 3102 3547 δὲ,
3152 3485 3230 3546 εἰς
3263 3485 3328 3537 τὸ
3372 3481 3703 3555 πειρασθῆναι

2156 3573 2335 3625 πάντα
2377 3572 2565 3642 καιρὸν
2614 3572 2919 3643 πειρασμοῦ
2959 3567 3098 3625 εἶναι
3131 3575 3241 3636 τοῖς
3288 3573 3585 3645 ἀνθρώποις
3626 3568 3705 3622 καὶ

2154 3663 2352 3715 ταῦτα·
2386 3664 2505 3716 οὐδὲ
2547 3663 2575 3714 ὁ
2611 3662 2699 3715 τὸν
2724 3662 2893 3731 νόμον
2925 3662 3017 3715 τοῦ
3052 3663 3185 3715 Θεοῦ
3240 3664 3479 3734 μελετῶν
3518 3663 3704 3733 ἡμέρας

2155 3756 2248 3808 καὶ
2285 3754 2496 3818 νυκτὸς,
2551 3755 2645 3806 καὶ
2689 3754 2873 3807 ἀσκῶν
2918 3754 3255 3826 κατορθῶσαι
3309 3757 3371 3810 τὸ
3408 3754 3701 3826 εἰρημένονο

2157 3846 2355 3912 Στόμα
2377 3842 2611 3896 δικαίου
2628 3845 2947 3911 μελετήσει
2976 3849 3220 3916 σοφίαν,
3256 3847 3349 3899 τοῦ
3378 3840 3703 3915 πειράζεσθαι

2155 3932 2518 4001 ἀπήλλακται.
2558 3934 2710 3985 Ὅσοι
2739 3935 2868 4002 γοῦν
2903 3937 3383 4007 παρεκδεξὰμενοι,
3418 3939 3472 3989 ὲν
3495 3933 3569 4003 τῷ
3595 3934 3702 3985 ἀνα·

2156 4025 2458 4078 τεθεικέναι
2491 4024 2691 4088 αὐτοὺς
2736 4028 2802 4096 τῇ
2848 4027 3090 4093 ἐξετάσει
3125 4030 3234 4083 τῶν
3284 4030 3443 4083 θειῶν
3476 4021 3701 4097 Γραφῶνν

2156 4115 2223 4168 τά
2256 4117 2313 4169 ὲν
2346 4115 2494 4185 νόμῳ
2525 4116 2618 4169 καὶ
2647 4119 2953 4188 προφήταις
2983 4119 3390 4189 ἀπηγγελμένα,
3425 4117 3594 4177 ἀθέοις
3623 4112 3703 4165 καὶ

2159 4206 2377 4259 ἀσεϐέσι
2393 4208 2654 4279 δόγμασιν
2673 4211 2896 4272 ἑαυτοὺς
2920 4210 3350 4274 ἀνατεθείκασιν,
3368 4209 3585 4281 ἠλιθίοις
3604 4201 3699 4273 (95)

2161 4300 2255 4351 καὶ
2280 4298 2530 4366 γελοίοις,
2557 4299 2608 4351 τί
2631 4300 2710 4352 δεῖ
2734 4301 2828 4353 καὶ
2854 4301 3050 4369 λέγειν,
3080 4301 3187 4355 τῶν
3215 4302 3507 4355 δοκούντων
3530 4296 3602 4364 τῷ
3620 4294 3704 4362 τῆς

476 4407 692 4464 passus,
736 4392 878 4462 quod
926 4392 1278 4446 tentatiouem
1311 4406 1415 4460 qua
1461 4405 1747 4445 sacrorum
1791 4390 2052 4445 librortnn

2164 4391 2419 4458 ἀμελείας
2444 4390 2550 4443 τῶν
2573 4392 3012 4462 ἀναγνωσμάτων
3039 4393 3341 4463 ἐγκλήματι
3371 4392 3441 4462 μὴ
3464 4387 3592 4442 εἶναι
3609 4383 3701 4436 ἐνό-

478 4486 640 4542 lectio
671 4502 776 4541 non
811 4495 992 4551 vacat,
1024 4502 1130 4539 non
1155 4486 1473 4549 adverterit,
1502 4500 1601 4538 nec
1630 4485 1843 4539 steterit
1873 4499 2056 4537 arma-

480 4586 569 4633 tus
608 4578 754 4631 velut
784 4580 848 4631 ad
891 4577 1183 4629 imminens
1231 4586 1533 4631 certamen.
1576 4577 1851 4631 Orandum
1889 4577 2054 4645 igitur

479 4677 584 4733 est,
612 4683 719 4721 non
743 4669 904 4737 260
925 4682 990 4721 ne
1014 4677 1306 4732 tentemur,
1333 4668 1447 4720 fieri
1470 4668 1613 4721 enim
1636 4669 1686 4721 id
1707 4684 1811 4722 non
1849 4678 2047 4736 potest,

480 4759 575 4813 sed
612 4774 679 4813 ne
709 4776 737 4812 a
776 4762 1079 4815 tentatione
1120 4760 1649 4825 circumveniamur;
1685 4762 1827 4829 quod
1862 4763 1927 4815 iis
1966 4778 2057 4812 ae-

480 4849 614 4905 cidit
648 4850 738 4918 qui
782 4851 870 4903 illa
915 4853 1227 4909 detinentur
1266 4864 1322 4909 et
1366 4855 1675 4907 vincuntur.
1709 4852 1847 4907 Cum
1889 4854 2052 4921 igitur

478 4950 633 4993 extra
677 4941 982 4995 orationem
1025 4945 1288 5012 scriptum
1326 4945 1443 4999 sit:
1475 4942 1543 4996 Ut
1585 4960 1685 4995 non
1739 4942 1940 4995 intretis
1996 4943 2049 4994 in

481 5033 822 5084 tentationem
843 5031 906 5096 η,
928 5034 1067 5099 quod
1090 5048 1154 5087 ex
1178 5036 1337 5091 dictis
1350 5036 1571 5105 planum
1588 5047 1711 5088 esse
1742 5034 1973 5102 poterit,
1996 5032 2046 5084 in

477 5123 594 5195 ipsa
616 5130 798 5177 autem
827 5122 1074 5177 oratione
1100 5124 1288 5179 dicere
1313 5127 1420 5180 Deo
1434 5125 1581 5179 Patri
1602 5125 1887 5179 debeamus
1919 5137 1932 5176 :
1968 5122 2049 5175 Ne

550 5285 571 5316 ’
603 5282 758 5340 Joan.
794 5300 847 5350 ν,
887 5283 981 5340 44.
1061 5287 1103 5318 ¹⁰
1131 5286 1234 5343 Job
1256 5304 1332 5344 vn
1357 5329 1383 5362 ,_
1410 5290 1459 5343 Ι.

546 5460 659 5530 (90)
710 5457 896 5530 codex
954 5470 1083 5519 ms.,
1125 5455 1598 5525 ὲπαισχυνὸμενοι.
1639 5453 1818 5509 Editio
1872 5454 2047 5508 Oxon.

476 5529 955 5599 ἀπαισχυνόμενοι.

549 5594 863 5667 (θυυοιὶειι
896 5612 1020 5659 ms.,
1048 5596 1288 5667 ἔχοντας.
1324 5594 1500 5667 Editio
1523 5594 1695 5667 Oxon.
1729 5594 1962 5667 ἔχοντες.

550 5601 631 5659 (91
685 5601 863 5651 Codex
896 5612 1020 5659 ms.,
1048 5601 1288 5667 ἔχοντας.
1324 5601 1500 5649 Editio
1523 5601 1695 5650 Oxon.
1729 5601 1962 5666 ἔχοντες.

550 5601 661 5736 (92g
702 5668 880 5721 Codex
934 5682 1061 5734 ms.,
1118 5666 1595 5737 ὑποκρινομένους.
1631 5665 1810 5722 Editio
1844 5666 2045 5729 Οκυιι..

1541 5289 1580 5320 ¹¹
1613 5288 1774 5344 Cant.
1818 5305 1853 5342 Il
1875 5329 1889 5354 ,
1921 5289 1974 5345 9.
2056 5290 2097 5319 ¹²
2126 5288 2285 5353 lbid.,
2317 5289 2402 5343 l0.
2483 5291 2525 5321 "
2554 5291 2714 5347 Prov.
2755 5310 2819 5357 κ,
2850 5295 2938 5350 51.

2161 4497 2289 4549 κων,
2320 4479 2527 4550 μυρίων
2561 4482 2701 4533 ὅσων
2724 4482 2792 4535 τὰ
2817 4483 3041 4535 τοιαῦτα
3067 4483 3397 4546 πταιόντων;
3431 4480 3499 4532 Τὸ
3522 4477 3564 4529 δ’
3590 4469 3702 4528 αὐτὸ

2160 4572 2254 4623 καὶ
2294 4572 2386 4623 ἐπὶ
2419 4570 2524 4624 τῶν
2555 4571 2925 4625 ἀποστολικᾶω
2958 4574 3053 4624 καὶ
3084 4571 3450 4640 εὑαγγελικῶν
3480 4570 3698 4631 ἀναγνω-

2162 4664 2383 4732 σμάτων
2410 4663 2592 4715 πολλοὶ
2622 4663 2944 4727 πεπόνθασι,
2965 4663 3051 4716 διά
3077 4663 3337 4726 τάςίίδίας
3368 4660 3563 4721 ἀνοίας,
3593 4656 3699 4706 ἀνα-

2160 4754 2484 4817 πλάττοντες
2514 4755 2700 4825 ’ἐτερον
2734 4754 2884 4825 παρά
2910 4755 2999 4807 τὸν
3026 4753 3434 4823 θεολογούμενον
3463 4749 3549 4802 καὶ
3578 4740 3699 4797 κατά

2159 4852 2261 4915 τὴν
2296 4846 2548 4917 ἀλήθειαν
2579 4848 2897 4916 νενοημένον
2924 4849 3035 4909 τοῖς
3063 4846 3238 4915 ἁγίοις
3267 4846 3393 4898 Υίὸν
3423 4842 3453 4912 ἢ
3484 4837 3693 4917 ΠατέραἼ

2173 4938 2229 4988 Ὀ
2262 4915 2482 5007 γὰρμὴ
2526 4936 2595 4989 τά
2627 4915 2797 5007 ἀληθῆ
2847 4936 3055 5007 φρονῶν
3096 4936 3222 5005 περὶ
3253 4933 3385 4988 Θεοῦ
3422 4932 3453 5002 ἢ
3487 4915 3696 4996 Χριστοῦ

2158 5028 2345 5091 αὑτοῦ,
2384 5029 2478 5080 τοῦ
2504 5031 2599 5098 μὲν
2644 5030 2894 5101 ἀληθινοῦ
2937 5027 3302 5082 ἀποπέπτωκε
3339 5024 3470 5079 Θεοῦ
3503 5018 3589 5073 καὶ
3617 5027 3695 5109 τοὶ)

2163 5120 2499 5188 Μονογενοῦς
2537 5120 2722 5185 αὐτοῦ,
2770 5121 2827 5174 ὃν
2865 5122 2922 5175 δὲ
2954 5122 3254 5177 ἀνέπλασεν
3295 5126 3327 5194 ἠ
3366 5121 3511 5174 ἄνοια
3549 5109 3693 5165 αὐτου

3019 5294 3063 5327 ίδ
3093 5293 3277 5349 Matth.
3306 5302 3451 5355 xxvr,
3486 5282 3567 5336 Ηο

2159 5455 2590 5526 ὑπορκινόμενοι.
3183 5524 3197 5526 Α
3460 5523 3485 5526 _
3569 5516 3596 5526 _.
3631 5510 3642 5523 .

2229 5516 2341 5599 (95)
2383 5516 2860 5599 ’Ᾰνατεθείκᾳσιν
2884 5527 3153 5594 ἠλιθίοις.
3176 5524 3315 5599 Lege
3332 5516 3688 5583 cumlienllt‘iO.

2159 5595 2585 5660 ἀνατεθείκασιν,
2617 5595 2648 5667 ἢ
2687 5596 2931 5665 ἠλιθίοις.
