3974 6160
312 304 420 361 557

1521 300 1855 357 LIBELLUS
1893 298 1979 354 DE
2018 295 2390 355 ORATIONE.

3454 300 3555 353 538

309 419 615 491 νομίζουσα
640 414 776 472 εἶναι
804 419 1021 490 Πατέρα
1044 421 1138 474 καὶ
1159 419 1305 483 Υίὸν,
1327 419 1427 473 οὐκ
1450 419 1618 482 ὅντως
1656 433 1876 490 προσκυ-

1998 432 2090 469 nos
2144 415 2361 469 inducas
2414 413 2468 466 in
2529 414 2905 479 tentationem,
2956 428 3135 482 operae
3193 412 3425 482 pretium
3475 429 3557 471 est

311 509 427 562 νεῖ’
463 508 621 561 τοῦτο
655 507 837 560 παθὼν
866 508 954 561 διὰ
981 508 1042 560 τὸ
1072 508 1162 560 τὸν
1196 508 1254 559 ὲν
1296 507 1374 576 τῷ
1407 505 1797 574 ἀναγινώσκειν
1824 505 1893 558 τὰ

311 600 448 667 ἅγια
477 599 781 669 πειρασμὸν
810 599 886 669 μὴ
908 598 1238 668 νενοηκέναι,
1277 599 1409 667 μηδὲ
1434 598 1509 661 ὡς
1540 598 1677 667 πρὸς
1708 597 1894 666 ἀγῶνα

311 689 407 741 καὶ
450 688 577 740 τότε
624 688 774 758 αὐτῷ
815 689 1141 758 ἐνεστηκότα
1189 687 1549 758 ὁπλισάμενος
1600 688 1693 739 καὶ
1739 688 1888 750 στάς.

308 780 430 850 Χρὴ
457 779 639 832 τοίνυν
659 778 911 848 εὔχεσθαι
931 820 944 841 ,
975 780 1072 848 οὐχ
1099 780 1186 831 ἵνα
1216 780 1288 850 μὴ
1311 777 1711 847 πειρασθῶμεν,
1734 777 1892 830 τοῦτο

306 870 418 939 γὰρ
453 868 737 930 ἀδύνατον,
771 868 885 943 ἀλλ’
920 870 1007 922 ἵνα
1044 871 1118 940 μὴ
1147 870 1250 922 ὑπὸ
1281 871 1372 924 τοῦ
1399 868 1890 941 πειρασμοῦπερι-

306 957 620 1028 ϐληθῶμεν·
640 958 777 1029 ὅπερ
801 958 1096 1028 πάσχουσιν
1126 960 1175 1012 οἱ
1194 960 1498 1030 ὲνεχόμενοι
1520 958 1666 1029 αὐτῷ
1695 961 1789 1012 καὶ
1805 978 1890 1012 νε-

303 1060 428 1113 νικη
437 1045 612 1113 μένοι.
632 1046 782 1097 Ἐπεὶ
806 1041 897 1097 οὖν
912 1046 1014 1112 ἔξω
1036 1047 1133 1116 μὲν
1150 1047 1247 1114 τῆς
1273 1048 1434 1116 εὐχῆς
1450 1048 1752 1116 γέγραπται
1792 1048 1887 1116 Μὴ

300 1134 610 1189 εἰσελθεῖν
626 1135 758 1205 (95’)
774 1138 860 1201 εἰς
876 1137 1224 1205 πειρασμὸν,
1242 1137 1376 1208 ὅπερ
1388 1140 1451 1190 ὲκ
1465 1137 1571 1189 τῶν
1588 1140 1889 1208 εἰρημένων

297 1223 531 1277 δύναταί
565 1243 682 1288 πως
709 1222 847 1279 εἶναι
877 1228 1063 1295 σαφὲς,
1102 1230 1159 1281 ὲν
1192 1228 1249 1281 δὲ
1278 1231 1342 1299 τῇ
1374 1231 1504 1300 εὐχῇ
1533 1231 1707 1298 λέγειν
1745 1232 1891 1299 ἡμᾶς

298 1315 399 1379 δεῖ,
436 1314 543 1383 Μὴ
573 1317 921 1387 εἰσενέγκῃς
940 1317 1098 1387 ἡμᾶς
1120 1322 1207 1384 εἰς
1233 1321 1584 1389 πειρασμὸν,
1616 1322 1694 1390 τῷ
1718 1321 1891 1390 Πατρὶ

298 1405 418 1476 Θεῷ
440 1423 452 1436 ·
480 1406 637 1471 ἄξιον
666 1407 790 1459 ἰδεῖν
819 1409 935 1471 πῶς
960 1410 1065 1480 χρὴ
1091 1413 1229 1463 νοεῖν
1259 1412 1349 1465 τὸν
1382 1412 1514 1464 Θεὸν
1535 1414 1771 1481 εἰσάγειν
1801 1415 1891 1467 τὸν

300 1494 376 1566 μὴ
402 1494 727 1564 εὐξάμενον,
762 1495 794 1565 ἥ
824 1497 914 1548 τὸν
941 1497 1014 1567 μὴ
1035 1499 1434 1569 ὲπακουόμενον
1462 1503 1541 1564 εἰς
1572 1502 1662 1554 τὸν
1700 1519 1891 1572 πειρα-

298 1586 455 1654 σμόν.
502 1587 864 1655 Ἀπεμφαίνει
892 1586 1022 1658 γάρ,
1055 1588 1145 1640 τοῦ
1179 1590 1479 1659 νικωμένου
1511 1592 1888 1660 εἰσερχομένου

296 1674 376 1736 εἰς
396 1674 491 1726 τὸν
523 1676 845 1746 πειρασμὸν,
865 1677 957 1729 τὸν
975 1677 1106 1731 Θεὸν
1141 1678 1377 1748 νομίζειν
1406 1680 1643 1748 εἰσάγειν
1662 1680 1782 1733 τινὰ
1812 1684 1891 1745 εἰς

1992 507 2175 559 videre
2213 504 2485 573 quomodo
2540 504 2922 573 intelligendus
2970 506 3040 561 sit
3089 505 3228 559 Dens
3269 504 3420 559 illum
3466 508 3557 573 qui

1991 612 2099 650 non
2139 606 2278 660 orat,
2319 604 2554 649 anteum
2598 597 2688 663 qui
2725 611 2829 649 non
2872 596 3181 659 exauditur,
3214 595 3266 648 in
3310 596 3559 649 tentatio-

1992 704 2114 742 nem
2145 688 2421 740 inducere.
2458 686 2937 754 Repugnatenim,
2963 701 3085 740 cum
3121 687 3164 740 is
3196 687 3288 755 qui
3323 686 3560 739 vincitur

1991 776 2156 829 intret
2185 775 2238 827 in
2273 775 2648 837 tentationem,
2690 774 2855 826 Deum
2884 786 3075 843 putare
3113 777 3166 829 in
3208 777 3555 830 tentationetn

1990 865 2249 919 inducere
2271 879 2619 932 quemquam,
2647 866 2798 931 quasi
2826 875 2880 918 ut
2906 868 3154 922 vincatur
3179 869 3322 921 illum
3348 870 3555 931 tradat;

1990 955 2291 1022 eademque
2321 953 2673 1021 repugnantia
2707 955 2947 1007 occurrit
2972 956 3020 1008 ei
3055 957 3146 1025 qui
3173 958 3362 1025 quovis
3396 959 3557 1013 modo

1989 1044 2304 1114 exposuerit
2349 1043 2476 1096 illud
2504 1065 2515 1098 ;
2545 1044 2728 1107 Orate,
2759 1054 2813 1095 ut
2848 1061 2948 1097 non
2998 1047 3197 1100 intretis
3232 1051 3285 1102 in
3315 1051 3561 1101 tentatio-

1991 1152 2125 1189 nem.
2170 1135 2225 1189 Si
2261 1135 2406 1187 enim
2447 1134 2500 1185 in
2544 1122 2897 1186 tentationem
2943 1135 3179 1189 incidere
3213 1137 3408 1190 malum
3452 1148 3556 1203 est,

1992 1226 2132 1294 quod
2189 1225 2341 1280 nobis
2398 1241 2465 1277 ne
2518 1223 2794 1291 contingat
2828 1238 3080 1289 oramus,
3132 1230 3400 1294 quomodo
3452 1245 3555 1281 non

1992 1315 2283 1368 absurdum
2316 1324 2398 1367 est
2442 1322 2635 1380 putare
2666 1312 2861 1365 bonum
2905 1315 3070 1367 Deum
3106 1316 3197 1384 qui
3222 1317 3387 1370 malos
3416 1318 3560 1372 ferre

1994 1405 2203 1458 fructus
2234 1419 2338 1457 non
2366 1414 2489 1471 pote
2526 1413 2566 1470 ι,
2600 1404 2753 1456 malis
2782 1403 3015 1469 aliquem
3040 1404 3307 1470 olijicere?
3334 1406 3411 1458 Ad
3446 1409 3560 1460 lucc

1996 1498 2154 1564 igitur
2184 1495 2313 1550 utile
2347 1496 2446 1549 erit
2474 1513 2744 1566 apponere
2773 1511 2891 1564 qua:
2921 1496 2974 1549 in
3009 1496 3243 1563 Epistula
3280 1498 3339 1549 ad
3363 1498 3560 1551 Bonna-

1993 1602 2092 1640 nos
2124 1602 2153 1639 a
2195 1586 2361 1640 Paulo
2403 1589 2544 1640 dicta
2587 1597 2712 1641 sunt
2740 1588 2789 1640 in
2842 1589 2983 1640 hunc
3026 1587 3241 1639 modum
3275 1604 3287 1639 :
3322 1586 3556 1641 Dicentes

1991 1695 2043 1732 se
2084 1694 2195 1732 esse
2238 1682 2516 1748 sapientes,
2570 1681 2719 1734 stulti
2755 1681 2881 1748 facti
2941 1691 3084 1742 sunt,
3132 1691 3177 1733 et
3223 1688 3555 1733 mutaverunt

296 1766 630 1835 πειρασμὸν,
665 1768 823 1819 οἱονεὶ
859 1767 937 1837 τῷ
969 1768 1221 1821 νικᾶσθαι
1252 1770 1411 1822 αὐτὸν
1445 1771 1770 1842 παραδόντα.
1819 1774 1876 1824 Ἠ

1986 1771 2211 1839 gloriam
2260 1773 2672 1839 incorruptibilis
2730 1773 2823 1824 Dei
2875 1773 2929 1824 in
2977 1771 3373 1824 similitudinem
3420 1772 3556 1823 ima-

294 1852 341 1905 δ’
376 1854 522 1925 αὐτὴ
552 1856 868 1925 ἀπέμφασις
892 1859 1176 1928 περιμένει
1208 1860 1300 1913 καὶ
1326 1862 1416 1915 τὸν
1436 1862 1582 1924 ὅπως
1604 1862 1734 1916 ποτὲ
1759 1862 1882 1933 ἐξηυ

295 1943 395 2011 γού
405 1961 571 2014 μενον
591 1946 650 1998 τό
669 1965 681 1975 ·
707 1948 976 2015 Εὔχεσθε
992 1949 1078 2017 μὴ
1099 1951 1397 2005 εἰσελθεῖν
1418 1953 1506 2018 εἰς
1527 1954 1877 2022 πειρασμόν.

295 2035 359 2088 Εἰ
386 2036 498 2107 γὰρ
523 2039 690 2090 κακὸν
712 2039 770 2090 τὸ
798 2041 1059 2109 ἐμπεσεῖν
1085 2045 1165 2106 εἰς
1185 2044 1507 2114 πειρασμὸν,
1536 2046 1671 2117 ὅπερ
1692 2046 1777 2098 ἴνα
1807 2040 1880 2116 μὴ

296 2127 564 2200 πάθωμεν
592 2132 881 2201 εὐχόμεθα,
910 2133 1026 2197 πῶς
1050 2135 1150 2188 οὐκ
1177 2136 1375 2191 ἄτοπον
1396 2140 1536 2190 νοεῖν
1559 2137 1650 2189 τὸν
1678 2138 1880 2206 ἀγαθὸν

294 2216 455 2286 Θεὸν,
484 2222 558 2291 μὴ
585 2222 877 2292 δυνάμενον
910 2227 1154 2295 καρποὺς
1188 2226 1373 2298 φέρειν
1404 2229 1691 2299 πονηροὺς,
1722 2245 1879 2299 περι-

296 2309 518 2366 ϐάλλειν
548 2313 671 2366 τινὰ
700 2319 811 2377 τοῖς
858 2319 1081 2381 κακοῖς;
1117 2319 1400 2388 Χρήσιμον
1446 2315 1538 2374 οὖν
1585 2321 1664 2383 εἰς
1705 2320 1881 2375 ταῦτα

295 2402 641 2471 παραθέσθαι
674 2405 741 2457 τὰ
767 2408 823 2458 ὲν
853 2410 919 2476 τῇ
956 2406 1092 2477 πρὸς
1137 2408 1437 2478 Ῥωμαίους
1470 2411 1575 2462 ὐπὸ
1612 2411 1705 2463 τοῦ
1734 2411 1882 2463 Παύ-

292 2491 390 2545 λου
437 2494 707 2564 εἰρημένα
738 2495 923 2549 τοῦτον
956 2497 1046 2549 τὸν
1086 2498 1305 2568 τρόπον’
1350 2500 1693 2565 Φὰσκοντες
1726 2502 1880 2554 εἶναι

290 2580 485 2646 σοφοὶ
537 2581 986 2648 ἐμωράνθησαν,
1042 2586 1139 2637 καί
1184 2585 1462 2652 ἤλλαξαν
1513 2586 1629 2654 τὴν
1692 2588 1880 2653 δόξαν

296 2666 412 2720 τοῦ
446 2669 753 2736 ἀφθάρτου
792 2672 936 2725 Θεοῦ
963 2673 1033 2726 ἐν
1067 2673 1379 2743 ὁμοιώματι
1417 2677 1652 2742 εἰκόνος
1694 2683 1878 2747 500cm-

294 2753 405 2807 τοῦ
451 2755 788 2823 ἀνθρώπου,
836 2759 935 2811 καὶ
990 2761 1294 2824 πετεινῶν,
1343 2763 1440 2815 καὶ
1483 2767 1875 2833 τετραπόδων,

291 2846 396 2898 καὶ
417 2846 685 2914 ἑρπετῶν
699 2866 712 2879 ο
731 2848 817 2902 διὸ
841 2850 1180 2918 παρέδωκεν
1207 2855 1426 2920 αὐτοὺς
1451 2859 1485 2909 ὀ
1506 2857 1650 2923 Θεὸς
1664 2859 1732 2911 ἐν
1752 2861 1879 2926 ταῖς

290 2937 637 3006 ἐπιθυμίαις
670 2939 787 2991 τῶν
830 2941 1086 3008 καρδιῶν
1130 2943 1328 2996 αὐτῶν
1360 2948 1446 3010 εἰς
1482 2947 1873 3015 ἀκαθαρσίαν,

292 3029 402 3083 τοῦ
439 3028 816 3098 ἀτιμάζεσθαι
865 3032 938 3085 τὰ
991 3032 1231 3101 σώματα
1265 3036 1461 3089 αὐτῶν
1507 3038 1577 3091 ἐν
1617 3038 1869 3105 ἑαυτοῖς.
1902 3078 1944 3134 C

296 3120 408 3173 Kal.
454 3120 568 3191 μετ’
609 3121 793 3190 ὀλίγα·
844 3124 944 3177 Διὰ
992 3124 1166 3179 τοῦτο
1213 3127 1555 3195 παρέδωκεν
1596 3131 1816 3195 αὐτοὺς
1846 3133 1874 3183 ὁ

299 3211 446 3276 Θεὸς
478 3213 565 3275 εἰς
595 3210 753 3280 πάθη
787 3213 1047 3283 ἁτιμίας’
1082 3216 1143 3268 αἵ
1175 3233 1237 3269 τε
1275 3216 1397 3285 γὰρ
1419 3217 1649 3285 θήλειαι
1681 3219 1879 3273 αὐτῶν

294 3300 683 3367 μετήλλαξαν
730 3302 845 3371 τὴν
885 3305 1157 3372 φυσικὴν
1194 3307 1417 3376 χρῆσιν
1442 3313 1528 3376 εἰς
1568 3310 1682 3378 τὴν
1720 3311 1877 3379 παρὰ

296 3389 523 3456 φύσιν-⁸
565 3391 777 3458 ὁμοίως
819 3394 917 3445 καὶ
957 3398 1012 3447 οἰ
1046 3395 1300 3463 ἄρσενες
1333 3400 1588 3467 ἀφέντες
1624 3400 1739 3469 τὴν
1765 3420 1877 3470 φυ-

292 3482 484 3549 σικὴν
524 3482 740 3551 χρῆσιν
776 3483 886 3552 τῆς
928 3488 1171 3553 θηλείας
1206 3489 1641 3556 ἐξεκαύθησαν,
1684 3494 1777 3545 καὶ
1808 3493 1876 3546 τὰ

290 3570 437 3642 ἑξῆς.
468 3575 580 3626 Καὶ
609 3562 765 3626 πάλιν
805 3578 918 3644 μετ’
946 3577 1131 3645 ὀλίγαο
1168 3579 1277 3631 Καὶ
1319 3579 1513 3645 καθὼς
1539 3583 1651 3634 οὐκ
1688 3582 1875 3636 ἐδοκί-

287 3680 500 3731 μασαν
524 3665 631 3718 τὸν
677 3668 823 3721 Θεὸν
855 3670 1018 3737 ἔχειν
1049 3669 1116 3721 ἑν
1145 3668 1484 3737 ἐπιγνώσει,
1534 3671 1876 3739 παρέδωκεν

290 3758 516 3823 αὐτοὺς
540 3760 573 3810 o'
596 3759 740 3825 Θεὸς
763 3762 847 3825 εἰς
871 3760 1155 3828 ἀδόκιμον
1178 3760 1330 3813 νοῦν
1352 3761 1545 3815 ποιεῖν
1570 3762 1640 3815 τὰ
1658 3763 1743 3832 μὴ
1773 3782 1875 3817 κα-

290 3845 575 3913 θήκοντα.
614 3850 760 3919 Πλὴν
794 3850 966 3903 ταῦτα
993 3850 1166 3903 πάντα
1201 3853 1527 3920 προσεκτέον
1549 3855 1660 3917 τοῖς
1687 3854 1871 3906 διακό-

293 3956 490 3992 πτουσι
522 3940 619 4011 τὴν
641 3941 900 4010 Θεότητα,
937 3945 1028 3995 καὶ
1050 3942 1265 3997 λεκτέον
1300 3945 1436 4016 πρὸς
1463 3946 1657 4008 αὐτοὺς
1685 3947 1871 4018 ἓτερον

290 4033 609 4102 νομίζοντας
631 4030 768 4086 εἶναι
791 4036 880 4087 τὸν
902 4034 1103 4102 ἀγαθὸν
1124 4036 1346 4108 Πατέρα
1363 4038 1454 4090 τοῦ
1478 4038 1683 4107 Κυρίου
1712 4039 1869 4108 ἡμῶν

293 4123 444 4193 παρὰ
480 4124 571 4177 τὸν
606 4123 698 4176 τοῦ
731 4126 896 4196 νόμου
928 4124 1059 4177 Θεόν
1080 4142 1092 4153 ·
1128 4128 1176 4178 εἰ
1212 4129 1239 4179 ὁ
1270 4128 1470 4195 ἀγαθὸς
1504 4129 1634 4193 Θεὸς
1677 4131 1766 4182 τὸν
1796 4130 1869 4200 μὴ

287 4218 626 4287 τυγχάνοντα
676 4218 775 4287 τῆς
816 4219 978 4288 εὐχῆς
1021 4219 1229 4287 εἰσάγει
1284 4222 1361 4284 εἰς
1405 4224 1721 4294 πειρασμόνο
1776 4226 1869 4279 καὶ

290 4307 336 4357 εἰ
372 4308 399 4359 ὁ
436 4307 631 4379 Πατὴρ
671 4308 763 4360 τοῦ
807 4310 1009 4380 Κυρίου
1042 4309 1406 4381 παραδίδωσιν
1445 4312 1501 4364 ὲν
1530 4316 1647 4377 ταῖς
1682 4315 1868 4369 ἐπιθυ-

1981 1862 2116 1929 gims
2161 1863 2518 1929 corruptibilis
2553 1862 2782 1915 hominis
2829 1872 2876 1915 et
2920 1862 3191 1915 volucrum
3234 1870 3281 1914 et
3322 1863 3558 1929 quadra.

1977 1956 2168 2015 pedum
2219 1962 2265 2004 et
2314 1952 2671 2017 serpentium;
2718 1961 2932 2020 propter
2975 1952 3112 2021 quod
3168 1953 3390 2005 tradidit
3435 1953 3555 2006 illos

1985 2040 2122 2092 Deus
2158 2041 2211 2092 in
2249 2040 2511 2094 desideria
2555 2044 2729 2094 contis
2786 2058 2991 2107 eorum,
3032 2045 3085 2096 in
3129 2044 3555 2108 immunditiam;

1983 2142 2039 2185 ut
2064 2134 2395 2186 contumeliis
2419 2134 2645 2202 aﬂiciant
2690 2150 2910 2201 corpora
2938 2150 3034 2187 sua
3073 2134 3126 2187 in
3169 2135 3455 2200 semetipsis
3485 2134 3550 2188 ²⁸.

1982 2224 2048 2277 Et
2079 2222 2238 2291 paulo
2266 2234 2386 2292 post
2415 2240 2430 2278 :
2466 2222 2749 2290 Propterea
2783 2224 2999 2275 tradidit
3025 2222 3145 2276 illos
3173 2223 3315 2277 Deus
3355 2225 3406 2276 in
3430 2241 3554 2289 pas-

1979 2317 2151 2368 siones
2182 2313 2519 2383 ignominile;
2546 2330 2664 2365 nam
2696 2313 2918 2380 feminas,
2941 2329 3120 2366 eorum
3149 2313 3551 2366 immutaverunt

1980 2408 2282 2459 naturalem
2313 2422 2466 2458 usum
2495 2410 2548 2457 in
2579 2421 2698 2457 eum
2736 2420 2909 2469 usum,
2940 2405 3029 2473 qui
3068 2414 3140 2456 est
3177 2414 3358 2457 contra
3392 2416 3551 2457 natu-

1980 2514 2114 2551 ram.
2146 2496 2405 2551 Similiter
2435 2507 2609 2551 autem
2640 2507 2684 2550 et
2712 2496 2936 2548 masculi
2969 2494 3147 2547 relicto
3181 2494 3419 2547 naturali
3448 2511 3547 2547 usu

1979 2588 2185 2655 feminae
2234 2599 2544 2641 exarserunt
2586 2589 2651 2654 ιθ,
2694 2597 2748 2641 et
2800 2585 3029 2653 reliqua.
3081 2585 3145 2638 Et
3192 2586 3383 2639 iterum
3430 2595 3552 2654 post

1980 2692 2148 2747 pauca
2183 2695 2197 2730 :
2250 2677 2313 2729 Et
2354 2679 2489 2729 sicut
2529 2693 2631 2728 non
2670 2676 3013 2743 probaverunt
3061 2672 3226 2725 Deum
3267 2672 3455 2724 habere
3496 2673 3554 2726 in

1979 2768 2188 2826 notitia,
2220 2768 2437 2818 tradidit
2485 2767 2606 2819 illos
2640 2765 2778 2817 Deus
2815 2765 2868 2816 in
2906 2764 3181 2831 reprobum
3228 2778 3461 2826 sensum,
3493 2769 3551 2816 ut

1980 2858 2179 2923 faciant
2219 2874 2278 2910 ea
2322 2872 2440 2926 qute
2486 2872 2590 2909 non
2638 2856 2945 2908 conveniunt
2991 2855 3051 2906 ¹⁷.
3101 2852 3225 2908 limo
3269 2854 3336 2906 iis
3368 2854 3549 2906 omnia

1979 2947 2288 3002 adducenda
2317 2956 2441 3000 sunt
2479 2948 2570 3014 qui
2597 2944 2831 2999 divinam
2874 2952 3061 2997 secant
3093 2954 3366 3009 naturam,
3401 2957 3547 3011 qna:-

1980 3039 2316 3105 rendnmqne
2359 3038 2426 3091 ab
2475 3038 2555 3092 eis
2607 3037 2769 3090 alium
2822 3049 2942 3089 esse
2986 3035 3299 3104 putantibus
3345 3035 3548 3088 bonum

1983 3127 2197 3180 Domini
2242 3128 2412 3180 nostri
2456 3127 2668 3179 Patrem
2704 3143 2732 3179 a
2770 3125 2878 3179 Deo
2912 3126 3065 3195 legis,
3096 3141 3161 3178 an
3199 3124 3371 3179 bonus
3408 3124 3549 3177 Deus

1978 3234 2100 3273 eum
2145 3219 2235 3286 qui
2270 3218 2519 3271 oratione
2563 3217 2735 3287 petita
2782 3232 2887 3271 non
2921 3216 3293 3284 consequitur,
3327 3215 3549 3269 inducat

1979 3310 2029 3362 in
2064 3309 2455 3373 tentationem;
2502 3323 2572 3361 an
2609 3307 2768 3361 Pater
2817 3308 3027 3361 Domini
3066 3307 3242 3361 tradat
3287 3321 3404 3370 eos,
3453 3307 3547 3373 qui

1977 3397 2175 3466 aliquid
2200 3409 2356 3453 antea
2385 3408 2764 3468 peccaverunt,
2790 3398 2840 3449 in
2866 3398 3130 3452 desideria
3154 3396 3334 3452 cordis
3356 3410 3547 3450 eorum

1978 3490 2031 3545 in
2088 3492 2488 3545 immunditiam
2533 3500 2593 3545 ut
2636 3490 2981 3545 contumeliis
3026 3488 3264 3542 alliciant
3316 3502 3549 3556 corpora

1975 3598 2069 3635 sm
2116 3583 2167 3635 in
2210 3583 2548 3650 semetipsis;
2587 3598 2676 3645 an,
2717 3590 2774 3634 ut
2810 3581 2908 3649 ipsi
2953 3580 3160 3644 dicunt,
3185 3578 3387 3645 judicio
3420 3594 3549 3646 snp-

1975 3675 2241 3743 plicioque
2273 3675 2510 3738 omissis,
2536 3674 2713 3725 tradat
2743 3674 2793 3725 in
2838 3674 3118 3740 passiones
3155 3670 3465 3740 ignominiae
3489 3679 3546 3724 et

1977 3766 2028 3816 in
2075 3766 2365 3833 reprobum
2404 3778 2644 3825 sensum,
2680 3772 2740 3814 ut
2775 3763 2974 3816 faciant
3017 3778 3077 3815 ea
3110 3776 3230 3831 quae
3264 3777 3369 3815 non
3413 3776 3551 3815 con-

1977 3856 2229 3919 veniunt;
2262 3854 2417 3922 quasi
2470 3854 2521 3906 in
2558 3854 2845 3909 desideriis
2888 3855 3136 3910 cordium
3169 3868 3393 3907 suorum
3433 3869 3545 3907 non

1974 3954 2157 4001 essent
2191 3946 2291 3998 nisi
2344 3945 2479 4013 ipsis
2514 3961 2541 3997 a
2594 3945 2702 3999 Deo
2747 3947 2951 4009 traditi,
2990 3961 3164 4014 neque
3206 3947 3548 4015 passinnibus

1982 4036 2294 4103 ignominiae
2324 4036 2738 4089 succubuissent
2775 4036 2877 4089 nisi
2920 4038 3103 4091 traditi
3142 4054 3170 4091 a
3203 4037 3331 4101 Deo,
3369 4052 3546 4105 neque

1974 4128 2025 4179 in
2055 4142 2277 4180 sensum
2317 4126 2605 4193 reprobum
2644 4125 2959 4179 incidissent
2998 4126 3098 4179 nisi
3139 4126 3277 4179 Deus
3312 4124 3429 4178 illos
3460 4124 3542 4178 sic

1952 4219 2252 4271 damnatos
2298 4217 2345 4270 ei
2386 4218 2722 4270 tradidisset.
2772 4216 2868 4270 His
2902 4216 3021 4271 illos
3063 4217 3228 4286 probe
3270 4217 3392 4269 novi
3429 4224 3544 4268 tur—

1970 4311 2149 4363 batum
2176 4309 2238 4361 iri
2263 4308 2636 4361 vehementer.
2656 4307 2863 4361 Idcirco
2887 4307 3048 4360 alium
3075 4308 3348 4361 ﬁnxerunt
3372 4308 3541 4361 Deum
3568 4360 3573 4367 ,

295 4397 443 4464 μίαις
480 4398 589 4451 τῶν
615 4399 846 4469 καρδιῶν
872 4402 999 4463 τοὺς
1018 4403 1516 4473 προημαρτηκότας
1536 4423 1608 4468 τι,
1638 4408 1715 4469 εἰς
1738 4408 1865 4459 ἀκα-

1977 4408 2167 4470 ρταιιει
2208 4411 2510 4453 creatorem
2556 4400 2675 4455 coeli
2730 4409 2785 4454 et
2819 4409 2996 4466 terrae,
3051 4400 3175 4469 quia
3224 4415 3347 4453 cum
3396 4399 3544 4467 ejus-

290 4485 518 4561 θαρσίαν
554 4490 647 4543 τοῦ
684 4491 1043 4562 ἀτιμάζεσθαι
1078 4493 1147 4547 τὰ
1190 4493 1416 4563 σώματα
1450 4495 1627 4547 αὐτῶν
1663 4498 1721 4548 ὲν
1762 4496 1863 4549 αὐ-

288 4580 399 4643 τοῖς
420 4598 435 4612 .
472 4582 567 4634 καὶ
593 4584 660 4643 εξ,
687 4583 761 4645 ὼς
792 4584 942 4637 αὐτοί
966 4602 1119 4654 φασι,
1146 4584 1241 4638 τοῦ
1267 4585 1470 4658 κρίνειν
1494 4586 1589 4639 καὶ
1617 4587 1863 4650 κολάζειν

291 4666 721 4741 ἀπηλλαγμένος,
747 4673 1110 4743 παραδίδωσιν
1132 4677 1211 4739 είς
1243 4676 1387 4747 πάθη
1421 4676 1640 4746 ἀτιμίας
1668 4677 1760 4729 καὶ
1786 4679 1865 4740 εἰς

228 4819 240 4830 κ
292 4757 544 4831 ἀδόκιμον
568 4762 690 4816 νοῦν
714 4768 883 4817 ποιεῖν
903 4767 969 4819 τὰ
997 4766 1069 4837 μὴ
1095 4766 1400 4839 καθήκοντα
1418 4786 1429 4797 ·
1457 4769 1557 4821 οὐκ
1582 4768 1646 4821 ἂν
1670 4769 1727 4821 ὲν
1746 4772 1864 4831 ταῖς

238 4845 246 4861 ⁷
295 4849 605 4921 ἐπιθυμίαις
646 4855 753 4907 τῶν
797 4857 1031 4928 καρδιῶν
1090 4858 1296 4911 ἑαυτῶν
1340 4860 1717 4930 γεγενημένων
1755 4859 1861 4911 τῶν

213 4983 229 4998 .
299 4939 372 5010 μὴ
402 4944 805 5012 παραδοθέντων
837 4949 1028 5011 αὐταῖς
1061 4949 1167 5003 ὐπὸ
1196 4950 1286 5003 τοῦ
1318 4949 1480 5002 Θεοῦ·
1514 4950 1621 5004 οὐδ’
1651 4950 1717 5004 ἂν
1756 4951 1859 5004 πά-

296 5027 439 5085 θεσιν
472 5036 690 5104 ἀτιμίας
717 5039 1187 5096 ὑποπεπτωκότων
1216 5044 1323 5097 τῶν
1357 5046 1428 5116 μὴ
1464 5047 1568 5099 ὐπὸ
1597 5046 1690 5099 τοῦ
1721 5044 1856 5099 Θεοῦ

295 5124 701 5193 παραδοθέντων
727 5131 906 5195 αὐτοῖς
925 5149 937 5162 ·
971 5133 1077 5186 οὐδ’
1112 5134 1178 5187 ἂν
1211 5137 1290 5197 εἰς
1314 5136 1568 5207 ἀδόκιμον
1605 5137 1727 5190 νοῦν
1757 5155 1857 5190 κα·-

292 5215 668 5271 ταπιπτόντων
699 5222 867 5291 χωρὶς
893 5222 984 5275 τοῦ
1010 5226 1395 5295 παραδίδοσθαι
1420 5228 1568 5300 αὐτῷ
1592 5228 1698 5281 ὑπὸ
1721 5228 1856 5281 Θεοῦ

292 5301 412 5387 τοὺς
449 5304 590 5359 οὕτω
635 5311 1141 5377 καταδικασθέντας.
1203 5315 1470 5380 Ἐκείνους
1523 5316 1621 5387 μὲν
1660 5313 1752 5370 οὖν
1798 5313 1857 5373 εὖ

291 5384 422 5459 οἶδα,
449 5396 530 5449 ὅτι
556 5398 758 5470 σφόδρα
782 5403 1005 5474 ταράξει
1032 5404 1221 5461 ταῦτα.
1245 5406 1344 5458 Διὰ
1368 5407 1523 5460 τοῦτο
1543 5406 1700 5460 ἄλλον
1728 5409 1857 5461 ἀνα-

295 5479 590 5548 πλάσαντες
626 5489 775 5554 παρὰ
802 5490 892 5543 τὸν
921 5492 1147 5564 ποιητὴν
1172 5493 1399 5563 οὐρανοῦ
1434 5494 1527 5547 καὶ
1551 5494 1653 5562 γῆς
1701 5494 1853 5555 Θεὸν,

363 5572 403 5605 ³⁵
429 5574 582 5631 Rom.
613 5595 662 5643 ι,
696 5581 767 5632 ‘22
788 5620 802 5643 ,
848 5581 939 5642 25,
981 5583 1072 5636 2-4.
1150 5584 1192 5614 ¹⁶
1220 5584 1375 5648 lbitl.,
1406 5584 1496 5647 26,
1518 5586 1609 5640 27.

1688 5585 1726 5616 ¹⁷
1767 5584 1925 5648 "illi...

1972 4494 2116 4548 modi
2153 4493 2310 4563 261
2355 4493 2523 4546 multa
2564 4493 2614 4545 in
2658 4493 2773 4561 lege
2806 4507 2868 4547 ac
2898 4491 3177 4561 prophetis
3211 4491 3537 4558 invenirent,

1966 4584 2021 4637 in
2081 4585 2182 4638 hoc
2230 4587 2572 4655 impegerunt
2619 4591 2675 4637 ut
2725 4586 2925 4638 bunum
2978 4599 3083 4638 non
3137 4593 3392 4653 putarent
3443 4584 3533 4653 qui

1930 4696 1935 4703 ν
1966 4693 2127 4732 voces
2158 4676 2423 4745 ejusmodi
2460 4677 2795 4745 protulisset.
2830 4676 2996 4731 Nobis
3029 4691 3156 4729 vero
3187 4686 3409 4744 propter
3438 4677 3537 4730 du-

1968 4767 2054 4819 bia
2087 4782 2206 4835 quae
2239 4769 2508 4821 movimus
2542 4768 2609 4821 de
2634 4768 2717 4822 bis
2752 4767 2930 4821 verbis
2960 4784 2971 4819 :
3000 4763 3083 4819 Ne
3110 4783 3201 4818 nos
3233 4767 3453 4819 inducas
3481 4769 3533 4820 in

1968 4859 2324 4923 tentutionem,
2349 4860 2418 4912 ob
2443 4874 2561 4927 quae
2583 4863 2744 4913 etiam
2769 4858 3009 4927 Apostoli
3036 4872 3196 4912 voces
3220 4859 3271 4910 in
3297 4859 3532 4913 medium

1966 4949 2310 5013 adduximus,
2346 4952 2795 5006 considerandmn
2842 4961 2926 5003 est
2960 4965 3024 5002 an
3067 4950 3407 5003 inveniamus
3452 4950 3533 5002 di-

1964 5052 2098 5107 gnas
2150 5055 2338 5091 eorum
2385 5056 2505 5108 qua:
2557 5058 2858 5112 repugnare
2906 5045 3156 5096 videntur
3210 5042 3530 5097 solutiones.

1961 5128 2214 5183 Arbitror
2260 5129 2423 5184 Deum
2460 5133 2700 5201 singulas
2735 5135 3029 5189 rationales
3064 5136 3276 5188 animas
3311 5135 3380 5186 ita
3423 5134 3533 5185 dis-

1961 5232 2216 5285 pensare,
2244 5230 2298 5272 ut
2327 5220 2388 5273 ad
2422 5223 2806 5291 sempiternam
2836 5240 3021 5276 earum
3053 5225 3218 5276 vitam
3246 5220 3526 5287 respiciat;

1962 5306 2159 5361 habent
2214 5308 2357 5360 enim
2411 5308 2515 5362 illa:
2564 5325 2776 5380 semper
2828 5312 3054 5367 liberum
3106 5309 3413 5371 arbitrium,
3474 5318 3530 5357 et

1958 5410 2146 5469 sponte
2169 5400 2250 5455 vel
2280 5401 2330 5453 in
2356 5401 2667 5457 melioribus
2692 5417 2817 5459 sunt
2840 5417 2894 5458 et
2920 5404 3223 5459 ascendunt
3250 5411 3528 5465 usquequo

1959 5494 2024 5545 ad
2066 5493 2330 5547 bonorum
2365 5495 2573 5563 apicem
2616 5498 2985 5565 pervenerint,
3028 5495 3110 5547 vel
3144 5492 3212 5547 ob
3251 5487 3526 5557 negligen—

1969 5584 2060 5641 28.

361 5665 491 5740 (93‘)
527 5669 710 5727 Μίλητε
740 5675 1026 5729 sententia.
1069 5675 1378 5741 Legendum
1412 5696 1424 5729 :
1458 5678 1722 5745 Ελῦχεσθε
1754 5678 1839 5747 μὴ
1868 5697 1876 5731 l

1977 5679 2181 5745 ςλθεῖν,
2209 5690 2264 5735 ut
2297 5677 2436 5735 infra
2478 5677 2763 5749 repetitur.
2800 5675 2956 5731 Eon.
2988 5674 3227 5729 ΡΑτιιοι.
