3974 6160
483 263 590 318 55$

1944 257 2267 316 ORIGENIS
3628 275 3716 334 540

500 382 635 433 tiam
667 379 838 434 variis
870 380 1202 434 descendunt
1233 377 1405 433 modis
1435 377 1484 430 in
1518 379 1832 432 tantumvel
1859 389 2046 433 tantun

2175 380 2295 431 ἐπεὶ
2325 377 2492 431 πολλὰ
2518 378 2738 432 τοιαῦτα
2769 379 3111 445 εὑρίσκοντες
3143 382 3202 435 ὲν
3236 381 3314 454 τῷ
3337 385 3483 455 νόμῳ
3515 390 3601 440 καὶ
3620 393 3716 455 τοῖς

495 472 766 524 ntalorum
801 472 1093 526 cumulum.
1116 473 1184 524 At
1207 470 1462 538 quoniam
1483 469 1714 523 celerior
1733 481 1786 524 et
1810 486 2065 540 compen-

494 561 702 614 diosior
724 562 932 615 curatio
963 570 1332 629 contemptum
1378 560 1699 628 quibusdam
1737 577 1959 614 suorum
1984 563 2064 615 in-

491 659 713 720 generat
735 651 1065 713 morborum,
1089 659 1147 702 ut
1177 659 1366 702 curatu
1398 650 1655 711 facilium.
1683 667 1788 719 quo
1809 653 1866 705 ﬁt
1894 662 1948 707 ut
1977 667 2065 705 sa-

491 741 604 793 nati
638 741 829 794 iterum
865 741 917 794 in
951 742 1170 795 eosdem
1203 741 1472 806 incidant;
1508 757 1613 795 non
1640 759 1667 794 a
1698 745 1905 798 ratimie
1927 746 2060 799 alie-

492 844 618 884 num
638 832 802 886 eritsi
825 831 1084 885 malitiam
1118 831 1168 885 in
1197 832 1312 885 istis
1332 837 1628 902 neglexerit
1651 845 2062 906 ctcontempse-

460 925 558 977 -I'it
591 939 839 979 crescere
869 934 923 979 et
958 927 1030 978 ita
1064 924 1289 978 diﬁundi
1337 936 1394 978 ut
1437 927 1756 982 insanabilis
1804 930 1926 993 ﬁat,
1956 946 2062 1000 quo

488 1014 691 1068 diutius
743 1015 1013 1070 immorati
1064 1017 1243 1082 malo,
1293 1027 1346 1070 et
1391 1028 1611 1085 peccato
1655 1020 1944 1089 concupito
1993 1023 2060 1076 ad

488 1121 750 1159 nauseam
789 1123 959 1176 usque
992 1109 1180 1162 satiati
1216 1111 1472 1163 damnum
1511 1110 1724 1165 tandem
1748 1125 1903 1165 suum
1932 1126 2058 1167 scn-

488 1194 622 1246 tiant
659 1237 674 1257 ,
730 1198 984 1263 quodque
1031 1197 1184 1264 prius
1226 1198 1455 1266 amplexi
1515 1209 1644 1253 sunt
1693 1201 1942 1265 oderint.
1995 1219 2060 1259 ac

488 1284 662 1336 curati
710 1285 923 1350 possint
965 1286 1227 1338 redditam
1276 1287 1577 1340 animarum
1631 1290 1919 1344 sanitatem
1968 1291 2060 1345 ﬁr—

489 1374 632 1427 mius
687 1375 948 1428 retinere.
999 1374 1092 1429 Sic
1134 1378 1494 1442 promiscuus,
1548 1379 1635 1448 qui
1683 1391 1795 1432 erat
1837 1383 1891 1434 in
1930 1382 2058 1449 ﬁliis

484 1463 683 1526 Israel,
710 1466 1002 1531 concupivit
1049 1468 1556 1534 concupiscentiam;
1592 1480 1640 1522 et
1687 1472 1920 1526 sedentes
1956 1475 2056 1541 ﬂe-

487 1556 638 1620 bant,
683 1565 731 1608 et
758 1555 857 1623 ﬁlii
898 1555 1090 1621 Israel,
1135 1568 1184 1612 et
1220 1560 1460 1612 dicebant
1501 1575 1519 1613 :
1556 1560 1685 1624 Quis
1727 1578 1819 1616 nos
1866 1563 2055 1618 cibabit

486 1647 770 1700 carnibus?
807 1647 1091 1703 Recordati
1133 1666 1314 1702 sumus
1350 1652 1590 1717 piscium,
1620 1671 1748 1721 quos
1779 1657 2055 1711 edebamus

484 1737 540 1788 in
572 1735 803 1806 JEgypto
843 1743 1029 1809 gratis,
1077 1753 1126 1794 et
1177 1758 1533 1808 curumet'um,
1581 1755 1628 1798 et
1682 1763 1962 1815 peponum,
2010 1761 2056 1802 et

482 1843 786 1897 porrorum,
833 1843 880 1884 et
926 1850 1190 1902 ceparum,
1243 1844 1293 1888 et
1348 1837 1620 1891 alliorum.
1676 1837 1836 1893 Nunc
1883 1849 2057 1893 autem

482 1919 661 1972 anima
701 1929 885 1975 nostra
933 1926 1104 1978 arida.
1160 1927 1310 1980 Nihil
1360 1940 1555 1994 praeter
1628 1947 1828 1984 manna
1883 1933 2056 1986 vident

481 2009 621 2062 oculi
661 2014 829 2066 nostri
854 2013 918 2070 “.
951 2015 1160 2071 Deinde
1190 2019 1352 2086 paulo
1377 2029 1496 2088 post
1517 2019 1734 2076 dicitur:
1760 2019 1830 2076 Et
1853 2025 2056 2078 audivit

483 2100 692 2170 Moyses
721 2104 988 2172 plorantes
1015 2109 1132 2163 illos
1159 2112 1443 2162 secundum
1469 2113 1687 2177 populos
1712 2131 1873 2180 suos;
1902 2133 2056 2169 unus-

478 2195 698 2264 quisque
741 2206 854 2249 erat
905 2196 974 2249 ad
1017 2201 1206 2252 ostium
1266 2218 1420 2254 suum
1469 2205 1534 2256 ¹⁹.
1587 2204 1893 2275 Iterumque
1936 2219 2058 2276 post

477 2300 648 2352 pauca
679 2287 808 2340 dicit
842 2289 1100 2343 Dominus
1132 2293 1197 2342 ad
1235 2291 1452 2362 Moysen
1486 2310 1500 2346 :
1537 2296 1600 2348 Et
1626 2301 1820 2364 popqu
1861 2301 2000 2354 dices
2034 2319 2052 2355 :

479 2371 853 2438 Puri/immitti
884 2380 935 2430 in
965 2383 1276 2444 crastinum,
1305 2394 1351 2435 et
1378 2385 1653 2438 comedetis
1677 2403 1898 2451 carnes;
1926 2407 2054 2457 quo-

476 2463 617 2515 niam
668 2464 910 2534 plorastis
957 2480 1077 2522 ante
1127 2471 1433 2539 Dominum,
1479 2477 1728 2539 dicrntes,
1780 2477 1910 2543 Quis
1959 2497 2053 2534 nos

476 2551 666 2606 ri'Pabit
700 2557 993 2611 carnibus?
1023 2563 1145 2628 quia
1191 2564 1378 2615 bonum
1424 2578 1497 2619 est
1528 2568 1675 2621 nobis
1706 2571 1758 2621 in
1786 2570 2042 2640 .Egypto.

475 2638 544 2694 Et
578 2644 721 2697 dabit
750 2649 893 2702 vobis
918 2666 1102 2705 carnes
1135 2655 1203 2705 ad
1230 2657 1523 2722 edendum;
1550 2670 1596 2712 et
1637 2662 1799 2714 edetis
1829 2679 2051 2730 carnes;

475 2749 581 2786 non
625 2735 765 2790 diem
798 2755 956 2792 unum
993 2744 1176 2808 edetis,
1230 2763 1390 2817 neque
1434 2751 1585 2813 duos,
1632 2769 1795 2821 neque
1825 2756 2051 2824 quinque

472 2821 603 2886 dies,
654 2843 816 2896 neque
859 2832 1034 2884 decem
1075 2835 1211 2897 dies,
1258 2852 1423 2907 neque
1469 2842 1656 2909 viginti
1694 2821 1844 2907 dies:
1889 2821 2052 2913 usque

471 2911 541 2962 ad
593 2930 814 2970 mensem
860 2921 1066 2972 dierum
1110 2925 1308 2988 edetis;
1361 2929 1525 2981 donec
1573 2943 1722 2983 ea'eat
1770 2948 1797 2985 e
1834 2933 2049 2986 naribus

472 3005 692 3070 vestris;
719 3017 764 3059 et
789 3010 887 3062 erit
915 3013 1056 3066 vobis
1089 3017 1141 3067 in
1173 3017 1472 3084 choleram;
1495 3022 1744 3088 quoniam
1775 3023 2042 3076 increduli
2069 3034 2110 3090 c
2145 3042 2240 3094 καὶ
2274 3005 2345 3094 τά
2378 3008 2602 3110 πράσα,

477 3092 504 3110 ρ
541 3095 551 3106 .
589 3096 622 3110 ,.
709 3097 741 3110 ..
839 3102 848 3110 .
1061 3106 1071 3110 _
1247 3109 1251 3110 ,

471 3092 648 3162 fuistis
700 3097 940 3166 Domino,
981 3106 1071 3163 qui
1113 3119 1186 3159 est
1239 3109 1290 3160 in
1335 3111 1515 3175 vobis;
1557 3122 1603 3165 et
1647 3112 1892 3180 plorastis
1925 3125 2044 3169 ante

469 3202 611 3251 eum,
641 3189 871 3245 dicentes
894 3209 914 3246 ,ο
945 3193 1126 3258 Quare
1154 3201 1350 3266 egressi
1382 3217 1561 3253 sumus
1603 3203 1666 3255 de
1699 3202 1933 3272 zEgypto
1965 3205 2045 3257 ὀἳ

471 3273 621 3332 Hanc
667 3279 830 3348 igitur
878 3283 1160 3340 historiam
1199 3290 1479 3344 videamus
1519 3305 1588 3344 an
1636 3293 1843 3347 utiliter
1889 3296 2046 3350 vobis

470 3368 864 3428 adduxerimus
898 3375 964 3428 ad
1006 3391 1191 3431 eorum
1227 3380 1551 3435 solutionem
1585 3399 1706 3452 qttte
1746 3400 2044 3454 repugnare

468 3459 722 3516 videntur
758 3464 808 3516 in
840 3465 940 3520 ltoc
970 3484 984 3520 :
1021 3467 1105 3522 Ne
1139 3487 1232 3524 nos
1261 3472 1482 3527 inducas
1511 3476 1565 3528 in
1603 3477 1963 3544 tentaticnem,
1989 3489 2045 3534 et

469 3547 524 3601 in
561 3551 743 3606 verbis
777 3553 937 3625 262
983 3557 1253 3624 Apostoli.
1302 3561 1707 3631 Concupisccns
1753 3570 2042 3638 concupis-

473 3641 708 3696 centiam
744 3649 1083 3712 promiscuus
1115 3651 1206 3718 qui
1241 3661 1359 3705 erat
1388 3653 1441 3707 in
1473 3654 1595 3710 ﬁliis
1630 3654 1792 3712 Israel
1822 3658 2040 3726 ﬁebant,

465 3740 522 3782 ct
577 3731 671 3784 ﬁlii
726 3733 890 3789 lsracl
945 3753 1067 3791 cum
1121 3743 1220 3794 eis.
1269 3741 1617 3812 Perspicuum
1671 3760 1754 3802 est
1803 3753 2039 3818 quandiu

477 3820 784 3888 concupitis
814 3825 1096 3892 carebant,
1126 3845 1230 3882 non
1269 3833 1507 3896 potuisse
1539 3850 1726 3890 eorum
1767 3837 2038 3895 fastidium

468 3924 688 3977 capere.
721 3928 818 3965 nec
848 3931 875 3965 a
926 3919 1113 3971 morbo
1143 3921 1393 3987 liberari;
1438 3926 1533 3979 sed
1573 3932 1745 3982 bonus
1780 3947 1844 3984 ac
1887 3934 2041 3986 beni-

466 4016 604 4068 gnus
639 4003 777 4057 Deus
811 4004 942 4072 ipsis
991 4008 1291 4064 desiderata
1329 4019 1653 4082 concedens,
1690 4037 1794 4072 nun
1833 4023 1901 4076 ita
1935 4025 2043 4077 lar-

463 4091 566 4162 giri
599 4092 764 4148 voluit
790 4109 848 4149 ut
877 4098 1202 4153 desiderium
1235 4103 1284 4155 in
1317 4104 1446 4172 ipsis
1476 4107 1831 4175 relinqueret.
1861 4115 2040 4179 Quare

463 4199 567 4236 non
628 4201 735 4238 uno
785 4188 870 4242 die
910 4188 989 4242 ait
1033 4202 1371 4247 comesturos
1419 4210 1512 4250 eos
1555 4213 1778 4266 carnes;
1820 4203 2039 4258 morbus

460 4276 605 4331 enim
649 4278 702 4332 in
747 4295 935 4334 eorum
982 4283 1164 4337 anima
1209 4283 1431 4341 incensa
1472 4296 1526 4343 et
1572 4289 1902 4347 inﬂammata
1953 4309 2038 4350 re-

2169 471 2496 540 προφήταις,
2537 470 2882 540 προσέκοψαν
2913 471 2989 534 ὡς
3027 473 3124 526 οὐκ
3168 473 3360 543 ἁγαθῷ
3391 474 3466 544 τῷ
3490 477 3714 543 τοιαύτας

2166 557 2564 627 προφερομένῳ
2606 558 2808 625 φωνάς·
2843 561 2972 628 ἡμῖν
3011 559 3067 612 δὲ
3103 561 3201 630 ἤδη
3229 561 3318 615 διὰ
3353 563 3420 616 τὰ
3462 567 3713 638 ἐπαπορη-

2165 645 2324 700 θέντα
2381 648 2508 718 περὶ
2560 647 2685 700 τοῦ*
2726 647 2822 716 Μὴ
2867 649 3215 720 εἰσενέγκῃς
3267 655 3356 718 εἰς
3409 661 3713 727 πειρασμὸν

2165 737 2323 806 ’ἡμᾶς
2345 755 2358 768 ·
2396 738 2461 790 δι’
2486 737 2629 809 ἅπερ
2661 740 2755 792 καὶ
2788 740 2888 804 τὰς
2917 743 3280 807 ἀποστολικὰς
3307 743 3478 808 λέξεις
3505 750 3712 819 παρεθέέ

2162 828 2326 898 μεθα,
2356 827 2679 900 θεωρητέον,
2710 832 2758 882 εἰ
2785 833 2876 884 καὶ
2901 835 3060 903 ἡμεῖς
3085 835 3410 904 εὑρίσκομεν
3433 835 3710 908 ἀξιολόγους

2163 917 2270 970 τῶν
2310 919 2678 988 ἀπεμφάσεων
2717 921 2916 986 λύσεις.
2961 923 3227 995 Ἠγοῦμαι
3251 925 3317 995 δὴ
3345 925 3454 998 (94)
3484 930 3569 981 τὸν
3598 930 3711 984 Θεὸν

2162 1009 2399 1080 ἑκάστην
2425 1010 2646 1082 λογικὴν
2671 1014 2968 1083 οἰκονομεῖν
2995 1015 3190 1086 ψυχὴν,
3217 1019 3507 1088 ἀφορῶντα
3532 1022 3604 1084 εἰς
3626 1022 3709 1092 τὴν
3775 1053 3778 1055 λ

2162 1102 2330 1154 ἀΐδιον
2365 1102 2536 1172 αὐτῆς
2564 1101 2730 1174 ζωὴν,
2760 1104 2848 1156 ἀεὶ
2885 1103 3111 1175 ἔχουσαν
3148 1107 3208 1160 τὸ
3240 1108 3600 1172 αὐτεξούσιον,
3631 1112 3711 1164 καὶ

2161 1201 2311 1272 παρὰ
2349 1203 2448 1274 τὴν
2481 1203 2614 1255 ἰδίαν
2633 1204 2811 1257 αἰτίαν
2832 1206 2948 1275 ἦτοι
2971 1207 3027 1258 ὲν
3056 1211 3167 1272 τοῖς
3191 1211 3467 1280 κρείττοσι
3489 1214 3600 1265 κατ’
3626 1214 3708 1265 ir.-

2161 1293 2422 1347 ανάϐασιν
2449 1294 2558 1364 (95)
2591 1295 2693 1358 ἕως
2717 1297 2816 1365 τῆς
2841 1298 3140 1370 ἀκρότητος
3157 1300 3265 1352 τῶν
3285 1301 3500 1368 ἀγαθῶν
3515 1306 3710 1372 γινομέ-

2159 1401 2277 1454 νην,
2308 1385 2738 1439 καταϐαίνουσαν
2768 1389 3039 1460 διαφόρως
3070 1390 3129 1454 ἐξ
3153 1393 3480 1461 ἁπροσεξίας
3513 1395 3599 1446 ἐπὶ
3629 1395 3708 1465 τὴν

2157 1477 2432 1548 τοσήνδεῆ
2465 1478 2686 1548 τοσήνδε
2711 1480 2808 1550 τῆς
2840 1481 3036 1546 κακίας
3061 1482 3216 1552 χύσιν
3237 1484 3369 1555 (96).
3405 1487 3550 1538 Ἐπεὶ
3579 1483 3661 1539 οὖν
3679 1490 3725 1556 ἡ.

2158 1571 2348 1638 ταχεῖα
2369 1569 2629 1640 θεραπεία
2649 1571 2742 1623 καὶ
2765 1573 3145 1643 συντομωτέρα
3167 1576 3568 1647 καταφρόνησίν
3589 1594 3709 1630 τισιν

2159 1660 2378 1728 ἐμποιεῖ
2407 1659 2516 1712 τῶν
2551 1662 2631 1722 εἰς
2661 1660 2696 1713 ἃ
2726 1662 3119 1730 ὲμπεπτώκασι
3148 1667 3492 1735 νοσημάτων,
3526 1667 3596 1729 ὠς
3634 1669 3709 1720 εύ-

2163 1748 2536 1820 θεραπεύτων,
2569 1751 2710 1804 ὥστε
2744 1753 2837 1804 καὶ
2864 1753 3113 1822 δεύτερον
3135 1755 3200 1806 ἂν
3231 1758 3372 1825 μετὰ
3400 1758 3459 1809 τὸ
3480 1757 3706 1825 ὑγιᾶσθαι

2157 1842 2271 1901 τοῖς
2303 1840 2485 1902 αὐτοῖς
2530 1842 2879 1910 περιπεσεῖν
2919 1840 3155 1908 εὐλόγως
3199 1842 3292 1894 ἐπὶ
3327 1843 3434 1896 τῶν
3479 1843 3708 1897 τοιούτων

2159 1929 2480 1999 περιόψεται
2503 1930 2601 2000 τὴν
2622 1930 2712 1983 ὲπί
2732 1949 2784 1984 τι
2807 1931 3003 1984 κακίαν
3029 1931 3322 1996 αὔξουσαν,
3350 1935 3444 1986 καὶ
3468 1935 3554 1986 ἐπὶ
3581 1934 3707 1986 πλεῖ-

2160 2037 2282 2073 στον
2314 2019 2577 2092 χεομένην
2623 2023 2680 2074 ἐν
2721 2022 2901 2085 αὐτοῖς
2932 2024 3147 2076 ἀνίατον
3185 2025 3287 2077 ύπε
3301 2025 3491 2094 ρορῶν,
3534 2026 3613 2078 ἵνα
3639 2023 3706 2094 τῷ

2157 2113 2578 2182 προσδιατρίψαι
2605 2113 2680 2184 τῷ
2714 2113 2888 2184 κακῷ,
2922 2115 3016 2166 καὶ
3048 2115 3427 2186 ἐμφορηθῆναι
3454 2111 3519 2184 ἦς
3542 2113 3704 2168 ἐπιθυ-

2160 2215 2348 2284 μοῦσιν
2366 2216 2656 2288 ἁμαρτίας,
2681 2218 3031 2288 κορεσθέντες
3056 2217 3359 2289 αἰσθηθῶσι
3376 2221 3471 2289 τῆς
3504 2217 3699 2287 βλάϐης,

2157 2308 2248 2358 καὶ
2278 2308 2602 2376 μισήσαντες
2629 2310 2764 2379 ὅπερ
2792 2310 3054 2380 πρότερον
3082 2310 3428 2376 ἀπεδέξαντο,
3463 2308 3701 2378 δυνηθῶσι

2155 2398 2578 2469 θεραπευθέντες
2597 2399 2935 2471 βεϐαιότερον
2949 2401 3170 2454 ὄνασθαι
3185 2403 3287 2472 τῆς
3302 2405 3356 2454 ὲν
3373 2400 3450 2471 τῷ
3465 2400 3702 2472 θεραπευ-

2154 2488 2310 2560 θῆναι
2337 2492 2686 2562 ὑπαρχούσης
2723 2493 2908 2560 ὑγείας
2933 2493 3039 2546 τῶν
3060 2493 3249 2564 ψυχῶν
3283 2496 3464 2557 αὐτοῖς
3481 2511 3494 2524 ⁸
3535 2487 3646 2546 Οἷον
3664 2488 3693 2540 ό

2152 2578 2459 2646 ἐπίμικτός
2489 2597 2632 2633 ποτε
2662 2582 2732 2632 ἐν
2764 2581 2885 2646 τοῖς
2908 2583 3060 2648 υἱοῖς
3086 2584 3193 2653 (97)
3242 2583 3487 2651 Ἰσραὴλ
3517 2578 3700 2634 ἐπεθύ-

2147 2679 2347 2738 μησεν
2383 2671 2720 2740 ἐπιθυμίαν,
2735 2673 2828 2726 καὶ
2853 2675 3210 2740 καθίσαντες
3244 2675 3507 2736 ἔκλαιον,
3539 2671 3625 2723 καὶ
3651 2670 3698 2723 οἰ

2151 2757 2269 2810 υἱοὶ
2308 2759 2575 2827 Ἰσραὴλ,
2609 2760 2707 2814 καὶ
2738 2759 2941 2815 εἶπανσ
2991 2765 3086 2830 Τίς
3120 2764 3281 2834 ἡμᾶς
3309 2763 3520 2833 ψωμιεῖ
3541 2760 3697 2829 κρέας

2166 2849 2589 2919 Ἐμνήσθημεν
2619 2852 2759 2918 τοὺς
2797 2854 3002 2921 ἰχθύας
3027 2853 3134 2918 οὓς
3170 2856 3465 2925 ῆσθίομεν
3505 2848 3700 2918 δωρεὰν

2148 2951 2218 3002 ἐν
2241 2954 2535 3022 Αἰγύπτῳ,
2562 2955 2657 3007 καί
2683 2954 2826 3021 τοὺς
2843 2956 3115 3021 σικυοὺς,
3144 2957 3241 3009 καί
3279 2957 3420 3022 τοὺς
3442 2955 3696 3016 πέπονας,

2647 3045 2741 3097 καί
2773 3044 2844 3097 τὰ
2874 3046 3162 3114 κρόμμυα.
3199 3046 3303 3099 καί
3345 3045 3418 3098 τὰ
3445 3040 3694 3110 σκόροδα·

2144 3133 2279 3187 νυνὶ
2322 3133 2390 3186 δὲ
2431 3136 2468 3202 ἠ
2501 3135 2670 3204 ψυχὴ
2716 3137 2884 3205 ἡμῶν
2914 3138 3264 3205 κατάξηρος.
3330 3137 3515 3191 Οὐδὲν
3555 3132 3698 3198 πλὴν

2142 3225 2229 3290 εἰς
2259 3223 2324 3276 τὸ
2359 3225 2560 3294 μάννα
2593 3230 2646 3280 οἰ
2686 3228 2977 3298 ὀφθαλμοί
3017 3229 3204 3298 ἡμῶν.
3250 3226 3388 3283 Εἶτα
3429 3229 3538 3298 μετ’
3565 3224 3697 3291 ὀλίγα

2143 3315 2388 3383 λέγεταισ
2441 3318 2547 3370 Kal
2587 3317 2816 3386 ἤκουσε
2862 3319 3123 3386 Μωῢσῆς
3159 3321 3491 3373 κλαιόντων
3523 3313 3696 3370 αὐτῶν

2144 3409 2292 3462 κατὰ
2326 3409 2554 3478 δήμους
2589 3412 2804 3465 αὐτῶν·
2841 3412 3096 3478 ἕκαστος
3121 3411 3220 3464 ἐπὶ
3255 3412 3371 3482 τῆς
3403 3412 3575 3479 θύρας
3602 3408 3693 3460 αὖ·

2144 3511 2269 3564 τοῦ.
2307 3512 2418 3565 Καὶ
2452 3513 2612 3566 πάλιν
2641 3513 2755 3584 μετ’
2785 3514 2939 3582 ὀλίγα
2962 3513 3164 3586 Κύριός
3193 3532 3329 3584 φησι
3364 3513 3441 3584 τῷ
3476 3507 3690 3566 Μωῦσεῖο

2143 3614 2250 3667 Καὶ
2281 3613 2358 3680 τῷ
2380 3613 2506 3680 λαῷ
2527 3615 2696 3683 ἐρεῖς·
2739 3615 3083 3686 Ἁγνίσασθε
3107 3617 3438 3688 αὔριον.καί
3458 3612 3690 3684 φάγεσθε

2143 3704 2286 3774 κρέα
2320 3706 2406 3759 ὅτι
2443 3707 2780 3760 ἐκλαύσατε
2819 3707 3095 3760 ἐναντίον
3137 3707 3363 3775 Κυρίου
3405 3704 3685 3772 λέγοντες·

2150 3797 2244 3861 Τίς
2274 3797 2430 3865 ἡμᾶς
2463 3797 2682 3866 ψωμιεῖ
2707 3795 2879 3864 κρέα;
2913 3797 3002 3850 ὅτι
3036 3797 3225 3851 καλὸν
3254 3797 3400 3867 ἡμῖν
3435 3794 3595 3847 ἐστιν
3631 3787 3689 3838 ἐν

2142 3888 2434 3955 Αἰγύπτῳ.
2475 3888 2583 3941 Καὶ
2625 3887 2803 3940 δώσει
2848 3885 2991 3956 ὑμῖν
3033 3886 3174 3955 κρέα
3209 3886 3443 3957 φαγεῖν,
3467 3882 3558 3936 καὶ
3595 3875 3689 3946 φά·

2143 3981 2324 4048 γεσθε
2352 3978 2494 4046 κρέα
2511 3995 2523 4009 ⁸
2551 3982 2661 4047 οὺχ
2691 3979 2919 4048 ἡμέραν
2944 3979 3093 4047 μίαν
3113 3979 3396 4049 φάγεσθε,
3418 3973 3552 4031 οὐδὲ
3574 3970 3684 4030 δύο,

2140 4070 2280 4125 οὐδὲ
2303 4071 2478 4124 πέντε
2506 4069 2744 4140 ἡμέρας,
2777 4074 2847 4126 οὺ
2876 4071 3021 4124 δέκα
3051 4071 3291 4140 ἡμέρας,
3323 4067 3460 4124 οὐδὲ
3482 4065 3688 4118 είκοσιν

2062 4192 2070 4200 ·
2139 4160 2378 4230 ἡμέρας·
2438 4162 2547 4228 ἕως
2586 4163 2777 4231 μηνὸς
2820 4164 3056 4233 ἡμερῶν
3107 4164 3370 4233 φάγεσθε
3394 4179 3407 4192 °
3461 4159 3564 4222 ἕως
3620 4149 3688 4205 ἂν

2139 4263 2356 4333 ἐξέλθῃ
2385 4265 2453 4318 ἐκ
2491 4265 2610 4318 τῶν
2645 4265 2969 4334 μυκτήρων
2994 4267 3178 4336 ὑμῶν,
3225 4268 3324 4320 καὶ
3356 4266 3521 4319 ἔσται
3562 4251 3684 4325 ὑμῖν

461 4372 797 4438 mansisset,
861 4374 904 4426 si
967 4375 1257 4444 participes
1323 4380 1568 4434 carnium
1631 4383 1698 4437 ad
1760 4386 2032 4441 modicum

2149 4358 2224 4422 εὶς
2266 4355 2551 4425 χολέραν·
2589 4355 2678 4408 ὅτι
2700 4356 3064 4423 ἠπειθήσατε
3101 4358 3313 4425 Κυρίῳ,
3343 4357 3409 4420 ὅς
3442 4353 3599 4444 έστιν
3624 4343 3685 4395 ἐν

462 4470 676 4532 tempus
707 4464 957 4519 fuissent.
990 4466 1174 4536 Neque
1200 4470 1268 4522 ad
1303 4472 1442 4526 duos
1474 4473 1589 4528 dies
1621 4474 1755 4545 ipsis
1788 4487 2030 4548 optatum

460 4553 710 4621 largitur,
747 4559 842 4612 sed
890 4573 996 4626 quo
1036 4559 1373 4617 fastidiosum
1407 4562 1462 4618 id
1491 4565 1572 4618 eis
1613 4565 1878 4637 efﬁceret,
1924 4587 2031 4625 non

462 4654 572 4697 tam
625 4650 946 4714 promittere
997 4652 1234 4716 videtur,
1283 4666 1443 4719 quam
1493 4655 1542 4708 ei
1593 4658 1682 4724 qui
1734 4659 2033 4728 intelligere

460 4736 656 4802 valeat,
684 4740 879 4795 minari
910 4757 970 4796 se
997 4759 1403 4811 concessurum,
1439 4761 1562 4798 cum
1602 4747 1678 4800 ait
1707 4747 1845 4805 :Nec
1871 4753 2032 4820 quin-

460 4843 566 4896 que
601 4838 811 4885 tantum
840 4834 955 4888 dies
991 4836 1183 4902 agetis,
1219 4838 1564 4892 comedentes
1593 4853 1817 4906 carnes;
1856 4858 2031 4913 neque

457 4922 626 4979 etiam
655 4923 817 4992 duplo
841 4935 1071 4992 tantum,
1101 4942 1277 4996 neque
1306 4929 1466 5001 duplo
1498 4931 1675 4987 adhuc
1699 4932 1901 5003 plures,
1933 4944 2025 4994 sed

2136 4447 2297 4515 ὑμῖν,
2338 4447 2436 4500 καί
2485 4447 2821 4500 ἐκλαύσατε
2865 4449 3142 4502 ἐναντίον
3181 4447 3367 4500 αὐτοῦ
3409 4441 3679 4510 λέγοντες·

2141 4539 2273 4593 Ἵνα
2302 4539 2360 4590 τί
2408 4538 2552 4608 ἡμῖν
2581 4539 2850 4603 ἐξελθεῖν
2878 4539 2947 4604 ἐξ
2988 4541 3290 4608 Αἰγύπτου
3314 4557 3334 4603 ;
3368 4537 3580 4602 Ἰδωμεν
3603 4522 3681 4580 οὖν

2138 4643 2236 4714 τὴν
2285 4643 2544 4713 ἱστορίαν,
2577 4646 2625 4696 εἰ
2657 4643 2944 4715 χρησίμως
2977 4645 3102 4714 ὑμῖν
3129 4642 3499 4715 παρεϐάλομεν
3531 4631 3680 4697 αὐτὴν

2138 4751 2276 4820 πρὸς
2299 4749 2450 4802 λύσιν
2465 4749 2556 4802 τοῦ
2577 4751 2682 4803 ἀπε
2691 4750 3008 4822 μφαίνοντος
3033 4751 3090 4802 ὲν
3109 4748 3187 4819 τῷ
3204 4767 3216 4779 ’
3245 4751 3297 4803 Μ
3303 4748 3335 4816 ὴ
3358 4738 3678 4806 εἰσενέγκῃς

2137 4839 2294 4910 ἡμᾶς
2320 4843 2405 4907 εὶς
2429 4843 2779 4912 πειρασμόν·
2806 4844 2900 4895 καὶ
2924 4843 2979 4894 ὲν
3005 4845 3123 4904 ταῖς
3155 4835 3525 4894 ἀποστολικαῖς
3553 4823 3680 4928 $5.8-

2146 4953 2251 4990 σιν.
2325 4935 2792 5008 Ἐπιθυμήσαντες
2849 4935 3144 5007 ἐπιθυμίαν
3182 4937 3211 4988 ὁ
3252 4934 3528 5006 ἐπίμικτος
3561 4923 3587 4974 ὁ
3627 4923 3676 4968 ἐν
3737 4957 3749 4972 ο

529 5056 575 5091 ⁸⁸
599 5057 757 5112 Νυιη.
788 5074 878 5126 xl,
914 5059 948 5114 4
972 5101 987 5127 ,
1027 5063 1092 5127 5,
1134 5064 1188 5117 6.
1267 5063 1309 5096 ¹⁹
1339 5064 1495 5130 lbid.,
1531 5065 1620 5123 10.
1700 5070 1746 5102 ²⁰
1776 5071 1936 5141 lbid.,
1967 5075 2055 5144 18,
2090 5075 2174 5140 19,
2206 5074 2296 5130 ‘20.

529 5196 644 5270 (94)
686 5197 958 5270 Ἡγοῦμαι
987 5200 1086 5269 δή.
1114 5210 1230 5270 etc.
1253 5201 1343 5259 Sic
1364 5205 1532 5259 habet
1557 5206 1727 5262 codex
1760 5225 1864 5266 ms.
1901 5210 2027 5266 Edi-

458 5267 975 5344 tio‘autemOxon.,
997 5267 1240 5344 ᾓγοῦμαι
1261 5272 1338 5333 δέ,
1367 5284 1476 5329 etc.
1501 5277 1703 5344 Aperte
1735 5289 1914 5334 autem
1943 5283 2030 5337 hic

458 5338 670 5420 somnia
702 5353 798 5394 sua
832 5341 1034 5420 occinit
1067 5338 1350 5420 Origenes,
1374 5338 1587 5420 animas
1611 5362 1803 5415 nempe
1834 5366 2030 5420 quem-

459 5406 590 5481 libet
623 5418 821 5481 statum
851 5412 1076 5481 a.leptas
1121 5406 1330 5466 arbitrii
1377 5414 1461 5467 sui
1499 5406 1751 5471 libertate
1785 5406 1865 5472 ad'
1896 5421 2032 5475 bene

459 5478 541 5528 vel
569 5478 706 5556 male
739 5478 1004 5556 agentium
1037 5481 1165 5556 frui,
1203 5496 1266 5535 ac
1291 5493 1576 5556 perpetuos
1598 5500 1716 5539 esse
1750 5489 1976 5556 proinde
1997 5505 2026 5543 a

457 5549 706 5612 supernis
732 5559 799 5601 ait
836 5550 1101 5625 inferiora
1124 5549 1304 5625 lapsus
1328 5549 1642 5625 ct’reditus;
1679 5549 1868 5625 punias
1902 5559 2028 5613 item

457 5626 649 5696 omnes
679 5632 801 5671 esse
828 5622 1190 5696 purgatorias,
1229 5623 1336 5696 imo
1373 5623 1619 5696 instituet
1647 5622 1869 5694 peccata
1904 5644 2031 5696 pur-

461 5686 691 5748 gatoria:
727 5686 1085 5755 ptenas'essc.
1121 5691 1196 5748 De
1229 5693 1311 5751 bis
1345 5686 1570 5751 somniis
1604 5686 1721 5755 fuse
1756 5686 2037 5757 disseritur

2138 5211 2579 5283 Origenianorum
2614 5212 2705 5264 lib.
2741 5227 2802 5274 ιι,
2838 5221 3029 5280 quat-st.
3059 5213 3114 5278 7,
3155 5227 3304 5267 num.
3337 5210 3391 5274 2,
3425 5213 3477 5260 et
3500 5199 3670 5268 (ιιιωδιο

2138 5285 2440 5348 undecima,
2478 5299 2625 5336 num.
2656 5286 2672 5339 Ι
2717 5297 2762 5335 οε
2796 5283 2881 5336 Π.

2210 5351 2321 5424 (95)
2350 5338 2526 5424 codex
2566 5338 2689 5424 tns.,
2726 5351 3251 5424 xa'c‘bémvdéaqw.
3291 5347 3458 5404 Editio

2140 5398 2598 5476 καὶτέἷιέανᾶϐασιν.
2628 5398 2828 5476 Ιιίίιιοιιι
2859 5421 3136 5478 Bentleius
3157 5422 3305 5491 legit,
3341 5411 3606 5490 γινομένην
3634 5398 3664 5470 ἦ

2139 5493 2586 5566 καταϐαίνουσαν.
2797 5561 2814 5566 _
3099 5563 3109 5566 _
3171 5561 3182 5566 Α
3414 5555 3444 5566 ,,

2212 5541 2632 5632 (scissim
2682 5561 2871 5616 confer
2923 5577 3057 5632 quae
3097 5561 3364 5617 habentur
3413 5555 3500 5608 lib.
3536 5561 3567 5600 ιι
3602 5541 3664 5595 οι

2142 5631 2432 5709 principiis.
2462 5648 2602 5709 cap._
2626 5632 2677 5694 4,
2712 5633 2848 5709 _n._5.
2872 5702 2891 5709 _
2940 5631 2953 5632 ί
3070 5705 3082 5709 _
3123 5705 3134 5709 Α
3259 5701 3282 5709 _
3368 5696 3380 5709 ,
3415 5694 3435 5709 ,

2215 5696 2326 5766 (97)
2370 5703 2465 5756 Ἐν
2507 5696 2628 5768 τοῖς
2666 5702 2832 5770 υἱοῖς.
2872 5702 3033 5772 Lego,
3061 5705 3088 5757 ὁ
3119 5705 3176 5756 ὲν
3199 5701 3310 5764 τοῖς
3334 5696 3478 5756 υἱοῖσι
