3974 6160
341 289 458 347 541

1583 279 1911 337 LIBELLUS
1940 280 2027 335 DE
2059 279 2425 336 ORATIONE.

3512 277 3613 334 542

342 413 501 475 υἱοῖς
553 409 772 484 Ἰσραὴλ
793 408 1027 472 ἔκλαιον,
1050 407 1143 460 καὶ
1167 406 1215 459 οἱ
1240 405 1346 457 υἱοὶ
1370 403 1587 475 Ἰσραὴλ
1620 404 1715 457 σὺν
1742 403 1910 465 αὐτοῖς

2013 449 2019 466 ,
2054 410 2260 456 tantum
2285 398 2600 463 comedetis,
2623 404 2682 451 ut
2706 408 2890 449 mense
2911 394 3121 466 integro
3147 396 3402 450 carnibus
3430 411 3613 452 vesca-

338 505 461 556 Καὶ
512 502 770 574 φανερὸν,
805 502 885 553 ὅτι
921 502 1042 553 ὅσον
1081 500 1180 550 οὐκ
1228 493 1373 566 εἶχον
1405 497 1474 548 τὰ
1512 494 1940 565 ἐπιθυμούμενα,

338 593 523 664 κόρον
564 593 666 646 οὐκ
705 591 964 661 ἠδύναντο
1006 587 1183 642 αὐτῶν
1222 587 1422 649 λαϐεῖν,
1461 586 1579 638 οὐδὲ
1633 585 1943 639 παύσασθαι

332 684 439 737 τοῦ
492 684 739 746 πάθουςο
790 680 924 736 ἀλλά
966 682 1057 733 καὶ
1105 681 1132 731 ό
1176 677 1551 747 φιλάνθρωπος
1594 678 1688 729 καὶ
1742 676 1943 744 ἀγαθὸς

333 773 483 836 Θεὸς
510 774 693 837 διδοὺς
714 774 897 835 αὐτοῖς
917 771 977 825 τὸ
1002 770 1158 823 ἐπιθυ
1167 772 1266 840 μού
1276 785 1451 839 μενον,
1474 769 1571 837 οὐχ
1595 766 1766 830 οὕτως
1789 768 1941 821 ἐϐού-

330 865 467 918 λετο
500 866 707 919 διδόναι
737 864 876 917 ὥστε
908 862 1299 917 καταλιπέσθαι
1323 863 1379 914 ἐν
1406 861 1586 924 αὐτοῖς
1613 860 1932 929 ἐπιθυμίαν·

327 957 541 1028 διόπερ
562 960 694 1028 φησι
719 957 792 1028 μὴ
810 957 935 1027 μίαν
955 957 1168 1026 ἡμέραν
1187 954 1453 1023 φάγεσθαι
1477 954 1671 1014 αὐτοὺς
1688 952 1756 1005 τά
1777 954 1931 1024 κρέαο

327 1048 509 1118 ἔμενε
546 1049 657 1119 γὰρ
686 1048 750 1101 ἂν
783 1049 842 1101 τὸ
873 1048 1042 1111 πάθος
1074 1047 1254 1102 αὐτῶν
1295 1049 1352 1099 ἐν
1387 1049 1453 1116 τῇ
1488 1046 1631 1116 ψυχῇ
1678 1063 1935 1116 πεπυρω-

330 1139 485 1212 μένῃ
524 1141 623 1192 καὶ
676 1139 974 1212 ρλεγομένῃ
1022 1140 1111 1191 ὑπ’
1161 1138 1347 1201 αὑτοῦ,
1392 1140 1440 1189 εί
1494 1138 1579 1188 ἐπ’
1608 1136 1784 1203 ὀλίγον
1828 1135 1934 1187 τῶν

327 1231 525 1302 κρεῶν
561 1231 955 1301 μετειλήφεσαν
979 1231 1109 1301 (98).
1161 1231 1299 1283 Ἀλλ’
1326 1230 1453 1281 ούδέ
1488 1231 1578 1281 ἐπλ¹
1603 1229 1694 1280 δύο
1721 1228 1933 1279 δίδωσιν

322 1321 529 1383 αὐτοῖς
559 1321 621 1372 τὸ
642 1320 1073 1389 ἐπιθυμούμενον
1095 1320 1307 1389 ἡμέρας
1328 1336 1341 1348 ⁸
1372 1317 1691 1386 βουλόμενος
1714 1316 1769 1368 δέ
1803 1316 1933 1368 αὐτὸ

320 1413 655 1483 προσκορές
693 1413 875 1475 αὐτοῖς
905 1413 1148 1482 ποιῆσαι,
1186 1410 1349 1462 οἱονεὶ
1388 1410 1487 1461 οὐκ
1516 1406 1927 1475 ἐπαγγέλλεται,

318 1501 471 1555 ἀλλὰ
505 1503 596 1573 τῷ
623 1503 859 1556 συνιέναι
883 1503 1164 1572 δυναμένῳ
1193 1500 1406 1553 ἀπειλεῖ
1424 1500 1490 1551 δι’
1515 1493 1587 1551 ὦν
1612 1498 1928 1568 χαρίζεσθαι

319 1597 527 1657 αὐτοῖς
577 1597 769 1660 ἐδόκει,
822 1595 1015 1663 λέγων’
1070 1594 1203 1646 υῦδέ
1248 1592 1407 1644 πέντε
1463 1592 1627 1661 μόνας
1675 1591 1925 1659 ποιήσετε

319 1685 438 1755 ήμέ
448 1703 559 1756 ρας
575 1687 841 1751 ἐσθίοντες
857 1687 925 1739 τὰ
944 1687 1096 1758 κρέα·
1117 1687 1236 1738 οὐδὲ
1258 1687 1351 1750 τὰς
1368 1686 1571 1739 τούτων
1591 1687 1918 1748 διπλασίους

2045 495 2202 559 mini,
2239 496 2408 548 donec
2436 506 2531 562 per
2563 500 2725 545 nares
2777 498 2936 544 exeat
2967 504 3035 544 ex
3068 488 3279 551 cholera
3314 489 3525 552 morbo,
3559 498 3613 543 et

2044 584 2097 638 id
2136 584 2279 649 quod
2311 584 2464 638 vobis
2502 583 2700 636 bonum
2730 582 2907 635 visum
2953 587 3058 643 est,
3102 587 3155 634 et
3196 578 3609 648 vituperandum

2043 678 2161 746 ejus
2192 691 2254 730 ac
2286 685 2443 742 turpe
2491 673 2841 726 desiderium.
2872 670 2949 724 lla
2984 686 3081 725 vos
3115 685 3145 723 a
3183 671 3286 724 vita
3318 672 3609 724 removebo

2042 766 2172 819 nihil
2195 765 2426 833 amplius
2446 762 2744 830 cupientes,
2772 768 2829 812 ut
2856 760 2990 813 tales
3010 760 3233 828 egressi,
3258 760 3378 830 puri
3402 760 3610 815 scilicet

2038 871 2066 907 a
2099 854 2348 922 cupidine
2377 861 2431 905 et
2462 866 2731 905 memores
2762 864 2855 918 per
2881 858 3011 917 quot
3040 850 3255 904 labores
3284 851 3351 904 ab
3381 865 3443 903 ea
3470 849 3610 905 libe-

2039 946 2139 998 rati
2174 944 2322 1009 sitis,
2350 943 2569 1013 possitis
2603 952 2694 994 aut
2720 941 2770 994 in
2796 954 2914 992 eam
2945 940 3169 1008 posthac
3205 956 3309 995 non
3345 941 3604 1008 incidere,

2037 1047 2149 1101 aut,
2183 1038 2226 1089 si
2266 1034 2556 1104 aliquando
2598 1034 2647 1085 id
2694 1031 2908 1087 accidat
2938 1042 3060 1101 post
3104 1033 3259 1103 longa
3300 1043 3605 1103 temporum

2035 1126 2352 1189 intervalla,
2411 1125 2564 1179 obliti
2617 1140 2737 1194 quae
2796 1133 3015 1194 propter
3067 1125 3413 1194 cupiditatem
3473 1127 3606 1181 estis

2033 1217 2297 1285 perpessi,
2347 1216 2391 1269 si
2426 1216 2582 1269 vobis
2626 1231 2728 1269 non
2773 1217 2907 1269 satis
2950 1216 3242 1270 attendatis
3292 1234 3389 1271 nec
3432 1219 3605 1272 susci-

2032 1310 2196 1375 piatis
2224 1308 2450 1361 verbum
2478 1307 2617 1375 quod
2644 1306 2885 1376 pcrl‘eCte
2909 1309 2976 1362 ab
2999 1309 3145 1362 omni
3174 1310 3361 1364 morbo
3384 1309 3600 1377 liberat,

2030 1399 2082 1450 iu
2134 1399 2273 1452 mala
2319 1398 2604 1462 incidatis;
2654 1407 2838 1465 postea
2876 1412 3003 1451 vero
3054 1414 3178 1452 cum
3215 1414 3311 1453 vos
3347 1401 3599 1455 nascendi

2028 1488 2223 1554 Cupido
2249 1487 2553 1552 incesserit,
2576 1486 2743 1540 oretis
2766 1486 3073 1542 desiderata
3099 1488 3292 1542 iterum
3317 1491 3599 1558 consequi,

2025 1593 2198 1645 eaque
2250 1577 2428 1642 exosi,
2484 1578 2562 1631 sic
2609 1591 2798 1629 rursus
2857 1580 2923 1631 ad
2978 1579 3199 1633 meliora
3243 1580 3601 1650 caalestesque

2025 1667 2175 1719 cibos
2203 1681 2487 1719 recurrere
2524 1684 2536 1720 :
2573 1667 2767 1735 quibus
2797 1670 3129 1737 contemptis
3161 1670 3431 1725 deteriora
3458 1686 3603 1740 quaa-

316 1777 450 1830 ούδέ
505 1778 592 1831 ἔτι
643 1779 742 1843 τάς
788 1779 1007 1831 ἐκείνων
1059 1779 1401 1842 διπλασίους·
1448 1779 1561 1831 ἀλλ’
1595 1779 1685 1831 ἐπὶ
1732 1776 1910 1829 τοσοῦ-

2033 1760 2252 1814 rebntis.
2302 1758 2503 1812 Eadem
2548 1772 2614 1813 ac
2663 1758 2739 1811 illi
2797 1759 3071 1827 patientur
3128 1763 3218 1830 qui
3268 1774 3599 1819 mutaverunt

316 1884 415 1919 τον
449 1868 572 1937 (99)
605 1869 865 1937 φάγεσθε,
888 1871 971 1938 ἐφ’
999 1870 1116 1921 ὅλον
1148 1867 1596 1939 κρεωφαγοῦντες
1630 1869 1791 1938 μῆνα,
1816 1867 1920 1929 ἕως

318 1957 533 2031 ἐξέλθῃ
564 1962 626 2013 ἐκ
666 1961 773 2012 τῶν
806 1962 1099 2031 μυκτήρων
1136 1958 1273 2031 μετά
1301 1958 1582 2030 χολερικοῦ
1626 1958 1830 2020 πάθους
1859 1958 1919 2010 τὸ

317 2049 725 2118 νενομισμένον
753 2050 879 2119 ὑμῖν
904 2050 1084 2113 καλὸν,
1120 2049 1214 2101 καὶ
1238 2052 1270 2118 ἡ
1305 2049 1433 2118 περὶ
1465 2048 1596 2101 αὐτὸ
1623 2048 1796 2118 eam]
1826 2048 1918 2100 καὶ

318 2139 542 2209 αἰσχρὰ
570 2139 861 2210 ἐπιθυμία⁵
887 2141 952 2192 ἵν’
981 2142 1123 2212 ὑμᾶς
1145 2139 1439 2205 ἀπαλλάξω
1461 2139 1552 2191 τοῦ
1581 2138 1694 2208 βίου
1721 2140 1916 2209 μηκέτι

317 2228 755 2299 ἐπιθυμοῦντας,
798 2231 892 2283 καὶ
930 2231 1157 2284 τοιοῦτοι
1199 2231 1521 2298 ἐξελθόντες,
1552 2231 1812 2301 δυνηθῆτε
1842 2231 1915 2294 ὡς

314 2319 571 2391 καθαροὶ
600 2323 706 2374 ἀπὸ
744 2322 1060 2392 ἐπιθυμίας,
1100 2323 1435 2393 μεμνημένοι
1462 2341 1520 2374 τε
1551 2323 1616 2375 δι’
1646 2324 1783 2375 ὅσων
1818 2322 1915 2373 πόα

313 2428 432 2465 νων
470 2413 645 2481 αὐτῆς
677 2414 1048 2485 ἀπηλλάγητε,
1078 2416 1194 2483 ἦτοι
1230 2414 1492 2485 μηδαμῶς
1526 2414 1661 2483 αὐτῇ
1690 2429 1914 2482 περιπε-

313 2505 441 2557 σεῖν
474 2503 557 2555 ἔτι
576 2520 588 2533 ο
614 2503 668 2573 ἢ,
692 2505 740 2555 εἰ
773 2505 880 2574 ἄρα
900 2505 1056 2556 τοῦτό
1073 2521 1201 2556 ποτε
1223 2505 1428 2571 γίνεται
1454 2507 1689 2574 μακραῖς
1709 2503 1913 2572 χρόνων

312 2594 627 2664 περιόδοις,
652 2595 1122 2664 ἐπιλανθανόμενοι
1146 2589 1219 2648 ὧν
1249 2595 1552 2648 πεπόνθατε
1572 2596 1659 2647 διὰ
1682 2596 1780 2663 τὴν
1804 2597 1915 2647 ἐπι-

316 2684 559 2755 θυμίαν,
597 2685 690 2738 ἐὰν
725 2686 799 2757 μὴ
828 2688 1041 2749 ἐαυτοῖς
1070 2687 1395 2756 προσέχητε,
1430 2686 1524 2739 καὶ
1565 2686 1655 2738 τὸν
1695 2687 1914 2749 τελείως

315 2774 748 2829 ἀπαλλάττοντα
783 2776 988 2838 πάθους
1019 2776 1218 2838 παντὸς
1250 2776 1406 2844 λόγον
1439 2774 1767 2845 άναλάὸητε,
1801 2777 1913 2837 τοῖς

312 2868 525 2929 κακοῖς
576 2870 923 2936 περιπεσεῖτε
974 2867 1076 2936 (1)·
1124 2866 1349 2938 ὕστερόν
1394 2884 1452 2918 τε
1505 2867 1605 2936 τῆς
1647 2865 1912 2933 γενέσεως

313 2953 784 3026 ἐπιθυμήσαντες,
815 2955 975 3008 πάλιν
1005 2955 1059 3006 δε
1072 2955 1232 3025 ηθῆτε
1258 2954 1352 3006 τοῦ
1378 2955 1458 3016 δὶς
1481 2956 1662 3023 τυχεῖν
1688 2947 1761 3005 ὧν
1788 2955 1909 3005 ἐπι-

2022 1851 2242 1919 gloriam
2288 1850 2383 1903 Dei
2431 1849 2843 1912 incorruptibilis
2892 1855 2945 1904 in
3001 1853 3402 1910 similitudinem
3458 1858 3595 1910 ima-

2019 1941 2155 2008 ginis
2186 1943 2545 2009 corruptibilis
2579 1944 2806 1997 hominis
2840 1957 2886 1997 et
2926 1946 3197 1998 volucrum
3224 1957 3270 1998 et
3299 1947 3597 2016 quadrupe-

2020 2034 2144 2083 dum
2171 2044 2216 2084 et
2252 2035 2564 2101 serpentium
2593 2036 2661 2102 εί,
2705 2050 2771 2090 eo
2798 2037 2941 2104 quod
2975 2036 3219 2091 derelicti
3266 2040 3451 2093 traditi
3485 2042 3595 2094 sint

2019 2123 2073 2176 in
2115 2124 2375 2176 desideria
2430 2123 2671 2177 cordium
2708 2142 2926 2179 suorum
2970 2126 3045 2178 in.
3073 2127 3485 2194 immunditiam,
3538 2140 3593 2183 ut

2018 2213 2305 2282 ignominia
2336 2215 2562 2283 aﬁiciant
2603 2231 2823 2283 corpora
2873 2218 2971 2283 ipsi
3002 2236 3101 2271 sua
3142 2220 3208 2284 ²’,
3239 2220 3334 2287 qui
3377 2223 3591 2291 corpori

2017 2306 2194 2356 anima
2224 2320 2499 2374 sensuque
2531 2307 2735 2361 carenti
2772 2308 3080 2362 tribuerunt
3112 2312 3228 2379 ejus
3253 2328 3469 2377 nomen,
3497 2316 3589 2384 qui

2014 2396 2293 2450 seusitivis
2317 2399 2570 2452 omnibus
2599 2408 2654 2453 et
2691 2397 3070 2464 rationalibus,
3099 2417 3202 2455 non
3230 2404 3404 2469 ipsum
3435 2406 3593 2461 modo

2014 2490 2218 2543 sentire
2270 2499 2325 2543 ct
2371 2506 2495 2544 cum
2546 2493 2759 2546 ratione
2816 2495 3056 2561 sentire,
3119 2495 3212 2549 sed
3264 2497 3590 2565 quibusdam

2014 2581 2182 2634 etiam
2220 2581 2458 2649 perfecte
2506 2592 2562 2636 et
2600 2598 2722 2637 cum
2754 2584 2957 2639 virtute
3001 2588 3203 2640 sentire
3233 2587 3481 2656 largitur.
3512 2590 3592 2645 Ac

2008 2667 2133 2735 jure
2178 2670 2393 2737 quidem
2452 2670 2526 2723 illi
2580 2673 2648 2725 ab
2702 2688 2765 2728 eo
2819 2690 2981 2743 quem
3032 2677 3439 2745 dereliqueruut
3482 2678 3591 2737 Deo

2018 2763 2256 2815 vicissim
2308 2763 2758 2833 derelinquuntur
2812 2776 2866 2818 et
2906 2768 3190 2822 traduntur
3231 2769 3284 2822 in
3318 2772 3587 2839 passiones

2015 2854 2340 2921 ignominiae,
2375 2870 2526 2923 aequa
2588 2855 2792 2909 erroris
2859 2859 3106 2912 mercede
3166 2872 3421 2929 recepta,
3482 2876 3590 2929 quo

2014 2945 2342 3013 voluptatem
2402 2945 2733 3000 immundam
2789 2947 3123 3005 dilexerunt.
3175 2949 3381 3005 Justior
3437 2953 3584 3007 enim

314 3046 573 3116 θυμεῖτε,
594 3048 923 3118 μισήσαντες
947 3046 1008 3099 τὸ
1028 3046 1293 3115 ἐπιθυμού
1304 3063 1482 3115 μενον,
1505 3045 1597 3098 καὶ
1624 3045 1743 3097 τότε
1766 3044 1907 3108 οὕτω

2013 3035 2091 3089 eis
2166 3037 2369 3091 erroris
2448 3038 2735 3092 retributio
2806 3040 2891 3103 ﬁt,
2972 3056 3092 3093 cum
3174 3044 3464 3097 traduntur
3528 3046 3586 3099 in

314 3134 710 3208 παλινδρομεῖν
734 3137 824 3188 ἐπὶ
843 3136 913 3190 τὰ
934 3136 1073 3190 καλὰ
1092 3139 1182 3190 καὶ
1206 3138 1305 3206 τὴν
1322 3137 1568 3207 οὐράνιον
1594 3138 1818 3209 τροφὴν,
1839 3133 1907 3208 ἦς

312 3229 836 3298 καταφρονήσαντες
871 3228 979 3281 τῶν
1022 3230 1281 3299 χειρόνων
1328 3228 1648 3298 ὠρέχθησαν
1691 3229 1790 3297 (2).
1834 3230 1907 3282 Τὸ

314 3312 509 3383 ὅμοιον
540 3310 632 3367 οῦν
657 3316 863 3378 τούτοις
891 3316 1166 3370 πείσονται
1191 3320 1239 3369 οἱ
1265 3317 1643 3383 ἀλλάξαντες
1668 3318 1783 3386 τὴν
1810 3320 1908 3372 δό-

313 3400 436 3465 ξαν
476 3404 585 3458 τοῦ
616 3405 765 3458 Θεοῦ
801 3407 906 3460 τοῦ
937 3406 1262 3475 ἀφθάρτου,
1299 3410 1368 3462 ἐν
1413 3409 1724 3478 ὁμοιώματι
1754 3414 1907 3466 εικό-

312 3510 425 3560 νος
445 3498 715 3564 φθαρτοῦ
743 3498 1079 3566 ἀνθρώπου,
1111 3500 1206 3553 καὶ
1242 3502 1548 3565 πετεινῶν,
1581 3504 1677 3557 καὶ
1709 3522 1907 3571 τετρα-

311 3585 547 3651 πόδων,
582 3588 679 3640 καὶ
705 3590 989 3657 ἑρπετῶν,
1018 3592 1105 3645 διὰ
1145 3592 1240 3645 τοῦ
1274 3594 1766 3661 ἐγκαταλείπεσθαι
1801 3616 1907 3652 πα-

316 3676 659 3747 ραδιδόμενοι
684 3679 753 3731 ἐν
771 3680 900 3747 ταῖς
919 3682 1258 3752 ἐπιθυμίαις
1281 3682 1400 3737 τῶν
1426 3685 1682 3753 καρδιῶν
1707 3687 1906 3740 αὐτῶν

308 3768 400 3832 εἰς
430 3770 829 3837 ἀκαθαρσίαν,
859 3771 967 3824 τοῦ
1009 3774 1384 3843 ἀτιμάζεσθαι
1420 3776 1493 3829 τὰ
1524 3776 1765 3845 σώματα
1798 3778 1904 3833 τῶν

310 3860 394 3923 είς
441 3862 652 3931 ἄψυχον
706 3864 863 3933 σῶμα
924 3866 1016 3918 καὶ
1061 3867 1382 3938 ἀναίσθητον
1419 3868 1902 3923 καταθιόασάντων

308 3949 373 4005 τὸ
403 3953 580 4022 ὄνομα
608 3953 699 4006 τοῦ
727 3957 859 4007 πᾶσι
879 3959 990 4019 τοῖς
1016 3957 1357 4027 αἰσθομένοις
1386 3960 1619 4028 λογικοῖς
1643 3962 1704 4013 οὐ
1742 3962 1902 4031 μόνον

304 4042 373 4114 τὸ
406 4044 718 4107 αἰσθέσθαι,
748 4047 883 4099 ἀλλὰ
916 4050 1007 4100 καὶ
1036 4049 1097 4099 τὸ
1117 4049 1350 4117 λογικῶς
1373 4052 1674 4115 αἰσθέσθαι,
1707 4054 1815 4105 τισὶ
1844 4053 1900 4105 δέ

310 4119 676 4198 κατ’τελείως
721 4138 814 4189 καὶ
862 4139 1134 4209 ἐναρέτως
1166 4142 1449 4196 αἰσθέσθαι
1485 4145 1579 4196 καὶ
1626 4147 1765 4196 νοεῖν
1805 4162 1901 4212 χα-

316 4225 635 4295 ρισαμένου.
688 4227 797 4280 Καὶ
855 4228 1089 4297 εὐλόγως
1140 4232 1189 4284 οἱ
1239 4232 1469 4285 τοιοῦτοι
1519 4234 1898 4304 παραδίδονται

314 4313 419 4365 ὑπὸ
465 4312 562 4366 τοῦ
618 4317 1070 4386 καταλειφθέντος
1120 4322 1209 4374 ὑπ’
1259 4322 1437 4376 αὐτῶν
1476 4324 1631 4388 Θεοῦ,
1679 4326 1899 4377 ἀντικα-

312 4403 696 4473 ταλειπόμενοι
723 4406 814 4458 ὑπ’
840 4408 1024 4471 αὐτοῦ,
1058 4413 1144 4475 εἰς
1188 4412 1259 4465 τὰ
1297 4412 1407 4480 τῆς
1437 4414 1673 4481 ἀτιμίας
1715 4415 1897 4484 πάθη,

312 4492 411 4562 τὴν
460 4494 805 4564 ἀντιμισθίαν
841 4500 940 4569 τῆς
986 4501 1195 4572 πλάνης
1247 4503 1314 4555 δι’
1347 4500 1415 4575 ἧς
1449 4506 1745 4577 ἠγάπησαν
1776 4507 1892 4576 ψω-

317 4580 519 4651 ρὼδους
551 4585 743 4656 ἡδονῆς
784 4590 1278 4661 ἀπολαμϐάνοντες.
1327 4596 1542 4649 Μᾶλλον
1570 4596 1678 4669 γὰρ
1723 4601 1755 4669 ἡ
1794 4600 1891 4651 ἀν-

311 4675 562 4741 τιμισθία
590 4678 690 4745 τῆς
737 4679 941 4752 πλάνης
978 4685 1159 4749 αὐτοῖς
1195 4687 1469 4755 ἐγγίνεται
1524 4682 1917 4760 παραδιδομέέ

316 4778 428 4854 νοις
490 4769 576 4831 εὶς
617 4768 774 4837 πάθη
821 4772 1077 4840 ἀτιμίας,
1123 4778 1264 4849 ἤπερ
1312 4779 1390 4850 τῷ
1450 4780 1696 4852 φρονίμῳ
1759 4783 1890 4854 πυρὶ

318 4852 764 4943 καθαιρομένοις,
807 4862 901 4914 καὶ
957 4867 1011 4917 ἐν
1058 4870 1123 4937 τῇ
1168 4869 1380 4941 φυλακῇ
1427 4852 1890 4943 ἐκπρασσομένοις

319 4940 482 5014 μέχρι
508 4948 599 4999 τοῦ
632 4951 859 5021 ἐσχάτου
907 4956 1197 5027 κοδράντου
1240 4960 1468 5015 ἕκαστον
1506 4940 1612 5016 τῶν
1641 4940 1889 5036 ὀφλημά-

313 5044 441 5085 των.
481 5035 567 5087 Ἐν
592 5038 698 5110 γὰρ
725 5041 802 5111 τῷ
831 5043 1056 5098 πάθεσιν
1081 5047 1320 5119 ἀτιμίας,
1343 5051 1403 5102 οὐ
1432 5052 1589 5122 μόνον
1612 5057 1724 5117 τοῖς
1747 5035 1889 5108 κατὰ

316 5121 496 5188 φύσιν,
526 5126 659 5182 ἀλλά
701 5133 792 5185 καὶ
837 5133 1049 5197 πολλοῖς
1078 5136 1186 5191 τῶν
1219 5139 1367 5210 παρά
1404 5141 1561 5209 φύσιν
1598 5144 1887 5213 παραδίδο-

315 5211 455 5280 σθαι,
480 5218 797 5289 μολύνονται
813 5228 905 5279 καὶ
931 5227 1034 5279 ὑπο
1054 5229 1154 5298 τῆς
1183 5231 1383 5302 σαρκὸς
1408 5232 1753 5301 παχύνονται,
1781 5236 1886 5286 οἱο-

313 5302 390 5354 νεὶ
426 5308 610 5362 οὐκέτι
643 5309 859 5380 ἔχοντες
892 5314 1013 5367 τότε
1046 5316 1243 5387 ψυχὴν,
1284 5318 1405 5370 οὺδέ
1437 5318 1580 5383 νοῦν,
1621 5320 1736 5371 ἀλλ’
1774 5320 1883 5373 ὅλοι

380 5441 422 5470 ¹¹
453 5442 611 5498 Rom.
641 5462 682 5512 ι,
704 5446 797 5500 22.
872 5450 916 5480 ²²
940 5449 1101 5515 lbitl.,
1122 5452 1213 5505 24.
1290 5454 1336 5484 ’³
1361 5453 1547 5508 Matth.
1573 5470 1629 5515 ν,
1656 5454 1745 5509 26.

381 5556 486 5678 φιλ)
511 5560 691 5616 Codex
720 5578 845 5631 ms,
883 5564 1294 5635 μετειλήφεσαν.
1329 5569 1506 5625 Editio
1533 5569 1737 5641 Oxon.,
1780 5592 1875 5645 με·

308 5638 388 5678 τει
421 5628 638 5678 ήωασιν.

373 5628 703 5770 ἶὶθᾌῗαὲθθεχ
748 5716 876 5775 ms.,
929 5702 1198 5759 τοσοῦτον.
1242 5706 1417 5766 Editio
1450 5708 1647 5781 Oxon.,
1688 5716 1872 5769 τοσού-

1824 5457 1869 5487 ”
1898 5459 1998 5514 ls:t.
2030 5476 2101 5525 Iv,
2129 5460 2182 5515 4.

2013 3128 2280 3196 passiones
2363 3130 2700 3197 ignominia,
2782 3148 2947 3202 quam
3022 3135 3077 3189 .si
3158 3135 3281 3205 igne
3357 3136 3585 3206 spiritali

2011 3218 2170 3289 263
2193 3230 2576 3288 purgarentur,
2606 3233 2660 3277 et
2688 3225 2737 3278 in
2767 3240 2990 3279 carcere
3021 3225 3371 3295 exigerentur
3401 3229 3469 3283 ab
3499 3229 3583 3283 eis

2008 3313 2187 3365 omnia
2221 3315 2396 3369 debita
2426 3317 2492 3369 ad
2522 3316 2876 3372 novissimum
2908 3333 3080 3387 usque
3113 3322 3474 3389 quadrantem
3509 3324 3581 3379 ”.

2007 3402 2140 3457 Cum
2176 3404 2319 3459 enim
2353 3407 2535 3460 traditi
2566 3418 2692 3461 sunt
2718 3409 3064 3476 passiouibus
3106 3410 3437 3480 ignominiae.
3472 3430 3580 3470 non

2009 3497 2075 3550 iis
2121 3499 2279 3551 modo
2323 3514 2442 3566 qua:
2474 3508 2683 3553 natura:
2729 3502 3096 3566 consentiunt,
3137 3505 3232 3557 sed
3289 3509 3582 3565 contrariis

2007 3588 2172 3640 etiam
2229 3599 2438 3641 natura:
2478 3589 2752 3658 plurimis,
2791 3592 3149 3659 inquinamur
3180 3603 3236 3647 et
3281 3611 3447 3652 carne
3492 3599 3580 3652 in-

2008 3689 2325 3732 crassantur
2352 3681 2508 3748 quasi
2539 3683 2775 3734 animum
2806 3683 3035 3752 amplius
3061 3694 3153 3738 aut
3188 3696 3420 3741 mentem
3449 3699 3580 3746 tunc

2008 3784 2112 3822 non
2146 3769 2401 3837 habeant,
2438 3771 2531 3825 sed
2566 3774 2658 3827 toti
2707 3789 2903 3829 carnes
2928 3778 3068 3842 sint;
3106 3778 3156 3831 iu
3209 3780 3329 3849 igne
3360 3796 3486 3834 vero
3523 3791 3579 3839 et

2005 3876 2223 3916 canere
2268 3878 2372 3916 non
2425 3864 2840 3919 retributioaem
2888 3870 3094 3924 erroris
3141 3872 3435 3939 accipiunt,
3482 3876 3577 3929 sed

2005 3952 2357 4019 beneﬁcium,
2391 3971 2514 4009 cum
2542 3957 2868 4013 salutaribus
2890 3965 3154 4018 aerumnis
3186 3976 3492 4036 purgantur
3521 3977 3577 4020 et

2004 4045 2069 4098 iis
2116 4047 2415 4103 liberantur
2464 4050 2625 4106 malis
2669 4070 2791 4122 quae
2832 4056 3125 4125 voluptatis
3172 4069 3443 4113 amatores
3485 4073 3573 4113 se-

2002 4149 2261 4205 quuntur,
2293 4142 2546 4197 sordibus
2589 4145 2797 4200 scilicet
2836 4160 2890 4202 et
2928 4150 3227 4219 sanguine,‘
3257 4150 3576 4217 quibus-in-

2001 4229 2209 4296 quinati
2260 4241 2313 4284 et
2359 4234 2547 4288 infecti
2596 4251 2663 4289 ne
2713 4239 2958 4305 cogitare
3008 4241 3229 4307 quidem
3295 4250 3570 4309 poterant,

2000 4323 2273 4387 quomodo
2309 4327 2373 4376 ab
2402 4325 2624 4378 interitu
2655 4341 2754 4379 suo
2786 4330 3151 4384 salvareutur.
3177 4332 3367 4385 Abluet
3393 4334 3575 4401 itaque

1934 4428 1979 4484 ι)
2010 4411 2148 4464 Deus
2177 4416 2381 4466 sordem
2402 4414 2635 4481 ﬁliorum
2656 4427 2706 4470 et
2741 4417 2977 4484 ﬁliarum
3003 4421 3166 4485 Sion;
3189 4434 3235 4475 et
3263 4426 3568 4493 sanguinem

1999 4503 2299 4555 emundabit
2321 4505 2383 4557 de
2413 4508 2582 4559 medio
2602 4526 2781 4564 eorum
2806 4514 2858 4566 in
2887 4514 3076 4582 spiritu
3095 4514 3351 4582 judiciiet
3381 4517 3570 4584 spiritu

1999 4595 2370 4648 combustionis
2410 4597 2477 4650 “.
2532 4597 2841 4669 Ingreditur
2876 4604 3035 4670 enim,
3083 4607 3235 4675 quasi
3275 4607 3410 4675 ignis
3439 4623 3569 4661 con-

1996 4685 2216 4752 ﬂatorii,
2260 4698 2307 4741 et
2349 4691 2501 4755 quasi
2532 4692 2691 4746 herba
2737 4695 3030 4751 lavantium
3053 4696 3126 4762 ’⁸,
3150 4699 3337 4753 lavans
3359 4711 3413 4754 et
3441 4716 3570 4768 pur-

1996 4792 2131 4846 gans
2158 4793 2252 4833 eos
2280 4782 2370 4849 qui
2398 4781 2661 4849 ejusmodi
2700 4787 3112 4842 medicamentis
3152 4789 3415 4859 indigent,
3448 4790 3569 4844 ideo

1995 4870 2135 4935 quod
2162 4871 2391 4938 'probati
2426 4872 2593 4927 Deum
2627 4876 2819 4931 habere
2860 4879 2914 4931 in
2964 4881 3152 4934 notitia
3182 4883 3455 4935 noluerint
3489 4884 3564 4947 '°;

1993 4960 2190 5028 quibus
2238 4977 2297 5015 se
2340 4964 2482 5018 ultro
2515 4967 2808 5035 tradentes,
2853 4971 3143 5040 reprobum
3186 4988 3407 5032 sensum
3441 4970 3567 5028 odio

1995 5052 2270 5108 habebunt
2307 5055 2502 5126 (neque
2547 5060 2691 5115 enim
2732 5063 2988 5131 cuiquam
3028 5065 3170 5121 Deus
3209 5066 3408 5122 bonum
3454 5067 3567 5120 vult

1993 5144 2149 5209 quasi
2196 5148 2524 5202 necessitate
2574 5150 2710 5218 ﬁeri,
2763 5154 2857 5207 sed
2899 5154 3234 5228 voluntate);
3289 5172 3409 5211 cum
3454 5156 3565 5211 siut

1994 5232 2225 5288 fortasse
2254 5237 2469 5304 quidam
2499 5241 2591 5308 qui
2628 5257 2726 5309 pro
2772 5244 2929 5314 longa
2965 5248 3219 5301 vitiorum
3267 5255 3561 5303 consuetu-

1990 5326 2119 5380 dine
2152 5328 2238 5381 vix
2273 5343 2457 5384 eormn
2489 5334 2874 5401 turpitudinem
2910 5338 3379 5406 comprehendant
3407 5351 3563 5391 aver-

2260 5463 2306 5495 "
2339 5464 2570 5521 Malacli.
2603 5484 2686 5534 tu,
2708 5469 2762 5524 2.
2840 5470 2885 5503 ³⁸
2912 5470 3069 5525 Boni.
3104 5488 3148 5537 ι,
3174 5470 3264 5527 28.

1982 5593 2105 5628 των.

2052 5661 2063 5713 t
2085 5652 2128 5723 ll
2155 5649 2756 5723 ΔζΙεριαεονιεκῗτελῐιριζο,
2780 5649 3150 5723 Δπερι-πέσητε.

2050 5717 2123 5785 (2)
2155 5716 2532 5789 Ὼρέχθησαν.
2565 5716 2727 5788 Lego,
2763 5716 3131 5790 ὠρέχθησατε.

3596 5650 3611 5713 ἒ

3601 5716 3614 5735 ᾗ

3466 5736 3474 5744 ’
3516 5737 3622 5837 a3
