3974 6160
399 275 506 335 543

1853 289 2176 349 ORIGENIS
2201 306 2210 313 '

3547 314 3652 370 544

405 407 706 467 tanturque
738 401 806 455 ab
839 401 921 455 eis
956 409 1012 454 nt
1040 399 1170 455 falsa
1204 400 1328 456 boni
1359 405 1541 474 specie
1569 404 1983 479 decipientibus.

2104 415 2363 487 γινόμενοι
2392 417 2619 490 σάρκες·
2649 421 2706 474 ἐν
2733 421 2790 475 δέ
2821 421 2898 492 τῷ
2925 423 3058 494 πυρὶ
3087 423 3180 478 καὶ
3212 425 3279 497 τῇ
3314 424 3526 498 φυλακῇ
3552 431 3656 486 οὐκ

408 490 543 548 Vide
578 503 757 547 autem
797 509 863 546 an
904 493 1018 547 haec
1053 509 1215 549 causa
1252 495 1323 548 sil.
1361 511 1460 550 cur
1500 499 1640 554 Deus
1681 501 1980 560 Pharaonis

405 596 505 638 cor
534 583 772 647 indurat,
820 594 878 636 ut
928 585 1068 654 quod
1110 585 1250 638 dixit
1293 602 1396 640 non
1442 589 1748 655 induratus,
1801 595 1983 651 dicere

404 675 580 744 possit
641 693 655 729 :
717 673 971 727 Dominus
1021 675 1244 744 justus;
1297 695 1390 749 ego
1446 690 1494 733 et
1546 684 1777 750 populus
1839 702 1983 740 meus

408 765 558 831 impii
588 765 653 817 ⁸⁷.
685 765 753 816 At
782 764 976 834 majori
1021 767 1230 835 indiget
1259 767 1627 836 induratione,
1660 785 1715 827 et
1752 777 1985 846 amplius

407 855 611 923 aliquid
658 850 792 922 pati,
839 870 908 910 ne
947 869 1206 912 cessante
1244 859 1404 914 citius
1447 861 1807 930 induratione,
1864 883 1981 924 eam

405 941 572 996 veluti
633 943 828 997 malam
882 955 1241 1014 contemnat,
1295 961 1456 1020 atque
1507 957 1579 1011 ita
1637 961 1833 1028 dignus
1893 965 1986 1020 ﬁat

406 1034 497 1103 qui
560 1035 793 1104 amplius
848 1038 1160 1097 induretur.
1214 1045 1354 1116 Ergo
1394 1048 1438 1100 si
1490 1065 1594 1104 non
1643 1054 1818 1124 inique
1869 1066 1984 1110 ten-

405 1124 606 1177 duntur
651 1127 783 1180 retia
830 1131 1017 1185 avibus
1076 1133 1146 1198 ’⁸,
1195 1145 1253 1188 ιιι
1305 1137 1356 1190 in
1413 1137 1720 1199 Proverbiis
1763 1147 1983 1211 dicitur,

407 1215 500 1270 sed
555 1229 704 1271 recte
760 1235 860 1275 nos
918 1222 1061 1278 Dens
1117 1225 1172 1278 in
1229 1226 1479 1297 laqueum
1536 1231 1772 1301 inducit,
1830 1240 1982 1310 juxta

408 1307 555 1362 illum
584 1312 673 1377 qui
699 1312 837 1365 dixit
864 1332 877 1367 :
910 1315 1188 1371 Induxiin
1215 1337 1305 1373 nos
1329 1323 1382 1375 in
1410 1327 1651 1389 laqueum
1676 1330 1751 1396 ";
1784 1307 1844 1385 et.
1870 1335 1986 1387 sine

407 1400 688 1456 voluntate
739 1403 917 1460 Patris
966 1423 1033 1461 ne
1087 1410 1382 1471 vilissimus
1431 1419 1647 1485 quidem
1701 1423 1984 1477 volucrum

405 1505 600 1558 passer
664 1496 716 1545 in
767 1495 1016 1563 laqueum
1068 1501 1262 1554 incidit
1311 1502 1455 1572 (cum
1510 1507 1580 1569 is,
1614 1509 1705 1577 qui
1754 1510 1804 1562 in
1859 1527 1984 1566 eum

407 1579 622 1644 Incidit,
662 1583 782 1637 ideo
823 1586 1190 1658 incidatquod
1233 1609 1339 1648 non
1387 1605 1534 1650 recte
1578 1615 1705 1654 usus
1739 1610 1821 1655 est
1852 1617 1987 1656 cou-

410 1686 566 1726 cessa
606 1675 705 1728 sibi
735 1677 800 1728 ad
836 1683 1170 1748 pergendum
1197 1700 1412 1740 sursum
1449 1689 1660 1744 volandi
1686 1691 1984 1764 facultate),

2083 504 2430 575 ἀντιμισθίαν
2454 509 2553 579 τῆς
2585 509 2810 579 πλάνης,
2845 509 2956 562 ἀλλ’
2985 513 3302 583 εὐεργεσίαν
3333 515 3426 567 ἐπὶ
3449 515 3655 588 καθάρ-

2085 612 2167 647 σει
2197 596 2303 648 τῶν
2339 599 2396 650 ἐν
2435 601 2502 669 τῇ
2547 599 2721 670 πλάνῃ
2760 601 2944 654 κακῶν
2977 603 3114 673 μετὰ
3149 605 3426 676 σωτηρίων
3451 605 3659 678 λαμϐά-

2083 702 2268 749 νοντες
2303 687 2479 740 πόνων
2509 690 2789 758 ἑπομένων
2816 694 2926 754 τοῖς
2955 692 3272 762 φιληδόνοις,
3295 695 3657 752 ἀπαλλάττον-

2085 793 2176 829 ται
2214 779 2413 841 παντὸς
2445 779 2616 850 ῥύπου
2652 783 2745 834 καὶ
2774 783 3023 852 αἵματος,
3062 785 3119 836 ἐν
3157 778 3238 847 οἷς
3281 787 3655 858 ἐρρυπωμένοι

2091 869 2186 921 καὶ
2219 871 2572 941 πεφυρμένοι,
2599 872 2719 924 οὐδὲ
2748 873 2808 926 τὸ
2835 874 3084 943 ἐννοῆσαι
3115 893 3181 927 πε
3193 876 3243 945 pi.
3267 875 3361 930 τοῦ
3389 876 3656 942 σώζεσθαι

2086 961 2357 1025 ἐδύναντο,
2399 967 2464 1033 τῇ
2513 964 2660 1033 σφῶν
2696 966 2961 1036 ἀπωλείᾳ.
3004 968 3329 1022 Ἐκπλυνεῖ
3348 970 3659 1038 τοιγαροῦν

2085 1051 2113 1102 ὸ
2155 1051 2286 1114 Θεὸς
2326 1053 2434 1106 τὸν·
2460 1055 2654 1120 ῥύπον
2697 1055 2817 1110 τῶν
2855 1058 3002 1110 υἱῶν
3042 1059 3140 1110 καὶ
3173 1059 3290 1112 τῶν
3325 1061 3659 1129 θυγατέρων

2086 1143 2258 1204 Σιὼν,
2313 1144 2411 1196 καὶ
2451 1145 2518 1198 τὸ
2559 1142 2702 1215 αῆια
2740 1149 3086 1216 ἐκκαθαριεῖ
3116 1151 3185 1202 ἐκ
3221 1149 3414 1218 μέσου
3462 1151 3661 1204 αὐτῶν

2087 1232 2376 1300 πνεύματι
2426 1236 2677 1301 κρίσεως
2717 1237 2815 1290 καὶ
2846 1240 3138 1307 πνεύματι
3182 1242 3480 1306 καύσεως·
3529 1242 3656 1293 εἰσ-

2086 1324 2397 1388 πορεύεται
2467 1323 2574 1394 γὰρ
2637 1328 2712 1391 ὡς
2779 1329 2896 1396 πῦρ
2961 1333 3384 1399 χωνευτηρίου,
3437 1333 3536 1386 καὶ
3579 1333 3662 1400 ὡς

2086 1413 2204 1464 πόα
2236 1414 2311 1483 (3)
2344 1417 2718 1482 πλυνόντων,
2754 1420 3078 1491 ἀποπλύνων
3117 1425 3210 1476 καὶ
3233 1423 3508 1494 καθαίρων
3535 1428 3664 1489 τοὺς

2086 1503 2343 1556 τοιούτων
2377 1505 2684 1576 φαρμάκων
2721 1507 3096 1580 δεδεημένους,
3131 1511 3217 1564 διὰ
3256 1513 3317 1564 τὸ
3354 1514 3426 1583 μὴ
3458 1515 3664 1568 δεδοκι-

2091 1593 2401 1662 μασμένους
2439 1594 2614 1647 θέλειν
2644 1595 2786 1664 ἔχειν
2817 1598 2887 1649 ἐν
2913 1599 3226 1667 ἐπιγνώσει
3255 1599 3361 1652 τὸν
3387 1603 3554 1654 Θεόν·
3583 1597 3665 1664 οἷς

2092 1683 2472 1752 παραδιδόντες
2491 1684 2586 1755 (5⁸)
2600 1686 2814 1750 ἑκόντες
2835 1690 3120 1759 μισήσουσι
3135 1677 3224 1743 τὸν
3245 1673 3499 1761 ἀδόκιμον
3516 1692 3661 1744 νοῦν·

411 1756 631 1819 oremus
662 1783 729 1821 ne
764 1773 1123 1828 admittamns
1157 1779 1474 1848 quidquam,
1513 1783 1697 1850 quoin
1733 1789 1990 1841 tentatio—

2104 1772 2152 1824 >ύ
2183 1773 2429 1842 βούλεται
2463 1775 2491 1826 ὁ
2529 1773 2660 1838 Θεὸς
2691 1793 2799 1828 τινι
2823 1777 2883 1830 τὸ
2930 1779 3130 1846 ἀγαθὸν
3152 1780 3228 1842 ὡς
3258 1781 3398 1833 κατὰ
3423 1779 3669 1853 ἀνάγκην

411 1869 537 1908 nem
570 1855 721 1923 justo
767 1861 858 1914 Dei
889 1864 1097 1929 judicio
1139 1867 1320 1923 induci
1361 1885 1686 1926 mereamur.
1719 1873 1992 1927 lnducitur

416 1955 598 2001 autem
630 1951 948 2020 quicunque
981 1957 1261 2011 traditura
1295 1961 1404 2015 Deo
1438 1962 1488 2014 in
1522 1963 1788 2018 desideria
1817 1967 1993 2021 cordis

414 2038 495 2092 cui
537 2039 589 2092 in
619 2041 1043 2110 immunditiam,
1074 2058 1129 2101 et
1164 2050 1478 2120 quicunque
1509 2053 1742 2106 traditur
1780 2056 1830 2108 in
1869 2071 1994 2123 pas-

415 2130 602 2184 siones
651 2132 986 2202 ignominize,
1027 2145 1081 2191 et
1121 2141 1433 2209 quicunque
1482 2143 1626 2196 sicut
1674 2144 1840 2198 Deum
1886 2161 1990 2198 non

417 2222 665 2287 probavit
695 2224 894 2280 habere
927 2229 977 2280 in
1005 2230 1205 2297 seipso,
1237 2232 1471 2287 traditus
1501 2245 1580 2287 est
1611 2235 1662 2287 in
1704 2238 1992 2303 reprnbttm

418 2325 663 2374 sensum,
698 2325 754 2368 nt
793 2315 954 2372 faciat
983 2335 1045 2373 ea
1083 2337 1204 2388 qua:
1239 2339 1343 2376 non
1379 2326 1792 2382 conveniunt“.
1826 2327 1994 2383 Porro

421 2399 535 2456 haec
580 2406 900 2461 tentationis
944 2421 1030 2463 est
1077 2411 1308 2467 utilitas.
1344 2413 1476 2480 Quae
1520 2415 1684 2487 264
1721 2418 1771 2471 in
1812 2419 1992 2474 anima

414 2503 598 2548 nostra
634 2509 855 2567 recepta
887 2515 1080 2556 omnes
1122 2512 1322 2570 [ιι-αξιοι·
1348 2504 1518 2559 Deum
1553 2507 1746 2572 latent,
1790 2524 1997 2579 nosque

411 2583 582 2638 etiam
615 2589 785 2654 ipsus,
817 2605 880 2644 ea
924 2607 1021 2662 per
1053 2595 1384 2651 tentationes
1415 2597 1703 2652 manifesta
1742 2598 1898 2664 ﬁunt,
1930 2613 1996 2652 ne

417 2690 520 2732 nos
567 2680 797 2747 anitplius
858 2681 1025 2738 lateat
1075 2688 1265 2755 quales
1306 2691 1498 2754 simus,
1544 2689 1638 2744 sed
1680 2690 1772 2760 qui
1826 2692 1997 2747 simus

415 2781 829 2839 cognoscentes,
871 2777 1172 2835 sentiamus
1215 2781 1258 2834 si
1296 2781 1529 2838 velimus
1569 2785 1785 2853 propria
1833 2785 1995 2850 mala,

414 2869 473 2914 et
519 2877 744 2932 agamus
778 2867 942 2920 etiam
983 2870 1190 2938 gratias
1219 2887 1316 2941 pro
1357 2873 1515 2928 bonis
1544 2889 1666 2943 qum
1706 2873 1863 2929 nobis
1901 2889 2000 2944 per

419 2955 748 3009 tentationes
775 2965 994 3010 ostensa
1032 2971 1182 3013 sunt.
1222 2962 1376 3026 Quod
1421 2975 1602 3017 autem
1648 2965 1768 3019 ideo
1818 2973 1998 3019 tenta-

421 3043 597 3096 tiunes
641 3046 938 3100 obvchant
985 3057 1044 3102 ut
1093 3050 1310 3117 quinam
1355 3052 1527 3107 simus
1579 3063 1859 3122 appareat,
1909 3064 2000 3109 aut

420 3145 824 3202 cognoscantur
862 3152 983 3205 quae
1018 3139 1070 3191 in
1113 3142 1278 3195 corde
1313 3152 1505 3196 nostro
1542 3145 1816 3198 recondita
1847 3157 1995 3210 sunt,

423 3225 665 3278 declarat
690 3227 832 3293 quod
855 3243 883 3280 a
910 3229 1139 3282 Domino
1166 3232 1220 3285 in
1252 3233 1390 3288 libro
1409 3233 1510 3288 Job
1538 3235 1758 3300 dicitur,
1782 3249 1838 3291 et
1857 3238 2001 3306 quod

424 3313 479 3369 in
524 3315 944 3374 Deuteronomio
994 3322 1259 3390 scriptum
1306 3335 1412 3388 cst,
1457 3341 1581 3394 qua:
1625 3327 1705 3381 sic
1757 3327 1998 3382 habent:

423 3405 597 3460 Putas
642 3419 820 3462 autem
860 3427 942 3464 me
989 3411 1143 3466 aliter
1189 3417 1283 3467 tibi
1336 3419 1694 3486 respondisse,
1744 3436 1902 3488 quant
1945 3429 2001 3473 ut

423 3513 682 3564 apparens
720 3499 904 3566 justus
952 3501 1032 3554 ³ιῖ
1072 3502 1134 3555 Ει
1179 3503 1232 3556 in
1279 3505 1697 3560 Deuteronomio
1743 3525 1756 3560 :
1807 3508 2004 3579 Amisit

426 3602 496 3650 te,
549 3599 595 3644 et
649 3591 851 3643 esurire
898 3601 948 3645 te
995 3594 1136 3661 fecit,
1187 3604 1235 3648 et
1275 3597 1468 3650 cibavit
1512 3609 1560 3650 te
1605 3615 1801 3652 manna
1844 3601 1911 3668 ³³,
1955 3611 2004 3654 et

426 3679 644 3732 deduxit
676 3682 802 3734 tein
850 3682 1074 3746 deserto,
1111 3686 1196 3737 ubi
1221 3701 1429 3754 serpens
1467 3687 1736 3751 mordens,
1766 3698 1816 3742 et
1853 3706 2004 3743 sror-

427 3771 536 3836 pio,
581 3782 627 3824 et
664 3773 842 3836 dipsas
871 3774 950 3838 ³¹,
987 3785 1040 3827 ut
1084 3778 1291 3844 cognita
1339 3778 1543 3846 ﬁerent,
1580 3796 1697 3850 qua:
1737 3784 1790 3834 in
1851 3784 2007 3835 corde

431 3871 524 3914 tuo
553 3876 671 3916 sunt
699 3862 765 3917 "‘.
806 3864 958 3930 Quod
988 3867 1032 3921 si
1073 3879 1128 3922 et
1165 3871 1406 3924 historia:
1439 3871 1667 3927 velimus
1711 3875 2005 3936 recordari,

432 3953 786 4008 dnbitamlnm
825 3973 926 4011 non
957 3969 1040 4012 est
1071 3969 1390 4029 corruptam
1418 3960 1540 4015 Eva:
1564 3963 1830 4016 rationem
1851 3967 2011 4017 dece-

433 4053 634 4113 ptnque
663 4045 880 4101 facilem
915 4064 1019 4102 non
1058 4060 1186 4104 tunc
1215 4059 1425 4103 tantum
1466 4052 1633 4107 fuisse
1659 4069 1781 4107 cum
1820 4063 2008 4121 spreto

435 4136 529 4192 Dei
563 4138 749 4193 edicto
787 4153 1099 4209 serpentem
1147 4141 1388 4208 audivit;
1426 4143 1523 4196 sed
1560 4158 1683 4212 quae
1713 4145 1863 4212 prius
1893 4149 2011 4196 ine-

431 4243 584 4298 rant,
637 4242 767 4288 tunc
815 4235 988 4302 palam
1040 4235 1183 4289 facta
1237 4245 1387 4299 sunt,
1439 4251 1562 4291 cum
1615 4237 1681 4289 ad
1724 4251 1841 4289 eam
1893 4237 2012 4292 ideo

432 4329 727 4380 accesserit
760 4341 1010 4395 serpens,
1045 4328 1188 4396 quod
1222 4327 1596 4382 inﬁrmitatem
1633 4327 1752 4396 ejus
1787 4342 1882 4394 pro
1913 4343 2008 4380 sua

2092 1862 2365 1930 γενέσθαι,
2405 1863 2518 1916 ἀλλ’
2562 1866 2858 1929 ἑκουσίως·
2911 1868 3052 1938 τάχα
3091 1869 3273 1933 τινῶν,
3308 1873 3373 1922 ἐκ
3419 1871 3512 1923 τοῦ
3550 1873 3671 1923 ἐπιο

2094 1952 2274 2004 πλεῖον
2313 1953 2645 2024 ὡμιληκέναι
2679 1957 2743 2026 τῇ
2773 1955 2961 2026 κακία,
3012 1957 3167 2025 μόγις
3196 1959 3258 2010 τὸ
3287 1955 3472 2028 αἶσχος
3503 1959 3672 2029 αὐτῆς

2094 2043 2588 2112 κατανενοηκότων,
2612 2045 2706 2096 καί
2728 2046 3219 2116 ἀποστρεφομένων
3238 2049 3409 2118 αὐτὴν
3431 2049 3506 2111 ὡς
3544 2049 3675 2118 ψευ-

2091 2133 2200 2196 δῶς
2225 2134 2630 2202 ὑποληφθεῖσαν
2657 2130 2796 2188 εἶναι
2827 2137 3016 2207 καλήν.
3055 2138 3373 2209 Ἐπίστησον
3397 2139 3477 2202 δέ,
3507 2141 3554 2193 εἰ
3586 2139 3678 2195 διὰ

2091 2222 2251 2275 τοῦτο
2292 2224 2386 2276 καὶ
2412 2223 2702 2295 σκληρύνει
2729 2225 2826 2296 τὴν
2859 2224 2952 2278 τοῦ
2987 2227 3185 2298 Φαραὼ
3211 2229 3436 2299 καρδίαν
3461 2231 3490 2281 ὁ
3516 2229 3673 2296 Θεὸς,

2098 2315 2165 2368 ἵν’
2182 2315 2319 2386 ὅπερ
2341 2310 2462 2368 εἰπε
2487 2317 2560 2386 μὴ
2591 2316 2964 2388 σκληρυνθεκ,
2989 2318 3187 2389 δυνηθῇ
3221 2322 3392 2374 εἰπεῖν
3413 2339 3426 2351 ·
3458 2321 3525 2375 '0
3554 2325 3675 2377 Κύ-

2087 2423 2222 2474 ριος
2254 2406 2502 2472 δίκαιος,
2539 2409 2652 2476 ἐγὼ
2673 2408 2742 2461 δὲ
2760 2408 2858 2462 καὶ
2883 2413 2915 2462 ὁ
2942 2411 3090 2475 λαός
3108 2428 3227 2479 μου
3250 2413 3494 2479 ἀσεϐής.
3535 2414 3675 2466 Ἀλλ’

2096 2499 2190 2552 ἐπὶ
2213 2498 2392 2552 πλεῖον
2407 2492 2583 2554 δέεται
2607 2500 2701 2554 τοῦ
2720 2501 3132 2573 σκληρύνεσθαι,
3151 2504 3242 2555 καὶ
3259 2505 3350 2558 ὲπί
3377 2504 3557 2556 πλεῖον
3576 2503 3680 2558 πά-

2097 2607 2246 2661 σχειν
2274 2591 2346 2661 (4)
2372 2590 2516 2654 τινὰ,
2551 2592 2637 2644 ἵνα
2663 2592 2736 2662 μὴ
2765 2593 2828 2644 ἐκ
2844 2593 2936 2645 τοῦ
2958 2595 3142 2663 τάχιον
3165 2594 3260 2647 τοῦ
3279 2595 3679 2666 σκληρύνεσθαι

2097 2682 2389 2746 παύεσθαι,
2425 2685 2777 2755 καταφρονῶν
2811 2686 2886 2749 ὡς
2923 2687 3094 2740 κακοῦ
3121 2688 3214 2740 τοῦ
3247 2687 3678 2760 σκληρύνεσθαι,

2097 2773 2189 2825 ἐπὶ¹
2207 2772 2304 2842 (ι’)
2327 2773 2614 2837 πλεονάκις
2637 2775 2787 2840 ἄξιος
2812 2775 2905 2828 τοῦ
2937 2775 3330 2848 σκληρύνεσθαι
3353 2778 3588 2848 γίνηται.
3614 2778 3680 2830 Εἰ

2098 2862 2276 2916 τοίνυν
2292 2863 2391 2915 οὐκ
2419 2863 2620 2926 ἀδίκως
2645 2866 2943 2918 ἐκτείνεται
2974 2867 3163 2920 δίκτυα
3198 2871 3512 2938 πτερωτοῖς,
3535 2867 3679 2921 κατά

2097 2957 2168 3010 τὰ
2189 2960 2244 3009 ἐν
2263 2961 2378 3021 ταῖς
2394 2955 2720 3028 Παροιμίαις
2748 2958 3031 3027 εἰρημένα,
3047 2958 3179 3012 ἀλλὰ
3207 2960 3441 3028 εὐλόγως
3466 2960 3678 3027 εἰσάγει

2101 3049 2129 3100 ὁ
2150 3048 2281 3112 Θεὸς
2307 3051 2388 3111 εἰς
2419 3049 2517 3119 τὴν
2547 3047 2770 3114 παγίδα,
2791 3048 2931 3100 κατά
2955 3048 3044 3100 τὸν
3074 3049 3319 3102 εἰπόντα·
3347 3049 3681 3118 Εἰσήταγες

2103 3139 2261 3209 ἡμᾶς
2289 3140 2356 3206 ἐς
2399 3139 2513 3208 τὴν
2537 3138 2780 3207 παγίδα·
2807 3139 2900 3193 καί
2934 3141 3059 3193 ἄνευ
3091 3142 3190 3210 τῆς
3224 3141 3416 3212 βουλῆς
3441 3143 3534 3195 τοῦ
3567 3144 3685 3197 Πα-

2102 3227 2230 3297 τρὸς
2264 3227 2385 3280 οὐδὲ
2427 3227 2489 3280 τὸ
2517 3226 2891 3298 εὐτελέστερον
2928 3229 3036 3280 τῶν
3065 3230 3458 3300 ἐπτερωμένων
3489 3248 3684 3302 στρουο

2102 3319 2218 3372 θίον
2257 3321 2516 3390 ἐμπίπτει
2551 3320 2631 3382 εἰς
2669 3320 2767 3390 τὴν
2795 3321 2997 3388 παγίδα
3049 3320 3175 3392 (τοῦ
3201 3322 3568 3391 ἐμπίπτοντος
3602 3323 3684 3385 εἰς

2103 3410 2201 3481 τὴν
2239 3411 2461 3480 παγίδα,
2491 3411 2579 3464 διὰ
2610 3413 2766 3466 τοῦτο
2806 3411 3185 3483 ἐμπίπτοντος,
3225 3413 3346 3464 ἐπεὶ
3386 3413 3460 3484 μὴ
3502 3413 3684 3477 καλῶς

2105 3506 2169 3573 τῇ
2199 3503 2308 3558 τῶν
2342 3504 2560 3574 πτερῶν
2585 3506 2854 3575 ἐχρήσατο
2881 3502 3178 3572 δεδομένων
3208 3503 3302 3555 ἐπὶ
3330 3504 3390 3556 τὸ
3417 3503 3685 3571 ύψοῦσθαι.

2107 3594 2371 3666 ἐξουσίᾳ)·
2417 3594 2704 3666 εὐχώμεθα
2730 3593 2895 3665 μηδὲν
2920 3592 3068 3658 ἄξιον
3095 3593 3313 3663 ποιῆσαι
3336 3594 3431 3646 τοῦ
3461 3593 3565 3646 ὑπὸ
3585 3594 3686 3665 τῆς

2107 3685 2317 3748 δικαίας
2342 3684 2579 3755 κρίσεως
2604 3684 2698 3737 τοῦ
2727 3683 2863 3737 Θεοῦ
2890 3682 3260 3753 εἰσενεχθῆναι
3280 3687 3359 3746 εἰς
3382 3685 3472 3736 τὸν
3502 3700 3689 3756 πειραο

2111 3778 2279 3847 σμόν·
2331 3775 2723 3848 εἰσφερομένου
2768 3775 2969 3837 παντός
3007 3792 3066 3827 τε
3109 3775 3204 3827 τοῦ
3253 3775 3685 3845 παραδιδομένου

2109 3868 2215 3921 ὑπὸ
2239 3867 2334 3920 τοῦ
2356 3867 2490 3920 Θεοῦ
2515 3869 2572 3920 ἐν
2596 3869 2716 3930 ταῖς
2741 3866 3056 3937 ἐπιθυμίαις
3073 3867 3183 3919 τῶν
3199 3865 3437 3936 καρδιῶν
3459 3865 3535 3935 (5)
3561 3866 3689 3919 ἐαυ-

2111 3959 2202 4012 τοῦ
2240 3961 2320 4021 εἰς
2351 3956 2715 4028 ἀκαθαρσίαν·
2746 3958 2840 4010 καὶ
2885 3958 3084 4020 παντὸς
3128 3955 3222 4009 τοῦ
3258 3955 3687 4026 παραδιδομένου

2111 4051 2192 4112 εἰς
2221 4049 2370 4119 πάθη
2400 4048 2643 4118 ἀτιμίας,
2680 4048 2775 4100 καὶ
2806 4048 3006 4110 παντὸς
3028 4046 3144 4110 τοῦ,
3179 4045 3360 4108 καθὼς
3379 4046 3479 4099 οὐκ
3508 4045 3686 4098 ἐδοκί-

2117 4157 2255 4210 μασε
2301 4141 2390 4193 τὸν
2432 4140 2564 4193 Θεὸν
2606 4138 2750 4208 ἔχειν
2791 4139 2848 4192 ἐν
2891 4138 3089 4208 ἐαυτῷ,
3139 4136 3567 4208 παραδιδομένου
3606 4139 3690 4200 εἰς

2113 4231 2373 4302 ἀδόκιμον
2397 4229 2521 4284 νοῦν
2564 4232 2738 4283 ποιεῖν
2773 4229 2841 4281 τὰ
2870 4229 2942 4300 μὴ
2979 4229 3306 4299 καθήκοντα.
3345 4227 3408 4278 Ἦ
3443 4226 3500 4280 δέ
3532 4226 3690 4298 χρεία

2114 4321 2209 4376 τοῦ
2259 4322 2618 4394 πειράζεσθαι
2661 4322 2886 4391 τοιαύτη
2922 4322 3006 4384 τίς
3046 4323 3211 4372 ἐστιν.
3255 4321 3432 4390 "Amp
3474 4319 3690 4384 ἐδέξατο

433 4416 734 4473 calliditate
799 4417 1271 4486 deprehendisset.
1334 4419 1402 4473 At
1455 4434 1633 4487 neque
1687 4419 1820 4472 Cain
1885 4427 1997 4469 tum

2116 4412 2274 4484 ἡμῶν
2301 4416 2334 4484 ἡ
2365 4414 2509 4485 ψυχὴ
2543 4414 2872 4466 λανθάνοντα
2900 4412 3108 4474 πάντας
3133 4410 3206 4479 (6)
3247 4409 3384 4478 πλὴν
3412 4409 3506 4462 τοῦ
3531 4408 3687 4472 Θεοῦ,

433 4509 612 4564 malus
655 4525 779 4564 esse
838 4512 1008 4577 cmpit
1057 4527 1180 4566 cum
1249 4513 1448 4566 occidit
1501 4511 1762 4573 fratrem,
1815 4509 2013 4578 quippe

431 4599 544 4668 jam
592 4613 750 4654 antea
799 4607 866 4654 ad
909 4602 1043 4655 Cain
1091 4617 1138 4658 et
1179 4605 1250 4657 ad
1275 4604 1554 4672 sacriﬁcia
1593 4603 1708 4672 ejus
1754 4618 1852 4654 non
1900 4617 2010 4653 res-

435 4702 647 4758 pexerat
697 4692 741 4724 ³⁸
795 4696 1040 4749 cordinm
1102 4698 1383 4764 inspector
1439 4696 1578 4749 Dens
1633 4715 1648 4750 :
1700 4704 1908 4746 tantum
1962 4693 2012 4745 in

439 4782 615 4835 lucem
658 4787 922 4851 processit
962 4788 1078 4854 ejus
1111 4788 1340 4850 malitia,
1377 4803 1500 4841 cum
1551 4785 1682 4838 Abel
1720 4783 2013 4836 interemit.

439 4869 554 4924 Nisi
589 4871 771 4924 vinum
803 4874 943 4940 quod
973 4875 1332 4943 plantaverat,
1359 4875 1590 4930 bibisset
1613 4874 1745 4934 Noe,
1776 4871 2012 4925 inebria-

442 4969 642 5029 tusqne
671 4971 726 5015 et
757 4963 994 5018 nudatus
1022 4977 1166 5019 esset
1201 4965 1268 5031 “,
1302 4982 1406 5021 non
1445 4965 1788 5035 apparuisset
1842 4977 2014 5030 neque

439 5052 632 5110 Cbami
666 5054 918 5121 procacia
950 5065 1006 5108 et
1044 5056 1097 5108 in
1138 5065 1346 5125 patrem
1383 5057 1653 5125 impietas,
1695 5069 1870 5123 neque
1904 5053 2012 5106 fra-

514 5169 560 5200 ¹⁷
591 5169 756 5222 Exod.
799 5182 849 5222 tr
871 5207 885 5232 ,
916 5167 1005 5222 27.
1107 5170 1153 5200 ’⁸
1183 5168 1341 5223 Prov.
1369 5186 1382 5221 ι
1407 5210 1422 5232 ,
1456 5169 1541 5222 l7.

441 5237 494 5273 ³⁸
523 5240 682 5303 Ibid.,
717 5239 803 5292 i5.

515 5335 593 5403 (3)
627 5334 808 5388 Codex
848 5351 978 5399 ms.,
1005 5335 1131 5388 πόα.
1158 5334 1336 5388 Editio
1371 5333 1572 5396 Oxon.,
1603 5334 1748 5386 ποία.
1786 5332 1948 5388 Male.

521 5404 618 5475 (δ’)
648 5406 847 5475 Snpple
870 5405 1120 5469 ἑαυτούς.
1155 5407 1180 5456 Ι·
1200 5421 1313 5460 DIT.
1343 5405 1582 5475 l‘nnon.

520 5469 611 5550 ('4)
637 5469 816 5528 (lodéx
871 5492 1000 5550 ιιιε..
1066 5477 1317 5546 πάσχειν.
1350 5475 1527 5550 Editio
1548 5469 2016 5550 _0xort..-1tdgxat.

449 5543 620 5617 Paulo
649 5552 768 5614 post
791 5547 960 5599 codex
987 5561 1111 5606 ms.,
1138 5543 1496 5617 καταφρονῶν
1531 5543 1606 5604 ὡς
1637 5543 1828 5595 κακοῦ.
1881 5543 2019 5597 Ειιιι.

449 5614 675 5686 Oxon,
695 5618 1056 5686 καταφρονεῖν
1095 5617 1170 5680 ὡς
1198 5614 1390 5669 κακοῦ.

525 5683 626 5754 (ιο)
653 5685 755 5737 Alii
788 5682 970 5754 legunt
998 5685 1098 5755 ἔτι,
1131 5687 1345 5742 melius.
1379 5685 1535 5740 Ευιτ.
1565 5682 1804 5738 Ρλτιιοι..

1651 5170 1696 5200 ”
1725 5168 1870 5222 Psal.
1900 5184 2025 5231 μιν,
2070 5169 2152 5221 11.

894 5238 940 5269 ³⁸
968 5239 1127 5306 lbid.,
1151 5240 1207 5293 2.
1282 5240 1326 5270 ³⁵
1351 5239 1487 5295 Gen.
1522 5254 1594 5299 tv,
1623 5237 1676 5290 5.
1755 5241 1799 5269 ³⁸
1826 5240 1961 5294 Gen.
1994 5255 2067 5304 Ix,
2092 5239 2182 5293 2i.

2115 4509 2251 4562 ἀλλὰ
2275 4508 2370 4560 καὶ
2388 4509 2532 4578 ἡμᾶς
2560 4507 2776 4569 αὐτοὺς,
2805 4503 3012 4574 φανερά
3038 4501 3125 4554 διὰ
3146 4501 3251 4553 τῶν
3269 4498 3588 4570 πειρασμῶν
3607 4498 3689 4565 γί-

2117 4616 2289 4661 νεται,
2314 4598 2400 4650 ἵνα
2426 4598 2620 4667 μηκέτι
2643 4597 2988 4665 λανθάνωμεν
3002 4593 3174 4646 ὁποῖοί
3199 4591 3331 4644 ποτέ
3353 4593 3539 4659 ἐσμεν,
3556 4587 3691 4643 ἀλλὰ

2083 4680 2089 4686 ’
2119 4689 2211 4741 καί
2245 4689 2445 4750 αὐτοὺς
2484 4686 2953 4756 ἐπιγινώσκοντες,
2994 4681 3406 4751 συναισθώμεθα
3434 4681 3533 4732 ἐὰν
3573 4679 3692 4749 βου-

2118 4779 2338 4848 λὼμεθα
2366 4777 2471 4831 τῶν
2500 4777 2640 4830 ἰδίων
2667 4775 2874 4839 κακῶν,
2902 4776 2995 4827 καὶ
3023 4771 3436 4843 εύχαριστῶμεν
3465 4770 3559 4822 ἐπὶ
3583 4771 3691 4832 τοῖς

2123 4868 2544 4940 φανερουμένοις
2595 4869 2727 4936 ἡμῖν
2778 4865 2866 4918 διὰ
2917 4864 3024 4916 τῶν
3080 4862 3401 4934 πειρασμῶν
3449 4861 3689 4928 ἀγαθοῖς.

2124 4963 2243 5015 Ὅτι
2271 4961 2328 5014 δέ
2362 4962 2410 5012 οἱ
2437 4959 2718 5029 γενόμενοι
2747 4955 3040 5027 πειρασμοί
3065 4954 3206 5024 ὺπέρ
3235 4953 3326 5005 τοῦ
3357 4951 3692 5020 ἀναφανῆναι

2119 5057 2268 5125 ἡμᾶς
2311 5053 2507 5116 οἵτινές
2543 5050 2675 5104 ποτέ
2707 5052 2893 5120 ἐσμεν,
2929 5048 2962 5118 ἢ
3000 5045 3398 5115 διαγνωσθῆναι
3440 5043 3510 5096 τὰ
3541 5046 3694 5111 ἐγκε-

2243 5168 2288 5199 ³⁰
2323 5167 2479 5222 ﬂetu.
2534 5183 2572 5221 ι.
2675 5165 2719 5196 ⁸⁸
2751 5163 2852 5218 Job
2884 5178 2983 5227 XL,
3016 5161 3071 5213 5.
3186 5159 3230 5190 ³·
3263 5159 3417 5212 Deut.
3455 5171 3584 5218 vui,
3637 5155 3689 5208 3.

2190 5333 2266 5403 (5)
2298 5332 2478 5387 Codex
2533 5345 2663 5394 ms.,
2708 5326 2818 5382 τῶν
2856 5324 3117 5397 καρδιῶν.
3148 5320 3326 5376 Editio
3356 5319 3511 5374 Oxon
3541 5356 3557 5380 ,
3599 5314 3691 5384 τῆς

2128 5403 2376 5474 καρδίας.
2783 5466 2794 5478 ο
3651 5451 3661 5462 Ι

2197 5473 2272 5542 ιθ)
2309 5471 2566 5542 Πάντας.
2597 5477 2704 5522 etc.
2739 5465 2830 5542 Sic
2860 5461 3208 5542 rectebabct
3232 5457 3400 5542 epilth
3432 5470 3553 5542 ius;
3569 5451 3692 5542 Ed:

2129 5519 2703 5605 tin‘vzlm-t-ewmiason;
2725 5537 2898 5592 πάντα
2941 5531 3078 5604 πλὴν
3114 5529 3206 5583 τοῦ
3239 5527 3396 5592 Θεοῦ,
3420 5523 3558 5579 ἀλλὰ
3603 5519 3692 5577 καὶ

2129 5614 2256 5683 ἡμῖν
2280 5611 2479 5673 αὐτοῖς.
