3974 6160
358 255 474 309 543

1570 261 1907 319 LIBELLUS
1938 266 2026 321 DE
2055 267 2423 327 ORATIONE.

3504 282 3608 338 διο

356 372 661 444 κρυμμένα
686 377 753 446 τῇ
794 377 993 450 καρδίᾳ
1022 378 1199 450 ήμῶν,
1236 378 1495 447 γίνονται,
1547 381 1843 454 παρίστησι
1887 385 1938 437 τὸ

2050 397 2190 443 trum
2221 391 2459 461 gravitas
2507 400 2561 445 et
2596 390 2652 445 in
2696 391 2993 459 genitorem
3025 395 3327 449 reverentia
3358 397 3426 453 ³⁷.
3467 397 3614 454 Esau

356 461 471 516 ὑπὸ
503 464 600 517 τοῦ
630 466 834 537 Κυρίου
865 469 923 521 ἐν
952 469 1031 540 τῷ
1082 468 1201 523 Ἰὼϐ
1231 470 1542 541 λεγόμενον,
1564 473 1660 526 καὶ
1688 474 1749 526 τὸ
1774 476 1831 527 ἐν
1870 477 1948 546 τῷ

355 555 774 628 Δεύτερονομίῳ
807 562 1188 631 γεγραμμένον
1209 604 1223 627 ,
1259 562 1430 627 οὓτως
1472 565 1683 634 ἔχοντα·
1731 567 1850 620 Οἴει
1881 567 1948 621 δέ

353 661 432 714 με
459 646 669 713 ἄλλως
686 663 786 703 σοι
802 653 1315 720 κεχρηματικέναι,
1343 654 1379 723 ἢ
1404 656 1501 711 ἵνα
1526 656 1841 725 ἀναφανῇς
1862 657 1949 710 δί-

355 754 575 804 καιος;
604 741 715 793 Καὶ
744 744 801 794 ἐν
830 742 909 812 τῷ
946 746 1345 817 Δευτερονομίῳ
1388 746 1577 810 οὕτως·
1641 747 1947 803 Ἐκάκωσέ

356 844 435 881 σε
453 829 557 880 καὶ
575 831 1021 900 ἐλιμαγχόνησέ
1036 850 1128 899 σε,
1150 836 1248 888 καί
1268 837 1532 907 ὲψώμισέ
1549 853 1625 892 σε
1647 839 1712 891 τὸ
1720 841 1943 908 μάννα,

356 923 462 975 καὶ
493 923 743 999 διήγαγέ
764 927 926 979 σεὲν
948 927 1025 996 τῇ
1055 929 1249 999 ἐρήμῳ
1288 929 1358 987 οὗ
1390 933 1523 1001 ὄφις
1551 933 1807 997 δάκνων,
1847 936 1944 988 καὶ

355 1014 683 1079 σκορπίος,
728 1014 826 1067 καὶ
867 1014 1035 1084 δίψα,
1084 1017 1244 1085 ὅπως
1288 1020 1630 1090 διαγνωσθιῖ
1668 1022 1739 1076 τὰ
1770 1023 1840 1076 ἐν
1872 1022 1946 1091 τῇ

358 1102 591 1169 καρδίᾳ
621 1119 756 1160 σου.
788 1107 853 1159 ΕΞ
876 1107 931 1159 δὲ
958 1108 1051 1159 καὶ
1077 1109 1182 1161 ἀπὸ
1205 1110 1305 1180 τῆς
1336 1111 1576 1182 ἱστορίας
1602 1112 1948 1184 ἀναμνησθῆ-

357 1209 450 1245 ναι
502 1193 828 1263 βουλόμεθα,
871 1197 1042 1249 ἰστέον
1091 1199 1172 1251 ὅτι
1219 1200 1279 1252 τὸ
1319 1201 1716 1271 εύεξαπάτητον
1754 1204 1846 1255 καὶ
1887 1203 1948 1255 τὸ

357 1280 575 1352 σαθρὸν
600 1282 692 1334 τοῦ
716 1283 973 1355 λογισμοῦ
1000 1287 1169 1357 αὐτῆς
1192 1288 1289 1359 (7),
1314 1290 1411 1359 οὐχ
1442 1291 1529 1342 ὅτε
1555 1291 1803 1361 παρακού
1814 1308 1948 1345 σασα

352 1371 452 1423 τοῦ
481 1373 628 1425 Θεοῦ
653 1374 746 1427 τοῦ
776 1376 950 1444 ὄφεως
982 1379 1233 1447 ἤκουσεν,
1269 1380 1496 1451 ὑπέστη⁸
1529 1381 1663 1434 ἀλλά
1693 1381 1786 1435 καὶ
1814 1382 1948 1453 πρό-

351 1478 522 1532 τερον
557 1463 616 1515 ὃν
656 1464 906 1535 ἐλέγχθη,
936 1468 1030 1519 τοῦ
1063 1468 1237 1536 ὄφεως
1275 1469 1361 1522 διὰ
1392 1471 1548 1523 τοῦτο
1576 1472 1713 1542 αὐτῇ
1749 1489 1949 1543 προσε-

352 1551 680 1620 ληλυθότος,
722 1556 814 1608 ἐπὶ
854 1557 927 1626 (8)
966 1561 1031 1628 τῇ
1084 1559 1190 1629 ίδία
1234 1561 1586 1632 φρονιμότητι
1625 1563 1949 1616 ἀντελάϐετο

349 1645 455 1715 τῆς
491 1645 779 1710 ἀσθενείας
807 1649 994 1718 αὐτῆς.
1042 1649 1175 1701 Ἀλλ’
1203 1651 1321 1703 οὐδὲ
1349 1653 1407 1704 ἐν
1436 1652 1515 1722 τῷ
1541 1654 1680 1707 Κάῖν
1714 1656 1948 1725 πονηρία

2049 479 2105 533 ἰη
2149 479 2314 535 Jacob
2364 482 2574 537 insidiae
2630 482 3022 538 benedictionis
3076 485 3344 552 subreptae
3387 485 3615 543 obtentu

2051 569 2168 623 ﬁeri
2199 579 2448 637 poterant
2480 573 2650 626 videri
2679 578 2759 637 ἐς
2790 584 2845 626 at
2887 574 3199 642 priusquam
3235 577 3286 629 id
3322 577 3613 641 accideret,

2046 666 2165 709 erat
2222 658 2273 709 in
2324 659 2503 712 anima
2556 661 2672 728 ejus
2725 662 2879 714 radix
2937 662 3093 731 cujus
3141 665 3272 718 vitio
3321 664 3615 731 fornicator

2048 759 2190 799 esset
2245 755 2303 802 et
2360 750 2616 818 profanus
2646 751 2712 806 ³³.
2770 748 2990 821 Josephi
3031 753 3422 807 continentiam
3461 755 3613 809 illus-

2054 842 2190 886 trem
2235 850 2339 903 qua
2376 837 2457 889 sic
2501 846 2619 890 erat
2659 852 3012 907 comparatus
3048 858 3119 896 ne
3166 843 3270 897 ulla
3320 846 3616 914 cupiditate

2047 935 2335 991 caperetur
2354 965 2368 986 ,
2394 941 2500 978 nou
2524 940 2999 996 cognosceremus,
3029 933 3070 985 si
3099 943 3312 987 amatus
3344 949 3373 987 a
3399 934 3616 989 domina

2049 1030 2154 1068 non
2167 1015 2689 1085 esset‘°.Proplerea
2717 1020 2767 1073 in
2797 1022 3199 1077 succedentium
3227 1025 3328 1079 sibi
3365 1027 3618 1081 teutatio—

2052 1122 2179 1158 nmu
2208 1106 2502 1162 intervallis
2520 1120 2725 1164 stemus
2746 1120 2797 1162 et
2818 1110 2883 1162 ad
2904 1111 3078 1164 futura
3102 1129 3199 1165 nos
3219 1129 3613 1183 comparemus,

2049 1214 2385 1267 qua'cunque
2428 1200 2647 1254 tandem
2686 1199 2895 1269 possint
2937 1201 3204 1262 accidere,
3248 1211 3307 1256 ut
3356 1202 3617 1270 quidquid

2048 1289 2367 1358 contigerit,
2406 1306 2514 1345 non
2561 1290 2855 1359 imparatos
2891 1307 2989 1344 nos
3035 1302 3247 1358 arguat,
3278 1294 3372 1347 sed
3410 1294 3617 1348 studio-

2049 1377 2263 1432 sissime
2286 1384 2616 1448 compositos
2645 1384 2919 1435 ostendat.
2946 1380 3099 1446 Quod
3133 1380 3276 1433 enim
3312 1396 3407 1448 per
3433 1381 3617 1436 buma-

2051 1482 2175 1520 nam
2209 1470 2381 1524 deerit
2422 1471 2871 1533 imbecillitatem,
2905 1486 3028 1524 cum
3068 1470 3461 1538 perfecerimus
3495 1485 3617 1540 quae

2052 1558 2104 1611 in
2137 1558 2290 1616 nobis
2330 1570 2455 1616 sunt
2490 1561 2698 1625 omnia,
2730 1562 2780 1615 id
2813 1560 3132 1627 adimplebit
3164 1561 3325 1625 Deus,
3359 1561 3453 1628 qui
3490 1562 3621 1614 dili-

2050 1655 2287 1724 gentibus
2328 1668 2383 1705 se
2424 1649 2601 1703 omnia
2640 1661 2949 1715 cooperatur
2971 1652 3026 1704 in
3065 1652 3257 1702 bonum
3280 1650 3347 1713 “,
3384 1651 3451 1705 iis
3481 1666 3618 1721 quos

349 1735 571 1805 ἤρξατο
600 1738 863 1805 γίνεσθαι.
900 1740 989 1792 ὅτε
1027 1742 1318 1795 ἀπέκτεινε
1348 1744 1437 1796 τὸν
1482 1746 1712 1815 ἀδελφὸν
1746 1746 1938 1801 αὐτοῦ·

2053 1746 2348 1801 secundum
2385 1743 2795 1798 veracissimam
2836 1757 2992 1797 suam
3023 1742 3422 1809 prazscieutiam
3462 1742 3620 1812 quid-

350 1827 453 1878 καὶ⁹
496 1830 765 1898 πρότερον
807 1831 914 1901 γὰρ
953 1833 1052 1885 ἐπὶ
1101 1834 1180 1899 τῷ
1220 1835 1371 1888 Κάϊν
1413 1837 1511 1890 καὶ
1541 1837 1671 1903 ταῖς
1711 1841 1938 1904 θυσίαις

2055 1836 2182 1906 quid
2217 1834 2382 1887 futuri
2410 1842 2535 1888 sunt
2557 1832 2821 1903 praevidit.

348 1914 552 1968 αὑτοῦ
595 1920 665 1970 οὐ
715 1921 1058 1991 προσέσχεν
1095 1926 1123 1976 6
1169 1926 1609 1997 καρδιογνώστης
1638 1928 1795 1991 Θεόςσ
1835 1930 1914 1991 είς
1963 1928 2196 1998 φανερὸν
2241 1926 2298 1978 δὲ
2343 1920 2505 1995 ἦλθεν
2550 1926 2583 1993 ἡ
2622 1923 2786 1976 κακία
2825 1921 3011 1987 αὑτοῦ,
3057 1924 3144 1976 ὅτε
3197 1923 3269 1994 (9)
3315 1922 3488 1976 ἀνεῖλε
3529 1922 3621 1978 τὸν

357 2007 557 2063 Ἀϐελ.
622 2012 780 2066 Ἀλλά
824 2016 917 2068 καὶ
954 2017 1003 2068 εί
1052 2017 1126 2089 μὴ
1177 2018 1314 2072 πιὼν
1356 2016 1415 2073 οὗ
1457 2020 1773 2091 γεώργησεν
1818 2022 1984 2086 οἴνου,
2028 2019 2303 2089 ἐμεθύσθη
2331 2017 2502 2071 όΝῶε
2532 2016 2625 2069 καὶ
2648 2015 3009 2086 ἐγεγύμνωτο,
3032 2016 3212 2069 οὐκᾶν
3234 2017 3471 2086 ἀνεφάνη
3496 2015 3620 2070 οὔτε

364 2099 402 2167 ἡ
448 2100 549 2152 τοῦ
585 2100 713 2172 Χάμ
754 2104 1053 2171 προπέτεια
1098 2108 1191 2160 καὶ
1234 2109 1312 2171 είς
1344 2109 1434 2160 τὸν
1478 2110 1691 2180 πατέρα
1737 2110 1989 2173 ἀσέϐεια,
2027 2108 2149 2162 οὒτε
2175 2110 2208 2178 ἡ
2234 2108 2343 2160 τῶν
2375 2107 2620 2175 ἀδελφῶν
2663 2106 2824 2161 αὑτοῦ
2860 2106 3143 2176 σεμνότης,
3175 2108 3268 2159 καὶ
3298 2106 3458 2168 αἰδὼς
3486 2109 3622 2177 πρὸς

360 2192 459 2245 τὸν
490 2196 875 2266 γεγεννηκότα.
913 2199 1023 2251 Καὶ
1062 2201 1094 2269 ἡ
1130 2200 1269 2252 κατὰ
1295 2201 1389 2253 τοῦ
1430 2201 1622 2255 Ἰακὼϐ
1657 2202 1753 2255 τοῦ
1795 2202 1964 2256 Ἡσαῦ
2008 2202 2266 2271 ἐπιϐουλὴ
2306 2201 2574 2270 πρόφασιν
2610 2200 2785 2264 ἔδοξεν
2813 2200 3101 2269 ἐσχηκέναι
3116 2199 3213 2269 τὴν
3249 2200 3347 2269 τῆς
3376 2201 3622 2269 εὐλογίας

352 2286 687 2358 ἀφαίρεσιν·
759 2291 1018 2362 πρότερον
1068 2293 1124 2345 δὲ
1170 2294 1396 2359 τούτου,
1462 2298 1619 2367 ῥίζας
1676 2296 1769 2350 τοῦ
1827 2298 2050 2365 πιξρνος
2092 2297 2186 2349 καὶ
2218 2294 2486 2362 βέϐηλος
2527 2290 2664 2346 εἶναι
2699 2290 2843 2363 εἶχεν
2901 2291 3065 2345 αὐτοῦ
3124 2295 3158 2363 ἡ
3195 2292 3373 2362 ψυχή’
3415 2293 3514 2363 τήν
3560 2309 3621 2345 τε

349 2380 719 2453 λαμπρότητα
766 2386 865 2456 τῆς
917 2385 1012 2438 τοῦ
1083 2388 1278 2458 Ἰωσὴφ
1331 2392 1705 2461 σωφροσύνης,
1764 2390 2281 2463 παρεσκευασμένου
2332 2384 2494 2458 ’πρὸς
2548 2387 2609 2440 τὸ
2679 2387 2753 2457 μὴ
2802 2385 3000 2439 ἁλῶναι
3067 2386 3170 2439 ὑπό
3229 2401 3373 2447 τινος
3431 2383 3620 2437 ἐπιθυ-

353 2471 520 2540 μίας,
553 2473 653 2524 ούκ
686 2474 751 2525 ἂν
780 2474 1131 2545 ἐγνώκειμεν,
1181 2478 1254 2548 μὴ
1290 2481 1615 2551 ἐρασθείσης
1665 2482 1828 2534 αὑτοῦ
1878 2482 1978 2550 τῆς
2028 2482 2316 2550 δεσποίνης
2354 2481 2487 2551 (10).
2545 2477 2643 2530 Διά
2691 2477 2848 2529 τοῦτο
2902 2478 2961 2529 ἐν
3011 2479 3123 2538 τοῖς
3169 2474 3368 2546 μεταξὺ
3410 2479 3621 2544 καιροῖς

346 2562 460 2631 τῆς
516 2563 623 2615 τῶν
682 2566 1001 2636 πειρασμῶν
1048 2568 1295 2639 διαδοχῆς
1348 2573 1623 2643 ἱστάμενοι
1680 2575 1816 2644 πρὸς
1863 2573 1932 2626 τὰ
1960 2574 2305 2644 ἐνεστηκότα,
2336 2569 2883 2642 παρασκευαζώμεθα
2915 2569 3051 2640 πρὸς
3080 2569 3148 2622 τά
3198 2568 3398 2621 δυνατά
3442 2568 3622 2622 πάντα

352 2652 670 2721 συμϐῆναι,
717 2655 781 2707 ἵν’
814 2656 842 2707 ὃ
885 2672 940 2708 τι
978 2657 1095 2709 ποτ’
1144 2657 1208 2711 ἂν
1252 2660 1479 2732 γένηται
1524 2663 1673 2733 (Η),
1718 2664 1792 2735 μὴ
1856 2663 2200 2734 ἐλεηθῶμεν
2251 2663 2326 2725 ὼς
2372 2663 2675 2731 ἀνέτοιμοι,
2729 2660 2863 2713 ἀλλὰ
2906 2660 3307 2731 φανερωθῶμεν
3369 2659 3444 2721 ὡς
3501 2658 3622 2713 ἐπι-

356 2742 670 2813 μελέστατα
710 2747 938 2811 ἑαυτοὺς
988 2752 1479 2821 συγκροτήσαντεςί
1528 2755 1591 2807 τὸ
1634 2755 1740 2827 γὰρ
1795 2757 2038 2810 ἐλλεῖπον
2091 2757 2179 2809 διὰ
2228 2757 2326 2826 τὴν
2378 2753 2723 2825 ἀνθρωπίνην
2778 2752 3099 2815 ἀσθένειαν,
3138 2753 3275 2805 ἐπὰν
3330 2752 3507 2804 πάντα
3550 2750 3619 2806 τὰ

350 2832 482 2887 καθ’
513 2836 736 2898 ἑαυτοὺς
759 2839 1177 2910 ἐπιτελέσωμεν,
1209 2841 1485 2912 πληρώσει
1512 2846 1539 2896 6
1565 2845 1714 2907 Θεὸς,
1749 2847 1777 2897 6
1820 2846 1942 2911 τοῖς
1973 2846 2288 2916 ἀγαπῶσιν
2325 2845 2513 2899 αὑτὸν
2542 2843 2738 2897 πάντα
2771 2843 3081 2913 συνεργῶν
3102 2846 3190 2908 είς
3227 2843 3467 2912 ἀγαθὸν,
3506 2846 3619 2907 τοῖς

348 2926 502 2984 κατά
527 2929 623 2999 τὴν
656 2929 860 3000 ἀψευδῆ
894 2931 1200 3001 πρόγνωσιν
1229 2933 1416 2997 αὑτοῦ,
1451 2936 1479 2987 ὃ
1498 2934 1549 2987 τί
1571 2953 1699 2989 ποτε
1731 2936 1941 2989 ἔσονται
1969 2940 2098 3009 παρ’
2127 2940 2310 2999 αὐτοῖς
2334 2936 2796 3007 προεωραμένοις.

425 3022 585 3073 Δοκεῖ
618 3021 676 3072 δέ
725 3037 815 3090 μοι
853 3022 881 3072 6
914 3022 1128 3085 Λουκᾶς
1164 3022 1250 3076 διά
1281 3023 1373 3076 τοῦ
1398 3041 1413 3054 '
1448 3025 1545 3093 Μὴ
1580 3026 1930 3096 εἰσενέγκῃς

2104 3028 2266 3099 265
2293 3025 2382 3082 30.
2416 3027 2640 3081 Videtur
2681 3026 2809 3078 mihi
2845 3024 3025 3079 Lucas
3051 3025 3135 3078 his
3178 3024 3381 3087 verbis,
3415 3042 3479 3079 ne
3516 3042 3611 3081 nos

352 3110 518 3182 ἡμᾶς
556 3113 642 3176 εὶς
687 3111 1036 3181 πειρασμόν,
1070 3112 1293 3184 δυνάμει
1347 3115 1673 3186 δεδιδαχέναι
1716 3117 1811 3170 καὶ
1852 3118 1933 3170 τό·

360 3204 579 3260 Ῥὗσαι
606 3201 763 3272 ἡμᾶς
794 3203 910 3257 ἀπὸ
941 3203 1045 3256 τοῦ
1081 3206 1367 3273 πονηροῦ.
1398 3208 1506 3259 Καὶ
1541 3208 1687 3270 είκός
1713 3225 1771 3259 τε
1800 3209 1937 3279 πρὸς

353 3297 456 3367 μὲν
490 3295 582 3348 τὸν
617 3294 883 3365 μαθητὴν,
918 3294 1013 3348 ἅτε
1047 3294 1111 3366 δὴ
1145 3296 1516 3367 ώφελημένον,
1548 3299 1821 3368 εἰρηκέναι
1845 3298 1935 3351 τὸν

349 3386 561 3457 Κύριον
592 3386 654 3437 τὸ
678 3385 1104 3457 ἐπιτομώτερον,
1140 3387 1272 3457 πρὸς
1305 3387 1361 3439 δὲ
1393 3389 1517 3450 τοὺς
1544 3388 1794 3452 πλείονας
1820 3390 1934 3443 δεο-

350 3476 551 3547 μένους
576 3474 897 3545 τρανότερον
933 3474 1042 3545 (12)
1073 3474 1437 3540 διδασκαλίας,
1476 3476 1537 3528 τὸ
1584 3477 1930 3549 σαφέστερον.

360 3567 583 3623 Ῥύεται
620 3568 677 3619 δὲ
708 3568 854 3637 ἡμᾶς
879 3570 907 3620 6
944 3566 1076 3630 Θεὸς
1108 3567 1215 3620 ἀπὸ
1254 3567 1348 3620 τοῦ
1382 3569 1641 3639 πονηροῦ,
1684 3571 1803 3639 οὐχὶ
1844 3572 1933 3622 ὅτε

346 3658 607 3729 οὐδαμῶς
651 3659 782 3729 ἡμῖν
826 3658 1107 3729 πρόσεισιν
1148 3658 1513 3711 ἀντιπαλαεων
1558 3660 1586 3712 6
1636 3660 1823 3731 ἐχθρὸς
1867 3661 1932 3714 δι’

344 3753 480 3806 οἴων
508 3752 707 3821 δήποτε
738 3749 1026 3822 μεθοδειῶν
1052 3751 1266 3816 ἑαυτοῦ,
1298 3753 1389 3804 καὶ
1415 3754 1703 3824 ὑπηρετῶν
1724 3754 1818 3807 τοῦ
1847 3755 1933 3808 θε-

344 3844 596 3916 λήματος
620 3843 805 3907 αύτοῦ,
837 3843 952 3896 ἀλλ’
975 3844 1062 3895 ὅτε
1093 3842 1331 3915 νικῶμεν
1362 3844 1621 3919 ἀνδρείως
1654 3847 1932 3917 ἱστάμενοι

346 3938 492 4008 πρὸς
516 3935 585 3988 τά
618 3935 1002 4005 συμϐαίνοντα.
1032 3933 1216 3997 Οῦτως
1246 3936 1302 3988 δὲ
1331 3934 1692 4007 ἐξειλήφαμεν
1720 3938 1813 3991 καὶ
1835 3938 1895 3991 τό
1913 3955 1927 3970 ·

343 4027 581 4083 Πολλαὶ
605 4030 664 4079 αἱ
689 4026 926 4093 θλίψεις
945 4023 1063 4077 τῶν
1086 4024 1346 4091 δικαίων,
1382 4026 1479 4080 καὶ
1498 4029 1565 4080 ἐκ
1588 4028 1800 4081 πασῶν
1827 4032 1933 4084 αὺ-

346 4121 467 4175 τῶιν
495 4122 701 4187 ῥύεται
730 4120 974 4185 αὐτούς.
1020 4120 1234 4172 Ῥύεται
1282 4120 1390 4194 γὰρ
1422 4122 1531 4175 ἀπὸ
1560 4124 1668 4176 τῶν
1700 4124 1930 4193 θλίψεων

346 4214 375 4264 6
405 4212 563 4275 Θεὸς,
610 4211 729 4279 οὐχὶ⁵
762 4210 837 4281 μὴ
869 4210 1168 4280 γινομένων
1200 4210 1277 4264 ἔτι
1324 4211 1575 4281 θλίψεων,
1620 4215 1732 4282 εἴγε
1781 4215 1875 4266 καὶ
1902 4215 1932 4265 6

2038 3122 2263 3174 inducas
2289 3120 2343 3172 in
2367 3118 2726 3181 tentationem,
2751 3117 2915 3168 etiam
2946 3118 3121 3183 reipsa
3159 3117 3413 3170 docuisse
3439 3117 3569 3171 illud
3595 3136 3611 3176 :

2039 3210 2229 3265 Libera
2256 3226 2348 3263 nos
2370 3228 2400 3262 a
2427 3208 2591 3261 malo.
2617 3207 2681 3260 Et
2708 3210 2775 3261 ad
2797 3208 3121 3275 discipulum
3149 3209 3388 3275 quidem,
3417 3210 3614 3278 quippe

2039 3304 2130 3373 qui
2167 3301 2280 3369 jam
2336 3302 2663 3369 profecerat,
2711 3299 3009 3352 verisimile
3050 3308 3134 3354 est
3182 3301 3467 3354 Dominum
3520 3316 3616 3368 per

2038 3396 2419 3463 compendium
2467 3392 2638 3446 fuisse
2685 3392 2954 3453 locutum;
3005 3391 3071 3442 ad
3123 3391 3376 3458 populum
3430 3402 3610 3446 autern

2037 3483 2123 3536 cui
2154 3483 2438 3550 perspicua
2468 3481 2646 3549 magis
2678 3479 2926 3533 doctrina
2969 3493 3106 3545 opus
3144 3490 3311 3544 esset,
3345 3480 3607 3546 apertius.

2036 3571 2258 3625 Liberat
2304 3579 2485 3623 autem
2530 3584 2631 3621 nos
2672 3584 2702 3621 a
2744 3567 2886 3620 malo
2931 3568 3089 3628 Deus,
3139 3582 3243 3620 non
3294 3582 3418 3620 cum
3458 3567 3608 3621 nullo

2036 3677 2137 3716 nos
2157 3661 2463 3715 certamine
2486 3660 2739 3712 inimicus
2760 3657 3075 3726 aggreditur
3096 3657 3375 3725 quibusvis
3400 3657 3611 3713 artibus

2035 3752 2173 3814 suis,
2218 3761 2273 3804 et
2310 3749 2573 3803 ministris
2616 3746 2914 3801 voluntatis
2954 3760 3103 3811 suae;
3148 3746 3242 3801 sed
3273 3761 3395 3799 cum
3436 3746 3610 3801 vinci-

2036 3857 2180 3906 mus,
2226 3842 2494 3895 adversus
2532 3854 2607 3892 .ea
2659 3854 2781 3907 quae
2824 3837 3078 3891 accidunt
3126 3837 3342 3892 fortiter
3388 3838 3606 3894 stando.

2034 3932 2127 3988 Sic
2150 3933 2445 4001 accipimus
2461 3940 2517 3985 et
2534 3930 2661 3983 illud
2685 3929 2897 3983 :illultte
2914 3929 3283 3983 tribulationes
3298 3929 3604 3998 justorum;

2032 4035 2080 4080 et
2103 4028 2167 4078 de
2196 4024 2434 4077 omnibus
2457 4023 2537 4074 his
2570 4022 2757 4074 liberat
2790 4036 2875 4075 eos
2900 4020 2965 4071 δ’.
2997 4020 3218 4074 Liberat
3251 4020 3395 4075 enim
3427 4022 3603 4075 tribu-

2033 4116 2326 4170 lationibus
2376 4115 2519 4168 Deus
2561 4128 2665 4166 non
2722 4113 2798 4166 ita
2840 4121 2902 4165 ut
2950 4112 3328 4165 tribulationes
3371 4113 3602 4179 amplius

2034 4224 2139 4262 non
2176 4209 2450 4274 ingruant,
2477 4206 2520 4259 si
2552 4205 2776 4273 quidem
2807 4215 2861 4256 et
2886 4201 3085 4256 Paulus
3115 4202 3191 4255 ait
3217 4219 3231 4254 :
3259 4201 3327 4255 In
3361 4202 3600 4255 omnibus

348 4300 562 4363 Παῦλός
600 4314 731 4368 φησι
765 4297 849 4368 τὸ,
893 4297 999 4350 Ἐν
1024 4297 1202 4349 παντὶ
1253 4300 1608 4368 θλιϐόμενοι,
1662 4300 1737 4362 ὡς
1793 4300 1926 4369 μηδὲ

2039 4299 2425 4352 tribulationem
2456 4297 2691 4362 patimur
2727 4294 2796 4358 ⁸³,
2828 4294 2980 4361 quasi
3022 4303 3297 4361 nunquam
3343 4294 3462 4348 sine
3505 4295 3606 4349 tri-

347 4393 572 4447 πώποτε
605 4391 666 4442 ού
702 4388 1038 4458 θλιϐόμενοι·
1072 4387 1184 4440 ἀλλ’
1218 4389 1306 4441 ὅτε
1342 4388 1666 4459 θλιϐόμενοι,
1704 4388 1925 4460 βοηθείᾳ

2039 4387 2306 4441 bulatione
2330 4385 2530 4446 simus;
2557 4382 2650 4437 sed
2683 4396 2804 4435 cum
2839 4381 3242 4435 tribulationem
3270 4385 3415 4450 passi
3442 4384 3601 4438 auxi-

345 4481 485 4535 Θεοῦ
535 4481 609 4550 μὴ
658 4476 1161 4549 στενοχωρούμεθα·
1216 4478 1310 4531 τοῦ
1357 4478 1454 4549 μὲν
1502 4478 1776 4533 θλίϐεσθαι
1812 4480 1922 4549 (15)

2039 4476 2198 4530 Iiaute
2222 4476 2329 4529 Deo
2353 4489 2460 4527 non
2486 4471 2890 4540 angustiamur:
2919 4471 3193 4527 tribulatio
3213 4476 3355 4527 enim
3376 4474 3602 4529 Hebraeo

347 4574 493 4629 κατά
524 4590 576 4624 τι
609 4570 836 4641 πάτριον
871 4570 996 4641 παρ’
1043 4569 1312 4641 Ἑϐραίοις
1343 4569 1487 4622 οῦτω
1529 4570 1925 4641 σημαινομένου

2039 4566 2264 4634 quodam
2294 4579 2442 4619 more
2477 4563 2530 4617 id
2571 4562 2842 4628 signiticat
2865 4563 3007 4630 quod
3046 4572 3235 4616 contra
3267 4563 3597 4617 voluntatem

350 4664 443 4719 ἐπὶ
463 4662 557 4717 τοῦ
580 4661 955 4734 ἀπροαιρέτως
981 4661 1367 4732 συμϐαίνοντος
1396 4661 1803 4732 περιστατικοῦ,
1830 4660 1923 4714 τοῦ

2039 4660 2323 4712 adversum
2371 4655 2616 4718 obvenit,
2665 4655 2908 4723 angustia
2956 4665 3135 4707 autem
3186 4654 3380 4707 dicitur
3421 4653 3487 4707 de
3532 4670 3597 4709 co

349 4754 408 4808 δὲ
436 4752 884 4826 στενοχωρεῖσθαι
908 4753 1002 4805 ἐπὶ
1025 4753 1119 4806 τοῦ
1151 4752 1537 4824 προαιρετικοῦ
1564 4752 1666 4805 ὑπὸ
1696 4754 1795 4823 τῆς
1819 4752 1927 4805 θλί-

2039 4749 2117 4818 qui
2148 4759 2338 4815 sponte
2367 4747 2706 4802 tribulationi
2732 4746 2873 4799 cedit
2892 4754 2948 4798 et
2977 4744 3046 4797 ab
3072 4758 3134 4797 ea
3163 4744 3417 4797 vincitur.
3447 4742 3600 4800 Unde

423 4868 464 4899 ³⁷
494 4867 631 4921 Gen.
690 4881 764 4922 ix.
797 4865 889 4919 22.
976 4864 1021 4895 ⁸⁸
1042 4863 1178 4917 Gen.
1218 4878 1388 4930 axvtt,
1416 4864 1469 4919 4.
1545 4864 1589 4896 ³⁸
1621 4864 1785 4919 llebr.
1820 4880 1918 4931 xu,
1943 4862 2031 4919 16.
2108 4862 2152 4894 ⁸ο
2178 4861 2319 4917 Gen.
2355 4877 2519 4916 um
2544 4903 2560 4929 ,
2603 4862 2658 4918 7.
2733 4858 2776 4892 “
2813 4860 2969 4915 llum.
3021 4875 3156 4926 vui,
3208 4860 3301 4916 28.
3375 4860 3594 4922 "Psal.

361 4951 569 5000 xum,
599 4936 691 4990 ‘20.
761 4934 807 4966 ⁸³
846 4934 887 4987 ll
919 4934 1048 4990 Cor.
1080 4949 1152 4999 tv,
1179 4935 1233 4988 8.

425 5051 500 5118 (7)
533 5050 748 5119 Αὐτῆς.
784 5050 890 5125 Pro
935 5051 1104 5123 αὐτῆς
1148 5048 1599 5125 Brutleiuslegit,
1641 5054 1737 5125 τῆς
1786 5052 1920 5125 Εύα.

2102 5054 2213 5125 (15)
2247 5052 2362 5107 Τοῦ
2406 5052 2523 5121 μὲν
2560 5052 2887 5125 θλίϐεσᾷαι,
2923 5060 3028 5107 etc.
3068 5051 3213 5106 Satis
3254 5061 3467 5125 constat
3500 5070 3597 5110 vo-

352 5119 514 5204 F‘orte
542 5132 743 5204 'autem
790 5119 1089 5204 legenuuui.
1131 5139 1144 5175 :
1186 5121 1378 5204 ’ξστέον
1548 5125 1614 5193 τῇ
1654 5119 1787 5202 Εὔα,
1841 5124 1922 5204 ὅτι

2039 5119 2140 5204 gem
2184 5119 2654 5204 llebraaaiunquam
2691 5121 2865 5204 θλίψει
2893 5125 3270 5204 accommodat
3296 5123 3591 5204 _Origenes,

348 5190 410 5272 το
446 5189 856 5259 εὐεξαπάτητον
888 5191 981 5243 καὶ
1032 5192 1094 5244 τὸ
1134 5189 1333 5261 σαθρὸν
1368 5190 1462 5242 τοῦ
1500 5189 1761 5263 λογισμοῦ
1823 5194 1924 5248 αύ-

2039 5193 2192 5249 Γιιίεεε
2440 5191 2534 5272 illa
2567 5190 2710 5245 cuitu
2740 5189 2798 5243 iu
2824 5194 2944 5245 loco
2971 5194 3152 5272 lallalo
3198 5192 3384 5272 psalmi
3410 5189 3589 5272 λιι-ιιι

349 5277 497 5401 miti)
533 5331 686 5384 Ἐπί.
720 5329 864 5400 Lege
895 5345 1017 5384 cum
1038 5330 1266 5401 eodem,
1293 5330 1438 5383 ἐπεί,

418 5399 491 5471 (9)
517 5400 700 5455 Codex
733 5399 859 5464 ms.,
891 5401 1001 5471 ὅτε.
1033 5400 1210 5471 Editio
1236 5399 1435 5465 Oxon.,
1462 5400 1544 5471 ὅτι

416 5469 530 5540 (t0)
556 5471 736 5525 Codex
774 5486 897 5535 ms.,
932 5469 1238 5541 δεσποίνης.
1280 5471 1459 5525 Editio
1481 5470 1675 5535 Oxon.,
1706 5469 1919 5526 δεσποί-

347 5553 531 5679 ναῗίί)
557 5610 736 5666 Codex
782 5625 907 5675 ms.,
942 5610 1190 5681 γένηται.
1225 5608 1407 5681 Editio
1438 5608 1645 5673 Oxon.,
1676 5609 1916 5681 γίνηται.

422 5682 531 5753 [12)
570 5683 945 5750 Τρανότερον.
970 5679 1133 5737 Forte
1154 5679 1463 5751 legendum,
1497 5679 1846 5753 τρανοτέρας.

2023 5264 2287 5317 occurrit.
2325 5261 2451 5317 Voci
2482 5272 2661 5314 autem
2692 5262 3051 5331 στενοχωρίας
3097 5262 3386 5329 aptandam
3410 5264 3587 5314 credi-

2020 5334 2191 5388 derim
2226 5342 2412 5420 Pam,
2468 5347 2586 5399 quae
2630 5332 2748 5384 illas
2790 5334 3013 5386 denotat
3062 5333 3228 5382 animi
3283 5331 3587 5420 angustias,

2024 5431 2144 5482 qua)
2177 5412 2315 5468 male
2347 5415 2445 5469 sibi
2482 5414 2779 5477 conscium,
2821 5424 2875 5467 et
2917 5414 2984 5482 de
3021 5414 3182 5482 rebus
3224 5412 3346 5482 suis
3402 5412 3591 5476 despc-

2027 5480 2236 5539 rantem
2270 5485 2611 5552 strangulant
2645 5498 2658 5535 :
2693 5484 2832 5535 unde
2862 5483 2927 5535 de
2947 5480 3082 5552 Juda
3109 5480 3401 5552 proditore,
3424 5482 3590 5552 Achi-

2026 5556 2240 5623 topbele
2270 5549 2553 5623 perduelli,
2576 5560 2632 5605 el.
2662 5552 2815 5623 Anna
2852 5551 3105 5623 llagpclis
3139 5551 3246 5623 tilia
3278 5549 3345 5623 ab
3373 5549 3588 5623 ancillis

2026 5616 2142 5686 ejus
2182 5616 2417 5688 irritata,
2474 5616 2686 5688 dieitur
2716 5619 2837 5673 illos
2870 5616 3244 5688 ἀπήγξασθαι.
3295 5617 3584 5688 Notionem

2028 5685 2155 5751 vero
2191 5694 2333 5749 hanc
2362 5685 2787 5764 angustiantium
2824 5685 3094 5756 dolorum,
3145 5690 3336 5759 quibus
3366 5687 3585 5756 suppri-
