  <div class='ocr_page' id='page_1' title='image "/cluster/home/n/w/nwhite01/storage/ocr_20150623/11/mdp.39015013266690/287.png"; bbox 0 0 3974 6160; ppageno 0'>
   <div class='ocr_carea' id='block_1_1' title="bbox 457 254 564 311">
    <p class='ocr_par' dir='ltr' id='par_1_1' title="bbox 457 254 564 311">
     <span class='ocr_line' id='line_1_1' title="bbox 457 254 564 311; baseline -0.019 0"><span class='ocrx_word' id='word_1_1' title='bbox 457 254 564 311; x_wconf 69' lang='grc'><strong>547</strong></span> 
     </span>
    </p>
   </div>
   <div class='ocr_carea' id='block_1_2' title="bbox 1905 264 2227 322">
    <p class='ocr_par' dir='ltr' id='par_1_2' title="bbox 1905 264 2227 322">
     <span class='ocr_line' id='line_1_2' title="bbox 1905 264 2227 322; baseline 0.009 -3"><span class='ocrx_word' id='word_1_2' title='bbox 1905 264 2063 322; x_wconf 81' lang='lat' dir='ltr'><strong>ORIG</strong></span> <span class='ocrx_word' id='word_1_3' title='bbox 2073 267 2227 322; x_wconf 76' lang='lat' dir='ltr'><strong>ENlS</strong></span> 
     </span>
    </p>
   </div>
   <div class='ocr_carea' id='block_1_3' title="bbox 3607 280 3702 335">
    <p class='ocr_par' dir='ltr' id='par_1_3' title="bbox 3607 280 3702 335">
     <span class='ocr_line' id='line_1_3' title="bbox 3607 280 3702 335; baseline 0.011 -1"><span class='ocrx_word' id='word_1_4' title='bbox 3607 280 3702 335; x_wconf 69' lang='lat'><strong>548</strong></span> 
     </span>
    </p>
   </div>
   <div class='ocr_carea' id='block_1_4' title="bbox 456 372 1982 470">
    <p class='ocr_par' dir='ltr' id='par_1_4' title="bbox 456 372 1982 458">
     <span class='ocr_line' id='line_1_4' title="bbox 456 372 1982 458; baseline 0.01 -29"><span class='ocrx_word' id='word_1_5' title='bbox 456 385 608 430; x_wconf 88' lang='lat' dir='ltr'><strong>recte</strong></span> <span class='ocrx_word' id='word_1_6' title='bbox 634 372 833 432; x_wconf 85' lang='lat' dir='ltr'><strong>Paulus</strong></span> <span class='ocrx_word' id='word_1_7' title='bbox 856 381 970 432; x_wconf 89' lang='lat' dir='ltr'><strong>ait:</strong></span> <span class='ocrx_word' id='word_1_8' title='bbox 999 377 1063 433; x_wconf 87' lang='lat' dir='ltr'><strong>In</strong></span> <span class='ocrx_word' id='word_1_9' title='bbox 1086 380 1323 436; x_wconf 80' lang='lat' dir='ltr'><strong>omnibus</strong></span> <span class='ocrx_word' id='word_1_10' title='bbox 1346 384 1735 443; x_wconf 81' lang='lat' dir='ltr'><strong>tribulationem</strong></span> <span class='ocrx_word' id='word_1_11' title='bbox 1761 390 1982 458; x_wconf 74' lang='lat' dir='ltr'><strong>patimui</strong></span> 
     </span>
    </p>
   </div>
   <div class='ocr_carea' id='block_1_5' title="bbox 2091 372 3700 470">
    <p class='ocr_par' dir='ltr' id='par_1_5' title="bbox 2091 391 3700 470">
     <span class='ocr_line' id='line_1_5' title="bbox 2091 391 3700 470; baseline 0.007 -26"><span class='ocrx_word' id='word_1_12' title='bbox 2091 433 2096 451; x_wconf 44' lang='grc' dir='ltr'>ι</span> <span class='ocrx_word' id='word_1_13' title='bbox 2124 391 2269 463; x_wconf 77' lang='grc' dir='ltr'>ψεως</span> <span class='ocrx_word' id='word_1_14' title='bbox 2295 395 2665 465; x_wconf 86' lang='grc' dir='ltr'><strong>νενικημένου,</strong></span> <span class='ocrx_word' id='word_1_15' title='bbox 2695 396 2787 450; x_wconf 74' lang='grc' dir='ltr'>καὶ</span> <span class='ocrx_word' id='word_1_16' title='bbox 2810 395 3159 461; x_wconf 81' lang='grc' dir='ltr'><strong>ἐνδεδωκότος</strong></span> <span class='ocrx_word' id='word_1_17' title='bbox 3189 396 3337 469; x_wconf 82' lang='grc' dir='ltr'>αὐτῷ</span> <span class='ocrx_word' id='word_1_18' title='bbox 3375 396 3511 470; x_wconf 69' lang='lat' dir='ltr'><strong>(lli).</strong></span> <span class='ocrx_word' id='word_1_19' title='bbox 3548 402 3700 455; x_wconf 83' lang='grc' dir='ltr'>Ὅθεν</span> 
     </span>
    </p>
   </div>
   <div class='ocr_carea' id='block_1_6' title="bbox 455 467 2022 549">
    <p class='ocr_par' dir='ltr' id='par_1_6' title="bbox 455 467 2022 549">
     <span class='ocr_line' id='line_1_6' title="bbox 455 467 2022 549; baseline 0.011 -30"><span class='ocrx_word' id='word_1_20' title='bbox 455 467 548 519; x_wconf 84' lang='lat' dir='ltr'><strong>sed</strong></span> <span class='ocrx_word' id='word_1_21' title='bbox 579 484 681 522; x_wconf 90' lang='lat' dir='ltr'><strong>non</strong></span> <span class='ocrx_word' id='word_1_22' title='bbox 713 471 1104 538; x_wconf 85' lang='lat' dir='ltr'><strong>angustiamur,</strong></span> <span class='ocrx_word' id='word_1_23' title='bbox 1149 473 1233 525; x_wconf 92' lang='lat' dir='ltr'><strong>cui</strong></span> <span class='ocrx_word' id='word_1_24' title='bbox 1271 475 1449 530; x_wconf 87' lang='lat' dir='ltr'><strong>simile</strong></span> <span class='ocrx_word' id='word_1_25' title='bbox 1474 488 1602 546; x_wconf 92' lang='lat' dir='ltr'><strong>puto</strong></span> <span class='ocrx_word' id='word_1_26' title='bbox 1632 494 1755 534; x_wconf 87' lang='lat' dir='ltr'><strong>esse</strong></span> <span class='ocrx_word' id='word_1_27' title='bbox 1788 483 1929 549; x_wconf 89' lang='lat' dir='ltr'><strong>quod</strong></span> <span class='ocrx_word' id='word_1_28' title='bbox 1968 483 2022 537; x_wconf 91' lang='lat' dir='ltr'><strong>in</strong></span> 
     </span>
    </p>
   </div>
   <div class='ocr_carea' id='block_1_7' title="bbox 457 559 2020 628">
    <p class='ocr_par' dir='ltr' id='par_1_7' title="bbox 457 559 2020 628">
     <span class='ocr_line' id='line_1_7' title="bbox 457 559 2020 628; baseline 0.01 -16"><span class='ocrx_word' id='word_1_29' title='bbox 457 559 689 615; x_wconf 88' lang='lat' dir='ltr'><strong>Psalmis</strong></span> <span class='ocrx_word' id='word_1_30' title='bbox 730 563 926 616; x_wconf 89' lang='lat' dir='ltr'><strong>dicitur</strong></span> <span class='ocrx_word' id='word_1_31' title='bbox 956 580 969 615; x_wconf 92' lang='lat'><strong>:</strong></span> <span class='ocrx_word' id='word_1_32' title='bbox 1005 563 1071 616; x_wconf 89' lang='lat' dir='ltr'><strong>In</strong></span> <span class='ocrx_word' id='word_1_33' title='bbox 1110 563 1452 622; x_wconf 81' lang='lat' dir='ltr'><strong>tribulatione</strong></span> <span class='ocrx_word' id='word_1_34' title='bbox 1499 570 1737 623; x_wconf 88' lang='lat' dir='ltr'><strong>dilatasti</strong></span> <span class='ocrx_word' id='word_1_35' title='bbox 1780 573 1908 625; x_wconf 86' lang='lat' dir='ltr'><strong>mihi</strong></span> <span class='ocrx_word' id='word_1_36' title='bbox 1954 573 2020 628; x_wconf 76' lang='lat'><strong>“.</strong></span> 
     </span>
    </p>
   </div>
   <div class='ocr_carea' id='block_1_8' title="bbox 459 653 2024 721">
    <p class='ocr_par' dir='ltr' id='par_1_8' title="bbox 459 653 2024 721">
     <span class='ocr_line' id='line_1_8' title="bbox 459 653 2024 721; baseline 0.008 -16"><span class='ocrx_word' id='word_1_37' title='bbox 459 653 683 706; x_wconf 79' lang='lat' dir='ltr'><strong>Auxilio</strong></span> <span class='ocrx_word' id='word_1_38' title='bbox 719 654 859 707; x_wconf 90' lang='lat' dir='ltr'><strong>enim</strong></span> <span class='ocrx_word' id='word_1_39' title='bbox 891 663 944 707; x_wconf 90' lang='lat' dir='ltr'><strong>et</strong></span> <span class='ocrx_word' id='word_1_40' title='bbox 976 658 1262 721; x_wconf 75' lang='lat' dir='ltr'><strong>prmsentia</strong></span> <span class='ocrx_word' id='word_1_41' title='bbox 1298 660 1659 715; x_wconf 89' lang='lat' dir='ltr'><strong>consolatoris</strong></span> <span class='ocrx_word' id='word_1_42' title='bbox 1689 660 2024 717; x_wconf 79' lang='lat' dir='ltr'><strong>Servatoris-</strong></span> 
     </span>
    </p>
   </div>
   <div class='ocr_carea' id='block_1_9' title="bbox 455 742 2022 810">
    <p class='ocr_par' dir='ltr' id='par_1_9' title="bbox 455 742 2022 810">
     <span class='ocr_line' id='line_1_9' title="bbox 455 742 2022 810; baseline 0.011 -20"><span class='ocrx_word' id='word_1_43' title='bbox 455 756 564 809; x_wconf 90' lang='lat' dir='ltr'><strong>que</strong></span> <span class='ocrx_word' id='word_1_44' title='bbox 592 744 781 806; x_wconf 94' lang='lat' dir='ltr'><strong>nostri,</strong></span> <span class='ocrx_word' id='word_1_45' title='bbox 820 742 977 798; x_wconf 79' lang='lat' dir='ltr'><strong>Verbi</strong></span> <span class='ocrx_word' id='word_1_46' title='bbox 1010 745 1126 810; x_wconf 89' lang='lat' dir='ltr'><strong>Dei,</strong></span> <span class='ocrx_word' id='word_1_47' title='bbox 1162 749 1417 804; x_wconf 77' lang='lat' dir='ltr'><strong>alacritas</strong></span> <span class='ocrx_word' id='word_1_48' title='bbox 1467 751 1659 805; x_wconf 74' lang='lat' dir='ltr'><strong>anima:</strong></span> <span class='ocrx_word' id='word_1_49' title='bbox 1711 763 1912 807; x_wconf 76' lang='lat' dir='ltr'><strong>nostra:</strong></span> <span class='ocrx_word' id='word_1_50' title='bbox 1968 763 2022 809; x_wconf 91' lang='lat' dir='ltr'><strong>et</strong></span> 
     </span>
    </p>
   </div>
   <div class='ocr_carea' id='block_1_10' title="bbox 453 833 2016 910">
    <p class='ocr_par' dir='ltr' id='par_1_10' title="bbox 453 833 2016 910">
     <span class='ocr_line' id='line_1_10' title="bbox 453 833 2016 910; baseline 0.009 -24"><span class='ocrx_word' id='word_1_51' title='bbox 453 833 811 900; x_wconf 79' lang='lat' dir='ltr'><strong>tranquillitas</strong></span> <span class='ocrx_word' id='word_1_52' title='bbox 834 835 1210 891; x_wconf 82' lang='lat' dir='ltr'><strong>calamitatum</strong></span> <span class='ocrx_word' id='word_1_53' title='bbox 1241 850 1485 910; x_wconf 89' lang='lat' dir='ltr'><strong>tempore</strong></span> <span class='ocrx_word' id='word_1_54' title='bbox 1507 857 1536 895; x_wconf 88' lang='lat' dir='ltr'><strong>a</strong></span> <span class='ocrx_word' id='word_1_55' title='bbox 1563 842 1669 896; x_wconf 89' lang='lat' dir='ltr'><strong>Deo</strong></span> <span class='ocrx_word' id='word_1_56' title='bbox 1692 844 2016 909; x_wconf 88' lang='lat' dir='ltr'><strong>obveniens,</strong></span> 
     </span>
    </p>
   </div>
   <div class='ocr_carea' id='block_1_11' title="bbox 450 922 2019 1004">
    <p class='ocr_par' dir='ltr' id='par_1_11' title="bbox 450 922 2019 1004">
     <span class='ocr_line' id='line_1_11' title="bbox 450 922 2019 1004; baseline 0.008 -28"><span class='ocrx_word' id='word_1_57' title='bbox 450 922 694 977; x_wconf 79' lang='lat' dir='ltr'><strong>dilatatio</strong></span> <span class='ocrx_word' id='word_1_58' title='bbox 738 933 981 979; x_wconf 80' lang='lat' dir='ltr'><strong>vocatur.</strong></span> <span class='ocrx_word' id='word_1_59' title='bbox 1034 927 1300 984; x_wconf 86' lang='lat' dir='ltr'><strong>Similiter</strong></span> <span class='ocrx_word' id='word_1_60' title='bbox 1354 932 1521 1001; x_wconf 78' lang='lat' dir='ltr'><strong>igitur</strong></span> <span class='ocrx_word' id='word_1_61' title='bbox 1559 933 1758 1004; x_wconf 86' lang='lat' dir='ltr'><strong>aliquis</strong></span> <span class='ocrx_word' id='word_1_62' title='bbox 1804 950 1833 988; x_wconf 91' lang='lat' dir='ltr'><strong>a</strong></span> <span class='ocrx_word' id='word_1_63' title='bbox 1879 934 2019 989; x_wconf 85' lang='lat' dir='ltr'><strong>malo</strong></span> 
     </span>
    </p>
   </div>
   <div class='ocr_carea' id='block_1_12' title="bbox 447 1012 2015 1084">
    <p class='ocr_par' dir='ltr' id='par_1_12' title="bbox 447 1012 2015 1084">
     <span class='ocr_line' id='line_1_12' title="bbox 447 1012 2015 1084; baseline 0.009 -18"><span class='ocrx_word' id='word_1_64' title='bbox 447 1012 668 1067; x_wconf 87' lang='lat' dir='ltr'><strong>liberari</strong></span> <span class='ocrx_word' id='word_1_65' title='bbox 723 1014 1107 1084; x_wconf 87' lang='lat' dir='ltr'><strong>intelligendus</strong></span> <span class='ocrx_word' id='word_1_66' title='bbox 1140 1028 1243 1073; x_wconf 90' lang='lat' dir='ltr'><strong>est.</strong></span> <span class='ocrx_word' id='word_1_67' title='bbox 1291 1019 1393 1075; x_wconf 85' lang='lat' dir='ltr'><strong>Job</strong></span> <span class='ocrx_word' id='word_1_68' title='bbox 1426 1022 1676 1078; x_wconf 83' lang='lat' dir='ltr'><strong>liberavit</strong></span> <span class='ocrx_word' id='word_1_69' title='bbox 1718 1026 1860 1080; x_wconf 86' lang='lat' dir='ltr'><strong>Deus</strong></span> <span class='ocrx_word' id='word_1_70' title='bbox 1911 1042 2015 1080; x_wconf 91' lang='lat' dir='ltr'><strong>non</strong></span> 
     </span>
    </p>
   </div>
   <div class='ocr_carea' id='block_1_13' title="bbox 444 1104 2015 1179">
    <p class='ocr_par' dir='ltr' id='par_1_13' title="bbox 444 1104 2015 1179">
     <span class='ocr_line' id='line_1_13' title="bbox 444 1104 2015 1179; baseline 0.011 -26"><span class='ocrx_word' id='word_1_71' title='bbox 444 1105 586 1171; x_wconf 90' lang='lat' dir='ltr'><strong>quod</strong></span> <span class='ocrx_word' id='word_1_72' title='bbox 620 1104 789 1158; x_wconf 88' lang='lat' dir='ltr'><strong>Satan</strong></span> <span class='ocrx_word' id='word_1_73' title='bbox 815 1105 1094 1160; x_wconf 86' lang='lat' dir='ltr'><strong>licentiam</strong></span> <span class='ocrx_word' id='word_1_74' title='bbox 1130 1124 1235 1161; x_wconf 92' lang='lat' dir='ltr'><strong>non</strong></span> <span class='ocrx_word' id='word_1_75' title='bbox 1271 1112 1547 1179; x_wconf 89' lang='lat' dir='ltr'><strong>acceperit</strong></span> <span class='ocrx_word' id='word_1_76' title='bbox 1574 1114 1625 1165; x_wconf 93' lang='lat' dir='ltr'><strong>in</strong></span> <span class='ocrx_word' id='word_1_77' title='bbox 1655 1114 1751 1168; x_wconf 91' lang='lat' dir='ltr'><strong>has</strong></span> <span class='ocrx_word' id='word_1_78' title='bbox 1782 1126 1875 1168; x_wconf 89' lang='lat' dir='ltr'><strong>aut</strong></span> <span class='ocrx_word' id='word_1_79' title='bbox 1900 1116 2015 1170; x_wconf 87' lang='lat' dir='ltr'><strong>illas</strong></span> 
     </span>
    </p>
   </div>
   <div class='ocr_carea' id='block_1_14' title="bbox 443 1196 2011 1273">
    <p class='ocr_par' dir='ltr' id='par_1_14' title="bbox 443 1196 2011 1273">
     <span class='ocr_line' id='line_1_14' title="bbox 443 1196 2011 1273; baseline 0.01 -28"><span class='ocrx_word' id='word_1_80' title='bbox 443 1208 563 1245; x_wconf 90' lang='lat' dir='ltr'><strong>eum</strong></span> <span class='ocrx_word' id='word_1_81' title='bbox 596 1196 932 1249; x_wconf 88' lang='lat' dir='ltr'><strong>tentationes</strong></span> <span class='ocrx_word' id='word_1_82' title='bbox 962 1196 1236 1263; x_wconf 89' lang='lat' dir='ltr'><strong>injiciendi</strong></span> <span class='ocrx_word' id='word_1_83' title='bbox 1272 1198 1502 1271; x_wconf 85' lang='lat' dir='ltr'><strong>(accepit</strong></span> <span class='ocrx_word' id='word_1_84' title='bbox 1529 1202 1719 1272; x_wconf 91' lang='lat' dir='ltr'><strong>enim),</strong></span> <span class='ocrx_word' id='word_1_85' title='bbox 1748 1205 1839 1259; x_wconf 83' lang='lat' dir='ltr'><strong>sed</strong></span> <span class='ocrx_word' id='word_1_86' title='bbox 1870 1207 2011 1273; x_wconf 90' lang='lat' dir='ltr'><strong>quod</strong></span> 
     </span>
    </p>
   </div>
   <div class='ocr_carea' id='block_1_15' title="bbox 442 1283 2011 1363">
    <p class='ocr_par' dir='ltr' id='par_1_15' title="bbox 442 1283 2011 1363">
     <span class='ocr_line' id='line_1_15' title="bbox 442 1283 2011 1363; baseline 0.009 -26"><span class='ocrx_word' id='word_1_87' title='bbox 442 1283 495 1337; x_wconf 91' lang='lat' dir='ltr'><strong>in</strong></span> <span class='ocrx_word' id='word_1_88' title='bbox 526 1285 777 1339; x_wconf 90' lang='lat' dir='ltr'><strong>omnibus</strong></span> <span class='ocrx_word' id='word_1_89' title='bbox 800 1302 921 1354; x_wconf 64' lang='lat' dir='ltr'><strong>qua:</strong></span> <span class='ocrx_word' id='word_1_90' title='bbox 956 1286 1032 1340; x_wconf 94' lang='lat' dir='ltr'><strong>illi</strong></span> <span class='ocrx_word' id='word_1_91' title='bbox 1063 1288 1290 1343; x_wconf 87' lang='lat' dir='ltr'><strong>adversa</strong></span> <span class='ocrx_word' id='word_1_92' title='bbox 1324 1292 1673 1359; x_wconf 76' lang='lat' dir='ltr'><strong>contigerunt</strong></span> <span class='ocrx_word' id='word_1_93' title='bbox 1710 1296 1843 1348; x_wconf 87' lang='lat' dir='ltr'><strong>nihil</strong></span> <span class='ocrx_word' id='word_1_94' title='bbox 1885 1311 2011 1363; x_wconf 90' lang='lat' dir='ltr'><strong>pec-</strong></span> 
     </span>
    </p>
   </div>
   <div class='ocr_carea' id='block_1_16' title="bbox 439 1376 2006 1450">
    <p class='ocr_par' dir='ltr' id='par_1_16' title="bbox 439 1376 2006 1450">
     <span class='ocr_line' id='line_1_16' title="bbox 439 1376 2006 1450; baseline 0.006 -21"><span class='ocrx_word' id='word_1_95' title='bbox 439 1376 645 1429; x_wconf 82' lang='lat' dir='ltr'><strong>caverit</strong></span> <span class='ocrx_word' id='word_1_96' title='bbox 675 1391 858 1429; x_wconf 90' lang='lat' dir='ltr'><strong>coram</strong></span> <span class='ocrx_word' id='word_1_97' title='bbox 899 1378 1025 1442; x_wconf 91' lang='lat' dir='ltr'><strong>Deo,</strong></span> <span class='ocrx_word' id='word_1_98' title='bbox 1059 1376 1352 1443; x_wconf 85' lang='lat' dir='ltr'><strong>sedjuslus</strong></span> <span class='ocrx_word' id='word_1_99' title='bbox 1371 1385 1700 1450; x_wconf 86' lang='lat' dir='ltr'><strong>apparuerit.</strong></span> <span class='ocrx_word' id='word_1_100' title='bbox 1725 1385 1827 1450; x_wconf 77' lang='lat' dir='ltr'><strong>Qui</strong></span> <span class='ocrx_word' id='word_1_101' title='bbox 1862 1387 2006 1439; x_wconf 91' lang='lat' dir='ltr'><strong>enim</strong></span> 
     </span>
    </p>
   </div>
   <div class='ocr_carea' id='block_1_17' title="bbox 438 1463 2007 1533">
    <p class='ocr_par' dir='ltr' id='par_1_17' title="bbox 438 1463 2007 1533">
     <span class='ocr_line' id='line_1_17' title="bbox 438 1463 2007 1533; baseline 0.01 -16"><span class='ocrx_word' id='word_1_102' title='bbox 438 1463 651 1518; x_wconf 81' lang='lat' dir='ltr'><strong>dixerat</strong></span> <span class='ocrx_word' id='word_1_103' title='bbox 691 1481 705 1517; x_wconf 87' lang='lat'><strong>:</strong></span> <span class='ocrx_word' id='word_1_104' title='bbox 756 1464 900 1517; x_wconf 87' lang='lat' dir='ltr'><strong>Num</strong></span> <span class='ocrx_word' id='word_1_105' title='bbox 949 1468 1118 1533; x_wconf 82' lang='lat' dir='ltr'><strong>gratis</strong></span> <span class='ocrx_word' id='word_1_106' title='bbox 1160 1467 1262 1520; x_wconf 79' lang='lat' dir='ltr'><strong>Job</strong></span> <span class='ocrx_word' id='word_1_107' title='bbox 1295 1470 1415 1522; x_wconf 85' lang='lat' dir='ltr'><strong>colit</strong></span> <span class='ocrx_word' id='word_1_108' title='bbox 1464 1471 1795 1527; x_wconf 88' lang='lat' dir='ltr'><strong>Dominum?</strong></span> <span class='ocrx_word' id='word_1_109' title='bbox 1839 1492 2007 1531; x_wconf 84' lang='lat' dir='ltr'><strong>nonne</strong></span> 
     </span>
    </p>
   </div>
   <div class='ocr_carea' id='block_1_18' title="bbox 434 1557 2005 1630">
    <p class='ocr_par' dir='ltr' id='par_1_18' title="bbox 434 1557 2005 1630">
     <span class='ocr_line' id='line_1_18' title="bbox 434 1557 2005 1630; baseline 0.009 -24"><span class='ocrx_word' id='word_1_110' title='bbox 434 1564 493 1607; x_wconf 89' lang='lat' dir='ltr'><strong>tu</strong></span> <span class='ocrx_word' id='word_1_111' title='bbox 524 1557 741 1609; x_wconf 85' lang='lat' dir='ltr'><strong>munisti</strong></span> <span class='ocrx_word' id='word_1_112' title='bbox 767 1572 825 1608; x_wconf 87' lang='lat' dir='ltr'><strong>ea</strong></span> <span class='ocrx_word' id='word_1_113' title='bbox 856 1572 972 1625; x_wconf 72' lang='lat' dir='ltr'><strong>qua:</strong></span> <span class='ocrx_word' id='word_1_114' title='bbox 999 1568 1148 1610; x_wconf 71' lang='lat' dir='ltr'><strong>extra</strong></span> <span class='ocrx_word' id='word_1_115' title='bbox 1176 1561 1367 1626; x_wconf 87' lang='lat' dir='ltr'><strong>ipsum,</strong></span> <span class='ocrx_word' id='word_1_116' title='bbox 1397 1572 1443 1614; x_wconf 92' lang='lat' dir='ltr'><strong>et</strong></span> <span class='ocrx_word' id='word_1_117' title='bbox 1472 1580 1588 1630; x_wconf 75' lang='lat' dir='ltr'><strong>qua:</strong></span> <span class='ocrx_word' id='word_1_118' title='bbox 1624 1565 1765 1618; x_wconf 88' lang='lat' dir='ltr'><strong>intra</strong></span> <span class='ocrx_word' id='word_1_119' title='bbox 1789 1566 2005 1620; x_wconf 86' lang='lat' dir='ltr'><strong>domum</strong></span> 
     </span>
    </p>
   </div>
   <div class='ocr_carea' id='block_1_19' title="bbox 434 1647 2001 1720">
    <p class='ocr_par' dir='ltr' id='par_1_19' title="bbox 434 1647 2001 1720">
     <span class='ocr_line' id='line_1_19' title="bbox 434 1647 2001 1720; baseline 0.008 -21"><span class='ocrx_word' id='word_1_120' title='bbox 434 1647 572 1715; x_wconf 90' lang='lat' dir='ltr'><strong>ejus,</strong></span> <span class='ocrx_word' id='word_1_121' title='bbox 602 1658 650 1700; x_wconf 90' lang='lat' dir='ltr'><strong>et</strong></span> <span class='ocrx_word' id='word_1_122' title='bbox 687 1664 803 1717; x_wconf 74' lang='lat' dir='ltr'><strong>qua:</strong></span> <span class='ocrx_word' id='word_1_123' title='bbox 845 1659 993 1701; x_wconf 73' lang='lat' dir='ltr'><strong>extra</strong></span> <span class='ocrx_word' id='word_1_124' title='bbox 1023 1664 1087 1701; x_wconf 75' lang='lat' dir='ltr'><strong>ex</strong></span> <span class='ocrx_word' id='word_1_125' title='bbox 1118 1651 1357 1704; x_wconf 88' lang='lat' dir='ltr'><strong>ontnibus</strong></span> <span class='ocrx_word' id='word_1_126' title='bbox 1382 1668 1499 1720; x_wconf 75' lang='lat' dir='ltr'><strong>quw</strong></span> <span class='ocrx_word' id='word_1_127' title='bbox 1530 1666 1647 1707; x_wconf 89' lang='lat' dir='ltr'><strong>sunt</strong></span> <span class='ocrx_word' id='word_1_128' title='bbox 1680 1657 1733 1708; x_wconf 89' lang='lat' dir='ltr'><strong>in</strong></span> <span class='ocrx_word' id='word_1_129' title='bbox 1777 1658 2001 1712; x_wconf 75' lang='lat' dir='ltr'><strong>circuitu</strong></span> 
     </span>
    </p>
   </div>
   <div class='ocr_carea' id='block_1_20' title="bbox 2128 483 3696 557">
    <p class='ocr_par' dir='ltr' id='par_1_20' title="bbox 2128 483 3696 557">
     <span class='ocr_line' id='line_1_20' title="bbox 2128 483 3696 557; baseline 0.008 -22"><span class='ocrx_word' id='word_1_130' title='bbox 2128 483 2307 547; x_wconf 82' lang='grc' dir='ltr'>καλῶς</span> <span class='ocrx_word' id='word_1_131' title='bbox 2330 486 2357 536; x_wconf 99' lang='lat'><strong>6</strong></span> <span class='ocrx_word' id='word_1_132' title='bbox 2383 485 2594 549; x_wconf 90' lang='grc' dir='ltr'>Παῦλός</span> <span class='ocrx_word' id='word_1_133' title='bbox 2619 504 2781 556; x_wconf 84' lang='grc' dir='ltr'>φησιν</span> <span class='ocrx_word' id='word_1_134' title='bbox 2803 504 2818 520; x_wconf 89' lang='grc'><strong>·</strong></span> <span class='ocrx_word' id='word_1_135' title='bbox 2863 489 2965 541; x_wconf 85' lang='grc' dir='ltr'><strong>Ἐν</strong></span> <span class='ocrx_word' id='word_1_136' title='bbox 2984 488 3160 541; x_wconf 80' lang='grc' dir='ltr'>παντὶ</span> <span class='ocrx_word' id='word_1_137' title='bbox 3186 489 3547 557; x_wconf 73' lang='grc' dir='ltr'>θλιϐόμενοι,</span> <span class='ocrx_word' id='word_1_138' title='bbox 3566 492 3696 547; x_wconf 74' lang='grc' dir='ltr'>ἀλλ’</span> 
     </span>
    </p>
   </div>
   <div class='ocr_carea' id='block_1_21' title="bbox 2125 576 3696 651">
    <p class='ocr_par' dir='ltr' id='par_1_21' title="bbox 2125 576 3696 651">
     <span class='ocr_line' id='line_1_21' title="bbox 2125 576 3696 651; baseline 0.006 -25"><span class='ocrx_word' id='word_1_139' title='bbox 2125 576 2196 627; x_wconf 86' lang='grc' dir='ltr'><strong>οὐ</strong></span> <span class='ocrx_word' id='word_1_140' title='bbox 2225 578 2785 645; x_wconf 76' lang='grc' dir='ltr'><strong>στενοχωρούμενοι.</strong></span> <span class='ocrx_word' id='word_1_141' title='bbox 2818 578 3037 648; x_wconf 85' lang='grc' dir='ltr'><strong>Ὅμοιον</strong></span> <span class='ocrx_word' id='word_1_142' title='bbox 3055 579 3108 631; x_wconf 87' lang='grc' dir='ltr'><strong>δὲ</strong></span> <span class='ocrx_word' id='word_1_143' title='bbox 3133 579 3289 631; x_wconf 89' lang='grc' dir='ltr'>τοῦτο</span> <span class='ocrx_word' id='word_1_144' title='bbox 3310 580 3419 651; x_wconf 83' lang='grc'><strong>(15)</strong></span> <span class='ocrx_word' id='word_1_145' title='bbox 3447 577 3696 636; x_wconf 66' lang='grc' dir='ltr'>εἶναιννο-</span> 
     </span>
    </p>
   </div>
   <div class='ocr_carea' id='block_1_22' title="bbox 2127 663 3692 741">
    <p class='ocr_par' dir='ltr' id='par_1_22' title="bbox 2127 663 3692 741">
     <span class='ocr_line' id='line_1_22' title="bbox 2127 663 3692 741; baseline 0.008 -28"><span class='ocrx_word' id='word_1_146' title='bbox 2127 663 2267 733; x_wconf 80' lang='grc' dir='ltr'>μίζω</span> <span class='ocrx_word' id='word_1_147' title='bbox 2286 668 2381 715; x_wconf 75' lang='grc' dir='ltr'><strong>καὶ</strong></span> <span class='ocrx_word' id='word_1_148' title='bbox 2402 666 2461 716; x_wconf 81' lang='grc' dir='ltr'><strong>τὸ</strong></span> <span class='ocrx_word' id='word_1_149' title='bbox 2493 667 2549 717; x_wconf 83' lang='grc' dir='ltr'><strong>ἐν</strong></span> <span class='ocrx_word' id='word_1_150' title='bbox 2582 667 2849 737; x_wconf 75' lang='grc' dir='ltr'><strong>Ψαλμοῖς·</strong></span> <span class='ocrx_word' id='word_1_151' title='bbox 2891 669 2993 720; x_wconf 85' lang='grc' dir='ltr'><em>Ἐν</em></span> <span class='ocrx_word' id='word_1_152' title='bbox 3018 670 3217 736; x_wconf 76' lang='grc' dir='ltr'>θλίψει</span> <span class='ocrx_word' id='word_1_153' title='bbox 3241 670 3583 737; x_wconf 74' lang='grc' dir='ltr'>ἐπλάτυνάς</span> <span class='ocrx_word' id='word_1_154' title='bbox 3602 691 3692 741; x_wconf 83' lang='grc' dir='ltr'><strong>με,</strong></span> 
     </span>
    </p>
   </div>
   <div class='ocr_carea' id='block_1_23' title="bbox 2123 753 3690 831">
    <p class='ocr_par' dir='ltr' id='par_1_23' title="bbox 2123 753 3690 831">
     <span class='ocr_line' id='line_1_23' title="bbox 2123 753 3690 831; baseline 0.009 -28"><span class='ocrx_word' id='word_1_155' title='bbox 2123 753 2387 824; x_wconf 81' lang='grc' dir='ltr'>Συνεργίᾳ</span> <span class='ocrx_word' id='word_1_156' title='bbox 2414 754 2521 823; x_wconf 74' lang='grc' dir='ltr'>γὰρ</span> <span class='ocrx_word' id='word_1_157' title='bbox 2548 756 2639 808; x_wconf 75' lang='grc' dir='ltr'><strong>καὶ</strong></span> <span class='ocrx_word' id='word_1_158' title='bbox 2666 756 2936 827; x_wconf 77' lang='grc' dir='ltr'>παρουσίᾳ</span> <span class='ocrx_word' id='word_1_159' title='bbox 2959 756 3052 809; x_wconf 87' lang='grc' dir='ltr'><strong>τοῦ</strong></span> <span class='ocrx_word' id='word_1_160' title='bbox 3078 759 3571 831; x_wconf 74' lang='grc' dir='ltr'><strong>παραμυθουμένου</strong></span> <span class='ocrx_word' id='word_1_161' title='bbox 3603 766 3690 819; x_wconf 80' lang='grc' dir='ltr'>καὶ</span> 
     </span>
    </p>
   </div>
   <div class='ocr_carea' id='block_1_24' title="bbox 2124 840 3691 923">
    <p class='ocr_par' dir='ltr' id='par_1_24' title="bbox 2124 840 3691 923">
     <span class='ocr_line' id='line_1_24' title="bbox 2124 840 3691 923; baseline 0.009 -30"><span class='ocrx_word' id='word_1_162' title='bbox 2124 840 2385 905; x_wconf 80' lang='grc' dir='ltr'><strong>σώζοντος</strong></span> <span class='ocrx_word' id='word_1_163' title='bbox 2424 845 2568 913; x_wconf 82' lang='grc' dir='ltr'>ἡμᾶς</span> <span class='ocrx_word' id='word_1_164' title='bbox 2594 846 2768 911; x_wconf 83' lang='grc' dir='ltr'>Λόγου</span> <span class='ocrx_word' id='word_1_165' title='bbox 2817 845 2972 908; x_wconf 84' lang='grc' dir='ltr'><strong>Θεοῦ,</strong></span> <span class='ocrx_word' id='word_1_166' title='bbox 3008 846 3068 899; x_wconf 85' lang='grc' dir='ltr'><strong>τὸ</strong></span> <span class='ocrx_word' id='word_1_167' title='bbox 3112 848 3211 917; x_wconf 78' lang='grc' dir='ltr'>τῆς</span> <span class='ocrx_word' id='word_1_168' title='bbox 3255 849 3492 914; x_wconf 78' lang='grc' dir='ltr'>διανοίας</span> <span class='ocrx_word' id='word_1_169' title='bbox 3544 855 3691 923; x_wconf 72' lang='grc' dir='ltr'>ἡμῶν</span> 
     </span>
    </p>
   </div>
   <div class='ocr_carea' id='block_1_25' title="bbox 2122 931 3688 1009">
    <p class='ocr_par' dir='ltr' id='par_1_25' title="bbox 2122 931 3688 1009">
     <span class='ocr_line' id='line_1_25' title="bbox 2122 931 3688 1009; baseline 0.007 -26"><span class='ocrx_word' id='word_1_170' title='bbox 2122 931 2322 1003; x_wconf 86' lang='grc' dir='ltr'>ἱλαρὸν,</span> <span class='ocrx_word' id='word_1_171' title='bbox 2357 933 2452 985; x_wconf 76' lang='grc' dir='ltr'>καὶ</span> <span class='ocrx_word' id='word_1_172' title='bbox 2485 931 2718 1004; x_wconf 73' lang='grc' dir='ltr'>εὔθυμον</span> <span class='ocrx_word' id='word_1_173' title='bbox 2752 936 2809 985; x_wconf 85' lang='grc' dir='ltr'><strong>ἐν</strong></span> <span class='ocrx_word' id='word_1_174' title='bbox 2840 934 2916 1004; x_wconf 83' lang='grc' dir='ltr'>τῷ</span> <span class='ocrx_word' id='word_1_175' title='bbox 2948 935 3124 1006; x_wconf 82' lang='grc' dir='ltr'>καιρῷ</span> <span class='ocrx_word' id='word_1_176' title='bbox 3154 936 3261 989; x_wconf 83' lang='grc' dir='ltr'><strong>τῶν</strong></span> <span class='ocrx_word' id='word_1_177' title='bbox 3294 942 3688 1009; x_wconf 80' lang='grc' dir='ltr'>περιστατικῶν</span> 
     </span>
    </p>
   </div>
   <div class='ocr_carea' id='block_1_26' title="bbox 2117 1023 3687 1100">
    <p class='ocr_par' dir='ltr' id='par_1_26' title="bbox 2117 1023 3687 1100">
     <span class='ocr_line' id='line_1_26' title="bbox 2117 1023 3687 1100; baseline 0.006 -25"><span class='ocrx_word' id='word_1_178' title='bbox 2117 1024 2225 1075; x_wconf 78' lang='grc' dir='ltr'><strong>ἀπὸ</strong></span> <span class='ocrx_word' id='word_1_179' title='bbox 2250 1023 2383 1076; x_wconf 84' lang='grc' dir='ltr'>Θεοῦ</span> <span class='ocrx_word' id='word_1_180' title='bbox 2411 1025 2710 1094; x_wconf 88' lang='grc' dir='ltr'>γινόμενον,</span> <span class='ocrx_word' id='word_1_181' title='bbox 2745 1026 3054 1096; x_wconf 83' lang='grc' dir='ltr'>πλατυσμὸς</span> <span class='ocrx_word' id='word_1_182' title='bbox 3078 1027 3408 1097; x_wconf 85' lang='grc' dir='ltr'>ὠνόμασται.</span> <span class='ocrx_word' id='word_1_183' title='bbox 3465 1031 3687 1100; x_wconf 81' lang='grc' dir='ltr'><strong>Ὁμοίως</strong></span> 
     </span>
    </p>
   </div>
   <div class='ocr_carea' id='block_1_27' title="bbox 2114 1109 3681 1192">
    <p class='ocr_par' dir='ltr' id='par_1_27' title="bbox 2114 1109 3681 1192">
     <span class='ocr_line' id='line_1_27' title="bbox 2114 1109 3681 1192; baseline 0.008 -28"><span class='ocrx_word' id='word_1_184' title='bbox 2114 1109 2206 1165; x_wconf 76' lang='grc' dir='ltr'>οὖν</span> <span class='ocrx_word' id='word_1_185' title='bbox 2248 1114 2462 1183; x_wconf 83' lang='grc' dir='ltr'>νοητέον</span> <span class='ocrx_word' id='word_1_186' title='bbox 2496 1116 2587 1167; x_wconf 73' lang='grc' dir='ltr'><strong>καὶ</strong></span> <span class='ocrx_word' id='word_1_187' title='bbox 2616 1115 2675 1166; x_wconf 88' lang='grc' dir='ltr'><strong>τὸ</strong></span> <span class='ocrx_word' id='word_1_188' title='bbox 2715 1116 2971 1185; x_wconf 80' lang='grc' dir='ltr'>ρυσθῆναί</span> <span class='ocrx_word' id='word_1_189' title='bbox 3003 1134 3123 1170; x_wconf 89' lang='grc' dir='ltr'>τινα</span> <span class='ocrx_word' id='word_1_190' title='bbox 3150 1118 3255 1171; x_wconf 74' lang='grc' dir='ltr'>ἀπὸ</span> <span class='ocrx_word' id='word_1_191' title='bbox 3284 1119 3377 1172; x_wconf 90' lang='grc' dir='ltr'><strong>τοῦ</strong></span> <span class='ocrx_word' id='word_1_192' title='bbox 3426 1123 3681 1192; x_wconf 81' lang='grc' dir='ltr'>πονηροῦ.</span> 
     </span>
    </p>
   </div>
   <div class='ocr_carea' id='block_1_28' title="bbox 2127 1204 3683 1280">
    <p class='ocr_par' dir='ltr' id='par_1_28' title="bbox 2127 1204 3683 1280">
     <span class='ocr_line' id='line_1_28' title="bbox 2127 1204 3683 1280; baseline 0.007 -26"><span class='ocrx_word' id='word_1_193' title='bbox 2127 1204 2423 1274; x_wconf 73' lang='grc' dir='ltr'>Ἑρρύσατο</span> <span class='ocrx_word' id='word_1_194' title='bbox 2454 1207 2481 1257; x_wconf 90' lang='lat'><strong>6</strong></span> <span class='ocrx_word' id='word_1_195' title='bbox 2510 1204 2641 1266; x_wconf 82' lang='grc' dir='ltr'><strong>Θεὸς</strong></span> <span class='ocrx_word' id='word_1_196' title='bbox 2675 1205 2805 1274; x_wconf 80' lang='lat' dir='ltr'><strong>(l6),</strong></span> <span class='ocrx_word' id='word_1_197' title='bbox 2842 1206 2961 1275; x_wconf 77' lang='grc' dir='ltr'>οὐχὶ</span> <span class='ocrx_word' id='word_1_198' title='bbox 2993 1206 3069 1276; x_wconf 83' lang='grc' dir='ltr'><strong>τῷ</strong></span> <span class='ocrx_word' id='word_1_199' title='bbox 3104 1209 3177 1278; x_wconf 86' lang='grc' dir='ltr'><strong>μὴ</strong></span> <span class='ocrx_word' id='word_1_200' title='bbox 3225 1208 3503 1280; x_wconf 66' lang='grc' dir='ltr'>εἰληφέναι</span> <span class='ocrx_word' id='word_1_201' title='bbox 3538 1213 3683 1278; x_wconf 77' lang='grc' dir='ltr'>ἐξου-</span> 
     </span>
    </p>
   </div>
   <div class='ocr_carea' id='block_1_29' title="bbox 2115 1296 3682 1375">
    <p class='ocr_par' dir='ltr' id='par_1_29' title="bbox 2115 1296 3682 1375">
     <span class='ocr_line' id='line_1_29' title="bbox 2115 1296 3682 1375; baseline 0.008 -29"><span class='ocrx_word' id='word_1_202' title='bbox 2115 1296 2231 1347; x_wconf 91' lang='grc' dir='ltr'>σίαν</span> <span class='ocrx_word' id='word_1_203' title='bbox 2261 1297 2435 1348; x_wconf 81' lang='grc' dir='ltr'>τοῖσδέ</span> <span class='ocrx_word' id='word_1_204' title='bbox 2467 1314 2573 1349; x_wconf 86' lang='grc' dir='ltr'>τισι</span> <span class='ocrx_word' id='word_1_205' title='bbox 2620 1300 2728 1359; x_wconf 89' lang='grc' dir='ltr'>τοῖς</span> <span class='ocrx_word' id='word_1_206' title='bbox 2772 1302 3093 1367; x_wconf 81' lang='grc' dir='ltr'>πειρασμοῖς</span> <span class='ocrx_word' id='word_1_207' title='bbox 3144 1301 3304 1353; x_wconf 80' lang='grc' dir='ltr'>αὐτὸν</span> <span class='ocrx_word' id='word_1_208' title='bbox 3373 1305 3682 1375; x_wconf 88' lang='grc' dir='ltr'>περιϐαλεῖν</span> 
     </span>
    </p>
   </div>
   <div class='ocr_carea' id='block_1_30' title="bbox 2112 1386 3677 1466">
    <p class='ocr_par' dir='ltr' id='par_1_30' title="bbox 2112 1386 3677 1466">
     <span class='ocr_line' id='line_1_30' title="bbox 2112 1386 3677 1466; baseline 0.008 -29"><span class='ocrx_word' id='word_1_209' title='bbox 2112 1386 2321 1456; x_wconf 76' lang='grc' dir='ltr'>(εἴληφε</span> <span class='ocrx_word' id='word_1_210' title='bbox 2365 1387 2516 1459; x_wconf 80' lang='grc' dir='ltr'>γὰρ),</span> <span class='ocrx_word' id='word_1_211' title='bbox 2550 1387 2683 1441; x_wconf 81' lang='grc' dir='ltr'>ἀλλὰ</span> <span class='ocrx_word' id='word_1_212' title='bbox 2716 1390 2772 1440; x_wconf 86' lang='grc' dir='ltr'><strong>ἐν</strong></span> <span class='ocrx_word' id='word_1_213' title='bbox 2802 1390 2934 1441; x_wconf 82' lang='grc' dir='ltr'>πᾶσι</span> <span class='ocrx_word' id='word_1_214' title='bbox 2960 1392 3071 1451; x_wconf 89' lang='grc' dir='ltr'>τοῖς</span> <span class='ocrx_word' id='word_1_215' title='bbox 3101 1391 3469 1463; x_wconf 74' lang='grc' dir='ltr'>συμϐεϐηκόσι</span> <span class='ocrx_word' id='word_1_216' title='bbox 3512 1398 3677 1466; x_wconf 82' lang='grc' dir='ltr'>μηδὲν</span> 
     </span>
    </p>
   </div>
   <div class='ocr_carea' id='block_1_31' title="bbox 2110 1477 3679 1559">
    <p class='ocr_par' dir='ltr' id='par_1_31' title="bbox 2110 1477 3679 1559">
     <span class='ocr_line' id='line_1_31' title="bbox 2110 1477 3679 1559; baseline 0.008 -31"><span class='ocrx_word' id='word_1_217' title='bbox 2110 1477 2372 1546; x_wconf 81' lang='grc' dir='ltr'>ἁμαρτεῖν</span> <span class='ocrx_word' id='word_1_218' title='bbox 2408 1479 2570 1531; x_wconf 83' lang='grc' dir='ltr'>αὐτὸν</span> <span class='ocrx_word' id='word_1_219' title='bbox 2595 1479 2823 1533; x_wconf 80' lang='grc' dir='ltr'>ἐνώπιον</span> <span class='ocrx_word' id='word_1_220' title='bbox 2852 1479 2945 1532; x_wconf 85' lang='grc' dir='ltr'><strong>τοῦ</strong></span> <span class='ocrx_word' id='word_1_221' title='bbox 2979 1482 3204 1552; x_wconf 83' lang='grc' dir='ltr'>Κυρίου,</span> <span class='ocrx_word' id='word_1_222' title='bbox 3233 1485 3366 1537; x_wconf 84' lang='grc' dir='ltr'>ἀλλὰ</span> <span class='ocrx_word' id='word_1_223' title='bbox 3405 1489 3679 1559; x_wconf 70' lang='grc' dir='ltr'><strong>ἀναφανῆ⁹</strong></span> 
     </span>
    </p>
   </div>
   <div class='ocr_carea' id='block_1_32' title="bbox 2107 1568 3679 1638">
    <p class='ocr_par' dir='ltr' id='par_1_32' title="bbox 2107 1568 3679 1638">
     <span class='ocr_line' id='line_1_32' title="bbox 2107 1568 3679 1638; baseline 0.009 -20"><span class='ocrx_word' id='word_1_224' title='bbox 2107 1584 2192 1619; x_wconf 90' lang='grc' dir='ltr'><strong>ναι</strong></span> <span class='ocrx_word' id='word_1_225' title='bbox 2212 1568 2444 1620; x_wconf 72' lang='grc' dir='ltr'>δίκαιονο</span> <span class='ocrx_word' id='word_1_226' title='bbox 2474 1569 2568 1622; x_wconf 89' lang='grc' dir='ltr'><strong>τοῦ</strong></span> <span class='ocrx_word' id='word_1_227' title='bbox 2596 1572 2836 1631; x_wconf 80' lang='grc' dir='ltr'>εἰπόντος</span> <span class='ocrx_word' id='word_1_228' title='bbox 2856 1587 2867 1598; x_wconf 90' lang='grc'><strong>·</strong></span> <span class='ocrx_word' id='word_1_229' title='bbox 2896 1573 2955 1622; x_wconf 86' lang='grc' dir='ltr'><em>Μ</em></span> <span class='ocrx_word' id='word_1_230' title='bbox 2962 1569 2993 1636; x_wconf 77' lang='grc' dir='ltr'><em>ἡ</em></span> <span class='ocrx_word' id='word_1_231' title='bbox 3021 1571 3247 1638; x_wconf 84' lang='grc' dir='ltr'>δωρεὰν</span> <span class='ocrx_word' id='word_1_232' title='bbox 3278 1576 3513 1631; x_wconf 79' lang='grc' dir='ltr'>σέϐεται</span> <span class='ocrx_word' id='word_1_233' title='bbox 3562 1578 3679 1632; x_wconf 78' lang='grc' dir='ltr'>Ἰὼϐ</span> 
     </span>
    </p>
   </div>
   <div class='ocr_carea' id='block_1_33' title="bbox 2105 1657 3672 1735">
    <p class='ocr_par' dir='ltr' id='par_1_33' title="bbox 2105 1657 3672 1735">
     <span class='ocr_line' id='line_1_33' title="bbox 2105 1657 3672 1735; baseline 0.008 -26"><span class='ocrx_word' id='word_1_234' title='bbox 2105 1657 2210 1709; x_wconf 82' lang='grc' dir='ltr'>τὸν</span> <span class='ocrx_word' id='word_1_235' title='bbox 2243 1661 2489 1727; x_wconf 84' lang='grc' dir='ltr'>Κύριον;</span> <span class='ocrx_word' id='word_1_236' title='bbox 2528 1664 2610 1714; x_wconf 83' lang='grc' dir='ltr'><strong>Οὐ</strong></span> <span class='ocrx_word' id='word_1_237' title='bbox 2646 1664 2727 1716; x_wconf 88' lang='grc' dir='ltr'>σὺ</span> <span class='ocrx_word' id='word_1_238' title='bbox 2768 1666 3161 1735; x_wconf 61' lang='grc' dir='ltr'>περιέρραξας</span> <span class='ocrx_word' id='word_1_239' title='bbox 3196 1668 3269 1720; x_wconf 84' lang='grc' dir='ltr'>τὰ</span> <span class='ocrx_word' id='word_1_240' title='bbox 3307 1667 3422 1731; x_wconf 79' lang='grc' dir='ltr'><strong>ἔξω</strong></span> <span class='ocrx_word' id='word_1_241' title='bbox 3470 1668 3672 1732; x_wconf 79' lang='grc' dir='ltr'>αὐτοῦ,</span> 
     </span>
    </p>
   </div>
   <div class='ocr_carea' id='block_1_34' title="bbox 434 1734 1982 1822">
    <p class='ocr_par' dir='ltr' id='par_1_34' title="bbox 434 1738 1982 1814">
     <span class='ocr_line' id='line_1_34' title="bbox 434 1738 1982 1814; baseline 0.007 -23"><span class='ocrx_word' id='word_1_242' title='bbox 434 1738 584 1806; x_wconf 89' lang='lat' dir='ltr'><strong>ejus;</strong></span> <span class='ocrx_word' id='word_1_243' title='bbox 624 1756 778 1807; x_wconf 82' lang='lat' dir='ltr'><strong>opera</strong></span> <span class='ocrx_word' id='word_1_244' title='bbox 817 1739 930 1808; x_wconf 84' lang='lat' dir='ltr'><strong>ejus</strong></span> <span class='ocrx_word' id='word_1_245' title='bbox 969 1740 1298 1802; x_wconf 72' lang='lat' dir='ltr'><strong>benedixisti,</strong></span> <span class='ocrx_word' id='word_1_246' title='bbox 1347 1752 1394 1795; x_wconf 91' lang='lat' dir='ltr'><strong>et</strong></span> <span class='ocrx_word' id='word_1_247' title='bbox 1442 1760 1633 1811; x_wconf 82' lang='lat' dir='ltr'><strong>pecora</strong></span> <span class='ocrx_word' id='word_1_248' title='bbox 1677 1747 1791 1814; x_wconf 90' lang='lat' dir='ltr'><strong>ejus</strong></span> <span class='ocrx_word' id='word_1_249' title='bbox 1835 1750 1982 1803; x_wconf 64' lang='lat' dir='ltr'><strong>multi</strong></span> 
     </span>
    </p>
   </div>
   <div class='ocr_carea' id='block_1_35' title="bbox 2091 1734 3674 1822">
    <p class='ocr_par' dir='ltr' id='par_1_35' title="bbox 2104 1734 3674 1822">
     <span class='ocr_line' id='line_1_35' title="bbox 2104 1734 3674 1822; baseline 0.005 -20"><span class='ocrx_word' id='word_1_250' title='bbox 2104 1751 2200 1803; x_wconf 74' lang='grc' dir='ltr'>καὶ</span> <span class='ocrx_word' id='word_1_251' title='bbox 2231 1752 2300 1804; x_wconf 82' lang='grc' dir='ltr'>τὰ</span> <span class='ocrx_word' id='word_1_252' title='bbox 2324 1753 2443 1805; x_wconf 71' lang='grc' dir='ltr'>ἔσω</span> <span class='ocrx_word' id='word_1_253' title='bbox 2468 1752 2577 1820; x_wconf 77' lang='grc' dir='ltr'>τῆς</span> <span class='ocrx_word' id='word_1_254' title='bbox 2607 1757 2800 1822; x_wconf 71' lang='grc' dir='ltr'>οἰκίας</span> <span class='ocrx_word' id='word_1_255' title='bbox 2832 1734 3040 1821; x_wconf 82' lang='grc' dir='ltr'>αὐτοῦ,</span> <span class='ocrx_word' id='word_1_256' title='bbox 3070 1757 3168 1810; x_wconf 76' lang='grc' dir='ltr'>καὶ</span> <span class='ocrx_word' id='word_1_257' title='bbox 3200 1758 3269 1810; x_wconf 87' lang='grc' dir='ltr'>τὰ</span> <span class='ocrx_word' id='word_1_258' title='bbox 3299 1758 3415 1821; x_wconf 79' lang='grc' dir='ltr'><strong>ἔξω</strong></span> <span class='ocrx_word' id='word_1_259' title='bbox 3439 1758 3674 1811; x_wconf 78' lang='grc' dir='ltr'>πάντων</span> 
     </span>
    </p>
   </div>
   <div class='ocr_carea' id='block_1_36' title="bbox 435 1831 1999 1906">
    <p class='ocr_par' dir='ltr' id='par_1_36' title="bbox 435 1831 1999 1906">
     <span class='ocr_line' id='line_1_36' title="bbox 435 1831 1999 1906; baseline 0.008 -23"><span class='ocrx_word' id='word_1_260' title='bbox 435 1831 606 1901; x_wconf 82' lang='lat' dir='ltr'><strong>fecisti</strong></span> <span class='ocrx_word' id='word_1_261' title='bbox 654 1848 811 1898; x_wconf 82' lang='lat' dir='ltr'><strong>super</strong></span> <span class='ocrx_word' id='word_1_262' title='bbox 855 1834 1091 1885; x_wconf 85' lang='lat' dir='ltr'><strong>terram?</strong></span> <span class='ocrx_word' id='word_1_263' title='bbox 1130 1834 1233 1885; x_wconf 88' lang='lat' dir='ltr'><strong>Sed</strong></span> <span class='ocrx_word' id='word_1_264' title='bbox 1281 1835 1425 1888; x_wconf 86' lang='lat' dir='ltr'><strong>mitte</strong></span> <span class='ocrx_word' id='word_1_265' title='bbox 1468 1853 1679 1889; x_wconf 88' lang='lat' dir='ltr'><strong>manum</strong></span> <span class='ocrx_word' id='word_1_266' title='bbox 1730 1848 1896 1906; x_wconf 88' lang='lat' dir='ltr'><strong>tuam,</strong></span> <span class='ocrx_word' id='word_1_267' title='bbox 1953 1854 1999 1895; x_wconf 90' lang='lat' dir='ltr'><strong>et</strong></span> 
     </span>
    </p>
   </div>
   <div class='ocr_carea' id='block_1_37' title="bbox 432 1925 1998 1994">
    <p class='ocr_par' dir='ltr' id='par_1_37' title="bbox 432 1925 1998 1994">
     <span class='ocr_line' id='line_1_37' title="bbox 432 1925 1998 1994; baseline 0.008 -19"><span class='ocrx_word' id='word_1_268' title='bbox 432 1932 589 1991; x_wconf 85' lang='lat' dir='ltr'><strong>tange</strong></span> <span class='ocrx_word' id='word_1_269' title='bbox 629 1926 800 1975; x_wconf 85' lang='lat' dir='ltr'><strong>omnia</strong></span> <span class='ocrx_word' id='word_1_270' title='bbox 846 1940 961 1992; x_wconf 67' lang='lat' dir='ltr'><strong>qua:</strong></span> <span class='ocrx_word' id='word_1_271' title='bbox 1000 1925 1190 1989; x_wconf 83' lang='lat' dir='ltr'><strong>habet;</strong></span> <span class='ocrx_word' id='word_1_272' title='bbox 1230 1937 1365 1980; x_wconf 86' lang='lat' dir='ltr'><strong>certe</strong></span> <span class='ocrx_word' id='word_1_273' title='bbox 1416 1927 1468 1980; x_wconf 88' lang='lat' dir='ltr'><strong>in</strong></span> <span class='ocrx_word' id='word_1_274' title='bbox 1529 1928 1716 1994; x_wconf 76' lang='lat' dir='ltr'><strong>facient</strong></span> <span class='ocrx_word' id='word_1_275' title='bbox 1759 1941 1809 1985; x_wconf 88' lang='lat' dir='ltr'><strong>te</strong></span> <span class='ocrx_word' id='word_1_276' title='bbox 1845 1933 1998 1987; x_wconf 85' lang='lat' dir='ltr'><strong>bene-</strong></span> 
     </span>
    </p>
   </div>
   <div class='ocr_carea' id='block_1_38' title="bbox 430 2014 1999 2092">
    <p class='ocr_par' dir='ltr' id='par_1_38' title="bbox 430 2014 1999 2092">
     <span class='ocr_line' id='line_1_38' title="bbox 430 2014 1999 2092; baseline 0.009 -26"><span class='ocrx_word' id='word_1_277' title='bbox 430 2015 567 2067; x_wconf 87' lang='lat' dir='ltr'><strong>dicet</strong></span> <span class='ocrx_word' id='word_1_278' title='bbox 607 2014 685 2079; x_wconf 80' lang='lat'><strong>&quot;;</strong></span> <span class='ocrx_word' id='word_1_279' title='bbox 725 2017 926 2084; x_wconf 86' lang='lat' dir='ltr'><strong>pudore</strong></span> <span class='ocrx_word' id='word_1_280' title='bbox 975 2023 1191 2084; x_wconf 89' lang='lat' dir='ltr'><strong>opertus</strong></span> <span class='ocrx_word' id='word_1_281' title='bbox 1226 2026 1332 2080; x_wconf 90' lang='lat' dir='ltr'><strong>est,</strong></span> <span class='ocrx_word' id='word_1_282' title='bbox 1383 2028 1440 2071; x_wconf 90' lang='lat' dir='ltr'><strong>ut</strong></span> <span class='ocrx_word' id='word_1_283' title='bbox 1487 2020 1577 2087; x_wconf 89' lang='lat' dir='ltr'><strong>qui</strong></span> <span class='ocrx_word' id='word_1_284' title='bbox 1624 2028 1750 2076; x_wconf 90' lang='lat' dir='ltr'><strong>tunc</strong></span> <span class='ocrx_word' id='word_1_285' title='bbox 1783 2038 1999 2092; x_wconf 91' lang='lat' dir='ltr'><strong>quoque</strong></span> 
     </span>
    </p>
   </div>
   <div class='ocr_carea' id='block_1_39' title="bbox 431 2103 1996 2183">
    <p class='ocr_par' dir='ltr' id='par_1_39' title="bbox 431 2103 1996 2183">
     <span class='ocr_line' id='line_1_39' title="bbox 431 2103 1996 2183; baseline 0.008 -27"><span class='ocrx_word' id='word_1_286' title='bbox 431 2103 565 2158; x_wconf 80' lang='lat' dir='ltr'><strong>falsa</strong></span> <span class='ocrx_word' id='word_1_287' title='bbox 601 2106 652 2159; x_wconf 93' lang='lat' dir='ltr'><strong>in</strong></span> <span class='ocrx_word' id='word_1_288' title='bbox 682 2105 783 2159; x_wconf 82' lang='lat' dir='ltr'><strong>Job</strong></span> <span class='ocrx_word' id='word_1_289' title='bbox 811 2108 1064 2170; x_wconf 83' lang='lat' dir='ltr'><strong>dixisset;</strong></span> <span class='ocrx_word' id='word_1_290' title='bbox 1098 2107 1184 2160; x_wconf 87' lang='lat' dir='ltr'><strong>ille</strong></span> <span class='ocrx_word' id='word_1_291' title='bbox 1209 2109 1351 2161; x_wconf 89' lang='lat' dir='ltr'><strong>enim</strong></span> <span class='ocrx_word' id='word_1_292' title='bbox 1385 2118 1460 2163; x_wconf 90' lang='lat' dir='ltr'><strong>tot</strong></span> <span class='ocrx_word' id='word_1_293' title='bbox 1492 2120 1751 2182; x_wconf 87' lang='lat' dir='ltr'><strong>tantaque</strong></span> <span class='ocrx_word' id='word_1_294' title='bbox 1781 2130 1996 2183; x_wconf 85' lang='lat' dir='ltr'><strong>passus,</strong></span> 
     </span>
    </p>
   </div>
   <div class='ocr_carea' id='block_1_40' title="bbox 426 2200 1997 2268">
    <p class='ocr_par' dir='ltr' id='par_1_40' title="bbox 426 2200 1997 2268">
     <span class='ocr_line' id='line_1_40' title="bbox 426 2200 1997 2268; baseline 0.008 -18"><span class='ocrx_word' id='word_1_295' title='bbox 426 2213 557 2264; x_wconf 87' lang='lat' dir='ltr'><strong>non,</strong></span> <span class='ocrx_word' id='word_1_296' title='bbox 611 2208 668 2251; x_wconf 91' lang='lat' dir='ltr'><strong>ut</strong></span> <span class='ocrx_word' id='word_1_297' title='bbox 712 2200 891 2253; x_wconf 85' lang='lat' dir='ltr'><strong>aiebat</strong></span> <span class='ocrx_word' id='word_1_298' title='bbox 935 2201 1302 2268; x_wconf 88' lang='lat' dir='ltr'><strong>adversarius,</strong></span> <span class='ocrx_word' id='word_1_299' title='bbox 1356 2204 1408 2255; x_wconf 89' lang='lat' dir='ltr'><strong>iu</strong></span> <span class='ocrx_word' id='word_1_300' title='bbox 1469 2204 1662 2259; x_wconf 81' lang='lat' dir='ltr'><strong>faciem</strong></span> <span class='ocrx_word' id='word_1_301' title='bbox 1720 2208 1997 2263; x_wconf 81' lang='lat' dir='ltr'><strong>benedixit</strong></span> 
     </span>
    </p>
   </div>
   <div class='ocr_carea' id='block_1_41' title="bbox 429 2289 1995 2359">
    <p class='ocr_par' dir='ltr' id='par_1_41' title="bbox 429 2289 1995 2359">
     <span class='ocr_line' id='line_1_41' title="bbox 429 2289 1995 2359; baseline 0.007 -16"><span class='ocrx_word' id='word_1_302' title='bbox 429 2289 563 2353; x_wconf 88' lang='lat' dir='ltr'><strong>Deo,</strong></span> <span class='ocrx_word' id='word_1_303' title='bbox 592 2292 688 2344; x_wconf 84' lang='lat' dir='ltr'><strong>sed</strong></span> <span class='ocrx_word' id='word_1_304' title='bbox 725 2291 887 2344; x_wconf 90' lang='lat' dir='ltr'><strong>etiam</strong></span> <span class='ocrx_word' id='word_1_305' title='bbox 919 2293 1151 2347; x_wconf 89' lang='lat' dir='ltr'><strong>traditus</strong></span> <span class='ocrx_word' id='word_1_306' title='bbox 1181 2294 1433 2348; x_wconf 89' lang='lat' dir='ltr'><strong>teutatori</strong></span> <span class='ocrx_word' id='word_1_307' title='bbox 1474 2295 1636 2359; x_wconf 85' lang='lat' dir='ltr'><strong>Deum</strong></span> <span class='ocrx_word' id='word_1_308' title='bbox 1671 2296 1995 2354; x_wconf 88' lang='lat' dir='ltr'><strong>benedicere</strong></span> 
     </span>
    </p>
   </div>
   <div class='ocr_carea' id='block_1_42' title="bbox 428 2381 1993 2451">
    <p class='ocr_par' dir='ltr' id='par_1_42' title="bbox 428 2381 1993 2451">
     <span class='ocr_line' id='line_1_42' title="bbox 428 2381 1993 2451; baseline 0.007 -19"><span class='ocrx_word' id='word_1_309' title='bbox 428 2381 824 2450; x_wconf 83' lang='lat' dir='ltr'><strong>perseveravit,</strong></span> <span class='ocrx_word' id='word_1_310' title='bbox 862 2382 1271 2451; x_wconf 75' lang='lat' dir='ltr'><strong>increpavitqne</strong></span> <span class='ocrx_word' id='word_1_311' title='bbox 1299 2401 1522 2441; x_wconf 85' lang='lat' dir='ltr'><strong>uxorem</strong></span> <span class='ocrx_word' id='word_1_312' title='bbox 1550 2387 1815 2442; x_wconf 88' lang='lat' dir='ltr'><strong>dicentem</strong></span> <span class='ocrx_word' id='word_1_313' title='bbox 1856 2411 1866 2444; x_wconf 94' lang='lat'>:</span> <span class='ocrx_word' id='word_1_314' title='bbox 1901 2389 1993 2443; x_wconf 88' lang='lat' dir='ltr'><strong>Di-</strong></span> 
     </span>
    </p>
   </div>
   <div class='ocr_carea' id='block_1_43' title="bbox 422 2471 1991 2547">
    <p class='ocr_par' dir='ltr' id='par_1_43' title="bbox 422 2471 1991 2547">
     <span class='ocr_line' id='line_1_43' title="bbox 422 2471 1991 2547; baseline 0.007 -24"><span class='ocrx_word' id='word_1_315' title='bbox 422 2471 523 2523; x_wconf 82' lang='lat' dir='ltr'><strong>cito</strong></span> <span class='ocrx_word' id='word_1_316' title='bbox 568 2471 781 2541; x_wconf 85' lang='lat' dir='ltr'><strong>aliquod</strong></span> <span class='ocrx_word' id='word_1_317' title='bbox 818 2474 1029 2525; x_wconf 85' lang='lat' dir='ltr'><strong>verbum</strong></span> <span class='ocrx_word' id='word_1_318' title='bbox 1073 2476 1127 2527; x_wconf 87' lang='lat' dir='ltr'><strong>in</strong></span> <span class='ocrx_word' id='word_1_319' title='bbox 1174 2474 1452 2530; x_wconf 87' lang='lat' dir='ltr'><strong>Dominum</strong></span> <span class='ocrx_word' id='word_1_320' title='bbox 1490 2488 1535 2532; x_wconf 90' lang='lat' dir='ltr'><strong>et</strong></span> <span class='ocrx_word' id='word_1_321' title='bbox 1574 2496 1772 2533; x_wconf 89' lang='lat' dir='ltr'><strong>morere</strong></span> <span class='ocrx_word' id='word_1_322' title='bbox 1817 2480 1894 2547; x_wconf 77' lang='lat'><strong>“;</strong></span> <span class='ocrx_word' id='word_1_323' title='bbox 1938 2491 1991 2535; x_wconf 91' lang='lat' dir='ltr'><strong>et</strong></span> 
     </span>
    </p>
   </div>
   <div class='ocr_carea' id='block_1_44' title="bbox 421 2561 1988 2640">
    <p class='ocr_par' dir='ltr' id='par_1_44' title="bbox 421 2561 1988 2640">
     <span class='ocr_line' id='line_1_44' title="bbox 421 2561 1988 2640; baseline 0.008 -27"><span class='ocrx_word' id='word_1_324' title='bbox 421 2561 586 2632; x_wconf 77' lang='lat'><strong>266</strong></span> <span class='ocrx_word' id='word_1_325' title='bbox 614 2563 961 2628; x_wconf 83' lang='lat' dir='ltr'><strong>reprehendit</strong></span> <span class='ocrx_word' id='word_1_326' title='bbox 1010 2564 1093 2617; x_wconf 90' lang='lat' dir='ltr'><strong>his</strong></span> <span class='ocrx_word' id='word_1_327' title='bbox 1135 2568 1363 2623; x_wconf 87' lang='lat' dir='ltr'><strong>verbis:</strong></span> <span class='ocrx_word' id='word_1_328' title='bbox 1399 2568 1665 2640; x_wconf 75' lang='lat' dir='ltr'><strong>Tanquam</strong></span> <span class='ocrx_word' id='word_1_329' title='bbox 1718 2590 1822 2626; x_wconf 89' lang='lat' dir='ltr'><strong>una</strong></span> <span class='ocrx_word' id='word_1_330' title='bbox 1864 2574 1988 2626; x_wconf 83' lang='lat' dir='ltr'><strong>insi-</strong></span> 
     </span>
    </p>
   </div>
   <div class='ocr_carea' id='block_1_45' title="bbox 418 2653 1989 2730">
    <p class='ocr_par' dir='ltr' id='par_1_45' title="bbox 418 2653 1989 2730">
     <span class='ocr_line' id='line_1_45' title="bbox 418 2653 1989 2730; baseline 0.013 -31"><span class='ocrx_word' id='word_1_331' title='bbox 418 2653 648 2720; x_wconf 80' lang='lat' dir='ltr'><strong>pientum</strong></span> <span class='ocrx_word' id='word_1_332' title='bbox 675 2654 950 2707; x_wconf 82' lang='lat' dir='ltr'><strong>mulierum</strong></span> <span class='ocrx_word' id='word_1_333' title='bbox 982 2656 1156 2710; x_wconf 84' lang='lat' dir='ltr'><strong>locutu</strong></span> <span class='ocrx_word' id='word_1_334' title='bbox 1198 2676 1271 2712; x_wconf 90' lang='lat' dir='ltr'><strong>es.</strong></span> <span class='ocrx_word' id='word_1_335' title='bbox 1307 2659 1365 2713; x_wconf 88' lang='lat' dir='ltr'><strong>Si</strong></span> <span class='ocrx_word' id='word_1_336' title='bbox 1396 2662 1529 2714; x_wconf 86' lang='lat' dir='ltr'><strong>bona</strong></span> <span class='ocrx_word' id='word_1_337' title='bbox 1575 2666 1896 2730; x_wconf 81' lang='lat' dir='ltr'><strong>suscepimus</strong></span> <span class='ocrx_word' id='word_1_338' title='bbox 1923 2666 1989 2719; x_wconf 84' lang='lat' dir='ltr'><strong>de</strong></span> 
     </span>
    </p>
   </div>
   <div class='ocr_carea' id='block_1_46' title="bbox 418 2741 1983 2807">
    <p class='ocr_par' dir='ltr' id='par_1_46' title="bbox 418 2741 1983 2807">
     <span class='ocr_line' id='line_1_46' title="bbox 418 2741 1983 2807; baseline 0.009 -14"><span class='ocrx_word' id='word_1_339' title='bbox 418 2757 580 2794; x_wconf 86' lang='lat' dir='ltr'><strong>manu</strong></span> <span class='ocrx_word' id='word_1_340' title='bbox 620 2741 869 2807; x_wconf 85' lang='lat' dir='ltr'><strong>Domini,</strong></span> <span class='ocrx_word' id='word_1_341' title='bbox 916 2745 1057 2796; x_wconf 89' lang='lat' dir='ltr'><strong>mala</strong></span> <span class='ocrx_word' id='word_1_342' title='bbox 1092 2762 1189 2799; x_wconf 86' lang='lat' dir='ltr'><strong>cur</strong></span> <span class='ocrx_word' id='word_1_343' title='bbox 1228 2768 1328 2804; x_wconf 87' lang='lat' dir='ltr'><strong>non</strong></span> <span class='ocrx_word' id='word_1_344' title='bbox 1364 2753 1731 2806; x_wconf 84' lang='lat' dir='ltr'><strong>sustinebimus</strong></span> <span class='ocrx_word' id='word_1_345' title='bbox 1762 2754 1846 2807; x_wconf 73' lang='lat'><strong>‘7?</strong></span> <span class='ocrx_word' id='word_1_346' title='bbox 1886 2754 1983 2807; x_wconf 87' lang='lat' dir='ltr'><strong>Se-</strong></span> 
     </span>
    </p>
   </div>
   <div class='ocr_carea' id='block_1_47' title="bbox 415 2833 1980 2902">
    <p class='ocr_par' dir='ltr' id='par_1_47' title="bbox 415 2833 1980 2902">
     <span class='ocr_line' id='line_1_47' title="bbox 415 2833 1980 2902; baseline 0.009 -19"><span class='ocrx_word' id='word_1_347' title='bbox 415 2833 594 2884; x_wconf 91' lang='lat' dir='ltr'><strong>cundo</strong></span> <span class='ocrx_word' id='word_1_348' title='bbox 622 2847 835 2902; x_wconf 90' lang='lat' dir='ltr'><strong>quoque</strong></span> <span class='ocrx_word' id='word_1_349' title='bbox 859 2836 924 2888; x_wconf 89' lang='lat' dir='ltr'><strong>de</strong></span> <span class='ocrx_word' id='word_1_350' title='bbox 955 2834 1057 2890; x_wconf 88' lang='lat' dir='ltr'><strong>Job</strong></span> <span class='ocrx_word' id='word_1_351' title='bbox 1092 2840 1337 2894; x_wconf 75' lang='lat' dir='ltr'><strong>diabolus</strong></span> <span class='ocrx_word' id='word_1_352' title='bbox 1364 2843 1440 2895; x_wconf 85' lang='lat' dir='ltr'><strong>ait</strong></span> <span class='ocrx_word' id='word_1_353' title='bbox 1473 2844 1698 2897; x_wconf 89' lang='lat' dir='ltr'><strong>Domino</strong></span> <span class='ocrx_word' id='word_1_354' title='bbox 1734 2861 1747 2896; x_wconf 91' lang='lat'><strong>:</strong></span> <span class='ocrx_word' id='word_1_355' title='bbox 1782 2843 1980 2898; x_wconf 84' lang='lat' dir='ltr'><strong>Pellem</strong></span> 
     </span>
    </p>
   </div>
   <div class='ocr_carea' id='block_1_48' title="bbox 417 2922 1981 3000">
    <p class='ocr_par' dir='ltr' id='par_1_48' title="bbox 417 2922 1981 3000">
     <span class='ocr_line' id='line_1_48' title="bbox 417 2922 1981 3000; baseline 0.008 -26"><span class='ocrx_word' id='word_1_356' title='bbox 417 2938 513 2989; x_wconf 82' lang='lat' dir='ltr'><strong>pro</strong></span> <span class='ocrx_word' id='word_1_357' title='bbox 552 2922 704 2990; x_wconf 87' lang='lat' dir='ltr'><strong>pelle,</strong></span> <span class='ocrx_word' id='word_1_358' title='bbox 750 2942 1070 2993; x_wconf 73' lang='lat' dir='ltr'><strong>qua&#39;cunque</strong></span> <span class='ocrx_word' id='word_1_359' title='bbox 1114 2942 1231 2982; x_wconf 84' lang='lat' dir='ltr'><strong>sunt</strong></span> <span class='ocrx_word' id='word_1_360' title='bbox 1267 2932 1465 2986; x_wconf 86' lang='lat' dir='ltr'><strong>homini</strong></span> <span class='ocrx_word' id='word_1_361' title='bbox 1513 2950 1606 3000; x_wconf 90' lang='lat' dir='ltr'><strong>pro</strong></span> <span class='ocrx_word' id='word_1_362' title='bbox 1670 2934 1848 2986; x_wconf 87' lang='lat' dir='ltr'><strong>aninta</strong></span> <span class='ocrx_word' id='word_1_363' title='bbox 1883 2951 1981 2987; x_wconf 85' lang='lat' dir='ltr'><strong>sua</strong></span> 
     </span>
    </p>
   </div>
   <div class='ocr_carea' id='block_1_49' title="bbox 414 3014 1983 3091">
    <p class='ocr_par' dir='ltr' id='par_1_49' title="bbox 414 3014 1983 3091">
     <span class='ocr_line' id='line_1_49' title="bbox 414 3014 1983 3091; baseline 0.007 -26"><span class='ocrx_word' id='word_1_364' title='bbox 414 3016 626 3078; x_wconf 82' lang='lat' dir='ltr'><strong>pendet.</strong></span> <span class='ocrx_word' id='word_1_365' title='bbox 660 3014 901 3084; x_wconf 80' lang='lat' dir='ltr'><strong>Alioquin</strong></span> <span class='ocrx_word' id='word_1_366' title='bbox 928 3028 1103 3071; x_wconf 87' lang='lat' dir='ltr'><strong>autem</strong></span> <span class='ocrx_word' id='word_1_367' title='bbox 1142 3021 1286 3073; x_wconf 88' lang='lat' dir='ltr'><strong>mitte</strong></span> <span class='ocrx_word' id='word_1_368' title='bbox 1317 3040 1530 3075; x_wconf 86' lang='lat' dir='ltr'><strong>manum</strong></span> <span class='ocrx_word' id='word_1_369' title='bbox 1556 3034 1723 3089; x_wconf 86' lang='lat' dir='ltr'><strong>tuam,</strong></span> <span class='ocrx_word' id='word_1_370' title='bbox 1753 3034 1799 3075; x_wconf 89' lang='lat' dir='ltr'><strong>et</strong></span> <span class='ocrx_word' id='word_1_371' title='bbox 1835 3034 1983 3091; x_wconf 79' lang='lat' dir='ltr'><strong>tange</strong></span> 
     </span>
    </p>
   </div>
   <div class='ocr_carea' id='block_1_50' title="bbox 416 3106 1982 3182">
    <p class='ocr_par' dir='ltr' id='par_1_50' title="bbox 416 3106 1982 3182">
     <span class='ocr_line' id='line_1_50' title="bbox 416 3106 1982 3182; baseline 0.006 -25"><span class='ocrx_word' id='word_1_372' title='bbox 416 3121 535 3157; x_wconf 84' lang='lat' dir='ltr'><strong>ossa</strong></span> <span class='ocrx_word' id='word_1_373' title='bbox 577 3106 711 3173; x_wconf 85' lang='lat' dir='ltr'><strong>ejus,</strong></span> <span class='ocrx_word' id='word_1_374' title='bbox 760 3119 806 3158; x_wconf 92' lang='lat' dir='ltr'><strong>et</strong></span> <span class='ocrx_word' id='word_1_375' title='bbox 857 3125 1037 3162; x_wconf 87' lang='lat' dir='ltr'><strong>carnes</strong></span> <span class='ocrx_word' id='word_1_376' title='bbox 1078 3112 1229 3179; x_wconf 83' lang='lat' dir='ltr'><strong>ejus;</strong></span> <span class='ocrx_word' id='word_1_377' title='bbox 1256 3123 1390 3166; x_wconf 86' lang='lat' dir='ltr'><strong>certe</strong></span> <span class='ocrx_word' id='word_1_378' title='bbox 1422 3114 1477 3167; x_wconf 86' lang='lat' dir='ltr'><strong>in</strong></span> <span class='ocrx_word' id='word_1_379' title='bbox 1516 3115 1705 3182; x_wconf 78' lang='lat' dir='ltr'><strong>[aciem</strong></span> <span class='ocrx_word' id='word_1_380' title='bbox 1748 3125 1796 3167; x_wconf 88' lang='lat' dir='ltr'><strong>te</strong></span> <span class='ocrx_word' id='word_1_381' title='bbox 1832 3115 1982 3167; x_wconf 87' lang='lat' dir='ltr'><strong>bene-</strong></span> 
     </span>
    </p>
   </div>
   <div class='ocr_carea' id='block_1_51' title="bbox 412 3194 1980 3261">
    <p class='ocr_par' dir='ltr' id='par_1_51' title="bbox 412 3194 1980 3261">
     <span class='ocr_line' id='line_1_51' title="bbox 412 3194 1980 3261; baseline 0.009 -14"><span class='ocrx_word' id='word_1_382' title='bbox 412 3196 549 3249; x_wconf 83' lang='lat' dir='ltr'><strong>dicet</strong></span> <span class='ocrx_word' id='word_1_383' title='bbox 576 3194 640 3247; x_wconf 67' lang='grc'><strong>⁸⁸.</strong></span> <span class='ocrx_word' id='word_1_384' title='bbox 664 3194 733 3248; x_wconf 87' lang='grc' dir='ltr'>Αι</span> <span class='ocrx_word' id='word_1_385' title='bbox 757 3196 933 3251; x_wconf 90' lang='lat' dir='ltr'><strong>victus</strong></span> <span class='ocrx_word' id='word_1_386' title='bbox 955 3214 984 3251; x_wconf 90' lang='lat' dir='ltr'><strong>a</strong></span> <span class='ocrx_word' id='word_1_387' title='bbox 1012 3201 1225 3254; x_wconf 88' lang='lat' dir='ltr'><strong>virtutis</strong></span> <span class='ocrx_word' id='word_1_388' title='bbox 1249 3202 1450 3257; x_wconf 89' lang='lat' dir='ltr'><strong>athleta</strong></span> <span class='ocrx_word' id='word_1_389' title='bbox 1476 3206 1705 3258; x_wconf 81' lang='lat' dir='ltr'><strong>mendax</strong></span> <span class='ocrx_word' id='word_1_390' title='bbox 1731 3214 1980 3261; x_wconf 86' lang='lat' dir='ltr'><strong>ostensus</strong></span> 
     </span>
    </p>
   </div>
   <div class='ocr_carea' id='block_1_52' title="bbox 410 3282 1977 3363">
    <p class='ocr_par' dir='ltr' id='par_1_52' title="bbox 410 3282 1977 3363">
     <span class='ocr_line' id='line_1_52' title="bbox 410 3282 1977 3363; baseline 0.007 -26"><span class='ocrx_word' id='word_1_391' title='bbox 410 3294 519 3338; x_wconf 84' lang='lat' dir='ltr'><strong>est.</strong></span> <span class='ocrx_word' id='word_1_392' title='bbox 545 3282 868 3355; x_wconf 87' lang='lat' dir='ltr'><strong>Quanquam</strong></span> <span class='ocrx_word' id='word_1_393' title='bbox 888 3290 1031 3343; x_wconf 89' lang='lat' dir='ltr'><strong>enim</strong></span> <span class='ocrx_word' id='word_1_394' title='bbox 1053 3292 1396 3346; x_wconf 88' lang='lat' dir='ltr'><strong>atrocissima</strong></span> <span class='ocrx_word' id='word_1_395' title='bbox 1418 3308 1645 3362; x_wconf 69' lang='lat' dir='ltr'><strong>quaeque</strong></span> <span class='ocrx_word' id='word_1_396' title='bbox 1666 3309 1977 3363; x_wconf 88' lang='lat' dir='ltr'><strong>perpessus,</strong></span> 
     </span>
    </p>
   </div>
   <div class='ocr_carea' id='block_1_53' title="bbox 410 3378 1977 3450">
    <p class='ocr_par' dir='ltr' id='par_1_53' title="bbox 410 3378 1977 3450">
     <span class='ocr_line' id='line_1_53' title="bbox 410 3378 1977 3450; baseline 0.006 -21"><span class='ocrx_word' id='word_1_397' title='bbox 410 3380 779 3443; x_wconf 86' lang='lat' dir='ltr'><strong>perseveravit</strong></span> <span class='ocrx_word' id='word_1_398' title='bbox 838 3378 972 3431; x_wconf 90' lang='lat' dir='ltr'><strong>nihil</strong></span> <span class='ocrx_word' id='word_1_399' title='bbox 1026 3380 1286 3435; x_wconf 89' lang='lat' dir='ltr'><strong>adversus</strong></span> <span class='ocrx_word' id='word_1_400' title='bbox 1336 3382 1498 3435; x_wconf 87' lang='lat' dir='ltr'><strong>Deum</strong></span> <span class='ocrx_word' id='word_1_401' title='bbox 1547 3398 1775 3450; x_wconf 82' lang='lat' dir='ltr'><strong>peccare</strong></span> <span class='ocrx_word' id='word_1_402' title='bbox 1821 3383 1977 3438; x_wconf 84' lang='lat' dir='ltr'><strong>labiis</strong></span> 
     </span>
    </p>
   </div>
   <div class='ocr_carea' id='block_1_54' title="bbox 406 3467 1980 3530">
    <p class='ocr_par' dir='ltr' id='par_1_54' title="bbox 406 3467 1980 3530">
     <span class='ocr_line' id='line_1_54' title="bbox 406 3467 1980 3530; baseline 0.005 -8"><span class='ocrx_word' id='word_1_403' title='bbox 406 3469 540 3522; x_wconf 86' lang='lat' dir='ltr'><strong>suis.</strong></span> <span class='ocrx_word' id='word_1_404' title='bbox 592 3467 758 3523; x_wconf 89' lang='lat' dir='ltr'><strong>Porro</strong></span> <span class='ocrx_word' id='word_1_405' title='bbox 807 3470 908 3524; x_wconf 79' lang='lat' dir='ltr'><strong>Job</strong></span> <span class='ocrx_word' id='word_1_406' title='bbox 963 3473 1172 3526; x_wconf 92' lang='lat' dir='ltr'><strong>duobus</strong></span> <span class='ocrx_word' id='word_1_407' title='bbox 1235 3474 1622 3529; x_wconf 85' lang='lat' dir='ltr'><strong>certaminibus</strong></span> <span class='ocrx_word' id='word_1_408' title='bbox 1667 3475 1883 3530; x_wconf 78' lang='lat' dir='ltr'><strong>functas</strong></span> <span class='ocrx_word' id='word_1_409' title='bbox 1924 3487 1980 3530; x_wconf 90' lang='lat' dir='ltr'><strong>et</strong></span> 
     </span>
    </p>
   </div>
   <div class='ocr_carea' id='block_1_55' title="bbox 405 3560 1971 3631">
    <p class='ocr_par' dir='ltr' id='par_1_55' title="bbox 405 3560 1971 3631">
     <span class='ocr_line' id='line_1_55' title="bbox 405 3560 1971 3631; baseline 0.006 -21"><span class='ocrx_word' id='word_1_410' title='bbox 405 3569 635 3628; x_wconf 88' lang='lat' dir='ltr'><strong>utroque</strong></span> <span class='ocrx_word' id='word_1_411' title='bbox 685 3560 882 3628; x_wconf 90' lang='lat' dir='ltr'><strong>victor,</strong></span> <span class='ocrx_word' id='word_1_412' title='bbox 933 3565 1150 3617; x_wconf 90' lang='lat' dir='ltr'><strong>tertium</strong></span> <span class='ocrx_word' id='word_1_413' title='bbox 1204 3562 1469 3631; x_wconf 81' lang='lat' dir='ltr'><strong>ejusmodi</strong></span> <span class='ocrx_word' id='word_1_414' title='bbox 1522 3574 1802 3618; x_wconf 84' lang='lat' dir='ltr'><strong>certamen</strong></span> <span class='ocrx_word' id='word_1_415' title='bbox 1866 3580 1971 3620; x_wconf 92' lang='lat' dir='ltr'><strong>non</strong></span> 
     </span>
    </p>
   </div>
   <div class='ocr_carea' id='block_1_56' title="bbox 404 3651 1974 3727">
    <p class='ocr_par' dir='ltr' id='par_1_56' title="bbox 404 3651 1974 3727">
     <span class='ocr_line' id='line_1_56' title="bbox 404 3651 1974 3727; baseline 0.005 -24"><span class='ocrx_word' id='word_1_416' title='bbox 404 3651 599 3717; x_wconf 86' lang='lat' dir='ltr'><strong>subiit;</strong></span> <span class='ocrx_word' id='word_1_417' title='bbox 626 3654 912 3721; x_wconf 77' lang='lat' dir='ltr'><strong>oportebat</strong></span> <span class='ocrx_word' id='word_1_418' title='bbox 941 3656 1082 3710; x_wconf 92' lang='lat' dir='ltr'><strong>enim</strong></span> <span class='ocrx_word' id='word_1_419' title='bbox 1112 3658 1304 3711; x_wconf 87' lang='lat' dir='ltr'><strong>trinam</strong></span> <span class='ocrx_word' id='word_1_420' title='bbox 1331 3657 1475 3709; x_wconf 89' lang='lat' dir='ltr'><strong>illam</strong></span> <span class='ocrx_word' id='word_1_421' title='bbox 1502 3672 1731 3727; x_wconf 80' lang='lat' dir='ltr'><strong>pugnam</strong></span> <span class='ocrx_word' id='word_1_422' title='bbox 1757 3656 1974 3712; x_wconf 88' lang='lat' dir='ltr'><strong>Christo</strong></span> 
     </span>
    </p>
   </div>
   <div class='ocr_carea' id='block_1_57' title="bbox 406 3745 1968 3816">
    <p class='ocr_par' dir='ltr' id='par_1_57' title="bbox 406 3745 1968 3816">
     <span class='ocr_line' id='line_1_57' title="bbox 406 3745 1968 3816; baseline 0.005 -23"><span class='ocrx_word' id='word_1_423' title='bbox 406 3745 696 3807; x_wconf 81' lang='lat' dir='ltr'><strong>reservari,</strong></span> <span class='ocrx_word' id='word_1_424' title='bbox 742 3760 862 3812; x_wconf 71' lang='lat' dir='ltr'><strong>qua:</strong></span> <span class='ocrx_word' id='word_1_425' title='bbox 909 3746 959 3799; x_wconf 93' lang='lat' dir='ltr'><strong>in</strong></span> <span class='ocrx_word' id='word_1_426' title='bbox 1005 3747 1181 3801; x_wconf 89' lang='lat' dir='ltr'><strong>tribus</strong></span> <span class='ocrx_word' id='word_1_427' title='bbox 1210 3746 1518 3814; x_wconf 82' lang='lat' dir='ltr'><strong>Evangeliis</strong></span> <span class='ocrx_word' id='word_1_428' title='bbox 1546 3747 1815 3816; x_wconf 89' lang='lat' dir='ltr'><strong>descripta</strong></span> <span class='ocrx_word' id='word_1_429' title='bbox 1849 3757 1968 3801; x_wconf 86' lang='lat' dir='ltr'><strong>est:</strong></span> 
     </span>
    </p>
   </div>
   <div class='ocr_carea' id='block_1_58' title="bbox 406 3833 1971 3907">
    <p class='ocr_par' dir='ltr' id='par_1_58' title="bbox 406 3833 1971 3907">
     <span class='ocr_line' id='line_1_58' title="bbox 406 3833 1971 3907; baseline 0.006 -24"><span class='ocrx_word' id='word_1_430' title='bbox 406 3833 583 3885; x_wconf 81' lang='lat' dir='ltr'><strong>tribus</strong></span> <span class='ocrx_word' id='word_1_431' title='bbox 608 3836 750 3887; x_wconf 92' lang='lat' dir='ltr'><strong>enim</strong></span> <span class='ocrx_word' id='word_1_432' title='bbox 778 3836 907 3890; x_wconf 87' lang='lat' dir='ltr'><strong>vicit</strong></span> <span class='ocrx_word' id='word_1_433' title='bbox 928 3838 1203 3891; x_wconf 89' lang='lat' dir='ltr'><strong>inimicum</strong></span> <span class='ocrx_word' id='word_1_434' title='bbox 1224 3837 1481 3891; x_wconf 90' lang='lat' dir='ltr'><strong>Servator</strong></span> <span class='ocrx_word' id='word_1_435' title='bbox 1497 3854 1656 3907; x_wconf 89' lang='lat' dir='ltr'><strong>quem</strong></span> <span class='ocrx_word' id='word_1_436' title='bbox 1678 3838 1971 3892; x_wconf 88' lang='lat' dir='ltr'><strong>secundum</strong></span> 
     </span>
    </p>
   </div>
   <div class='ocr_carea' id='block_1_59' title="bbox 404 3923 1973 3998">
    <p class='ocr_par' dir='ltr' id='par_1_59' title="bbox 404 3923 1973 3998">
     <span class='ocr_line' id='line_1_59' title="bbox 404 3923 1973 3998; baseline 0.004 -23"><span class='ocrx_word' id='word_1_437' title='bbox 404 3923 681 3977; x_wconf 84' lang='lat' dir='ltr'><strong>hominem</strong></span> <span class='ocrx_word' id='word_1_438' title='bbox 722 3927 1092 3994; x_wconf 79' lang='lat' dir='ltr'><strong>intelligimus.</strong></span> <span class='ocrx_word' id='word_1_439' title='bbox 1132 3928 1424 3997; x_wconf 88' lang='lat' dir='ltr'><strong>Postquam</strong></span> <span class='ocrx_word' id='word_1_440' title='bbox 1456 3930 1615 3998; x_wconf 79' lang='lat' dir='ltr'><strong>igitur</strong></span> <span class='ocrx_word' id='word_1_441' title='bbox 1646 3938 1704 3983; x_wconf 90' lang='lat' dir='ltr'><strong>ut</strong></span> <span class='ocrx_word' id='word_1_442' title='bbox 1740 3930 1973 3984; x_wconf 84' lang='lat' dir='ltr'><strong>scientes</strong></span> 
     </span>
    </p>
   </div>
   <div class='ocr_carea' id='block_1_60' title="bbox 403 4016 1970 4085">
    <p class='ocr_par' dir='ltr' id='par_1_60' title="bbox 403 4016 1970 4085">
     <span class='ocr_line' id='line_1_60' title="bbox 403 4016 1970 4085; baseline 0.007 -22"><span class='ocrx_word' id='word_1_443' title='bbox 403 4023 647 4079; x_wconf 84' lang='lat' dir='ltr'><strong>petamus</strong></span> <span class='ocrx_word' id='word_1_444' title='bbox 701 4032 729 4068; x_wconf 91' lang='lat' dir='ltr'><strong>a</strong></span> <span class='ocrx_word' id='word_1_445' title='bbox 776 4016 884 4070; x_wconf 88' lang='lat' dir='ltr'><strong>Deo</strong></span> <span class='ocrx_word' id='word_1_446' title='bbox 933 4034 1001 4072; x_wconf 90' lang='lat' dir='ltr'><strong>ue</strong></span> <span class='ocrx_word' id='word_1_447' title='bbox 1051 4020 1315 4076; x_wconf 89' lang='lat' dir='ltr'><strong>intremus</strong></span> <span class='ocrx_word' id='word_1_448' title='bbox 1353 4025 1406 4075; x_wconf 87' lang='lat' dir='ltr'><strong>in</strong></span> <span class='ocrx_word' id='word_1_449' title='bbox 1454 4021 1827 4085; x_wconf 88' lang='lat' dir='ltr'><strong>tentationem,</strong></span> <span class='ocrx_word' id='word_1_450' title='bbox 1877 4022 1970 4075; x_wconf 90' lang='lat' dir='ltr'><strong>sed</strong></span> 
     </span>
    </p>
   </div>
   <div class='ocr_carea' id='block_1_61' title="bbox 402 4105 1971 4180">
    <p class='ocr_par' dir='ltr' id='par_1_61' title="bbox 402 4105 1971 4180">
     <span class='ocr_line' id='line_1_61' title="bbox 402 4105 1971 4180; baseline 0.004 -22"><span class='ocrx_word' id='word_1_451' title='bbox 402 4105 695 4159; x_wconf 86' lang='lat' dir='ltr'><strong>liberemur</strong></span> <span class='ocrx_word' id='word_1_452' title='bbox 734 4124 761 4161; x_wconf 90' lang='lat' dir='ltr'><strong>a</strong></span> <span class='ocrx_word' id='word_1_453' title='bbox 804 4109 968 4173; x_wconf 88' lang='lat' dir='ltr'><strong>malo,</strong></span> <span class='ocrx_word' id='word_1_454' title='bbox 1011 4110 1324 4180; x_wconf 80' lang='lat' dir='ltr'><strong>diligentius</strong></span> <span class='ocrx_word' id='word_1_455' title='bbox 1372 4114 1487 4167; x_wconf 70' lang='lat' dir='ltr'><strong>haec</strong></span> <span class='ocrx_word' id='word_1_456' title='bbox 1530 4111 1971 4165; x_wconf 82' lang='lat' dir='ltr'><strong>examinavimus</strong></span> 
     </span>
    </p>
   </div>
   <div class='ocr_carea' id='block_1_62' title="bbox 399 4200 1967 4270">
    <p class='ocr_par' dir='ltr' id='par_1_62' title="bbox 399 4200 1967 4270">
     <span class='ocr_line' id='line_1_62' title="bbox 399 4200 1967 4270; baseline 0.003 -21"><span class='ocrx_word' id='word_1_457' title='bbox 399 4207 453 4249; x_wconf 90' lang='lat' dir='ltr'><strong>ct</strong></span> <span class='ocrx_word' id='word_1_458' title='bbox 499 4200 637 4267; x_wconf 90' lang='lat' dir='ltr'><strong>apud</strong></span> <span class='ocrx_word' id='word_1_459' title='bbox 690 4201 1051 4269; x_wconf 85' lang='lat' dir='ltr'><strong>nosmetipsos</strong></span> <span class='ocrx_word' id='word_1_460' title='bbox 1099 4203 1327 4258; x_wconf 84' lang='lat' dir='ltr'><strong>scrutati</strong></span> <span class='ocrx_word' id='word_1_461' title='bbox 1384 4216 1602 4263; x_wconf 88' lang='lat' dir='ltr'><strong>sumus,</strong></span> <span class='ocrx_word' id='word_1_462' title='bbox 1648 4200 1792 4270; x_wconf 78' lang='lat' dir='ltr'><strong>digni</strong></span> <span class='ocrx_word' id='word_1_463' title='bbox 1840 4201 1967 4254; x_wconf 81' lang='lat' dir='ltr'><strong>facti</strong></span> 
     </span>
    </p>
   </div>
   <div class='ocr_carea' id='block_1_63' title="bbox 398 4289 1968 4362">
    <p class='ocr_par' dir='ltr' id='par_1_63' title="bbox 398 4289 1968 4362">
     <span class='ocr_line' id='line_1_63' title="bbox 398 4289 1968 4362; baseline 0.003 -22"><span class='ocrx_word' id='word_1_464' title='bbox 398 4289 487 4357; x_wconf 85' lang='lat' dir='ltr'><strong>qui</strong></span> <span class='ocrx_word' id='word_1_465' title='bbox 519 4290 679 4343; x_wconf 84' lang='lat' dir='ltr'><strong>Deum</strong></span> <span class='ocrx_word' id='word_1_466' title='bbox 722 4292 997 4347; x_wconf 83' lang='lat' dir='ltr'><strong>audientes</strong></span> <span class='ocrx_word' id='word_1_467' title='bbox 1039 4296 1106 4349; x_wconf 90' lang='lat' dir='ltr'><strong>ab</strong></span> <span class='ocrx_word' id='word_1_468' title='bbox 1141 4295 1255 4362; x_wconf 90' lang='lat' dir='ltr'><strong>ipso</strong></span> <span class='ocrx_word' id='word_1_469' title='bbox 1292 4294 1674 4355; x_wconf 81' lang='lat' dir='ltr'><strong>exaudiamur,</strong></span> <span class='ocrx_word' id='word_1_470' title='bbox 1711 4293 1968 4345; x_wconf 88' lang='lat' dir='ltr'><strong>obsecre-</strong></span> 
     </span>
    </p>
   </div>
   <div class='ocr_carea' id='block_1_64' title="bbox 2102 1841 3673 1914">
    <p class='ocr_par' dir='ltr' id='par_1_64' title="bbox 2102 1841 3673 1914">
     <span class='ocr_line' id='line_1_64' title="bbox 2102 1841 3673 1914; baseline 0.004 -21"><span class='ocrx_word' id='word_1_471' title='bbox 2102 1841 2219 1894; x_wconf 85' lang='grc' dir='ltr'>τῶν</span> <span class='ocrx_word' id='word_1_472' title='bbox 2258 1842 2446 1895; x_wconf 83' lang='grc' dir='ltr'>ὄντων</span> <span class='ocrx_word' id='word_1_473' title='bbox 2474 1843 2632 1908; x_wconf 82' lang='grc' dir='ltr'>αὐτῷ</span> <span class='ocrx_word' id='word_1_474' title='bbox 2665 1846 2886 1912; x_wconf 78' lang='grc' dir='ltr'>κύκλῳ,</span> <span class='ocrx_word' id='word_1_475' title='bbox 2915 1846 3062 1913; x_wconf 79' lang='grc' dir='ltr'>ἔργα</span> <span class='ocrx_word' id='word_1_476' title='bbox 3089 1845 3274 1899; x_wconf 82' lang='grc' dir='ltr'>αὑτοῦ</span> <span class='ocrx_word' id='word_1_477' title='bbox 3304 1848 3673 1914; x_wconf 68' lang='grc' dir='ltr'>εὐλόγησας;</span> 
     </span>
    </p>
   </div>
   <div class='ocr_carea' id='block_1_65' title="bbox 2101 1933 3673 2004">
    <p class='ocr_par' dir='ltr' id='par_1_65' title="bbox 2101 1933 3673 2004">
     <span class='ocr_line' id='line_1_65' title="bbox 2101 1933 3673 2004; baseline 0.003 -19"><span class='ocrx_word' id='word_1_478' title='bbox 2101 1933 2199 1985; x_wconf 77' lang='grc' dir='ltr'>καὶ</span> <span class='ocrx_word' id='word_1_479' title='bbox 2240 1934 2311 1986; x_wconf 86' lang='grc' dir='ltr'>τὰ</span> <span class='ocrx_word' id='word_1_480' title='bbox 2355 1934 2542 2002; x_wconf 80' lang='grc' dir='ltr'><strong>κτήνη</strong></span> <span class='ocrx_word' id='word_1_481' title='bbox 2592 1937 2776 1990; x_wconf 82' lang='grc' dir='ltr'>αὐτοῦ</span> <span class='ocrx_word' id='word_1_482' title='bbox 2821 1938 3019 1991; x_wconf 79' lang='grc' dir='ltr'>πολλὰ</span> <span class='ocrx_word' id='word_1_483' title='bbox 3062 1939 3374 2003; x_wconf 83' lang='grc' dir='ltr'>ἐποίησας,</span> <span class='ocrx_word' id='word_1_484' title='bbox 3418 1939 3515 1990; x_wconf 80' lang='grc' dir='ltr'><strong>ἐπὶ</strong></span> <span class='ocrx_word' id='word_1_485' title='bbox 3563 1936 3673 2004; x_wconf 83' lang='grc' dir='ltr'>τῆς</span> 
     </span>
    </p>
   </div>
   <div class='ocr_carea' id='block_1_66' title="bbox 2099 2020 3673 2096">
    <p class='ocr_par' dir='ltr' id='par_1_66' title="bbox 2099 2020 3673 2096">
     <span class='ocr_line' id='line_1_66' title="bbox 2099 2020 3673 2096; baseline 0.003 -22"><span class='ocrx_word' id='word_1_486' title='bbox 2099 2022 2251 2090; x_wconf 78' lang='grc' dir='ltr'>γῆς;</span> <span class='ocrx_word' id='word_1_487' title='bbox 2293 2020 2467 2077; x_wconf 78' lang='grc' dir='ltr'><strong>Ἀλλὰ</strong></span> <span class='ocrx_word' id='word_1_488' title='bbox 2492 2025 2857 2079; x_wconf 74' lang='grc' dir='ltr'>ἀπόστειλον</span> <span class='ocrx_word' id='word_1_489' title='bbox 2888 2025 3001 2094; x_wconf 76' lang='grc' dir='ltr'><strong>τὴν</strong></span> <span class='ocrx_word' id='word_1_490' title='bbox 3037 2026 3205 2096; x_wconf 76' lang='grc' dir='ltr'>χεῖρά</span> <span class='ocrx_word' id='word_1_491' title='bbox 3236 2043 3371 2090; x_wconf 91' lang='grc' dir='ltr'>σου,</span> <span class='ocrx_word' id='word_1_492' title='bbox 3400 2026 3496 2079; x_wconf 81' lang='grc' dir='ltr'>καὶ</span> <span class='ocrx_word' id='word_1_493' title='bbox 3526 2025 3673 2092; x_wconf 72' lang='grc' dir='ltr'>ἅψαι</span> 
     </span>
    </p>
   </div>
   <div class='ocr_carea' id='block_1_67' title="bbox 2098 2108 3666 2185">
    <p class='ocr_par' dir='ltr' id='par_1_67' title="bbox 2098 2108 3666 2185">
     <span class='ocr_line' id='line_1_67' title="bbox 2098 2108 3666 2185; baseline 0.001 -21"><span class='ocrx_word' id='word_1_494' title='bbox 2098 2112 2338 2165; x_wconf 79' lang='grc' dir='ltr'>πάντων</span> <span class='ocrx_word' id='word_1_495' title='bbox 2359 2108 2437 2166; x_wconf 86' lang='grc' dir='ltr'>ὧν</span> <span class='ocrx_word' id='word_1_496' title='bbox 2474 2115 2616 2183; x_wconf 79' lang='grc' dir='ltr'>ἔχει·</span> <span class='ocrx_word' id='word_1_497' title='bbox 2643 2115 2678 2183; x_wconf 79' lang='grc' dir='ltr'><strong><em>ἦ</em></strong></span> <span class='ocrx_word' id='word_1_498' title='bbox 2706 2116 2832 2185; x_wconf 79' lang='grc' dir='ltr'>μὴν</span> <span class='ocrx_word' id='word_1_499' title='bbox 2855 2120 2941 2183; x_wconf 80' lang='grc' dir='ltr'>εις</span> <span class='ocrx_word' id='word_1_500' title='bbox 2966 2120 3289 2185; x_wconf 76' lang='grc' dir='ltr'>πρόσωπόν</span> <span class='ocrx_word' id='word_1_501' title='bbox 3320 2133 3392 2169; x_wconf 89' lang='grc' dir='ltr'><strong>σε</strong></span> <span class='ocrx_word' id='word_1_502' title='bbox 3417 2115 3666 2183; x_wconf 71' lang='grc' dir='ltr'><strong>εὐλογή-</strong></span> 
     </span>
    </p>
   </div>
   <div class='ocr_carea' id='block_1_68' title="bbox 2096 2202 3668 2274">
    <p class='ocr_par' dir='ltr' id='par_1_68' title="bbox 2096 2202 3668 2274">
     <span class='ocr_line' id='line_1_68' title="bbox 2096 2202 3668 2274; baseline 0.004 -21"><span class='ocrx_word' id='word_1_503' title='bbox 2096 2216 2215 2254; x_wconf 92' lang='grc' dir='ltr'>σει·</span> <span class='ocrx_word' id='word_1_504' title='bbox 2248 2202 2748 2271; x_wconf 79' lang='grc' dir='ltr'>καταισχυνθέντος,</span> <span class='ocrx_word' id='word_1_505' title='bbox 2783 2204 2858 2267; x_wconf 85' lang='grc' dir='ltr'>ὠς</span> <span class='ocrx_word' id='word_1_506' title='bbox 2896 2206 2989 2257; x_wconf 75' lang='grc' dir='ltr'>καὶ</span> <span class='ocrx_word' id='word_1_507' title='bbox 3025 2205 3145 2257; x_wconf 84' lang='grc' dir='ltr'>τότε</span> <span class='ocrx_word' id='word_1_508' title='bbox 3188 2204 3668 2274; x_wconf 69' lang='grc' dir='ltr'>καταψευσαμένου</span> 
     </span>
    </p>
   </div>
   <div class='ocr_carea' id='block_1_69' title="bbox 2097 2291 3664 2365">
    <p class='ocr_par' dir='ltr' id='par_1_69' title="bbox 2097 2291 3664 2365">
     <span class='ocr_line' id='line_1_69' title="bbox 2097 2291 3664 2365; baseline 0.004 -22"><span class='ocrx_word' id='word_1_509' title='bbox 2097 2292 2235 2344; x_wconf 85' lang='grc' dir='ltr'>κατὰ</span> <span class='ocrx_word' id='word_1_510' title='bbox 2264 2291 2358 2344; x_wconf 89' lang='grc' dir='ltr'><strong>τοῦ</strong></span> <span class='ocrx_word' id='word_1_511' title='bbox 2408 2291 2546 2357; x_wconf 83' lang='grc' dir='ltr'>Ἰὼϐ,</span> <span class='ocrx_word' id='word_1_512' title='bbox 2581 2294 2727 2357; x_wconf 83' lang='grc' dir='ltr'>ὅστις</span> <span class='ocrx_word' id='word_1_513' title='bbox 2755 2295 2989 2348; x_wconf 87' lang='grc' dir='ltr'>τοσαῦτα</span> <span class='ocrx_word' id='word_1_514' title='bbox 3021 2294 3226 2360; x_wconf 84' lang='grc' dir='ltr'>παθὼν,</span> <span class='ocrx_word' id='word_1_515' title='bbox 3261 2297 3358 2365; x_wconf 78' lang='grc' dir='ltr'>οὐχ</span> <span class='ocrx_word' id='word_1_516' title='bbox 3386 2297 3462 2359; x_wconf 82' lang='grc' dir='ltr'>ὡς</span> <span class='ocrx_word' id='word_1_517' title='bbox 3483 2297 3664 2365; x_wconf 75' lang='grc' dir='ltr'>ἔλεγεν</span> 
     </span>
    </p>
   </div>
   <div class='ocr_carea' id='block_1_70' title="bbox 2093 2384 3668 2455">
    <p class='ocr_par' dir='ltr' id='par_1_70' title="bbox 2093 2384 3668 2455">
     <span class='ocr_line' id='line_1_70' title="bbox 2093 2384 3668 2455; baseline 0.003 -19"><span class='ocrx_word' id='word_1_518' title='bbox 2093 2386 2122 2436; x_wconf 90' lang='lat'><strong>6</strong></span> <span class='ocrx_word' id='word_1_519' title='bbox 2146 2384 2536 2453; x_wconf 80' lang='grc' dir='ltr'>ἀντικείμενος,</span> <span class='ocrx_word' id='word_1_520' title='bbox 2572 2386 2649 2446; x_wconf 85' lang='grc' dir='ltr'>εἰς</span> <span class='ocrx_word' id='word_1_521' title='bbox 2680 2384 2968 2455; x_wconf 88' lang='grc' dir='ltr'>πρόσωπον</span> <span class='ocrx_word' id='word_1_522' title='bbox 2996 2385 3204 2452; x_wconf 80' lang='grc' dir='ltr'>εὐλόγει</span> <span class='ocrx_word' id='word_1_523' title='bbox 3231 2385 3321 2437; x_wconf 87' lang='grc' dir='ltr'><strong>τὸν</strong></span> <span class='ocrx_word' id='word_1_524' title='bbox 3352 2386 3504 2448; x_wconf 79' lang='grc' dir='ltr'>Θεὸν,</span> <span class='ocrx_word' id='word_1_525' title='bbox 3534 2387 3668 2441; x_wconf 78' lang='grc' dir='ltr'>ἀλλὰ</span> 
     </span>
    </p>
   </div>
   <div class='ocr_carea' id='block_1_71' title="bbox 2093 2474 3662 2546">
    <p class='ocr_par' dir='ltr' id='par_1_71' title="bbox 2093 2474 3662 2546">
     <span class='ocr_line' id='line_1_71' title="bbox 2093 2474 3662 2546; baseline 0.001 -19"><span class='ocrx_word' id='word_1_526' title='bbox 2093 2475 2187 2527; x_wconf 73' lang='grc' dir='ltr'><strong>καὶ</strong></span> <span class='ocrx_word' id='word_1_527' title='bbox 2220 2474 2541 2545; x_wconf 75' lang='grc' dir='ltr'>παραδοθεὶς</span> <span class='ocrx_word' id='word_1_528' title='bbox 2571 2475 2647 2545; x_wconf 81' lang='grc' dir='ltr'><strong>τῷ</strong></span> <span class='ocrx_word' id='word_1_529' title='bbox 2680 2476 2992 2546; x_wconf 75' lang='grc' dir='ltr'>πειράζοντι</span> <span class='ocrx_word' id='word_1_530' title='bbox 3023 2475 3271 2545; x_wconf 79' lang='grc' dir='ltr'>ἐπιμένει</span> <span class='ocrx_word' id='word_1_531' title='bbox 3301 2476 3539 2543; x_wconf 81' lang='grc' dir='ltr'>εὐλογῶν</span> <span class='ocrx_word' id='word_1_532' title='bbox 3576 2477 3662 2529; x_wconf 75' lang='grc' dir='ltr'>τὸν</span> 
     </span>
    </p>
   </div>
   <div class='ocr_carea' id='block_1_72' title="bbox 2092 2563 3662 2637">
    <p class='ocr_par' dir='ltr' id='par_1_72' title="bbox 2092 2563 3662 2637">
     <span class='ocr_line' id='line_1_72' title="bbox 2092 2563 3662 2637; baseline 0.001 -18"><span class='ocrx_word' id='word_1_533' title='bbox 2092 2566 2315 2636; x_wconf 80' lang='grc' dir='ltr'>Κύριον,</span> <span class='ocrx_word' id='word_1_534' title='bbox 2372 2566 2635 2635; x_wconf 79' lang='grc' dir='ltr'>ἐπιτιμῶν</span> <span class='ocrx_word' id='word_1_535' title='bbox 2680 2568 2745 2636; x_wconf 83' lang='grc' dir='ltr'>τῇ</span> <span class='ocrx_word' id='word_1_536' title='bbox 2800 2566 3016 2634; x_wconf 57' lang='grc' dir='ltr'><strong>γυναικὶ⁸</strong></span> <span class='ocrx_word' id='word_1_537' title='bbox 3072 2566 3337 2637; x_wconf 77' lang='grc' dir='ltr'>λεγούσῃ·</span> <span class='ocrx_word' id='word_1_538' title='bbox 3376 2563 3569 2620; x_wconf 79' lang='grc' dir='ltr'>Εἷπόν</span> <span class='ocrx_word' id='word_1_539' title='bbox 3608 2584 3662 2620; x_wconf 86' lang='grc' dir='ltr'><strong>τι</strong></span> 
     </span>
    </p>
   </div>
   <div class='ocr_carea' id='block_1_73' title="bbox 2085 2656 3658 2730">
    <p class='ocr_par' dir='ltr' id='par_1_73' title="bbox 2085 2656 3658 2730">
     <span class='ocr_line' id='line_1_73' title="bbox 2085 2656 3658 2730; baseline 0.001 -21"><span class='ocrx_word' id='word_1_540' title='bbox 2085 2656 2247 2726; x_wconf 78' lang='grc' dir='ltr'>ῥῆμα</span> <span class='ocrx_word' id='word_1_541' title='bbox 2290 2658 2438 2725; x_wconf 82' lang='grc' dir='ltr'>πρὸς</span> <span class='ocrx_word' id='word_1_542' title='bbox 2468 2658 2685 2725; x_wconf 80' lang='grc' dir='ltr'>Κύριον</span> <span class='ocrx_word' id='word_1_543' title='bbox 2716 2656 2814 2710; x_wconf 78' lang='grc' dir='ltr'>καὶ</span> <span class='ocrx_word' id='word_1_544' title='bbox 2857 2658 3127 2711; x_wconf 74' lang='grc' dir='ltr'>τελεύταο</span> <span class='ocrx_word' id='word_1_545' title='bbox 3174 2659 3265 2711; x_wconf 75' lang='grc' dir='ltr'><strong>καὶ</strong></span> <span class='ocrx_word' id='word_1_546' title='bbox 3307 2658 3658 2730; x_wconf 77' lang='grc' dir='ltr'>ἐπιπλήσσων</span> 
     </span>
    </p>
   </div>
   <div class='ocr_carea' id='block_1_74' title="bbox 2088 2748 3658 2819">
    <p class='ocr_par' dir='ltr' id='par_1_74' title="bbox 2088 2748 3658 2819">
     <span class='ocr_line' id='line_1_74' title="bbox 2088 2748 3658 2819; baseline 0.001 -18"><span class='ocrx_word' id='word_1_547' title='bbox 2088 2750 2146 2801; x_wconf 80' lang='grc' dir='ltr'><strong>ἐν</strong></span> <span class='ocrx_word' id='word_1_548' title='bbox 2172 2749 2248 2818; x_wconf 83' lang='grc' dir='ltr'><strong>τῷ</strong></span> <span class='ocrx_word' id='word_1_549' title='bbox 2290 2750 2548 2817; x_wconf 75' lang='grc' dir='ltr'>φάσκεινο</span> <span class='ocrx_word' id='word_1_550' title='bbox 2589 2750 2809 2817; x_wconf 84' lang='grc' dir='ltr'>Ὥσπερ</span> <span class='ocrx_word' id='word_1_551' title='bbox 2844 2750 2952 2818; x_wconf 84' lang='grc' dir='ltr'><strong>μία</strong></span> <span class='ocrx_word' id='word_1_552' title='bbox 2987 2748 3103 2802; x_wconf 84' lang='grc' dir='ltr'>τῶν</span> <span class='ocrx_word' id='word_1_553' title='bbox 3147 2751 3425 2817; x_wconf 65' lang='grc' dir='ltr'>ἀφρόνων</span> <span class='ocrx_word' id='word_1_554' title='bbox 3457 2767 3658 2819; x_wconf 81' lang='grc' dir='ltr'>γυναι-</span> 
     </span>
    </p>
   </div>
   <div class='ocr_carea' id='block_1_75' title="bbox 2087 2837 3658 2908">
    <p class='ocr_par' dir='ltr' id='par_1_75' title="bbox 2087 2837 3658 2908">
     <span class='ocr_line' id='line_1_75' title="bbox 2087 2837 3658 2908; baseline 0.001 -18"><span class='ocrx_word' id='word_1_555' title='bbox 2087 2837 2211 2891; x_wconf 79' lang='grc' dir='ltr'>κῶν</span> <span class='ocrx_word' id='word_1_556' title='bbox 2235 2837 2562 2905; x_wconf 70' lang='grc' dir='ltr'>ἑλάλησας.</span> <span class='ocrx_word' id='word_1_557' title='bbox 2623 2840 2690 2891; x_wconf 81' lang='lat' dir='ltr'><strong>Et</strong></span> <span class='ocrx_word' id='word_1_558' title='bbox 2721 2837 2793 2891; x_wconf 85' lang='grc' dir='ltr'>τὰ</span> <span class='ocrx_word' id='word_1_559' title='bbox 2817 2837 3005 2908; x_wconf 73' lang='grc' dir='ltr'>ἀγαθὰ</span> <span class='ocrx_word' id='word_1_560' title='bbox 3034 2838 3354 2907; x_wconf 81' lang='grc' dir='ltr'>ἐδεξάμεθα</span> <span class='ocrx_word' id='word_1_561' title='bbox 3372 2840 3441 2891; x_wconf 75' lang='grc' dir='ltr'>ἐκ</span> <span class='ocrx_word' id='word_1_562' title='bbox 3465 2838 3658 2907; x_wconf 79' lang='grc' dir='ltr'>χειρὸς</span> 
     </span>
    </p>
   </div>
   <div class='ocr_carea' id='block_1_76' title="bbox 2084 2930 3656 3000">
    <p class='ocr_par' dir='ltr' id='par_1_76' title="bbox 2084 2930 3656 3000">
     <span class='ocr_line' id='line_1_76' title="bbox 2084 2930 3656 3000; baseline -0.002 -15"><span class='ocrx_word' id='word_1_563' title='bbox 2084 2930 2325 2998; x_wconf 84' lang='grc' dir='ltr'>Κυρίου,</span> <span class='ocrx_word' id='word_1_564' title='bbox 2377 2930 2532 2982; x_wconf 78' lang='grc' dir='ltr'>κακὰ</span> <span class='ocrx_word' id='word_1_565' title='bbox 2576 2932 2688 2997; x_wconf 88' lang='grc' dir='ltr'>οὐχ</span> <span class='ocrx_word' id='word_1_566' title='bbox 2732 2932 3095 2998; x_wconf 80' lang='grc' dir='ltr'>ὑποίσομεν;</span> <span class='ocrx_word' id='word_1_567' title='bbox 3145 2932 3254 2983; x_wconf 73' lang='grc' dir='ltr'><strong>Καὶ</strong></span> <span class='ocrx_word' id='word_1_568' title='bbox 3294 2930 3545 3000; x_wconf 86' lang='grc' dir='ltr'>δεύτερον</span> <span class='ocrx_word' id='word_1_569' title='bbox 3600 2930 3656 2983; x_wconf 87' lang='grc' dir='ltr'>δὲ</span> 
     </span>
    </p>
   </div>
   <div class='ocr_carea' id='block_1_77' title="bbox 2086 3018 3658 3093">
    <p class='ocr_par' dir='ltr' id='par_1_77' title="bbox 2086 3018 3658 3093">
     <span class='ocr_line' id='line_1_77' title="bbox 2086 3018 3658 3093; baseline -0.001 -19"><span class='ocrx_word' id='word_1_570' title='bbox 2086 3023 2214 3093; x_wconf 81' lang='grc' dir='ltr'>περὶ</span> <span class='ocrx_word' id='word_1_571' title='bbox 2260 3020 2355 3073; x_wconf 91' lang='grc' dir='ltr'><strong>τοῦ</strong></span> <span class='ocrx_word' id='word_1_572' title='bbox 2402 3019 2519 3072; x_wconf 84' lang='grc' dir='ltr'>Ἰὼϐ</span> <span class='ocrx_word' id='word_1_573' title='bbox 2561 3021 2589 3071; x_wconf 91' lang='lat'><strong>6</strong></span> <span class='ocrx_word' id='word_1_574' title='bbox 2630 3020 2871 3083; x_wconf 88' lang='grc' dir='ltr'>διάϐολος</span> <span class='ocrx_word' id='word_1_575' title='bbox 2914 3018 3033 3074; x_wconf 82' lang='grc' dir='ltr'>εἶπε</span> <span class='ocrx_word' id='word_1_576' title='bbox 3076 3020 3154 3091; x_wconf 82' lang='grc' dir='ltr'><strong>τῷ</strong></span> <span class='ocrx_word' id='word_1_577' title='bbox 3204 3022 3421 3090; x_wconf 81' lang='grc' dir='ltr'>Κυρίῳ·</span> <span class='ocrx_word' id='word_1_578' title='bbox 3470 3020 3658 3089; x_wconf 79' lang='grc' dir='ltr'>Δέρμα</span> 
     </span>
    </p>
   </div>
   <div class='ocr_carea' id='block_1_78' title="bbox 2084 3109 3653 3183">
    <p class='ocr_par' dir='ltr' id='par_1_78' title="bbox 2084 3109 3653 3183">
     <span class='ocr_line' id='line_1_78' title="bbox 2084 3109 3653 3183; baseline -0.005 -14"><span class='ocrx_word' id='word_1_579' title='bbox 2084 3115 2233 3182; x_wconf 78' lang='grc' dir='ltr'>ὑπὲρ</span> <span class='ocrx_word' id='word_1_580' title='bbox 2268 3114 2587 3183; x_wconf 78' lang='grc' dir='ltr'>δέρματος,</span> <span class='ocrx_word' id='word_1_581' title='bbox 2632 3112 2747 3165; x_wconf 82' lang='grc' dir='ltr'>ὅσα</span> <span class='ocrx_word' id='word_1_582' title='bbox 2794 3112 3043 3181; x_wconf 80' lang='grc' dir='ltr'>ὑπάρχει</span> <span class='ocrx_word' id='word_1_583' title='bbox 3064 3112 3142 3177; x_wconf 86' lang='grc' dir='ltr'>τῷ</span> <span class='ocrx_word' id='word_1_584' title='bbox 3176 3110 3461 3178; x_wconf 75' lang='grc' dir='ltr'>ἀνθρώπῳ</span> <span class='ocrx_word' id='word_1_585' title='bbox 3506 3109 3653 3177; x_wconf 74' lang='grc' dir='ltr'><strong>ὑπὲρ</strong></span> 
     </span>
    </p>
   </div>
   <div class='ocr_carea' id='block_1_79' title="bbox 2083 3201 3652 3271">
    <p class='ocr_par' dir='ltr' id='par_1_79' title="bbox 2083 3201 3652 3271">
     <span class='ocr_line' id='line_1_79' title="bbox 2083 3201 3652 3271; baseline -0.001 -15"><span class='ocrx_word' id='word_1_586' title='bbox 2083 3203 2192 3271; x_wconf 87' lang='grc' dir='ltr'>τῆς</span> <span class='ocrx_word' id='word_1_587' title='bbox 2224 3202 2431 3271; x_wconf 67' lang='grc' dir='ltr'>ψυχῆς</span> <span class='ocrx_word' id='word_1_588' title='bbox 2463 3202 2646 3256; x_wconf 84' lang='grc' dir='ltr'>αὑτοῦ</span> <span class='ocrx_word' id='word_1_589' title='bbox 2668 3203 2909 3255; x_wconf 80' lang='grc' dir='ltr'>ἐκτίσει.</span> <span class='ocrx_word' id='word_1_590' title='bbox 2932 3204 3013 3255; x_wconf 89' lang='grc' dir='ltr'><strong>Οὺ</strong></span> <span class='ocrx_word' id='word_1_591' title='bbox 3046 3201 3170 3270; x_wconf 82' lang='grc' dir='ltr'>μὴν</span> <span class='ocrx_word' id='word_1_592' title='bbox 3195 3202 3281 3267; x_wconf 85' lang='grc' dir='ltr'>δὲ,</span> <span class='ocrx_word' id='word_1_593' title='bbox 3313 3203 3473 3255; x_wconf 76' lang='grc' dir='ltr'>ἀλλὰ</span> <span class='ocrx_word' id='word_1_594' title='bbox 3512 3201 3652 3255; x_wconf 82' lang='grc' dir='ltr'>ἁπό-</span> 
     </span>
    </p>
   </div>
   <div class='ocr_carea' id='block_1_80' title="bbox 2081 3289 3652 3361">
    <p class='ocr_par' dir='ltr' id='par_1_80' title="bbox 2081 3289 3652 3361">
     <span class='ocr_line' id='line_1_80' title="bbox 2081 3289 3652 3361; baseline -0.003 -14"><span class='ocrx_word' id='word_1_595' title='bbox 2081 3296 2329 3348; x_wconf 74' lang='grc' dir='ltr'>στειλον</span> <span class='ocrx_word' id='word_1_596' title='bbox 2350 3292 2464 3359; x_wconf 78' lang='grc' dir='ltr'>τὴν</span> <span class='ocrx_word' id='word_1_597' title='bbox 2478 3290 2645 3361; x_wconf 84' lang='grc' dir='ltr'>χεῖρά</span> <span class='ocrx_word' id='word_1_598' title='bbox 2670 3307 2807 3350; x_wconf 85' lang='grc' dir='ltr'>σου,</span> <span class='ocrx_word' id='word_1_599' title='bbox 2836 3290 2934 3344; x_wconf 77' lang='grc' dir='ltr'>καὶ</span> <span class='ocrx_word' id='word_1_600' title='bbox 2951 3291 3097 3359; x_wconf 70' lang='grc' dir='ltr'>ἅψαι</span> <span class='ocrx_word' id='word_1_601' title='bbox 3123 3290 3241 3343; x_wconf 82' lang='grc' dir='ltr'><strong>τῶν</strong></span> <span class='ocrx_word' id='word_1_602' title='bbox 3261 3290 3456 3344; x_wconf 77' lang='grc' dir='ltr'>ὀστῶν</span> <span class='ocrx_word' id='word_1_603' title='bbox 3472 3289 3652 3343; x_wconf 80' lang='grc' dir='ltr'><strong>αὐτοῦ</strong></span> 
     </span>
    </p>
   </div>
   <div class='ocr_carea' id='block_1_81' title="bbox 2081 3377 3647 3450">
    <p class='ocr_par' dir='ltr' id='par_1_81' title="bbox 2081 3377 3647 3450">
     <span class='ocr_line' id='line_1_81' title="bbox 2081 3377 3647 3450; baseline -0.002 -15"><span class='ocrx_word' id='word_1_604' title='bbox 2081 3383 2179 3438; x_wconf 85' lang='grc' dir='ltr'>καὶ</span> <span class='ocrx_word' id='word_1_605' title='bbox 2212 3382 2328 3435; x_wconf 86' lang='grc' dir='ltr'>τῶν</span> <span class='ocrx_word' id='word_1_606' title='bbox 2357 3382 2601 3449; x_wconf 77' lang='grc' dir='ltr'>σαρκῶν</span> <span class='ocrx_word' id='word_1_607' title='bbox 2624 3381 2810 3434; x_wconf 84' lang='grc' dir='ltr'>αὐτοῦ</span> <span class='ocrx_word' id='word_1_608' title='bbox 2829 3398 2843 3411; x_wconf 74' lang='grc' dir='ltr'><strong>ο</strong></span> <span class='ocrx_word' id='word_1_609' title='bbox 2876 3377 2913 3449; x_wconf 80' lang='grc' dir='ltr'><em>ἦ</em></span> <span class='ocrx_word' id='word_1_610' title='bbox 2948 3380 3073 3450; x_wconf 83' lang='grc' dir='ltr'>μὴν</span> <span class='ocrx_word' id='word_1_611' title='bbox 3103 3383 3187 3447; x_wconf 81' lang='grc' dir='ltr'>εὶς</span> <span class='ocrx_word' id='word_1_612' title='bbox 3225 3383 3549 3448; x_wconf 79' lang='grc' dir='ltr'>πρόσωπόν</span> <span class='ocrx_word' id='word_1_613' title='bbox 3577 3396 3647 3433; x_wconf 87' lang='grc' dir='ltr'><strong>σε</strong></span> 
     </span>
    </p>
   </div>
   <div class='ocr_carea' id='block_1_82' title="bbox 2079 3469 3645 3542">
    <p class='ocr_par' dir='ltr' id='par_1_82' title="bbox 2079 3469 3645 3542">
     <span class='ocr_line' id='line_1_82' title="bbox 2079 3469 3645 3542; baseline -0.003 -15"><span class='ocrx_word' id='word_1_614' title='bbox 2079 3470 2418 3541; x_wconf 78' lang='grc' dir='ltr'>εὐλογήσει.</span> <span class='ocrx_word' id='word_1_615' title='bbox 2443 3472 2811 3541; x_wconf 67' lang='grc' dir='ltr'>Νενικημένος,</span> <span class='ocrx_word' id='word_1_616' title='bbox 2829 3471 2884 3523; x_wconf 78' lang='grc' dir='ltr'><strong>δὲ</strong></span> <span class='ocrx_word' id='word_1_617' title='bbox 2908 3472 3009 3523; x_wconf 82' lang='grc' dir='ltr'><strong>ὑπὸ</strong></span> <span class='ocrx_word' id='word_1_618' title='bbox 3029 3470 3120 3523; x_wconf 89' lang='grc' dir='ltr'><strong>τοῦ</strong></span> <span class='ocrx_word' id='word_1_619' title='bbox 3149 3472 3246 3540; x_wconf 79' lang='grc' dir='ltr'><strong>τῆς</strong></span> <span class='ocrx_word' id='word_1_620' title='bbox 3270 3471 3465 3542; x_wconf 80' lang='grc' dir='ltr'>ἀρετῆς</span> <span class='ocrx_word' id='word_1_621' title='bbox 3485 3469 3645 3538; x_wconf 84' lang='grc' dir='ltr'>ἀθλη-</span> 
     </span>
    </p>
   </div>
   <div class='ocr_carea' id='block_1_83' title="bbox 2077 3559 3645 3633">
    <p class='ocr_par' dir='ltr' id='par_1_83' title="bbox 2077 3559 3645 3633">
     <span class='ocr_line' id='line_1_83' title="bbox 2077 3559 3645 3633; baseline -0.002 -17"><span class='ocrx_word' id='word_1_622' title='bbox 2077 3563 2190 3625; x_wconf 88' lang='grc' dir='ltr'>τοῦ,</span> <span class='ocrx_word' id='word_1_623' title='bbox 2212 3562 2411 3633; x_wconf 72' lang='grc' dir='ltr'>ψευδὴς</span> <span class='ocrx_word' id='word_1_624' title='bbox 2440 3561 2817 3615; x_wconf 82' lang='grc' dir='ltr'>ἀποδείκνυται</span> <span class='ocrx_word' id='word_1_625' title='bbox 2836 3578 2850 3592; x_wconf 86' lang='grc'><strong>·</strong></span> <span class='ocrx_word' id='word_1_626' title='bbox 2874 3562 3045 3614; x_wconf 83' lang='grc' dir='ltr'>καίτοι</span> <span class='ocrx_word' id='word_1_627' title='bbox 3066 3561 3171 3631; x_wconf 79' lang='grc' dir='ltr'>γὰρ</span> <span class='ocrx_word' id='word_1_628' title='bbox 3198 3560 3265 3613; x_wconf 76' lang='grc' dir='ltr'>τὰ</span> <span class='ocrx_word' id='word_1_629' title='bbox 3293 3559 3645 3629; x_wconf 77' lang='grc' dir='ltr'>χαλεπώτατα</span> 
     </span>
    </p>
   </div>
   <div class='ocr_carea' id='block_1_84' title="bbox 2079 3649 3647 3722">
    <p class='ocr_par' dir='ltr' id='par_1_84' title="bbox 2079 3649 3647 3722">
     <span class='ocr_line' id='line_1_84' title="bbox 2079 3649 3647 3722; baseline -0.003 -16"><span class='ocrx_word' id='word_1_630' title='bbox 2079 3652 2359 3716; x_wconf 86' lang='grc' dir='ltr'>πεπονθὼς</span> <span class='ocrx_word' id='word_1_631' title='bbox 2383 3653 2638 3722; x_wconf 86' lang='grc' dir='ltr'>ἐπέμεινε</span> <span class='ocrx_word' id='word_1_632' title='bbox 2666 3651 2830 3722; x_wconf 72' lang='grc' dir='ltr'>μηδὲν</span> <span class='ocrx_word' id='word_1_633' title='bbox 2854 3650 3115 3722; x_wconf 87' lang='grc' dir='ltr'>ἁμαρτὼν</span> <span class='ocrx_word' id='word_1_634' title='bbox 3132 3655 3242 3713; x_wconf 90' lang='grc' dir='ltr'>τοῖς</span> <span class='ocrx_word' id='word_1_635' title='bbox 3265 3650 3496 3720; x_wconf 89' lang='grc' dir='ltr'>χείλεσιν</span> <span class='ocrx_word' id='word_1_636' title='bbox 3520 3649 3647 3703; x_wconf 81' lang='grc' dir='ltr'>ἐνώ-</span> 
     </span>
    </p>
   </div>
   <div class='ocr_carea' id='block_1_85' title="bbox 2075 3742 3639 3813">
    <p class='ocr_par' dir='ltr' id='par_1_85' title="bbox 2075 3742 3639 3813">
     <span class='ocr_line' id='line_1_85' title="bbox 2075 3742 3639 3813; baseline -0.003 -14"><span class='ocrx_word' id='word_1_637' title='bbox 2075 3764 2196 3800; x_wconf 88' lang='grc' dir='ltr'>πιον</span> <span class='ocrx_word' id='word_1_638' title='bbox 2227 3745 2319 3798; x_wconf 91' lang='grc' dir='ltr'><strong>τοῦ</strong></span> <span class='ocrx_word' id='word_1_639' title='bbox 2352 3744 2506 3797; x_wconf 88' lang='grc' dir='ltr'>Θεοῦ.</span> <span class='ocrx_word' id='word_1_640' title='bbox 2542 3743 2644 3796; x_wconf 83' lang='grc' dir='ltr'>Δύο</span> <span class='ocrx_word' id='word_1_641' title='bbox 2673 3744 2728 3795; x_wconf 84' lang='grc' dir='ltr'><strong>δὲ</strong></span> <span class='ocrx_word' id='word_1_642' title='bbox 2766 3744 3115 3813; x_wconf 84' lang='grc' dir='ltr'>παλαίσματα</span> <span class='ocrx_word' id='word_1_643' title='bbox 3148 3744 3411 3806; x_wconf 85' lang='grc' dir='ltr'>παλαίσας</span> <span class='ocrx_word' id='word_1_644' title='bbox 3452 3746 3481 3796; x_wconf 90' lang='lat'><strong>6</strong></span> <span class='ocrx_word' id='word_1_645' title='bbox 3524 3742 3639 3796; x_wconf 75' lang='grc' dir='ltr'><strong>Ἰὼϐ</strong></span> 
     </span>
    </p>
   </div>
   <div class='ocr_carea' id='block_1_86' title="bbox 2074 3834 3635 3907">
    <p class='ocr_par' dir='ltr' id='par_1_86' title="bbox 2074 3834 3635 3907">
     <span class='ocr_line' id='line_1_86' title="bbox 2074 3834 3635 3907; baseline -0.004 -15"><span class='ocrx_word' id='word_1_646' title='bbox 2074 3840 2168 3891; x_wconf 71' lang='grc' dir='ltr'>καὶ</span> <span class='ocrx_word' id='word_1_647' title='bbox 2205 3838 2453 3907; x_wconf 86' lang='grc' dir='ltr'>νικήσας,</span> <span class='ocrx_word' id='word_1_648' title='bbox 2483 3836 2662 3906; x_wconf 84' lang='grc' dir='ltr'>τρίτον</span> <span class='ocrx_word' id='word_1_649' title='bbox 2692 3836 2790 3888; x_wconf 75' lang='grc' dir='ltr'><strong>οὐκ</strong></span> <span class='ocrx_word' id='word_1_650' title='bbox 2822 3836 3140 3904; x_wconf 76' lang='grc' dir='ltr'>ἀγωνίζεται</span> <span class='ocrx_word' id='word_1_651' title='bbox 3171 3834 3280 3905; x_wconf 84' lang='lat' dir='ltr'><strong>(l7)</strong></span> <span class='ocrx_word' id='word_1_652' title='bbox 3326 3834 3635 3905; x_wconf 83' lang='grc' dir='ltr'>τηλικοῦτον</span> 
     </span>
    </p>
   </div>
   <div class='ocr_carea' id='block_1_87' title="bbox 2073 3927 3633 3999">
    <p class='ocr_par' dir='ltr' id='par_1_87' title="bbox 2073 3927 3633 3999">
     <span class='ocr_line' id='line_1_87' title="bbox 2073 3927 3633 3999; baseline -0.003 -15"><span class='ocrx_word' id='word_1_653' title='bbox 2073 3930 2288 3999; x_wconf 85' lang='grc' dir='ltr'>ἀγῶνα·</span> <span class='ocrx_word' id='word_1_654' title='bbox 2325 3928 2429 3981; x_wconf 74' lang='grc' dir='ltr'>ἔδει</span> <span class='ocrx_word' id='word_1_655' title='bbox 2462 3928 2569 3999; x_wconf 84' lang='grc' dir='ltr'>γὰρ</span> <span class='ocrx_word' id='word_1_656' title='bbox 2596 3927 2692 3998; x_wconf 80' lang='grc' dir='ltr'><strong>τὴν</strong></span> <span class='ocrx_word' id='word_1_657' title='bbox 2716 3928 2844 3998; x_wconf 76' lang='grc' dir='ltr'>περὶ</span> <span class='ocrx_word' id='word_1_658' title='bbox 2875 3927 3177 3999; x_wconf 72' lang='grc' dir='ltr'>τῶντριῶν</span> <span class='ocrx_word' id='word_1_659' title='bbox 3208 3927 3380 3999; x_wconf 75' lang='grc' dir='ltr'>πάλην</span> <span class='ocrx_word' id='word_1_660' title='bbox 3403 3927 3633 3999; x_wconf 76' lang='grc' dir='ltr'>τηρηθῆο</span> 
     </span>
    </p>
   </div>
   <div class='ocr_carea' id='block_1_88' title="bbox 2072 4017 3637 4089">
    <p class='ocr_par' dir='ltr' id='par_1_88' title="bbox 2072 4017 3637 4089">
     <span class='ocr_line' id='line_1_88' title="bbox 2072 4017 3637 4089; baseline -0.003 -16"><span class='ocrx_word' id='word_1_661' title='bbox 2072 4037 2159 4073; x_wconf 88' lang='grc' dir='ltr'><strong>ναι</strong></span> <span class='ocrx_word' id='word_1_662' title='bbox 2187 4017 2263 4088; x_wconf 83' lang='grc' dir='ltr'>τῷ</span> <span class='ocrx_word' id='word_1_663' title='bbox 2293 4019 2524 4089; x_wconf 79' lang='grc' dir='ltr'>Σωτῆρι,</span> <span class='ocrx_word' id='word_1_664' title='bbox 2554 4019 2672 4087; x_wconf 71' lang='grc' dir='ltr'>ἥτις</span> <span class='ocrx_word' id='word_1_665' title='bbox 2699 4019 2755 4068; x_wconf 81' lang='grc' dir='ltr'><strong>ἐν</strong></span> <span class='ocrx_word' id='word_1_666' title='bbox 2786 4020 2897 4080; x_wconf 87' lang='grc' dir='ltr'>τοῖς</span> <span class='ocrx_word' id='word_1_667' title='bbox 2926 4019 3099 4087; x_wconf 68' lang='grc' dir='ltr'>τρισὶν</span> <span class='ocrx_word' id='word_1_668' title='bbox 3130 4017 3478 4084; x_wconf 81' lang='grc' dir='ltr'>Εὑαγγελίοις</span> <span class='ocrx_word' id='word_1_669' title='bbox 3511 4018 3637 4069; x_wconf 83' lang='grc' dir='ltr'>ἀνα-</span> 
     </span>
    </p>
   </div>
   <div class='ocr_carea' id='block_1_89' title="bbox 2070 4106 3632 4179">
    <p class='ocr_par' dir='ltr' id='par_1_89' title="bbox 2070 4106 3632 4179">
     <span class='ocr_line' id='line_1_89' title="bbox 2070 4106 3632 4179; baseline -0.002 -18"><span class='ocrx_word' id='word_1_670' title='bbox 2070 4109 2397 4179; x_wconf 86' lang='grc' dir='ltr'>γέγραπται,</span> <span class='ocrx_word' id='word_1_671' title='bbox 2415 4107 2482 4160; x_wconf 88' lang='grc' dir='ltr'>τὰ</span> <span class='ocrx_word' id='word_1_672' title='bbox 2498 4109 2623 4179; x_wconf 84' lang='grc' dir='ltr'>τρία</span> <span class='ocrx_word' id='word_1_673' title='bbox 2641 4108 2956 4178; x_wconf 80' lang='grc' dir='ltr'>νικήσαντος</span> <span class='ocrx_word' id='word_1_674' title='bbox 2974 4106 3065 4159; x_wconf 89' lang='grc' dir='ltr'><strong>τοῦ</strong></span> <span class='ocrx_word' id='word_1_675' title='bbox 3089 4107 3227 4159; x_wconf 76' lang='grc' dir='ltr'>κατὰ</span> <span class='ocrx_word' id='word_1_676' title='bbox 3249 4107 3337 4159; x_wconf 77' lang='grc' dir='ltr'><strong>τὸν</strong></span> <span class='ocrx_word' id='word_1_677' title='bbox 3355 4106 3632 4178; x_wconf 80' lang='grc' dir='ltr'>ἄνθρωπον</span> 
     </span>
    </p>
   </div>
   <div class='ocr_carea' id='block_1_90' title="bbox 2069 4196 3630 4271">
    <p class='ocr_par' dir='ltr' id='par_1_90' title="bbox 2069 4196 3630 4271">
     <span class='ocr_line' id='line_1_90' title="bbox 2069 4196 3630 4271; baseline -0.001 -19"><span class='ocrx_word' id='word_1_678' title='bbox 2069 4201 2318 4271; x_wconf 83' lang='grc' dir='ltr'>Σωτῆρος</span> <span class='ocrx_word' id='word_1_679' title='bbox 2340 4199 2493 4269; x_wconf 79' lang='grc' dir='ltr'>ἡμῶν</span> <span class='ocrx_word' id='word_1_680' title='bbox 2527 4199 2835 4268; x_wconf 81' lang='grc' dir='ltr'>νοουμένου,</span> <span class='ocrx_word' id='word_1_681' title='bbox 2860 4198 2949 4250; x_wconf 83' lang='grc' dir='ltr'><strong>τὸν</strong></span> <span class='ocrx_word' id='word_1_682' title='bbox 2968 4198 3177 4269; x_wconf 81' lang='grc' dir='ltr'>ἐχθρόν.</span> <span class='ocrx_word' id='word_1_683' title='bbox 3214 4199 3307 4250; x_wconf 81' lang='grc' dir='ltr'><strong>“Ιν’</strong></span> <span class='ocrx_word' id='word_1_684' title='bbox 3330 4196 3422 4250; x_wconf 76' lang='grc' dir='ltr'><strong>οὖν</strong></span> <span class='ocrx_word' id='word_1_685' title='bbox 3452 4196 3630 4251; x_wconf 82' lang='grc' dir='ltr'>νοοῦν·-</span> 
     </span>
    </p>
   </div>
   <div class='ocr_carea' id='block_1_91' title="bbox 2066 4288 3624 4361">
    <p class='ocr_par' dir='ltr' id='par_1_91' title="bbox 2066 4288 3624 4361">
     <span class='ocr_line' id='line_1_91' title="bbox 2066 4288 3624 4361; baseline -0.003 -18"><span class='ocrx_word' id='word_1_686' title='bbox 2066 4308 2156 4353; x_wconf 89' lang='grc' dir='ltr'><strong>τες</strong></span> <span class='ocrx_word' id='word_1_687' title='bbox 2180 4289 2419 4361; x_wconf 82' lang='grc' dir='ltr'>αἰτῶμεν</span> <span class='ocrx_word' id='word_1_688' title='bbox 2450 4291 2538 4342; x_wconf 83' lang='grc' dir='ltr'><strong>τὸν</strong></span> <span class='ocrx_word' id='word_1_689' title='bbox 2566 4289 2697 4342; x_wconf 80' lang='grc' dir='ltr'>Θεὸν</span> <span class='ocrx_word' id='word_1_690' title='bbox 2728 4290 2785 4342; x_wconf 83' lang='grc' dir='ltr'><strong>τὸ</strong></span> <span class='ocrx_word' id='word_1_691' title='bbox 2817 4290 2889 4359; x_wconf 82' lang='grc' dir='ltr'>μὴ</span> <span class='ocrx_word' id='word_1_692' title='bbox 2915 4288 3172 4341; x_wconf 81' lang='grc' dir='ltr'>εἰσελθεῖν</span> <span class='ocrx_word' id='word_1_693' title='bbox 3201 4292 3279 4350; x_wconf 80' lang='grc' dir='ltr'><strong>εἰς</strong></span> <span class='ocrx_word' id='word_1_694' title='bbox 3309 4290 3624 4359; x_wconf 85' lang='grc' dir='ltr'>πειρασμὸν,</span> 
     </span>
    </p>
   </div>
   <div class='ocr_carea' id='block_1_92' title="bbox 398 4379 1982 4473">
    <p class='ocr_par' dir='ltr' id='par_1_92' title="bbox 398 4383 1964 4453">
     <span class='ocr_line' id='line_1_92' title="bbox 398 4383 1964 4453; baseline 0.003 -23"><span class='ocrx_word' id='word_1_695' title='bbox 398 4395 518 4432; x_wconf 78' lang='lat' dir='ltr'><strong>nius</strong></span> <span class='ocrx_word' id='word_1_696' title='bbox 552 4392 606 4433; x_wconf 89' lang='lat' dir='ltr'><strong>ut</strong></span> <span class='ocrx_word' id='word_1_697' title='bbox 635 4384 824 4437; x_wconf 87' lang='lat' dir='ltr'><strong>tentati</strong></span> <span class='ocrx_word' id='word_1_698' title='bbox 857 4401 958 4438; x_wconf 89' lang='lat' dir='ltr'><strong>non</strong></span> <span class='ocrx_word' id='word_1_699' title='bbox 985 4386 1394 4451; x_wconf 81' lang='lat' dir='ltr'><strong>mortiﬁcemur,</strong></span> <span class='ocrx_word' id='word_1_700' title='bbox 1423 4393 1479 4439; x_wconf 88' lang='lat' dir='ltr'><strong>et</strong></span> <span class='ocrx_word' id='word_1_701' title='bbox 1510 4384 1623 4437; x_wconf 87' lang='lat' dir='ltr'><strong>telis</strong></span> <span class='ocrx_word' id='word_1_702' title='bbox 1660 4383 1964 4453; x_wconf 87' lang='lat' dir='ltr'><strong>nequissimi</strong></span> 
     </span>
    </p>
   </div>
   <div class='ocr_carea' id='block_1_93' title="bbox 2091 4379 3627 4473">
    <p class='ocr_par' dir='ltr' id='par_1_93' title="bbox 2091 4379 3627 4451">
     <span class='ocr_line' id='line_1_93' title="bbox 2091 4379 3627 4451; baseline -0.002 -17"><span class='ocrx_word' id='word_1_703' title='bbox 2091 4384 2160 4434; x_wconf 73' lang='grc' dir='ltr'>ιαὶ</span> <span class='ocrx_word' id='word_1_704' title='bbox 2203 4382 2263 4435; x_wconf 86' lang='grc' dir='ltr'><strong>τὸ</strong></span> <span class='ocrx_word' id='word_1_705' title='bbox 2323 4380 2583 4451; x_wconf 80' lang='grc' dir='ltr'>ρυσθῆναι</span> <span class='ocrx_word' id='word_1_706' title='bbox 2618 4381 2724 4433; x_wconf 83' lang='grc' dir='ltr'>ἀπὸ</span> <span class='ocrx_word' id='word_1_707' title='bbox 2775 4379 2868 4431; x_wconf 88' lang='grc' dir='ltr'><strong>τοῦ</strong></span> <span class='ocrx_word' id='word_1_708' title='bbox 2914 4379 3169 4449; x_wconf 81' lang='grc' dir='ltr'>πονηροῦ,</span> <span class='ocrx_word' id='word_1_709' title='bbox 3216 4381 3627 4450; x_wconf 82' lang='grc' dir='ltr'>ἐπιμελέστερον</span> 
     </span>
    </p>
   </div>
   <div class='ocr_carea' id='block_1_94' title="bbox 396 4469 1966 4540">
    <p class='ocr_par' dir='ltr' id='par_1_94' title="bbox 396 4469 1966 4540">
     <span class='ocr_line' id='line_1_94' title="bbox 396 4469 1966 4540; baseline 0.003 -22"><span class='ocrx_word' id='word_1_710' title='bbox 396 4469 556 4535; x_wconf 84' lang='lat' dir='ltr'><strong>igneis</strong></span> <span class='ocrx_word' id='word_1_711' title='bbox 602 4470 645 4500; x_wconf 64' lang='grc' dir='ltr'>δ’</span> <span class='ocrx_word' id='word_1_712' title='bbox 702 4474 922 4540; x_wconf 87' lang='lat' dir='ltr'><strong>appetiti</strong></span> <span class='ocrx_word' id='word_1_713' title='bbox 982 4490 1085 4528; x_wconf 92' lang='lat' dir='ltr'><strong>non</strong></span> <span class='ocrx_word' id='word_1_714' title='bbox 1144 4475 1528 4530; x_wconf 89' lang='lat' dir='ltr'><strong>accendamur.</strong></span> <span class='ocrx_word' id='word_1_715' title='bbox 1581 4473 1966 4527; x_wconf 82' lang='lat' dir='ltr'><strong>Accenduntur</strong></span> 
     </span>
    </p>
   </div>
   <div class='ocr_carea' id='block_1_95' title="bbox 397 4561 1957 4635">
    <p class='ocr_par' dir='ltr' id='par_1_95' title="bbox 397 4561 1957 4635">
     <span class='ocr_line' id='line_1_95' title="bbox 397 4561 1957 4635; baseline 0.003 -25"><span class='ocrx_word' id='word_1_716' title='bbox 397 4568 573 4610; x_wconf 79' lang='lat' dir='ltr'><strong>autem</strong></span> <span class='ocrx_word' id='word_1_717' title='bbox 610 4561 673 4613; x_wconf 90' lang='lat' dir='ltr'><strong>iis</strong></span> <span class='ocrx_word' id='word_1_718' title='bbox 708 4580 895 4617; x_wconf 88' lang='lat' dir='ltr'><strong>onmes</strong></span> <span class='ocrx_word' id='word_1_719' title='bbox 920 4580 1149 4633; x_wconf 89' lang='lat' dir='ltr'><strong>quorum</strong></span> <span class='ocrx_word' id='word_1_720' title='bbox 1192 4568 1352 4620; x_wconf 83' lang='lat' dir='ltr'><strong>corda</strong></span> <span class='ocrx_word' id='word_1_721' title='bbox 1382 4566 1536 4635; x_wconf 84' lang='lat' dir='ltr'><strong>juxta</strong></span> <span class='ocrx_word' id='word_1_722' title='bbox 1568 4566 1854 4632; x_wconf 86' lang='lat' dir='ltr'><strong>quemdam</strong></span> <span class='ocrx_word' id='word_1_723' title='bbox 1895 4578 1957 4616; x_wconf 81' lang='lat' dir='ltr'><strong>ex</strong></span> 
     </span>
    </p>
   </div>
   <div class='ocr_carea' id='block_1_96' title="bbox 396 4648 1957 4726">
    <p class='ocr_par' dir='ltr' id='par_1_96' title="bbox 396 4648 1957 4726">
     <span class='ocr_line' id='line_1_96' title="bbox 396 4648 1957 4726; baseline 0.006 -27"><span class='ocrx_word' id='word_1_724' title='bbox 396 4648 673 4702; x_wconf 84' lang='lat' dir='ltr'><strong>duodecim</strong></span> <span class='ocrx_word' id='word_1_725' title='bbox 722 4655 1023 4722; x_wconf 83' lang='lat' dir='ltr'><strong>pmphetis,</strong></span> <span class='ocrx_word' id='word_1_726' title='bbox 1064 4659 1214 4726; x_wconf 85' lang='lat' dir='ltr'><strong>quasi</strong></span> <span class='ocrx_word' id='word_1_727' title='bbox 1252 4658 1489 4710; x_wconf 78' lang='lat' dir='ltr'><strong>clibanus</strong></span> <span class='ocrx_word' id='word_1_728' title='bbox 1535 4658 1679 4724; x_wconf 76' lang='lat' dir='ltr'><strong>facta</strong></span> <span class='ocrx_word' id='word_1_729' title='bbox 1721 4664 1841 4708; x_wconf 89' lang='lat' dir='ltr'><strong>sunt</strong></span> <span class='ocrx_word' id='word_1_730' title='bbox 1877 4653 1957 4719; x_wconf 81' lang='lat'><strong>”;</strong></span> 
     </span>
    </p>
   </div>
   <div class='ocr_carea' id='block_1_97' title="bbox 465 4806 852 4873">
    <p class='ocr_par' dir='ltr' id='par_1_97' title="bbox 465 4806 852 4873">
     <span class='ocr_line' id='line_1_97' title="bbox 465 4806 852 4873; baseline 0.021 -16"><span class='ocrx_word' id='word_1_731' title='bbox 465 4806 511 4837; x_wconf 63' lang='grc' dir='ltr'><strong>δι</strong></span> <span class='ocrx_word' id='word_1_732' title='bbox 539 4806 679 4861; x_wconf 88' lang='lat' dir='ltr'><strong>Psal.</strong></span> <span class='ocrx_word' id='word_1_733' title='bbox 704 4825 777 4873; x_wconf 87' lang='lat' dir='ltr'><strong>tv,</strong></span> <span class='ocrx_word' id='word_1_734' title='bbox 806 4813 852 4865; x_wconf 89' lang='grc' dir='ltr'><strong>ι.</strong></span> 
     </span>
    </p>
   </div>
   <div class='ocr_carea' id='block_1_98' title="bbox 393 4878 793 4943">
    <p class='ocr_par' dir='ltr' id='par_1_98' title="bbox 393 4878 793 4943">
     <span class='ocr_line' id='line_1_98' title="bbox 393 4878 793 4943; baseline -0.008 -9"><span class='ocrx_word' id='word_1_735' title='bbox 393 4893 492 4943; x_wconf 77' lang='lat' dir='ltr'><strong>VII,</strong></span> <span class='ocrx_word' id='word_1_736' title='bbox 522 4878 573 4930; x_wconf 89' lang='grc'>6.</span> <span class='ocrx_word' id='word_1_737' title='bbox 785 4878 793 4881; x_wconf 80' lang='grc'><em>’</em></span> 
     </span>
    </p>
   </div>
   <div class='ocr_carea' id='block_1_99' title="bbox 395 5007 1952 5087">
    <p class='ocr_par' dir='ltr' id='par_1_99' title="bbox 395 5007 1952 5087">
     <span class='ocr_line' id='line_1_99' title="bbox 395 5007 1952 5087; baseline -0.003 -21"><span class='ocrx_word' id='word_1_738' title='bbox 395 5013 686 5087; x_wconf 74' lang='lat' dir='ltr'><strong>tuebantur</strong></span> <span class='ocrx_word' id='word_1_739' title='bbox 718 5009 960 5079; x_wconf 88' lang='lat' dir='ltr'><strong>spiritus,</strong></span> <span class='ocrx_word' id='word_1_740' title='bbox 1006 5018 1061 5063; x_wconf 89' lang='lat' dir='ltr'><strong>et</strong></span> <span class='ocrx_word' id='word_1_741' title='bbox 1100 5009 1378 5087; x_wconf 70' lang='lat' dir='ltr'><strong>passiones</strong></span> <span class='ocrx_word' id='word_1_742' title='bbox 1423 5008 1719 5087; x_wconf 64' lang='lat' dir='ltr'><strong>hystericm</strong></span> <span class='ocrx_word' id='word_1_743' title='bbox 1763 5007 1952 5087; x_wconf 72' lang='lat' dir='ltr'><strong>[atales</strong></span> 
     </span>
    </p>
   </div>
   <div class='ocr_carea' id='block_1_100' title="bbox 395 5079 1949 5146">
    <p class='ocr_par' dir='ltr' id='par_1_100' title="bbox 395 5079 1949 5146">
     <span class='ocr_line' id='line_1_100' title="bbox 395 5079 1949 5146; baseline -0.004 -9"><span class='ocrx_word' id='word_1_744' title='bbox 395 5082 573 5137; x_wconf 79' lang='lat' dir='ltr'><strong>induci</strong></span> <span class='ocrx_word' id='word_1_745' title='bbox 592 5088 1006 5144; x_wconf 84' lang='lat' dir='ltr'><strong>consueverant,</strong></span> <span class='ocrx_word' id='word_1_746' title='bbox 1028 5080 1165 5146; x_wconf 89' lang='lat' dir='ltr'><strong>apud</strong></span> <span class='ocrx_word' id='word_1_747' title='bbox 1183 5079 1394 5133; x_wconf 67' lang='lat' dir='ltr'><strong>.Iudaeos</strong></span> <span class='ocrx_word' id='word_1_748' title='bbox 1421 5079 1741 5132; x_wconf 77' lang='lat' dir='ltr'><strong>tatuiliarem</strong></span> <span class='ocrx_word' id='word_1_749' title='bbox 1764 5079 1949 5141; x_wconf 81' lang='lat' dir='ltr'><strong>fuisse,</strong></span> 
     </span>
    </p>
   </div>
   <div class='ocr_carea' id='block_1_101' title="bbox 390 5148 1949 5216">
    <p class='ocr_par' dir='ltr' id='par_1_101' title="bbox 390 5148 1949 5216">
     <span class='ocr_line' id='line_1_101' title="bbox 390 5148 1949 5216; baseline -0.004 -12"><span class='ocrx_word' id='word_1_750' title='bbox 390 5153 682 5205; x_wconf 85' lang='lat' dir='ltr'><strong>admodum</strong></span> <span class='ocrx_word' id='word_1_751' title='bbox 718 5150 941 5202; x_wconf 87' lang='lat' dir='ltr'><strong>ulterius</strong></span> <span class='ocrx_word' id='word_1_752' title='bbox 988 5148 1266 5216; x_wconf 85' lang='lat' dir='ltr'><strong>apparebit</strong></span> <span class='ocrx_word' id='word_1_753' title='bbox 1305 5165 1369 5202; x_wconf 78' lang='lat' dir='ltr'><strong>ex</strong></span> <span class='ocrx_word' id='word_1_754' title='bbox 1410 5148 1665 5216; x_wconf 72' lang='lat' dir='ltr'><strong>parabola</strong></span> <span class='ocrx_word' id='word_1_755' title='bbox 1701 5148 1949 5216; x_wconf 83' lang='lat' dir='ltr'><strong>Salvato-</strong></span> 
     </span>
    </p>
   </div>
   <div class='ocr_carea' id='block_1_102' title="bbox 391 5214 1942 5281">
    <p class='ocr_par' dir='ltr' id='par_1_102' title="bbox 391 5214 1942 5281">
     <span class='ocr_line' id='line_1_102' title="bbox 391 5214 1942 5281; baseline -0.006 -6"><span class='ocrx_word' id='word_1_756' title='bbox 391 5225 488 5281; x_wconf 78' lang='lat' dir='ltr'><strong>ris,</strong></span> <span class='ocrx_word' id='word_1_757' title='bbox 524 5220 755 5273; x_wconf 85' lang='lat' dir='ltr'><strong>dicentis</strong></span> <span class='ocrx_word' id='word_1_758' title='bbox 789 5217 974 5270; x_wconf 79' lang='lat' dir='ltr'><strong>Matth.</strong></span> <span class='ocrx_word' id='word_1_759' title='bbox 1010 5214 1131 5279; x_wconf 66' lang='lat' dir='ltr'><strong>silit,</strong></span> <span class='ocrx_word' id='word_1_760' title='bbox 1162 5218 1252 5275; x_wconf 61' lang='lat'><strong>‘21.</strong></span> <span class='ocrx_word' id='word_1_761' title='bbox 1291 5214 1702 5269; x_wconf 75' lang='lat' dir='ltr'><strong>sollicitudinem</strong></span> <span class='ocrx_word' id='word_1_762' title='bbox 1761 5214 1942 5269; x_wconf 80' lang='lat' dir='ltr'><strong>swculi</strong></span> 
     </span>
    </p>
   </div>
   <div class='ocr_carea' id='block_1_103' title="bbox 387 5285 1939 5360">
    <p class='ocr_par' dir='ltr' id='par_1_103' title="bbox 387 5285 1939 5360">
     <span class='ocr_line' id='line_1_103' title="bbox 387 5285 1939 5360; baseline -0.005 -15"><span class='ocrx_word' id='word_1_763' title='bbox 387 5292 650 5360; x_wconf 73' lang='lat' dir='ltr'><strong>suﬂ‘ocare</strong></span> <span class='ocrx_word' id='word_1_764' title='bbox 680 5289 924 5360; x_wconf 81' lang='lat' dir='ltr'><strong>verbum;</strong></span> <span class='ocrx_word' id='word_1_765' title='bbox 957 5299 1010 5341; x_wconf 90' lang='lat' dir='ltr'><strong>et</strong></span> <span class='ocrx_word' id='word_1_766' title='bbox 1066 5286 1212 5360; x_wconf 78' lang='lat' dir='ltr'><strong>Pauli</strong></span> <span class='ocrx_word' id='word_1_767' title='bbox 1242 5286 1515 5360; x_wconf 78' lang='lat' dir='ltr'><strong>locutione</strong></span> <span class='ocrx_word' id='word_1_768' title='bbox 1535 5286 1831 5360; x_wconf 74' lang='lat' dir='ltr'><strong>II_Cor._v1,</strong></span> <span class='ocrx_word' id='word_1_769' title='bbox 1855 5285 1939 5346; x_wconf 74' lang='grc'><strong>12,</strong></span> 
     </span>
    </p>
   </div>
   <div class='ocr_carea' id='block_1_104' title="bbox 389 5355 1941 5431">
    <p class='ocr_par' dir='ltr' id='par_1_104' title="bbox 389 5355 1941 5431">
     <span class='ocr_line' id='line_1_104' title="bbox 389 5355 1941 5431; baseline -0.004 -18"><span class='ocrx_word' id='word_1_770' title='bbox 389 5355 804 5431; x_wconf 71' lang='grc' dir='ltr'>στενοχωρεῖσθε</span> <span class='ocrx_word' id='word_1_771' title='bbox 848 5359 915 5431; x_wconf 23' lang='grc' dir='ltr'>*ἐν</span> <span class='ocrx_word' id='word_1_772' title='bbox 942 5360 1077 5431; x_wconf 73' lang='grc' dir='ltr'>τοῖς</span> <span class='ocrx_word' id='word_1_773' title='bbox 1123 5356 1446 5425; x_wconf 85' lang='grc' dir='ltr'>σπλάγχνοις</span> <span class='ocrx_word' id='word_1_774' title='bbox 1496 5356 1669 5431; x_wconf 65' lang='grc' dir='ltr'>ὑμῷν.</span> <span class='ocrx_word' id='word_1_775' title='bbox 1708 5355 1941 5407; x_wconf 89' lang='lat' dir='ltr'><strong>Tantum</strong></span> 
     </span>
    </p>
   </div>
   <div class='ocr_carea' id='block_1_105' title="bbox 387 5424 1940 5493">
    <p class='ocr_par' dir='ltr' id='par_1_105' title="bbox 387 5424 1940 5493">
     <span class='ocr_line' id='line_1_105' title="bbox 387 5424 1940 5493; baseline -0.003 -11"><span class='ocrx_word' id='word_1_776' title='bbox 387 5445 514 5483; x_wconf 73' lang='lat' dir='ltr'><strong>Vt‘l&#39;tt</strong></span> <span class='ocrx_word' id='word_1_777' title='bbox 545 5424 691 5483; x_wconf 63' lang='lat' dir='ltr'><strong>abest</strong></span> <span class='ocrx_word' id='word_1_778' title='bbox 720 5441 775 5482; x_wconf 88' lang='lat' dir='ltr'><strong>ut</strong></span> <span class='ocrx_word' id='word_1_779' title='bbox 826 5429 1193 5490; x_wconf 75' lang='lat' dir='ltr'><strong>Christianus,</strong></span> <span class='ocrx_word' id='word_1_780' title='bbox 1238 5438 1513 5493; x_wconf 85' lang='lat' dir='ltr'><strong>utcunque</strong></span> <span class='ocrx_word' id='word_1_781' title='bbox 1536 5424 1642 5478; x_wconf 65' lang='lat' dir='ltr'><strong>alii</strong></span> <span class='ocrx_word' id='word_1_782' title='bbox 1664 5435 1806 5486; x_wconf 90' lang='lat' dir='ltr'><strong>ctus,</strong></span> <span class='ocrx_word' id='word_1_783' title='bbox 1842 5439 1940 5477; x_wconf 89' lang='lat' dir='ltr'><strong>au-</strong></span> 
     </span>
    </p>
   </div>
   <div class='ocr_carea' id='block_1_106' title="bbox 388 5494 1939 5575">
    <p class='ocr_par' dir='ltr' id='par_1_106' title="bbox 388 5494 1939 5575">
     <span class='ocr_line' id='line_1_106' title="bbox 388 5494 1939 5575; baseline -0.002 -27"><span class='ocrx_word' id='word_1_784' title='bbox 388 5501 679 5567; x_wconf 72' lang='lat' dir='ltr'><strong>gustiatus,</strong></span> <span class='ocrx_word' id='word_1_785' title='bbox 715 5499 830 5553; x_wconf 89' lang='lat' dir='ltr'><strong>sive</strong></span> <span class='ocrx_word' id='word_1_786' title='bbox 863 5497 1504 5575; x_wconf 50' lang='lat' dir='ltr'><strong>ﬂevdngpngemiscat,</strong></span> <span class='ocrx_word' id='word_1_787' title='bbox 1530 5507 1583 5549; x_wconf 91' lang='lat' dir='ltr'><strong>et</strong></span> <span class='ocrx_word' id='word_1_788' title='bbox 1602 5499 1684 5575; x_wconf 40' lang='lat' dir='ltr'><strong>de.</strong></span> <span class='ocrx_word' id='word_1_789' title='bbox 1706 5494 1939 5573; x_wconf 75' lang='lat' dir='ltr'><strong>sull‘oca-</strong></span> 
     </span>
    </p>
   </div>
   <div class='ocr_carea' id='block_1_107' title="bbox 392 5568 1942 5635">
    <p class='ocr_par' dir='ltr' id='par_1_107' title="bbox 392 5568 1942 5635">
     <span class='ocr_line' id='line_1_107' title="bbox 392 5568 1942 5635; baseline -0.001 -15"><span class='ocrx_word' id='word_1_790' title='bbox 392 5572 534 5620; x_wconf 80' lang='lat' dir='ltr'><strong>tione</strong></span> <span class='ocrx_word' id='word_1_791' title='bbox 560 5569 921 5635; x_wconf 76' lang='lat' dir='ltr'><strong>periclitetur;</strong></span> <span class='ocrx_word' id='word_1_792' title='bbox 956 5579 1012 5622; x_wconf 89' lang='lat' dir='ltr'><strong>ut</strong></span> <span class='ocrx_word' id='word_1_793' title='bbox 1035 5568 1204 5621; x_wconf 71' lang='lat' dir='ltr'><strong>laetari</strong></span> <span class='ocrx_word' id='word_1_794' title='bbox 1240 5576 1364 5619; x_wconf 87' lang='lat' dir='ltr'><strong>tunc</strong></span> <span class='ocrx_word' id='word_1_795' title='bbox 1388 5568 1646 5634; x_wconf 88' lang='lat' dir='ltr'><strong>temporis</strong></span> <span class='ocrx_word' id='word_1_796' title='bbox 1674 5568 1942 5630; x_wconf 87' lang='lat' dir='ltr'><strong>imprimis</strong></span> 
     </span>
    </p>
   </div>
   <div class='ocr_carea' id='block_1_108' title="bbox 389 5636 1868 5716">
    <p class='ocr_par' dir='ltr' id='par_1_108' title="bbox 389 5636 1868 5716">
     <span class='ocr_line' id='line_1_108' title="bbox 389 5636 1868 5716; baseline -0.003 -26"><span class='ocrx_word' id='word_1_797' title='bbox 389 5640 740 5692; x_wconf 82' lang='lat' dir='ltr'><strong>admoneatur</strong></span> <span class='ocrx_word' id='word_1_798' title='bbox 765 5637 951 5693; x_wconf 80' lang='lat' dir='ltr'><strong>Jacob.</strong></span> <span class='ocrx_word' id='word_1_799' title='bbox 985 5654 1023 5701; x_wconf 84' lang='grc' dir='ltr'><strong>ι,</strong></span> <span class='ocrx_word' id='word_1_800' title='bbox 1063 5638 1117 5705; x_wconf 76' lang='grc'>9.,</span> <span class='ocrx_word' id='word_1_801' title='bbox 1144 5646 1199 5692; x_wconf 88' lang='lat' dir='ltr'><strong>et</strong></span> <span class='ocrx_word' id='word_1_802' title='bbox 1234 5636 1417 5690; x_wconf 79' lang='lat' dir='ltr'><strong>Matth.</strong></span> <span class='ocrx_word' id='word_1_803' title='bbox 1448 5651 1495 5716; x_wconf 84' lang='lat' dir='ltr'><strong>v.</strong></span> <span class='ocrx_word' id='word_1_804' title='bbox 1519 5636 1672 5689; x_wconf 79' lang='lat' dir='ltr'><strong>Eutr.</strong></span> <span class='ocrx_word' id='word_1_805' title='bbox 1698 5636 1868 5689; x_wconf 64' lang='lat' dir='ltr'><strong>Oxon.</strong></span> 
     </span>
    </p>
   </div>
   <div class='ocr_carea' id='block_1_109' title="bbox 2068 4471 3625 4542">
    <p class='ocr_par' dir='ltr' id='par_1_109' title="bbox 2068 4471 3625 4542">
     <span class='ocr_line' id='line_1_109' title="bbox 2068 4471 3625 4542; baseline -0.003 -16"><span class='ocrx_word' id='word_1_806' title='bbox 2068 4474 2239 4526; x_wconf 82' lang='grc' dir='ltr'>ταῦτα</span> <span class='ocrx_word' id='word_1_807' title='bbox 2270 4472 2637 4538; x_wconf 81' lang='grc' dir='ltr'>ἐξετάσαντες,</span> <span class='ocrx_word' id='word_1_808' title='bbox 2681 4471 2772 4523; x_wconf 73' lang='grc' dir='ltr'>καὶ</span> <span class='ocrx_word' id='word_1_809' title='bbox 2800 4473 2926 4541; x_wconf 78' lang='grc' dir='ltr'>παρ’</span> <span class='ocrx_word' id='word_1_810' title='bbox 2974 4472 3183 4532; x_wconf 80' lang='grc' dir='ltr'>ἑαυτοῖς</span> <span class='ocrx_word' id='word_1_811' title='bbox 3220 4473 3625 4542; x_wconf 85' lang='grc' dir='ltr'>ἐρευνήσαντες,</span> 
     </span>
    </p>
   </div>
   <div class='ocr_carea' id='block_1_110' title="bbox 2070 4560 3628 4632">
    <p class='ocr_par' dir='ltr' id='par_1_110' title="bbox 2070 4560 3628 4632">
     <span class='ocr_line' id='line_1_110' title="bbox 2070 4560 3628 4632; baseline -0.003 -15"><span class='ocrx_word' id='word_1_812' title='bbox 2070 4565 2207 4627; x_wconf 78' lang='grc' dir='ltr'>ἄξιοι</span> <span class='ocrx_word' id='word_1_813' title='bbox 2243 4564 2329 4615; x_wconf 74' lang='grc' dir='ltr'><strong>διὰ</strong></span> <span class='ocrx_word' id='word_1_814' title='bbox 2361 4563 2453 4615; x_wconf 88' lang='grc' dir='ltr'><strong>τοῦ</strong></span> <span class='ocrx_word' id='word_1_815' title='bbox 2492 4564 2706 4615; x_wconf 78' lang='grc' dir='ltr'>ἀκούειν</span> <span class='ocrx_word' id='word_1_816' title='bbox 2735 4563 2889 4625; x_wconf 81' lang='grc' dir='ltr'>Θεοῦ,</span> <span class='ocrx_word' id='word_1_817' title='bbox 2918 4564 3010 4616; x_wconf 91' lang='grc' dir='ltr'><strong>τοῦ</strong></span> <span class='ocrx_word' id='word_1_818' title='bbox 3045 4562 3370 4617; x_wconf 82' lang='grc' dir='ltr'>ἀκούσεσθαι</span> <span class='ocrx_word' id='word_1_819' title='bbox 3397 4563 3506 4632; x_wconf 79' lang='grc'><strong>(18)</strong></span> <span class='ocrx_word' id='word_1_820' title='bbox 3538 4560 3628 4613; x_wconf 82' lang='grc' dir='ltr'>ὑπ’</span> 
     </span>
    </p>
   </div>
   <div class='ocr_carea' id='block_1_111' title="bbox 2068 4649 3627 4729">
    <p class='ocr_par' dir='ltr' id='par_1_111' title="bbox 2068 4649 3627 4729">
     <span class='ocr_line' id='line_1_111' title="bbox 2068 4649 3627 4729; baseline -0.004 -23"><span class='ocrx_word' id='word_1_821' title='bbox 2068 4652 2230 4706; x_wconf 76' lang='grc' dir='ltr'>αὐτοῦ</span> <span class='ocrx_word' id='word_1_822' title='bbox 2259 4653 2549 4722; x_wconf 86' lang='grc' dir='ltr'>γινόμενοι,</span> <span class='ocrx_word' id='word_1_823' title='bbox 2584 4652 2991 4723; x_wconf 81' lang='grc' dir='ltr'>παρακαλῶμεν</span> <span class='ocrx_word' id='word_1_824' title='bbox 3025 4653 3407 4724; x_wconf 78' lang='grc' dir='ltr'>πειραζόμενοι</span> <span class='ocrx_word' id='word_1_825' title='bbox 3442 4649 3515 4720; x_wconf 80' lang='grc' dir='ltr'>μὴ</span> <span class='ocrx_word' id='word_1_826' title='bbox 3538 4649 3627 4729; x_wconf 58' lang='grc' dir='ltr'>θατ</span> 
     </span>
    </p>
   </div>
   <div class='ocr_carea' id='block_1_112' title="bbox 927 4802 1982 4880">
    <p class='ocr_par' dir='ltr' id='par_1_112' title="bbox 927 4810 1913 4880">
     <span class='ocr_line' id='line_1_112' title="bbox 927 4810 1913 4880; baseline -0.006 -11"><span class='ocrx_word' id='word_1_827' title='bbox 927 4813 1146 4880; x_wconf 71' lang='lat' dir='ltr'><strong>“lubt,</strong></span> <span class='ocrx_word' id='word_1_828' title='bbox 1178 4814 1459 4879; x_wconf 74' lang='lat'><strong>9,10,“.</strong></span> <span class='ocrx_word' id='word_1_829' title='bbox 1549 4812 1594 4845; x_wconf 77' lang='lat'>“</span> <span class='ocrx_word' id='word_1_830' title='bbox 1613 4811 1714 4868; x_wconf 78' lang='lat' dir='ltr'><strong>Job</strong></span> <span class='ocrx_word' id='word_1_831' title='bbox 1766 4828 1832 4877; x_wconf 88' lang='lat' dir='ltr'><strong>ll,</strong></span> <span class='ocrx_word' id='word_1_832' title='bbox 1855 4810 1913 4864; x_wconf 91' lang='lat'><strong>9.</strong></span> 
     </span>
    </p>
   </div>
   <div class='ocr_carea' id='block_1_113' title="bbox 2091 4802 3623 4880">
    <p class='ocr_par' dir='ltr' id='par_1_113' title="bbox 2098 4802 3623 4876">
     <span class='ocr_line' id='line_1_113' title="bbox 2098 4802 3623 4876; baseline -0.002 -11"><span class='ocrx_word' id='word_1_833' title='bbox 2098 4808 2232 4872; x_wconf 87' lang='lat' dir='ltr'><strong>bid.,</strong></span> <span class='ocrx_word' id='word_1_834' title='bbox 2262 4803 2350 4858; x_wconf 78' lang='lat'><strong>10.</strong></span> <span class='ocrx_word' id='word_1_835' title='bbox 2426 4804 2471 4836; x_wconf 73' lang='grc'><strong>’⁵⁸</strong></span> <span class='ocrx_word' id='word_1_836' title='bbox 2498 4802 2660 4871; x_wconf 89' lang='lat' dir='ltr'><strong>lbid.,</strong></span> <span class='ocrx_word' id='word_1_837' title='bbox 2689 4804 2746 4869; x_wconf 72' lang='grc'>4,</span> <span class='ocrx_word' id='word_1_838' title='bbox 2781 4806 2836 4866; x_wconf 85' lang='grc'>5.</span> <span class='ocrx_word' id='word_1_839' title='bbox 2910 4804 2955 4837; x_wconf 73' lang='grc'><strong><em>⁸⁸</em></strong></span> <span class='ocrx_word' id='word_1_840' title='bbox 2988 4804 3124 4876; x_wconf 85' lang='lat' dir='ltr'><strong>Eph.</strong></span> <span class='ocrx_word' id='word_1_841' title='bbox 3158 4821 3230 4871; x_wconf 86' lang='lat' dir='ltr'><strong>vt,</strong></span> <span class='ocrx_word' id='word_1_842' title='bbox 3263 4806 3350 4862; x_wconf 75' lang='grc'><strong>16.</strong></span> <span class='ocrx_word' id='word_1_843' title='bbox 3426 4808 3472 4839; x_wconf 80' lang='grc'><strong>⁸⁸</strong></span> <span class='ocrx_word' id='word_1_844' title='bbox 3501 4806 3623 4862; x_wconf 88' lang='lat' dir='ltr'><strong>Ose.</strong></span> 
     </span>
    </p>
   </div>
   <div class='ocr_carea' id='block_1_114' title="bbox 2129 5003 3613 5081">
    <p class='ocr_par' dir='ltr' id='par_1_114' title="bbox 2129 5003 3613 5081">
     <span class='ocr_line' id='line_1_114' title="bbox 2129 5003 3613 5081; baseline 0.004 -23"><span class='ocrx_word' id='word_1_845' title='bbox 2129 5003 2241 5081; x_wconf 68' lang='lat' dir='ltr'><strong>(tt)</strong></span> <span class='ocrx_word' id='word_1_846' title='bbox 2266 5007 2456 5071; x_wconf 83' lang='grc' dir='ltr'>Αὐτῷ.</span> <span class='ocrx_word' id='word_1_847' title='bbox 2500 5006 2644 5078; x_wconf 80' lang='lat' dir='ltr'><strong>Lego</strong></span> <span class='ocrx_word' id='word_1_848' title='bbox 2680 5021 2799 5061; x_wconf 90' lang='lat' dir='ltr'><strong>cum</strong></span> <span class='ocrx_word' id='word_1_849' title='bbox 2820 5004 3088 5075; x_wconf 85' lang='lat' dir='ltr'><strong>Bentleio,</strong></span> <span class='ocrx_word' id='word_1_850' title='bbox 3124 5009 3282 5080; x_wconf 74' lang='grc' dir='ltr'>αὐτῇ,</span> <span class='ocrx_word' id='word_1_851' title='bbox 3316 5024 3510 5081; x_wconf 87' lang='lat' dir='ltr'><strong>nempe</strong></span> <span class='ocrx_word' id='word_1_852' title='bbox 3552 5014 3613 5081; x_wconf 82' lang='grc' dir='ltr'><strong>τῇ</strong></span> 
     </span>
    </p>
   </div>
   <div class='ocr_carea' id='block_1_115' title="bbox 2056 5075 3619 5220">
    <p class='ocr_par' dir='ltr' id='par_1_115' title="bbox 2056 5075 3619 5220">
     <span class='ocr_line' id='line_1_115' title="bbox 2056 5075 3619 5220; baseline 0.004 -23"><span class='ocrx_word' id='word_1_853' title='bbox 2056 5075 2601 5220; x_wconf 33' lang='grc' dir='ltr'>(ξοδεχ-ηιμ</span> <span class='ocrx_word' id='word_1_854' title='bbox 2625 5147 2681 5199; x_wconf 80' lang='grc' dir='ltr'>δὲ</span> <span class='ocrx_word' id='word_1_855' title='bbox 2709 5144 2888 5220; x_wconf 82' lang='grc' dir='ltr'>τοῦτο.</span> <span class='ocrx_word' id='word_1_856' title='bbox 2917 5145 3097 5220; x_wconf 68' lang='lat' dir='ltr'><strong>Editio</strong></span> <span class='ocrx_word' id='word_1_857' title='bbox 3127 5146 3328 5213; x_wconf 83' lang='lat' dir='ltr'><strong>Oxon.,</strong></span> <span class='ocrx_word' id='word_1_858' title='bbox 3352 5148 3415 5220; x_wconf 84' lang='grc' dir='ltr'>δὴ</span> <span class='ocrx_word' id='word_1_859' title='bbox 3448 5149 3619 5203; x_wconf 81' lang='grc' dir='ltr'>τοῦτο.</span> 
     </span>
    </p>
   </div>
   <div class='ocr_carea' id='block_1_116' title="bbox 2129 5214 3622 5285">
    <p class='ocr_par' dir='ltr' id='par_1_116' title="bbox 2129 5214 3622 5285">
     <span class='ocr_line' id='line_1_116' title="bbox 2129 5214 3622 5285; baseline 0.003 -17"><span class='ocrx_word' id='word_1_860' title='bbox 2129 5214 2243 5285; x_wconf 81' lang='lat' dir='ltr'><strong>(l6)</strong></span> <span class='ocrx_word' id='word_1_861' title='bbox 2281 5214 2469 5285; x_wconf 85' lang='lat' dir='ltr'><strong>Post6</strong></span> <span class='ocrx_word' id='word_1_862' title='bbox 2501 5216 2629 5278; x_wconf 83' lang='grc' dir='ltr'>Θεός</span> <span class='ocrx_word' id='word_1_863' title='bbox 2692 5217 2864 5270; x_wconf 88' lang='lat' dir='ltr'><strong>editio</strong></span> <span class='ocrx_word' id='word_1_864' title='bbox 2912 5218 3089 5272; x_wconf 74' lang='lat' dir='ltr'><strong>Oxon.</strong></span> <span class='ocrx_word' id='word_1_865' title='bbox 3138 5221 3277 5271; x_wconf 81' lang='lat' dir='ltr'><strong>intra</strong></span> <span class='ocrx_word' id='word_1_866' title='bbox 3336 5214 3622 5272; x_wconf 52' lang='lat' dir='ltr'><strong>un&#39;cinulos</strong></span> 
     </span>
    </p>
   </div>
   <div class='ocr_carea' id='block_1_117' title="bbox 2051 5284 3621 5352">
    <p class='ocr_par' dir='ltr' id='par_1_117' title="bbox 2051 5284 3621 5352">
     <span class='ocr_line' id='line_1_117' title="bbox 2051 5284 3621 5352; baseline 0.001 -16"><span class='ocrx_word' id='word_1_867' title='bbox 2051 5285 2210 5337; x_wconf 82' lang='lat' dir='ltr'><strong>habet</strong></span> <span class='ocrx_word' id='word_1_868' title='bbox 2240 5285 2330 5338; x_wconf 76' lang='grc' dir='ltr'>τὸν</span> <span class='ocrx_word' id='word_1_869' title='bbox 2371 5284 2513 5343; x_wconf 78' lang='grc' dir='ltr'>Ἰὼϐ,</span> <span class='ocrx_word' id='word_1_870' title='bbox 2546 5286 2685 5352; x_wconf 81' lang='lat' dir='ltr'><strong>quod</strong></span> <span class='ocrx_word' id='word_1_871' title='bbox 2722 5287 3064 5339; x_wconf 86' lang='lat' dir='ltr'><strong>desideratur</strong></span> <span class='ocrx_word' id='word_1_872' title='bbox 3110 5289 3160 5340; x_wconf 93' lang='lat' dir='ltr'><strong>in</strong></span> <span class='ocrx_word' id='word_1_873' title='bbox 3206 5288 3394 5341; x_wconf 88' lang='lat' dir='ltr'><strong>codice</strong></span> <span class='ocrx_word' id='word_1_874' title='bbox 3428 5303 3621 5340; x_wconf 83' lang='lat' dir='ltr'><strong>mann-</strong></span> 
     </span>
    </p>
   </div>
   <div class='ocr_carea' id='block_1_118' title="bbox 2049 5355 3613 5426">
    <p class='ocr_par' dir='ltr' id='par_1_118' title="bbox 2049 5355 3613 5426">
     <span class='ocr_line' id='line_1_118' title="bbox 2049 5355 3613 5426; baseline 0.003 -21"><span class='ocrx_word' id='word_1_875' title='bbox 2049 5355 2273 5426; x_wconf 83' lang='lat' dir='ltr'><strong>sc_ripto,</strong></span> <span class='ocrx_word' id='word_1_876' title='bbox 2313 5356 2435 5407; x_wconf 86' lang='lat' dir='ltr'><strong>licet</strong></span> <span class='ocrx_word' id='word_1_877' title='bbox 2470 5356 2528 5426; x_wconf 87' lang='lat' dir='ltr'><strong>id_</strong></span> <span class='ocrx_word' id='word_1_878' title='bbox 2547 5369 2738 5426; x_wconf 77' lang='lat' dir='ltr'><strong>sensus</strong></span> <span class='ocrx_word' id='word_1_879' title='bbox 2771 5358 3030 5426; x_wconf 77' lang='lat' dir='ltr'><strong>postulet.</strong></span> <span class='ocrx_word' id='word_1_880' title='bbox 3052 5385 3121 5398; x_wconf 88' lang='lat'><strong>-</strong></span> <span class='ocrx_word' id='word_1_881' title='bbox 3146 5358 3274 5410; x_wconf 85' lang='lat' dir='ltr'><strong>Item</strong></span> <span class='ocrx_word' id='word_1_882' title='bbox 3310 5358 3468 5421; x_wconf 78' lang='lat' dir='ltr'><strong>infra,</strong></span> <span class='ocrx_word' id='word_1_883' title='bbox 3498 5368 3613 5426; x_wconf 85' lang='lat' dir='ltr'><strong>post</strong></span> 
     </span>
    </p>
   </div>
   <div class='ocr_carea' id='block_1_119' title="bbox 2047 5423 3424 5494">
    <p class='ocr_par' dir='ltr' id='par_1_119' title="bbox 2047 5423 3424 5494">
     <span class='ocr_line' id='line_1_119' title="bbox 2047 5423 3424 5494; baseline 0.003 -20"><span class='ocrx_word' id='word_1_884' title='bbox 2047 5423 2348 5494; x_wconf 73' lang='grc' dir='ltr'>εἰληφέναι,</span> <span class='ocrx_word' id='word_1_885' title='bbox 2378 5423 2568 5492; x_wconf 84' lang='lat' dir='ltr'><strong>supple</strong></span> <span class='ocrx_word' id='word_1_886' title='bbox 2594 5423 2682 5475; x_wconf 73' lang='grc' dir='ltr'>τὸν</span> <span class='ocrx_word' id='word_1_887' title='bbox 2705 5423 2974 5478; x_wconf 78' lang='grc' dir='ltr'>διάϐολον.</span> <span class='ocrx_word' id='word_1_888' title='bbox 3007 5427 3159 5480; x_wconf 80' lang='lat' dir='ltr'><strong>Eutr.</strong></span> <span class='ocrx_word' id='word_1_889' title='bbox 3189 5426 3424 5480; x_wconf 67' lang='lat' dir='ltr'><strong>Parant.</strong></span> 
     </span>
    </p>
   </div>
   <div class='ocr_carea' id='block_1_120' title="bbox 2110 5494 3614 5583">
    <p class='ocr_par' dir='ltr' id='par_1_120' title="bbox 2110 5494 3614 5583">
     <span class='ocr_line' id='line_1_120' title="bbox 2110 5494 3614 5583; baseline 0.003 -38"><span class='ocrx_word' id='word_1_890' title='bbox 2110 5495 2233 5583; x_wconf 38' lang='lat' dir='ltr'><strong>y(|7)</strong></span> <span class='ocrx_word' id='word_1_891' title='bbox 2265 5494 2445 5548; x_wconf 79' lang='lat' dir='ltr'><strong>Codex</strong></span> <span class='ocrx_word' id='word_1_892' title='bbox 2482 5509 2607 5558; x_wconf 89' lang='lat' dir='ltr'><strong>ms.,</strong></span> <span class='ocrx_word' id='word_1_893' title='bbox 2635 5494 2983 5562; x_wconf 76' lang='grc' dir='ltr'>ἀγωνίζεται.</span> <span class='ocrx_word' id='word_1_894' title='bbox 3023 5497 3200 5550; x_wconf 83' lang='lat' dir='ltr'><strong>Editio</strong></span> <span class='ocrx_word' id='word_1_895' title='bbox 3233 5495 3433 5559; x_wconf 76' lang='lat' dir='ltr'><strong>0x0n.,</strong></span> <span class='ocrx_word' id='word_1_896' title='bbox 3468 5497 3614 5563; x_wconf 70' lang='grc' dir='ltr'>ἀγω-</span> 
     </span>
    </p>
   </div>
   <div class='ocr_carea' id='block_1_121' title="bbox 2048 5564 3609 5705">
    <p class='ocr_par' dir='ltr' id='par_1_121' title="bbox 2048 5564 3609 5705">
     <span class='ocr_line' id='line_1_121' title="bbox 2048 5564 3609 5705; baseline 0.006 -23"><span class='ocrx_word' id='word_1_897' title='bbox 2048 5564 2394 5705; x_wconf 45' lang='grc' dir='ltr'><strong>νίῖτίῖςῗιίλοά.</strong></span> <span class='ocrx_word' id='word_1_898' title='bbox 2433 5648 2558 5699; x_wconf 88' lang='lat' dir='ltr'><strong>ms.,</strong></span> <span class='ocrx_word' id='word_1_899' title='bbox 2577 5633 2923 5689; x_wconf 81' lang='grc' dir='ltr'>ἀκούσεσθαι.</span> <span class='ocrx_word' id='word_1_900' title='bbox 2949 5635 3043 5689; x_wconf 84' lang='lat' dir='ltr'><strong>Ed.</strong></span> <span class='ocrx_word' id='word_1_901' title='bbox 3077 5633 3275 5703; x_wconf 69' lang='lat'><strong>0:00.,</strong></span> <span class='ocrx_word' id='word_1_902' title='bbox 3301 5636 3609 5691; x_wconf 62' lang='grc' dir='ltr'>ἀκούεσθαι</span> 
     </span>
    </p>
   </div>
  </div>
