3974 6160
308 271 416 330 549

1578 252 1914 310 LIBELLUS
1955 252 2042 306 DE
2079 249 2450 311 ORATIONE.

3447 247 3551 303 550

311 385 616 450 νατοῦσθαι,
673 385 765 438 καί
809 381 1122 453 βαλλόμενοι
1167 377 1270 432 ὑπὸ
1316 375 1424 429 τῶν
1467 374 1575 428 τοῦ
1616 374 1881 442 πονηροῦ

2001 388 2092 426 ιοιι
2138 371 2507 426 accenduntur
2539 381 2668 422 vero
2698 365 2788 436 qui
2816 374 2964 421 scuto
2993 364 3118 434 ﬁdei
3150 362 3325 418 omnia
3348 366 3552 418 exstin-

312 475 743 544 πεπνρωμένιω·
789 470 994 537 ,βελῶν
1045 468 1119 540 μὴ
1166 464 1502 520 ἀνάπτεσθαι
1549 465 1639 515 ὑπ’
1682 463 1878 516 αὐτῶν.

323 567 671 621 Ἀνάπτονται
703 564 760 616 δὲ
810 563 901 616 ὐπ’
947 559 1123 614 αὐτῶν
1173 557 1395 618 πάντες,
1441 548 1536 618 ὧν,
1586 554 1728 607 κατά
1764 571 1887 608 τινα

309 658 416 712 τῶν
446 655 673 719 δώδεκα,
700 656 760 706 αἱ
793 652 1026 720 καρδίαι
1051 651 1130 715 ὼς
1150 649 1436 714 κλίϐανος
1475 645 1849 715 ἐγενήθησαν
1868 660 1884 675 ·

309 751 408 802 οὐκ
439 747 764 800 ἀνάπτονται
794 743 850 796 δὲ
879 744 928 795 oi
957 740 1034 811 τῷ
1061 739 1249 808 θυρεῷ
1273 737 1384 805 τῆς
1409 739 1664 801 πίστεως
1689 735 1884 787 πάντα

308 840 671 903 σϐεννύντες
700 835 771 889 τὰ
804 836 1251 902 ἐπιπεμπόμενοι
1287 831 1467 891 αὐτοῖς
1494 825 1887 894 πεπυρωμένα

307 930 424 985 ὑπὸ
462 929 571 983 τοῦ
618 926 881 996 πονηροῦ
925 925 1116 993 ,βέλη⁸
1159 923 1297 976 ἐπὰν
1345 925 1539 992 ἔχωσιν
1588 921 1644 973 ὲν
1676 921 1885 981 ἑαυτοῖς

308 1023 587 1091 ποταμοὺς
628 1020 818 1082 ὓδατος
861 1017 1152 1088 ἁλλομένου
1186 1019 1270 1079 είς
1303 1014 1444 1084 ζωὴν
1485 1010 1719 1074 αἰώνιον,
1760 1010 1885 1072 τοὺς

1987 477 2150 532 guunt
2175 464 2224 516 in
2245 478 2302 515 se
2322 461 2470 529 jacta
2495 461 2694 529 igneaa
2723 459 3033 527 nequissimo
3057 455 3160 509 tcta
3183 455 3262 521 ⁸¹;
3291 453 3554 507 habentes

1985 555 2192 610 scilicet
2233 554 2284 605 in
2317 568 2376 605 se
2419 551 2550 620 ipsis
2585 552 2807 620 ﬂumina
2848 565 2998 618 aqua:
3028 547 3260 600 salientis
3292 546 3348 598 in
3393 545 3555 598 vitam

1988 654 2239 700 atternam
2271 644 2336 706 ⁵³,
2369 657 2486 711 quae
2517 642 2689 710 ignem
2725 640 3043 708 nequissimi
3077 637 3413 691 invalescere
3447 649 3553 688 non

1992 738 2197 799 sinunt,
2235 736 2328 787 sed
2360 733 2516 786 facile
2544 733 2840 787 dissolvunt
2875 731 3179 784 divinarum
3211 729 3556 782 salutarium-

1992 842 2096 895 que
2142 825 2345 877 diluvio
2392 824 2786 891 cogitationum
2825 838 2947 889 qum
2990 822 3104 888 ejus
3150 821 3201 874 in
3244 821 3426 872 animo
3463 817 3554 888 qui

1993 917 2172 970 studet
2198 914 2492 982 spiritualis
2530 912 2667 978 ﬁeri,
2712 927 2807 981 per
2851 914 3098 966 veritatis
3133 911 3555 979 contemplatio-

1994 1021 2114 1058 nem
2141 1002 2529 1056 informantur.

309 1110 383 1182 μὴ
424 1085 632 1172 ἐῶντας
671 1108 977 1179 ἰσχύσαιτά
1007 1107 1100 1159 τοῦ
1134 1105 1390 1178 πονηροῦ,
1427 1102 1560 1156 ἀλλὰ
1593 1101 1828 1172 εὐχερῶς
1863 1096 2001 1151 αὐτά
2027 1094 2250 1156 λύοντας
2282 1091 2358 1162 τῷ
2391 1088 2758 1160 κατακλυσμῷ
2787 1090 2893 1141 τῶν
2925 1088 3119 1141 ἐνθέων
3151 1090 3242 1140 γα¹ι
3277 1085 3558 1157 σωτηρίων

304 1204 604 1274 λογισμῶν,
639 1203 1050 1273 ὲντυπουμένων
1075 1201 1182 1254 ἀπὸ
1200 1201 1307 1254 τῶν
1335 1200 1432 1269 τῆς
1460 1196 1711 1267 ἀληθείας
1737 1192 2106 1265 θεωρημάτων
2137 1190 2202 1258 τῇ
2233 1186 2325 1239 τοῦ
2361 1185 2655 1246 ἀσκοῦντος
2689 1178 2824 1235 εἶναι
2853 1184 3220 1252 πνευματικοῦ
3245 1183 3408 1252 ψυχῇ.

371 1297 537 1348 Δοκεῖ
567 1294 622 1346 δέ
671 1312 759 1365 μοι
805 1293 942 1364 μετά
988 1292 1159 1346 ταῦτα
1191 1293 1291 1344 οὐκ
1325 1291 1524 1344 ἄτοπον
1569 1284 1706 1340 εἶναι
1749 1287 1887 1354 ὑπὲρ

303 1384 393 1438 τοῦ
428 1386 788 1456 πληρωθῆναι
821 1385 881 1438 τὸ
914 1385 1042 1455 περ)⁵
1072 1384 1170 1452 τῆς
1214 1382 1379 1451 εὐχῆς
1413 1378 1726 1450 πρόὸλημα,
1767 1377 1886 1430 δια-

303 1475 486 1527 λαϐεῖν
520 1476 628 1545 (l9)
663 1472 1168 1542 είσαγωγικώτερον
1199 1475 1326 1544 περὶ
1352 1472 1450 1541 τῆς
1480 1469 1884 1530 καταστάσεως,

305 1565 515 1620 καὶτοῦ
541 1566 814 1635 σχήματος
842 1565 870 1617 ὃ
898 1565 978 1616 δεῖ
997 1564 1139 1634 ἔχειν
1163 1564 1254 1616 τὸν
1271 1563 1582 1632 εὐχόμενον,
1607 1559 1699 1612 καὶ
1724 1558 1886 1610 τόπου

304 1651 364 1710 οὗ
392 1655 652 1726 εὔχεσθαι
679 1655 804 1724 χρὴ,
836 1655 930 1706 καὶ
950 1654 1208 1724 κλίματος
1230 1655 1308 1716 εἰς
1329 1654 1356 1706 ὃ
1381 1654 1589 1724 ἀφορᾷν
1611 1652 1692 1704 δεῖ
1719 1650 1887 1721 χωρὶς

305 1746 491 1815 πάσης
527 1738 919 1816 περιστάσεως,
947 1743 1040 1796 καὶ
1067 1743 1260 1813 χρόνου
1287 1745 1366 1805 είς
1393 1742 1556 1812 εὐχὴν
1582 1739 1884 1810 ἐπιτηδείου

306 1836 399 1887 καὶ
424 1833 730 1903 ἐξαιρέτου,
765 1833 856 1886 καὶ
885 1831 938 1883 εἴ
961 1848 1012 1883 τι
1039 1830 1246 1892 τούτοις
1273 1827 1420 1881 ἐστὶν
1458 1829 1661 1898 ὅμοιον.
1695 1826 1802 1878 Καὶ
1825 1825 1886 1876 τὸ

2060 1281 2150 1334 51.
2198 1279 2321 1332 Post
2366 1279 2480 1332 hinc
2530 1275 2820 1329 absurdum
2873 1274 3004 1327 mihi
3056 1289 3158 1326 non
3214 1277 3450 1338 videLur,
3499 1283 3559 1327 ut

1988 1375 2090 1429 hoc
2122 1373 2189 1425 de
2237 1370 2486 1423 oratione
2529 1375 2906 1437 argumentum
2946 1364 3283 1432 impleamus,
3323 1375 3558 1420 tractare

1989 1467 2297 1518 accuratius
2325 1464 2388 1514 de
2414 1461 2606 1516 aﬂectu
2645 1471 2698 1513 et
2729 1468 2875 1514 statu
2908 1474 3014 1529 quo
3045 1472 3165 1512 esse
3195 1469 3406 1526 oportet
3429 1475 3554 1512 cum

1988 1557 2078 1626 qui
2115 1565 2266 1618 orat;
2308 1554 2434 1607 item
2475 1554 2539 1607 de
2589 1553 2704 1606 loco
2750 1551 2838 1605 ubi
2879 1551 3143 1604 orandum
3177 1550 3270 1613 sit,
3309 1557 3364 1602 et
3405 1560 3559 1618 parte

1994 1647 2172 1700 mundi
2221 1646 2288 1698 ad
2333 1659 2495 1713 quam
2537 1644 2606 1697 sit
2642 1642 3061 1711 respiciendum,
3111 1641 3256 1695 nulla
3309 1641 3560 1696 obstante

1990 1735 2439 1797 circumstantia;
2477 1733 2603 1785 item
2643 1733 2708 1784 de
2743 1742 2978 1798 tempore
3007 1731 3070 1784 ad
3100 1730 3402 1783 orationem
3434 1737 3559 1798 apto

1990 1833 2044 1877 et
2071 1823 2340 1894 eligendo,
2377 1831 2431 1875 et
2475 1823 2518 1876 si
2571 1822 2700 1889 quid
2729 1821 2813 1874 his
2856 1829 2938 1874 est
2982 1821 3176 1874 simile.
3211 1820 3448 1874 Allectus
3488 1818 3557 1872 ad

313 1928 409 1998 μὲν
431 1927 532 1996 τῆς
556 1898 948 1987 ’καταστάσεως
966 1926 1044 1987 εἰς
1065 1925 1164 1994 τὴν
1181 1922 1359 1993 ψυχὴν
1382 1923 1482 1988 ὲγκ
1492 1918 1796 1981 αταθετέον,
1824 1916 1885 1969 τὸ

2001 1917 2225 1966 animam
2256 1913 2571 1966 referendus
2600 1921 2704 1974 est,
2727 1922 2902 1966 status
2922 1913 2987 1964 ad
3011 1926 3228 1979 corpus.
3252 1911 3340 1964 Ait
3373 1910 3560 1980 itaque

312 2017 370 2069 δὲ
397 2017 490 2069 τοῦ
519 2017 796 2086 σχήματος
833 2017 912 2079 είς
933 2016 992 2068 τὸ
1020 2015 1197 2085 σῶμα.
1232 2013 1370 2085 Φησὶ
1403 2013 1580 2066 τοίνυν
1601 2013 1629 2064 ὁ
1652 2010 1882 2074 Παῦλος,

311 2107 388 2169 ὡς
425 2109 482 2159 ἐν
512 2110 624 2169 τοῖς
670 2106 926 2177 ἀνωτέρω
958 2106 1212 2174 ἐλέγομεν
1255 2103 1388 2174 (‘20),
1423 2103 1520 2172 τὴν
1554 2102 1886 2154 κατάστασιν

312 2196 664 2268 ὑπογράφων,
688 2200 743 2250 ὲν
759 2195 834 2266 τῷ
847 2197 955 2249 δεῖν
972 2195 1367 2267 προσεύχεσθαι
1383 2193 1560 2263 χωρὶς
1574 2191 1776 2262 ὀργῆς,
1792 2191 1888 2244 καὶ

312 2285 726 2356 διαλογισμοῦο
751 2288 811 2340 τὸ
827 2288 882 2340 δὲ
901 2287 1086 2358 σχῆμα
1105 2287 1162 2338 ἐν
1183 2285 1280 2356 τῷ,
1302 2285 1657 2352 ἐπαίροντας
1681 2286 1889 2348 ὁσίους

309 2377 546 2445 χεῖρας·
577 2379 712 2451 ὅπερ
744 2377 1023 2446 εἰληφέναι
1055 2393 1144 2446 μοι
1171 2377 1318 2428 δοκεῖ
1336 2375 1444 2428 ἀπὸ
1467 2374 1575 2427 τῶν
1608 2373 1876 2444 Ψαλμῶν,

305 2466 489 2531 οὕτως
512 2468 631 2538 ἔχον
649 2486 660 2498 ·
690 2471 978 2535 Ἕπαρσις
999 2467 1118 2520 τῶν
1128 2467 1346 2536 χειρῶν
1365 2485 1481 2535 μου
1509 2469 1691 2520 θυσία
1710 2467 1889 2520 ἐσπε-

291 2559 436 2627 ρινή
456 2576 482 2588 ·
522 2560 648 2630 napi.
674 2559 730 2612 δὲ
762 2559 948 2611 τόπου·
985 2559 1284 2626 Βούλομαι
1313 2555 1426 2612 οὗν
1453 2559 1892 2626 προσεύχεσθαι

300 2647 448 2713 τοὺς
480 2648 702 2716 ἄνδρας
728 2649 798 2701 ἐν
818 2649 994 2701 παντὶ
1015 2650 1193 2712 τόπῳ·
1221 2649 1348 2718 περὶ
1371 2648 1427 2700 δὲ
1455 2647 1734 2717 κλίματος,
1752 2649 1807 2702 ὲν
1826 2651 1892 2718 τῇ

306 2737 500 2808 Σοφίᾳ
532 2738 894 2808 Σολομῶντοςο
932 2739 1128 2803 Ὅπως
1155 2738 1426 2807 γνωστὸν
1450 2733 1492 2808 ᾖ
1525 2737 1614 2790 ὅτι
1644 2737 1895 2806 δεῖφθά-

303 2844 435 2882 retr
477 2828 584 2881 τὸν
609 2828 787 2896 ἣλιον
815 2828 906 2880 ἐπ’
929 2829 1321 2896 εὐχαριστίαν
1351 2828 1458 2898 (21)
1494 2843 1633 2893 σου,
1661 2829 1760 2881 καὶ
1783 2829 1894 2896 πρὸ

301 2916 623 2985 ἀνατολῆς
666 2917 860 2986 φωτὸς
911 2917 1302 2986 ἐντυγχάνειν
1347 2931 1463 2970 σοι.
1518 2919 1678 2970 Δοκεῖ
1717 2917 1897 2970 τοίνυν

315 3025 405 3080 μοι
445 3009 544 3061 τὸν
572 3008 832 3079 μέλλοντα
863 3008 1018 3078 ἥκειν
1061 3009 1153 3060 ἐπὶ
1196 3008 1294 3076 τὴν
1329 3008 1514 3078 εὐχὴν,
1551 3008 1729 3076 ὀλίγον
1761 3011 1895 3061 ὐπο-

319 3099 520 3154 στάντα
576 3099 669 3152 καὶ
710 3098 899 3151 ἑαυτὸν
940 3098 1357 3168 εὐτρεπίσαντα,
1408 3099 1894 3169 ἐπιστρεφέστερον

1988 2004 2217 2070 Paulus,
2264 2014 2322 2056 ut
2375 2005 2426 2056 in
2472 2005 2845 2073 superioribus
2887 2004 3145 2066 diximus,
3187 2001 3437 2057 allectum
3468 2003 3562 2056 tle-

1986 2097 2256 2159 scribens,
2286 2096 2552 2148 orandum
2586 2109 2706 2148 esse
2748 2096 2858 2146 sine
2909 2095 2991 2146 ira
3047 2103 3093 2146 et
3145 2095 3559 2162 disceptatione;

1988 2196 2190 2240 statum
2236 2199 2408 2243 vero:
2466 2183 2719 2238 Levantes
2775 2201 2936 2253 puras
2982 2202 3170 2238 manus
3219 2185 3284 2248 ⁸³,
3336 2185 3479 2254 quod
3528 2199 3561 2240 e

1989 2279 2216 2334 Psalmis
2267 2279 2566 2348 sumpsisse
2611 2279 2746 2331 Inibi
2792 2280 3030 2340 videtur,
3087 2279 3175 2332 ubi
3223 2280 3302 2332 sic
3346 2280 3504 2333 habet
3542 2296 3558 2332 :

1990 2371 2226 2426 Elevatio
2297 2391 2550 2428 manuum
2623 2389 2856 2426 mearum
2921 2371 3240 2439 sacriﬁcium
3313 2373 3563 2440 vesperti-

1993 2481 2115 2516 num
2169 2465 2251 2532 5‘;
2313 2466 2441 2519 item
2505 2465 2792 2519 deloco:
2843 2463 2970 2516 Volo
3030 2481 3153 2533 ergo
3220 2464 3352 2516 viros
3412 2475 3566 2517 orare

1994 2555 2156 2624 267
2188 2556 2242 2608 in
2280 2560 2418 2608 omni
2449 2555 2560 2608 loco
2579 2556 2648 2622 ";
2687 2565 2739 2609 et
2770 2557 2836 2609 de
2862 2565 3013 2623 parte
3041 2556 3224 2609 mundi
3253 2556 3303 2608 in
3334 2556 3562 2625 Sapien-

1999 2646 2071 2696 tia
2105 2645 2410 2699 Salomonis
2439 2646 2674 2698 dicitur:
2703 2643 2769 2697 Ut
2789 2655 2964 2697 notum
2987 2655 3116 2698 esset
3140 2646 3386 2713 quoniam
3405 2661 3564 2714 opor-

1997 2743 2066 2786 tet
2099 2738 2384 2803 prtzvenire
2423 2737 2587 2790 solem
2631 2738 2697 2787 ad
2732 2737 3137 2790 benedictionem
3173 2748 3339 2801 tuam,
3367 2747 3417 2792 et
3443 2749 3564 2793 ante

1998 2840 2170 2880 ortum
2193 2828 2323 2880 lucis
2349 2837 2397 2880 te
2423 2828 2646 2880 adorare
2670 2827 2736 2881 “.
2767 2829 3020 2881 Arbitror
3040 2830 3204 2898 igitur
3227 2845 3347 2883 eum
3375 2831 3465 2900 qui
3497 2831 3565 2883 ad

1998 2919 2298 2971 orationem
2333 2933 2655 2972 accessurus
2706 2927 2811 2983 est,
2865 2920 2907 2972 si
2946 2920 3219 2986 paululum
3259 2920 3566 2977 substiterit

1999 3024 2164 3076 seque
2220 3010 2389 3077 ipsum
2442 3011 2830 3078 composuerit,
2874 3013 3262 3080 promptiorem
3295 3023 3348 3068 et
3381 3023 3563 3069 atten-

1999 3104 2190 3156 tiorem
2228 3119 2325 3172 per
2361 3115 2524 3157 totam
2569 3105 2871 3158 orationem
2925 3106 3072 3169 ﬁeri;
3132 3106 3256 3160 item
3291 3107 3334 3160 si
3373 3122 3564 3162 omnes

317 3191 410 3245 mi.
451 3189 805 3261 εὐτονώτερον
854 3189 991 3260 πρὸς
1027 3187 1088 3240 τὸ
1123 3188 1241 3240 ὅλον
1280 3187 1530 3256 γενέσθαι
1566 3189 1664 3259 τῆς
1706 3190 1888 3260 εὐχῆς·

2001 3191 2165 3244 animi
2217 3193 2522 3246 anxietates
2573 3193 3075 3263 cogitationumque
3128 3195 3566 3262 perturbationes

321 3283 497 3336 πάντα
520 3283 821 3353 πειρασμὸν
857 3282 968 3352 (22)
1001 3284 1094 3334 καὶ
1125 3281 1398 3352 λογισμῶν
1419 3283 1662 3353 ταραχὴν
1694 3283 1892 3335 ἀποϐε-

319 3375 576 3446 ϐληκότα,
622 3373 810 3426 ἑαυτόν
855 3389 915 3424 τε
971 3373 1359 3442 ὑπομνήσαντα
1399 3372 1538 3424 κατὰ
1578 3372 1638 3424 τὸ
1675 3371 1896 3424 δυνατὸν

315 3465 408 3521 τοῦ
440 3463 706 3536 μεγέθους
737 3457 780 3532 ᾧ
803 3464 1161 3534 προσέρχεται
1179 3463 1310 3532 (25),
1342 3462 1434 3514 καὶ
1460 3463 1540 3514 ὅτι
1565 3462 1756 3526 ἀσεϐές
1779 3465 1894 3515 ἐστι

314 3557 492 3626 τούτῳ
524 3555 719 3625 χαῦνον
747 3555 840 3608 καὶ
877 3553 1157 3622 ἀνειμένον
1181 3551 1516 3622 προσελθεῖν,
1539 3554 1632 3605 καὶ
1657 3553 1896 3623 ὡσπερεὶ

313 3646 779 3718 καταφρονοῦντα,
802 3644 1132 3713 ἀποθέμενον
1159 3643 1334 3696 πάντα
1352 3643 1419 3696 τὰ
1438 3643 1708 3714 ἀλλότρια,
1726 3643 1897 3707 οὕτως

312 3743 471 3812 ήκειν
507 3740 598 3792 ἐπὶ
627 3739 686 3792 τὸ
713 3737 987 3801 εὔξασθαι,
1029 3737 1134 3806 πρὸ
1170 3736 1277 3788 τῶν
1309 3735 1505 3805 χειρῶν
1527 3735 1766 3806 ὡσπερεὶ
1796 3737 1895 3805 τὴν

311 3833 500 3903 ψυχὴν
538 3829 870 3892 ἐκτείναντα,
907 3828 1000 3881 καὶ
1026 3826 1132 3897 πρὸ
1163 3826 1268 3879 τῶν
1301 3825 1592 3896 ὀφθαλμῶν
1641 3826 1731 3877 τὸν
1771 3825 1896 3878 νοῦν

315 3924 447 3996 πρὸς
490 3922 580 3974 τὸν
614 3921 744 3973 Θεὸν
774 3920 1102 3982 ὲντείναντα,
1151 3918 1244 3970 καὶ
1279 3918 1384 3987 πρὸ
1419 3916 1513 3968 τοῦ
1560 3917 1748 3986 στῆναι
1786 3917 1895 3969 διε-

313 4017 583 4087 γείραντα
596 4011 831 4081 χαμόθεν
842 4011 902 4062 τὸ
916 4009 1258 4081 ἡγεμονικὸν,
1281 4010 1374 4062 καὶ
1392 4009 1585 4078 στῆσαι
1607 4008 1741 4078 (25⁸)
1765 4009 1896 4061 αὐτὸ

316 4106 450 4178 πρὸς
505 4103 594 4155 τὸν
637 4099 744 4153 τῶν
782 4100 917 4152 ὅλων
941 4099 1164 4168 Κύριον,
1196 4101 1372 4150 πᾶσαν
1405 4099 1768 4168 μνησικακίαν
1797 4099 1894 4169 τὴν

317 4198 449 4269 πρός
496 4210 616 4246 τινα
653 4193 760 4244 τῶν
805 4191 1122 4261 ἠδικηκέναι
1167 4188 1464 4241 δοκούντων
1512 4188 1603 4240 ἐπὶ
1646 4188 1896 4242 τοσοῦτον

315 4286 680 4356 ἀποθέμενον,
710 4285 833 4336 ὅσον
861 4299 944 4344 τις
977 4282 1071 4333 καὶ
1101 4279 1249 4349 αὐτῷ
1288 4281 1640 4350 μνησικακεῖν
1670 4279 1778 4349 (24)
1806 4280 1895 4331 τὸν
1930 4297 1943 4302 ··

317 4377 446 4431 Θεὸν
483 4375 726 4446 βούλεται
747 4371 1051 4442 ἠδικηκότι,
1082 4371 1175 4422 καὶ
1196 4371 1276 4432 είς
1297 4367 1522 4431 πολλοὺς
1538 4368 1643 4420 τῶν
1671 4369 1896 4439 πλησίον

319 4466 690 4540 ἡμαρτηκότι,
742 4463 776 4533 ἢ
817 4463 977 4514 ὁποῖα
1016 4461 1215 4530 δήποτε
1255 4457 1406 4528 παρά
1436 4457 1528 4510 τὸν
1557 4457 1713 4529 ὀρθὸν
1741 4458 1895 4526 λόγον

1998 3282 2276 3350 abjecerit,
2308 3284 2519 3354 sibique
2543 3301 2640 3354 pro
2668 3286 2874 3341 viribus
2897 3286 2949 3340 in
2987 3287 3302 3341 memoriam
3337 3288 3567 3343 reduxe-

1999 3373 2070 3425 rit
2097 3372 2215 3441 cjus
2249 3375 2312 3426 ad
2343 3391 2504 3443 quem
2537 3377 2749 3431 accedit
2781 3377 3142 3446 maiestatem,
3177 3388 3231 3432 et
3261 3394 3420 3446 quam
3458 3378 3563 3432 im-

1998 3463 2142 3532 pium
2174 3465 2245 3516 sit
2270 3464 2341 3516 illi
2368 3479 2426 3518 se
2450 3465 2633 3518 laxum
2655 3475 2708 3518 et
2740 3468 3025 3520 remissum
3049 3476 3105 3520 et
3144 3469 3300 3534 quasi
3325 3477 3564 3524 contem-

2000 3553 2460 3619 nentemotl‘erre,
2515 3555 2558 3609 si
2609 3557 2843 3624 denique
2891 3557 3065 3611 aliena
3121 3557 3453 3625 deposuerit,
3483 3562 3564 3613 sic

2001 3645 2186 3699 venire
2219 3647 2285 3698 ad
2336 3646 2631 3712 orandum;
2683 3649 2920 3700 animam
2972 3657 3098 3702 ante
3131 3663 3343 3711 manus.
3388 3657 3447 3704 ut
3487 3649 3562 3704 ita

2000 3735 2217 3806 loquar,
2243 3736 2574 3802 extendere;
2626 3746 2754 3790 ante
2794 3735 2978 3790 oculos
3007 3746 3239 3791 mentem
3287 3739 3354 3793 ad
3392 3739 3562 3795 Deum

1999 3828 2268 3896 dirigere;
2300 3837 2592 3896 antequam
2625 3835 2754 3892 stet,
2784 3828 2996 3896 erigere
3029 3828 3194 3883 humo
3223 3830 3563 3899 superiorem

1997 3919 2189 3972 animae
2219 3928 2428 3988 partem
2467 3929 2522 3973 et
2551 3935 2732 3974 coram
2767 3921 3143 3974 universorum
3178 3920 3406 3977 Domino
3451 3933 3565 3977 sta-

1999 4015 2180 4072 tuere;
2227 4023 2442 4062 omnem
2490 4011 2724 4078 denique
2756 4025 2942 4064 earum
2973 4027 3108 4082 quas
3154 4012 3222 4064 ab
3251 4012 3430 4082 aliquo
3457 4014 3563 4068 sibi

1997 4115 2192 4170 passus
2224 4101 2454 4164 videtur,
2514 4101 2834 4168 iniuriarum
2901 4105 3214 4157 memoriam
3256 4104 3309 4157 in
3353 4113 3561 4158 tantum

1997 4192 2286 4258 deponere,
2315 4202 2574 4259 quantum
2609 4205 2661 4246 et
2713 4193 2881 4247 Deum
2928 4195 3197 4262 quispiam
3231 4194 3343 4247 vult
3372 4196 3564 4248 imme-

1998 4297 2200 4334 morem
2237 4299 2358 4336 esse
2395 4299 2581 4335 eorum
2635 4299 2754 4350 qum
2812 4285 2996 4350 inique
3055 4285 3222 4353 gessit
3261 4285 3392 4352 ipse,
3422 4299 3474 4340 et
3508 4289 3562 4340 in

1999 4371 2197 4425 tnultos
2223 4385 2253 4424 e
2285 4375 2544 4440 proximis
2573 4374 2841 4440 peccavit,
2868 4385 2959 4425 aut
2989 4389 3108 4441 quae
3134 4385 3332 4442 przeter
3357 4385 3560 4430 rectam

1998 4462 2263 4515 rationem
2293 4463 2486 4531 quovis
2506 4465 2684 4533 egisse
2708 4467 2865 4517 modo
2893 4467 2994 4518 sibi
3020 4467 3271 4522 conscius
3298 4480 3380 4522 est
3426 4468 3561 4524 Nam

323 4556 692 4629 πεπραγμένα
747 4553 924 4623 ἑαυτῷ
997 4551 1270 4604 συνειδότι.
1323 4550 1456 4603 Οὐδὲ
1501 4549 1747 4602 διστάσαι
1790 4551 1892 4622 γὰρ

2002 4567 2124 4605 cum
2161 4553 2430 4605 innumeri
2459 4554 2567 4607 sint
2592 4556 2839 4622 corporis
2865 4556 3100 4619 habitus,
3135 4557 3224 4611 ille
3247 4559 3434 4628 procul
3466 4562 3563 4613 (lu-

323 4649 448 4721 χρὴ,
478 4650 560 4702 ὅτι
606 4645 812 4717 μυρίων
853 4643 1237 4697 καταστάσεων
1269 4640 1442 4694 οὐσῶν
1487 4640 1580 4693 τοῦ
1623 4641 1894 4712 σώματος,

323 4743 419 4810 τὴν
457 4739 788 4793 κατάστασιν
821 4736 919 4806 τὴν
956 4735 1070 4805 μετ’
1108 4733 1380 4794 ἐκτάσεως
1419 4731 1526 4784 τῶν
1569 4732 1764 4802 χειρῶν
1802 4733 1895 4785 καὶ

327 4832 639 4893 ἀνατάσεως
665 4828 773 4882 τῶν
797 4825 1087 4896 ὀφθαλμῶν
1117 4826 1333 4878 πάντων
1363 4825 1701 4896 προκριτέον·
1733 4825 1896 4877 οἱονεὶ

399 5008 446 5043 ¹¹
474 5010 609 5080 Eph.
643 5024 696 5063 VI
722 5049 738 5075 ,
791 5006 878 5061 16.
954 5006 1000 5036 ⁸¹
1029 5003 1184 5059 Joan.
1226 5017 1300 5072 tv,
1333 5001 1421 5057 14.
1496 5000 1586 5054 ⁸³1
1618 4999 1758 5055 Tim.
1787 5016 1847 5068 ιι,
1880 5001 1934 5058 8.

402 5169 1112 5243 (19)-Εοάεκνϐοιὶιριξιᾼίηιιε,
1148 5166 1261 5243 οὐκΔ
1288 5165 1486 5243 ἄτοπον
1526 5165 1665 5243 εἶναι
1698 5167 1792 5243 καὶ
1829 5165 1888 5219 τὸ

329 5235 458 5317 περὶ
493 5235 588 5317 τῆς
621 5241 784 5317 εὐχῆς
811 5237 1108 5317 πρόϐλημα
1159 5235 1451 5317 διαλαϐεῖν,
1509 5238 1695 5317 sicque
1741 5239 1891 5288 deest

331 5258 458 5362 περι
493 5258 588 5310 της
621 5258 784 5309 ευχης
817 5258 1108 5308 προηΛημ-α.
1159 5258 1451 5296 οιαΛαυειν,
1509 5258 1695 5302 sreque
1741 5258 1890 5288 ueesl.

331 5313 405 5366 ὑπ
439 5328 470 5382 ρ
497 5310 588 5363 τοῦ
615 5309 982 5380 πληρωθῆναι.
1019 5313 1148 5372 Quae
1181 5307 1347 5360 lectio
1378 5318 1482 5357 non
1507 5305 1714 5358 videtur
1739 5321 1890 5374 sper-

331 5381 524 5519 neig‘ﬂa).
546 5449 638 5514 Ὠς
660 5448 730 5500 ἐν
756 5445 883 5519 τοῖς
894 5443 1173 5519 *ἀνωτέρω
1204 5443 1506 5514 ἐλέγομεν.
1535 5441 1659 5497 ilzec
1691 5441 1890 5496 omissa

332 5516 456 5572 sunt
474 5519 532 5571 in
567 5519 760 5571 codice
793 5516 1027 5569 Colbert.

404 5588 514 5644 (21)
550 5586 721 5640 Codd.
753 5581 1212 5649 Cantabl'igiensis
1242 5594 1296 5634 et
1330 5582 1693 5647 Colbcrtiuus,
1725 5583 1892 5653 εὐχα-

335 5657 558 5730 ριστίαν.
591 5656 634 5712 Ε
655 5656 768 5709 lilio
785 5655 982 5718 Oxo::.,
1002 5653 1369 5722 εὐχαριστίας.
1778 5673 1785 5680 ·

2004 4643 2090 4698 bio
2113 4659 2220 4712 quo
2257 4646 2622 4700 extenduntur
2656 4661 2846 4700 manus
2877 4657 2928 4700 et
2959 4663 3172 4702 sursum
3199 4651 3337 4706 oculi
3369 4653 3565 4707 tollu.'-

2005 4743 2089 4786 tur
2115 4735 2507 4802 przeponendus
2531 4737 2783 4790 omnibus
2810 4746 2893 4790 est
2934 4739 3003 4790 ab
3049 4755 3114 4793 eo
3151 4743 3242 4809 qui
3265 4745 3425 4798 etiam
3456 4743 3562 4799 fert

2000 4824 2054 4878 in
2083 4839 2310 4894 corpore
2336 4825 2478 4879 velut
2508 4826 2795 4896 imaginem
2823 4843 3010 4883 eorum
3039 4846 3159 4900 quae
3201 4835 3436 4888 animam
3465 4850 3564 4905 per

2011 5001 2058 5033 ⁸⁸
2097 4999 2241 5056 Psal.
2269 5015 2392 5070 cu,
2418 5001 2474 5056 2.
2549 5003 2595 5036 ⁸⁸
2629 5002 2817 5060 lTim.
2855 5023 2918 5072 ιι,
2945 5007 2998 5073 8.
3076 5005 3122 5042 "
3159 5008 3292 5081 Sap.
3328 5026 3441 5077 ενι,
3469 5013 3560 5071 28.

2065 5164 2176 5236 (22)
2219 5164 2456 5245 Uterque
2510 5168 2722 5245 codex,
2776 5171 2949 5245 πάντα
3011 5173 3331 5245 πειρασμόν.
3375 5173 3565 5245 _Editio

1994 5235 2192 5311 030m,
2230 5237 2407 5311 πάντα
2438 5239 2766 5311 γογ-γυσμόν.
2813 5243 2955 5310 Lego
3001 5235 3124 5296 cuni
3177 5235 3565 5304 antleio,xai

1995 5305 2172 5378 πάντα
2200 5305 2593 5378 περισπασμόν.

2067 5374 2179 5451 (25)
2225 5374 2694 5444 Uterqne'codex,
2749 5379 3130 5451 προσέρχεται.
3161 5378 3338 5433 Editio
3362 5377 3562 5440 Oxou.,

1997 5445 2380 5516 προσέρχηται.

2071 5514 2206 5585 (ἳᾷδ)
2234 5518 2334 5566 Alii
2366 5515 2660 5583 στήσαντα,
2693 5528 2860 5569 recte.

2071 5582 2183 5652 (‘24)
2221 5585 2331 5637 Καὶ
2387 5582 2545 5650 αὑτῷ
2599 5584 3014 5654 μνησικακεῖν.
3065 5585 3154 5654 Sic
3210 5584 3350 5636 male
3404 5582 3570 5654 habet

2005 5664 2230 5723 uterque
2274 5654 2444 5710 codex
2488 5652 2612 5709 ms.‘
2637 5654 2797 5725 Lego,
2833 5654 2927 5706 καὶ
2967 5653 3115 5725 αὐτῷ
3147 5652 3572 5723 ἀμνησικακεῖν.
