3974 6160
471 270 573 325 531

1920 261 2243 319 ORICEMS

3624 270 3717 325 552

472 391 777 448 orationem
810 389 1025 445 decent.
1069 388 1180 443 [loc
1227 394 1403 438 tamen
1467 382 1696 437 dicimus
1747 381 1891 434 nulla
1946 384 2045 435 ob-

2152 380 2245 450 τὴν
2276 378 2458 431 εἰκόνα
2492 379 2601 431 τῶν
2635 392 2951 449 πρεποντων
2987 378 3295 449 ἰδιωμάτων
3323 382 3390 451 τῇ
3424 379 3566 450 ψυχῇ
3593 388 3721 439 κατὰ

477 490 657 536 stante
684 479 1088 535 circumstantia
1127 475 1397 544 praecipue
1432 475 1780 527 servandum.
1813 471 1893 525 0b
1931 471 2041 525 cir—

478 572 862 624 cumstantiam
911 569 1049 620 enim
1089 566 1213 618 licet
1248 564 1537 631 aliquando
1562 565 1836 617 sedentem
1861 577 2044 625 orare,

479 672 606 731 puta
638 668 854 730 propter
898 657 1272 725 aegritudinem
1314 655 1508 723 pedum
1553 671 1659 707 non
1693 664 2045 709 contemnen-

479 754 632 815 dam;
666 761 757 802 aut
783 735 943 803 etiam
970 746 1266 815 jacentem,
1315 756 1536 814 propter
1575 744 1752 798 febres
1785 754 1875 796 aut
1901 744 2045 812 ejus—

479 840 619 895 modi
648 838 882 890 morbos.
907 835 1222 903 Eademque
1262 835 1328 888 de
1365 849 1528 888 causa
1572 834 1614 887 si
1669 832 1821 887 verbi
1871 832 2043 901 gratia

476 932 812 998 navigemus,
845 939 938 981 aut
970 927 1181 998 negotia
1218 943 1321 979 non
1351 926 1536 979 sinaut
1564 925 1820 978 secedere
1854 926 1918 977 ad
1949 923 2043 977 de-

473 1023 637 1075 bitam
693 1022 1002 1075 orationem
1057 1019 1496 1087 persolventlam,
1534 1031 1693 1070 orare
1743 1016 1870 1071 licet
1912 1013 2044 1068 nihil

472 1113 580 1168 tale
617 1127 726 1180 pra:
760 1125 822 1165 se
851 1110 1137 1164 ferentem.
1164 1108 1413 1162 Genuum
1452 1108 1614 1160 etiam
1641 1106 1925 1161 ﬂexiouem
1954 1119 2048 1158 ne-

473 1208 764 1265 cessariam
816 1220 937 1259 esse
994 1204 1274 1257 sciendum
1321 1211 1426 1264 est,
1471 1216 1593 1254 cum
1628 1215 1723 1254 sua
1757 1201 1879 1269 quis
1908 1199 2045 1269 apud

474 1301 641 1354 Deum
693 1307 918 1365 peccata
976 1294 1203 1362 supplex
1252 1302 1605 1346 accusaturus
1642 1301 1748 1356 est,
1775 1302 1832 1343 ut
1862 1292 2047 1345 remit-

472 1402 677 1453 tantur,
697 1398 750 1442 et
800 1389 866 1441 ab
922 1388 1002 1438 eis
1061 1393 1318 1449 sanetur;
1375 1395 1457 1438 est
1493 1384 1638 1437 enim
1684 1383 1854 1450 ﬁgura
1892 1382 2042 1435 Pauli

470 1499 655 1540 coram
691 1482 798 1535 Deo
836 1479 1164 1548 procidentis
1209 1478 1367 1545 eique
1407 1490 1526 1529 sese
1556 1473 1890 1541 subjicientis
1919 1489 2044 1528 cum

472 1578 548 1629 ait
579 1596 591 1629 :
632 1573 809 1634 Hujus
842 1571 915 1623 rei
956 1571 1128 1639 gratia
1176 1570 1328 1635 ﬂecto
1357 1583 1525 1636 genua
1557 1582 1671 1619 mea
1700 1565 1768 1617 ad
1804 1563 2043 1629 Patrem,

471 1684 537 1721 ea:
566 1683 668 1735 quo
701 1664 987 1729 paternitas
1030 1660 1198 1714 omnis
1230 1659 1285 1711 in
1315 1661 1440 1712 caelo
1464 1667 1513 1710 et
1544 1660 1598 1710 in
1631 1671 1769 1711 terra
1799 1658 2042 1711 nomina-

472 1772 557 1813 tur
578 1759 643 1812 ⁸⁷.
669 1756 1017 1827 Spiritualem
1046 1763 1226 1809 autem
1254 1752 1707 1822 genuflexiouem,
1734 1751 1813 1805 sic
1844 1750 2042 1804 dictam

473 1865 538 1904 eo
562 1849 703 1917 quod
735 1848 914 1901 omnia
951 1861 1071 1914 qua:
1104 1853 1234 1898 sunt
1272 1843 1435 1896 Deum
1484 1842 1713 1896 adorent
1741 1842 1793 1895 in
1828 1841 2046 1895 nomine

473 1938 626 2003 Jesu,
681 1937 891 2007 ipsique
949 1950 1007 1990 se
1057 1934 1334 1988 humiliter
1392 1931 1706 1999 subjiciant,
1758 1932 2045 1987 ostendere

474 2031 607 2084 mihi
646 2030 864 2082 videtur
896 2024 1182 2095 Apostolus
1223 2024 1274 2077 in
1311 2024 1433 2078 bis:
1476 2021 1543 2076 Ut
1573 2023 1625 2075 in
1673 2023 1876 2075 nomine
1918 2022 2046 2075 Jesu

473 2137 622 2175 omne
651 2137 786 2189 genu
814 2120 1060 2187 ﬂectatur
1104 2116 1407 2179 cwirstium,
1451 2115 1618 2186 268
1649 2114 1972 2167 terrestrium
1999 2124 2044 2166 et

474 2212 891 2281 infernarum".
952 2211 1134 2280 Neque
1184 2210 1329 2264 enim
1386 2209 1498 2263 ullo
1551 2207 1712 2262 modo
1748 2208 2044 2275 putandum

473 2314 557 2358 est
584 2304 654 2357 ita
684 2301 1017 2357 conformata
1056 2316 1175 2355 esse
1205 2302 1510 2355 caelestium
1532 2312 1760 2366 corpora
1790 2304 1848 2348 ut
1874 2309 2046 2364 genua

472 2396 638 2449 etiam
692 2408 953 2460 corporea
1003 2393 1261 2455 habeant,
1292 2409 1414 2447 cum
1452 2391 1681 2445 rotunda
1709 2401 1829 2443 esse
1860 2400 2047 2441 eorum

472 2500 702 2556 corpora
734 2484 1164 2538 demonstratum
1212 2484 1285 2536 sit
1335 2483 1403 2535 ab
1443 2483 1508 2536 iis
1537 2481 1629 2552 qui
1660 2488 1920 2537 accurate
1947 2478 2050 2533 ista

476 2586 798 2632 tractarunt.
836 2576 892 2631 ιιι
922 2576 1015 2646 qui
1044 2575 1333 2629 admittere
1373 2573 1531 2637 nolit,
1592 2574 1639 2628 is
1690 2573 1794 2627 uisi
1846 2571 2049 2626 rationi

475 2671 819 2740 impudenter
848 2668 1089 2730 resistat,
1116 2667 1278 2720 etiam
1314 2665 1650 2736 singulorum
1684 2680 1840 2719 usum
1874 2678 2048 2718 mem-

475 2758 720 2824 brorum,
747 2774 813 2811 ne
835 2759 964 2827 quid
991 2758 1043 2810 in
1078 2758 1163 2811 his
1181 2774 1208 2809 a
1230 2771 1443 2810 summo
1469 2756 1681 2809 artifice
1713 2756 1820 2810 Deo
1843 2756 2047 2810 frustra

475 2850 678 2904 factum
711 2851 802 2913 sit,
834 2850 1122 2903 admittere
1154 2858 1418 2919 cogetur;
1451 2849 1707 2918 utrinque
1732 2848 2043 2903 olfeudens:

476 2942 595 2996 sive
630 2942 777 2994 dicat
801 2951 983 3009 partes
1008 2941 1252 3009 corporis
1299 2932 1497 2993 frustra
1538 2954 1637 2994 nec
1670 2940 1736 2993 ad
1770 2940 2045 3009 proprium

2145 472 2243 542 τὴν
2276 471 2439 541 εὐχὴν
2475 470 2727 538 φέροντα,
2762 470 2856 521 καὶ
2889 470 2980 521 ἐπὶ
3014 469 3106 522 τοῦ
3142 470 3419 539 σώματος.
3471 471 3645 526 Ταῦτα
3669 475 3719 528 δέ

2143 565 2374 635 λέγομεν
2424 562 2593 633 χωρὶς
2645 562 2824 631 πάσης
2884 561 3259 630 περιστάσεως
3311 561 3426 612 δεῖν
3487 564 3719 627 γενέσθαι

2145 657 2588 726 προηγουμένως·
2630 653 2767 723 μετά
2796 653 2902 722 γάρ
2923 652 3299 719 περιστάσεως
3328 652 3536 706 δέδοται
3568 654 3719 725 καθη-

2145 746 2348 807 κόντως
2381 744 2509 796 ποτέ
2535 743 2893 812 καθεζόμενον
2917 741 3172 805 εὔξασθαι
3198 743 3291 796 διά
3311 761 3434 796 τινα
3453 745 3603 797 νόσον
3626 747 3718 800 τῶν

2146 835 2321 889 ποδῶν
2351 837 2451 887 οὐκ
2482 834 2972 903 εὐκαταφρόνητον,
3023 833 3055 902 ἢ
3094 835 3187 885 καὶ
3217 835 3617 905 κατακείμενον
3642 836 3717 890 διὰ

2146 928 2435 998 πυρετοὺς,
2462 927 2495 996 ἢ
2523 925 2775 988 τοιαύτας
2812 925 2921 995 (25)
2951 925 3257 990 ἀσθενείας.
3283 928 3399 979 Καὶ
3436 927 3525 979 διὰ
3552 946 3719 1000 περιε-

2150 1019 2349 1080 στῶτος
2374 1018 2451 1082 δὲ,
2485 1018 2615 1091 φέρε
2648 1018 2844 1080 εἰπεῖν,
2866 1016 2959 1069 ἐὰν
2986 1016 3257 1088 πλέωμεν,
3284 1018 3318 1088 ἢ
3347 1019 3416 1071 τὰ
3440 1020 3719 1090 πράγματα

2150 1112 2223 1184 μὴ
2260 1111 2530 1183 ἐπιτρέπῃ
2573 1110 2987 1181 ἀναχωροῦντας
3034 1110 3107 1180 μὴ
3158 1110 3463 1164 ἀποδοῦναι
3503 1113 3719 1185 (26)ri1v

2145 1202 2499 1272 ὀφειλομένην
2524 1201 2708 1271 εὐχὴν,
2745 1202 2891 1254 ἐστιν
2922 1201 3201 1266 εὔξασθαι,
3233 1202 3373 1273 μηδέ
3410 1207 3717 1274 προσποιού-

2149 1311 2307 1363 μενον
2348 1293 2502 1346 τοῦτο
2542 1295 2737 1345 ποιεῖν.
2778 1294 2887 1344 Καὶ
2933 1295 2966 1363 ἡ
3007 1292 3328 1360 γονυκλισία
3366 1294 3424 1345 δέ
3467 1295 3719 1364 ὄτιάναγ-

2146 1384 2276 1436 καία
2302 1383 2466 1446 ἐστὶν,
2512 1384 2599 1436 ὅτε
2645 1401 2728 1445 τις
2748 1383 2926 1453 μέλλει
2955 1383 3060 1435 τῶν
3098 1384 3244 1436 ἰδίων
3274 1385 3370 1435 ἐπὶ
3400 1384 3537 1436 Θεοῦ
3560 1386 3720 1458 ἀμαρ-

2148 1473 2406 1543 τημάτων
2440 1475 2785 1544 κατηγορεῖν,
2833 1472 3088 1525 ἱκετεύων
3122 1473 3250 1544 περὶ
3278 1477 3381 1543 τῆς
3407 1474 3501 1526 ἐπὶ
3530 1475 3719 1539 τούτοις

2152 1571 2364 1634 ἰάσεως,
2425 1571 2518 1623 καὶ
2569 1574 2667 1642 τῆς
2716 1572 2960 1641 ἀφέσεως
3005 1564 3204 1635 αὐτῶν,
3255 1572 3459 1624 εἰδέναι
3493 1571 3615 1641 χρὴ,
3648 1571 3718 1622 ὅτι

2150 1662 2411 1733 σύμϐολον
2429 1663 2678 1733 τυγχάνει
2694 1662 2783 1715 τοῦ
2811 1664 3288 1727 ὑποπεπτωκότος,
3313 1664 3411 1715 καὶ
3434 1663 3719 1728 ὑποτεταγ-

2150 1754 2307 1824 μένου
2354 1754 2564 1807 Παύλου
2594 1754 2859 1823 λέγοντος·
2903 1756 3117 1809 Τούτου
3170 1754 3355 1824 χάριν
3386 1754 3627 1823 κάμπτω
3656 1751 3717 1805 τὰ

2146 1845 2367 1914 γόνατά
2408 1864 2527 1915 μου
2576 1846 2725 1915 πρὸς
2770 1846 2877 1898 τὸν
2917 1846 3167 1914 Πατέρα,
3208 1846 3281 1910 ἐξ
3329 1841 3403 1900 οὗ
3435 1844 3598 1898 πᾶσα
3623 1858 3718 1895 παρ

2145 1938 2275 2005 τριὰ
2306 1938 2374 1990 ἐν
2404 1937 2680 2005 οὐρανοῖς
2700 1936 2808 2006 (‘27)
2830 1938 2929 1991 καὶ
2959 1938 3058 1991 ἐπὶ
3087 1936 3202 2005 γῆς
3227 1936 3595 2006 ὀνομάζεται.
3621 1932 3716 2005 Τὴν

2145 2029 2202 2081 δὲ
2229 2029 2422 2100 νοητὴν
2455 2028 2820 2096 γονυκλισίαν,
2848 2028 3017 2091 οὕτως
3045 2028 3461 2100 ὀνομαζομένην
3496 2026 3639 2096 παρὰ
3665 2026 3716 2078 τὸ

2148 2119 2601 2172 ὑποπεπτωκέναι
2636 2118 2711 2189 τῷ
2756 2118 2875 2188 Θεῷ
2913 2120 2971 2172 ἐν
3003 2119 3081 2189 τῷ
3113 2120 3343 2189 ὀνόματι
3404 2117 3597 2189 Ἰησοῦ,
3638 2116 3718 2169 καὶ

2149 2210 2376 2263 ἑκάστου
2400 2209 2508 2280 (28)
2532 2209 2639 2262 τῶν
2663 2209 2830 2264 ὄντων
2856 2209 3003 2279 αὐτῷ
3032 2210 3221 2262 ἐαυτὸν
3252 2208 3715 2272 τεταπεινωκέναι,

2147 2299 2339 2371 δηλοῦν
2373 2317 2461 2371 μοι
2498 2302 2525 2353 ὁ
2561 2299 2879 2362 Ἀπόστολος
2915 2300 3160 2368 φαίνεται
3193 2303 3252 2353 ἐν
3282 2300 3381 2371 τῴσ
3413 2300 3536 2355 Ἵνα
3564 2298 3627 2351 ἐν
3650 2295 3717 2361 τῷ

2150 2394 2391 2473 όνὸματι
2435 2393 2641 2462 Ἰησοῦ
2670 2392 2793 2447 πᾶν
2824 2395 2973 2461 γόνυ
2998 2392 3203 2462 κάμψῃ
3220 2387 3714 2459 ἑπουρανίων,καί

2151 2485 2447 2554 ἐπιγείων,
2470 2486 2565 2538 καὶ
2587 2486 3012 2553 καταχθονίων.
3049 2482 3483 2554 Ἐσχηματίσθαι
3504 2481 3604 2551 γὰρ
3620 2478 3715 2550 (29)

2149 2575 2257 2631 τῶν
2296 2577 2632 2650 ἐπουρανίων
2670 2575 2739 2629 τά
2772 2574 3019 2646 σώματα,
3054 2576 3128 2638 ὡς
3166 2576 3261 2628 καὶ
3304 2576 3507 2644 γόνατα
3550 2588 3714 2642 σωμα-

2148 2665 2276 2721 τικά
2300 2666 2443 2735 ἔχειν
2473 2664 2632 2728 αὐτὰ,
2660 2664 3059 2734 ὑπολαμϐάνειν
3078 2664 3139 2716 ού
3165 2664 3310 2717 πάνυ
3345 2682 3397 2715 τι
3428 2662 3550 2733 χρὴ,
3573 2677 3715 2730 σφαι-

2152 2757 2371 2831 ροειδῶν
2402 2756 2551 2829 παρά
2583 2758 2694 2817 τοῖς
2726 2754 2967 2826 ἀκριϐῶς
3011 2756 3138 2826 περὶ
3171 2755 3381 2808 τούτων
3411 2751 3714 2821 διειληφόσιν

2149 2849 2615 2919 ἀποδεδειγμένων
2645 2842 2823 2900 αὐτῶν
2852 2846 2959 2899 τῶν
2996 2846 3282 2916 σωμάτων.
3328 2846 3387 2898 Ὁ
3422 2845 3478 2897 δὲ
3514 2842 3583 2914 μὴ
3615 2841 3716 2911 βου-

2150 2940 2374 3012 λόμενος
2401 2938 2558 2992 τοῦτο
2581 2936 3006 3010 παραδέξασθαι,
3037 2938 3132 2991 καὶ
3164 2937 3262 3000 τὰς
3286 2937 3477 3009 χρείας
3509 2935 3713 2988 ἑκάστου

477 3032 812 3102 singularum
861 3047 997 3101 opus
1040 3032 1120 3085 eis
1151 3047 1179 3083 a
1213 3030 1320 3084 Deo
1351 3030 1505 3084 datas
1546 3044 1695 3093 esse;
1737 3031 1851 3084 sive
1904 3030 2045 3082 dicat

2152 3031 2254 3084 τῶν
2299 3030 2496 3100 μελῶν,
2550 3029 2636 3081 ἵνα
2681 3028 2754 3099 μὴ
2804 3027 2982 3099 μάτην
3108 3045 3156 3080 τι
3199 3024 3713 3098 δεδημιουργημένον

478 3123 689 3178 viscera
719 3133 772 3177 et
810 3132 1013 3175 rectum
1047 3123 1367 3175 intestinum
1412 3122 1663 3189 proprios
1696 3136 1823 3174 usus
1854 3120 1907 3172 in
1939 3135 2052 3173 ea:-

481 3213 705 3270 lestibus
728 3214 975 3268 obtinere
1003 3212 1357 3281 corporibus;
1391 3211 1709 3266 stultissime
1731 3220 1910 3265 autem
1933 3220 2057 3278 aget

480 3305 572 3373 qui
599 3303 809 3372 putabit
842 3319 904 3356 ea
937 3312 1241 3357 statuarum
1276 3317 1424 3357 more
1466 3301 1760 3355 humanam
1817 3303 2051 3371 speciem

483 3400 532 3451 in
557 3396 669 3453 sola
692 3395 1000 3464 superficie,
1038 3409 1142 3448 non
1180 3394 1341 3446 etiam
1370 3394 1421 3447 in
1445 3392 1800 3462 penitioribus
1825 3392 2047 3448 habere.

483 3486 606 3539 Ihec
627 3486 738 3539 dixi
759 3486 883 3538 dum
908 3483 1337 3554 genuﬂexionem
1361 3483 1604 3551 eitpendo
1628 3492 1680 3536 et
1708 3482 1835 3535 illud
1857 3482 2047 3535 video:

481 3580 547 3632 In
584 3580 789 3632 nomine
832 3577 960 3631 Jesu
1002 3594 1150 3631 omne
1191 3593 1321 3646 genu
1350 3578 1587 3644 ﬂectetur
1614 3576 1915 3639 (caelestium,
1946 3585 2052 3627 ter-

481 3672 725 3723 restrium
755 3682 802 3723 et
832 3669 1181 3739 infernarum.
1209 3666 1347 3720 Idem
1380 3675 1463 3721 est
1490 3668 1652 3720 etiam
1682 3668 1897 3736 quodin
1926 3682 2051 3734 pro-

481 3763 640 3828 pheta
673 3762 929 3829 scriptum
956 3770 1037 3812 est
1066 3777 1078 3811 :
1118 3757 1246 3810 Mihi
1268 3759 1629 3813 incurvabitur
1661 3775 1808 3812 omne
1831 3758 2046 3827 genu".

483 3851 653 3905 Porro
683 3852 746 3905 de
770 3853 887 3905 loco
918 3852 1193 3906 sciendum
1225 3864 1308 3907 est
1330 3854 1503 3907 locum
1529 3869 1744 3906 onmem
1776 3862 1957 3919 aptum
1986 3854 2052 3904 ad

481 3945 780 3997 orationem
806 3943 942 3998 ellici
967 3944 1033 3996 ab
1067 3959 1131 3997 eo
1154 3945 1242 4013 qui
1270 3952 1413 3997 recte
1442 3953 1561 3997 orat
1585 3960 1599 3996 :
1637 3959 1781 4007 nam,
1816 3942 1881 3994 lu
1910 3942 2052 3994 omni

482 4036 598 4087 loco
634 4036 902 4087 incensum
933 4034 1115 4102 o/ferte
1141 4034 1294 4095 mihi.
1345 4034 1471 4085 dicit
1514 4033 1771 4086 Dominus
1796 4033 1869 4096 ‘°;
1900 4032 2050 4098 item,

494 4123 619 4177 Volo
651 4126 812 4193 igitur
840 4124 976 4177 viros
1000 4140 1154 4177 orare
1183 4124 1237 4176 in
1268 4123 1408 4175 omni
1440 4123 1552 4176 loco
1576 4122 1641 4174 ⁶¹.
1670 4121 1854 4176 Potest
1886 4123 2048 4175 etiam

479 4232 587 4283 quo
611 4232 738 4270 suas
757 4217 985 4285 quisque
1002 4230 1193 4284 preces
1216 4215 1455 4283 quietior
1477 4228 1541 4268 ac
1562 4213 1737 4268 minus
1763 4213 2049 4268 distractus

480 4308 745 4374 absolvat,
778 4318 984 4361 certum
1013 4324 1079 4360 ac
1106 4308 1387 4360 definitum
1416 4307 1467 4359 in
1502 4306 1729 4375 privatis
1754 4305 1979 4367 uadibus,
2001 4307 2045 4360 si

480 4402 712 4469 spatium
748 4403 838 4465 sit,
872 4402 1068 4469 eligere
1116 4399 1316 4465 locum,
1364 4409 1421 4452 ut
1467 4401 1537 4452 ita
1567 4399 1765 4461 dicam,
1805 4399 2046 4453 sanctio-

2151 3122 2333 3181 αὐτοῖς
2378 3117 2483 3171 ὑπὸ
2521 3116 2615 3169 τοῦ
2650 3116 2806 3181 Θεοῦ,
2848 3116 2942 3169 ἐάν
2985 3118 3058 3187 μὴ
3101 3117 3451 3188 ἀναιδεύηται
3484 3114 3612 3186 πρὸς
3634 3111 3713 3164 τὸν

2150 3210 2330 3278 λόγον,
2368 3209 2753 3282 παραδέξεται,
2790 3207 3127 3279 ἑκατέρωθεν
3161 3211 3393 3263 πταίων·
3433 3208 3541 3261 εἴτε
3574 3206 3713 3275 φήσει

2155 3301 2287 3372 μέλη
2321 3299 2570 3371 σώματος
2605 3301 2781 3370 μάτην
2812 3300 2903 3352 καὶ
2940 3299 3012 3369 μὴ
3044 3299 3135 3351 ἐπὶ
3158 3300 3236 3370 τῷ
3266 3301 3383 3371 ἰδίῳ
3416 3300 3557 3370 ἔργῳ
3575 3312 3712 3365 γεγο-

2151 3394 2300 3446 νέναι
2334 3394 2517 3457 αὐτοῖς
2550 3394 2654 3446 ὑπὸ
2685 3393 2776 3445 τοῦ
2810 3393 2967 3457 Θεοῦ,
2996 3393 3114 3447 εἴτε
3143 3395 3258 3464 ἐρεῖ
3289 3395 3361 3447 τὰ
3394 3395 3608 3462 ἔγκατα,
3633 3388 3712 3442 καὶ

2151 3484 2211 3536 τὺ
2243 3483 2651 3555 ἀπευθυσμένον
2675 3484 2784 3555 (50)
2807 3485 3020 3556 ἔντερον
3047 3485 3145 3548 τὰς
3181 3486 3320 3550 ἰδίας
3344 3486 3528 3557 χρείας
3553 3485 3710 3534 ἐπιτε-

2152 3575 2263 3629 λεῖν
2306 3577 2398 3629 καὶ
2434 3578 2490 3629 ἐν
2523 3579 2633 3640 τοῖς
2669 3576 3031 3646 ἐπουρανίοις.
3065 3578 3273 3648 Σφόδρα
3300 3578 3358 3629 δὲ
3389 3575 3579 3647 μωρῶς
3601 3574 3711 3624 ἀνα-

2155 3668 2543 3738 στραφὴσεται,
2579 3668 2675 3720 ἐὰν
2705 3668 2903 3740 τρόπον
2926 3667 3255 3738 ἀνδριάντων
3286 3687 3372 3732 τις
3402 3665 3588 3736 νομίζῃ
3623 3661 3709 3730 τὴν

2158 3760 2255 3829 μὲν
2288 3758 2609 3826 ἐπιφάνειαν
2656 3759 2821 3829 μόνην
2852 3754 2990 3812 εἶναι
3029 3759 3423 3831 ἀνθρωποειδῆ,
3465 3757 3633 3810 οὐκέτι
3660 3750 3709 3804 δὲ

2160 3850 2254 3901 καὶ
2285 3848 2353 3902 τά
2379 3849 2438 3902 ἐν
2464 3849 2635 3919 βάθει.
2671 3849 2853 3903 Ταῦτα
2871 3850 2926 3901 δέ
2949 3868 3036 3920 μοι
3060 3849 3275 3917 λέγεται
3297 3850 3410 3920 (51)
3434 3844 3708 3911 ἐξετάζοντι

2157 3942 2256 4010 τὴν
2282 3941 2646 4008 γονυκλισίαν,
2671 3942 2764 3993 καὶ
2786 3941 2999 4011 ὁρῶντι,
3024 3942 3102 3993 ὅτι
3124 3944 3180 3994 ἐν
3208 3940 3283 4009 τῷ
3307 3942 3525 4010 ὀνόματι
3553 3928 3706 4004 Ἰησοῦ

2160 4032 2266 4084 πᾶν
2289 4031 2412 4099 γόνυ
2440 4031 2643 4101 κάμψει
2675 4031 3007 4102 ἐπουρανίων
3034 4033 3125 4085 καὶ
3148 4032 3423 4099 ἐπιγείων,
3451 4030 3541 4083 καὶ
3563 4039 3706 4078 κατα-

2155 4121 2400 4194 χθονίων.
2451 4121 2608 4176 Ἀλλά
2641 4124 2734 4175 καὶ
2764 4124 2824 4176 τὸ
2851 4125 2909 4175 ἐν
2935 4122 3012 4193 τῷ
3048 4123 3296 4195 προφήτῃ
3328 4116 3703 4191 γεγραμμένον

2168 4215 2327 4284 Ἐμοὶ
2363 4215 2582 4285 κάμψει
2612 4215 2735 4268 πᾶν
2762 4216 2927 4283 γόνυ·
2954 4214 3146 4267 ταύτόν
3170 4217 3305 4267 ἐστι.
3342 4213 3451 4267 Καὶ
3491 4208 3609 4279 περὶ
3630 4203 3705 4256 τό·

2154 4325 2255 4360 που
2282 4307 2357 4370 δέ,
2395 4308 2585 4371 ἰστέον,
2619 4307 2700 4359 ὅτι
2735 4306 2840 4369 πᾶς
2872 4305 3033 4368 τόπος
3056 4305 3355 4375 ἐπιτήδειος
3382 4304 3460 4365 είς
3483 4300 3540 4352 τὸ
3566 4295 3704 4359 εὖξα-

2154 4402 2277 4456 σθαι
2310 4403 2415 4456 ὑπὸ
2443 4402 2534 4456 τοῦ
2580 4401 2756 4473 καλῶς
2787 4400 3079 4470 εὐχομένου
3124 4397 3351 4466 γίνεται·
3412 4397 3506 4447 Ἐν
3545 4384 3700 4443 παντὶ

482 4510 620 4559 rem,
649 4494 829 4561 ibique
856 4507 1049 4555 orare;
1086 4507 1207 4544 eum
1256 4491 1408 4559 prius
1449 4499 1622 4543 tamen
1655 4498 1852 4559 pra-ter
1879 4504 2041 4554 gene-

2155 4495 2262 4564 γὰρ
2298 4496 2459 4560 τόπῳ
2488 4491 2748 4564 θυμίαμά
2775 4510 2876 4561 μοι
2920 4488 3268 4559 προσάγετε,
3300 4487 3459 4558 λέγει
3490 4482 3697 4548 Κύριος⁶

508 4620 515 4627 ’
556 4633 600 4664 ⁸⁷
626 4633 762 4702 Eph.
796 4648 878 4696 ιιι,
905 4631 991 4685 14.
1068 4629 1114 4662 ⁵⁸
1140 4628 1279 4682 Phil.
1306 4644 1365 4692 ιι,
1399 4627 1487 4681 l0.
1560 4628 1605 4659 "
1630 4628 1733 4683 lsa.
1768 4644 1892 4694 ην,
1920 4629 2014 4682 24.

2157 4630 2283 4685 Mal.
2313 4648 2349 4691 ι,
2381 4631 2468 4685 11.

556 4770 669 4843 (Q5)
711 4769 881 4825 Codd.
913 4782 1070 4833 mss.,
1102 4767 1135 4838 ἦ
1170 4763 1442 4829 τοιαύτας.
1478 4765 1655 4819 Editio
1699 4763 1902 4830 Oxon.,
1931 4767 2049 4836 ἦτοι

484 4844 673 4905 αὑτάς.

559 4903 685 4983 (26)
717 4909 767 4963 Μ
776 4908 810 4976 ἡ
860 4905 1140 4983 ἐπιτρέπῃ
1191 4905 1648 4983 ἀναχωροῦντας
1672 4903 1756 4972 μὴ
1786 4903 2053 4983 ’ᾁποδοιλ

485 4974 601 5038 ναὶ.
656 4974 835 5035 Codex
878 4977 1245 5039 Colbertinus,
1303 4974 1376 5045 μὴ
1426 4974 1726 5043 ἐπιτρέπει.
1783 4975 2050 5029 Prmterea

486 5064 611 5105 ante
645 5049 935 5104 ἀποδοῦναι
967 5048 1121 5099 deleo
1148 5045 1462 5113 particulam
1495 5054 1775 5111 negantem
1813 5045 1909 5114 μή.

558 5120 669 5193 (‘27-)
720 5122 813 5174 Ἐν
859 5112 1155 5184 οὐρανοῖς,
1202 5114 1383 5169 Codex
1435 5112 1824 5193 Colbertiuus,
1857 5112 1914 5168 ἐν
1965 5112 2053 5165 ού-

524 5210 584 5246 αν
590 5211 633 5248 ω
639 5234 650 5248 υ

489 5210 669 5330 ραῖἓέ)
710 5260 821 5315 Καὶ
849 5256 1130 5330 ἑκάστου.
1166 5255 1330 5330 Lego,
1362 5254 1456 5307 καὶ
1487 5253 1735 5330 ἕκαστον.

556 5321 670 5403 (29)
722 5328 1351 5403 Ἑσχηματίσθαιγάρ,
1393 5334 1514 5403 etc._
1559 5326 1613 5381 In
1668 5321 2051 5403 libello-quem

488 5391 1147 5467 Theodorus"episcopus
1207 5391 1683 5467 Scythopolitauus
1745 5391 2051 5467 Justitiiau‘o

489 5474 802 5541 imperatori
841 5462 907 5522 ρι’
924 5462 1156 5541 quatuor
1203 5462 1526 5541 patriarehis
1560 5462 2052 5541 Constantinopoli-

492 5532 635 5605 tano,
677 5532 1065 5598 Alexandrino.
1107 5532 1446 5590 Antiocheuo
1491 5543 1551 5605 et
1598 5532 2052 5600 Jerosolymitano

489 5602 704 5675 obtulit,
736 5612 877 5665 inter
913 5608 1254 5662 anathemata
1301 5605 1495 5674 quibus
1520 5602 1765 5673 Origenis
1792 5605 2041 5675 dogmata

495 5681 638 5751 ferit,
676 5671 826 5747 illud,
868 5681 1040 5750 capite
1070 5678 1103 5735 5
1134 5680 1212 5735 sic
1277 5671 1474 5747 legitur
1503 5671 1754 5733 Biblioth.
1795 5671 2041 5738 Caicum,

2546 4630 2588 4661 ⁶¹
2618 4630 2637 4679 1
2669 4628 2807 4683 Tim.
2840 4645 2899 4689 ιι,
2931 4629 2983 4682 8.

2159 4784 2279 4838 pag.
2311 4766 2381 4821 95
2415 4790 2425 4821 :
2459 4766 2637 4838 Eia-ig
2678 4765 2841 4833 λέγει,
2883 4751 3451 4838 ἢ-ξχει-,ἢῗφρμονεῖηῆ
3484 4752 3692 4838 οιδάῖξξι

2158 4817 2333 4907 ἐνθ’τῇ⁷
2351 4817 2645 4907 ἀναστάσεῖ
2660 4817 3087 4907 νλσφαιροεὶδῇλτά
3119 4817 3538 4907 τῶνάνθρώπων

2164 4897 2355 4979 ρεσθάι
2376 4905 2686 4979 σῴᾼματαηῆ
2719 4897 3094 4979 ούίμᾷμολογεῖ
3112 4903 3330 4979 ’ὀρθίους
3349 4897 3387 4970 ’ἡ
3396 4898 3496 4968 μᾶς
3515 4897 3698 4979 ἐγείξξς

2162 4958 2309 5031 σθαι-ί
2334 4958 2583 5046 ἀνάθεμα
2611 4958 2890 5029 ἐσῖτω.“8ί’
2910 4958 3031 5042 (μιξέ
3068 4958 3230 5036 ιίὶάιι,
3273 4958 3585 5046 αξιΓιᾳηεαι,
3607 4958 3696 5046 Attulit

2160 5059 2390 5107 censeat.
2422 5038 2724 5098 aut'doceat
2772 5047 2825 5096 in
2879 5038 3257 5111 resurrectione
3301 5038 3557 5090 hominum
3599 5038 3697 5111 cat:

2159 5132 2289 5183 pora
2308 5102 2566 5182 sphwrica
2588 5129 2875 5182 resurgere.
2900 5125 2946 5165 et
2979 5128 3080 5165 non
3108 5102 3412 5183 coit/item!”
3434 5118 3521 5155 1³0³
3549 5102 3695 5183 Τθίξῇξ
3728 5162 3731 5165 ,

2165 5160 2702 5249 iestirrrecturogesse,
2736 5160 3017 5237 anathema
3053 5183 3143 5235 sit.
3196 5160 3325 5234 Vide
3355 5178 3563 5239 insuper
3592 5160 3697 5217 Ort'

2161 5256 2500 5325 genianorum
2541 5256 2634 5312 lib.
2666 5270 2725 5320 ιι,
2762 5261 2955 5325 quiest.
2987 5252 3040 5313 9,
3065 5250 3281 5325 Anum_9.

2234 5326 2345 5393 (50)
2387 5326 2567 5380 Codex
2619 5311 2865 5393 uterque,
2915 5311 3345 5393 ἀπευθυσμένον.
3401 5313 3537 5393 Lege

2161 5371 2885 5462 Βεὶιῖῖέίοῗᾶτέξυθῦῇμὲᾴᾱῆ.
2921 5371 3181 5445 ίίἰέείείὶιιιὲ
3221 5401 3348 5443 vero
3384 5371 3539 5437 editio
3566 5371 3695 5427 0:0-

2160 5466 2365 5520 niensis
2393 5466 2572 5526 habet,
2602 5460 2985 5530 πεπεισμένον.
3132 5527 3170 5530 _
3198 5528 3227 5530 ν
3261 5526 3271 5530 _
3342 5522 3370 5530 ,
3548 5509 3565 5523 .
3590 5506 3600 5519 ι

2231 5533 2343 5594 (3h
2383 5522 2832 5601 Codex-uterque,
2867 5530 3101 5597 λέγεται.
3132 5526 3310 5582 Editio
3333 5522 3477 5565 θην

2150 5618 2234 5655 11"

2137 5806 2174 5818 -
