3974 6160
309 260 412 315 555

1462 249 1798 307 LIBELLUS
1836 249 1922 303 DE
1961 248 2337 305 OliATlONE.

3429 255 3532 308 554

303 375 410 437 καὶ,
443 371 738 440 Βούλομαι
773 367 886 425 οὖν
918 372 1357 440 προσεύχεσθαι
1381 371 1522 436 τοὺς
1543 371 1765 438 ἄνδρας
1793 370 1864 422 ἐν

1971 369 2079 421 rale
2108 370 2172 421 de
2205 369 2295 421 illo
2322 382 2545 421 examen
2575 364 2870 436 inspexerit
2909 367 3113 423 nihilne
3139 369 3210 423 ibi
3239 369 3532 437 nefarium,

301 469 472 522 παντὶ
509 465 683 529 τόπῳ.
721 465 870 534 Ἔχει
901 465 956 518 δὲ
997 465 1088 517 καὶ
1126 464 1459 532 τεταγμένον
1488 463 1630 533 ὑπὲρ
1653 462 1746 516 τοῦ
1779 461 1862 529 ἐφ’

301 557 518 630 ἡσυχίας
553 557 628 627 μὴ
656 557 1071 628 περισπώμενον
1095 557 1193 619 τὰς
1227 557 1393 626 εὐχὰς
1427 556 1693 610 ἐπιτελεῖν
1733 556 1864 609 ἕκα-

305 667 419 701 στον
444 649 574 717 (52),
611 648 994 717 ἐπιλεξάμενον
1021 649 1113 700 τοῦ
1148 647 1277 700 ίδίου
1306 648 1477 711 οἴκου,
1505 647 1599 700 ἐὰν
1625 649 1861 718 ἐγχωρῇ,

300 740 356 791 τὸ
386 739 721 810 σεμνότερον,
754 739 819 792 ἵν’
855 738 1026 802 οὕτως
1059 739 1217 803 εἴπω,
1256 739 1472 812 χωρίον,
1507 736 1680 800 οὕτως
1713 736 1866 806 εὔχε-

305 830 442 891 σθαι,
478 845 614 900 προς
650 831 728 899 τῷ
773 830 1044 900 καθολικῷ
1078 833 1176 901 τῆς
1215 831 1342 900 περὶ
1371 829 1535 882 αὑτοῦ
1571 828 1866 892 ἐξετάσεως

301 921 692 974 ἐπισκοποῦντα
719 921 850 990 (55),
886 923 934 974 εί
960 924 1017 974 ἐν
1051 922 1185 992 τῷδε
1213 922 1293 992 τῷ
1317 921 1467 990 τόπῳ
1491 915 1534 988 ᾧ
1567 919 1779 990 εὔχεται
1803 921 1864 972 οὐ

299 1010 736 1079 παρανενόμηταί
775 1027 924 1074 ποτε,
968 1011 1060 1062 καὶ
1098 1009 1250 1080 παρὰ
1278 1010 1368 1062 τὸν
1397 1009 1553 1080 ὀρθὸν
1577 1008 1732 1078 λόγον
1767 1026 1864 1063 πε-

297 1101 528 1170 ποίηται·
582 1101 744 1155 οἱονεὶ
772 1101 880 1172 γὰρ
922 1102 983 1154 ού
1023 1101 1180 1172 μόνον
1225 1102 1434 1165 ἑαυτὸν,
1483 1100 1619 1154 ἀλλὰ
1655 1100 1866 1154 καὶτὸν

292 1189 448 1243 τόπον
478 1194 582 1261 τῆς
615 1191 750 1254 ἰδίας
775 1192 939 1262 εὐχῆς
962 1191 1198 1244 τοιοῦτον
1233 1190 1550 1260 πεποίηκεν,
1576 1189 1652 1252 ὡς
1678 1192 1868 1257 φυγεῖν

295 1283 495 1334 ἐκεῖθεν
535 1283 633 1352 τὴν
674 1282 975 1352 ἐπισκοπὴν
1018 1283 1109 1334 τοῦ
1156 1282 1310 1335 Θεοῦ.
1361 1281 1774 1334 Ἑπισκοποῦντι
1811 1281 1868 1333 δέ

295 1387 380 1440 μοι
421 1371 518 1423 ἐπὶ
563 1371 742 1424 πλεῖον
791 1371 886 1424 καὶ
928 1371 1056 1442 περὶ
1089 1369 1275 1422 τούτου
1314 1369 1406 1422 τοῦ
1437 1369 1602 1422 τόπου
1628 1368 1865 1430 λεκτέον,

291 1462 441 1526 δόξαν
465 1462 568 1531 μὲν
592 1463 655 1515 ἄν
679 1479 732 1514 τι
756 1459 894 1515 εἶναι
919 1461 1078 1534 βαρὺ.
1100 1461 1240 1530 τάχα
1265 1460 1319 1512 δέ
1338 1460 1414 1529 τῷ
1437 1459 1708 1529 ἐπιμελῶς
1739 1457 1867 1510 αὐτὸ

296 1554 632 1623 βασανίζοντι
666 1556 765 1607 οὐκ
793 1554 1284 1624 εὐκαταφρόνητον.
1340 1554 1427 1605 Ἐν
1473 1552 1581 1622 γὰρ
1613 1551 1688 1621 τῷ
1709 1543 1867 1618 ¹τόπῳ

289 1649 382 1716 τῆς
402 1646 720 1716 παρανόμου
743 1645 938 1716 μίξεως
959 1645 1062 1698 ὑπὸ
1077 1643 1169 1696 τοῦ
1191 1643 1547 1696 ὰποστολικοῦ
1577 1642 1733 1710 λόγου
1752 1641 1863 1711 (54)

291 1736 427 1788 κατὰ
472 1735 828 1807 συγγνώμην,
870 1737 930 1788 οὐ
978 1737 1098 1788 κατ’
1131 1734 1396 1805 ἐπιταγὴν
1443 1732 1866 1803 συγκεχωρημέ-

289 1844 403 1896 νης,
431 1827 748 1890 ἐξεταστέον
783 1830 832 1880 εί
864 1827 1007 1880 ὅσιόν
1042 1829 1155 1880 ἐστι
1202 1827 1296 1880 καὶ¹
1338 1825 1575 1896 καθαρὸν
1612 1823 1872 1892 ἐντυγχά-

291 1934 397 1969 νειν
422 1917 501 1987 τῷ
527 1917 661 1987 Θεῷ.
700 1919 761 1970 El
784 1919 890 1988 γὰρ
915 1918 1170 1987 σχολάσαι
1196 1920 1260 1987 τῇ
1294 1918 1566 1987 προσευχῇ
1590 1914 1648 1967 ὃν
1673 1914 1870 1985 τρόπον

290 2008 413 2079 χρὴ,
447 2009 548 2079 οὐχ
583 2005 693 2062 οἷόν
725 2028 782 2063 τε
827 2012 994 2072 ἐστὶν,
1042 2010 1136 2063 ἐὰν
1179 2010 1252 2080 μὴ
1297 2011 1361 2062 ἐκ
1402 2006 1689 2079 συμφώνου
1736 2007 1871 2078 πρὸς

291 2101 480 2171 καιρὸν
515 2101 687 2172 τούτῳ
717 2120 801 2164 τις
846 2103 1035 2155 ἐαυτὸν
1084 2103 1270 2174 ἐπιδῷ,
1315 2101 1454 2170 τάχα
1488 2099 1581 2153 καὶ
1615 2099 1741 2170 περὶ
1776 2098 1869 2150 τοῦ

289 2186 475 2252 τόπου,
501 2189 596 2242 ἐὰν
620 2191 856 2260 ἐγχωρῇ,
887 2189 1206 2260 θεωρητέον.
1237 2191 1385 2259 Ἔχει
1403 2189 1528 2240 δέτι
1549 2189 1768 2258 ἐπίχαρι
1791 2189 1868 2251 εἰς

289 2278 556 2348 ὠφέλειαν
586 2279 746 2341 τόπος
768 2279 951 2348 εὐχῆς,
978 2279 1038 2330 τὸ
1069 2279 1266 2348 χωρίον
1289 2281 1386 2348 τῆς
1411 2279 1502 2329 ἐπὶ
1527 2277 1586 2330 τὸ
1606 2277 1736 2330 αὐτὸ
1759 2277 1870 2330 τῶν

292 2371 652 2423 πιστευόντων
699 2371 1078 2433 συνελεύσεως,
1125 2371 1198 2432 ὡς
1245 2370 1410 2433 εἰκὸς,
1447 2371 1540 2422 καὶ
1565 2369 1870 2437 ἁγγελικῶν

288 2459 572 2530 δυνάμεων
628 2460 1009 2528 ἐφισταμένων
1070 2462 1180 2521 τοῖς
1241 2459 1568 2528 ἁθροίσμασι
1621 2459 1727 2512 τῶν
1777 2476 1868 2512 πι-

291 2552 615 2614 στευόντων,
645 2551 740 2602 καὶ
773 2548 935 2600 αὑτοῦ
957 2547 1048 2600 τοῦ
1084 2548 1286 2616 Κυρίου
1321 2549 1413 2599 καὶ
1441 2548 1688 2618 Σωτῆρος
1713 2548 1870 2619 ἡμῶν

289 2642 600 2710 δυνάμεως,
633 2641 732 2710 ἤδη
776 2639 832 2690 δὲ
865 2640 956 2690 καὶ
995 2639 1317 2707 πνευμάτων
1349 2639 1518 2706 ἁγίων
1550 2638 1684 2709 (55),
1718 2641 1868 2709 οἶμαι

290 2732 349 2786 δὲ
383 2735 473 2784 ὅτι
519 2732 614 2784 καὶ
658 2729 1200 2802 προκεκοιμημένων,
1253 2729 1419 2797 σαφὲς
1467 2729 1541 2794 δὲ,
1570 2730 1650 2783 ὅτι
1692 2731 1784 2781 καὶ
1812 2733 1869 2782 ἐν

290 2823 368 2893 τῷ
413 2823 516 2894 βίῳ
549 2823 864 2893 περιόντων,
925 2823 972 2873 εί
1027 2821 1118 2872 καὶ
1158 2821 1220 2872 τὺ
1259 2821 1372 2882 πῶς
1415 2822 1514 2872 οὐκ
1559 2821 1777 2890 εὐχερὲς
1803 2821 1872 2872 εί-

290 2918 433 2970 πείν.
468 2915 577 2966 Καὶ
606 2915 732 2983 περὶ
772 2912 869 2982 μὲν
891 2911 1136 2979 ἀγγέλων
1166 2911 1336 2974 οὕτως
1367 2911 1731 2980 ἐπιλογιστέον
1755 2928 1767 2940 ·
1805 2911 1868 2963 Εἰ

289 3005 661 3074 πιιρεμϐαλεῖ
711 3005 964 3073 ἅγγελος
996 3003 1215 3068 Κυρίου
1248 3003 1452 3068 κύκλῳ
1492 3002 1610 3055 τῶν
1654 3003 1868 3070 φοϐου-

288 3100 492 3169 μένων
517 3096 720 3158 αὑτὸν,
751 3096 843 3148 καὶ
867 3095 1116 3161 ῥύσεται
1155 3093 1397 3158 αὐτοὺς,
1432 3095 1524 3146 καὶ
1557 3093 1805 3164 ἀληθεύει
1838 3093 1866 3144 ὁ
1896 3077 1940 3137 (ἶ

303 3188 498 3242 Ἰακὼό
525 3189 584 3240 οὺ
619 3187 751 3257 περὶ
782 3184 972 3238 ἑαυτοῦ
1010 3183 1187 3254 μόνον,
1221 3183 1358 3236 ἀλλὰ
1377 3184 1619 3252 καὶπερὶ
1652 3183 1868 3236 πάντων

289 3279 400 3332 τῶν
433 3277 804 3348 ἀνακειμένων
836 3274 912 3344 τῷ
933 3272 1048 3342 Θεῷ
1074 3272 1149 3342 τῷ
1186 3273 1413 3325 συνιέντι
1441 3272 1640 3340 λέγων·
1684 3273 1735 3323 '0
1767 3273 1870 3342 dir-

291 3376 471 3440 τελος
531 3374 561 3423 ό
602 3367 902 3437 ρυόμενός
928 3383 1003 3435 με
1055 3366 1123 3417 ἐκ
1176 3365 1414 3417 πάντων
1461 3363 1577 3416 τῶν
1628 3362 1864 3416 κακῶν·

288 3462 434 3524 είκός
489 3464 606 3517 ἐστι
639 3459 898 3510 πλειόνων
927 3456 1036 3527 (56)
1063 3453 1490 3523 συνεληλυθότων
1523 3453 1759 3524 γνησίως
1791 3453 1870 3513 εἰς

288 3553 446 3618 δόξαν
501 3549 764 3620 Χριστοῦ,
813 3546 1183 3618 παρεμϐαλεῖν
1221 3545 1312 3596 τὸν
1363 3542 1591 3595 ἑκάστου
1642 3542 1868 3610 ἄγγελον

288 3646 376 3696 τὶν
410 3643 600 3713 κύκλῳ
636 3641 745 3711 (57)
783 3641 1010 3693 ἑκάστου
1043 3639 1152 3690 τῶν
1184 3638 1550 3707 φοϐουμένων,
1586 3637 1720 3707 μετὰ
1751 3637 1869 3690 τού-

286 3748 379 3786 το)
411 3734 512 3787 τοῦ
544 3732 733 3803 ἀνδρδς
761 3730 819 3782 ὃν
835 3733 1088 3802 φρουρεῖν
1131 3730 1222 3782 καὶ
1249 3732 1547 3799 οἰκονομεῖν
1585 3729 1870 3782 πεπίστευ-

283 3846 374 3885 ται
396 3847 408 3859 ·
444 3828 591 3880 ὥστε
620 3823 754 3879 εἶναι
783 3825 874 3878 ἐπὶ
903 3825 1011 3876 τῶν
1049 3823 1218 3890 ἁγίων
1255 3820 1750 3894 συναθροιζομένων
1793 3822 1871 3874 δι-

288 3923 429 3991 πλῆν
458 3919 778 3990 ἐκκλησίαν,
801 3917 898 3988 τὴν
929 3917 1025 3987 μὲν
1050 3916 1368 3987 ἀνθρώπων,
1399 3917 1498 3986 τὴν
1525 3915 1581 3968 δέ
1601 3915 1866 3984 ἀγγέλων.

288 4016 398 4068 Καὶ
432 4016 484 4066 εί
528 4011 685 4082 μόνου
714 4008 809 4060 τοῦ
844 4006 1034 4076 Τωϐὴτ
1067 4009 1094 4058 ὁ
1129 4006 1372 4076 Ῥαφαὴλ
1416 4024 1578 4076 φησιν
1610 4009 1695 4071 εὶς
1721 4025 1872 4075 μνη-

289 4108 572 4174 μόσυνον
606 4099 1035 4167 ἁνενηνοχέναι
1069 4097 1182 4164 τὴν
1213 4098 1584 4167 προσευχὴν,
1623 4101 1717 4152 κει)⁸
1753 4101 1868 4169 μετ’

288 4200 454 4255 ¹αὑτὸν
506 4198 723 4267 Σάρρας
769 4195 867 4264 τῆς
913 4191 1143 4262 ὑστέρας
1185 4190 1295 4263 (58)
1329 4189 1544 4260 νύμφης
1575 4191 1870 4260 γενομένης

286 4291 454 4344 αὐτοῦ
487 4287 578 4342 διὰ
607 4288 666 4340 τὸ
696 4283 1041 4354 γεγαμῆσθαι
1067 4283 1235 4352 αὐτὴν
1265 4280 1342 4350 τῷ
1361 4281 1546 4351 Τοόίᾳ,
1577 4281 1627 4332 τί
1655 4281 1871 4335 λεκτέον

1970 461 2170 514 nihilne
2206 470 2367 514 recta:
2393 461 2723 513 contrarium
2750 459 2943 515 rationi
2975 461 3267 515 admissum
3297 476 3534 529 unquam

1971 551 2069 613 sit;
2111 549 2202 617 qui
2232 548 2376 603 enim
2403 549 2453 602 id
2489 548 2636 613 fecit,
2664 563 2769 600 nou
2807 563 2864 602 se
2895 557 3124 614 tantmn,
3159 551 3332 603 sedet
3361 551 3534 618 ipsum

1970 642 2230 694 orationis
2268 640 2439 694 locum
2474 639 2632 693 talem
2665 637 2843 694 effecit
2871 649 2926 694 ut
2963 641 3013 693 in
3045 655 3167 694 cum
3193 640 3332 696 Deus
3361 645 3536 711 respi-

1969 747 2092 786 cere
2125 732 2322 800 fugiat.
2367 730 2496 783 Mihi
2543 740 2722 784 autem
2771 730 2983 799 plenius
3010 732 3319 801 inspicienti
3351 735 3536 788 dicen-

1969 824 2098 874 dum
2127 823 2191 875 de
2223 822 2314 874 illo
2351 823 2468 874 loco
2499 822 2644 874 subit
2674 823 2816 890 quod
2850 823 3093 876 odiosum
3121 839 3242 878 esse
3264 825 3531 893 videatur,

1967 920 2022 964 at
2049 910 2190 964 forte
2230 912 2538 964 accuratius
2565 911 2896 965 examinanti
2929 929 3032 967 non
3062 919 3531 978 contemnendum.

1968 1001 2349 1070 Inquirendum
2381 1012 2463 1054 est
2493 1002 2700 1056 scilicet
2744 1018 2810 1055 an
2849 1002 2901 1055 in
2939 1006 3116 1060 (uitus
3150 1007 3267 1062 loco
3295 1024 3399 1063 non
3427 1009 3535 1064 illi-

1967 1094 2062 1147 citi
2099 1094 2340 1162 quidem,
2393 1093 2484 1148 sed
2523 1093 2614 1162 qui
2654 1095 2964 1161 apostolicis
3017 1099 3196 1152 verbis
3240 1103 3528 1158 secundum

1970 1184 2378 1252 indulgentiam,
2423 1198 2527 1237 non
2561 1186 2858 1238 secundum
2906 1198 3231 1256 prteccplum
3283 1195 3504 1247 concedi

1971 1283 2081 1339 tur,
2115 1286 2360 1329 sanctum
2393 1278 2465 1330 sit
2488 1285 2541 1330 et
2578 1293 2770 1346 purum
2806 1278 2974 1332 Deum
3017 1284 3250 1350 precari.
3297 1285 3353 1337 Si
3391 1287 3534 1340 enim

1968 1369 2200 1422 orationi
2237 1377 2294 1422 ut
2316 1378 2530 1438 oportet
2570 1384 2762 1425 vacare
2801 1386 2904 1424 non
2932 1381 3109 1436 potest
3133 1374 3198 1438 ⁸³,
3225 1376 3324 1428 nisi
3351 1378 3443 1443 qui
3472 1393 3534 1436 ex

1969 1473 2237 1512 cnusensu
2274 1461 2340 1512 ad
2378 1470 2586 1529 tempus
2635 1462 2683 1515 ei
2737 1476 2794 1515 se
2837 1462 3021 1526 dedat,
3069 1463 3208 1518 forte
3232 1466 3298 1519 de
3324 1467 3442 1521 loco
3469 1486 3537 1522 an

1969 1547 2159 1603 deceat
2192 1552 2648 1606 considerandum
2681 1564 2786 1607 est.
2814 1551 2989 1607 liabet
3017 1554 3218 1622 aliquid
3242 1572 3364 1610 cum
3393 1560 3537 1612 utili-

1974 1649 2079 1693 tate
2101 1641 2322 1709 jucuudi
2345 1643 2504 1708 locus
2531 1646 2817 1708 orationis,
2849 1645 2941 1700 ille
2973 1647 3185 1702 scilicet
3214 1663 3322 1718 quo
3353 1649 3539 1711 lideles

1900 1740 1939 1793 Β
1970 1731 2022 1785 in
2059 1750 2224 1788 unum
2263 1737 2620 1803 conveniunt;
2654 1738 2912 1792 credibile
2956 1747 3040 1792 est
3079 1741 3226 1793 enim
3265 1741 3532 1811 angelicat

1973 1824 2137 1894 269
2166 1836 2457 1894 potestates
2486 1829 2820 1883 credentium
2845 1829 3075 1884 cmtibus
3106 1831 3318 1898 adesse,
3347 1833 3526 1900 ipsius

1973 1933 2077 1984 que
2105 1918 2314 1972 Domini
2364 1929 2420 1973 et
2454 1919 2769 1973 Servatoris
2813 1920 2984 1974 nostri
3023 1921 3298 1987 virtutem,
3354 1924 3464 1978 imo
3485 1937 3542 1978 et

1973 2016 2283 2061 sanctorum
2342 2008 2587 2076 spiritus,
2645 2010 2840 2078 Opinor
2899 2011 3066 2063 etiam
3123 2012 3534 2079 defunctorum;

1973 2115 2097 2154 nam
2135 2100 2200 2153 de
2235 2100 2624 2168 superstitibus
2677 2101 3026 2154 manifestum
3083 2112 3188 2168 est,
3240 2104 3370 2158 licet
3399 2121 3539 2176 quo-

1972 2193 2132 2246 modo
2160 2192 2362 2258 adsint,
2414 2191 2574 2246 facile
2605 2207 2712 2246 non
2746 2192 2818 2246 sit
2865 2194 3073 2248 dicere.
3121 2196 3200 2249 Ac
3237 2196 3304 2251 de
3332 2199 3540 2267 angelis

1972 2287 2190 2356 quidem
2221 2287 2302 2340 sic
2333 2285 2510 2355 colligi
2540 2294 2717 2352 potest
2751 2301 2764 2337 :
2803 2285 2858 2339 Si
2893 2287 3133 2340 immittet
3166 2289 3380 2356 angelus
3426 2289 3535 2343 Do-

1971 2379 2100 2431 mini
2134 2381 2187 2432 in
2219 2379 2444 2432 circuitu
2499 2378 2792 2432 timentium
2845 2394 2985 2443 eum,
3029 2389 3078 2431 et
3125 2380 3306 2445 eripiet
3351 2397 3438 2436 eos
3470 2383 3536 2448 ⁸³,

1971 2477 2026 2523 et
2053 2485 2179 2523 vera
2210 2469 2452 2539 loquitur
2473 2468 2640 2524 Jacob
2673 2484 2794 2523 cum
2839 2486 2945 2523 non
2973 2471 3036 2524 de
3063 2484 3123 2524 se
3162 2471 3300 2535 solo,
3347 2474 3446 2526 sed
3485 2481 3540 2529 et

1972 2562 2039 2614 de
2065 2563 2319 2614 omnibus
2341 2561 2431 2628 qui
2474 2561 2583 2614 Deo
2615 2561 2794 2613 devoti
2823 2570 2970 2624 sunt,
3005 2562 3330 2632 intelligeuli
3367 2563 3534 2621 dicit:

1972 2651 2199 2720 Angelus
2238 2652 2329 2719 qui
2360 2653 2491 2704 eruit
2535 2667 2614 2704 me
2661 2665 2725 2704 ea:
2765 2651 3002 2705 omnibus
3040 2653 3193 2706 malis
3226 2653 3308 2720 6";
3343 2655 3540 2724 proba-

1973 2740 2081 2794 bile
2110 2749 2217 2803 est,
2253 2739 2437 2793 multis
2472 2740 2522 2792 in
2554 2740 2756 2794 Christi
2789 2741 3013 2807 gloriam
3050 2741 3287 2810 legitime
3311 2759 3539 2813 congre-

1971 2833 2134 2898 gatis,
2173 2831 2596 2900 uniuscujusque
2654 2833 2900 2902 angelum
2949 2833 3001 2886 in
3035 2835 3266 2888 circuitu
3296 2836 3536 2905 singulo-

1975 2936 2090 2973 rum
2121 2922 2437 2974 timeutium
2488 2922 2803 2987 immittere,
2855 2938 2976 2975 cum
3037 2923 3131 2978 illo
3178 2925 3388 2978 scilicet
3423 2929 3537 2980 viro

1972 3011 2129 3080 Cujus
2159 3013 2262 3080 ipsi
2312 3028 2441 3066 cura
2469 3023 2524 3068 et
2561 3016 2808 3069 custodia
2853 3016 3046 3068 tradita
3071 3027 3186 3080 est;
3240 3026 3296 3069 ut
3340 3017 3536 3085 duplex

1973 3103 2320 3172 congregatis
2369 3105 2576 3158 sanctis
2604 3104 2834 3158 ecclesia
2889 3107 2984 3168 sit,
3015 3105 3185 3159 altera
3235 3107 3536 3173 hominum,

1969 3193 2138 3246 altera
2172 3195 2507 3263 angelorum.
2539 3195 2690 3262 Quod
2722 3197 2765 3249 si
2801 3196 2882 3249 vel
2928 3196 3108 3252 Tobia:
3139 3198 3306 3252 solius
3335 3200 3408 3252 ait
3432 3199 3539 3253 Ra-

1969 3288 2128 3355 phael
2156 3304 2208 3340 se
2244 3288 2493 3341 obtulisse
2521 3289 2573 3340 iu
2607 3289 2904 3342 memoriale
2931 3291 3220 3342 orationem
3247 3292 3313 3354 ⁸⁵,
3343 3293 3538 3346 deinde

1970 3377 2141 3447 Sane]
2170 3393 2289 3447 qua:
2337 3393 2502 3432 nurus
2532 3377 2652 3443 ejus
2680 3376 2822 3431 facta
2851 3388 2934 3431 est
2963 3377 3146 3431 Tobiae
3198 3379 3307 3432 ﬁlio
3349 3390 3537 3448 nupta,

1969 3471 2099 3538 quid
2131 3469 2419 3524 dicendum
2483 3469 2670 3523 multis
2697 3470 2882 3523 eadem
2939 3479 3121 3523 mente
3161 3479 3216 3523 et
3267 3473 3538 3524 sententia

1970 3561 2426 3614 concurrentibus
2467 3573 2520 3615 et
2554 3578 2720 3614 unum
2749 3576 2950 3629 corpus
2982 3561 3033 3613 in
3081 3561 3300 3613 Christo
3328 3563 3526 3614 consti-

1975 3652 2288 3704 tuentibus?
2322 3650 2494 3704 Porro
2528 3653 2596 3706 de
2630 3652 2831 3706 Chriin
2869 3652 3076 3704 virtute
3109 3651 3352 3705 ecclesia:
3398 3653 3539 3706 assi-

1971 3753 2150 3796 Stente
2185 3741 2382 3795 Paulus
2413 3741 2488 3794 ait
2519 3757 2534 3796 :
2572 3740 2912 3810 Congregatis
2942 3741 3082 3795 vobis
3111 3751 3160 3795 et
3208 3759 3320 3795 meo
3347 3744 3537 3812 spir'tu

1972 3849 2088 3886 cum
2119 3834 2308 3886 virtute
2331 3832 2544 3886 Domini
2573 3831 2702 3886 Jesu
2727 3833 2800 3898 ⁶⁶;
2835 3842 2892 3887 ιιι
2919 3835 3117 3887 virtute
3150 3833 3385 3888 Domini.
3410 3832 3537 3889 Jesu

1974 3938 2079 3974 nou
2132 3922 2262 3976 solis
2297 3923 2565 3991 Ephesiis,
2623 3923 2718 3977 sed
2772 3932 2826 3978 et
2871 3923 3172 3979 Corinthiis
3226 3924 3535 3993 conjuncta.

1971 4011 2127 4076 Quod
2159 4013 2201 4065 si
2229 4027 2459 4081 corpore
2488 4013 2666 4068 adhuc
2697 4014 2916 4068 indutus
2946 4013 3145 4070 Paulus
3178 4017 3231 4069 in
3250 4032 3540 4071 commune

1972 4101 2258 4157 consulere
2285 4102 2478 4170 spiritu
2521 4119 2619 4157 suo
2669 4104 2915 4158 Corinthi
2949 4120 3110 4174 posse
3147 4109 3380 4174 putavit,
3427 4123 3535 4161 non

1974 4201 2056 4245 est
2079 4194 2476 4260 desperandum
2511 4209 2605 4249 eos
2634 4195 2796 4247 etiam
2829 4196 2918 4262 qui
2959 4211 2989 4248 e
3025 4197 3132 4248 vita
3166 4209 3535 4261 excesserunt,

1973 4283 2158 4336 beatos
2188 4283 2252 4336 ad
2300 4283 2561 4337 ecclesias
2609 4285 2798 4350 spiritu
2830 4299 3143 4347 occurrere,
3172 4294 3225 4337 et
3268 4284 3410 4340 forte
3439 4301 3536 4354 po-

290 4382 560 4436 πλειόνων
593 4380 650 4430 ἐν
672 4374 748 4446 τῷ
777 4373 924 4444 αὐτῷ
950 4372 1048 4438 νοτ,
1084 4371 1177 4425 καὶ
1209 4374 1274 4442 τῇ
1311 4372 1447 4442 αὐτῇ
1482 4371 1675 4444 γνώμῃ
1717 4389 1867 4426 συνο-

1977 4371 2086 4425 tius
2127 4387 2288 4440 quam
2331 4373 2375 4426 is
2403 4373 2496 4440 qui
2543 4381 2627 4426 est
2679 4374 2731 4425 in
2764 4387 3014 4441 corpore.
3048 4372 3387 4442 Quapropter
3416 4390 3539 4442 qua:

287 4475 583 4534 δευόντων,
623 4469 716 4522 καὶ
760 4463 1316 4537 σωματοποιουμένων
1349 4465 1406 4516 ἐν
1439 4462 1696 4534 Χριστῷ;
1732 4463 1868 4536 Περὶ

289 4564 346 4617 δέ
375 4565 478 4634 τῆς
514 4561 793 4630 δυνάμεως
836 4557 930 4610 τοῦ
969 4557 1171 4627 Κυρίου
1213 4553 1606 4625 συμπαρούσης
1651 4559 1716 4626 τῇ
1749 4557 1870 4610 Ἐκ-

295 4656 496 4726 πλησία
541 4655 570 4706 ὁ
620 4651 827 4714 Παῦλὸς
871 4665 1032 4719 φησι·
1090 4645 1514 4714 Συναχθέντων
1558 4645 1722 4716 ὑμῶν
1770 4646 1870 4701 καὶ

288 4749 399 4803 τοῦ
431 4745 581 4816 ἐμοῦ
617 4745 951 4812 πνεύματος
977 4739 1098 4794 σὺν
1127 4737 1203 4806 τῇ
1236 4735 1482 4806 δυνάμει
1513 4738 1618 4792 τοῦ
1648 4741 1869 4807 Κυρίου

301 4835 550 4905 Ἰησοῦο
585 4834 658 4898 ὡς
703 4832 982 4900 δυνάμεως
1025 4827 1120 4880 τοῦ
1157 4826 1360 4896 Κυρίου
1393 4825 1564 4895 Ἰησοῦ
1605 4843 1870 4882 συναπτο-

292 4927 470 4999 μένης
528 4925 588 4978 οὐ
643 4922 799 4995 μόνον
847 4919 984 4993 μετὰ
1025 4917 1306 4986 Ἐφεσίων,
1341 4916 1476 4971 ἀλλὰ
1527 4917 1622 4972 καὶ
1668 4920 1866 4992 Κοριν-

361 5067 413 5099 ⁶¹
448 5063 619 5119 lCor.
643 5076 741 5123 VII,
771 5061 822 5113 5.
900 5059 944 5090 ⁸³
974 5058 1112 5113 Psal.
1144 5073 1344 5118 χχχιιι.
1381 5057 1432 5111 8.

360 5239 863 5317 (52)--Ὲπιινελεῖν
927 5240 1206 5294 ἕκαστον.
1248 5241 1425 5295 Codex
1493 5241 1858 5304 Culbertiuus,

289 5313 466 5369 ποιεῖν
497 5313 747 5366 ἕκαστον.

363 5385 481 5452 (55)
527 5384 707 5452 Codex
747 5391 991 5450 uterque,
1015 5378 1434 5434 ἐπισκοποῦντα.
1463 5377 1640 5431 Editio
1667 5379 1866 5444 Oxon.,

292 5451 725 5520 ἐπισκοπούσης.

365 5523 482 5590 (54)
523 5517 705 5577 Codex
743 5529 992 5590 uterque,
1028 5518 1144 5590 τῆς
1177 5519 1492 5589 παρανόμου
1539 5517 1871 5590 μίξεωςιὴεὸ

293 5593 388 5644 τοῦ
428 5589 786 5646 ἀποστολικοῦ
815 5589 992 5657 λόγου.
1027 5589 1175 5657 Lego
1199 5605 1320 5640 cum
1349 5589 1714 5658 Bentleioﬁﬁ;
1736 5589 1870 5653 ἁπα-

297 5661 560 5734 ρσνόμου,
596 5670 702 5716 etc.
734 5659 914 5714 Editio
947 5658 1142 5718 Oxou.,
1168 5658 1262 5728 τῆς
1295 5658 1606 5728 παρανόμου
1643 5657 1858 5728 μίξεως,

622 5755 896 5816 Ρλτιιοι..
936 5753 1054 5814 Gn.
1094 5753 1203 5814 XI.

1509 5057 1554 5090 “
1585 5057 1718 5114 Gen.
1755 5077 1943 5128 xum,
1977 5066 2064 5120 lli.

1972 4463 2026 4515 in
2057 4462 2164 4517 illis
2194 4463 2328 4516 lium
2359 4478 2549 4532 preces
2575 4465 2984 4518 contemnendae
3015 4481 3120 4520 uou
3146 4474 3291 4529 sunt,
3325 4466 3538 4534 quippe

1973 4569 2094 4622 quae
2120 4555 2378 4609 eximium
2405 4555 2606 4624 aliquid
2635 4555 2872 4608 allerunt
2899 4555 3135 4626 legitime
3167 4557 3535 4610 convcnieuti.

1971 4647 2043 4699 At
2093 4647 2546 4714 quemadmodum
2579 4648 2753 4701 virtus
2808 4645 2935 4702 Jesu
2997 4656 3054 4700 et
3107 4649 3335 4714 spiritus
3383 4647 3534 4703 Pauli

1972 4738 2198 4807 ejusque
2227 4738 2510 4805 similium,
2559 4747 2614 4794 et
2664 4741 2717 4793 iu
2765 4739 2992 4794 circuitu
3050 4739 3383 4810 singulorum
3414 4754 3538 4794 san-

1976 4844 2186 4888 ctorum
2217 4837 2554 4890 excubantes
2581 4835 2752 4903 angeli
2783 4833 2996 4889 Domini
3031 4850 3152 4890 cum
3179 4836 3281 4889 illis
3305 4852 3541 4889 concur-

1974 4935 2103 4978 runt
2137 4933 2190 4978 et
2214 4927 2543 4980 conveniunt
2585 4926 2679 4994 qui
2717 4925 2954 4994 legitime
2983 4935 3416 4997 congregantur;
3458 4927 3538 4980 sic

2142 5067 2186 5098 ⁸⁵
2228 5066 2360 5121 Tob.
2399 5083 2497 5129 stt,
2534 5065 2617 5120 12.
2693 5065 2783 5119 “l
2823 5065 2950 5122 Cor.
2974 5081 3028 5132 ν,
3061 5067 3115 5121 4.

1967 5240 2099 5296 ἀλλὰ
2133 5242 2234 5296 ὑπὸ
2265 5243 2358 5296 τοῦ
2384 5242 2756 5298 ἀποστολικοῦ.

2039 5313 2540 5384 (ὖξὶιΠνε-υμάτων
2572 5315 2773 5384 ἁγίων.
2805 5311 2956 5381 Legit
2982 5301 3531 5376 Beutleius,meupai-

1967 5397 2075 5434 των
2107 5382 2214 5436 τῶν
2257 5385 2448 5452 ἁγίων.

2043 5455 2153 5520 (56)
2185 5446 2505 5507 Πλέιόνων.
2535 5451 2710 5505 Codex
2739 5447 3104 5520 Colbertinus,
3143 5446 3374 5500 πολλῶν.

2043 5515 2155 5592 (57)
2185 5525 2293 5576 Ίῦν
2321 5524 2539 5592 κύκλῳ.
2567 5520 2836 5592 Bentleius
2853 5515 3141 5592 (lelet,_':6v.

2046 5584 2155 5662 (58)
2193 5594 2305 5660 Τῆς
2337 5584 2612 5658 ὑστέρας.
2650 5590 2810 5643 Deest
2833 5594 2884 5641 iu
2913 5586 3096 5639 codice
3124 5584 3458 5640 Colbertiuo.

3187 5741 3261 5796 18
