3974 6160
480 280 591 338 555

1966 286 2292 346 ORIGENIS

3638 297 3736 352 556

481 403 647 456 etiam
708 401 1095 458 attendendum
1138 410 1322 457 estne
1371 402 1415 457 si
1474 403 1597 472 quis
1643 404 1836 477 angelo
1872 414 2047 463 sancte

2162 408 2310 464 Οίων.
2356 408 2466 462 Καὶ
2508 411 2555 463 εί
2597 411 2627 464 ό
2669 410 2750 465 ἔτι
2791 410 2853 465 τὸ
2905 411 3065 485 σῶμα
3118 416 3495 489 περικείμενος
3537 419 3738 488 Παῦλος

485 491 743 562 indignus
773 494 867 553 sit.
909 494 955 548 is
979 494 1215 562 seipsum
1248 494 1438 563 angelo
1470 494 1686 550 diabolo
1718 498 1898 552 tradat
1927 514 2056 567 pee—

484 586 661 640 cando
686 593 754 639 ret
783 585 967 654 iniqua
997 584 1227 654 agendo.
1255 585 1358 653 Qui
1382 586 1525 640 enim
1561 587 1683 643 talis
1714 589 1838 655 erit,
1870 590 1914 643 si
1936 591 2058 659 qui-

496 676 607 729 lem
640 690 842 745 paucos
867 675 1066 730 habeat
1097 679 1178 730 sui
1209 676 1436 741 similes,
1476 692 1581 732 non
1617 680 1706 734 diu
1740 680 2055 749 angelorum

481 764 708 834 eli‘ugiet
735 764 1133 834 providentiam
1183 779 1305 833 quae
1339 766 1534 819 divina:
1579 767 1845 821 voluntati
1884 767 2059 822 eccle-

481 860 578 914 siae
605 858 908 927 invigilanti
947 858 1350 926 ministrantes,
1382 859 1545 913 istius
1575 874 1795 915 errores
1822 860 1876 914 in
1908 876 2057 917 com-

477 967 696 1008 munem
746 951 977 1007 ell‘crent
1028 951 1303 1007 notitiam.
1339 954 1408 1005 At
1436 952 1481 1006 si
1522 952 1740 1022 plurimi
1793 952 2055 1019 ejusmodi

474 1043 835 1099 convenerint
886 1056 1039 1096 more
1084 1043 1449 1096 humanarum
1477 1042 1824 1107 societatum,
1858 1057 2057 1111 corpo-

430 1137 443 1206 '.
472 1137 692 1203 reisque
724 1132 900 1202 magis
931 1135 997 1187 de
1037 1131 1200 1186 rebus
1238 1141 1534 1187 tractantes
1577 1141 1796 1199 coeant,
1837 1149 1940 1186 non
1973 1149 2058 1189 re-

424 1218 440 1227 ”
473 1225 779 1292 spicientur
815 1238 844 1275 a
875 1220 1016 1276 Deo.
1054 1221 1219 1291 270
1251 1220 1407 1287 Quod
1462 1223 1514 1276 in
1565 1222 1704 1277 Isaia
1747 1223 2057 1278 declaratur

472 1317 690 1370 dicente
739 1313 971 1368 Domino
1009 1329 1021 1365 :
1069 1310 1253 1381 Neque
1298 1313 1344 1365 si
1376 1313 1600 1367 veniatis
1646 1300 2054 1384 ut‘appareatis

471 1407 604 1460 mihi
630 1422 646 1468 ;
695 1413 931 1459 avertam
952 1404 1114 1468 enim,
1150 1403 1351 1472 inquit,
1383 1403 1562 1458 oculos
1585 1420 1724 1459 meos
1748 1423 1780 1459 a
1804 1407 1979 1472 vobis;
2008 1415 2055 1458 et

471 1502 518 1553 si
573 1497 936 1567 multiplicetis
992 1497 1310 1562 orationem,
1362 1514 1466 1551 non
1515 1498 1796 1551 exaudiam
1845 1514 1935 1553 uos
1986 1499 2051 1552 ⁸⁷.

471 1590 685 1644 Forsan
719 1588 864 1642 enim
898 1603 997 1658 pro
1031 1587 1123 1643 illo
1152 1588 1357 1657 duplici
1396 1589 1539 1656 quod
1572 1588 1813 1644 diximus
1842 1589 2055 1659 agmine

474 1685 757 1739 hmninmn
793 1688 1107 1735 sanctorum
1151 1687 1217 1759 et.
1249 1678 1534 1733 beatorum
1586 1680 1924 1749 angelorum,
1954 1680 2054 1734 ite-

2163 497 2495 569 συνάρασθαι
2523 500 2775 571 νενόμικε
2805 499 2882 571 τῷ
2920 502 3112 556 ἑαυτοῦ
3150 505 3418 578 πνεύματι
3451 510 3510 562 ἐν
3540 513 3605 581 τῇ
3639 513 3740 565 Κο-

2160 588 2342 658 ρίνθῳ,
2376 590 2477 643 οὐκ
2502 591 2876 659 ἁπογνωστέον
2904 592 3047 647 οὑτω
3072 595 3167 648 καὶ
3196 598 3324 660 τοὺς
3360 598 3739 671 ἐξεληλυθότας

2161 680 2464 751 μακαρίους
2500 681 2722 750 φθάνειν
2765 683 2843 754 τῷ
2893 686 3184 756 πνεύματι,
3232 688 3375 759 τάχα
3411 690 3608 760 μᾶλλον
3646 692 3739 748 τοῦ

2156 770 2306 835 ὄντος
2333 775 2389 825 ἐν
2418 774 2495 844 τῷ
2547 773 2781 845 σώματι,
2819 777 2913 828 ἐπὶ
2961 777 3061 840 τὰς
3100 779 3418 849 ἐκκλησίας.
3452 784 3648 856 Διόπερ
3677 784 3739 840 οὐ

2158 865 2597 936 καταφρονητέον
2650 866 2758 920 τῶν
2798 870 2856 921 ὲν
2892 869 3087 932 αὐταῖς
3124 872 3320 942 εὐχῶν,
3352 872 3430 937 ὡς
3473 874 3740 948 ἐξαίρετόν

2156 971 2209 1006 τι
2237 954 2475 1023 ἐχουσῶν
2510 955 2588 1026 τῷ
2614 959 2851 1029 γνησίως
2890 963 3269 1033 συνερχομένῳ
3304 964 3502 1019 αὐτῶν.
3523 967 3740 1039 ιὪσπερ

2156 1044 2213 1096 δὲ
2241 1045 2467 1116 δύναμις
2524 1048 2720 1120 Ἰησοῦ,
2766 1052 2859 1104 καὶ
2892 1051 2952 1105 τὸ
2984 1053 3201 1124 πνεῦμα
3246 1055 3463 1110 Παύλου
3512 1059 3605 1112 καὶ
3635 1060 3763 1113 θεῶν’

2156 1136 2381 1206 ὁμοίων,
2406 1139 2501 1191 καὶ
2544 1141 2593 1192 οἱ
2629 1142 3105 1213 παρεμϐάλλοντες
3149 1147 3379 1202 ἑκάστου
3422 1148 3531 1202 τῶν
3577 1152 3742 1220 ἁγίων

2159 1226 2344 1298 κύκλῳ
2370 1227 2591 1298 ἄγγελοι
2623 1233 2831 1304 Κυρίου
2862 1236 3227 1304 συνοδεύουσι,
3265 1240 3360 1294 καὶ
3396 1241 3741 1313 συνέρχονται

2156 1321 2271 1382 τοῖς
2310 1321 2548 1392 γνησίως
2600 1325 3145 1399 συναθροιζομένοις·
3205 1331 3347 1385 οὑτω
3398 1335 3739 1405 στοχαστέον,

2162 1413 2395 1482 μήποτε,
2435 1414 2528 1469 ἐὰν
2574 1417 2727 1485 ἁγίου
2783 1419 3015 1488 ἀγγέλου
3066 1423 3285 1489 ἀνάξιός
3330 1443 3414 1490 τις
3452 1422 3507 1501 ᾖ,
3554 1426 3744 1483 ἑαυτὸν

2158 1502 2375 1575 ἀγγέλῳ
2401 1505 2515 1576 (59)
2540 1506 2770 1580 διαϐόλῳ
2800 1511 3023 1583 παραδῷ
3062 1513 3129 1566 δι’
3157 1509 3232 1570 ὧν
3266 1517 3593 1589 ἁμαρτάνων
3635 1537 3742 1575 πα-

2163 1600 2386 1666 ρανομεῖ
2411 1612 2424 1625 ·
2454 1597 2533 1650 ὅτι
2584 1599 2612 1650 ὁ
2655 1600 2913 1667 τοιοῦτος,
2970 1605 3211 1659 σπανίων
3260 1608 3357 1678 μὲν
3390 1609 3500 1664 τῶν
3542 1612 3741 1682 ὁμοίων

2158 1686 2305 1758 αὐτῷ
2350 1689 2745 1759 τυγχανόντων,
2793 1695 2892 1747 οὐκ
2949 1697 3179 1751 ἐπιπολὺ
3216 1699 3438 1770 λήσεται
3487 1701 3597 1774 (40)
3639 1704 3741 1773 τῆς

475 1791 600 1830 rum
639 1772 833 1842 duplex
873 1771 932 1825 [it
964 1772 1017 1825 in
1062 1785 1229 1826 unum
1280 1779 1580 1825 conventus
1615 1772 1902 1841 impiorum
1956 1774 2047 1829 ho-

2156 1778 2263 1831 τῶν
2317 1780 2561 1848 ἀγγέλων
2608 1785 2882 1860 προνοίας,
2914 1787 3189 1860 ὑπηρεσίᾳ
3231 1791 3323 1844 τοῦ
3368 1793 3511 1846 θείου
3548 1796 3738 1868 βουλή-

476 1866 686 1919 minnm
721 1870 775 1915 et
800 1860 1064 1915 malorum
1111 1860 1450 1929 angelorum,
1483 1861 1550 1916 de
1579 1876 1688 1930 quo
1717 1874 1988 1918 conventu
2024 1882 2052 1917 ει

477 1955 683 2009 sanctis
705 1953 915 2025 angelis
951 1962 1005 2007 et
1051 1952 1154 2021 piis
1185 1952 1493 2007 hominibus
1536 1953 1641 2008 dici
1683 1955 1851 2022 possit
1881 1972 1896 2010 :
1930 1953 2054 2011 Non

475 2045 590 2099 sedi
614 2060 733 2098 cum
757 2043 975 2097 consilio
1006 2041 1257 2096 vanitatis
1298 2052 1346 2096 et
1378 2059 1492 2096 cum
1530 2044 1712 2114 iniqua
1757 2047 2053 2116 gerentibus

475 2153 579 2190 non
613 2134 860 2192 intraibo.
894 2133 1029 2189 Odia
1078 2134 1240 2187 habui
1255 2133 1535 2188 ecclesiam
1559 2135 1972 2206 malignantium
2002 2148 2050 2192 et

473 2245 593 2282 cum
616 2227 793 2297 impiis
819 2243 922 2280 non
949 2224 1136 2282 sedebo
1160 2225 1225 2280 ⁸⁸.
1255 2224 1369 2280 Hac
1394 2227 1461 2281 de
1478 2241 1643 2281 causa
1667 2236 1796 2297 puto
1827 2229 2052 2298 populus

474 2318 599 2372 illos
626 2316 723 2387 qui
745 2316 800 2370 in
829 2313 1133 2371 Jerusalem
1164 2326 1219 2371 et
1259 2314 1316 2369 in
1349 2316 1497 2370 omni
1534 2315 1715 2372 Iudaea
1753 2319 1927 2388 legem
1961 2334 2049 2373 re-

468 2409 768 2480 liquerant,
792 2408 980 2462 multis
1009 2417 1266 2462 oneratos
1293 2409 1531 2477 peccatis
1561 2409 1661 2463 sub
1700 2410 2049 2466 inimicorum

470 2516 692 2556 manum
721 2500 923 2556 missos
948 2513 1092 2565 esse,
1117 2501 1263 2569 quod
1290 2515 1319 2554 a
1348 2501 1460 2555 Deo
1492 2501 1736 2556 derclicti
1760 2513 1965 2568 essent,
1996 2513 2051 2558 et

471 2607 502 2648 α
531 2592 949 2665 protegentibus
976 2591 1209 2661 angelis,
1236 2601 1291 2647 et
1322 2593 1570 2648 destituti
1597 2604 1909 2651 sanctormn
1953 2597 2049 2650 ho-

470 2686 677 2739 minum
728 2684 960 2739 auxilio.
1026 2686 1119 2741 Sic
1158 2686 1307 2740 enim
1366 2684 1595 2757 integra:
1655 2702 2046 2758 nonnunquam

469 2776 928 2849 eongregationes
976 2777 1031 2832 in
1075 2778 1404 2835 tentationes
1431 2779 1677 2835 incidere
1723 2781 2047 2848 permittun-

469 2879 578 2930 tur,
613 2878 674 2923 ut
718 2872 877 2922 etiam
928 2869 1068 2938 quod
1111 2869 1354 2924 ridentur
1397 2870 1606 2935 habere,
1654 2872 1931 2941 auferatur
1980 2871 2045 2924 ab

467 2960 546 3014 cis
568 2961 638 3025 ⁸³³,
667 2969 721 3014 et
746 2960 814 3015 ad
859 2961 1035 3015 instar
1068 2960 1203 3015 licus
1242 2962 1544 3018 maledictae
1591 2974 1645 3018 et
1685 2981 1714 3020 a
1766 2966 2045 3021 radicibus

468 3049 671 3104 evulsze
696 3049 767 3112 ⁷ο,
794 3049 937 3117 quod
965 3049 1232 3104 esurienti
1265 3050 1483 3107 Christo
1516 3054 1757 3109 fructum
1803 3070 1910 3110 non
1946 3055 2044 3110 de-

470 3138 633 3203 derit,
668 3136 917 3201 areliant,
953 3145 1007 3192 et
1036 3140 1082 3192 si
1124 3139 1405 3207 paululum
1439 3144 1569 3213 quid
1602 3144 1832 3200 vivificzc
1860 3161 1957 3215 per
1979 3147 2040 3199 li—

470 3228 590 3283 dcm
645 3227 865 3282 virtutis
912 3228 1228 3295 habuerint,
1265 3245 1326 3284 ea
1385 3232 1680 3300 priventur.
1739 3235 1863 3292 Haec
1913 3237 2041 3292 mihi

469 3320 786 3373 necessario
808 3318 1015 3374 dixisse
1039 3318 1229 3376 videor
1252 3321 1427 3375 locum
1455 3323 1720 3382 orationis
1739 3328 2041 3392 excutiens,

470 3409 918 3481 pt'azcipuumque
995 3420 1239 3468 statuens
1318 3429 1438 3469 esse
1495 3415 1672 3470 locum
1729 3428 2038 3474 sanctorum

466 3516 794 3563 conventum
823 3509 909 3577 pie
937 3504 1099 3563 simul
1132 3510 1187 3563 in
1218 3509 1503 3565 ecrlesiam
1534 3512 1869 3567 coeuntium.

2161 1886 2328 1939 ματος
2368 1872 2792 1937 ἐπισκοποῦντος
2837 1875 2936 1947 τὴν
2975 1879 3307 1950 ἐκκλησίαν,
3352 1884 3627 1956 φερούσης
3659 1890 3775 1964 εἰς.

2157 1961 2359 2029 γνῶσιν
2403 1963 2511 2018 τῶν
2560 1965 2766 2019 πολλῶν
2823 1968 2918 2021 τοῦ
2969 1969 3212 2024 τοιούτου
3275 1974 3344 2026 τά
3400 1977 3736 2048 πταίσματα.

2171 2054 2295 2109 Ἐὰν
2327 2056 2385 2109 δὲ
2419 2057 2621 2128 πλῆθος
2649 2059 2999 2130 γενόμενοιοὶ
3037 2063 3266 2116 τοιοῦτοι
3308 2065 3428 2119 καθ’
3469 2068 3740 2140 ἑταιρείας

2156 2146 2531 2218 ἀνθρωπικὰς,
2580 2150 2674 2203 καὶ
2709 2151 3167 2225 σωματικώτερόν
3200 2172 3253 2208 τι
3284 2161 3741 2231 πραγματευομέ-

2155 2256 2269 2302 νοις
2304 2241 2670 2312 συνέρχωνται
2706 2243 2840 2315 (41),
2872 2246 2970 2300 οὐκ
3004 2249 3534 2320 ἐπισκοπηοήσονται
3556 2269 3570 2282 °
3602 2252 3739 2325 ὅπερ

2151 2330 2405 2400 δηλοῦται
2440 2334 2497 2387 ὲν
2531 2333 2608 2403 τῷ
2646 2334 2864 2407 Ἠσαίᾳ,
2892 2337 2985 2391 τοῦ
3027 2339 3235 2411 Κυρίου
3265 2340 3545 2409 λέγοντος’
3586 2344 3742 2398 Οὐδὲ

2151 2419 2261 2473 ἐὰν
2291 2420 2550 2490 ἕρχησθε
2581 2423 2692 2494 (42)
2736 2425 2997 2494 ὀφθῆναί
3026 2446 3151 2497 μοι.
3196 2430 3572 2501 Ἀποστρέψω
3604 2438 3737 2504 γὰρ,

2152 2511 2306 2579 φησὶ,
2341 2511 2484 2577 τοὺς
2530 2514 2876 2585 ὀφθαλμούς
2906 2534 3027 2586 μου
3079 2520 3180 2588 ἀφ’
3230 2521 3427 2591 ὑμῶν·
3471 2525 3570 2579 καὶ
3628 2525 3739 2579 ἐὰν

2151 2602 2498 2668 πληθύνητε
2526 2602 2641 2672 τὴν
2667 2605 2903 2674 δέησιν,
2935 2612 3045 2663 οὐκ
3073 2614 3503 2683 εἰσακούσομαι
3527 2616 3690 2686 ὑμῶν
3713 2634 3730 2650 ·

2147 2692 2289 2763 τάχα
2344 2692 2452 2765 γὰρ
2490 2695 2612 2750 ἀντὶ
2663 2697 2763 2768 τῆς
2819 2703 3228 2776 προειρημένης
3279 2705 3476 2778 διπλῆς
3539 2711 3736 2764 συντά-

2148 2782 2284 2850 ξεως
2311 2784 2638 2857 ζὰνθρὼπων
2679 2790 2849 2858 ἁγίων
2895 2793 2989 2847 κα)¹
3019 2797 3303 2868 μακαρίων
3336 2799 3604 2869 ἀγγέλων,
3633 2802 3735 2854 πά-

2148 2877 2231 2932 λιν
2283 2879 2441 2952 διπλῆ
2476 2880 2704 2950 ογίνεται
2749 2884 2843 2938 ἐπὶ
2885 2886 2947 2939 τὸ
2997 2888 3129 2942 αὑτὸ
3163 2890 3380 2957 σύνοδος
3430 2893 3731 2967 ἀνθρώπιον

2146 2969 2357 3024 ἀσεϐῶν
2382 2973 2476 3025 καὶ
2498 2975 2752 3046 πονηρῶν
2784 2976 3053 3046 ἀγγέλων·
3073 2983 3166 3036 καὶ
3187 2982 3398 3053 λέγοιτο
3427 2985 3493 3040 ἃν
3517 2986 3608 3040 ἐπὶ
3633 2987 3726 3058 τῆς

2072 3106 2113 3163 C
2146 3061 2255 3115 τῶν
2286 3063 2541 3119 τοιούτων
2571 3069 2892 3140 συναγωγῆς
2918 3071 3021 3125 ὑπό
3041 3090 3099 3125 τε
3122 3074 3231 3128 τῶν
3257 3077 3429 3145 ἁγίων
3460 3078 3725 3148 ἀγγέλων,

2148 3152 2243 3205 καὶ
2297 3154 2456 3226 ἱερῶν
2510 3156 2843 3229 ἀνθρώπων·
2903 3165 3025 3216 Οὐκ
3064 3165 3315 3222 ἐκάθισα
3356 3171 3509 3238 μετὰ
3551 3189 3729 3227 συνε-

2145 3238 2313 3310 δρίου
2350 3248 2765 3318 ματαιότητος,
2801 3254 2899 3307 καὶ
2942 3257 3096 3323 μετὰ
3126 3263 3631 3330 παρανομούντων
3654 3268 3727 3320 οὐ

2141 3334 2239 3428 μὴ,
2262 3337 2512 3393 εἰσέλθω
2534 3359 2546 3370 ·
2578 3341 2844 3412 ἐμίσησα
2865 3346 3202 3417 ἐκκλησίαν
3215 3357 3725 3428 πονηρευομένων,

2146 3425 2245 3522 καὶ
2282 3428 2433 3496 μετὰ
2470 3429 2709 3487 ἀσεϐῶν
2736 3438 2807 3490 οὺ
2851 3437 2937 3507 μὴ
2977 3443 3224 3499 καθίσω.
3262 3445 3361 3499 Διά
3391 3425 3551 3502 τοῦτο
3576 3445 3724 3522 οἶμαι

2146 3518 2241 3571 καὶ
2271 3523 2398 3584 τοὺς
2446 3524 2503 3575 ὲν
2538 3525 2914 3601 Ἰερουσαλὴμ,
2946 3533 3040 3586 καὶ
3092 3535 3243 3609 πάσῃ
3273 3540 3340 3608 τῇ
3397 3518 3642 3612 Ἰουδαίᾳ-
3666 3545 3723 3596 ὲν

462 3603 700 3658 πλείοσιν
732 3606 1093 3678 ἁμαρτήμασι
1138 3607 1534 3677 γεγενημένους
1580 3607 1923 3680 ὑποχειρίους
1972 3612 2253 3679 γεγονέναι
2305 3618 2417 3680 τοῖς
2457 3619 2705 3691 ἐχθροῖς,
2751 3623 2828 3694 τῷ
2867 3603 3283 3697 καταλελεῖφθαι
3314 3603 3469 3696 ’-τοὺς
3509 3603 3724 3689 καταλι-

462 3698 663 3761 πάντας
683 3697 772 3751 τὸν
804 3698 965 3769 νόμον
992 3700 1153 3761 ναοὺς
1185 3698 1297 3771 (45)
1331 3699 1436 3751 ὑπὸ
1475 3698 1570 3752 τοῦ
1613 3698 1770 3767 Θεοῦ,
1826 3701 1921 3753 καὶ
1978 3701 2087 3757 τῶν
2140 3704 2623 3777 ὑπερασπιζόντων
2683 3713 2947 3783 ἀγγέλων,
2998 3719 3093 3772 καὶ
3147 3721 3246 3791 τῆς
3301 3726 3580 3796 σωτηρίας
3618 3727 3721 3780 τῶν

465 3791 636 3859 ἁγίων
688 3791 1011 3863 ἀνθρώπων.
1063 3792 1219 3847 Οὕτω
1262 3795 1371 3865 γὰρ
1430 3796 1523 3847 καὶ
1567 3794 1666 3849 ὅλα
1726 3795 2070 3867 ἀθροίσματά
2132 3816 2262 3853 ποτε
2314 3803 2702 3860 καταλείπεται
2759 3811 3020 3879 ἐμπεσεῖν
3073 3814 3152 3876 εἰς
3209 3791 3582 3887 πειρασμούς,
3636 3820 3719 3874 ἵνα

462 3884 563 3939 καὶ
596 3883 626 3937 ὃ
659 3883 949 3939 δοκοῦσαι⁸
979 3886 1162 3955 ἔχειν,
1192 3886 1347 3955 ἀρθῇ
1378 3887 1479 3941 ἀπ’
1512 3885 1744 3941 αὐτῶν·
1773 3889 1975 3959 ὁμοίως
2003 3893 2069 3961 τῇ
2099 3894 2457 3969 κατηραμένῃ
2489 3901 2627 3970 συκῇ
2676 3900 2771 3954 καὶ
2815 3903 2880 3954 ἐκ
2939 3902 3104 3975 ῥιζῶν
3146 3883 3372 3980 ἀρθείσῃ
3415 3883 3505 3963 διὰ
3544 3911 3605 3964 τὸ
3647 3910 3718 3983 μὴ

462 3976 752 4031 δεδωκέναι
798 3976 875 4048 τῷ
915 3978 1089 4050 Ἰησοῦ
1138 3979 1391 4032 πεινῶντι
1437 3981 1679 4053 καρπὸν,
1730 3982 2141 4054 ξηραινόμενοι,
2191 3988 2287 4041 καὶ
2338 3989 2393 4043 ετ
2433 4009 2484 4045 τι
2537 3990 2679 4064 εἶχον
2730 3995 2908 4065 ὀλίγον
2947 3976 3371 4072 ζωικῆςκατά-
3398 4005 3498 4077 τὴν
3543 3976 3719 4061 πίστιν

465 4069 750 4142 δυνάμεως
782 4068 1132 4133 ἀπολλύντες.
1173 4070 1362 4124 Ταῦτα
1397 4070 1456 4124 δέ
1504 4089 1593 4142 μοι
1629 4073 1945 4141 ἀναγκαίως
1987 4077 2239 4147 εἰρῆσθαι
2285 4082 2534 4148 φαίνεται
2562 4085 2726 4141 τόπον
2771 4088 2935 4160 εὐχῆς
2966 4068 3293 4159 ὲξετάζοντι,
3339 4068 3529 4150 καὶ-τὸ
3578 4098 3721 4165 ἐξαί-

448 4179 619 4234 ⁴ρετον
638 4162 714 4227 ὡς
737 4165 795 4217 ὲν
824 4161 973 4233 τόπῳ
1002 4163 1327 4235 παριστάντι
1358 4165 1451 4218 ἐπὶ
1480 4165 1579 4235 τῆς
1611 4164 1718 4219 τῶν
1744 4166 1913 4234 ἁγίων
1954 4168 2049 4222 καὶ
2077 4170 2465 4247 εὐλαϐέστερον
2484 4177 2595 4250 (44)
2624 4180 2717 4233 ἐπὶ
2753 4182 2814 4235 τὸ
2845 4182 3001 4248 ,αὐτὸ
3025 4187 3112 4256 τῇ.
3136 4187 3398 4261 ἐκκλησίᾳ
3426 4161 3720 4263 γινομένων

460 4258 843 4323 συνελεύσεως.

528 4350 618 4405 52.
651 4349 770 4406 Jam
819 4352 886 4407 de
938 4361 1095 4423 parte
1134 4352 1326 4408 mundi
1371 4352 1425 4408 in
1476 4368 1640 4423 quam
1695 4354 2038 4422 respiciendo
2071 4361 2117 4419 υ

456 4437 721 4490 orandmn
746 4437 839 4503 sit,
875 4453 1045 4507 pauca
1072 4441 1300 4496 dicenda
1332 4449 1482 4496 sunt.
1532 4442 1666 4496 Cum
1696 4451 1876 4497 autem
1905 4459 2038 4513 qua-

458 4535 587 4581 tuor
609 4528 718 4582 sint
741 4538 944 4597 partes,
975 4532 1041 4586 ad
1075 4534 1527 4602 septentrionem,
1550 4534 1617 4588 ad
1643 4534 1948 4603 meridiem,
1968 4537 2036 4590 ad

466 4630 747 4682 occasum,
798 4628 854 4672 et
900 4622 966 4673 ad
1011 4631 1216 4686 ortmn,
1262 4624 1384 4690 quis
1414 4639 1523 4679 non
1558 4625 1742 4680 statim
1797 4626 2036 4680 fateatur

460 4714 642 4760 ortum
674 4711 1245 4780 perspicueindicare,
1267 4716 1394 4771 illuc
1429 4733 1528 4771 nos
1573 4718 1871 4788 symbolice
1900 4735 2035 4773 con-

460 4812 669 4864 versos,
698 4799 876 4856 anima
908 4804 1017 4858 veri
1044 4804 1263 4861 luminis
1289 4818 1466 4861 ortum
1488 4809 1652 4863 veluti
1686 4810 2035 4878 respiciente,

460 4900 624 4941 orare
679 4889 896 4946 debere.
960 4892 1113 4959 Quod
1163 4895 1207 4950 si
1250 4897 1375 4966 quis
1418 4897 1468 4950 in
1528 4897 1777 4964 quamvis
1826 4909 2034 4968 partem

2219 4355 2354 4427 Ἤδη
2398 4355 2453 4408 δὲ
2501 4355 2596 4408 καὶ
2633 4356 2762 4427 περὶ
2821 4356 2916 4410 τοῦ
2955 4357 3214 4430 κλίματος
3252 4363 3333 4426 εἰς
3371 4364 3402 4416 ὃ
3435 4364 3719 4437 ἀφορῶντα

2144 4448 2399 4519 εὔχεσθαι
2461 4446 2558 4509 δεῖ,
2598 4446 2753 4516 ὀλίγα
2814 4447 3052 4504 λεκτέον.
3108 4452 3401 4526 Τεσσάρων
3448 4457 3506 4510 δὲ
3552 4458 3718 4511 ὄντων

2144 4540 2443 4609 κλιμάτων,
2483 4537 2577 4590 τοῦ
2613 4556 2671 4591 τε
2699 4540 2834 4610 πρὸς
2857 4541 3076 4613 ἄρκτον,
3112 4546 3204 4598 καὶ
3235 4548 3597 4620 μεσημϐρίαν,
3627 4551 3718 4604 καὶ
3784 4598 3787 4599 ,

2137 4630 2235 4684 τοῦ
2277 4630 2413 4701 πρὸς
2448 4629 2619 4693 δύσιν,
2668 4633 2765 4684 καὶ
2804 4633 3090 4706 ἀνατολὴν,
3123 4637 3206 4701 τίς
3255 4639 3356 4693 οὐκ
3394 4640 3460 4694 ἂν
3495 4641 3717 4697 αὐτόθεν

2135 4720 2467 4791 ὁμολογήσαι
2513 4720 2581 4773 τὰ
2620 4722 2756 4792 πρὸς
2790 4724 3049 4797 ἀνατολὴν
3089 4728 3334 4800 ἐναργῶς
3367 4730 3478 4802 (45)
3511 4732 3715 4803 ὲμφαμ

2143 4811 2351 4865 νειντὸ
2389 4811 2497 4864 δεῖν
2541 4813 2658 4864 ἐκεῖ
2700 4812 2950 4879 νεύοντας
2979 4817 3340 4887 συμϐολικῶς,
3374 4821 3451 4885 ὡς
3483 4824 3581 4895 τῆς
3615 4822 3718 4893 ψυ-

2145 4900 2247 4972 χῆς
2298 4900 2571 4972 ὲνορὼσης
2623 4904 2688 4973 τῇ
2751 4904 2842 4957 τοῦ
2906 4905 3158 4977 ἀληθινοῦ
3221 4911 3398 4981 φωτὸς
3459 4913 3713 4984 ἀνατολῇ,

533 5018 579 5055 ⁸⁷
611 5021 716 5076 Isa.
770 5042 811 5089 ι,
857 5024 946 5092 l2,
998 5026 1087 5082 15.
1165 5029 1211 5061 ⁸⁸
1239 5029 1385 5085 Psal.
1413 5046 1540 5095 xxv,
1574 5030 1629 5084 4.
1706 5031 1750 5063 ⁶⁹
1780 5030 1918 5087 Luc.
1953 5049 2047 5088 vut

2156 5034 2207 5088 8.
2286 5036 2333 5067 "°
2363 5035 2530 5092 Marc.
2560 5053 2614 5091 ιι
2635 5081 2649 5106 ,
2682 5038 2771 5092 ΞΟ.

429 5128 433 5133 ί
531 5158 644 5233 (59)
687 5159 942 5233 Ἑαυτὸν
969 5162 1223 5233 ἀγγέλῳ,
1258 5178 1366 5221 etc.
1403 5166 1494 5222 Sic
1547 5177 1696 5223 recte
1746 5168 1912 5223 habet
1941 5185 2030 5223 eo-

461 5229 563 5307 dei
592 5229 995 5307 _Colbertinus__;
1020 5229 1519 5307 ’Catttahrigiensig
1573 5247 1775 5303 autem,
1815 5240 1909 5293 καὶ
1939 5240 2033 5293 ἐπὶ

453 5302 534 5393 Σῷ
562 5300 780 5382 ..ἑαυτὸν
814 5301 1067 5393 ἀγγέλων
1101 5300 1342 5393 διαϐόληῖ
1371 5305 1438 5360 δι’
1471 5300 1545 5361 ὧν
1578 5300 1880 5379 ἁμαρτάνει
1935 5310 2031 5364 καὶ

450 5371 592 5425 Θεοῦ
620 5371 975 5443 καταφρονῶν
1008 5371 1331 5445 παρανομεῖ.
1620 5371 1632 5378 ’
1699 5371 1711 5379 ’

529 5442 644 5514 (40)
681 5443 861 5498 Codex
906 5453 1157 5514 uterque,
1191 5444 1435 5517 λήσεται.
1472 5447 1651 5505 Editio
1687 5446 1888 5513 Oxon.,
1933 5450 2029 5520 λή-

455 5527 1260 5662 ἷηῗεῗξ),ιῐραγματευοιέένοις
1286 5586 1735 5662 σωῖέρχωνταιζ
1731 5589 1875 5660 Lego
1904 5605 2027 5662 eum

453 5646 1271 5729 Bentleio,'npoi1ttat§66peyoi_
1292 5646 1673 5728 συνέρχῶνται.
1705 5646 2035 5729 Ρνονσυνέρ-

456 5735 697 5787 κωνται,
750 5724 919 5778 editio
980 5723 1305 5783 Oxoniensis
1382 5723 1582 5796 habet,
1649 5723 2025 5802 συνέρχονται,

2141 5174 2303 5227 male.

2212 5244 2327 5317 (42)
2381 5244 2850 5326 pterque‘codex
2899 5264 3026 5317 ms.,
3076 5249 3170 5305 ἐὰν
3215 5251 3472 5326 ἔρχησθε.
3536 5254 3714 5313 Editio

2138 5313 2340 5387 Oxum,
2377 5314 2443 5368 ἂν
2489 5313 2742 5387 ἔρχησθε.

2213 5386 2323 5462 (i5)
2360 5386 2768 5462 Λίαούςε-Ιλοεο
2798 5390 3414 5462 ευιιι-Βεηιιρὶολαοὺς.

2213 5456 2324 5530 (gi/5)
2376 5456 2846 5530 Ευὺλαϐέστερον.
2909 5460 3001 5512 Sic
3067 5456 3297 5530 uterque
3362 5463 3530 5518 codex
3604 5479 3713 5522 m5.

2136 5524 2318 5578 Editio
2343 5536 2521 5578 autem
2551 5524 2875 5584 Oxoniensis
2899 5530 2954 5582 in
2989 5537 3136 5583 textu
3170 5524 3712 5597 ΙιΞώοι,,εὑλα6εστέ-

2140 5612 2268 5669 Pw?-

2138 5664 2162 5785 ὲ
2209 5664 2588 5801 (βξὶυιοηιυε
2617 5682 2722 5724 ms.
2754 5671 2953 5736 codex,
2983 5669 3247 5740 ἐναργῶς.
3297 5671 3478 5731 Editio
3504 5671 3704 5738 Oxon,

2169 5751 2262 5801 νερ
2300 5753 2395 5798 ως.

2169 5751 2222 5787 νε
2232 5751 2395 5804 ργως.
