3974 6160
449 289 554 346 559

1935 284 2092 341 ORlG
2103 284 2253 341 ENIS

3604 287 3703 342 560

448 420 766 462 communes
808 419 909 474 pro
947 400 1350 475 pertinentibus
1383 402 1449 455 ad
1483 415 1669 456 omnes
1712 401 2006 467 beneﬁciis,

2121 395 2471 467 εὐχαριστίας
2508 412 2566 448 τε
2598 396 2784 461 κοινὰς
2827 395 2964 467 ὑπὲρ
3017 394 3127 451 τῶν
3160 396 3240 461 εἰς
3291 397 3499 460 πάντας
3545 399 3700 469 εὐερ-

450 510 562 554 tum
605 513 707 571 pro
747 498 829 553 eis
859 511 978 567 quae
1023 491 1278 564 privatim
1325 507 1355 546 a
1391 493 1500 548 Deo
1542 502 1873 548 consecutus
1907 505 2013 551 est.

445 591 578 647 Post
615 589 912 661 gratiarum
955 585 1226 639 actionem
1275 583 1475 637 debere
1527 583 1742 637 videtur
1795 599 2014 638 suorum

449 690 791 750 peccatorum
834 691 1051 730 amarus
1091 674 1234 744 apud
1267 674 1432 728 Deum
1478 682 1766 728 accusator
1798 673 1910 728 ﬁeri
1953 689 2018 729 ac

446 782 633 841 petere
663 769 895 838 primum
925 764 1189 821 medelam
1230 779 1337 832 qua
1370 764 1553 819 habitu
1585 766 1648 818 ad
1685 765 2015 834 peccandum

448 861 755 930 impellente
799 858 1085 921 liberetur,
1133 856 1330 911 deinde
1370 857 1772 924 prmleritorttm
1815 857 2012 910 remis-

443 954 669 1006 sionem.
712 949 845 1004 Post
889 946 1292 1003 confessionem
1341 955 1537 1015 quarto
1584 946 1718 1000 mihi
1764 945 1883 1000 loco
1931 947 2016 1001 vi-

441 1042 605 1093 detur
634 1038 979 1109 adjuugenda
1017 1037 1205 1106 petitio
1250 1050 1565 1105 magnarum
1611 1046 1667 1091 et
1712 1038 2012 1093 caelestium

443 1146 621 1186 rerum
648 1139 701 1184 et
731 1146 831 1201 pro
853 1144 914 1184 se
941 1138 996 1183 et
1030 1143 1127 1199 pro
1157 1123 1412 1182 omnibus
1438 1136 1493 1180 et
1522 1142 1622 1195 pro
1655 1126 2015 1185 familiaribus

439 1230 493 1273 et
526 1221 738 1276 amicis.
777 1221 857 1276 Ac
900 1234 1066 1286 super
1097 1220 1183 1274 his
1227 1217 1479 1273 omnibus
1528 1220 1704 1273 oratio
1753 1222 1909 1278 debet
1961 1224 2012 1278 in

439 1312 890 1382 gloriﬁcationem
931 1311 1027 1367 Dei
1063 1328 1160 1385 per
1187 1314 1465 1370 Christum
1499 1315 1551 1369 in
1582 1313 1791 1383 Spiritu
1821 1324 2016 1370 sancto

437 1406 704 1461 desinere.
743 1402 852 1459 llas
899 1420 1037 1473 quas
1077 1405 1187 1459 dixi
1237 1417 1419 1473 partes
1451 1407 1733 1476 dispersas
1765 1406 1818 1460 in
1862 1406 2014 1461 Scri-

438 1497 612 1565 pturis
663 1494 1003 1556 invenimus;
1067 1494 1522 1563 gloriﬁcatiouem
1591 1498 1677 1553 his
1722 1498 1909 1552 verbis
1958 1497 2011 1550 in

435 1586 648 1656 psalmo
682 1583 986 1640 centesimo
1025 1584 1226 1638 tertio:
1260 1584 1483 1639 Domine
1524 1586 1662 1640 Deus
1698 1602 1864 1648 meus,
1896 1604 2014 1642 ma-

2120 484 2342 554 γεσιῶν,
2372 486 2466 538 καὶ
2493 477 2567 539 ὧν
2601 484 2707 555 ἰδίᾳ
2741 485 2991 556 τέτευχεν
3017 485 3126 538 ἀπὸ
3149 483 3308 538 Θεοῦ.
3335 486 3490 540 Μετὰ
3516 486 3574 539 δέ
3604 488 3701 558 τὴν

2119 576 2468 648 εὐχαριστίαν
2500 574 2747 644 φαίνεταί
2800 593 2888 646 μοι
2920 576 3113 647 πικρόν
3134 593 3254 629 τινα
3282 576 3393 629 δεῖν
3421 578 3700 647 γινόμενον

2118 666 2230 719 τῶν
2266 667 2409 719 ἰδίων
2445 666 2855 736 ἁμαρτημάτων
2882 667 3187 737 κατήγορον
3214 665 3306 719 ἐπὶ
3342 666 3500 732 Θεοῦ,
3518 656 3700 722 λαίτείν

2118 758 2335 829 πρῶτον
2400 757 2498 829 μὲν
2552 756 2694 810 ἴασιν
2745 758 2881 829 πρὸς
2933 757 2995 810 τὸ
3052 757 3433 828 ἀπαλλαγῆναι
3494 760 3592 830 τῆς
3640 762 3701 815 τὺ

2119 846 2451 917 ἁμαρτάνειν
2480 846 2846 917 ἐπιφερούσης
2877 845 3063 910 ἕξεως,
3096 845 3346 917 δεύτερον
3370 847 3563 915 ἄφεσιν
3592 848 3698 900 τῶν

2117 936 2588 1008 παρεληλυθότων.
2627 936 2782 990 Μετὰ
2810 937 2867 990 δέ
2902 938 3002 1008 τὴν
3031 936 3414 1008 ἐξομολόγησιν
3442 938 3695 1007 τέταρτόν

2120 1046 2214 1099 μοι
2248 1029 2537 1081 συνάπτειν
2574 1029 2824 1097 φαίνεται
2853 1029 2984 1093 δεῖν,
3013 1030 3113 1100 τὴν
3142 1031 3272 1102 περὶ
3304 1029 3414 1083 τῶν
3446 1031 3692 1101 μεγάλων
3762 1060 3769 1064 -

2119 1120 2212 1173 καὶ
2240 1120 2576 1191 ἐπουρανίων
2605 1119 2840 1191 αἴτησιν,
2871 1120 3013 1174 ἰδίων
3039 1138 3098 1173 τε
3125 1121 3222 1174 καὶ
3251 1121 3574 1185 καθολικῶν,
3603 1121 3694 1177 καὶ

2115 1210 2246 1282 περί
2293 1228 2352 1264 τε
2392 1211 2607 1264 οἰκείων
2647 1212 2743 1265 καὶ
2801 1211 3089 1280 φιλτάτων.
3133 1212 3244 1264 Καὶ
3301 1212 3394 1265 ἐπὶ
3433 1213 3566 1266 πᾶσι
3596 1212 3694 1284 τὴν

2114 1303 2279 1373 εὐχὴν
2306 1303 2385 1366 εἰς
2413 1301 2719 1371 δοξολογίαν
2738 1303 2871 1356 Θεοῦ
2901 1304 2986 1357 διὰ
3013 1304 3247 1376 Χριστοῦ
3272 1306 3330 1357 ἐν
3365 1305 3508 1375 ἁγίῳ
3529 1304 3694 1359 Πνεῦ-

2118 1411 2246 1464 ματι
2297 1395 2729 1447 καταπαυστέον.
2780 1395 3011 1459 Τούτους
3064 1397 3122 1450 δὲ
3168 1399 3295 1461 τοὺς
3342 1399 3573 1462 τόπους,
3617 1401 3691 1463 ὡς

2116 1482 2468 1551 προείπομεν,
2486 1481 2915 1552 διεσπαρμένους
2937 1482 3170 1555 εὕρομεν
3187 1487 3244 1538 ἐν
3269 1489 3390 1550 ταῖς
3418 1489 3687 1559 Γραφαῖς·

2114 1568 2205 1621 τὸν
2261 1569 2361 1638 μὲν
2411 1569 2509 1640 τῆς
2552 1567 2857 1637 δοξολογίας
2913 1571 3001 1624 διὰ
3057 1571 3259 1626 τούτων
3309 1575 3367 1627 ἐν
3416 1576 3689 1647 ἑκατοστῷ

436 1678 717 1746 gniﬁcatus
761 1690 813 1728 es
857 1676 1202 1730 vehementer.
1245 1673 1638 1743 Confessionem
1673 1684 1723 1729 et
1772 1676 2006 1729 decorem

2112 1659 2281 1730 τρίτῳ
2306 1659 2503 1731 ψαλμῷ
2524 1676 2538 1691 ο
2568 1662 2747 1729 Κύριε
2787 1664 2819 1714 d
2854 1662 2999 1728 Θεός
3029 1681 3147 1731 μου
3179 1665 3259 1730 ὡς
3287 1664 3689 1735 egenum»an

437 1772 678 1836 induisti,
710 1773 935 1824 amictus
963 1770 1162 1824 lumine
1201 1773 1341 1824 sicttt
1376 1773 1698 1836 vestimento,
1729 1770 2006 1824 extendens

2116 1749 2378 1816 σφόδρα,
2421 1748 2863 1820 ἐξομολόγησιν
2891 1752 2990 1806 καὶ
3023 1754 3539 1823 μεγαλοπρέπειαν
3566 1758 3689 1810 ἐνε-

437 1867 624 1922 caelum
670 1868 804 1921 sicut
848 1866 1055 1935 pellem.
1102 1866 1206 1932 Qui
1263 1867 1388 1935 tegit
1437 1868 1494 1920 in
1543 1868 1693 1937 aquis
1740 1866 2013 1937 superiora

436 1946 579 2028 ejus,
599 1959 689 2027 qui
719 1959 863 2026 ponit
903 1958 1061 2010 nubes
1110 1973 1385 2011 ascensum
1416 1973 1604 2020 suum,
1643 1958 1734 2027 qui
1776 1956 2012 2010 ambulat

437 2068 593 2121 super
627 2066 823 2120 pennas
860 2061 1154 2115 ventorum,
1188 2048 1277 2117 qui
1307 2048 1439 2116 facit
1487 2048 1697 2118 angelos
1738 2065 1864 2103 suos
1905 2049 2012 2115 spio

436 2146 592 2213 ritus,
621 2144 781 2214 272
815 2155 863 2197 et
899 2145 1167 2196 ministros
1195 2158 1315 2195 suos
1344 2143 1509 2211 ignem
1546 2142 1894 2211 ﬂagrantem;
1920 2141 2011 2210 qui

438 2236 625 2306 fundat
657 2245 853 2289 terram
892 2250 1047 2302 super
1081 2232 1422 2287 stabilitatem
1460 2232 1610 2303 ejus;
1640 2250 1743 2287 non
1784 2233 2010 2286 inclina-

437 2329 579 2382 bitur
604 2329 657 2381 in
684 2325 936 2381 sa’culum
962 2327 1159 2379 swculi.
1184 2326 1435 2396 Abgssus,
1459 2327 1595 2379 sicut
1623 2326 2006 2390 vestimentum,

434 2422 656 2475 amictus
686 2418 833 2487 ejus;
863 2434 1019 2485 super
1048 2428 1247 2471 ntontes
1284 2417 1497 2470 stabunt
1526 2433 1699 2486 aqute.
1722 2416 1799 2469 Ab
1837 2418 2007 2469 increo

433 2512 643 2579 potione
688 2519 779 2562 tua
837 2509 1067 2576 fugient,
1113 2525 1146 2561 a
1194 2523 1318 2562 voce
1368 2496 1591 2560 tonitrui
1640 2508 1716 2559 tui
1751 2505 2009 2574 formida-

408 2599 562 2654 bunt
586 2601 655 2654 '“.
708 2601 777 2654 Et
819 2600 1055 2652 maxima
1085 2614 1211 2668 pars
1244 2598 1407 2666 hujus
1437 2597 1628 2668 psalmi
1661 2597 2009 2668 gloriﬁcatio—

436 2706 557 2747 nem
588 2692 826 2746 continet
868 2690 1066 2744 Patris.
1116 2689 1266 2744 Licet
1303 2689 1474 2744 cuivis
1508 2689 1664 2757 plura
1702 2689 1803 2743 sibi
1847 2688 2005 2744 colli-

434 2796 583 2850 gere,
608 2789 663 2834 et
690 2782 875 2835 videre
915 2795 1078 2851 quam
1110 2778 1295 2833 multis
1323 2778 1376 2831 in
1423 2777 1559 2832 locis
1591 2793 1720 2848 pars
1761 2777 1852 2832 illa
1883 2793 2005 2847 quae

438 2869 503 2922 ad
550 2868 996 2938 gloriﬁcationem
1029 2867 1265 2938 pertinet
1313 2866 1510 2922 dill‘usa
1557 2869 1649 2921 sit.
1687 2865 2001 2920 Gratiarum

435 2960 670 3014 actionis
702 2959 809 3014 hoc
845 2960 918 3014 sit
951 2959 1261 3028 exemplum
1299 2958 1352 3013 in
1394 2957 1633 3012 secundo
1663 2955 1868 3023 Regum
1904 2971 2001 3024 po-

436 3051 625 3115 situm,
651 3065 681 3104 a
713 3050 915 3104 Davide
954 3057 1076 3118 post
1114 3049 1287 3103 factas
1313 3048 1361 3102 ei
1393 3061 1489 3116 per
1524 3046 1736 3100 Nathsn
1771 3045 2001 3113 promis-
2033 3060 2074 3117 α

441 3141 627 3195 siones
662 3139 1105 3209 pronuntiatum,
1150 3154 1271 3191 cum
1313 3138 1381 3192 ad
1420 3137 1512 3191 Dei
1543 3136 1685 3191 dona
1734 3143 2007 3206 stuperet,

435 3231 753 3302 gratiasque
776 3247 874 3300 pro
898 3230 977 3285 eis
1008 3228 1231 3285 referret
1259 3229 1343 3285 his
1375 3230 1585 3285 verbis:
1607 3227 1739 3294 Quis
1755 3245 1867 3282 sum
1892 3245 2007 3298 ego,

433 3329 657 3382 Domine
682 3326 775 3389 mi,
813 3327 1057 3390 Domine,
1084 3335 1132 3380 et
1179 3319 1295 3396 qua:
1337 3327 1522 3381 domus
1549 3342 1686 3391 mea,
1715 3329 1839 3397 quia
1870 3328 2005 3381 dile-

433 3422 560 3476 a'isti
603 3436 685 3473 me
715 3435 876 3488 usque
906 3419 974 3472 ad
1005 3418 1152 3472 haec?
1175 3416 1243 3470 Et
1270 3417 1440 3486 factus
1463 3434 1579 3473 sum
1604 3435 1793 3487 parvus
1819 3435 2005 3487 parum

440 3529 616 3566 coram
649 3522 722 3576 te,
752 3509 974 3564 Domine
1004 3512 1108 3570 mi;
1139 3519 1188 3565 et
1226 3509 1429 3564 loculus
1456 3527 1509 3564 es
1535 3528 1630 3579 pro
1671 3512 1824 3564 domo
1873 3511 2006 3564 servi

434 3604 513 3655 tui
546 3606 597 3657 in
637 3602 1001 3673 longinquum.
1031 3601 1156 3655 llaec
1184 3611 1360 3655 autem
1390 3601 1474 3655 lea:
1503 3603 1747 3665 hominis,
1782 3602 2006 3656 Domine

431 3694 527 3757 mi,
566 3692 808 3746 Domine.
841 3692 905 3744 Et
957 3693 1079 3763 quid
1118 3692 1329 3761 adjiciet
1362 3690 1501 3745 ultra
1540 3691 1707 3746 David
1754 3691 1897 3762 loqui
1935 3693 2004 3745 ad

434 3788 524 3839 te?
553 3785 614 3837 Et
657 3802 793 3839 nunc
824 3788 956 3838 nosti
1008 3803 1209 3841 servum
1251 3796 1433 3851 tuum,
1487 3786 1740 3852 Domine;
1791 3797 2006 3857 propter

433 3890 640 3929 servum
681 3883 831 3927 tuum
867 3875 1073 3942 fecisti;
1108 3886 1155 3927 et
1197 3878 1482 3930 secundum
1511 3893 1603 3931 cor
1635 3888 1785 3932 tuum
1834 3878 2005 3946 fecisti

434 3984 637 4021 omnem
684 3967 1129 4036 magniﬁcentiam
1170 3970 1304 4021 Itane
1347 3971 1415 4021 ad
1465 3981 1651 4024 notum
1699 3971 2001 4040 faciendum

431 4078 576 4117 servo
604 4074 730 4128 tuo;
768 4063 884 4116 ideo
918 4072 974 4115 ut
1009 4062 1372 4132 magniﬁcans
1404 4074 1476 4128 te,
1510 4064 1729 4118 Domine
1764 4067 1855 4129 mi,
1894 4065 2005 4118 Do-

431 4160 568 4212 mine
588 4160 656 4213 ⁷².
685 4156 1061 4214 Confessiouis
1108 4156 1454 4225 exemplum:
1488 4158 1563 4212 Ab
1608 4160 1849 4213 omnibus
1894 4160 2002 4213 ini-

426 4249 715 4318 quitatibus
746 4249 873 4302 meis
914 4263 1039 4302 erue
1067 4263 1148 4300 me
1171 4247 1246 4312 ⁷³;
1284 4256 1339 4301 et.
1368 4248 1494 4303 alibi
1524 4266 1538 4304 :
1583 4246 1911 4303 Putruerunt
1953 4259 2001 4303 et

427 4350 689 4408 corruptae
741 4348 861 4393 sunt
915 4338 1186 4393 cicatrices
1242 4354 1370 4393 mete
1412 4357 1446 4393 a
1495 4339 1633 4410 [acie
1680 4339 2000 4407 insipientia:

426 4452 573 4489 metu.
612 4434 779 4490 Miser
819 4436 994 4503 factus
1042 4451 1159 4489 sum
1197 4444 1244 4489 et
1288 4446 1534 4490 curvatus
1575 4451 1691 4490 sum
1740 4452 1904 4506 usque
1934 4437 1992 4489 in

425 4528 613 4594 ﬁnem;
652 4537 763 4582 tota
791 4528 877 4582 die
910 4530 1249 4582 contristatus
1292 4530 1622 4599 ingrediebar
1647 4530 1714 4585 ⁷⁸.
1763 4532 1992 4587 Petilio-

425 4632 555 4669 num
591 4617 643 4669 in
670 4619 933 4688 vigesimo
968 4619 1197 4686 septimo
1230 4620 1439 4687 psalmo
1465 4638 1479 4674 :
1511 4620 1591 4674 Ne
1621 4620 1778 4674 simul
1806 4623 1994 4675 trahas

426 4722 507 4759 me
554 4722 670 4757 cum
714 4708 1111 4775 peccatoribus;
1160 4718 1208 4760 et
1243 4725 1363 4762 cum
1400 4712 1739 4776 operantibus
1787 4710 1991 4779 iniqui-

425 4802 589 4847 tatem
633 4811 695 4849 ne
730 4796 921 4865 perdas
971 4799 1144 4863 me",
1169 4807 1224 4852 et
1266 4799 1310 4853 si
1352 4800 1479 4867 quid
1532 4800 1616 4852 his
1661 4808 1744 4853 est
1790 4801 1987 4853 simile.

423 4884 665 4956 Equum
698 4897 781 4942 est
824 4899 1006 4942 autem
1042 4891 1333 4960 inemptum
1368 4906 1397 4942 a
1428 4889 1822 4959 gloriﬁcatione
1863 4905 1991 4943 ora-

426 4979 628 5031 tionem
684 4979 736 5031 in
785 4979 1227 5047 glorilicationem
1291 4980 1587 5035 desiuendo
1655 4982 1987 5046 terminare,

422 5069 695 5125 laudando
725 5080 782 5127 et
812 5070 1162 5140 gloriticando
1202 5070 1420 5127 Patrem
1454 5072 1857 5135 universorum,
1894 5088 1990 5141 per

385 5212 395 5257 ί
492 5245 539 5279 η
577 5246 718 5303 Psal.
765 5262 893 5314 cut,
926 5246 1042 5301 1-7.
1162 5246 1209 5278 τι
1240 5247 1279 5300 ιι
1308 5246 1441 5318 neg.
1482 5265 1579 5313 vn,
1629 5250 1809 5306 18.29.

416 5318 593 5385 'xxvn,
618 5317 673 5372 5.

420 5484 793 5551 προσάγοντας
833 5484 925 5537 ἐπὶ
982 5483 1081 5554 τῆς
1119 5483 1486 5556 εὐχαριστίας,
1526 5485 1617 5538 καὶ
1649 5484 1727 5540 ὠν
1760 5488 1865 5559 ἰδίᾳ
1901 5489 1990 5542 τέ-

420 5567 825 5757 Ξέῐξὲλῖυιιοι
862 5638 966 5678 ms.
994 5622 1332 5694 Cantabrig.,
1361 5622 1526 5696 δέριν.
1565 5624 1740 5681 Editiu
1783 5626 1981 5695 Oxum,

1913 5255 1958 5286 ⁷⁸
1984 5256 2142 5326 ,Ρειιλ
2188 5281 2425 5338 xxxvrtl,
2466 5273 2519 5327 9.

2117 1841 2302 1903 δύσω,
2329 1844 2360 1894 ό
2379 1843 2862 1911 ἀναϐαλλόμενος
2895 1843 3018 1911 φῶς
3051 1845 3131 1909 ὡς
3169 1843 3419 1912 ἰμάτιον,
3444 1846 3477 1896 ό
3500 1842 3679 1895 ἐκτεί-

2114 1947 2238 1986 νων
2260 1931 2367 1985 τὸν
2396 1933 2659 2001 οὐρανὸν
2694 1934 2838 1986 ὡσεὶ
2868 1934 3031 2003 δέριν
3063 1935 3198 2007 (52),
3234 1938 3266 1988 ό
3294 1933 3590 2002 στενάζων
3613 1933 3684 1986 ἐν

2116 2021 2297 2076 ὕδασι
2330 2023 2400 2076 τὰ
2437 2020 2677 2092 ὑπερῷα
2702 2025 2916 2077 αὐτοῦ’
2951 2027 2982 2077 ὁ
3025 2024 3205 2089 τιθεὶς
3231 2024 3382 2091 νέφη
3416 2024 3530 2090 τὴν
3559 2022 3681 2075 ἐπι-

2108 2116 2286 2168 ϐασιν
2322 2115 2541 2169 αὑτοῦ·
2582 2116 2617 2169 ό
2664 2113 3003 2182 περιπατῶν
3047 2114 3148 2168 ἐπὶ
3198 2116 3506 2183 πτερύγων
3552 2115 3686 2169 dre-

2104 2219 2262 2272 μων·
2299 2206 2332 2258 ό
2371 2202 2558 2257 ποιῶν
2600 2204 2744 2270 τοὺς
2783 2203 3077 2273 ἀγγέλους
3118 2205 3304 2258 αὐτοῦ
3346 2207 3681 2274 πνεύματα,

2108 2296 2208 2348 καὶ
2243 2297 2386 2362 τοὺς
2423 2297 2804 2365 λειτουργοὺς
2833 2296 3019 2350 αὑτοῦ
3049 2296 3238 2363 πυρὸς
3268 2297 3489 2365 φλόγιν
3527 2300 3560 2350 ό
3590 2302 3682 2351 σε-

2105 2385 2333 2456 μελιῶν
2380 2386 2495 2455 τὴν
2547 2387 2663 2457 γῆν
2690 2386 2787 2439 ἐπὶ
2839 2386 2954 2454 τὴν
2994 2385 3335 2455 ἀσφάλειαν
3365 2386 3575 2455 αὐτῆς,
3607 2389 3678 2442 οὐ

2106 2478 2453 2543 κλιθήσεται
2481 2480 2567 2543 εἰς
2607 2478 2713 2531 τὸν
2746 2477 2927 2531 αἰῶνα
2956 2477 3061 2530 τοῦ
3091 2477 3327 2544 αἰῶνος.
3358 2479 3681 2552 Ἀϐυσσος,

2104 2562 2461 2635 ὡςἸμάτιον,
2494 2566 2559 2619 τὸ
2591 2569 2965 2634 περιϐόλαιον
2987 2566 3171 2620 αὑτοῦ
3189 2583 3201 2596 ·
3227 2566 3329 2619 ἐπὶ
3358 2565 3476 2620 τῶν
3502 2566 3680 2633 ὀρέων

2105 2654 2434 2721 στήσονται
2482 2655 2690 2708 ὕδατα.
2743 2654 2875 2709 Ἀπὸ
2920 2653 3313 2723 ἐπιτιμήσεως
3359 2670 3477 2706 σου
3536 2654 3678 2721 φεύ-

2105 2744 2339 2810 ξονταισ
2388 2743 2506 2799 ἀπὸ
2542 2744 2750 2814 φωνῆς
2789 2744 3056 2814 βροντῆς
3098 2762 3215 2798 σου
3270 2744 3676 2799 δειλιάσουσι·

2112 2836 2206 2888 καὶ
2249 2835 2316 2888 τὰ
2360 2835 2585 2889 πλεῖστα
2620 2836 2678 2889 δὲ
2723 2836 2908 2889 τούτου
2957 2836 3047 2889 τοῦ
3117 2836 3330 2907 ψαλμοῦ
3380 2837 3677 2905 δοξολογίαν

2110 2925 2354 2997 περιέχει
2385 2925 2479 2978 τοῦ
2512 2926 2742 2996 Πατρός.
2778 2929 2991 2980 Ἔνεστι
3014 2928 3068 2981 δέ
3099 2946 3217 2981 τινα
3251 2928 3428 3000 ἑαυτῷ
3469 2930 3677 2984 πλείονα

2107 3014 2499 3085 ἀναλεγόμενον
2529 3018 2680 3086 ὁρᾷν,
2706 3017 2781 3079 ὡς
2819 3018 2846 3068 ὁ
2888 3018 3049 3081 τόπος
3089 3018 3201 3087 (53)
3234 3019 3332 3089 τῆς
3378 3019 3675 3089 δοξολογίας

2113 3103 2378 3174 πολλαχοῦ
2415 3105 2756 3177 διέσπαρται.
2789 3107 2899 3177 Τῆς
2926 3107 2982 3159 δὲ
3024 3109 3370 3179 εὐχαριστίας
3416 3112 3677 3163 ἐκκείσὶω

2108 3192 2263 3246 τοῦτο
2307 3194 2655 3266 παράδειγμα
2701 3198 2759 3248 ἐν
2806 3199 2872 3267 τῇ
2922 3196 3149 3269 δευτέρᾳ
3197 3198 3305 3251 τῶν
3349 3200 3677 3255 Βασιλειῶν

2107 3285 2377 3354 κείμενον,
2414 3285 2550 3354 μετὰ
2598 3285 2695 3348 τὰς
2733 3286 2818 3339 διὰ
2845 3286 2940 3339 τοῦ
2995 3288 3182 3342 Νάθαν
3216 3290 3350 3360 πρὸς
3399 3292 3489 3345 τὸν
3523 3293 3677 3346 Δαυῖδ

2105 3374 2437 3442 ἐπαγγελίας
2489 3375 2593 3428 ὑπὸ
2628 3375 2720 3429 τοῦ
2767 3375 2929 3429 Δαυῒδ
2965 3369 3427 3450 ἐπαγγελλόμενον
3480 3382 3678 3435 ἐκπλα-

2105 3464 2292 3533 γέντος
2335 3465 2435 3529 τὰς
2485 3465 2579 3519 τοῦ
2626 3466 2760 3520 Θεοῦ
2809 3468 3048 3539 δωρεὰς,
3085 3470 3185 3522 καὶ
3237 3472 3675 3542 εὐχαριστοῦντος

2103 3556 2190 3609 ἐπ’
2229 3558 2414 3619 αὐταῖς
2466 3555 2578 3628 (54)
2631 3558 2718 3612 διὰ
2763 3558 3000 3611 τούτων·
3044 3561 3140 3626 Τίς
3180 3563 3294 3629 εἰμι
3331 3562 3467 3631 ἐγὼ,
3502 3560 3677 3630 Κύριέ

2098 3665 2239 3716 μου,
2268 3650 2464 3716 Κύριε,
2500 3650 2597 3702 καὶ
2645 3650 2737 3715 τίς
2763 3652 2795 3703 ό
2832 3646 2996 3716 οἶκός
3036 3669 3177 3719 μου,
3224 3651 3312 3705 ὅτι
3358 3652 3676 3722 ἠγάπησάς

2098 3755 2174 3806 με
2210 3738 2318 3803 ἕως
2345 3741 2571 3793 τούτων
2595 3755 2612 3802 ;
2642 3739 2751 3793 Kal
2774 3744 3291 3810 κατεσμικρύνθην
3309 3744 3527 3812 μικρὸν
3547 3743 3680 3799 ἐνώ-

2104 3830 2242 3882 πιόν
2261 3846 2395 3893 σου,
2418 3831 2595 3898 Κύριέ
2610 3849 2748 3899 μου,
2769 3832 2865 3884 καὶ
2881 3832 3188 3901 ἐλάλησας
3210 3833 3360 3903 ὑπὲρ
3383 3836 3489 3889 τοῦ
3509 3836 3677 3890 οἰκον

2104 3916 2211 3970 τοῦ
2244 3916 2467 3972 δούλου
2519 3935 2634 3973 σου
2680 3923 2768 3986 εἰς
2800 3920 3058 3990 μακράν.
3116 3918 3300 3988 Οὗτος
3327 3923 3396 3977 δὲ
3426 3928 3459 3978 ό
3498 3927 3673 3994 νόμος

2103 4004 2208 4058 τοῦ
2236 4006 2569 4074 ἀνθρώπου,
2593 4009 2768 4077 Κύριέ
2792 4028 2931 4078 μου,
2954 4014 3153 4079 Κύριε.
3188 4012 3297 4065 Καὶ
3331 4014 3388 4066 τί
3412 4014 3672 4081 προσθή-

2102 4110 2196 4149 σει
2225 4095 2407 4150 Δαυίδ
2436 4098 2521 4152 ἔτι
2550 4100 2658 4153 τοῦ
2687 4101 2955 4169 λαλῆσαι
2984 4103 3135 4171 πρὸς
3164 4103 3271 4167 σὲ,
3305 4104 3407 4157 καὶ
3446 4106 3564 4159 νῦν
3589 4105 3666 4159 σὺ

2101 4182 2267 4253 οἶδας
2293 4187 2398 4241 τὸν
2418 4187 2642 4242 δοῦλόν
2668 4204 2806 4255 σου,
2832 4195 3005 4261 Κύριε
3021 4209 3037 4224 ο
3066 4193 3162 4247 διὰ
3183 4194 3291 4249 τὸν
3314 4194 3540 4251 δοῦλόν
3560 4214 3674 4252 σου

2101 4279 2447 4345 πεποίηκας,
2490 4279 2588 4332 καὶ
2619 4282 2770 4335 κατὰ
2810 4283 2925 4351 τὴν
2950 4284 3199 4352 καρδίαν
3226 4302 3344 4341 σου
3380 4284 3671 4358 ἐποίησας

2031 4404 2075 4459 D
2102 4367 2306 4423 πᾶσαν
2334 4368 2448 4437 τὴν
2475 4374 2915 4441 μεγαλωσύνην
2951 4391 3067 4431 σου
3112 4378 3341 4447 ταύτην
3386 4383 3669 4448 γνωρίσαι

2099 4457 2181 4523 τῷ
2204 4458 2399 4527 δούλῳ
2443 4476 2580 4525 σου,
2613 4461 2790 4516 ἕνεκα
2832 4464 2939 4519 τοῦ
2982 4467 3322 4536 μεταλῦναί
3364 4484 3461 4534 σε,
3497 4472 3669 4541 Κύριέ

2092 4567 2211 4619 μου
2266 4553 2462 4619 Κύριε.
2513 4553 2632 4605 Τῶν
2683 4553 2741 4606 δὲ
2792 4554 3229 4629 ὲξομολογήσεων
3290 4562 3665 4633 παράδειγμακ

2111 4639 2241 4692 Ἀπὸ
2286 4640 2498 4695 πασῶν
2538 4642 2656 4696 τῶν
2683 4644 2942 4712 ἀνομιῶν
2974 4664 3093 4715 μου
3127 4647 3320 4715 ,ῥῦσαί
3345 4668 3455 4721 με’
3479 4655 3572 4706 καὶ
3612 4654 3667 4705 ἐν

2097 4729 2274 4793 ἄλλοις
2294 4746 2308 4762 σ
2357 4732 2747 4799 Προσώᾱεσαν
2786 4735 2884 4788 καὶ
2925 4737 3249 4805 ἐσάπησαν
3291 4744 3344 4795 oi
3379 4739 3663 4812 μώλωπές

2089 4835 2210 4886 μου
2248 4820 2367 4873 ἀπὸ
2416 4822 2738 4890 προσώπου
2770 4823 2880 4893 τῆς
2924 4826 3276 4898 ἀφροσύνης
3331 4849 3474 4901 μου.
3514 4834 3666 4888 Ἑτα-

2091 4903 2443 4973 λαιπώρησα
2484 4908 2580 4961 καὶ
2618 4910 3039 4981 κατεκάμςρθην
3083 4914 3196 4983 ἕως
3228 4918 3475 4986 τέλους·
3516 4922 3665 4989 ὅλην

2092 4992 2208 5059 τὴν
2259 4995 2484 5065 ἡμέραν
2530 5002 2963 5069 σκυθρωπάζων
3012 5007 3402 5077 ἐπορευόμην.
3442 5012 3562 5064 Τῶν
3609 5013 3663 5064 δὲ

2093 5082 2359 5154 αἰτήσεων
2404 5087 2461 5139 ἐν
2505 5090 2736 5162 εἰκοστῷ
2786 5093 2996 5166 ἑϐδόμῳ
3043 5097 3271 5169 ψαλμῷ·
3313 5100 3412 5169 Μὴ
3443 5106 3661 5157 συνελ-

2623 5273 2671 5305 ⁷⁸
2700 5273 2839 5331 Psal.
2889 5294 3107 5346 xxxv",
3151 5281 3204 5348 6,
3259 5284 3309 5336 7.
3414 5285 3461 5318 ⁷⁸
3517 5285 3657 5339 Psal.

2166 5492 2275 5562 ('55)
2320 5492 2461 5571 lelem
2498 5496 2662 5549 codex
2697 5511 2823 5561 tus.,
2851 5501 2978 5560 ὼςό
3016 5500 3196 5563 τόπος.
3240 5500 3418 5557 Editio
3462 5504 3655 5571 Οκοη..

2085 5564 2131 5617 ὅ)
2142 5580 2225 5614 ττε
2311 5564 2495 5626 τόπος.

2159 5631 2291 5708 (5})
2352 5632 2491 5687 ldeut
2541 5633 2711 5689 codex
2780 5650 2906 5701 ms.,
2953 5638 3160 5702 αὐταῖς.
3221 5640 3399 5695 Editio
3452 5642 3647 5708 010m,

2085 5700 2288 5746 αὐτοῖς.
