  <div class='ocr_page' id='page_1' title='image "/cluster/home/n/w/nwhite01/storage/ocr_20150623/11/mdp.39015013266690/296.png"; bbox 0 0 3974 6160; ppageno 0'>
   <div class='ocr_carea' id='block_1_1' title="bbox 341 239 444 295">
    <p class='ocr_par' dir='ltr' id='par_1_1' title="bbox 341 239 444 295">
     <span class='ocr_line' id='line_1_1' title="bbox 341 239 444 295; baseline 0.01 -1"><span class='ocrx_word' id='word_1_1' title='bbox 341 239 444 295; x_wconf 78' lang='lat'><strong>565</strong></span> 
     </span>
    </p>
   </div>
   <div class='ocr_carea' id='block_1_2' title="bbox 341 444 1914 519">
    <p class='ocr_par' dir='ltr' id='par_1_2' title="bbox 341 444 1914 519">
     <span class='ocr_line' id='line_1_2' title="bbox 341 444 1914 519; baseline 0.001 -21"><span class='ocrx_word' id='word_1_2' title='bbox 341 446 459 516; x_wconf 69' lang='grc' dir='ltr'>ἦτοι</span> <span class='ocrx_word' id='word_1_3' title='bbox 504 444 718 508; x_wconf 77' lang='grc' dir='ltr'>ἀσεϐεῖς</span> <span class='ocrx_word' id='word_1_4' title='bbox 754 446 786 516; x_wconf 80' lang='grc' dir='ltr'>ἦ</span> <span class='ocrx_word' id='word_1_5' title='bbox 840 449 1057 519; x_wconf 84' lang='grc' dir='ltr'>μωροὺς</span> <span class='ocrx_word' id='word_1_6' title='bbox 1085 446 1484 510; x_wconf 75' lang='grc' dir='ltr'>ἀποκαλοῦντες</span> <span class='ocrx_word' id='word_1_7' title='bbox 1527 449 1576 500; x_wconf 87' lang='grc' dir='ltr'>οἱ</span> <span class='ocrx_word' id='word_1_8' title='bbox 1627 448 1914 519; x_wconf 80' lang='grc' dir='ltr'>ἀλλότριοι,</span> 
     </span>
    </p>
   </div>
   <div class='ocr_carea' id='block_1_3' title="bbox 341 531 1918 607">
    <p class='ocr_par' dir='ltr' id='par_1_3' title="bbox 341 531 1918 607">
     <span class='ocr_line' id='line_1_3' title="bbox 341 531 1918 607; baseline 0.003 -24"><span class='ocrx_word' id='word_1_9' title='bbox 341 532 438 600; x_wconf 85' lang='grc' dir='ltr'>τῆς</span> <span class='ocrx_word' id='word_1_10' title='bbox 468 531 607 584; x_wconf 78' lang='grc' dir='ltr'>κατᾶ</span> <span class='ocrx_word' id='word_1_11' title='bbox 631 531 728 594; x_wconf 79' lang='grc' dir='ltr'>τὰς</span> <span class='ocrx_word' id='word_1_12' title='bbox 757 533 917 600; x_wconf 80' lang='grc' dir='ltr'>ἁγίας</span> <span class='ocrx_word' id='word_1_13' title='bbox 947 535 1166 603; x_wconf 74' lang='grc' dir='ltr'>Γραφὰς</span> <span class='ocrx_word' id='word_1_14' title='bbox 1195 533 1468 588; x_wconf 81' lang='grc' dir='ltr'>διαλέκτου</span> <span class='ocrx_word' id='word_1_15' title='bbox 1491 535 1918 607; x_wconf 82' lang='grc' dir='ltr'>ὑπομιμνησκώ-</span> 
     </span>
    </p>
   </div>
   <div class='ocr_carea' id='block_1_4' title="bbox 345 622 1918 695">
    <p class='ocr_par' dir='ltr' id='par_1_4' title="bbox 345 622 1918 695">
     <span class='ocr_line' id='line_1_4' title="bbox 345 622 1918 695; baseline 0.004 -22"><span class='ocrx_word' id='word_1_16' title='bbox 345 622 502 692; x_wconf 85' lang='grc' dir='ltr'>μεθα,</span> <span class='ocrx_word' id='word_1_17' title='bbox 536 623 666 693; x_wconf 78' lang='grc' dir='ltr'>ὁτιή</span> <span class='ocrx_word' id='word_1_18' title='bbox 696 624 974 677; x_wconf 86' lang='grc' dir='ltr'>ἐπ’ἐλπίδι</span> <span class='ocrx_word' id='word_1_19' title='bbox 1001 625 1170 688; x_wconf 71' lang='grc' dir='ltr'>ἐλπὶς,</span> <span class='ocrx_word' id='word_1_20' title='bbox 1203 627 1235 695; x_wconf 85' lang='grc' dir='ltr'><strong>ἡ</strong></span> <span class='ocrx_word' id='word_1_21' title='bbox 1266 625 1346 678; x_wconf 78' lang='grc' dir='ltr'><strong>ἔτι</strong></span> <span class='ocrx_word' id='word_1_22' title='bbox 1379 625 1571 695; x_wconf 88' lang='grc' dir='ltr'>μικρὸν</span> <span class='ocrx_word' id='word_1_23' title='bbox 1601 625 1918 679; x_wconf 81' lang='grc' dir='ltr'>ἀποδοθεῖσα</span> 
     </span>
    </p>
   </div>
   <div class='ocr_carea' id='block_1_5' title="bbox 339 713 1919 787">
    <p class='ocr_par' dir='ltr' id='par_1_5' title="bbox 339 713 1919 787">
     <span class='ocr_line' id='line_1_5' title="bbox 339 713 1919 787; baseline 0.003 -23"><span class='ocrx_word' id='word_1_24' title='bbox 339 715 488 783; x_wconf 73' lang='grc' dir='ltr'>ἡμῖν,</span> <span class='ocrx_word' id='word_1_25' title='bbox 510 713 900 784; x_wconf 79' lang='grc' dir='ltr'><strong>ἀποδοθήσεται</strong></span> <span class='ocrx_word' id='word_1_26' title='bbox 917 735 935 765; x_wconf 87' lang='grc'><em>‹</em></span> <span class='ocrx_word' id='word_1_27' title='bbox 956 716 1041 769; x_wconf 78' lang='grc' dir='ltr'>διὰ</span> <span class='ocrx_word' id='word_1_28' title='bbox 1060 716 1356 785; x_wconf 84' lang='grc' dir='ltr'>φαυλισμὸν</span> <span class='ocrx_word' id='word_1_29' title='bbox 1374 717 1614 787; x_wconf 83' lang='grc' dir='ltr'><strong>χειλέων,</strong></span> <span class='ocrx_word' id='word_1_30' title='bbox 1636 717 1723 769; x_wconf 77' lang='grc' dir='ltr'><strong>διὰ</strong></span> <span class='ocrx_word' id='word_1_31' title='bbox 1751 717 1919 784; x_wconf 85' lang='grc' dir='ltr'>γλώσ-</span> 
     </span>
    </p>
   </div>
   <div class='ocr_carea' id='block_1_6' title="bbox 337 806 1916 881">
    <p class='ocr_par' dir='ltr' id='par_1_6' title="bbox 337 806 1916 881">
     <span class='ocr_line' id='line_1_6' title="bbox 337 806 1916 881; baseline 0.003 -24"><span class='ocrx_word' id='word_1_32' title='bbox 337 823 434 876; x_wconf 82' lang='grc' dir='ltr'><strong>σης</strong></span> <span class='ocrx_word' id='word_1_33' title='bbox 463 806 675 877; x_wconf 84' lang='grc' dir='ltr'>ἐτέρας.</span> <span class='ocrx_word' id='word_1_34' title='bbox 717 827 735 859; x_wconf 85' lang='grc'><strong>›</strong></span> <span class='ocrx_word' id='word_1_35' title='bbox 767 810 874 862; x_wconf 78' lang='grc' dir='ltr'>Καὶ</span> <span class='ocrx_word' id='word_1_36' title='bbox 899 810 980 872; x_wconf 90' lang='grc' dir='ltr'><strong>τίς</strong></span> <span class='ocrx_word' id='word_1_37' title='bbox 1003 811 1102 862; x_wconf 85' lang='grc' dir='ltr'><strong>οὐκ</strong></span> <span class='ocrx_word' id='word_1_38' title='bbox 1135 810 1199 863; x_wconf 82' lang='grc' dir='ltr'><strong>ἂν</strong></span> <span class='ocrx_word' id='word_1_39' title='bbox 1236 809 1580 881; x_wconf 75' lang='grc' dir='ltr'>προσδέχοιτο</span> <span class='ocrx_word' id='word_1_40' title='bbox 1611 809 1792 878; x_wconf 72' lang='grc' dir='ltr'>θλίψιν</span> <span class='ocrx_word' id='word_1_41' title='bbox 1825 811 1916 862; x_wconf 78' lang='grc' dir='ltr'><strong>ἐπὶ</strong></span> 
     </span>
    </p>
   </div>
   <div class='ocr_carea' id='block_1_7' title="bbox 337 897 1911 973">
    <p class='ocr_par' dir='ltr' id='par_1_7' title="bbox 337 897 1911 973">
     <span class='ocr_line' id='line_1_7' title="bbox 337 897 1911 973; baseline 0.003 -24"><span class='ocrx_word' id='word_1_42' title='bbox 337 897 531 966; x_wconf 76' lang='grc' dir='ltr'>θλίψει,</span> <span class='ocrx_word' id='word_1_43' title='bbox 569 899 656 952; x_wconf 79' lang='grc' dir='ltr'><strong>ἵνα</strong></span> <span class='ocrx_word' id='word_1_44' title='bbox 672 899 1233 973; x_wconf 76' lang='grc' dir='ltr'>εὐθέωςπροσδέξηται</span> <span class='ocrx_word' id='word_1_45' title='bbox 1261 903 1352 954; x_wconf 65' lang='grc' dir='ltr'>καὶ</span> <span class='ocrx_word' id='word_1_46' title='bbox 1378 901 1565 954; x_wconf 77' lang='grc' dir='ltr'>ἐλπίδα</span> <span class='ocrx_word' id='word_1_47' title='bbox 1584 901 1669 954; x_wconf 82' lang='grc' dir='ltr'>ἐπ’</span> <span class='ocrx_word' id='word_1_48' title='bbox 1699 901 1871 953; x_wconf 89' lang='grc' dir='ltr'>ἐλπίδι</span> <span class='ocrx_word' id='word_1_49' title='bbox 1897 917 1911 962; x_wconf 91' lang='grc'><strong>;</strong></span> 
     </span>
    </p>
   </div>
   <div class='ocr_carea' id='block_1_8' title="bbox 333 987 1915 1062">
    <p class='ocr_par' dir='ltr' id='par_1_8' title="bbox 333 987 1915 1062">
     <span class='ocr_line' id='line_1_8' title="bbox 333 987 1915 1062; baseline 0.002 -22"><span class='ocrx_word' id='word_1_50' title='bbox 333 987 689 1059; x_wconf 80' lang='grc' dir='ltr'>λογισάμενος</span> <span class='ocrx_word' id='word_1_51' title='bbox 730 992 866 1062; x_wconf 76' lang='grc' dir='ltr'>μετὰ</span> <span class='ocrx_word' id='word_1_52' title='bbox 907 994 1139 1056; x_wconf 79' lang='grc' dir='ltr'>Παύλου,</span> <span class='ocrx_word' id='word_1_53' title='bbox 1175 995 1254 1046; x_wconf 84' lang='grc' dir='ltr'>ὅτι</span> <span class='ocrx_word' id='word_1_54' title='bbox 1285 995 1384 1046; x_wconf 66' lang='grc' dir='ltr'><strong>οὐκ</strong></span> <span class='ocrx_word' id='word_1_55' title='bbox 1429 1014 1445 1043; x_wconf 88' lang='grc'><strong>(</strong></span> <span class='ocrx_word' id='word_1_56' title='bbox 1485 993 1609 1058; x_wconf 79' lang='grc' dir='ltr'>ἄξια</span> <span class='ocrx_word' id='word_1_57' title='bbox 1635 992 1704 1045; x_wconf 67' lang='grc' dir='ltr'>τὰ</span> <span class='ocrx_word' id='word_1_58' title='bbox 1743 991 1915 1061; x_wconf 80' lang='grc' dir='ltr'>παθή-</span> 
     </span>
    </p>
   </div>
   <div class='ocr_carea' id='block_1_9' title="bbox 335 1075 1914 1155">
    <p class='ocr_par' dir='ltr' id='par_1_9' title="bbox 335 1075 1914 1155">
     <span class='ocr_line' id='line_1_9' title="bbox 335 1075 1914 1155; baseline 0.003 -26"><span class='ocrx_word' id='word_1_59' title='bbox 335 1094 478 1147; x_wconf 84' lang='grc' dir='ltr'>ματα</span> <span class='ocrx_word' id='word_1_60' title='bbox 496 1079 590 1131; x_wconf 89' lang='grc' dir='ltr'><strong>τοῦ</strong></span> <span class='ocrx_word' id='word_1_61' title='bbox 625 1079 718 1132; x_wconf 92' lang='grc' dir='ltr'><strong>νῦν</strong></span> <span class='ocrx_word' id='word_1_62' title='bbox 742 1081 961 1150; x_wconf 80' lang='grc' dir='ltr'>καιροῦ,</span> <span class='ocrx_word' id='word_1_63' title='bbox 982 1102 999 1133; x_wconf 71' lang='grc' dir='ltr'><strong>ι</strong></span> <span class='ocrx_word' id='word_1_64' title='bbox 1019 1075 1092 1136; x_wconf 81' lang='grc' dir='ltr'><strong>ὧν</strong></span> <span class='ocrx_word' id='word_1_65' title='bbox 1114 1083 1352 1155; x_wconf 74' lang='grc' dir='ltr'>ὡσπερεὶ</span> <span class='ocrx_word' id='word_1_66' title='bbox 1375 1081 1665 1146; x_wconf 78' lang='grc' dir='ltr'>ὠνούμεθα</span> <span class='ocrx_word' id='word_1_67' title='bbox 1701 1081 1796 1152; x_wconf 80' lang='grc' dir='ltr'><strong>τὴν</strong></span> <span class='ocrx_word' id='word_1_68' title='bbox 1820 1097 1914 1151; x_wconf 87' lang='grc' dir='ltr'>μα-</span> 
     </span>
    </p>
   </div>
   <div class='ocr_carea' id='block_1_10' title="bbox 331 1168 1910 1244">
    <p class='ocr_par' dir='ltr' id='par_1_10' title="bbox 331 1168 1910 1244">
     <span class='ocr_line' id='line_1_10' title="bbox 331 1168 1910 1244; baseline 0.002 -24"><span class='ocrx_word' id='word_1_69' title='bbox 331 1168 650 1238; x_wconf 89' lang='grc' dir='ltr'>καριότητα,</span> <span class='ocrx_word' id='word_1_70' title='bbox 665 1189 681 1221; x_wconf 85' lang='grc' dir='ltr'><strong>ι</strong></span> <span class='ocrx_word' id='word_1_71' title='bbox 704 1171 838 1242; x_wconf 80' lang='grc' dir='ltr'>πρὸς</span> <span class='ocrx_word' id='word_1_72' title='bbox 852 1173 947 1243; x_wconf 85' lang='grc' dir='ltr'>τὴν</span> <span class='ocrx_word' id='word_1_73' title='bbox 965 1172 1255 1244; x_wconf 88' lang='grc' dir='ltr'>μέλλουσαν</span> <span class='ocrx_word' id='word_1_74' title='bbox 1273 1174 1427 1240; x_wconf 81' lang='grc' dir='ltr'>δόξαν</span> <span class='ocrx_word' id='word_1_75' title='bbox 1440 1173 1910 1227; x_wconf 78' lang='grc' dir='ltr'>ἀποκαλύπτεσθαι</span> 
     </span>
    </p>
   </div>
   <div class='ocr_carea' id='block_1_11' title="bbox 329 1261 1911 1340">
    <p class='ocr_par' dir='ltr' id='par_1_11' title="bbox 329 1261 1911 1340">
     <span class='ocr_line' id='line_1_11' title="bbox 329 1261 1911 1340; baseline 0.006 -29"><span class='ocrx_word' id='word_1_76' title='bbox 329 1261 406 1324; x_wconf 86' lang='grc' dir='ltr'><strong>είς</strong></span> <span class='ocrx_word' id='word_1_77' title='bbox 426 1262 580 1332; x_wconf 76' lang='grc' dir='ltr'>ἡμᾶς</span> <span class='ocrx_word' id='word_1_78' title='bbox 598 1279 612 1294; x_wconf 89' lang='grc'>·</span> <span class='ocrx_word' id='word_1_79' title='bbox 641 1283 658 1314; x_wconf 71' lang='grc' dir='ltr'><strong>ι</strong></span> <span class='ocrx_word' id='word_1_80' title='bbox 677 1265 768 1317; x_wconf 78' lang='grc' dir='ltr'><strong>καὶ</strong></span> <span class='ocrx_word' id='word_1_81' title='bbox 789 1265 1020 1335; x_wconf 86' lang='grc' dir='ltr'>μάλιστα</span> <span class='ocrx_word' id='word_1_82' title='bbox 1048 1269 1169 1321; x_wconf 70' lang='grc' dir='ltr'>ἐπεὶ</span> <span class='ocrx_word' id='word_1_83' title='bbox 1204 1289 1221 1320; x_wconf 83' lang='grc' dir='ltr'><strong>ι</strong></span> <span class='ocrx_word' id='word_1_84' title='bbox 1247 1270 1306 1322; x_wconf 91' lang='grc' dir='ltr'><strong>τὸ</strong></span> <span class='ocrx_word' id='word_1_85' title='bbox 1337 1269 1647 1340; x_wconf 71' lang='grc' dir='ltr'>παραυτίκα</span> <span class='ocrx_word' id='word_1_86' title='bbox 1683 1269 1911 1339; x_wconf 74' lang='grc' dir='ltr'>ἐλαφρὸν</span> 
     </span>
    </p>
   </div>
   <div class='ocr_carea' id='block_1_12' title="bbox 328 1354 1912 1433">
    <p class='ocr_par' dir='ltr' id='par_1_12' title="bbox 328 1354 1912 1433">
     <span class='ocr_line' id='line_1_12' title="bbox 328 1354 1912 1433; baseline 0.01 -29"><span class='ocrx_word' id='word_1_87' title='bbox 328 1354 422 1423; x_wconf 79' lang='grc' dir='ltr'>τῆς</span> <span class='ocrx_word' id='word_1_88' title='bbox 458 1354 695 1424; x_wconf 73' lang='grc' dir='ltr'>θλίψεως</span> <span class='ocrx_word' id='word_1_89' title='bbox 736 1358 911 1428; x_wconf 78' lang='grc' dir='ltr'>ἡμῶν,</span> <span class='ocrx_word' id='word_1_90' title='bbox 952 1380 970 1411; x_wconf 74' lang='grc' dir='ltr'><strong>ι</strong></span> <span class='ocrx_word' id='word_1_91' title='bbox 1003 1361 1258 1432; x_wconf 81' lang='grc' dir='ltr'>(ἐλαφρὸν</span> <span class='ocrx_word' id='word_1_92' title='bbox 1287 1364 1398 1424; x_wconf 86' lang='grc' dir='ltr'>τοῖς</span> <span class='ocrx_word' id='word_1_93' title='bbox 1428 1363 1502 1433; x_wconf 83' lang='grc' dir='ltr'>μὴ</span> <span class='ocrx_word' id='word_1_94' title='bbox 1558 1362 1912 1433; x_wconf 78' lang='grc' dir='ltr'>βαρουμένοις</span> 
     </span>
    </p>
   </div>
   <div class='ocr_carea' id='block_1_13' title="bbox 328 1443 1910 1524">
    <p class='ocr_par' dir='ltr' id='par_1_13' title="bbox 328 1443 1910 1524">
     <span class='ocr_line' id='line_1_13' title="bbox 328 1443 1910 1524; baseline 0.006 -29"><span class='ocrx_word' id='word_1_95' title='bbox 328 1443 430 1496; x_wconf 80' lang='grc' dir='ltr'>ὑπὸ</span> <span class='ocrx_word' id='word_1_96' title='bbox 460 1444 575 1499; x_wconf 81' lang='grc' dir='ltr'>τῶν</span> <span class='ocrx_word' id='word_1_97' title='bbox 619 1451 1055 1518; x_wconf 77' lang='grc' dir='ltr'><strong>περιεστηκότων</strong></span> <span class='ocrx_word' id='word_1_98' title='bbox 1099 1454 1192 1505; x_wconf 79' lang='grc' dir='ltr'>καὶ</span> <span class='ocrx_word' id='word_1_99' title='bbox 1233 1454 1500 1524; x_wconf 80' lang='grc' dir='ltr'>τυγχάνον</span> <span class='ocrx_word' id='word_1_100' title='bbox 1547 1455 1639 1506; x_wconf 77' lang='grc' dir='ltr'>καὶ</span> <span class='ocrx_word' id='word_1_101' title='bbox 1681 1453 1910 1522; x_wconf 84' lang='grc' dir='ltr'>λεγόμε-</span> 
     </span>
    </p>
   </div>
   <div class='ocr_carea' id='block_1_14' title="bbox 325 1534 1908 1616">
    <p class='ocr_par' dir='ltr' id='par_1_14' title="bbox 325 1534 1908 1616">
     <span class='ocr_line' id='line_1_14' title="bbox 325 1534 1908 1616; baseline 0.009 -31"><span class='ocrx_word' id='word_1_102' title='bbox 325 1534 456 1600; x_wconf 85' lang='grc' dir='ltr'>νον),</span> <span class='ocrx_word' id='word_1_103' title='bbox 488 1537 604 1606; x_wconf 78' lang='grc' dir='ltr'><strong>ὅσῳ</strong></span> <span class='ocrx_word' id='word_1_104' title='bbox 633 1537 810 1592; x_wconf 85' lang='grc' dir='ltr'>πλεῖον</span> <span class='ocrx_word' id='word_1_105' title='bbox 845 1541 1178 1612; x_wconf 73' lang='grc' dir='ltr'>ὑπερϐάλλον</span> <span class='ocrx_word' id='word_1_106' title='bbox 1207 1544 1434 1613; x_wconf 88' lang='grc' dir='ltr'>γίνεται,</span> <span class='ocrx_word' id='word_1_107' title='bbox 1465 1545 1700 1616; x_wconf 82' lang='grc' dir='ltr'>τοσούτῳ</span> <span class='ocrx_word' id='word_1_108' title='bbox 1729 1544 1908 1616; x_wconf 80' lang='grc' dir='ltr'>μεῖζον</span> 
     </span>
    </p>
   </div>
   <div class='ocr_carea' id='block_1_15' title="bbox 327 1626 1905 1709">
    <p class='ocr_par' dir='ltr' id='par_1_15' title="bbox 327 1626 1905 1709">
     <span class='ocr_line' id='line_1_15' title="bbox 327 1626 1905 1709; baseline 0.01 -33"><span class='ocrx_word' id='word_1_109' title='bbox 327 1627 418 1677; x_wconf 76' lang='grc' dir='ltr'><strong>καὶ</strong></span> <span class='ocrx_word' id='word_1_110' title='bbox 446 1626 631 1680; x_wconf 83' lang='grc' dir='ltr'>πλεῖον</span> <span class='ocrx_word' id='word_1_111' title='bbox 665 1648 682 1678; x_wconf 81' lang='grc' dir='ltr'><strong>ι</strong></span> <span class='ocrx_word' id='word_1_112' title='bbox 722 1629 886 1701; x_wconf 80' lang='grc' dir='ltr'>βάρος</span> <span class='ocrx_word' id='word_1_113' title='bbox 919 1632 1134 1687; x_wconf 83' lang='grc' dir='ltr'>αἰώνιον</span> <span class='ocrx_word' id='word_1_114' title='bbox 1172 1635 1281 1705; x_wconf 87' lang='grc'><strong>(60)</strong></span> <span class='ocrx_word' id='word_1_115' title='bbox 1321 1637 1478 1707; x_wconf 78' lang='grc' dir='ltr'>δόξης</span> <span class='ocrx_word' id='word_1_116' title='bbox 1515 1637 1905 1709; x_wconf 78' lang='grc' dir='ltr'>κατεργάζεται</span> 
     </span>
    </p>
   </div>
   <div class='ocr_carea' id='block_1_16' title="bbox 1436 237 2487 295">
    <p class='ocr_par' dir='ltr' id='par_1_16' title="bbox 1436 237 2487 295">
     <span class='ocr_line' id='line_1_16' title="bbox 1436 237 2487 295; baseline -0.001 -2"><span class='ocrx_word' id='word_1_117' title='bbox 1436 237 1882 295; x_wconf 73' lang='grc' dir='ltr'><strong>ΕΧΠΟΒΤΑΤΙΟ</strong></span> <span class='ocrx_word' id='word_1_118' title='bbox 1922 237 2012 293; x_wconf 87' lang='lat' dir='ltr'><strong>AD</strong></span> <span class='ocrx_word' id='word_1_119' title='bbox 2051 238 2487 294; x_wconf 77' lang='lat' dir='ltr'><strong>MARTYRIUM.</strong></span> 
     </span>
    </p>
   </div>
   <div class='ocr_carea' id='block_1_17' title="bbox 423 354 1988 426">
    <p class='ocr_par' dir='ltr' id='par_1_17' title="bbox 423 354 1988 426">
     <span class='ocr_line' id='line_1_17' title="bbox 423 354 1988 426; baseline 0.003 -20"><span class='ocrx_word' id='word_1_120' title='bbox 423 354 578 407; x_wconf 83' lang='grc' dir='ltr'>Ἀλλὰ</span> <span class='ocrx_word' id='word_1_121' title='bbox 623 355 714 406; x_wconf 76' lang='grc' dir='ltr'>καὶ</span> <span class='ocrx_word' id='word_1_122' title='bbox 763 355 810 408; x_wconf 83' lang='grc' dir='ltr'><strong>εί</strong></span> <span class='ocrx_word' id='word_1_123' title='bbox 859 356 1329 426; x_wconf 77' lang='grc' dir='ltr'>φαυλίζοιενήμᾶς</span> <span class='ocrx_word' id='word_1_124' title='bbox 1375 358 1467 411; x_wconf 76' lang='grc' dir='ltr'><strong>καὶ</strong></span> <span class='ocrx_word' id='word_1_125' title='bbox 1512 358 1913 423; x_wconf 80' lang='grc' dir='ltr'>ἐξευτελίζοιεν,</span> <span class='ocrx_word' id='word_1_126' title='bbox 1951 364 1988 418; x_wconf 72' lang='grc' dir='ltr'><strong>Α</strong></span> 
     </span>
    </p>
   </div>
   <div class='ocr_carea' id='block_1_18' title="bbox 3471 242 3573 298">
    <p class='ocr_par' dir='ltr' id='par_1_18' title="bbox 3471 242 3573 298">
     <span class='ocr_line' id='line_1_18' title="bbox 3471 242 3573 298; baseline -0.01 0"><span class='ocrx_word' id='word_1_127' title='bbox 3471 242 3573 298; x_wconf 74' lang='lat'><strong>566</strong></span> 
     </span>
    </p>
   </div>
   <div class='ocr_carea' id='block_1_19' title="bbox 2091 355 3574 413">
    <p class='ocr_par' dir='ltr' id='par_1_19' title="bbox 2091 355 3574 413">
     <span class='ocr_line' id='line_1_19' title="bbox 2091 355 3574 413; baseline 0.001 -3"><span class='ocrx_word' id='word_1_128' title='bbox 2091 358 2145 410; x_wconf 79' lang='lat'><strong>9..</strong></span> <span class='ocrx_word' id='word_1_129' title='bbox 2189 356 2293 412; x_wconf 91' lang='lat' dir='ltr'><strong>Sed</strong></span> <span class='ocrx_word' id='word_1_130' title='bbox 2333 357 2435 412; x_wconf 88' lang='lat' dir='ltr'><strong>etsi</strong></span> <span class='ocrx_word' id='word_1_131' title='bbox 2478 355 2637 411; x_wconf 88' lang='lat' dir='ltr'><strong>alieni</strong></span> <span class='ocrx_word' id='word_1_132' title='bbox 2681 371 2777 412; x_wconf 89' lang='lat' dir='ltr'><strong>nos</strong></span> <span class='ocrx_word' id='word_1_133' title='bbox 2815 356 3271 413; x_wconf 69' lang='lat' dir='ltr'><strong>subsannaverint</strong></span> <span class='ocrx_word' id='word_1_134' title='bbox 3312 367 3367 413; x_wconf 90' lang='lat' dir='ltr'><strong>et</strong></span> <span class='ocrx_word' id='word_1_135' title='bbox 3420 360 3574 412; x_wconf 84' lang='lat' dir='ltr'><strong>nihili</strong></span> 
     </span>
    </p>
   </div>
   <div class='ocr_carea' id='block_1_20' title="bbox 2023 448 3580 518">
    <p class='ocr_par' dir='ltr' id='par_1_20' title="bbox 2023 448 3580 518">
     <span class='ocr_line' id='line_1_20' title="bbox 2023 448 3580 518; baseline 0.001 -16"><span class='ocrx_word' id='word_1_136' title='bbox 2023 449 2285 514; x_wconf 79' lang='lat' dir='ltr'><strong>fecerint,</strong></span> <span class='ocrx_word' id='word_1_137' title='bbox 2317 449 2428 502; x_wconf 83' lang='lat' dir='ltr'><strong>sive</strong></span> <span class='ocrx_word' id='word_1_138' title='bbox 2459 449 2650 518; x_wconf 90' lang='lat' dir='ltr'><strong>impios</strong></span> <span class='ocrx_word' id='word_1_139' title='bbox 2679 449 2790 502; x_wconf 90' lang='lat' dir='ltr'><strong>sive</strong></span> <span class='ocrx_word' id='word_1_140' title='bbox 2822 449 3014 502; x_wconf 89' lang='lat' dir='ltr'><strong>stultos</strong></span> <span class='ocrx_word' id='word_1_141' title='bbox 3043 458 3294 503; x_wconf 87' lang='lat' dir='ltr'><strong>vocantes</strong></span> <span class='ocrx_word' id='word_1_142' title='bbox 3314 491 3330 515; x_wconf 92' lang='lat'><strong>,</strong></span> <span class='ocrx_word' id='word_1_143' title='bbox 3363 448 3580 504; x_wconf 84' lang='lat' dir='ltr'><strong>divina-</strong></span> 
     </span>
    </p>
   </div>
   <div class='ocr_carea' id='block_1_21' title="bbox 2021 538 3573 609">
    <p class='ocr_par' dir='ltr' id='par_1_21' title="bbox 2021 538 3573 609">
     <span class='ocr_line' id='line_1_21' title="bbox 2021 538 3573 609; baseline 0.001 -18"><span class='ocrx_word' id='word_1_144' title='bbox 2021 555 2134 592; x_wconf 89' lang='lat' dir='ltr'><strong>rum</strong></span> <span class='ocrx_word' id='word_1_145' title='bbox 2180 541 2584 594; x_wconf 86' lang='lat' dir='ltr'><strong>meminerimus</strong></span> <span class='ocrx_word' id='word_1_146' title='bbox 2623 538 3024 609; x_wconf 89' lang='lat' dir='ltr'><strong>Scripturarum</strong></span> <span class='ocrx_word' id='word_1_147' title='bbox 3066 539 3158 609; x_wconf 89' lang='lat' dir='ltr'><strong>qui</strong></span> <span class='ocrx_word' id='word_1_148' title='bbox 3201 540 3272 593; x_wconf 91' lang='lat' dir='ltr'><strong>sit</strong></span> <span class='ocrx_word' id='word_1_149' title='bbox 3315 538 3573 608; x_wconf 84' lang='lat' dir='ltr'><strong>loquendi</strong></span> 
     </span>
    </p>
   </div>
   <div class='ocr_carea' id='block_1_22' title="bbox 2019 627 3576 698">
    <p class='ocr_par' dir='ltr' id='par_1_22' title="bbox 2019 627 3576 698">
     <span class='ocr_line' id='line_1_22' title="bbox 2019 627 3576 698; baseline 0 -16"><span class='ocrx_word' id='word_1_150' title='bbox 2019 630 2241 695; x_wconf 89' lang='lat' dir='ltr'><strong>modus,</strong></span> <span class='ocrx_word' id='word_1_151' title='bbox 2285 644 2433 698; x_wconf 84' lang='lat' dir='ltr'><strong>spem</strong></span> <span class='ocrx_word' id='word_1_152' title='bbox 2473 627 2684 683; x_wconf 84' lang='lat' dir='ltr'><strong>scilicet</strong></span> <span class='ocrx_word' id='word_1_153' title='bbox 2722 643 2882 696; x_wconf 84' lang='lat' dir='ltr'><strong>super</strong></span> <span class='ocrx_word' id='word_1_154' title='bbox 2920 643 3065 697; x_wconf 84' lang='lat' dir='ltr'>spem</span> <span class='ocrx_word' id='word_1_155' title='bbox 3107 643 3226 696; x_wconf 60' lang='lat' dir='ltr'><strong>quae</strong></span> <span class='ocrx_word' id='word_1_156' title='bbox 3264 629 3440 682; x_wconf 88' lang='lat' dir='ltr'><strong>adhuc</strong></span> <span class='ocrx_word' id='word_1_157' title='bbox 3479 643 3576 697; x_wconf 83' lang='lat' dir='ltr'><strong>pa-</strong></span> 
     </span>
    </p>
   </div>
   <div class='ocr_carea' id='block_1_23' title="bbox 2018 719 3573 787">
    <p class='ocr_par' dir='ltr' id='par_1_23' title="bbox 2018 719 3573 787">
     <span class='ocr_line' id='line_1_23' title="bbox 2018 719 3573 787; baseline 0 -13"><span class='ocrx_word' id='word_1_158' title='bbox 2018 737 2134 774; x_wconf 89' lang='lat' dir='ltr'><strong>rum</strong></span> <span class='ocrx_word' id='word_1_159' title='bbox 2173 721 2324 773; x_wconf 90' lang='lat' dir='ltr'><strong>nobis</strong></span> <span class='ocrx_word' id='word_1_160' title='bbox 2354 735 2611 773; x_wconf 85' lang='lat' dir='ltr'><strong>concessa</strong></span> <span class='ocrx_word' id='word_1_161' title='bbox 2641 731 2747 778; x_wconf 89' lang='lat' dir='ltr'><strong>est.</strong></span> <span class='ocrx_word' id='word_1_162' title='bbox 2782 736 2801 769; x_wconf 76' lang='grc' dir='ltr'><strong>ι</strong></span> <span class='ocrx_word' id='word_1_163' title='bbox 2831 728 3047 787; x_wconf 87' lang='lat' dir='ltr'><strong>prOpter</strong></span> <span class='ocrx_word' id='word_1_164' title='bbox 3071 719 3372 772; x_wconf 88' lang='lat' dir='ltr'><strong>irrisionem</strong></span> <span class='ocrx_word' id='word_1_165' title='bbox 3402 719 3573 774; x_wconf 91' lang='lat' dir='ltr'><strong>labio-</strong></span> 
     </span>
    </p>
   </div>
   <div class='ocr_carea' id='block_1_24' title="bbox 2019 811 3570 878">
    <p class='ocr_par' dir='ltr' id='par_1_24' title="bbox 2019 811 3570 878">
     <span class='ocr_line' id='line_1_24' title="bbox 2019 811 3570 878; baseline 0.001 -13"><span class='ocrx_word' id='word_1_166' title='bbox 2019 828 2170 872; x_wconf 87' lang='lat' dir='ltr'><strong>rum,</strong></span> <span class='ocrx_word' id='word_1_167' title='bbox 2209 823 2430 878; x_wconf 88' lang='lat' dir='ltr'><strong>pr0pter</strong></span> <span class='ocrx_word' id='word_1_168' title='bbox 2473 812 2706 878; x_wconf 75' lang='lat' dir='ltr'><strong>linguam</strong></span> <span class='ocrx_word' id='word_1_169' title='bbox 2747 811 2976 864; x_wconf 81' lang='lat' dir='ltr'><strong>alteram</strong></span> <span class='ocrx_word' id='word_1_170' title='bbox 3014 832 3032 863; x_wconf 69' lang='grc' dir='ltr'><strong>ι</strong></span> <span class='ocrx_word' id='word_1_171' title='bbox 3061 826 3181 865; x_wconf 90' lang='lat' dir='ltr'><strong>esse</strong></span> <span class='ocrx_word' id='word_1_172' title='bbox 3223 812 3570 866; x_wconf 84' lang='lat' dir='ltr'><strong>reddendam.</strong></span> 
     </span>
    </p>
   </div>
   <div class='ocr_carea' id='block_1_25' title="bbox 2015 901 3570 971">
    <p class='ocr_par' dir='ltr' id='par_1_25' title="bbox 2015 901 3570 971">
     <span class='ocr_line' id='line_1_25' title="bbox 2015 901 3570 971; baseline 0.003 -19"><span class='ocrx_word' id='word_1_173' title='bbox 2015 901 2144 966; x_wconf 83' lang='lat' dir='ltr'>Quis</span> <span class='ocrx_word' id='word_1_174' title='bbox 2180 915 2309 953; x_wconf 89' lang='lat' dir='ltr'><strong>vero</strong></span> <span class='ocrx_word' id='word_1_175' title='bbox 2345 917 2445 954; x_wconf 94' lang='lat' dir='ltr'><strong>non</strong></span> <span class='ocrx_word' id='word_1_176' title='bbox 2485 905 2785 969; x_wconf 84' lang='lat' dir='ltr'><strong>susceperit</strong></span> <span class='ocrx_word' id='word_1_177' title='bbox 2825 902 3228 956; x_wconf 89' lang='lat' dir='ltr'><strong>tribulationem</strong></span> <span class='ocrx_word' id='word_1_178' title='bbox 3271 918 3432 971; x_wconf 88' lang='lat' dir='ltr'><strong>super</strong></span> <span class='ocrx_word' id='word_1_179' title='bbox 3473 905 3570 958; x_wconf 76' lang='lat' dir='ltr'><strong>tri-</strong></span> 
     </span>
    </p>
   </div>
   <div class='ocr_carea' id='block_1_26' title="bbox 2015 991 3571 1062">
    <p class='ocr_par' dir='ltr' id='par_1_26' title="bbox 2015 991 3571 1062">
     <span class='ocr_line' id='line_1_26' title="bbox 2015 991 3571 1062; baseline 0.002 -19"><span class='ocrx_word' id='word_1_180' title='bbox 2015 991 2343 1044; x_wconf 90' lang='lat' dir='ltr'><strong>bulationem</strong></span> <span class='ocrx_word' id='word_1_181' title='bbox 2377 1031 2386 1052; x_wconf 87' lang='lat'><strong>,</strong></span> <span class='ocrx_word' id='word_1_182' title='bbox 2428 1001 2485 1043; x_wconf 92' lang='lat' dir='ltr'><strong>ut</strong></span> <span class='ocrx_word' id='word_1_183' title='bbox 2527 993 2710 1044; x_wconf 88' lang='lat' dir='ltr'><strong>statim</strong></span> <span class='ocrx_word' id='word_1_184' title='bbox 2753 1002 2803 1044; x_wconf 90' lang='lat' dir='ltr'><strong>et</strong></span> <span class='ocrx_word' id='word_1_185' title='bbox 2838 1007 2986 1060; x_wconf 89' lang='lat' dir='ltr'><strong>spem</strong></span> <span class='ocrx_word' id='word_1_186' title='bbox 3029 1007 3192 1061; x_wconf 83' lang='lat' dir='ltr'><strong>super</strong></span> <span class='ocrx_word' id='word_1_187' title='bbox 3231 1009 3380 1062; x_wconf 88' lang='lat' dir='ltr'><strong>spem</strong></span> <span class='ocrx_word' id='word_1_188' title='bbox 3423 995 3571 1046; x_wconf 80' lang='lat' dir='ltr'><strong>acci-</strong></span> 
     </span>
    </p>
   </div>
   <div class='ocr_carea' id='block_1_27' title="bbox 2016 1080 3573 1152">
    <p class='ocr_par' dir='ltr' id='par_1_27' title="bbox 2016 1080 3573 1152">
     <span class='ocr_line' id='line_1_27' title="bbox 2016 1080 3573 1152; baseline 0.001 -17"><span class='ocrx_word' id='word_1_189' title='bbox 2016 1082 2169 1149; x_wconf 83' lang='lat' dir='ltr'><strong>piat?</strong></span> <span class='ocrx_word' id='word_1_190' title='bbox 2207 1091 2468 1150; x_wconf 89' lang='lat' dir='ltr'><strong>reputans</strong></span> <span class='ocrx_word' id='word_1_191' title='bbox 2521 1097 2643 1134; x_wconf 89' lang='lat' dir='ltr'><strong>cum</strong></span> <span class='ocrx_word' id='word_1_192' title='bbox 2692 1080 2860 1134; x_wconf 81' lang='lat' dir='ltr'><strong>Paulo</strong></span> <span class='ocrx_word' id='word_1_193' title='bbox 2916 1098 3026 1134; x_wconf 93' lang='lat' dir='ltr'><strong>non</strong></span> <span class='ocrx_word' id='word_1_194' title='bbox 3081 1099 3198 1135; x_wconf 90' lang='lat' dir='ltr'><strong>esse</strong></span> <span class='ocrx_word' id='word_1_195' title='bbox 3232 1101 3249 1132; x_wconf 79' lang='grc' dir='ltr'><strong>ι</strong></span> <span class='ocrx_word' id='word_1_196' title='bbox 3283 1083 3573 1152; x_wconf 80' lang='lat' dir='ltr'><strong>condignas</strong></span> 
     </span>
    </p>
   </div>
   <div class='ocr_carea' id='block_1_28' title="bbox 2015 1169 3572 1239">
    <p class='ocr_par' dir='ltr' id='par_1_28' title="bbox 2015 1169 3572 1239">
     <span class='ocr_line' id='line_1_28' title="bbox 2015 1169 3572 1239; baseline 0.001 -17"><span class='ocrx_word' id='word_1_197' title='bbox 2015 1173 2291 1239; x_wconf 82' lang='lat' dir='ltr'><strong>passiones</strong></span> <span class='ocrx_word' id='word_1_198' title='bbox 2329 1170 2488 1237; x_wconf 85' lang='lat' dir='ltr'><strong>hujus</strong></span> <span class='ocrx_word' id='word_1_199' title='bbox 2524 1171 2784 1238; x_wconf 89' lang='lat' dir='ltr'><strong>temporis</strong></span> <span class='ocrx_word' id='word_1_200' title='bbox 2813 1169 2880 1235; x_wconf 82' lang='grc'><strong>⁷⁸,</strong></span> <span class='ocrx_word' id='word_1_201' title='bbox 2919 1188 2935 1220; x_wconf 77' lang='grc' dir='ltr'><strong>ι</strong></span> <span class='ocrx_word' id='word_1_202' title='bbox 2964 1170 3159 1238; x_wconf 84' lang='lat' dir='ltr'><strong>quibus</strong></span> <span class='ocrx_word' id='word_1_203' title='bbox 3188 1171 3572 1224; x_wconf 82' lang='lat' dir='ltr'><strong>beatitudinem</strong></span> 
     </span>
    </p>
   </div>
   <div class='ocr_carea' id='block_1_29' title="bbox 2012 1260 3573 1329">
    <p class='ocr_par' dir='ltr' id='par_1_29' title="bbox 2012 1260 3573 1329">
     <span class='ocr_line' id='line_1_29' title="bbox 2012 1260 3573 1329; baseline 0.001 -16"><span class='ocrx_word' id='word_1_204' title='bbox 2012 1263 2175 1314; x_wconf 83' lang='lat' dir='ltr'><strong>veluti</strong></span> <span class='ocrx_word' id='word_1_205' title='bbox 2223 1276 2545 1324; x_wconf 85' lang='lat' dir='ltr'><strong>mercamur,</strong></span> <span class='ocrx_word' id='word_1_206' title='bbox 2599 1278 2617 1310; x_wconf 77' lang='grc' dir='ltr'><strong>ι</strong></span> <span class='ocrx_word' id='word_1_207' title='bbox 2674 1260 2739 1313; x_wconf 88' lang='lat' dir='ltr'><strong>ad</strong></span> <span class='ocrx_word' id='word_1_208' title='bbox 2788 1260 3024 1313; x_wconf 78' lang='lat' dir='ltr'><strong>futuram</strong></span> <span class='ocrx_word' id='word_1_209' title='bbox 3072 1261 3300 1329; x_wconf 84' lang='lat' dir='ltr'><strong>gloriam</strong></span> <span class='ocrx_word' id='word_1_210' title='bbox 3332 1275 3450 1328; x_wconf 66' lang='lat' dir='ltr'><strong>quae</strong></span> <span class='ocrx_word' id='word_1_211' title='bbox 3485 1277 3573 1315; x_wconf 87' lang='lat' dir='ltr'><strong>re-</strong></span> 
     </span>
    </p>
   </div>
   <div class='ocr_carea' id='block_1_30' title="bbox 2014 1351 3571 1418">
    <p class='ocr_par' dir='ltr' id='par_1_30' title="bbox 2014 1351 3571 1418">
     <span class='ocr_line' id='line_1_30' title="bbox 2014 1351 3571 1418; baseline 0.001 -16"><span class='ocrx_word' id='word_1_212' title='bbox 2014 1352 2276 1405; x_wconf 85' lang='lat' dir='ltr'><strong>velabitur</strong></span> <span class='ocrx_word' id='word_1_213' title='bbox 2331 1353 2383 1405; x_wconf 89' lang='lat' dir='ltr'><strong>in</strong></span> <span class='ocrx_word' id='word_1_214' title='bbox 2449 1352 2646 1418; x_wconf 86' lang='lat' dir='ltr'><strong>nobis,</strong></span> <span class='ocrx_word' id='word_1_215' title='bbox 2678 1369 2696 1402; x_wconf 74' lang='grc' dir='ltr'><strong>ι</strong></span> <span class='ocrx_word' id='word_1_216' title='bbox 2745 1351 2981 1405; x_wconf 76' lang='lat' dir='ltr'><strong>maxime</strong></span> <span class='ocrx_word' id='word_1_217' title='bbox 3043 1367 3162 1404; x_wconf 91' lang='lat' dir='ltr'><strong>cum</strong></span> <span class='ocrx_word' id='word_1_218' title='bbox 3215 1369 3235 1402; x_wconf 74' lang='grc' dir='ltr'><strong>ι</strong></span> <span class='ocrx_word' id='word_1_219' title='bbox 3271 1361 3571 1406; x_wconf 90' lang='lat' dir='ltr'><strong>momenta-</strong></span> 
     </span>
    </p>
   </div>
   <div class='ocr_carea' id='block_1_31' title="bbox 2014 1442 3574 1512">
    <p class='ocr_par' dir='ltr' id='par_1_31' title="bbox 2014 1442 3574 1512">
     <span class='ocr_line' id='line_1_31' title="bbox 2014 1442 3574 1512; baseline 0.002 -17"><span class='ocrx_word' id='word_1_220' title='bbox 2014 1459 2170 1496; x_wconf 87' lang='lat' dir='ltr'><strong>ncum</strong></span> <span class='ocrx_word' id='word_1_221' title='bbox 2223 1454 2276 1496; x_wconf 91' lang='lat' dir='ltr'><strong>et</strong></span> <span class='ocrx_word' id='word_1_222' title='bbox 2332 1443 2446 1496; x_wconf 83' lang='lat' dir='ltr'><strong>leve</strong></span> <span class='ocrx_word' id='word_1_223' title='bbox 2481 1442 2850 1498; x_wconf 83' lang='lat' dir='ltr'><strong>tribulationis</strong></span> <span class='ocrx_word' id='word_1_224' title='bbox 2877 1453 3076 1497; x_wconf 64' lang='lat' dir='ltr'><strong>nostrae</strong></span> <span class='ocrx_word' id='word_1_225' title='bbox 3105 1445 3150 1484; x_wconf 76' lang='grc' dir='ltr'><strong>⁷ο</strong></span> <span class='ocrx_word' id='word_1_226' title='bbox 3180 1463 3198 1494; x_wconf 70' lang='grc' dir='ltr'><strong>ι</strong></span> <span class='ocrx_word' id='word_1_227' title='bbox 3229 1442 3404 1511; x_wconf 86' lang='lat' dir='ltr'><strong>(quod</strong></span> <span class='ocrx_word' id='word_1_228' title='bbox 3455 1447 3574 1512; x_wconf 87' lang='lat' dir='ltr'><strong>qui-</strong></span> 
     </span>
    </p>
   </div>
   <div class='ocr_carea' id='block_1_32' title="bbox 2011 1534 3574 1601">
    <p class='ocr_par' dir='ltr' id='par_1_32' title="bbox 2011 1534 3574 1601">
     <span class='ocr_line' id='line_1_32' title="bbox 2011 1534 3574 1601; baseline 0.002 -15"><span class='ocrx_word' id='word_1_229' title='bbox 2011 1534 2128 1586; x_wconf 87' lang='lat' dir='ltr'><strong>dem</strong></span> <span class='ocrx_word' id='word_1_230' title='bbox 2165 1534 2230 1586; x_wconf 93' lang='lat' dir='ltr'><strong>iis</strong></span> <span class='ocrx_word' id='word_1_231' title='bbox 2265 1535 2377 1587; x_wconf 82' lang='lat' dir='ltr'><strong>leve</strong></span> <span class='ocrx_word' id='word_1_232' title='bbox 2405 1543 2458 1587; x_wconf 90' lang='lat' dir='ltr'><strong>et</strong></span> <span class='ocrx_word' id='word_1_233' title='bbox 2493 1544 2576 1586; x_wconf 89' lang='lat' dir='ltr'><strong>est</strong></span> <span class='ocrx_word' id='word_1_234' title='bbox 2605 1543 2660 1586; x_wconf 90' lang='lat' dir='ltr'><strong>et</strong></span> <span class='ocrx_word' id='word_1_235' title='bbox 2689 1535 2884 1586; x_wconf 90' lang='lat' dir='ltr'><strong>dicitur</strong></span> <span class='ocrx_word' id='word_1_236' title='bbox 2909 1537 2998 1601; x_wconf 92' lang='lat' dir='ltr'><strong>qui</strong></span> <span class='ocrx_word' id='word_1_237' title='bbox 3031 1549 3058 1587; x_wconf 91' lang='lat' dir='ltr'><strong>a</strong></span> <span class='ocrx_word' id='word_1_238' title='bbox 3094 1534 3574 1589; x_wconf 87' lang='lat' dir='ltr'><strong>circumstantibus</strong></span> 
     </span>
    </p>
   </div>
   <div class='ocr_carea' id='block_1_33' title="bbox 2012 1625 3565 1694">
    <p class='ocr_par' dir='ltr' id='par_1_33' title="bbox 2012 1625 3565 1694">
     <span class='ocr_line' id='line_1_33' title="bbox 2012 1625 3565 1694; baseline 0.002 -18"><span class='ocrx_word' id='word_1_239' title='bbox 2012 1641 2114 1676; x_wconf 90' lang='lat' dir='ltr'><strong>non</strong></span> <span class='ocrx_word' id='word_1_240' title='bbox 2169 1625 2506 1694; x_wconf 83' lang='lat' dir='ltr'><strong>gravantur)</strong></span> <span class='ocrx_word' id='word_1_241' title='bbox 2561 1635 2764 1691; x_wconf 85' lang='lat' dir='ltr'><strong>quanto</strong></span> <span class='ocrx_word' id='word_1_242' title='bbox 2826 1625 3056 1692; x_wconf 88' lang='lat' dir='ltr'><strong>amplius</strong></span> <span class='ocrx_word' id='word_1_243' title='bbox 3106 1625 3352 1688; x_wconf 79' lang='lat' dir='ltr'><strong>excedit,</strong></span> <span class='ocrx_word' id='word_1_244' title='bbox 3413 1635 3565 1679; x_wconf 91' lang='lat' dir='ltr'><strong>tanto</strong></span> 
     </span>
    </p>
   </div>
   <div class='ocr_carea' id='block_1_34' title="bbox 327 1703 1908 1796">
    <p class='ocr_par' dir='ltr' id='par_1_34' title="bbox 327 1703 1904 1796">
     <span class='ocr_line' id='line_1_34' title="bbox 327 1703 1904 1796; baseline 0.01 -29"><span class='ocrx_word' id='word_1_245' title='bbox 327 1717 486 1786; x_wconf 78' lang='grc' dir='ltr'>ἡμῖν,</span> <span class='ocrx_word' id='word_1_246' title='bbox 547 1737 565 1768; x_wconf 76' lang='grc' dir='ltr'><strong>ι</strong></span> <span class='ocrx_word' id='word_1_247' title='bbox 620 1721 667 1771; x_wconf 88' lang='grc' dir='ltr'><strong>εί</strong></span> <span class='ocrx_word' id='word_1_248' title='bbox 715 1721 862 1792; x_wconf 76' lang='grc' dir='ltr'>παρὰ</span> <span class='ocrx_word' id='word_1_249' title='bbox 906 1723 996 1775; x_wconf 90' lang='grc' dir='ltr'><strong>τὸν</strong></span> <span class='ocrx_word' id='word_1_250' title='bbox 1042 1725 1230 1796; x_wconf 90' lang='grc' dir='ltr'>καιρὸν</span> <span class='ocrx_word' id='word_1_251' title='bbox 1265 1703 1386 1780; x_wconf 31' lang='grc' dir='ltr'>’τῶν</span> <span class='ocrx_word' id='word_1_252' title='bbox 1436 1703 1758 1792; x_wconf 76' lang='grc' dir='ltr'>θλιϐόντων,</span> <span class='ocrx_word' id='word_1_253' title='bbox 1810 1730 1904 1781; x_wconf 71' lang='grc' dir='ltr'><strong>καὶ</strong></span> 
     </span>
    </p>
   </div>
   <div class='ocr_carea' id='block_1_35' title="bbox 2011 1703 3574 1796">
    <p class='ocr_par' dir='ltr' id='par_1_35' title="bbox 2011 1716 3574 1787">
     <span class='ocr_line' id='line_1_35' title="bbox 2011 1716 3574 1787; baseline 0.002 -20"><span class='ocrx_word' id='word_1_254' title='bbox 2011 1716 2178 1782; x_wconf 85' lang='lat' dir='ltr'><strong>majus</strong></span> <span class='ocrx_word' id='word_1_255' title='bbox 2205 1725 2258 1770; x_wconf 89' lang='lat' dir='ltr'><strong>et</strong></span> <span class='ocrx_word' id='word_1_256' title='bbox 2292 1717 2522 1787; x_wconf 89' lang='lat' dir='ltr'><strong>amplius</strong></span> <span class='ocrx_word' id='word_1_257' title='bbox 2551 1735 2568 1766; x_wconf 76' lang='lat'><strong>¢</strong></span> <span class='ocrx_word' id='word_1_258' title='bbox 2605 1725 2822 1770; x_wconf 74' lang='lat' dir='ltr'><strong>azterna:</strong></span> <span class='ocrx_word' id='word_1_259' title='bbox 2858 1717 3039 1785; x_wconf 79' lang='lat' dir='ltr'><strong>gloriae</strong></span> <span class='ocrx_word' id='word_1_260' title='bbox 3074 1717 3282 1784; x_wconf 88' lang='lat' dir='ltr'><strong>pondus</strong></span> <span class='ocrx_word' id='word_1_261' title='bbox 3321 1726 3574 1784; x_wconf 87' lang='lat' dir='ltr'><strong>operetur</strong></span> 
     </span>
    </p>
   </div>
   <div class='ocr_carea' id='block_1_36' title="bbox 326 1805 1904 1887">
    <p class='ocr_par' dir='ltr' id='par_1_36' title="bbox 326 1805 1904 1887">
     <span class='ocr_line' id='line_1_36' title="bbox 326 1805 1904 1887; baseline 0.009 -29"><span class='ocrx_word' id='word_1_262' title='bbox 326 1805 571 1879; x_wconf 80' lang='grc' dir='ltr'>ὡσπερεὶ</span> <span class='ocrx_word' id='word_1_263' title='bbox 607 1809 810 1874; x_wconf 80' lang='grc' dir='ltr'>πιέζειν</span> <span class='ocrx_word' id='word_1_264' title='bbox 860 1812 954 1875; x_wconf 75' lang='grc' dir='ltr'><strong>τὰς</strong></span> <span class='ocrx_word' id='word_1_265' title='bbox 985 1814 1184 1884; x_wconf 62' lang='grc' dir='ltr'>ψυχὰςὶ</span> <span class='ocrx_word' id='word_1_266' title='bbox 1217 1817 1372 1887; x_wconf 80' lang='grc' dir='ltr'>ἡμῶν</span> <span class='ocrx_word' id='word_1_267' title='bbox 1421 1818 1740 1882; x_wconf 87' lang='grc' dir='ltr'>ἐθελόντων,</span> <span class='ocrx_word' id='word_1_268' title='bbox 1778 1821 1904 1872; x_wconf 80' lang='grc' dir='ltr'>ἀπο·</span> 
     </span>
    </p>
   </div>
   <div class='ocr_carea' id='block_1_37' title="bbox 331 1897 1904 1972">
    <p class='ocr_par' dir='ltr' id='par_1_37' title="bbox 331 1897 1904 1972">
     <span class='ocr_line' id='line_1_37' title="bbox 331 1897 1904 1972; baseline 0.009 -25"><span class='ocrx_word' id='word_1_269' title='bbox 331 1897 668 1967; x_wconf 79' lang='grc' dir='ltr'>στρέψαντες</span> <span class='ocrx_word' id='word_1_270' title='bbox 700 1899 760 1952; x_wconf 89' lang='grc' dir='ltr'><strong>τὸ</strong></span> <span class='ocrx_word' id='word_1_271' title='bbox 788 1903 1113 1972; x_wconf 79' lang='grc' dir='ltr'>ἡγεμονικὸν</span> <span class='ocrx_word' id='word_1_272' title='bbox 1147 1906 1254 1958; x_wconf 82' lang='grc' dir='ltr'><strong>ἀπὸ</strong></span> <span class='ocrx_word' id='word_1_273' title='bbox 1299 1906 1404 1960; x_wconf 80' lang='grc' dir='ltr'><strong>τῶν</strong></span> <span class='ocrx_word' id='word_1_274' title='bbox 1439 1911 1728 1971; x_wconf 88' lang='grc' dir='ltr'>ἐπιπόνων,</span> <span class='ocrx_word' id='word_1_275' title='bbox 1781 1927 1904 1961; x_wconf 83' lang='grc' dir='ltr'>σκο-</span> 
     </span>
    </p>
   </div>
   <div class='ocr_carea' id='block_1_38' title="bbox 329 1986 1901 2069">
    <p class='ocr_par' dir='ltr' id='par_1_38' title="bbox 329 1986 1901 2069">
     <span class='ocr_line' id='line_1_38' title="bbox 329 1986 1901 2069; baseline 0.008 -30"><span class='ocrx_word' id='word_1_276' title='bbox 329 1986 522 2058; x_wconf 83' lang='grc' dir='ltr'>πῶμεν</span> <span class='ocrx_word' id='word_1_277' title='bbox 545 1990 603 2041; x_wconf 84' lang='grc' dir='ltr'>οὐ</span> <span class='ocrx_word' id='word_1_278' title='bbox 637 1989 704 2042; x_wconf 81' lang='grc' dir='ltr'>τὰ</span> <span class='ocrx_word' id='word_1_279' title='bbox 736 1994 1057 2064; x_wconf 79' lang='grc' dir='ltr'>ἐνεστηκότα</span> <span class='ocrx_word' id='word_1_280' title='bbox 1092 1995 1342 2060; x_wconf 76' lang='grc' dir='ltr'>ἐπίπονα,</span> <span class='ocrx_word' id='word_1_281' title='bbox 1382 1998 1514 2050; x_wconf 80' lang='grc' dir='ltr'>ἀλλὰ</span> <span class='ocrx_word' id='word_1_282' title='bbox 1563 1999 1629 2051; x_wconf 76' lang='grc' dir='ltr'><strong>τά</strong></span> <span class='ocrx_word' id='word_1_283' title='bbox 1671 1999 1758 2051; x_wconf 79' lang='grc' dir='ltr'><strong>διὰ</strong></span> <span class='ocrx_word' id='word_1_284' title='bbox 1803 2000 1901 2069; x_wconf 80' lang='grc' dir='ltr'><strong>τὴν</strong></span> 
     </span>
    </p>
   </div>
   <div class='ocr_carea' id='block_1_39' title="bbox 327 2079 1908 2163">
    <p class='ocr_par' dir='ltr' id='par_1_39' title="bbox 327 2079 1908 2163">
     <span class='ocr_line' id='line_1_39' title="bbox 327 2079 1908 2163; baseline 0.008 -32"><span class='ocrx_word' id='word_1_285' title='bbox 327 2081 386 2131; x_wconf 88' lang='grc' dir='ltr'><strong>ἐν</strong></span> <span class='ocrx_word' id='word_1_286' title='bbox 431 2079 641 2145; x_wconf 85' lang='grc' dir='ltr'>τούτοις</span> <span class='ocrx_word' id='word_1_287' title='bbox 693 2083 970 2155; x_wconf 81' lang='grc' dir='ltr'>ὑπομονὴν</span> <span class='ocrx_word' id='word_1_288' title='bbox 1023 2089 1135 2150; x_wconf 81' lang='grc' dir='ltr'>τοῖς</span> <span class='ocrx_word' id='word_1_289' title='bbox 1170 2107 1188 2137; x_wconf 89' lang='grc'><strong><em>‹</em></strong></span> <span class='ocrx_word' id='word_1_290' title='bbox 1228 2089 1470 2159; x_wconf 75' lang='grc' dir='ltr'>νομίμως</span> <span class='ocrx_word' id='word_1_291' title='bbox 1522 2109 1538 2140; x_wconf 72' lang='grc' dir='ltr'><strong>ι</strong></span> <span class='ocrx_word' id='word_1_292' title='bbox 1573 2093 1629 2144; x_wconf 87' lang='grc' dir='ltr'><strong>ἐν</strong></span> <span class='ocrx_word' id='word_1_293' title='bbox 1691 2091 1908 2163; x_wconf 88' lang='grc' dir='ltr'>Χριστῷ</span> 
     </span>
    </p>
   </div>
   <div class='ocr_carea' id='block_1_40' title="bbox 335 2170 1904 2250">
    <p class='ocr_par' dir='ltr' id='par_1_40' title="bbox 335 2170 1904 2250">
     <span class='ocr_line' id='line_1_40' title="bbox 335 2170 1904 2250; baseline 0.008 -29"><span class='ocrx_word' id='word_1_294' title='bbox 335 2187 354 2220; x_wconf 76' lang='grc' dir='ltr'><strong>ι</strong></span> <span class='ocrx_word' id='word_1_295' title='bbox 387 2170 652 2242; x_wconf 85' lang='grc' dir='ltr'>ἀθλήσασι</span> <span class='ocrx_word' id='word_1_296' title='bbox 706 2192 725 2226; x_wconf 70' lang='grc' dir='ltr'><strong>ι</strong></span> <span class='ocrx_word' id='word_1_297' title='bbox 775 2175 955 2245; x_wconf 85' lang='grc' dir='ltr'>χάριτι</span> <span class='ocrx_word' id='word_1_298' title='bbox 1003 2177 1138 2231; x_wconf 84' lang='grc' dir='ltr'>Θεοῦ</span> <span class='ocrx_word' id='word_1_299' title='bbox 1178 2179 1550 2250; x_wconf 86' lang='grc' dir='ltr'>ἀποκείμενα,</span> <span class='ocrx_word' id='word_1_300' title='bbox 1595 2182 1904 2234; x_wconf 84' lang='grc' dir='ltr'>πολλαπλα-</span> 
     </span>
    </p>
   </div>
   <div class='ocr_carea' id='block_1_41' title="bbox 329 2260 1906 2341">
    <p class='ocr_par' dir='ltr' id='par_1_41' title="bbox 329 2260 1906 2341">
     <span class='ocr_line' id='line_1_41' title="bbox 329 2260 1906 2341; baseline 0.008 -28"><span class='ocrx_word' id='word_1_301' title='bbox 329 2260 608 2327; x_wconf 82' lang='grc' dir='ltr'>σιάζοντος</span> <span class='ocrx_word' id='word_1_302' title='bbox 643 2263 740 2327; x_wconf 77' lang='grc' dir='ltr'>τὰς</span> <span class='ocrx_word' id='word_1_303' title='bbox 779 2267 1114 2337; x_wconf 77' lang='grc' dir='ltr'>εὐεργεσίας,</span> <span class='ocrx_word' id='word_1_304' title='bbox 1157 2272 1249 2324; x_wconf 77' lang='grc' dir='ltr'><strong>καὶ</strong></span> <span class='ocrx_word' id='word_1_305' title='bbox 1286 2271 1428 2341; x_wconf 81' lang='grc' dir='ltr'>ὑπὲρ</span> <span class='ocrx_word' id='word_1_306' title='bbox 1470 2271 1565 2341; x_wconf 84' lang='grc' dir='ltr'>τὴν</span> <span class='ocrx_word' id='word_1_307' title='bbox 1601 2271 1752 2335; x_wconf 80' lang='grc' dir='ltr'>ἀξίαν</span> <span class='ocrx_word' id='word_1_308' title='bbox 1799 2271 1906 2325; x_wconf 80' lang='grc' dir='ltr'>τῶν</span> 
     </span>
    </p>
   </div>
   <div class='ocr_carea' id='block_1_42' title="bbox 325 2352 1902 2433">
    <p class='ocr_par' dir='ltr' id='par_1_42' title="bbox 325 2352 1902 2433">
     <span class='ocr_line' id='line_1_42' title="bbox 325 2352 1902 2433; baseline 0.006 -30"><span class='ocrx_word' id='word_1_309' title='bbox 325 2352 420 2404; x_wconf 87' lang='grc' dir='ltr'><strong>τοῦ</strong></span> <span class='ocrx_word' id='word_1_310' title='bbox 463 2353 872 2426; x_wconf 82' lang='grc' dir='ltr'>ἀγωνισαμένου</span> <span class='ocrx_word' id='word_1_311' title='bbox 927 2359 1189 2429; x_wconf 88' lang='grc' dir='ltr'>καμάτων</span> <span class='ocrx_word' id='word_1_312' title='bbox 1235 2361 1472 2414; x_wconf 89' lang='grc' dir='ltr'>τοσαῦτα</span> <span class='ocrx_word' id='word_1_313' title='bbox 1527 2361 1902 2433; x_wconf 73' lang='grc' dir='ltr'>δωρουμένου,</span> 
     </span>
    </p>
   </div>
   <div class='ocr_carea' id='block_1_43' title="bbox 322 2445 1908 2527">
    <p class='ocr_par' dir='ltr' id='par_1_43' title="bbox 322 2445 1908 2527">
     <span class='ocr_line' id='line_1_43' title="bbox 322 2445 1908 2527; baseline 0.008 -30"><span class='ocrx_word' id='word_1_314' title='bbox 322 2445 426 2498; x_wconf 77' lang='grc' dir='ltr'><strong>ὅσα</strong></span> <span class='ocrx_word' id='word_1_315' title='bbox 455 2445 522 2501; x_wconf 82' lang='grc' dir='ltr'><strong>ἂν</strong></span> <span class='ocrx_word' id='word_1_316' title='bbox 547 2449 732 2521; x_wconf 83' lang='grc' dir='ltr'>πρέπῃ</span> <span class='ocrx_word' id='word_1_317' title='bbox 761 2450 833 2521; x_wconf 82' lang='grc' dir='ltr'>μὴ</span> <span class='ocrx_word' id='word_1_318' title='bbox 868 2453 1404 2527; x_wconf 83' lang='grc' dir='ltr'>γλισχρολογουμένῳ</span> <span class='ocrx_word' id='word_1_319' title='bbox 1437 2454 1655 2518; x_wconf 87' lang='grc' dir='ltr'>διδόναι,</span> <span class='ocrx_word' id='word_1_320' title='bbox 1692 2455 1768 2525; x_wconf 82' lang='grc' dir='ltr'><strong>τῷ</strong></span> <span class='ocrx_word' id='word_1_321' title='bbox 1816 2473 1908 2526; x_wconf 84' lang='grc' dir='ltr'>με-</span> 
     </span>
    </p>
   </div>
   <div class='ocr_carea' id='block_1_44' title="bbox 323 2535 1906 2615">
    <p class='ocr_par' dir='ltr' id='par_1_44' title="bbox 323 2535 1906 2615">
     <span class='ocr_line' id='line_1_44' title="bbox 323 2535 1906 2615; baseline 0.007 -29"><span class='ocrx_word' id='word_1_322' title='bbox 323 2535 620 2607; x_wconf 81' lang='grc' dir='ltr'>γαλοδώρῳ</span> <span class='ocrx_word' id='word_1_323' title='bbox 649 2539 744 2590; x_wconf 71' lang='grc' dir='ltr'>καὶ</span> <span class='ocrx_word' id='word_1_324' title='bbox 775 2541 1151 2610; x_wconf 82' lang='grc' dir='ltr'>ἐπιστημόνως</span> <span class='ocrx_word' id='word_1_325' title='bbox 1194 2543 1290 2606; x_wconf 74' lang='grc' dir='ltr'>τὰς</span> <span class='ocrx_word' id='word_1_326' title='bbox 1323 2544 1516 2595; x_wconf 76' lang='grc' dir='ltr'>ἑαυτοῦ</span> <span class='ocrx_word' id='word_1_327' title='bbox 1551 2545 1776 2615; x_wconf 85' lang='grc' dir='ltr'>χάριτας</span> <span class='ocrx_word' id='word_1_328' title='bbox 1811 2564 1906 2615; x_wconf 86' lang='grc' dir='ltr'>με-</span> 
     </span>
    </p>
   </div>
   <div class='ocr_carea' id='block_1_45' title="bbox 322 2623 1911 2706">
    <p class='ocr_par' dir='ltr' id='par_1_45' title="bbox 322 2623 1911 2706">
     <span class='ocr_line' id='line_1_45' title="bbox 322 2623 1911 2706; baseline 0.008 -30"><span class='ocrx_word' id='word_1_329' title='bbox 322 2623 611 2691; x_wconf 87' lang='grc' dir='ltr'>γεθύνοντι</span> <span class='ocrx_word' id='word_1_330' title='bbox 662 2627 800 2697; x_wconf 83' lang='grc' dir='ltr'>Θεῷ,</span> <span class='ocrx_word' id='word_1_331' title='bbox 845 2629 936 2681; x_wconf 78' lang='grc' dir='ltr'><strong>ἐπὶ</strong></span> <span class='ocrx_word' id='word_1_332' title='bbox 968 2633 1111 2696; x_wconf 79' lang='grc' dir='ltr'>τοὺς,</span> <span class='ocrx_word' id='word_1_333' title='bbox 1144 2633 1220 2702; x_wconf 83' lang='grc' dir='ltr'>τῷ</span> <span class='ocrx_word' id='word_1_334' title='bbox 1254 2634 1351 2706; x_wconf 84' lang='grc' dir='ltr'>ὅση</span> <span class='ocrx_word' id='word_1_335' title='bbox 1400 2634 1627 2704; x_wconf 87' lang='grc' dir='ltr'>δύναμις</span> <span class='ocrx_word' id='word_1_336' title='bbox 1673 2653 1911 2688; x_wconf 86' lang='grc' dir='ltr'>καταπε-</span> 
     </span>
    </p>
   </div>
   <div class='ocr_carea' id='block_1_46' title="bbox 323 2715 1908 2797">
    <p class='ocr_par' dir='ltr' id='par_1_46' title="bbox 323 2715 1908 2797">
     <span class='ocr_line' id='line_1_46' title="bbox 323 2715 1908 2797; baseline 0.008 -32"><span class='ocrx_word' id='word_1_337' title='bbox 323 2715 656 2786; x_wconf 83' lang='grc' dir='ltr'>φρονηκέναι</span> <span class='ocrx_word' id='word_1_338' title='bbox 686 2721 778 2772; x_wconf 86' lang='grc' dir='ltr'><strong>τοῦ</strong></span> <span class='ocrx_word' id='word_1_339' title='bbox 805 2721 1121 2792; x_wconf 85' lang='grc' dir='ltr'>ὀστρακίνου</span> <span class='ocrx_word' id='word_1_340' title='bbox 1161 2723 1411 2790; x_wconf 88' lang='grc' dir='ltr'>σκεύους,</span> <span class='ocrx_word' id='word_1_341' title='bbox 1464 2725 1908 2797; x_wconf 79' lang='grc' dir='ltr'>ἐπιδειξαμένους</span> 
     </span>
    </p>
   </div>
   <div class='ocr_carea' id='block_1_47' title="bbox 321 2803 1352 2884">
    <p class='ocr_par' dir='ltr' id='par_1_47' title="bbox 321 2803 1352 2884">
     <span class='ocr_line' id='line_1_47' title="bbox 321 2803 1352 2884; baseline 0.01 -28"><span class='ocrx_word' id='word_1_342' title='bbox 321 2803 426 2875; x_wconf 79' lang='grc' dir='ltr'><strong>τὴν</strong></span> <span class='ocrx_word' id='word_1_343' title='bbox 455 2804 553 2879; x_wconf 84' lang='grc' dir='ltr'>ὅλῃ</span> <span class='ocrx_word' id='word_1_344' title='bbox 585 2807 728 2879; x_wconf 80' lang='grc' dir='ltr'><strong>ψυχῇ</strong></span> <span class='ocrx_word' id='word_1_345' title='bbox 758 2810 894 2882; x_wconf 88' lang='grc' dir='ltr'>πρὸς</span> <span class='ocrx_word' id='word_1_346' title='bbox 924 2811 1085 2865; x_wconf 79' lang='grc' dir='ltr'>αὑτὸν</span> <span class='ocrx_word' id='word_1_347' title='bbox 1112 2812 1352 2884; x_wconf 86' lang='grc' dir='ltr'>ἀγάπην.</span> 
     </span>
    </p>
   </div>
   <div class='ocr_carea' id='block_1_48' title="bbox 399 2863 1940 2973">
    <p class='ocr_par' dir='ltr' id='par_1_48' title="bbox 399 2863 1940 2973">
     <span class='ocr_line' id='line_1_48' title="bbox 399 2863 1940 2973; baseline 0.005 -23"><span class='ocrx_word' id='word_1_348' title='bbox 399 2863 612 2972; x_wconf 57' lang='lat' dir='ltr'><strong>&quot;mgi&#39;aé</strong></span> <span class='ocrx_word' id='word_1_349' title='bbox 635 2863 1030 2973; x_wconf 49' lang='grc' dir='ltr'><strong>⁴ιῐῦχῇίνόμίζω</strong></span> <span class='ocrx_word' id='word_1_350' title='bbox 1395 2903 1485 2958; x_wconf 89' lang='grc' dir='ltr'><strong>τὸν</strong></span> <span class='ocrx_word' id='word_1_351' title='bbox 1509 2904 1642 2958; x_wconf 83' lang='grc' dir='ltr'>Θεὸν</span> <span class='ocrx_word' id='word_1_352' title='bbox 1677 2903 1781 2958; x_wconf 81' lang='grc' dir='ltr'><strong>ὑπὸ</strong></span> <span class='ocrx_word' id='word_1_353' title='bbox 1803 2904 1911 2958; x_wconf 84' lang='grc' dir='ltr'>τῶν</span> <span class='ocrx_word' id='word_1_354' title='bbox 1937 2863 1940 2866; x_wconf 11' lang='grc' dir='ltr'><strong><em>Α</em></strong></span> 
     </span>
    </p>
   </div>
   <div class='ocr_carea' id='block_1_49' title="bbox 321 2988 1909 3066">
    <p class='ocr_par' dir='ltr' id='par_1_49' title="bbox 321 2988 1909 3066">
     <span class='ocr_line' id='line_1_49' title="bbox 321 2988 1909 3066; baseline 0.003 -22"><span class='ocrx_word' id='word_1_355' title='bbox 321 2988 693 3045; x_wconf 84' lang='grc' dir='ltr'>ἀποσπώντων</span> <span class='ocrx_word' id='word_1_356' title='bbox 709 2992 802 3045; x_wconf 73' lang='grc' dir='ltr'><strong>καὶ</strong></span> <span class='ocrx_word' id='word_1_357' title='bbox 817 2991 1127 3049; x_wconf 86' lang='grc' dir='ltr'>διῖστάντων</span> <span class='ocrx_word' id='word_1_358' title='bbox 1143 2993 1331 3065; x_wconf 80' lang='grc' dir='ltr'>αὐτὴν,</span> <span class='ocrx_word' id='word_1_359' title='bbox 1345 2994 1432 3048; x_wconf 83' lang='grc' dir='ltr'>διὰ</span> <span class='ocrx_word' id='word_1_360' title='bbox 1445 2993 1642 3065; x_wconf 81' lang='grc' dir='ltr'>πολλὴν</span> <span class='ocrx_word' id='word_1_361' title='bbox 1660 2994 1760 3065; x_wconf 84' lang='grc' dir='ltr'>τῆς</span> <span class='ocrx_word' id='word_1_362' title='bbox 1774 2994 1909 3066; x_wconf 83' lang='grc' dir='ltr'>πρὸς</span> 
     </span>
    </p>
   </div>
   <div class='ocr_carea' id='block_1_50' title="bbox 323 3080 1907 3155">
    <p class='ocr_par' dir='ltr' id='par_1_50' title="bbox 323 3080 1907 3155">
     <span class='ocr_line' id='line_1_50' title="bbox 323 3080 1907 3155; baseline 0.003 -22"><span class='ocrx_word' id='word_1_363' title='bbox 323 3080 386 3132; x_wconf 91' lang='grc' dir='ltr'><strong>τὸ</strong></span> <span class='ocrx_word' id='word_1_364' title='bbox 401 3081 722 3152; x_wconf 81' lang='grc' dir='ltr'>κοινωνῆσαι</span> <span class='ocrx_word' id='word_1_365' title='bbox 738 3081 814 3152; x_wconf 84' lang='grc' dir='ltr'><strong>τῷ</strong></span> <span class='ocrx_word' id='word_1_366' title='bbox 829 3081 946 3152; x_wconf 83' lang='grc' dir='ltr'>Θεῷ</span> <span class='ocrx_word' id='word_1_367' title='bbox 961 3083 1284 3154; x_wconf 87' lang='grc' dir='ltr'>προθυμίαν,</span> <span class='ocrx_word' id='word_1_368' title='bbox 1302 3084 1362 3136; x_wconf 82' lang='grc' dir='ltr'><strong>οὐ</strong></span> <span class='ocrx_word' id='word_1_369' title='bbox 1382 3083 1542 3155; x_wconf 90' lang='grc' dir='ltr'>μόνον</span> <span class='ocrx_word' id='word_1_370' title='bbox 1558 3084 1665 3137; x_wconf 84' lang='grc' dir='ltr'><strong>ἀπὸ</strong></span> <span class='ocrx_word' id='word_1_371' title='bbox 1676 3084 1768 3137; x_wconf 88' lang='grc' dir='ltr'><strong>τοῦ</strong></span> <span class='ocrx_word' id='word_1_372' title='bbox 1789 3085 1907 3154; x_wconf 79' lang='grc' dir='ltr'>γηΐ-</span> 
     </span>
    </p>
   </div>
   <div class='ocr_carea' id='block_1_51' title="bbox 324 3167 1910 3246">
    <p class='ocr_par' dir='ltr' id='par_1_51' title="bbox 324 3167 1910 3246">
     <span class='ocr_line' id='line_1_51' title="bbox 324 3167 1910 3246; baseline 0.002 -23"><span class='ocrx_word' id='word_1_373' title='bbox 324 3187 417 3223; x_wconf 88' lang='grc' dir='ltr'><strong>νου</strong></span> <span class='ocrx_word' id='word_1_374' title='bbox 433 3169 684 3241; x_wconf 87' lang='grc' dir='ltr'>σώματος</span> <span class='ocrx_word' id='word_1_375' title='bbox 702 3170 832 3244; x_wconf 75' lang='grc'><strong>(61),</strong></span> <span class='ocrx_word' id='word_1_376' title='bbox 870 3172 1003 3225; x_wconf 82' lang='grc' dir='ltr'>ἀλλὰ</span> <span class='ocrx_word' id='word_1_377' title='bbox 1027 3174 1121 3226; x_wconf 78' lang='grc' dir='ltr'>καὶ</span> <span class='ocrx_word' id='word_1_378' title='bbox 1149 3174 1256 3227; x_wconf 87' lang='grc' dir='ltr'><strong>ἀπὸ</strong></span> <span class='ocrx_word' id='word_1_379' title='bbox 1281 3176 1481 3238; x_wconf 89' lang='grc' dir='ltr'>παντὸς</span> <span class='ocrx_word' id='word_1_380' title='bbox 1514 3174 1762 3246; x_wconf 90' lang='grc' dir='ltr'>σώματος</span> <span class='ocrx_word' id='word_1_381' title='bbox 1782 3192 1796 3204; x_wconf 82' lang='grc'><em>’</em></span> <span class='ocrx_word' id='word_1_382' title='bbox 1830 3167 1910 3237; x_wconf 74' lang='grc' dir='ltr'><strong>οἷς</strong></span> 
     </span>
    </p>
   </div>
   <div class='ocr_carea' id='block_1_52' title="bbox 325 3262 1910 3336">
    <p class='ocr_par' dir='ltr' id='par_1_52' title="bbox 325 3262 1910 3336">
     <span class='ocr_line' id='line_1_52' title="bbox 325 3262 1910 3336; baseline 0.003 -22"><span class='ocrx_word' id='word_1_383' title='bbox 325 3262 445 3315; x_wconf 86' lang='grc' dir='ltr'><strong>οὑδέ</strong></span> <span class='ocrx_word' id='word_1_384' title='bbox 488 3262 622 3332; x_wconf 78' lang='grc' dir='ltr'>μετὰ</span> <span class='ocrx_word' id='word_1_385' title='bbox 665 3264 1043 3334; x_wconf 89' lang='grc' dir='ltr'>περισπασμοῦ</span> <span class='ocrx_word' id='word_1_386' title='bbox 1076 3265 1169 3317; x_wconf 71' lang='grc' dir='ltr'>καὶ</span> <span class='ocrx_word' id='word_1_387' title='bbox 1205 3265 1605 3336; x_wconf 87' lang='grc' dir='ltr'>περιελκυσμοῦ</span> <span class='ocrx_word' id='word_1_388' title='bbox 1647 3283 1789 3330; x_wconf 87' lang='grc' dir='ltr'>τινος</span> <span class='ocrx_word' id='word_1_389' title='bbox 1823 3265 1910 3336; x_wconf 86' lang='grc' dir='ltr'>γί-</span> 
     </span>
    </p>
   </div>
   <div class='ocr_carea' id='block_1_53' title="bbox 324 3353 1903 3427">
    <p class='ocr_par' dir='ltr' id='par_1_53' title="bbox 324 3353 1903 3427">
     <span class='ocr_line' id='line_1_53' title="bbox 324 3353 1903 3427; baseline 0.001 -21"><span class='ocrx_word' id='word_1_390' title='bbox 324 3369 473 3406; x_wconf 84' lang='grc' dir='ltr'>νεται.</span> <span class='ocrx_word' id='word_1_391' title='bbox 508 3353 568 3405; x_wconf 89' lang='grc' dir='ltr'><strong>τὸ</strong></span> <span class='ocrx_word' id='word_1_392' title='bbox 607 3353 900 3408; x_wconf 85' lang='grc' dir='ltr'>ἀποθέσθαι</span> <span class='ocrx_word' id='word_1_393' title='bbox 947 3372 966 3406; x_wconf 79' lang='grc' dir='ltr'><strong>ι</strong></span> <span class='ocrx_word' id='word_1_394' title='bbox 999 3355 1060 3409; x_wconf 87' lang='grc' dir='ltr'><strong>τὸ</strong></span> <span class='ocrx_word' id='word_1_395' title='bbox 1103 3355 1206 3426; x_wconf 83' lang='grc' dir='ltr'><strong>τῆς</strong></span> <span class='ocrx_word' id='word_1_396' title='bbox 1250 3355 1626 3420; x_wconf 77' lang='grc' dir='ltr'>ταπεινώσεως</span> <span class='ocrx_word' id='word_1_397' title='bbox 1675 3356 1850 3427; x_wconf 78' lang='grc' dir='ltr'>σῶμα,</span> <span class='ocrx_word' id='word_1_398' title='bbox 1885 3373 1903 3408; x_wconf 75' lang='grc' dir='ltr'><strong>ι</strong></span> 
     </span>
    </p>
   </div>
   <div class='ocr_carea' id='block_1_54' title="bbox 326 3440 1908 3515">
    <p class='ocr_par' dir='ltr' id='par_1_54' title="bbox 326 3440 1908 3515">
     <span class='ocr_line' id='line_1_54' title="bbox 326 3440 1908 3515; baseline 0.004 -23"><span class='ocrx_word' id='word_1_399' title='bbox 326 3440 453 3494; x_wconf 84' lang='grc' dir='ltr'>ὅταν</span> <span class='ocrx_word' id='word_1_400' title='bbox 486 3442 674 3512; x_wconf 86' lang='grc' dir='ltr'>καιρὸς</span> <span class='ocrx_word' id='word_1_401' title='bbox 699 3442 826 3512; x_wconf 83' lang='grc' dir='ltr'>διδῷ</span> <span class='ocrx_word' id='word_1_402' title='bbox 866 3442 952 3496; x_wconf 80' lang='grc' dir='ltr'>διὰ</span> <span class='ocrx_word' id='word_1_403' title='bbox 977 3443 1068 3496; x_wconf 88' lang='grc' dir='ltr'><strong>τοῦ</strong></span> <span class='ocrx_word' id='word_1_404' title='bbox 1097 3443 1450 3515; x_wconf 77' lang='grc' dir='ltr'>νομιζομένου</span> <span class='ocrx_word' id='word_1_405' title='bbox 1485 3445 1714 3498; x_wconf 85' lang='grc' dir='ltr'>θανάτου</span> <span class='ocrx_word' id='word_1_406' title='bbox 1753 3444 1908 3498; x_wconf 84' lang='grc' dir='ltr'>ἐκδύ-</span> 
     </span>
    </p>
   </div>
   <div class='ocr_carea' id='block_1_55' title="bbox 326 3529 1902 3603">
    <p class='ocr_par' dir='ltr' id='par_1_55' title="bbox 326 3529 1902 3603">
     <span class='ocr_line' id='line_1_55' title="bbox 326 3529 1902 3603; baseline 0.004 -22"><span class='ocrx_word' id='word_1_407' title='bbox 326 3529 524 3582; x_wconf 89' lang='grc' dir='ltr'>σασθαι</span> <span class='ocrx_word' id='word_1_408' title='bbox 554 3549 572 3582; x_wconf 74' lang='grc' dir='ltr'><strong>ι</strong></span> <span class='ocrx_word' id='word_1_409' title='bbox 614 3533 674 3585; x_wconf 93' lang='grc' dir='ltr'><strong>τὸ</strong></span> <span class='ocrx_word' id='word_1_410' title='bbox 709 3531 866 3603; x_wconf 86' lang='grc' dir='ltr'>σῶμα</span> <span class='ocrx_word' id='word_1_411' title='bbox 904 3531 997 3585; x_wconf 87' lang='grc' dir='ltr'><strong>τοῦ</strong></span> <span class='ocrx_word' id='word_1_412' title='bbox 1030 3534 1282 3595; x_wconf 85' lang='grc' dir='ltr'>θανάτου,</span> <span class='ocrx_word' id='word_1_413' title='bbox 1327 3551 1344 3584; x_wconf 73' lang='grc' dir='ltr'><strong>ι</strong></span> <span class='ocrx_word' id='word_1_414' title='bbox 1379 3535 1473 3587; x_wconf 73' lang='grc' dir='ltr'>καὶ</span> <span class='ocrx_word' id='word_1_415' title='bbox 1500 3534 1902 3603; x_wconf 82' lang='grc' dir='ltr'>ἐπακουσθῆναι</span> 
     </span>
    </p>
   </div>
   <div class='ocr_carea' id='block_1_56' title="bbox 325 3621 1908 3696">
    <p class='ocr_par' dir='ltr' id='par_1_56' title="bbox 325 3621 1908 3696">
     <span class='ocr_line' id='line_1_56' title="bbox 325 3621 1908 3696; baseline 0.002 -22"><span class='ocrx_word' id='word_1_416' title='bbox 325 3621 698 3686; x_wconf 87' lang='grc' dir='ltr'>ἀποστολικῶς</span> <span class='ocrx_word' id='word_1_417' title='bbox 733 3622 1023 3694; x_wconf 80' lang='grc' dir='ltr'>εὐξάμενον</span> <span class='ocrx_word' id='word_1_418' title='bbox 1049 3624 1143 3676; x_wconf 75' lang='grc' dir='ltr'><strong>καὶ</strong></span> <span class='ocrx_word' id='word_1_419' title='bbox 1185 3625 1440 3678; x_wconf 68' lang='grc' dir='ltr'>εἰπόντα*</span> <span class='ocrx_word' id='word_1_420' title='bbox 1491 3643 1508 3676; x_wconf 77' lang='grc' dir='ltr'><strong>ι</strong></span> <span class='ocrx_word' id='word_1_421' title='bbox 1552 3625 1908 3696; x_wconf 87' lang='grc' dir='ltr'>Ταλαίπωρος</span> 
     </span>
    </p>
   </div>
   <div class='ocr_carea' id='block_1_57' title="bbox 325 3712 1905 3786">
    <p class='ocr_par' dir='ltr' id='par_1_57' title="bbox 325 3712 1905 3786">
     <span class='ocr_line' id='line_1_57' title="bbox 325 3712 1905 3786; baseline 0.001 -20"><span class='ocrx_word' id='word_1_422' title='bbox 325 3712 436 3782; x_wconf 86' lang='grc' dir='ltr'>ἐγὼ</span> <span class='ocrx_word' id='word_1_423' title='bbox 463 3714 767 3785; x_wconf 81' lang='grc' dir='ltr'>ἄνθρωπος,</span> <span class='ocrx_word' id='word_1_424' title='bbox 807 3715 891 3778; x_wconf 91' lang='grc' dir='ltr'><strong>τίς</strong></span> <span class='ocrx_word' id='word_1_425' title='bbox 934 3731 1000 3784; x_wconf 91' lang='grc' dir='ltr'><strong>με</strong></span> <span class='ocrx_word' id='word_1_426' title='bbox 1035 3714 1253 3786; x_wconf 76' lang='grc' dir='ltr'>ῥύσεται</span> <span class='ocrx_word' id='word_1_427' title='bbox 1286 3717 1350 3768; x_wconf 89' lang='grc' dir='ltr'><strong>ἐκ</strong></span> <span class='ocrx_word' id='word_1_428' title='bbox 1381 3714 1474 3768; x_wconf 90' lang='grc' dir='ltr'><strong>τοῦ</strong></span> <span class='ocrx_word' id='word_1_429' title='bbox 1519 3715 1767 3785; x_wconf 84' lang='grc' dir='ltr'>σώματος</span> <span class='ocrx_word' id='word_1_430' title='bbox 1811 3713 1905 3767; x_wconf 82' lang='grc' dir='ltr'><strong>τοῦ</strong></span> 
     </span>
    </p>
   </div>
   <div class='ocr_carea' id='block_1_58' title="bbox 327 3805 1907 3878">
    <p class='ocr_par' dir='ltr' id='par_1_58' title="bbox 327 3805 1907 3878">
     <span class='ocr_line' id='line_1_58' title="bbox 327 3805 1907 3878; baseline -0.001 -19"><span class='ocrx_word' id='word_1_431' title='bbox 327 3807 559 3860; x_wconf 84' lang='grc' dir='ltr'>θανάτου</span> <span class='ocrx_word' id='word_1_432' title='bbox 586 3805 811 3870; x_wconf 88' lang='grc' dir='ltr'>τούτου;</span> <span class='ocrx_word' id='word_1_433' title='bbox 851 3825 870 3857; x_wconf 74' lang='grc' dir='ltr'><strong>ι</strong></span> <span class='ocrx_word' id='word_1_434' title='bbox 890 3807 986 3868; x_wconf 90' lang='grc' dir='ltr'><strong>Τίς</strong></span> <span class='ocrx_word' id='word_1_435' title='bbox 1015 3805 1124 3877; x_wconf 85' lang='grc' dir='ltr'>γὰρ</span> <span class='ocrx_word' id='word_1_436' title='bbox 1166 3809 1272 3860; x_wconf 84' lang='grc' dir='ltr'>τῶν</span> <span class='ocrx_word' id='word_1_437' title='bbox 1317 3809 1373 3860; x_wconf 90' lang='grc' dir='ltr'><strong>ἐν</strong></span> <span class='ocrx_word' id='word_1_438' title='bbox 1404 3806 1479 3876; x_wconf 80' lang='grc' dir='ltr'>τῷ</span> <span class='ocrx_word' id='word_1_439' title='bbox 1513 3809 1696 3878; x_wconf 83' lang='grc' dir='ltr'>σκήνει</span> <span class='ocrx_word' id='word_1_440' title='bbox 1724 3824 1907 3858; x_wconf 89' lang='grc' dir='ltr'>στενα-</span> 
     </span>
    </p>
   </div>
   <div class='ocr_carea' id='block_1_59' title="bbox 328 3895 1906 3970">
    <p class='ocr_par' dir='ltr' id='par_1_59' title="bbox 328 3895 1906 3970">
     <span class='ocr_line' id='line_1_59' title="bbox 328 3895 1906 3970; baseline 0.001 -20"><span class='ocrx_word' id='word_1_441' title='bbox 328 3895 532 3960; x_wconf 78' lang='grc' dir='ltr'>ζόντων</span> <span class='ocrx_word' id='word_1_442' title='bbox 572 3897 658 3950; x_wconf 72' lang='grc' dir='ltr'>διὰ</span> <span class='ocrx_word' id='word_1_443' title='bbox 691 3897 751 3950; x_wconf 91' lang='grc' dir='ltr'><strong>τὸ</strong></span> <span class='ocrx_word' id='word_1_444' title='bbox 798 3897 1076 3969; x_wconf 84' lang='grc' dir='ltr'>βαρεῖσθαι</span> <span class='ocrx_word' id='word_1_445' title='bbox 1109 3899 1214 3952; x_wconf 82' lang='grc' dir='ltr'><strong>ὑπὸ</strong></span> <span class='ocrx_word' id='word_1_446' title='bbox 1239 3898 1334 3951; x_wconf 92' lang='grc' dir='ltr'><strong>τοῦ</strong></span> <span class='ocrx_word' id='word_1_447' title='bbox 1379 3899 1616 3970; x_wconf 72' lang='grc' dir='ltr'>φθαρτοῦ</span> <span class='ocrx_word' id='word_1_448' title='bbox 1655 3897 1906 3969; x_wconf 85' lang='grc' dir='ltr'>σώματος</span> 
     </span>
    </p>
   </div>
   <div class='ocr_carea' id='block_1_60' title="bbox 326 3989 1902 4060">
    <p class='ocr_par' dir='ltr' id='par_1_60' title="bbox 326 3989 1902 4060">
     <span class='ocr_line' id='line_1_60' title="bbox 326 3989 1902 4060; baseline -0.001 -18"><span class='ocrx_word' id='word_1_449' title='bbox 326 3989 447 4060; x_wconf 72' lang='grc' dir='ltr'>οὐχὶ</span> <span class='ocrx_word' id='word_1_450' title='bbox 502 3989 595 4042; x_wconf 72' lang='grc' dir='ltr'>καὶ</span> <span class='ocrx_word' id='word_1_451' title='bbox 642 3989 1022 4059; x_wconf 81' lang='grc' dir='ltr'>εὐχαριστήσει</span> <span class='ocrx_word' id='word_1_452' title='bbox 1063 3989 1328 4060; x_wconf 89' lang='grc' dir='ltr'>πρότερον</span> <span class='ocrx_word' id='word_1_453' title='bbox 1371 3990 1576 4044; x_wconf 76' lang='grc' dir='ltr'>εἰπών·</span> <span class='ocrx_word' id='word_1_454' title='bbox 1617 4008 1634 4040; x_wconf 79' lang='grc' dir='ltr'><strong>ι</strong></span> <span class='ocrx_word' id='word_1_455' title='bbox 1696 3990 1792 4052; x_wconf 84' lang='grc' dir='ltr'>Τίς</span> <span class='ocrx_word' id='word_1_456' title='bbox 1837 4007 1902 4060; x_wconf 91' lang='grc' dir='ltr'><strong>με</strong></span> 
     </span>
    </p>
   </div>
   <div class='ocr_carea' id='block_1_61' title="bbox 331 4079 1905 4152">
    <p class='ocr_par' dir='ltr' id='par_1_61' title="bbox 331 4079 1905 4152">
     <span class='ocr_line' id='line_1_61' title="bbox 331 4079 1905 4152; baseline 0 -16"><span class='ocrx_word' id='word_1_457' title='bbox 331 4081 558 4152; x_wconf 77' lang='grc' dir='ltr'>ῥύσεται</span> <span class='ocrx_word' id='word_1_458' title='bbox 591 4082 654 4134; x_wconf 84' lang='grc' dir='ltr'><strong>ἐκ</strong></span> <span class='ocrx_word' id='word_1_459' title='bbox 682 4080 774 4132; x_wconf 91' lang='grc' dir='ltr'><strong>τοῦ</strong></span> <span class='ocrx_word' id='word_1_460' title='bbox 803 4079 1051 4151; x_wconf 86' lang='grc' dir='ltr'>σώματος</span> <span class='ocrx_word' id='word_1_461' title='bbox 1075 4082 1165 4134; x_wconf 89' lang='grc' dir='ltr'><strong>τοῦ</strong></span> <span class='ocrx_word' id='word_1_462' title='bbox 1196 4083 1425 4136; x_wconf 90' lang='grc' dir='ltr'>θανάτου</span> <span class='ocrx_word' id='word_1_463' title='bbox 1461 4083 1690 4147; x_wconf 88' lang='grc' dir='ltr'>τούτου;</span> <span class='ocrx_word' id='word_1_464' title='bbox 1729 4103 1746 4136; x_wconf 72' lang='grc' dir='ltr'><strong>ι</strong></span> <span class='ocrx_word' id='word_1_465' title='bbox 1787 4084 1905 4152; x_wconf 87' lang='grc' dir='ltr'>βλέ-</span> 
     </span>
    </p>
   </div>
   <div class='ocr_carea' id='block_1_62' title="bbox 329 4170 1905 4244">
    <p class='ocr_par' dir='ltr' id='par_1_62' title="bbox 329 4170 1905 4244">
     <span class='ocr_line' id='line_1_62' title="bbox 329 4170 1905 4244; baseline 0.001 -19"><span class='ocrx_word' id='word_1_466' title='bbox 329 4191 471 4236; x_wconf 86' lang='grc' dir='ltr'>πων,</span> <span class='ocrx_word' id='word_1_467' title='bbox 504 4173 606 4234; x_wconf 86' lang='grc' dir='ltr'>ὃτι,</span> <span class='ocrx_word' id='word_1_468' title='bbox 640 4170 727 4224; x_wconf 76' lang='grc' dir='ltr'>διὰ</span> <span class='ocrx_word' id='word_1_469' title='bbox 755 4172 854 4241; x_wconf 80' lang='grc' dir='ltr'>τῆς</span> <span class='ocrx_word' id='word_1_470' title='bbox 884 4171 1098 4242; x_wconf 82' lang='grc' dir='ltr'>ὁμιλίας</span> <span class='ocrx_word' id='word_1_471' title='bbox 1150 4173 1366 4243; x_wconf 73' lang='grc' dir='ltr'>ρυσθεὶς</span> <span class='ocrx_word' id='word_1_472' title='bbox 1404 4175 1468 4226; x_wconf 83' lang='grc' dir='ltr'><strong>ἐκ</strong></span> <span class='ocrx_word' id='word_1_473' title='bbox 1515 4173 1607 4226; x_wconf 87' lang='grc' dir='ltr'><strong>τοῦ</strong></span> <span class='ocrx_word' id='word_1_474' title='bbox 1658 4174 1905 4244; x_wconf 84' lang='grc' dir='ltr'>σώματος</span> 
     </span>
    </p>
   </div>
   <div class='ocr_carea' id='block_1_63' title="bbox 328 4260 1904 4334">
    <p class='ocr_par' dir='ltr' id='par_1_63' title="bbox 328 4260 1904 4334">
     <span class='ocr_line' id='line_1_63' title="bbox 328 4260 1904 4334; baseline 0.001 -20"><span class='ocrx_word' id='word_1_475' title='bbox 328 4263 422 4316; x_wconf 88' lang='grc' dir='ltr'><strong>τοῦ</strong></span> <span class='ocrx_word' id='word_1_476' title='bbox 461 4261 714 4326; x_wconf 87' lang='grc' dir='ltr'>θανάτου,</span> <span class='ocrx_word' id='word_1_477' title='bbox 755 4260 925 4328; x_wconf 86' lang='grc' dir='ltr'>ἁγίως</span> <span class='ocrx_word' id='word_1_478' title='bbox 975 4262 1366 4330; x_wconf 78' lang='grc' dir='ltr'>ἀναφθέγξεται</span> <span class='ocrx_word' id='word_1_479' title='bbox 1416 4264 1509 4316; x_wconf 86' lang='grc' dir='ltr'>τό·</span> <span class='ocrx_word' id='word_1_480' title='bbox 1557 4282 1576 4313; x_wconf 73' lang='grc' dir='ltr'><strong>ι</strong></span> <span class='ocrx_word' id='word_1_481' title='bbox 1610 4265 1781 4334; x_wconf 85' lang='grc' dir='ltr'>Χάρις</span> <span class='ocrx_word' id='word_1_482' title='bbox 1828 4264 1904 4334; x_wconf 83' lang='grc' dir='ltr'><strong>τῷ</strong></span> 
     </span>
    </p>
   </div>
   <div class='ocr_carea' id='block_1_64' title="bbox 2010 1807 3572 1876">
    <p class='ocr_par' dir='ltr' id='par_1_64' title="bbox 2010 1807 3572 1876">
     <span class='ocr_line' id='line_1_64' title="bbox 2010 1807 3572 1876; baseline 0.002 -17"><span class='ocrx_word' id='word_1_483' title='bbox 2010 1808 2059 1859; x_wconf 92' lang='lat' dir='ltr'><strong>in</strong></span> <span class='ocrx_word' id='word_1_484' title='bbox 2097 1807 2288 1871; x_wconf 90' lang='lat' dir='ltr'><strong>nobis,</strong></span> <span class='ocrx_word' id='word_1_485' title='bbox 2322 1826 2337 1859; x_wconf 90' lang='lat'><em>|</em></span> <span class='ocrx_word' id='word_1_486' title='bbox 2373 1809 2416 1862; x_wconf 91' lang='lat' dir='ltr'><strong>si</strong></span> <span class='ocrx_word' id='word_1_487' title='bbox 2465 1823 2585 1860; x_wconf 89' lang='lat' dir='ltr'><strong>cum</strong></span> <span class='ocrx_word' id='word_1_488' title='bbox 2635 1808 2916 1861; x_wconf 89' lang='lat' dir='ltr'><strong>instabunt</strong></span> <span class='ocrx_word' id='word_1_489' title='bbox 2968 1808 3000 1860; x_wconf 92' lang='lat' dir='ltr'><strong>ii</strong></span> <span class='ocrx_word' id='word_1_490' title='bbox 3045 1808 3135 1876; x_wconf 91' lang='lat' dir='ltr'><strong>qui</strong></span> <span class='ocrx_word' id='word_1_491' title='bbox 3189 1807 3484 1872; x_wconf 90' lang='lat' dir='ltr'><strong>tribulant,</strong></span> <span class='ocrx_word' id='word_1_492' title='bbox 3517 1816 3572 1862; x_wconf 84' lang='lat' dir='ltr'><strong>et</strong></span> 
     </span>
    </p>
   </div>
   <div class='ocr_carea' id='block_1_65' title="bbox 2007 1896 3572 1964">
    <p class='ocr_par' dir='ltr' id='par_1_65' title="bbox 2007 1896 3572 1964">
     <span class='ocr_line' id='line_1_65' title="bbox 2007 1896 3572 1964; baseline 0.006 -19"><span class='ocrx_word' id='word_1_493' title='bbox 2007 1896 2161 1964; x_wconf 89' lang='lat' dir='ltr'><strong>quasi</strong></span> <span class='ocrx_word' id='word_1_494' title='bbox 2195 1911 2442 1964; x_wconf 85' lang='lat' dir='ltr'><strong>premere</strong></span> <span class='ocrx_word' id='word_1_495' title='bbox 2477 1898 2684 1951; x_wconf 86' lang='lat' dir='ltr'><strong>animas</strong></span> <span class='ocrx_word' id='word_1_496' title='bbox 2722 1908 2939 1952; x_wconf 89' lang='lat' dir='ltr'><strong>nostras</strong></span> <span class='ocrx_word' id='word_1_497' title='bbox 2975 1898 3197 1960; x_wconf 89' lang='lat' dir='ltr'><strong>volunt,</strong></span> <span class='ocrx_word' id='word_1_498' title='bbox 3229 1915 3258 1952; x_wconf 88' lang='lat' dir='ltr'><strong>a</strong></span> <span class='ocrx_word' id='word_1_499' title='bbox 3296 1898 3572 1954; x_wconf 84' lang='lat' dir='ltr'><strong>laboribus</strong></span> 
     </span>
    </p>
   </div>
   <div class='ocr_carea' id='block_1_66' title="bbox 2008 1985 3572 2062">
    <p class='ocr_par' dir='ltr' id='par_1_66' title="bbox 2008 1985 3572 2062">
     <span class='ocr_line' id='line_1_66' title="bbox 2008 1985 3572 2062; baseline 0.001 -26"><span class='ocrx_word' id='word_1_500' title='bbox 2008 1993 2320 2062; x_wconf 75' lang='lat' dir='ltr'><strong>avertamus</strong></span> <span class='ocrx_word' id='word_1_501' title='bbox 2373 1985 2539 2039; x_wconf 89' lang='lat' dir='ltr'><strong>animi</strong></span> <span class='ocrx_word' id='word_1_502' title='bbox 2595 1986 2988 2054; x_wconf 87' lang='lat' dir='ltr'><strong>principatum;</strong></span> <span class='ocrx_word' id='word_1_503' title='bbox 3032 1995 3084 2039; x_wconf 89' lang='lat' dir='ltr'><strong>et</strong></span> <span class='ocrx_word' id='word_1_504' title='bbox 3123 1995 3426 2056; x_wconf 88' lang='lat' dir='ltr'><strong>spectemus</strong></span> <span class='ocrx_word' id='word_1_505' title='bbox 3465 2002 3572 2041; x_wconf 92' lang='lat' dir='ltr'><strong>non</strong></span> 
     </span>
    </p>
   </div>
   <div class='ocr_carea' id='block_1_67' title="bbox 2009 2075 3568 2149">
    <p class='ocr_par' dir='ltr' id='par_1_67' title="bbox 2009 2075 3568 2149">
     <span class='ocr_line' id='line_1_67' title="bbox 2009 2075 3568 2149; baseline 0.001 -21"><span class='ocrx_word' id='word_1_506' title='bbox 2009 2091 2128 2145; x_wconf 72' lang='lat' dir='ltr'><strong>qua:</strong></span> <span class='ocrx_word' id='word_1_507' title='bbox 2162 2080 2360 2132; x_wconf 88' lang='lat' dir='ltr'><strong>adsunt</strong></span> <span class='ocrx_word' id='word_1_508' title='bbox 2389 2075 2660 2129; x_wconf 89' lang='lat' dir='ltr'><strong>laboriosa</strong></span> <span class='ocrx_word' id='word_1_509' title='bbox 2683 2114 2697 2138; x_wconf 90' lang='lat'><strong>,</strong></span> <span class='ocrx_word' id='word_1_510' title='bbox 2732 2077 2826 2129; x_wconf 88' lang='lat' dir='ltr'><strong>sed</strong></span> <span class='ocrx_word' id='word_1_511' title='bbox 2860 2091 2980 2146; x_wconf 72' lang='lat' dir='ltr'><strong>qua:</strong></span> <span class='ocrx_word' id='word_1_512' title='bbox 3011 2086 3234 2144; x_wconf 85' lang='lat' dir='ltr'><strong>propter</strong></span> <span class='ocrx_word' id='word_1_513' title='bbox 3260 2078 3568 2149; x_wconf 71' lang='lat' dir='ltr'><strong>przestitam</strong></span> 
     </span>
    </p>
   </div>
   <div class='ocr_carea' id='block_1_68' title="bbox 2013 2167 3571 2237">
    <p class='ocr_par' dir='ltr' id='par_1_68' title="bbox 2013 2167 3571 2237">
     <span class='ocr_line' id='line_1_68' title="bbox 2013 2167 3571 2237; baseline 0.003 -18"><span class='ocrx_word' id='word_1_514' title='bbox 2013 2168 2066 2219; x_wconf 89' lang='lat' dir='ltr'><strong>in</strong></span> <span class='ocrx_word' id='word_1_515' title='bbox 2125 2167 2231 2222; x_wconf 90' lang='lat' dir='ltr'><strong>illis</strong></span> <span class='ocrx_word' id='word_1_516' title='bbox 2285 2167 2601 2236; x_wconf 84' lang='lat' dir='ltr'><strong>patientiam</strong></span> <span class='ocrx_word' id='word_1_517' title='bbox 2658 2167 2726 2220; x_wconf 89' lang='lat' dir='ltr'><strong>iis</strong></span> <span class='ocrx_word' id='word_1_518' title='bbox 2775 2169 2864 2236; x_wconf 90' lang='lat' dir='ltr'><strong>qui</strong></span> <span class='ocrx_word' id='word_1_519' title='bbox 2895 2185 2914 2218; x_wconf 75' lang='grc' dir='ltr'><strong>ι</strong></span> <span class='ocrx_word' id='word_1_520' title='bbox 2947 2167 3186 2237; x_wconf 82' lang='lat' dir='ltr'><strong>legitime</strong></span> <span class='ocrx_word' id='word_1_521' title='bbox 3219 2188 3238 2220; x_wconf 79' lang='grc' dir='ltr'><strong>ι</strong></span> <span class='ocrx_word' id='word_1_522' title='bbox 3268 2170 3320 2223; x_wconf 93' lang='lat' dir='ltr'><strong>in</strong></span> <span class='ocrx_word' id='word_1_523' title='bbox 3351 2169 3571 2224; x_wconf 85' lang='lat' dir='ltr'><strong>Christo</strong></span> 
     </span>
    </p>
   </div>
   <div class='ocr_carea' id='block_1_69' title="bbox 2015 2257 3571 2328">
    <p class='ocr_par' dir='ltr' id='par_1_69' title="bbox 2015 2257 3571 2328">
     <span class='ocr_line' id='line_1_69' title="bbox 2015 2257 3571 2328; baseline 0.004 -18"><span class='ocrx_word' id='word_1_524' title='bbox 2015 2279 2032 2310; x_wconf 72' lang='grc' dir='ltr'><strong>ι</strong></span> <span class='ocrx_word' id='word_1_525' title='bbox 2063 2257 2458 2314; x_wconf 76' lang='lat' dir='ltr'><strong>certaverint”</strong></span> <span class='ocrx_word' id='word_1_526' title='bbox 2489 2278 2505 2308; x_wconf 83' lang='grc'><strong><em>›</em></strong></span> <span class='ocrx_word' id='word_1_527' title='bbox 2539 2258 2712 2325; x_wconf 76' lang='lat' dir='ltr'><strong>gratia</strong></span> <span class='ocrx_word' id='word_1_528' title='bbox 2754 2259 2844 2311; x_wconf 89' lang='lat' dir='ltr'><strong>Dei</strong></span> <span class='ocrx_word' id='word_1_529' title='bbox 2880 2261 3111 2328; x_wconf 90' lang='lat' dir='ltr'><strong>reposita</strong></span> <span class='ocrx_word' id='word_1_530' title='bbox 3145 2273 3299 2325; x_wconf 83' lang='lat' dir='ltr'><strong>sunt,</strong></span> <span class='ocrx_word' id='word_1_531' title='bbox 3334 2259 3456 2326; x_wconf 85' lang='lat' dir='ltr'><strong>Dei,</strong></span> <span class='ocrx_word' id='word_1_532' title='bbox 3488 2262 3571 2318; x_wconf 58' lang='lat' dir='ltr'><strong>ine</strong></span> 
     </span>
    </p>
   </div>
   <div class='ocr_carea' id='block_1_70' title="bbox 2009 2349 3569 2421">
    <p class='ocr_par' dir='ltr' id='par_1_70' title="bbox 2009 2349 3569 2421">
     <span class='ocr_line' id='line_1_70' title="bbox 2009 2349 3569 2421; baseline 0.001 -17"><span class='ocrx_word' id='word_1_533' title='bbox 2009 2367 2169 2421; x_wconf 90' lang='lat' dir='ltr'><strong>quam</strong></span> <span class='ocrx_word' id='word_1_534' title='bbox 2193 2392 2206 2415; x_wconf 91' lang='lat'><strong>,</strong></span> <span class='ocrx_word' id='word_1_535' title='bbox 2234 2351 2326 2420; x_wconf 88' lang='lat' dir='ltr'><strong>qui</strong></span> <span class='ocrx_word' id='word_1_536' title='bbox 2361 2349 2616 2405; x_wconf 75' lang='lat' dir='ltr'><strong>beneficia</strong></span> <span class='ocrx_word' id='word_1_537' title='bbox 2659 2350 3020 2419; x_wconf 86' lang='lat' dir='ltr'><strong>multiplicat,</strong></span> <span class='ocrx_word' id='word_1_538' title='bbox 3054 2361 3108 2404; x_wconf 88' lang='lat' dir='ltr'><strong>et</strong></span> <span class='ocrx_word' id='word_1_539' title='bbox 3137 2367 3296 2419; x_wconf 86' lang='lat' dir='ltr'><strong>supra</strong></span> <span class='ocrx_word' id='word_1_540' title='bbox 3329 2353 3569 2407; x_wconf 76' lang='lat' dir='ltr'><strong>laborum</strong></span> 
     </span>
    </p>
   </div>
   <div class='ocr_carea' id='block_1_71' title="bbox 2011 2442 3568 2511">
    <p class='ocr_par' dir='ltr' id='par_1_71' title="bbox 2011 2442 3568 2511">
     <span class='ocr_line' id='line_1_71' title="bbox 2011 2442 3568 2511; baseline 0.003 -17"><span class='ocrx_word' id='word_1_541' title='bbox 2011 2443 2062 2495; x_wconf 93' lang='lat' dir='ltr'><strong>in</strong></span> <span class='ocrx_word' id='word_1_542' title='bbox 2105 2443 2402 2496; x_wconf 88' lang='lat' dir='ltr'><strong>certamine</strong></span> <span class='ocrx_word' id='word_1_543' title='bbox 2449 2442 2802 2496; x_wconf 87' lang='lat' dir='ltr'><strong>toleratorum</strong></span> <span class='ocrx_word' id='word_1_544' title='bbox 2843 2442 3106 2510; x_wconf 85' lang='lat' dir='ltr'><strong>dignitate</strong></span> <span class='ocrx_word' id='word_1_545' title='bbox 3139 2453 3286 2496; x_wconf 87' lang='lat' dir='ltr'><strong>tanta</strong></span> <span class='ocrx_word' id='word_1_546' title='bbox 3322 2444 3568 2511; x_wconf 86' lang='lat' dir='ltr'><strong>largitur,</strong></span> 
     </span>
    </p>
   </div>
   <div class='ocr_carea' id='block_1_72' title="bbox 2009 2531 3570 2602">
    <p class='ocr_par' dir='ltr' id='par_1_72' title="bbox 2009 2531 3570 2602">
     <span class='ocr_line' id='line_1_72' title="bbox 2009 2531 3570 2602; baseline 0.002 -18"><span class='ocrx_word' id='word_1_547' title='bbox 2009 2541 2212 2600; x_wconf 90' lang='lat' dir='ltr'><strong>quanta</strong></span> <span class='ocrx_word' id='word_1_548' title='bbox 2255 2547 2362 2586; x_wconf 92' lang='lat' dir='ltr'><strong>non</strong></span> <span class='ocrx_word' id='word_1_549' title='bbox 2403 2548 2660 2602; x_wconf 91' lang='lat' dir='ltr'><strong>parcum,</strong></span> <span class='ocrx_word' id='word_1_550' title='bbox 2704 2534 2796 2587; x_wconf 88' lang='lat' dir='ltr'><strong>sed</strong></span> <span class='ocrx_word' id='word_1_551' title='bbox 2839 2531 3184 2599; x_wconf 84' lang='lat' dir='ltr'><strong>magniﬁcum</strong></span> <span class='ocrx_word' id='word_1_552' title='bbox 3224 2533 3369 2595; x_wconf 84' lang='lat' dir='ltr'><strong>illum</strong></span> <span class='ocrx_word' id='word_1_553' title='bbox 3405 2534 3570 2590; x_wconf 91' lang='lat' dir='ltr'><strong>Deum</strong></span> 
     </span>
    </p>
   </div>
   <div class='ocr_carea' id='block_1_73' title="bbox 2011 2622 3568 2692">
    <p class='ocr_par' dir='ltr' id='par_1_73' title="bbox 2011 2622 3568 2692">
     <span class='ocr_line' id='line_1_73' title="bbox 2011 2622 3568 2692; baseline 0.003 -18"><span class='ocrx_word' id='word_1_554' title='bbox 2011 2623 2214 2676; x_wconf 90' lang='lat' dir='ltr'><strong>donare</strong></span> <span class='ocrx_word' id='word_1_555' title='bbox 2242 2623 2394 2675; x_wconf 85' lang='lat' dir='ltr'><strong>decet</strong></span> <span class='ocrx_word' id='word_1_556' title='bbox 2422 2623 2511 2690; x_wconf 90' lang='lat' dir='ltr'><strong>qui</strong></span> <span class='ocrx_word' id='word_1_557' title='bbox 2539 2623 2743 2692; x_wconf 85' lang='lat' dir='ltr'><strong>gratias</strong></span> <span class='ocrx_word' id='word_1_558' title='bbox 2768 2635 2893 2676; x_wconf 90' lang='lat' dir='ltr'>suas</span> <span class='ocrx_word' id='word_1_559' title='bbox 2923 2622 3159 2676; x_wconf 86' lang='lat' dir='ltr'><strong>scienter</strong></span> <span class='ocrx_word' id='word_1_560' title='bbox 3185 2624 3489 2692; x_wconf 72' lang='lat' dir='ltr'><strong>magniﬁcat</strong></span> <span class='ocrx_word' id='word_1_561' title='bbox 3517 2626 3568 2678; x_wconf 91' lang='lat' dir='ltr'><strong>in</strong></span> 
     </span>
    </p>
   </div>
   <div class='ocr_carea' id='block_1_74' title="bbox 2011 2713 3570 2782">
    <p class='ocr_par' dir='ltr' id='par_1_74' title="bbox 2011 2713 3570 2782">
     <span class='ocr_line' id='line_1_74' title="bbox 2011 2713 3570 2782; baseline 0.004 -17"><span class='ocrx_word' id='word_1_562' title='bbox 2011 2728 2104 2768; x_wconf 91' lang='lat' dir='ltr'><strong>eos</strong></span> <span class='ocrx_word' id='word_1_563' title='bbox 2134 2713 2224 2780; x_wconf 86' lang='lat' dir='ltr'><strong>qui</strong></span> <span class='ocrx_word' id='word_1_564' title='bbox 2258 2724 2439 2781; x_wconf 89' lang='lat' dir='ltr'><strong>spreto</strong></span> <span class='ocrx_word' id='word_1_565' title='bbox 2478 2715 2578 2768; x_wconf 87' lang='lat' dir='ltr'><strong>hoc</strong></span> <span class='ocrx_word' id='word_1_566' title='bbox 2607 2723 2842 2767; x_wconf 87' lang='lat' dir='ltr'><strong>testaceo</strong></span> <span class='ocrx_word' id='word_1_567' title='bbox 2871 2727 2995 2766; x_wconf 87' lang='lat' dir='ltr'><strong>vase</strong></span> <span class='ocrx_word' id='word_1_568' title='bbox 3025 2728 3121 2782; x_wconf 91' lang='lat' dir='ltr'><strong>pro</strong></span> <span class='ocrx_word' id='word_1_569' title='bbox 3149 2715 3354 2770; x_wconf 70' lang='lat' dir='ltr'><strong>viribus</strong></span> <span class='ocrx_word' id='word_1_570' title='bbox 3386 2725 3570 2772; x_wconf 81' lang='lat' dir='ltr'><strong>osten-</strong></span> 
     </span>
    </p>
   </div>
   <div class='ocr_carea' id='block_1_75' title="bbox 2012 2805 3120 2875">
    <p class='ocr_par' dir='ltr' id='par_1_75' title="bbox 2012 2805 3120 2875">
     <span class='ocr_line' id='line_1_75' title="bbox 2012 2805 3120 2875; baseline 0.004 -19"><span class='ocrx_word' id='word_1_571' title='bbox 2012 2805 2193 2858; x_wconf 89' lang='lat' dir='ltr'><strong>derint</strong></span> <span class='ocrx_word' id='word_1_572' title='bbox 2223 2819 2281 2858; x_wconf 91' lang='lat' dir='ltr'><strong>se</strong></span> <span class='ocrx_word' id='word_1_573' title='bbox 2313 2813 2422 2859; x_wconf 85' lang='lat' dir='ltr'><strong>tota</strong></span> <span class='ocrx_word' id='word_1_574' title='bbox 2455 2805 2641 2858; x_wconf 88' lang='lat' dir='ltr'><strong>anima</strong></span> <span class='ocrx_word' id='word_1_575' title='bbox 2676 2806 2848 2874; x_wconf 90' lang='lat' dir='ltr'><strong>ipsum</strong></span> <span class='ocrx_word' id='word_1_576' title='bbox 2883 2805 3120 2875; x_wconf 77' lang='lat' dir='ltr'><strong>diligere.</strong></span> 
     </span>
    </p>
   </div>
   <div class='ocr_carea' id='block_1_76' title="bbox 2078 2894 3567 2970">
    <p class='ocr_par' dir='ltr' id='par_1_76' title="bbox 2078 2894 3567 2970">
     <span class='ocr_line' id='line_1_76' title="bbox 2078 2894 3567 2970; baseline 0.003 -21"><span class='ocrx_word' id='word_1_577' title='bbox 2078 2895 2132 2949; x_wconf 81' lang='grc'><strong>5.</strong></span> <span class='ocrx_word' id='word_1_578' title='bbox 2173 2894 2305 2949; x_wconf 89' lang='lat' dir='ltr'><strong>Tota</strong></span> <span class='ocrx_word' id='word_1_579' title='bbox 2341 2909 2468 2949; x_wconf 91' lang='lat' dir='ltr'><strong>vero</strong></span> <span class='ocrx_word' id='word_1_580' title='bbox 2504 2896 2683 2949; x_wconf 88' lang='lat' dir='ltr'><strong>anima</strong></span> <span class='ocrx_word' id='word_1_581' title='bbox 2730 2897 2895 2950; x_wconf 90' lang='lat' dir='ltr'><strong>Deum</strong></span> <span class='ocrx_word' id='word_1_582' title='bbox 2937 2895 3006 2950; x_wconf 90' lang='lat' dir='ltr'><strong>ab</strong></span> <span class='ocrx_word' id='word_1_583' title='bbox 3043 2896 3109 2950; x_wconf 91' lang='lat' dir='ltr'>iis</span> <span class='ocrx_word' id='word_1_584' title='bbox 3136 2896 3290 2966; x_wconf 78' lang='lat' dir='ltr'><strong>diligi</strong></span> <span class='ocrx_word' id='word_1_585' title='bbox 3321 2907 3449 2965; x_wconf 92' lang='lat' dir='ltr'><strong>puto</strong></span> <span class='ocrx_word' id='word_1_586' title='bbox 3475 2900 3567 2970; x_wconf 91' lang='lat' dir='ltr'><strong>qui</strong></span> 
     </span>
    </p>
   </div>
   <div class='ocr_carea' id='block_1_77' title="bbox 2016 2985 3570 3054">
    <p class='ocr_par' dir='ltr' id='par_1_77' title="bbox 2016 2985 3570 3054">
     <span class='ocr_line' id='line_1_77' title="bbox 2016 2985 3570 3054; baseline 0.003 -16"><span class='ocrx_word' id='word_1_587' title='bbox 2016 2999 2134 3038; x_wconf 90' lang='lat' dir='ltr'><strong>eam</strong></span> <span class='ocrx_word' id='word_1_588' title='bbox 2175 3000 2285 3054; x_wconf 64' lang='lat' dir='ltr'><strong>prae</strong></span> <span class='ocrx_word' id='word_1_589' title='bbox 2327 2985 2566 3039; x_wconf 74' lang='lat' dir='ltr'><strong>maximo</strong></span> <span class='ocrx_word' id='word_1_590' title='bbox 2594 3001 2710 3040; x_wconf 91' lang='lat' dir='ltr'><strong>cum</strong></span> <span class='ocrx_word' id='word_1_591' title='bbox 2747 2987 2855 3042; x_wconf 89' lang='lat' dir='ltr'><strong>Deo</strong></span> <span class='ocrx_word' id='word_1_592' title='bbox 2889 2985 3322 3042; x_wconf 89' lang='lat' dir='ltr'><strong>communicandi</strong></span> <span class='ocrx_word' id='word_1_593' title='bbox 3357 2988 3570 3042; x_wconf 52' lang='lat' dir='ltr'><strong>deside.</strong></span> 
     </span>
    </p>
   </div>
   <div class='ocr_carea' id='block_1_78' title="bbox 2015 3076 3569 3146">
    <p class='ocr_par' dir='ltr' id='par_1_78' title="bbox 2015 3076 3569 3146">
     <span class='ocr_line' id='line_1_78' title="bbox 2015 3076 3569 3146; baseline 0.003 -18"><span class='ocrx_word' id='word_1_594' title='bbox 2015 3076 2097 3129; x_wconf 87' lang='lat' dir='ltr'><strong>rio</strong></span> <span class='ocrx_word' id='word_1_595' title='bbox 2128 3091 2235 3130; x_wconf 93' lang='lat' dir='ltr'><strong>non</strong></span> <span class='ocrx_word' id='word_1_596' title='bbox 2271 3092 2299 3130; x_wconf 90' lang='lat' dir='ltr'><strong>a</strong></span> <span class='ocrx_word' id='word_1_597' title='bbox 2339 3085 2553 3131; x_wconf 87' lang='lat' dir='ltr'><strong>terreno</strong></span> <span class='ocrx_word' id='word_1_598' title='bbox 2585 3085 2787 3130; x_wconf 82' lang='lat' dir='ltr'><strong>tantum</strong></span> <span class='ocrx_word' id='word_1_599' title='bbox 2823 3091 3054 3146; x_wconf 88' lang='lat' dir='ltr'><strong>corpore</strong></span> <span class='ocrx_word' id='word_1_600' title='bbox 3077 3117 3095 3141; x_wconf 87' lang='grc'><strong>,</strong></span> <span class='ocrx_word' id='word_1_601' title='bbox 3125 3078 3218 3130; x_wconf 86' lang='lat' dir='ltr'><strong>sed</strong></span> <span class='ocrx_word' id='word_1_602' title='bbox 3245 3086 3299 3132; x_wconf 92' lang='lat' dir='ltr'><strong>et</strong></span> <span class='ocrx_word' id='word_1_603' title='bbox 3326 3078 3394 3132; x_wconf 91' lang='lat' dir='ltr'><strong>ab</strong></span> <span class='ocrx_word' id='word_1_604' title='bbox 3420 3080 3569 3133; x_wconf 91' lang='lat' dir='ltr'><strong>omni</strong></span> 
     </span>
    </p>
   </div>
   <div class='ocr_carea' id='block_1_79' title="bbox 2011 3166 3574 3238">
    <p class='ocr_par' dir='ltr' id='par_1_79' title="bbox 2011 3166 3574 3238">
     <span class='ocr_line' id='line_1_79' title="bbox 2011 3166 3574 3238; baseline 0.002 -17"><span class='ocrx_word' id='word_1_605' title='bbox 2011 3181 2239 3235; x_wconf 87' lang='lat' dir='ltr'><strong>corpore</strong></span> <span class='ocrx_word' id='word_1_606' title='bbox 2266 3166 2589 3222; x_wconf 88' lang='lat' dir='ltr'><strong>abstrahunt</strong></span> <span class='ocrx_word' id='word_1_607' title='bbox 2617 3182 2679 3220; x_wconf 87' lang='lat' dir='ltr'><strong>ac</strong></span> <span class='ocrx_word' id='word_1_608' title='bbox 2719 3167 3019 3230; x_wconf 85' lang='lat' dir='ltr'><strong>divellunt,</strong></span> <span class='ocrx_word' id='word_1_609' title='bbox 3048 3179 3102 3222; x_wconf 88' lang='lat' dir='ltr'><strong>et</strong></span> <span class='ocrx_word' id='word_1_610' title='bbox 3131 3169 3328 3238; x_wconf 84' lang='lat' dir='ltr'><strong>quibus</strong></span> <span class='ocrx_word' id='word_1_611' title='bbox 3357 3185 3458 3224; x_wconf 91' lang='lat' dir='ltr'><strong>nec</strong></span> <span class='ocrx_word' id='word_1_612' title='bbox 3491 3171 3574 3224; x_wconf 92' lang='lat' dir='ltr'><strong>in-</strong></span> 
     </span>
    </p>
   </div>
   <div class='ocr_carea' id='block_1_80' title="bbox 2009 3257 3588 3329">
    <p class='ocr_par' dir='ltr' id='par_1_80' title="bbox 2009 3257 3588 3329">
     <span class='ocr_line' id='line_1_80' title="bbox 2009 3257 3588 3329; baseline 0.004 -19"><span class='ocrx_word' id='word_1_613' title='bbox 2009 3258 2134 3312; x_wconf 89' lang='lat' dir='ltr'><strong>vitis</strong></span> <span class='ocrx_word' id='word_1_614' title='bbox 2167 3272 2267 3313; x_wconf 89' lang='lat' dir='ltr'><strong>nec</strong></span> <span class='ocrx_word' id='word_1_615' title='bbox 2307 3257 2702 3312; x_wconf 88' lang='lat' dir='ltr'><strong>reluctantibus</strong></span> <span class='ocrx_word' id='word_1_616' title='bbox 2741 3258 2940 3312; x_wconf 88' lang='lat' dir='ltr'><strong>accidit</strong></span> <span class='ocrx_word' id='word_1_617' title='bbox 2972 3267 3030 3312; x_wconf 88' lang='lat' dir='ltr'><strong>ut</strong></span> <span class='ocrx_word' id='word_1_618' title='bbox 3070 3277 3088 3310; x_wconf 75' lang='grc' dir='ltr'><strong>ι</strong></span> <span class='ocrx_word' id='word_1_619' title='bbox 3120 3275 3318 3329; x_wconf 90' lang='lat' dir='ltr'><strong>corpus</strong></span> <span class='ocrx_word' id='word_1_620' title='bbox 3355 3260 3588 3322; x_wconf 72' lang='lat' dir='ltr'><strong>bumli-.</strong></span> 
     </span>
    </p>
   </div>
   <div class='ocr_carea' id='block_1_81' title="bbox 2011 3349 3572 3420">
    <p class='ocr_par' dir='ltr' id='par_1_81' title="bbox 2011 3349 3572 3420">
     <span class='ocr_line' id='line_1_81' title="bbox 2011 3349 3572 3420; baseline 0.005 -21"><span class='ocrx_word' id='word_1_621' title='bbox 2011 3349 2139 3403; x_wconf 84' lang='lat' dir='ltr'><strong>tatis</strong></span> <span class='ocrx_word' id='word_1_622' title='bbox 2171 3367 2190 3400; x_wconf 80' lang='grc'>›</span> <span class='ocrx_word' id='word_1_623' title='bbox 2221 3349 2586 3418; x_wconf 78' lang='lat' dir='ltr'><strong>deponant“,</strong></span> <span class='ocrx_word' id='word_1_624' title='bbox 2630 3365 2753 3402; x_wconf 89' lang='lat' dir='ltr'><strong>cum</strong></span> <span class='ocrx_word' id='word_1_625' title='bbox 2794 3364 2854 3404; x_wconf 90' lang='lat' dir='ltr'><strong>se</strong></span> <span class='ocrx_word' id='word_1_626' title='bbox 2895 3360 3106 3420; x_wconf 90' lang='lat' dir='ltr'><strong>tempus</strong></span> <span class='ocrx_word' id='word_1_627' title='bbox 3135 3351 3346 3406; x_wconf 90' lang='lat' dir='ltr'><strong>dederit</strong></span> <span class='ocrx_word' id='word_1_628' title='bbox 3384 3361 3441 3404; x_wconf 94' lang='lat' dir='ltr'><strong>ut</strong></span> <span class='ocrx_word' id='word_1_629' title='bbox 3479 3367 3572 3420; x_wconf 89' lang='lat' dir='ltr'><strong>per</strong></span> 
     </span>
    </p>
   </div>
   <div class='ocr_carea' id='block_1_82' title="bbox 2009 3443 3565 3512">
    <p class='ocr_par' dir='ltr' id='par_1_82' title="bbox 2009 3443 3565 3512">
     <span class='ocr_line' id='line_1_82' title="bbox 2009 3443 3565 3512; baseline 0.002 -21"><span class='ocrx_word' id='word_1_630' title='bbox 2009 3453 2128 3507; x_wconf 79' lang='lat' dir='ltr'><strong>eam</strong></span> <span class='ocrx_word' id='word_1_631' title='bbox 2185 3455 2304 3509; x_wconf 85' lang='lat' dir='ltr'><strong>quae</strong></span> <span class='ocrx_word' id='word_1_632' title='bbox 2363 3453 2515 3494; x_wconf 78' lang='lat' dir='ltr'><strong>mors</strong></span> <span class='ocrx_word' id='word_1_633' title='bbox 2565 3455 2685 3493; x_wconf 90' lang='lat' dir='ltr'><strong>esse</strong></span> <span class='ocrx_word' id='word_1_634' title='bbox 2743 3449 2990 3508; x_wconf 88' lang='lat' dir='ltr'><strong>putatur,</strong></span> <span class='ocrx_word' id='word_1_635' title='bbox 3021 3459 3039 3492; x_wconf 80' lang='grc' dir='ltr'><strong>ι</strong></span> <span class='ocrx_word' id='word_1_636' title='bbox 3071 3456 3268 3512; x_wconf 90' lang='lat' dir='ltr'><strong>corpus</strong></span> <span class='ocrx_word' id='word_1_637' title='bbox 3320 3443 3510 3496; x_wconf 90' lang='lat' dir='ltr'><strong>mortis</strong></span> <span class='ocrx_word' id='word_1_638' title='bbox 3544 3462 3565 3494; x_wconf 66' lang='grc' dir='ltr'><strong>ι</strong></span> 
     </span>
    </p>
   </div>
   <div class='ocr_carea' id='block_1_83' title="bbox 2010 3532 3567 3601">
    <p class='ocr_par' dir='ltr' id='par_1_83' title="bbox 2010 3532 3567 3601">
     <span class='ocr_line' id='line_1_83' title="bbox 2010 3532 3567 3601; baseline 0.002 -20"><span class='ocrx_word' id='word_1_639' title='bbox 2010 3539 2249 3594; x_wconf 82' lang='lat' dir='ltr'><strong>exuant,</strong></span> <span class='ocrx_word' id='word_1_640' title='bbox 2297 3538 2353 3583; x_wconf 90' lang='lat' dir='ltr'><strong>et</strong></span> <span class='ocrx_word' id='word_1_641' title='bbox 2405 3532 2729 3586; x_wconf 86' lang='lat' dir='ltr'><strong>exaudiatur</strong></span> <span class='ocrx_word' id='word_1_642' title='bbox 2781 3533 2826 3586; x_wconf 84' lang='lat' dir='ltr'><strong>is</strong></span> <span class='ocrx_word' id='word_1_643' title='bbox 2870 3533 2960 3601; x_wconf 90' lang='lat' dir='ltr'><strong>qui</strong></span> <span class='ocrx_word' id='word_1_644' title='bbox 3009 3533 3075 3584; x_wconf 89' lang='lat' dir='ltr'><strong>ad</strong></span> <span class='ocrx_word' id='word_1_645' title='bbox 3119 3533 3288 3587; x_wconf 87' lang='lat' dir='ltr'><strong>instar</strong></span> <span class='ocrx_word' id='word_1_646' title='bbox 3327 3533 3567 3600; x_wconf 82' lang='lat' dir='ltr'><strong>Apostoli</strong></span> 
     </span>
    </p>
   </div>
   <div class='ocr_carea' id='block_1_84' title="bbox 2010 3622 3567 3693">
    <p class='ocr_par' dir='ltr' id='par_1_84' title="bbox 2010 3622 3567 3693">
     <span class='ocr_line' id='line_1_84' title="bbox 2010 3622 3567 3693; baseline 0.002 -19"><span class='ocrx_word' id='word_1_647' title='bbox 2010 3627 2268 3690; x_wconf 87' lang='lat' dir='ltr'><strong>precatus</strong></span> <span class='ocrx_word' id='word_1_648' title='bbox 2300 3622 2461 3675; x_wconf 79' lang='lat' dir='ltr'><strong>fuerit</strong></span> <span class='ocrx_word' id='word_1_649' title='bbox 2491 3623 2544 3676; x_wconf 92' lang='lat' dir='ltr'><strong>in</strong></span> <span class='ocrx_word' id='word_1_650' title='bbox 2574 3623 2687 3677; x_wconf 69' lang='lat' dir='ltr'><strong>haec</strong></span> <span class='ocrx_word' id='word_1_651' title='bbox 2726 3623 2886 3676; x_wconf 89' lang='lat' dir='ltr'><strong>verba</strong></span> <span class='ocrx_word' id='word_1_652' title='bbox 2915 3636 2932 3675; x_wconf 88' lang='lat'><strong>:</strong></span> <span class='ocrx_word' id='word_1_653' title='bbox 2967 3641 2984 3674; x_wconf 82' lang='grc' dir='ltr'><strong>ι</strong></span> <span class='ocrx_word' id='word_1_654' title='bbox 3014 3623 3200 3676; x_wconf 79' lang='lat' dir='ltr'><strong>Infelix</strong></span> <span class='ocrx_word' id='word_1_655' title='bbox 3239 3639 3339 3693; x_wconf 83' lang='lat' dir='ltr'><strong>ego</strong></span> <span class='ocrx_word' id='word_1_656' title='bbox 3375 3625 3533 3677; x_wconf 91' lang='lat' dir='ltr'><strong>homo</strong></span> <span class='ocrx_word' id='word_1_657' title='bbox 3554 3665 3567 3687; x_wconf 88' lang='lat'><strong>,</strong></span> 
     </span>
    </p>
   </div>
   <div class='ocr_carea' id='block_1_85' title="bbox 2007 3712 3566 3785">
    <p class='ocr_par' dir='ltr' id='par_1_85' title="bbox 2007 3712 3566 3785">
     <span class='ocr_line' id='line_1_85' title="bbox 2007 3712 3566 3785; baseline 0.003 -23"><span class='ocrx_word' id='word_1_658' title='bbox 2007 3713 2130 3780; x_wconf 88' lang='lat' dir='ltr'><strong>quis</strong></span> <span class='ocrx_word' id='word_1_659' title='bbox 2183 3727 2269 3766; x_wconf 92' lang='lat' dir='ltr'><strong>me</strong></span> <span class='ocrx_word' id='word_1_660' title='bbox 2330 3712 2581 3768; x_wconf 88' lang='lat' dir='ltr'><strong>liberabit</strong></span> <span class='ocrx_word' id='word_1_661' title='bbox 2623 3716 2689 3767; x_wconf 90' lang='lat' dir='ltr'><strong>de</strong></span> <span class='ocrx_word' id='word_1_662' title='bbox 2733 3728 2962 3780; x_wconf 90' lang='lat' dir='ltr'><strong>corpore</strong></span> <span class='ocrx_word' id='word_1_663' title='bbox 2994 3715 3186 3768; x_wconf 85' lang='lat' dir='ltr'><strong>mortis</strong></span> <span class='ocrx_word' id='word_1_664' title='bbox 3215 3715 3378 3785; x_wconf 85' lang='lat' dir='ltr'><strong>hujus</strong></span> <span class='ocrx_word' id='word_1_665' title='bbox 3408 3715 3506 3768; x_wconf 65' lang='lat'><strong>&quot;1</strong></span> <span class='ocrx_word' id='word_1_666' title='bbox 3547 3734 3566 3766; x_wconf 75' lang='grc' dir='ltr'><strong>ι</strong></span> 
     </span>
    </p>
   </div>
   <div class='ocr_carea' id='block_1_86' title="bbox 2009 3803 3571 3876">
    <p class='ocr_par' dir='ltr' id='par_1_86' title="bbox 2009 3803 3571 3876">
     <span class='ocr_line' id='line_1_86' title="bbox 2009 3803 3571 3876; baseline 0.003 -21"><span class='ocrx_word' id='word_1_667' title='bbox 2009 3803 2141 3868; x_wconf 84' lang='lat' dir='ltr'><strong>Quis</strong></span> <span class='ocrx_word' id='word_1_668' title='bbox 2173 3804 2317 3857; x_wconf 90' lang='lat' dir='ltr'><strong>enim</strong></span> <span class='ocrx_word' id='word_1_669' title='bbox 2353 3818 2541 3858; x_wconf 89' lang='lat' dir='ltr'><strong>eorum</strong></span> <span class='ocrx_word' id='word_1_670' title='bbox 2575 3805 2663 3871; x_wconf 84' lang='lat' dir='ltr'><strong>qui</strong></span> <span class='ocrx_word' id='word_1_671' title='bbox 2698 3805 2748 3857; x_wconf 93' lang='lat' dir='ltr'><strong>in</strong></span> <span class='ocrx_word' id='word_1_672' title='bbox 2783 3805 2885 3859; x_wconf 89' lang='lat' dir='ltr'><strong>hoc</strong></span> <span class='ocrx_word' id='word_1_673' title='bbox 2913 3805 3078 3876; x_wconf 73' lang='lat'><strong>276</strong></span> <span class='ocrx_word' id='word_1_674' title='bbox 3108 3806 3456 3861; x_wconf 87' lang='lat' dir='ltr'><strong>tabernaculo</strong></span> <span class='ocrx_word' id='word_1_675' title='bbox 3492 3809 3571 3860; x_wconf 82' lang='lat' dir='ltr'><strong>in-</strong></span> 
     </span>
    </p>
   </div>
   <div class='ocr_carea' id='block_1_87' title="bbox 2008 3897 3562 3968">
    <p class='ocr_par' dir='ltr' id='par_1_87' title="bbox 2008 3897 3562 3968">
     <span class='ocr_line' id='line_1_87' title="bbox 2008 3897 3562 3968; baseline 0.001 -17"><span class='ocrx_word' id='word_1_676' title='bbox 2008 3898 2344 3967; x_wconf 81' lang='lat' dir='ltr'><strong>gemiscunt,</strong></span> <span class='ocrx_word' id='word_1_677' title='bbox 2390 3897 2532 3964; x_wconf 88' lang='lat' dir='ltr'><strong>quod</strong></span> <span class='ocrx_word' id='word_1_678' title='bbox 2580 3899 2920 3966; x_wconf 90' lang='lat' dir='ltr'><strong>corruptibili</strong></span> <span class='ocrx_word' id='word_1_679' title='bbox 2982 3914 3211 3967; x_wconf 87' lang='lat' dir='ltr'><strong>corpore</strong></span> <span class='ocrx_word' id='word_1_680' title='bbox 3251 3910 3562 3968; x_wconf 84' lang='lat' dir='ltr'><strong>graventur,</strong></span> 
     </span>
    </p>
   </div>
   <div class='ocr_carea' id='block_1_88' title="bbox 2010 3983 3568 4056">
    <p class='ocr_par' dir='ltr' id='par_1_88' title="bbox 2010 3983 3568 4056">
     <span class='ocr_line' id='line_1_88' title="bbox 2010 3983 3568 4056; baseline 0.006 -21"><span class='ocrx_word' id='word_1_681' title='bbox 2010 3997 2113 4036; x_wconf 92' lang='lat' dir='ltr'><strong>non</strong></span> <span class='ocrx_word' id='word_1_682' title='bbox 2153 3983 2316 4035; x_wconf 90' lang='lat' dir='ltr'><strong>etiam</strong></span> <span class='ocrx_word' id='word_1_683' title='bbox 2366 3984 2568 4050; x_wconf 76' lang='lat' dir='ltr'><strong>gratias</strong></span> <span class='ocrx_word' id='word_1_684' title='bbox 2608 3995 2734 4054; x_wconf 84' lang='lat' dir='ltr'><strong>aget</strong></span> <span class='ocrx_word' id='word_1_685' title='bbox 2767 4001 2888 4039; x_wconf 89' lang='lat' dir='ltr'><strong>cum</strong></span> <span class='ocrx_word' id='word_1_686' title='bbox 2921 3986 3072 4055; x_wconf 93' lang='lat' dir='ltr'><strong>prius</strong></span> <span class='ocrx_word' id='word_1_687' title='bbox 3107 3988 3344 4042; x_wconf 68' lang='lat' dir='ltr'><strong>dixerit:</strong></span> <span class='ocrx_word' id='word_1_688' title='bbox 3386 4008 3402 4040; x_wconf 82' lang='grc' dir='ltr'><strong>ι</strong></span> <span class='ocrx_word' id='word_1_689' title='bbox 3435 3988 3568 4056; x_wconf 88' lang='lat' dir='ltr'><strong>Quis</strong></span> 
     </span>
    </p>
   </div>
   <div class='ocr_carea' id='block_1_89' title="bbox 2008 4073 3570 4147">
    <p class='ocr_par' dir='ltr' id='par_1_89' title="bbox 2008 4073 3570 4147">
     <span class='ocr_line' id='line_1_89' title="bbox 2008 4073 3570 4147; baseline 0.008 -21"><span class='ocrx_word' id='word_1_690' title='bbox 2008 4089 2093 4127; x_wconf 91' lang='lat' dir='ltr'><strong>me</strong></span> <span class='ocrx_word' id='word_1_691' title='bbox 2125 4073 2380 4130; x_wconf 89' lang='lat' dir='ltr'><strong>liberabit</strong></span> <span class='ocrx_word' id='word_1_692' title='bbox 2413 4076 2476 4130; x_wconf 90' lang='lat' dir='ltr'><strong>de</strong></span> <span class='ocrx_word' id='word_1_693' title='bbox 2506 4091 2732 4146; x_wconf 86' lang='lat' dir='ltr'><strong>corpore</strong></span> <span class='ocrx_word' id='word_1_694' title='bbox 2761 4080 2946 4134; x_wconf 92' lang='lat' dir='ltr'><strong>mortis</strong></span> <span class='ocrx_word' id='word_1_695' title='bbox 2979 4081 3180 4147; x_wconf 80' lang='lat' dir='ltr'><strong>hujus?</strong></span> <span class='ocrx_word' id='word_1_696' title='bbox 3207 4100 3224 4131; x_wconf 74' lang='grc' dir='ltr'><strong>ι</strong></span> <span class='ocrx_word' id='word_1_697' title='bbox 3252 4096 3480 4135; x_wconf 88' lang='lat' dir='ltr'><strong>cernens</strong></span> <span class='ocrx_word' id='word_1_698' title='bbox 3511 4098 3570 4138; x_wconf 86' lang='lat' dir='ltr'><strong>se</strong></span> 
     </span>
    </p>
   </div>
   <div class='ocr_carea' id='block_1_90' title="bbox 2009 4170 3568 4241">
    <p class='ocr_par' dir='ltr' id='par_1_90' title="bbox 2009 4170 3568 4241">
     <span class='ocr_line' id='line_1_90' title="bbox 2009 4170 3568 4241; baseline 0.003 -19"><span class='ocrx_word' id='word_1_699' title='bbox 2009 4171 2091 4224; x_wconf 87' lang='lat' dir='ltr'><strong>his</strong></span> <span class='ocrx_word' id='word_1_700' title='bbox 2149 4170 2372 4240; x_wconf 89' lang='lat' dir='ltr'><strong>prolatis</strong></span> <span class='ocrx_word' id='word_1_701' title='bbox 2409 4172 2474 4226; x_wconf 86' lang='lat' dir='ltr'><strong>de</strong></span> <span class='ocrx_word' id='word_1_702' title='bbox 2512 4187 2738 4241; x_wconf 88' lang='lat' dir='ltr'><strong>corpore</strong></span> <span class='ocrx_word' id='word_1_703' title='bbox 2777 4175 2964 4228; x_wconf 88' lang='lat' dir='ltr'><strong>mortis</strong></span> <span class='ocrx_word' id='word_1_704' title='bbox 3023 4174 3338 4237; x_wconf 87' lang='lat' dir='ltr'><strong>liberatum,</strong></span> <span class='ocrx_word' id='word_1_705' title='bbox 3381 4188 3568 4228; x_wconf 87' lang='lat' dir='ltr'><strong>sancte</strong></span> 
     </span>
    </p>
   </div>
   <div class='ocr_carea' id='block_1_91' title="bbox 2009 4261 3566 4332">
    <p class='ocr_par' dir='ltr' id='par_1_91' title="bbox 2009 4261 3566 4332">
     <span class='ocr_line' id='line_1_91' title="bbox 2009 4261 3566 4332; baseline 0.004 -21"><span class='ocrx_word' id='word_1_706' title='bbox 2009 4261 2132 4314; x_wconf 91' lang='lat' dir='ltr'><strong>illud</strong></span> <span class='ocrx_word' id='word_1_707' title='bbox 2185 4263 2661 4317; x_wconf 78' lang='lat' dir='ltr'><strong>exclamaturum:</strong></span> <span class='ocrx_word' id='word_1_708' title='bbox 2695 4280 2712 4312; x_wconf 80' lang='grc' dir='ltr'><strong>ι</strong></span> <span class='ocrx_word' id='word_1_709' title='bbox 2745 4262 2930 4317; x_wconf 86' lang='lat' dir='ltr'><strong>Gratia</strong></span> <span class='ocrx_word' id='word_1_710' title='bbox 2988 4263 3094 4316; x_wconf 89' lang='lat' dir='ltr'><strong>Deo</strong></span> <span class='ocrx_word' id='word_1_711' title='bbox 3149 4280 3243 4332; x_wconf 90' lang='lat' dir='ltr'><strong>per</strong></span> <span class='ocrx_word' id='word_1_712' title='bbox 3291 4265 3566 4318; x_wconf 83' lang='lat' dir='ltr'><strong>Christum</strong></span> 
     </span>
    </p>
   </div>
   <div class='ocr_carea' id='block_1_92' title="bbox 330 4348 1908 4425">
    <p class='ocr_par' dir='ltr' id='par_1_92' title="bbox 330 4350 1905 4424">
     <span class='ocr_line' id='line_1_92' title="bbox 330 4350 1905 4424; baseline 0.003 -20"><span class='ocrx_word' id='word_1_713' title='bbox 330 4351 450 4421; x_wconf 86' lang='grc' dir='ltr'><strong>Θεῷ</strong></span> <span class='ocrx_word' id='word_1_714' title='bbox 493 4350 580 4404; x_wconf 74' lang='grc' dir='ltr'>διὰ</span> <span class='ocrx_word' id='word_1_715' title='bbox 622 4351 855 4422; x_wconf 87' lang='grc' dir='ltr'>Χριστοῦ</span> <span class='ocrx_word' id='word_1_716' title='bbox 901 4351 1072 4421; x_wconf 86' lang='grc' dir='ltr'>Ἰησοῦ</span> <span class='ocrx_word' id='word_1_717' title='bbox 1121 4351 1215 4404; x_wconf 85' lang='grc' dir='ltr'><strong>τοῦ</strong></span> <span class='ocrx_word' id='word_1_718' title='bbox 1252 4351 1459 4424; x_wconf 79' lang='grc' dir='ltr'>Κυρίου</span> <span class='ocrx_word' id='word_1_719' title='bbox 1495 4354 1666 4423; x_wconf 79' lang='grc' dir='ltr'>ἡμῶν.</span> <span class='ocrx_word' id='word_1_720' title='bbox 1701 4373 1718 4404; x_wconf 74' lang='grc' dir='ltr'><strong>ι</strong></span> <span class='ocrx_word' id='word_1_721' title='bbox 1757 4355 1818 4406; x_wconf 82' lang='lat' dir='ltr'><strong>El</strong></span> <span class='ocrx_word' id='word_1_722' title='bbox 1850 4355 1905 4408; x_wconf 91' lang='grc' dir='ltr'><strong>δέ</strong></span> 
     </span>
    </p>
   </div>
   <div class='ocr_carea' id='block_1_93' title="bbox 2011 4348 3568 4425">
    <p class='ocr_par' dir='ltr' id='par_1_93' title="bbox 2011 4348 3568 4408">
     <span class='ocr_line' id='line_1_93' title="bbox 2011 4348 3568 4408; baseline 0.003 -5"><span class='ocrx_word' id='word_1_723' title='bbox 2011 4350 2189 4403; x_wconf 81' lang='lat' dir='ltr'><strong>Jesum</strong></span> <span class='ocrx_word' id='word_1_724' title='bbox 2224 4352 2508 4404; x_wconf 90' lang='lat' dir='ltr'><strong>Dominum</strong></span> <span class='ocrx_word' id='word_1_725' title='bbox 2545 4360 2790 4404; x_wconf 91' lang='lat' dir='ltr'><strong>nostrum</strong></span> <span class='ocrx_word' id='word_1_726' title='bbox 2824 4350 2890 4402; x_wconf 83' lang='grc'><strong>⁸³.</strong></span> <span class='ocrx_word' id='word_1_727' title='bbox 2927 4370 2945 4402; x_wconf 73' lang='grc' dir='ltr'><strong>ι</strong></span> <span class='ocrx_word' id='word_1_728' title='bbox 2983 4348 3037 4403; x_wconf 93' lang='lat' dir='ltr'><strong>Si</strong></span> <span class='ocrx_word' id='word_1_729' title='bbox 3071 4355 3152 4405; x_wconf 92' lang='lat' dir='ltr'><strong>cui</strong></span> <span class='ocrx_word' id='word_1_730' title='bbox 3186 4369 3316 4406; x_wconf 89' lang='lat' dir='ltr'><strong>vero</strong></span> <span class='ocrx_word' id='word_1_731' title='bbox 3342 4354 3568 4408; x_wconf 89' lang='lat' dir='ltr'><strong>arduum</strong></span> 
     </span>
    </p>
   </div>
   <div class='ocr_carea' id='block_1_94' title="bbox 332 4442 1904 4516">
    <p class='ocr_par' dir='ltr' id='par_1_94' title="bbox 332 4442 1904 4516">
     <span class='ocr_line' id='line_1_94' title="bbox 332 4442 1904 4516; baseline 0.003 -22"><span class='ocrx_word' id='word_1_732' title='bbox 332 4459 439 4496; x_wconf 88' lang='grc' dir='ltr'>τινι</span> <span class='ocrx_word' id='word_1_733' title='bbox 471 4443 530 4495; x_wconf 89' lang='grc' dir='ltr'><strong>τὸ</strong></span> <span class='ocrx_word' id='word_1_734' title='bbox 553 4442 764 4496; x_wconf 89' lang='grc' dir='ltr'>τοιοῦτο</span> <span class='ocrx_word' id='word_1_735' title='bbox 785 4442 1018 4514; x_wconf 84' lang='grc' dir='ltr'>χαλεπὸν</span> <span class='ocrx_word' id='word_1_736' title='bbox 1042 4444 1308 4511; x_wconf 80' lang='grc' dir='ltr'>φαίνεται,</span> <span class='ocrx_word' id='word_1_737' title='bbox 1342 4444 1441 4498; x_wconf 79' lang='grc' dir='ltr'>οὐκ</span> <span class='ocrx_word' id='word_1_738' title='bbox 1473 4465 1489 4496; x_wconf 85' lang='grc' dir='ltr'><strong>ι</strong></span> <span class='ocrx_word' id='word_1_739' title='bbox 1529 4446 1744 4514; x_wconf 67' lang='grc' dir='ltr'>ἐδίψησε</span> <span class='ocrx_word' id='word_1_740' title='bbox 1774 4447 1904 4516; x_wconf 85' lang='grc' dir='ltr'>πρὸς</span> 
     </span>
    </p>
   </div>
   <div class='ocr_carea' id='block_1_95' title="bbox 331 4535 1904 4607">
    <p class='ocr_par' dir='ltr' id='par_1_95' title="bbox 331 4535 1904 4607">
     <span class='ocr_line' id='line_1_95' title="bbox 331 4535 1904 4607; baseline 0.001 -19"><span class='ocrx_word' id='word_1_741' title='bbox 331 4535 423 4590; x_wconf 86' lang='grc' dir='ltr'><strong>τὸν</strong></span> <span class='ocrx_word' id='word_1_742' title='bbox 461 4535 590 4588; x_wconf 85' lang='grc' dir='ltr'>Θεὸν</span> <span class='ocrx_word' id='word_1_743' title='bbox 621 4536 712 4588; x_wconf 91' lang='grc' dir='ltr'><strong>τὸν</strong></span> <span class='ocrx_word' id='word_1_744' title='bbox 749 4536 966 4607; x_wconf 73' lang='grc' dir='ltr'>ἰσχυρὸν</span> <span class='ocrx_word' id='word_1_745' title='bbox 998 4535 1088 4588; x_wconf 89' lang='grc' dir='ltr'><strong>τὸν</strong></span> <span class='ocrx_word' id='word_1_746' title='bbox 1124 4535 1320 4599; x_wconf 80' lang='grc' dir='ltr'>ζῶντα,</span> <span class='ocrx_word' id='word_1_747' title='bbox 1363 4553 1380 4586; x_wconf 75' lang='grc' dir='ltr'><strong>ι</strong></span> <span class='ocrx_word' id='word_1_748' title='bbox 1407 4536 1524 4588; x_wconf 78' lang='grc' dir='ltr'><strong>ούδέ</strong></span> <span class='ocrx_word' id='word_1_749' title='bbox 1554 4554 1571 4586; x_wconf 84' lang='grc' dir='ltr'><strong>ι</strong></span> <span class='ocrx_word' id='word_1_750' title='bbox 1603 4537 1904 4605; x_wconf 83' lang='grc' dir='ltr'>ἐπεπόθησε</span> 
     </span>
    </p>
   </div>
   <div class='ocr_carea' id='block_1_96' title="bbox 335 4624 1906 4696">
    <p class='ocr_par' dir='ltr' id='par_1_96' title="bbox 335 4624 1906 4696">
     <span class='ocr_line' id='line_1_96' title="bbox 335 4624 1906 4696; baseline 0 -20"><span class='ocrx_word' id='word_1_751' title='bbox 335 4626 473 4696; x_wconf 85' lang='grc' dir='ltr'>πρὸς</span> <span class='ocrx_word' id='word_1_752' title='bbox 527 4625 616 4679; x_wconf 89' lang='grc' dir='ltr'><strong>τὸν</strong></span> <span class='ocrx_word' id='word_1_753' title='bbox 668 4627 820 4688; x_wconf 84' lang='grc' dir='ltr'>Θεὸν,</span> <span class='ocrx_word' id='word_1_754' title='bbox 855 4625 914 4679; x_wconf 84' lang='grc' dir='ltr'><strong>δν</strong></span> <span class='ocrx_word' id='word_1_755' title='bbox 948 4627 1144 4696; x_wconf 89' lang='grc' dir='ltr'>τρόπον</span> <span class='ocrx_word' id='word_1_756' title='bbox 1189 4624 1437 4677; x_wconf 85' lang='grc' dir='ltr'>ἐπιποθεῖ</span> <span class='ocrx_word' id='word_1_757' title='bbox 1490 4627 1522 4695; x_wconf 86' lang='grc' dir='ltr'>ή</span> <span class='ocrx_word' id='word_1_758' title='bbox 1582 4625 1776 4692; x_wconf 77' lang='grc' dir='ltr'>ἔλαφος</span> <span class='ocrx_word' id='word_1_759' title='bbox 1813 4625 1906 4680; x_wconf 71' lang='grc' dir='ltr'><strong>ἐπὶ</strong></span> 
     </span>
    </p>
   </div>
   <div class='ocr_carea' id='block_1_97' title="bbox 334 4710 1723 4786">
    <p class='ocr_par' dir='ltr' id='par_1_97' title="bbox 334 4710 1723 4786">
     <span class='ocr_line' id='line_1_97' title="bbox 334 4710 1723 4786; baseline -0.001 -18"><span class='ocrx_word' id='word_1_760' title='bbox 334 4716 435 4779; x_wconf 79' lang='grc' dir='ltr'>τὰς</span> <span class='ocrx_word' id='word_1_761' title='bbox 475 4716 657 4786; x_wconf 79' lang='grc' dir='ltr'>πηγὰς</span> <span class='ocrx_word' id='word_1_762' title='bbox 687 4716 793 4768; x_wconf 78' lang='grc' dir='ltr'>τῶν</span> <span class='ocrx_word' id='word_1_763' title='bbox 824 4717 1054 4770; x_wconf 86' lang='grc' dir='ltr'>ὑδάτων·</span> <span class='ocrx_word' id='word_1_764' title='bbox 1099 4735 1118 4766; x_wconf 70' lang='grc' dir='ltr'><strong>ι</strong></span> <span class='ocrx_word' id='word_1_765' title='bbox 1175 4715 1290 4767; x_wconf 82' lang='grc' dir='ltr'><strong>οὺδέ</strong></span> <span class='ocrx_word' id='word_1_766' title='bbox 1324 4710 1442 4767; x_wconf 80' lang='grc' dir='ltr'>εἶπε</span> <span class='ocrx_word' id='word_1_767' title='bbox 1470 4731 1481 4743; x_wconf 89' lang='grc'>·</span> <span class='ocrx_word' id='word_1_768' title='bbox 1535 4732 1552 4764; x_wconf 78' lang='grc' dir='ltr'><strong>ι</strong></span> <span class='ocrx_word' id='word_1_769' title='bbox 1588 4715 1723 4767; x_wconf 88' lang='grc' dir='ltr'>Πότε</span> 
     </span>
    </p>
   </div>
   <div class='ocr_carea' id='block_1_98' title="bbox 338 4803 1904 4880">
    <p class='ocr_par' dir='ltr' id='par_1_98' title="bbox 338 4803 1904 4880">
     <span class='ocr_line' id='line_1_98' title="bbox 338 4803 1904 4880; baseline -0.002 -19"><span class='ocrx_word' id='word_1_770' title='bbox 338 4808 436 4861; x_wconf 79' lang='grc' dir='ltr'>καὶ</span> <span class='ocrx_word' id='word_1_771' title='bbox 465 4807 768 4878; x_wconf 75' lang='grc' dir='ltr'>ὀφθήσομαι</span> <span class='ocrx_word' id='word_1_772' title='bbox 815 4807 893 4878; x_wconf 82' lang='grc' dir='ltr'><strong>τῷ</strong></span> <span class='ocrx_word' id='word_1_773' title='bbox 935 4806 1210 4880; x_wconf 83' lang='grc' dir='ltr'>προσώπῳ</span> <span class='ocrx_word' id='word_1_774' title='bbox 1251 4804 1344 4857; x_wconf 87' lang='grc' dir='ltr'><strong>τοῦ</strong></span> <span class='ocrx_word' id='word_1_775' title='bbox 1387 4803 1559 4870; x_wconf 80' lang='grc' dir='ltr'>Θεοῦ;</span> <span class='ocrx_word' id='word_1_776' title='bbox 1605 4823 1622 4855; x_wconf 77' lang='grc' dir='ltr'><strong>ι</strong></span> <span class='ocrx_word' id='word_1_777' title='bbox 1668 4805 1800 4857; x_wconf 77' lang='grc' dir='ltr'><strong>υύδέ</strong></span> <span class='ocrx_word' id='word_1_778' title='bbox 1848 4807 1904 4858; x_wconf 90' lang='grc' dir='ltr'><strong>ἐν</strong></span> 
     </span>
    </p>
   </div>
   <div class='ocr_carea' id='block_1_99' title="bbox 341 4895 1903 4968">
    <p class='ocr_par' dir='ltr' id='par_1_99' title="bbox 341 4895 1903 4968">
     <span class='ocr_line' id='line_1_99' title="bbox 341 4895 1903 4968; baseline -0.002 -19"><span class='ocrx_word' id='word_1_779' title='bbox 341 4896 520 4968; x_wconf 83' lang='grc' dir='ltr'>ἐαυτῷ</span> <span class='ocrx_word' id='word_1_780' title='bbox 562 4897 858 4966; x_wconf 85' lang='grc' dir='ltr'>ἐλογίσατο,</span> <span class='ocrx_word' id='word_1_781' title='bbox 891 4899 925 4950; x_wconf 74' lang='grc' dir='ltr'><strong>ἃ</strong></span> <span class='ocrx_word' id='word_1_782' title='bbox 965 4896 1404 4966; x_wconf 88' lang='grc' dir='ltr'>διαλογισάμενος</span> <span class='ocrx_word' id='word_1_783' title='bbox 1435 4898 1462 4948; x_wconf 91' lang='grc' dir='ltr'><em>ὀ</em></span> <span class='ocrx_word' id='word_1_784' title='bbox 1493 4897 1792 4966; x_wconf 85' lang='grc' dir='ltr'>προφήτης,</span> <span class='ocrx_word' id='word_1_785' title='bbox 1815 4895 1903 4947; x_wconf 85' lang='grc' dir='ltr'>λε-</span> 
     </span>
    </p>
   </div>
   <div class='ocr_carea' id='block_1_100' title="bbox 344 4986 1903 5059">
    <p class='ocr_par' dir='ltr' id='par_1_100' title="bbox 344 4986 1903 5059">
     <span class='ocr_line' id='line_1_100' title="bbox 344 4986 1903 5059; baseline 0 -19"><span class='ocrx_word' id='word_1_786' title='bbox 344 4987 570 5059; x_wconf 82' lang='grc' dir='ltr'>γομένου</span> <span class='ocrx_word' id='word_1_787' title='bbox 603 4988 696 5042; x_wconf 91' lang='grc' dir='ltr'><strong>τοῦ</strong></span> <span class='ocrx_word' id='word_1_788' title='bbox 721 5007 732 5018; x_wconf 91' lang='grc'><strong>·</strong></span> <span class='ocrx_word' id='word_1_789' title='bbox 775 5007 794 5040; x_wconf 73' lang='grc' dir='ltr'><strong>ι</strong></span> <span class='ocrx_word' id='word_1_790' title='bbox 832 4988 943 5041; x_wconf 89' lang='grc' dir='ltr'>Ποῦ</span> <span class='ocrx_word' id='word_1_791' title='bbox 971 4989 1115 5041; x_wconf 79' lang='grc' dir='ltr'>ἐστιν</span> <span class='ocrx_word' id='word_1_792' title='bbox 1140 4992 1167 5042; x_wconf 89' lang='grc' dir='ltr'>ὁ</span> <span class='ocrx_word' id='word_1_793' title='bbox 1200 4988 1330 5051; x_wconf 89' lang='grc' dir='ltr'>Θεός</span> <span class='ocrx_word' id='word_1_794' title='bbox 1358 5003 1490 5046; x_wconf 78' lang='lat' dir='ltr'><strong>ceu;</strong></span> <span class='ocrx_word' id='word_1_795' title='bbox 1532 5006 1549 5038; x_wconf 75' lang='grc' dir='ltr'><strong>ι</strong></span> <span class='ocrx_word' id='word_1_796' title='bbox 1585 4986 1753 5056; x_wconf 80' lang='grc' dir='ltr'>αὐτῷ,</span> <span class='ocrx_word' id='word_1_797' title='bbox 1782 4987 1903 5040; x_wconf 86' lang='grc' dir='ltr'>καθ’</span> 
     </span>
    </p>
   </div>
   <div class='ocr_carea' id='block_1_101' title="bbox 1812 4714 1903 4778">
    <p class='ocr_par' dir='ltr' id='par_1_101' title="bbox 1812 4714 1903 4778">
     <span class='ocr_line' id='line_1_101' title="bbox 1812 4714 1903 4778; baseline 0 -12"><span class='ocrx_word' id='word_1_798' title='bbox 1812 4714 1903 4778; x_wconf 79' lang='grc' dir='ltr'><strong>ξω,</strong></span> 
     </span>
    </p>
   </div>
   <div class='ocr_carea' id='block_1_102' title="bbox 437 5150 1690 5216">
    <p class='ocr_par' dir='ltr' id='par_1_102' title="bbox 437 5150 1690 5216">
     <span class='ocr_line' id='line_1_102' title="bbox 437 5150 1690 5216; baseline -0.002 -9"><span class='ocrx_word' id='word_1_799' title='bbox 437 5155 484 5187; x_wconf 80' lang='grc'><strong>⁷⁸</strong></span> <span class='ocrx_word' id='word_1_800' title='bbox 523 5155 679 5207; x_wconf 79' lang='lat' dir='ltr'><strong>Rom.</strong></span> <span class='ocrx_word' id='word_1_801' title='bbox 712 5168 826 5214; x_wconf 84' lang='lat' dir='ltr'><strong>vm,</strong></span> <span class='ocrx_word' id='word_1_802' title='bbox 863 5155 944 5206; x_wconf 76' lang='lat'><strong>18.</strong></span> <span class='ocrx_word' id='word_1_803' title='bbox 1055 5154 1100 5183; x_wconf 74' lang='grc'><strong>⁷³</strong></span> <span class='ocrx_word' id='word_1_804' title='bbox 1134 5151 1177 5204; x_wconf 91' lang='lat' dir='ltr'><strong>ll</strong></span> <span class='ocrx_word' id='word_1_805' title='bbox 1213 5150 1336 5204; x_wconf 87' lang='lat' dir='ltr'><strong>Cor.</strong></span> <span class='ocrx_word' id='word_1_806' title='bbox 1371 5167 1442 5214; x_wconf 82' lang='lat' dir='ltr'><strong>Iv,</strong></span> <span class='ocrx_word' id='word_1_807' title='bbox 1481 5151 1572 5216; x_wconf 84' lang='grc'><strong>17,</strong></span> <span class='ocrx_word' id='word_1_808' title='bbox 1610 5154 1690 5206; x_wconf 81' lang='grc'><strong>18.</strong></span> 
     </span>
    </p>
   </div>
   <div class='ocr_carea' id='block_1_103' title="bbox 331 5219 1293 5285">
    <p class='ocr_par' dir='ltr' id='par_1_103' title="bbox 331 5219 1293 5285">
     <span class='ocr_line' id='line_1_103' title="bbox 331 5219 1293 5285; baseline -0.006 -5"><span class='ocrx_word' id='word_1_809' title='bbox 331 5219 382 5258; x_wconf 86' lang='grc'><strong>⁸³</strong></span> <span class='ocrx_word' id='word_1_810' title='bbox 407 5223 543 5279; x_wconf 72' lang='lat' dir='ltr'><strong>Ibid.</strong></span> <span class='ocrx_word' id='word_1_811' title='bbox 579 5224 666 5277; x_wconf 73' lang='grc'><strong>25.</strong></span> <span class='ocrx_word' id='word_1_812' title='bbox 778 5222 823 5252; x_wconf 65' lang='grc'><strong>⁸⁸</strong></span> <span class='ocrx_word' id='word_1_813' title='bbox 852 5223 990 5277; x_wconf 84' lang='lat' dir='ltr'><strong>Psal.</strong></span> <span class='ocrx_word' id='word_1_814' title='bbox 1020 5237 1124 5285; x_wconf 80' lang='lat' dir='ltr'><strong>xu,</strong></span> <span class='ocrx_word' id='word_1_815' title='bbox 1161 5222 1208 5284; x_wconf 80' lang='lat' dir='ltr'><strong>l,</strong></span> <span class='ocrx_word' id='word_1_816' title='bbox 1240 5222 1293 5274; x_wconf 76' lang='lat'><strong>2.</strong></span> 
     </span>
    </p>
   </div>
   <div class='ocr_carea' id='block_1_104' title="bbox 403 5354 1612 5428">
    <p class='ocr_par' dir='ltr' id='par_1_104' title="bbox 403 5354 1612 5428">
     <span class='ocr_line' id='line_1_104' title="bbox 403 5354 1612 5428; baseline -0.005 -14"><span class='ocrx_word' id='word_1_817' title='bbox 403 5361 515 5428; x_wconf 80' lang='lat'><strong>(60)</strong></span> <span class='ocrx_word' id='word_1_818' title='bbox 556 5359 825 5416; x_wconf 75' lang='grc' dir='ltr'><strong>Αῑὼνιον.</strong></span> <span class='ocrx_word' id='word_1_819' title='bbox 857 5359 1016 5428; x_wconf 83' lang='lat' dir='ltr'><strong>Forte</strong></span> <span class='ocrx_word' id='word_1_820' title='bbox 1044 5359 1348 5428; x_wconf 76' lang='lat' dir='ltr'><strong>legendum,</strong></span> <span class='ocrx_word' id='word_1_821' title='bbox 1378 5354 1612 5428; x_wconf 71' lang='grc' dir='ltr'>αἰωνίου.</span> 
     </span>
    </p>
   </div>
   <div class='ocr_carea' id='block_1_105' title="bbox 405 5423 1895 5500">
    <p class='ocr_par' dir='ltr' id='par_1_105' title="bbox 405 5423 1895 5500">
     <span class='ocr_line' id='line_1_105' title="bbox 405 5423 1895 5500; baseline -0.008 -14"><span class='ocrx_word' id='word_1_822' title='bbox 405 5423 517 5497; x_wconf 64' lang='grc' dir='ltr'><strong>(6η</strong></span> <span class='ocrx_word' id='word_1_823' title='bbox 561 5433 644 5484; x_wconf 87' lang='grc' dir='ltr'><strong>Οὐ</strong></span> <span class='ocrx_word' id='word_1_824' title='bbox 669 5429 858 5500; x_wconf 65' lang='grc' dir='ltr'>μόνζον</span> <span class='ocrx_word' id='word_1_825' title='bbox 885 5427 1000 5500; x_wconf 35' lang='grc' dir='ltr'><strong>ἀ-πό</strong></span> <span class='ocrx_word' id='word_1_826' title='bbox 1024 5427 1128 5479; x_wconf 82' lang='grc' dir='ltr'><strong>τοῦ</strong></span> <span class='ocrx_word' id='word_1_827' title='bbox 1172 5423 1704 5500; x_wconf 44' lang='grc' dir='ltr'>γίνζΐνριισώμαζρς,</span> <span class='ocrx_word' id='word_1_828' title='bbox 1737 5423 1895 5500; x_wconf 41' lang='lat' dir='ltr'><strong>dare;</strong></span> 
     </span>
    </p>
   </div>
   <div class='ocr_carea' id='block_1_106' title="bbox 338 5492 1894 5564">
    <p class='ocr_par' dir='ltr' id='par_1_106' title="bbox 338 5492 1894 5564">
     <span class='ocr_line' id='line_1_106' title="bbox 338 5492 1894 5564; baseline -0.006 -10"><span class='ocrx_word' id='word_1_829' title='bbox 338 5492 432 5554; x_wconf 72' lang='grc' dir='ltr'>καὶ</span> <span class='ocrx_word' id='word_1_830' title='bbox 463 5492 580 5559; x_wconf 69' lang='grc' dir='ltr'><strong>ἀπὸ</strong></span> <span class='ocrx_word' id='word_1_831' title='bbox 609 5492 834 5563; x_wconf 71' lang='grc' dir='ltr'>παντὸς</span> <span class='ocrx_word' id='word_1_832' title='bbox 857 5495 1145 5564; x_wconf 82' lang='grc' dir='ltr'>σώματος.</span> <span class='ocrx_word' id='word_1_833' title='bbox 1180 5492 1282 5548; x_wconf 64' lang='grc' dir='ltr'><strong>εἰς</strong></span> <span class='ocrx_word' id='word_1_834' title='bbox 1307 5492 1565 5564; x_wconf 83' lang='lat' dir='ltr'><strong>Origenes</strong></span> <span class='ocrx_word' id='word_1_835' title='bbox 1602 5493 1737 5544; x_wconf 89' lang='lat' dir='ltr'><strong>libro</strong></span> <span class='ocrx_word' id='word_1_836' title='bbox 1769 5508 1780 5544; x_wconf 97' lang='lat' dir='ltr'><strong>l</strong></span> <span class='ocrx_word' id='word_1_837' title='bbox 1810 5493 1894 5564; x_wconf 87' lang='lat' dir='ltr'><strong>_Dc</strong></span> 
     </span>
    </p>
   </div>
   <div class='ocr_carea' id='block_1_107' title="bbox 342 5561 1893 5638">
    <p class='ocr_par' dir='ltr' id='par_1_107' title="bbox 342 5561 1893 5638">
     <span class='ocr_line' id='line_1_107' title="bbox 342 5561 1893 5638; baseline -0.007 -16"><span class='ocrx_word' id='word_1_838' title='bbox 342 5571 630 5638; x_wconf 71' lang='lat' dir='ltr'><strong>principiis.</strong></span> <span class='ocrx_word' id='word_1_839' title='bbox 663 5583 784 5635; x_wconf 84' lang='lat' dir='ltr'><strong>cap.</strong></span> <span class='ocrx_word' id='word_1_840' title='bbox 813 5561 869 5630; x_wconf 71' lang='grc' dir='ltr'>Β,</span> <span class='ocrx_word' id='word_1_841' title='bbox 907 5561 958 5618; x_wconf 65' lang='grc' dir='ltr'><strong>ηξ</strong></span> <span class='ocrx_word' id='word_1_842' title='bbox 990 5565 1075 5638; x_wconf 72' lang='lat'><strong>4_:</strong></span> <span class='ocrx_word' id='word_1_843' title='bbox 1115 5581 1133 5612; x_wconf 73' lang='grc' dir='ltr'><strong>ι</strong></span> <span class='ocrx_word' id='word_1_844' title='bbox 1179 5565 1430 5617; x_wconf 78' lang='lat' dir='ltr'><strong>Videmus</strong></span> <span class='ocrx_word' id='word_1_845' title='bbox 1468 5561 1586 5613; x_wconf 84' lang='lat' dir='ltr'><strong>illos</strong></span> <span class='ocrx_word' id='word_1_846' title='bbox 1624 5562 1893 5616; x_wconf 63' lang='lat' dir='ltr'><strong>asmtmi...</strong></span> 
     </span>
    </p>
   </div>
   <div class='ocr_carea' id='block_1_108' title="bbox 347 5633 1896 5708">
    <p class='ocr_par' dir='ltr' id='par_1_108' title="bbox 347 5633 1896 5708">
     <span class='ocr_line' id='line_1_108' title="bbox 347 5633 1896 5708; baseline -0.006 -16"><span class='ocrx_word' id='word_1_847' title='bbox 347 5633 437 5708; x_wconf 83' lang='lat' dir='ltr'><strong>qui</strong></span> <span class='ocrx_word' id='word_1_848' title='bbox 474 5633 857 5696; x_wconf 78' lang='lat' dir='ltr'><strong>niortilicantes</strong></span> <span class='ocrx_word' id='word_1_849' title='bbox 887 5633 1127 5689; x_wconf 88' lang='lat' dir='ltr'><strong>membra</strong></span> <span class='ocrx_word' id='word_1_850' title='bbox 1156 5648 1270 5693; x_wconf 82' lang='lat' dir='ltr'><strong>sua,</strong></span> <span class='ocrx_word' id='word_1_851' title='bbox 1305 5647 1421 5702; x_wconf 62' lang='lat' dir='ltr'><strong>quae</strong></span> <span class='ocrx_word' id='word_1_852' title='bbox 1450 5637 1572 5685; x_wconf 85' lang='lat' dir='ltr'><strong>sunt</strong></span> <span class='ocrx_word' id='word_1_853' title='bbox 1600 5644 1756 5700; x_wconf 78' lang='lat' dir='ltr'><strong>super</strong></span> <span class='ocrx_word' id='word_1_854' title='bbox 1790 5639 1896 5684; x_wconf 78' lang='lat' dir='ltr'><strong>ter-</strong></span> 
     </span>
    </p>
   </div>
   <div class='ocr_carea' id='block_1_109' title="bbox 1801 5151 2282 5217">
    <p class='ocr_par' dir='ltr' id='par_1_109' title="bbox 1801 5151 2282 5217">
     <span class='ocr_line' id='line_1_109' title="bbox 1801 5151 2282 5217; baseline -0.006 -11"><span class='ocrx_word' id='word_1_855' title='bbox 1801 5155 1845 5184; x_wconf 78' lang='grc' dir='ltr'><strong>⁸ο</strong></span> <span class='ocrx_word' id='word_1_856' title='bbox 1877 5152 1919 5205; x_wconf 92' lang='lat' dir='ltr'><strong>ll</strong></span> <span class='ocrx_word' id='word_1_857' title='bbox 1949 5151 2089 5205; x_wconf 92' lang='lat' dir='ltr'><strong>Tim.</strong></span> <span class='ocrx_word' id='word_1_858' title='bbox 2125 5166 2197 5217; x_wconf 84' lang='grc' dir='ltr'><strong>ιι,</strong></span> <span class='ocrx_word' id='word_1_859' title='bbox 2232 5152 2282 5205; x_wconf 82' lang='grc'><strong>5.</strong></span> 
     </span>
    </p>
   </div>
   <div class='ocr_carea' id='block_1_110' title="bbox 2009 4439 3565 4510">
    <p class='ocr_par' dir='ltr' id='par_1_110' title="bbox 2009 4439 3565 4510">
     <span class='ocr_line' id='line_1_110' title="bbox 2009 4439 3565 4510; baseline 0.004 -20"><span class='ocrx_word' id='word_1_860' title='bbox 2009 4439 2060 4490; x_wconf 90' lang='lat' dir='ltr'><strong>id</strong></span> <span class='ocrx_word' id='word_1_861' title='bbox 2099 4439 2328 4502; x_wconf 88' lang='lat' dir='ltr'><strong>videtur,</strong></span> <span class='ocrx_word' id='word_1_862' title='bbox 2365 4455 2469 4494; x_wconf 93' lang='lat' dir='ltr'><strong>non</strong></span> <span class='ocrx_word' id='word_1_863' title='bbox 2503 4457 2520 4490; x_wconf 75' lang='grc' dir='ltr'><strong>ι</strong></span> <span class='ocrx_word' id='word_1_864' title='bbox 2554 4440 2722 4494; x_wconf 88' lang='lat' dir='ltr'><strong>sitivit</strong></span> <span class='ocrx_word' id='word_1_865' title='bbox 2750 4440 2815 4494; x_wconf 89' lang='lat' dir='ltr'><strong>ad</strong></span> <span class='ocrx_word' id='word_1_866' title='bbox 2860 4441 3024 4493; x_wconf 88' lang='lat' dir='ltr'><strong>Deum</strong></span> <span class='ocrx_word' id='word_1_867' title='bbox 3058 4441 3248 4495; x_wconf 84' lang='lat' dir='ltr'><strong>fortem</strong></span> <span class='ocrx_word' id='word_1_868' title='bbox 3285 4443 3462 4496; x_wconf 88' lang='lat' dir='ltr'><strong>vivum</strong></span> <span class='ocrx_word' id='word_1_869' title='bbox 3490 4483 3504 4510; x_wconf 91' lang='lat'><strong>,</strong></span> <span class='ocrx_word' id='word_1_870' title='bbox 3547 4465 3565 4496; x_wconf 77' lang='grc' dir='ltr'><strong>ι</strong></span> 
     </span>
    </p>
   </div>
   <div class='ocr_carea' id='block_1_111' title="bbox 2011 4532 3572 4600">
    <p class='ocr_par' dir='ltr' id='par_1_111' title="bbox 2011 4532 3572 4600">
     <span class='ocr_line' id='line_1_111' title="bbox 2011 4532 3572 4600; baseline 0.004 -18"><span class='ocrx_word' id='word_1_871' title='bbox 2011 4545 2186 4598; x_wconf 85' lang='lat' dir='ltr'><strong>neque</strong></span> <span class='ocrx_word' id='word_1_872' title='bbox 2212 4549 2230 4581; x_wconf 82' lang='grc' dir='ltr'><strong>ι</strong></span> <span class='ocrx_word' id='word_1_873' title='bbox 2260 4532 2587 4585; x_wconf 74' lang='lat' dir='ltr'><strong>desideravit</strong></span> <span class='ocrx_word' id='word_1_874' title='bbox 2616 4532 2682 4586; x_wconf 87' lang='lat' dir='ltr'><strong>ad</strong></span> <span class='ocrx_word' id='word_1_875' title='bbox 2715 4533 2914 4596; x_wconf 89' lang='lat' dir='ltr'><strong>Deum,</strong></span> <span class='ocrx_word' id='word_1_876' title='bbox 2947 4534 3398 4600; x_wconf 80' lang='lat' dir='ltr'><strong>quclnadmodum</strong></span> <span class='ocrx_word' id='word_1_877' title='bbox 3429 4537 3572 4590; x_wconf 89' lang='lat' dir='ltr'><strong>desi-</strong></span> 
     </span>
    </p>
   </div>
   <div class='ocr_carea' id='block_1_112' title="bbox 2009 4612 3562 4699">
    <p class='ocr_par' dir='ltr' id='par_1_112' title="bbox 2009 4612 3562 4699">
     <span class='ocr_line' id='line_1_112' title="bbox 2009 4612 3562 4699; baseline 0.004 -26"><span class='ocrx_word' id='word_1_878' title='bbox 2009 4621 2162 4673; x_wconf 88' lang='lat' dir='ltr'><strong>derat</strong></span> <span class='ocrx_word' id='word_1_879' title='bbox 2207 4637 2398 4675; x_wconf 87' lang='lat' dir='ltr'><strong>ccrvns</strong></span> <span class='ocrx_word' id='word_1_880' title='bbox 2442 4625 2507 4676; x_wconf 90' lang='lat' dir='ltr'><strong>ad</strong></span> <span class='ocrx_word' id='word_1_881' title='bbox 2554 4612 2730 4678; x_wconf 78' lang='lat' dir='ltr'><strong>fontes</strong></span> <span class='ocrx_word' id='word_1_882' title='bbox 2779 4639 3043 4691; x_wconf 88' lang='lat' dir='ltr'><strong>aquarum</strong></span> <span class='ocrx_word' id='word_1_883' title='bbox 3076 4643 3090 4690; x_wconf 85' lang='lat'><strong>;</strong></span> <span class='ocrx_word' id='word_1_884' title='bbox 3125 4645 3143 4677; x_wconf 75' lang='grc' dir='ltr'><strong>ι</strong></span> <span class='ocrx_word' id='word_1_885' title='bbox 3174 4642 3346 4699; x_wconf 88' lang='lat' dir='ltr'><strong>neque</strong></span> <span class='ocrx_word' id='word_1_886' title='bbox 3378 4627 3515 4680; x_wconf 81' lang='lat' dir='ltr'><strong>dixit</strong></span> <span class='ocrx_word' id='word_1_887' title='bbox 3551 4647 3562 4679; x_wconf 93' lang='lat'>:</span> 
     </span>
    </p>
   </div>
   <div class='ocr_carea' id='block_1_113' title="bbox 2018 4710 3562 4784">
    <p class='ocr_par' dir='ltr' id='par_1_113' title="bbox 2018 4710 3562 4784">
     <span class='ocr_line' id='line_1_113' title="bbox 2018 4710 3562 4784; baseline 0.006 -22"><span class='ocrx_word' id='word_1_888' title='bbox 2018 4710 2274 4777; x_wconf 74' lang='lat' dir='ltr'><strong>«Quando</strong></span> <span class='ocrx_word' id='word_1_889' title='bbox 2302 4712 2534 4778; x_wconf 82' lang='lat' dir='ltr'><strong>veniam,</strong></span> <span class='ocrx_word' id='word_1_890' title='bbox 2565 4724 2618 4766; x_wconf 82' lang='lat' dir='ltr'><strong>et</strong></span> <span class='ocrx_word' id='word_1_891' title='bbox 2647 4717 2915 4784; x_wconf 85' lang='lat' dir='ltr'><strong>apparebo</strong></span> <span class='ocrx_word' id='word_1_892' title='bbox 2946 4725 3069 4770; x_wconf 87' lang='lat' dir='ltr'><strong>ante</strong></span> <span class='ocrx_word' id='word_1_893' title='bbox 3095 4717 3286 4771; x_wconf 79' lang='lat' dir='ltr'><strong>faciem</strong></span> <span class='ocrx_word' id='word_1_894' title='bbox 3319 4717 3410 4773; x_wconf 91' lang='lat' dir='ltr'><strong>Dei</strong></span> <span class='ocrx_word' id='word_1_895' title='bbox 3437 4718 3483 4751; x_wconf 78' lang='lat'><strong>“</strong></span> <span class='ocrx_word' id='word_1_896' title='bbox 3502 4720 3527 4774; x_wconf 70' lang='grc' dir='ltr'><em>ἲ</em></span> <span class='ocrx_word' id='word_1_897' title='bbox 3546 4740 3562 4771; x_wconf 74' lang='grc' dir='ltr'><strong>ι</strong></span> 
     </span>
    </p>
   </div>
   <div class='ocr_carea' id='block_1_114' title="bbox 2011 4803 3559 4880">
    <p class='ocr_par' dir='ltr' id='par_1_114' title="bbox 2011 4803 3559 4880">
     <span class='ocr_line' id='line_1_114' title="bbox 2011 4803 3559 4880; baseline 0.004 -24"><span class='ocrx_word' id='word_1_898' title='bbox 2011 4803 2121 4858; x_wconf 63' lang='lat' dir='ltr'><strong>hec</strong></span> <span class='ocrx_word' id='word_1_899' title='bbox 2151 4819 2333 4858; x_wconf 89' lang='lat' dir='ltr'><strong>secum</strong></span> <span class='ocrx_word' id='word_1_900' title='bbox 2374 4820 2438 4859; x_wconf 87' lang='lat' dir='ltr'><strong>ea</strong></span> <span class='ocrx_word' id='word_1_901' title='bbox 2487 4808 2758 4873; x_wconf 88' lang='lat' dir='ltr'><strong>reputavit</strong></span> <span class='ocrx_word' id='word_1_902' title='bbox 2805 4824 2923 4876; x_wconf 56' lang='lat' dir='ltr'><strong>quae</strong></span> <span class='ocrx_word' id='word_1_903' title='bbox 2965 4818 3218 4874; x_wconf 88' lang='lat' dir='ltr'><strong>reputans</strong></span> <span class='ocrx_word' id='word_1_904' title='bbox 3260 4809 3559 4880; x_wconf 80' lang='lat' dir='ltr'><strong>[’mpbeta,</strong></span> 
     </span>
    </p>
   </div>
   <div class='ocr_carea' id='block_1_115' title="bbox 2011 4895 3568 4956">
    <p class='ocr_par' dir='ltr' id='par_1_115' title="bbox 2011 4895 3568 4956">
     <span class='ocr_line' id='line_1_115' title="bbox 2011 4895 3568 4956; baseline 0.005 -8"><span class='ocrx_word' id='word_1_905' title='bbox 2011 4911 2130 4948; x_wconf 90' lang='lat' dir='ltr'><strong>cum</strong></span> <span class='ocrx_word' id='word_1_906' title='bbox 2167 4895 2440 4950; x_wconf 91' lang='lat' dir='ltr'><strong>diceretur</strong></span> <span class='ocrx_word' id='word_1_907' title='bbox 2471 4897 2519 4951; x_wconf 90' lang='lat' dir='ltr'><strong>ei</strong></span> <span class='ocrx_word' id='word_1_908' title='bbox 2548 4917 2559 4951; x_wconf 91' lang='lat'><strong>:</strong></span> <span class='ocrx_word' id='word_1_909' title='bbox 2592 4915 2610 4947; x_wconf 76' lang='grc' dir='ltr'><strong>ι</strong></span> <span class='ocrx_word' id='word_1_910' title='bbox 2648 4897 2743 4952; x_wconf 91' lang='lat' dir='ltr'><strong>Ubi</strong></span> <span class='ocrx_word' id='word_1_911' title='bbox 2782 4909 2865 4952; x_wconf 91' lang='lat' dir='ltr'><strong>est</strong></span> <span class='ocrx_word' id='word_1_912' title='bbox 2905 4901 3043 4954; x_wconf 89' lang='lat' dir='ltr'><strong>Deus</strong></span> <span class='ocrx_word' id='word_1_913' title='bbox 3085 4903 3255 4954; x_wconf 84' lang='lat' dir='ltr'><strong>tuus?</strong></span> <span class='ocrx_word' id='word_1_914' title='bbox 3282 4921 3298 4953; x_wconf 79' lang='grc' dir='ltr'><strong>ι</strong></span> <span class='ocrx_word' id='word_1_915' title='bbox 3331 4904 3568 4956; x_wconf 77' lang='lat' dir='ltr'><strong>ell‘unde-</strong></span> 
     </span>
    </p>
   </div>
   <div class='ocr_carea' id='block_1_116' title="bbox 2011 4987 3564 5059">
    <p class='ocr_par' dir='ltr' id='par_1_116' title="bbox 2011 4987 3564 5059">
     <span class='ocr_line' id='line_1_116' title="bbox 2011 4987 3564 5059; baseline 0.004 -20"><span class='ocrx_word' id='word_1_916' title='bbox 2011 4987 2103 5039; x_wconf 89' lang='lat' dir='ltr'><strong>bat</strong></span> <span class='ocrx_word' id='word_1_917' title='bbox 2137 5001 2228 5056; x_wconf 92' lang='lat' dir='ltr'><strong>pcr</strong></span> <span class='ocrx_word' id='word_1_918' title='bbox 2255 4988 2496 5059; x_wconf 84' lang='lat' dir='ltr'><strong>singulos</strong></span> <span class='ocrx_word' id='word_1_919' title='bbox 2532 4989 2649 5043; x_wconf 88' lang='lat' dir='ltr'><strong>dies</strong></span> <span class='ocrx_word' id='word_1_920' title='bbox 2688 4991 2737 5044; x_wconf 93' lang='lat' dir='ltr'><strong>in</strong></span> <span class='ocrx_word' id='word_1_921' title='bbox 2778 5007 2834 5046; x_wconf 89' lang='lat' dir='ltr'><strong>se</strong></span> <span class='ocrx_word' id='word_1_922' title='bbox 2869 4995 3105 5047; x_wconf 87' lang='lat' dir='ltr'><strong>animam</strong></span> <span class='ocrx_word' id='word_1_923' title='bbox 3149 5011 3303 5050; x_wconf 90' lang='lat' dir='ltr'><strong>suam</strong></span> <span class='ocrx_word' id='word_1_924' title='bbox 3329 5036 3344 5054; x_wconf 85' lang='lat'><strong>.</strong></span> <span class='ocrx_word' id='word_1_925' title='bbox 3389 4997 3564 5048; x_wconf 83' lang='lat' dir='ltr'><strong>incre-</strong></span> 
     </span>
    </p>
   </div>
   <div class='ocr_carea' id='block_1_117' title="bbox 2395 5151 3571 5218">
    <p class='ocr_par' dir='ltr' id='par_1_117' title="bbox 2395 5151 3571 5218">
     <span class='ocr_line' id='line_1_117' title="bbox 2395 5151 3571 5218; baseline 0.002 -14"><span class='ocrx_word' id='word_1_926' title='bbox 2395 5152 2436 5182; x_wconf 79' lang='grc'>⁸¹</span> <span class='ocrx_word' id='word_1_927' title='bbox 2471 5151 2699 5218; x_wconf 81' lang='lat' dir='ltr'><strong>Philipp.</strong></span> <span class='ocrx_word' id='word_1_928' title='bbox 2740 5166 2797 5207; x_wconf 82' lang='lat' dir='ltr'><strong>tu</strong></span> <span class='ocrx_word' id='word_1_929' title='bbox 2820 5190 2833 5214; x_wconf 88' lang='lat'><strong>,</strong></span> <span class='ocrx_word' id='word_1_930' title='bbox 2871 5153 2959 5207; x_wconf 66' lang='grc' dir='ltr'><strong>Ἡ.</strong></span> <span class='ocrx_word' id='word_1_931' title='bbox 3070 5154 3114 5184; x_wconf 75' lang='grc'><strong>⁸³</strong></span> <span class='ocrx_word' id='word_1_932' title='bbox 3146 5152 3300 5205; x_wconf 73' lang='lat' dir='ltr'><strong>Boni.</strong></span> <span class='ocrx_word' id='word_1_933' title='bbox 3335 5169 3443 5217; x_wconf 78' lang='lat' dir='ltr'><strong>vit,</strong></span> <span class='ocrx_word' id='word_1_934' title='bbox 3479 5153 3571 5207; x_wconf 72' lang='grc'><strong>24.</strong></span> 
     </span>
    </p>
   </div>
   <div class='ocr_carea' id='block_1_118' title="bbox 2006 5358 3562 5422">
    <p class='ocr_par' dir='ltr' id='par_1_118' title="bbox 2006 5358 3562 5422">
     <span class='ocr_line' id='line_1_118' title="bbox 2006 5358 3562 5422; baseline -0.001 -14"><span class='ocrx_word' id='word_1_935' title='bbox 2006 5371 2116 5410; x_wconf 86' lang='lat' dir='ltr'><strong>ram</strong></span> <span class='ocrx_word' id='word_1_936' title='bbox 2147 5369 2197 5412; x_wconf 89' lang='lat' dir='ltr'><strong>et</strong></span> <span class='ocrx_word' id='word_1_937' title='bbox 2239 5361 2682 5412; x_wconf 82' lang='lat' dir='ltr'><strong>transcendentes</strong></span> <span class='ocrx_word' id='word_1_938' title='bbox 2715 5374 2817 5411; x_wconf 92' lang='lat' dir='ltr'><strong>non</strong></span> <span class='ocrx_word' id='word_1_939' title='bbox 2847 5360 3016 5412; x_wconf 81' lang='lat' dir='ltr'><strong>solum</strong></span> <span class='ocrx_word' id='word_1_940' title='bbox 3046 5369 3362 5422; x_wconf 85' lang='lat' dir='ltr'><strong>corpoream</strong></span> <span class='ocrx_word' id='word_1_941' title='bbox 3389 5358 3562 5408; x_wconf 81' lang='lat' dir='ltr'><strong>&#39;natu-</strong></span> 
     </span>
    </p>
   </div>
   <div class='ocr_carea' id='block_1_119' title="bbox 2000 5423 3560 5492">
    <p class='ocr_par' dir='ltr' id='par_1_119' title="bbox 2000 5423 3560 5492">
     <span class='ocr_line' id='line_1_119' title="bbox 2000 5423 3560 5492; baseline -0.004 -14"><span class='ocrx_word' id='word_1_942' title='bbox 2000 5442 2348 5490; x_wconf 82' lang='lat' dir='ltr'><strong>ram,verum</strong></span> <span class='ocrx_word' id='word_1_943' title='bbox 2393 5431 2555 5482; x_wconf 84' lang='lat' dir='ltr'><strong>etiam</strong></span> <span class='ocrx_word' id='word_1_944' title='bbox 2603 5428 2795 5479; x_wconf 65' lang='lat' dir='ltr'><strong>animae</strong></span> <span class='ocrx_word' id='word_1_945' title='bbox 2848 5429 3012 5492; x_wconf 83' lang='lat' dir='ltr'><strong>ipsius</strong></span> <span class='ocrx_word' id='word_1_946' title='bbox 3059 5425 3339 5488; x_wconf 82' lang='lat' dir='ltr'><strong>ambiguos</strong></span> <span class='ocrx_word' id='word_1_947' title='bbox 3391 5423 3560 5490; x_wconf 61' lang='lat' dir='ltr'><strong>fregi»</strong></span> 
     </span>
    </p>
   </div>
   <div class='ocr_carea' id='block_1_120' title="bbox 2002 5492 3564 5564">
    <p class='ocr_par' dir='ltr' id='par_1_120' title="bbox 2002 5492 3564 5564">
     <span class='ocr_line' id='line_1_120' title="bbox 2002 5492 3564 5564; baseline 0 -17"><span class='ocrx_word' id='word_1_948' title='bbox 2002 5495 2182 5564; x_wconf 78' lang='lat' dir='ltr'><strong>lesque</strong></span> <span class='ocrx_word' id='word_1_949' title='bbox 2235 5508 2443 5561; x_wconf 85' lang='lat' dir='ltr'><strong>motus,</strong></span> <span class='ocrx_word' id='word_1_950' title='bbox 2505 5497 2850 5559; x_wconf 84' lang='lat' dir='ltr'><strong>adjunxeriut</strong></span> <span class='ocrx_word' id='word_1_951' title='bbox 2901 5511 2958 5548; x_wconf 88' lang='lat' dir='ltr'><strong>se</strong></span> <span class='ocrx_word' id='word_1_952' title='bbox 3009 5492 3270 5554; x_wconf 87' lang='lat' dir='ltr'><strong>Domino,</strong></span> <span class='ocrx_word' id='word_1_953' title='bbox 3322 5493 3446 5545; x_wconf 79' lang='lat' dir='ltr'><strong>facti</strong></span> <span class='ocrx_word' id='word_1_954' title='bbox 3493 5507 3564 5547; x_wconf 74' lang='lat' dir='ltr'><strong>ex.</strong></span> 
     </span>
    </p>
   </div>
   <div class='ocr_carea' id='block_1_121' title="bbox 2003 5565 2966 5636">
    <p class='ocr_par' dir='ltr' id='par_1_121' title="bbox 2003 5565 2966 5636">
     <span class='ocr_line' id='line_1_121' title="bbox 2003 5565 2966 5636; baseline -0.004 -15"><span class='ocrx_word' id='word_1_955' title='bbox 2003 5565 2212 5636; x_wconf 80' lang='lat' dir='ltr'><strong>integro</strong></span> <span class='ocrx_word' id='word_1_956' title='bbox 2239 5569 2480 5636; x_wconf 80' lang='lat' dir='ltr'><strong>Spiritus.</strong></span> <span class='ocrx_word' id='word_1_957' title='bbox 2526 5587 2543 5617; x_wconf 70' lang='grc' dir='ltr'><strong>ι</strong></span> <span class='ocrx_word' id='word_1_958' title='bbox 2577 5565 2966 5623; x_wconf 56' lang='grc' dir='ltr'>ἢίῑτδτιενιιτδ.</span> 
     </span>
    </p>
   </div>
  </div>
