3974 6160
423 227 530 285 567

1882 200 2202 278 amemus

3570 216 3683 273 568

427 361 565 417 pans
602 358 725 399 eam
753 343 931 399 adhuc
955 356 1063 410 prae
1099 341 1417 397 inﬁrmitate
1445 340 1660 399 tristem
1693 349 1749 396 et
1776 353 1989 412 pertur-

2098 342 2331 412 ἑκάστην
2362 340 2573 412 ἡμέραν
2594 339 2804 410 ἐξέχεεν
2825 341 2911 409 ἐφ’
2936 338 3126 394 ἑαυτὸν
3151 337 3248 411 τὴν
3276 338 3448 410 ψυχὴν
3473 338 3685 403 αὐτοῦ,

432 442 650 504 batam,
683 451 749 493 ac
797 437 1024 492 dicens:
1055 453 1074 487 ι
1103 435 1366 501 Quoniam
1420 435 1661 489 transibo
1702 434 1758 492 in
1811 435 1991 490 locum

426 528 769 587 tabernaculi
812 527 1145 582 admirabilis
1185 542 1356 596 usque
1404 527 1473 581 ad
1530 527 1751 580 domum
1795 527 1888 581 Dei
1937 527 1991 581 in

424 637 564 678 voce
591 618 969 675 exsultationis
999 627 1055 674 et
1078 616 1439 676 confessionis
1466 619 1586 675 soni
1619 617 1815 673 festum
1849 618 1991 673 cele-

428 708 637 764 brantis
662 707 730 761 ".
758 726 780 761 ι

499 878 549 933 4.
593 876 768 935 Velim
798 879 967 948 igitur
994 894 1114 945 vos,
1141 896 1239 951 per
1266 896 1429 938 omne
1460 884 1600 952 quod
1630 884 1994 941 iustateerta-

430 984 550 1026 men
582 984 851 1027 memores
882 972 1066 1026 multae
1105 971 1250 1028 illius
1285 977 1551 1031 mercedis
1579 992 1699 1046 quae
1739 979 1793 1032 in
1835 978 1993 1034 caelis

426 1062 659 1132 reposita
695 1073 782 1118 est
835 1064 903 1118 iis
937 1081 956 1116 ι
1004 1066 1098 1133 qui
1129 1067 1566 1133 persecutionem
1609 1077 1662 1123 et
1701 1070 1992 1138 Oppi-ebria

423 1156 705 1223 patiuntur
769 1164 991 1227 propter
1054 1154 1356 1229 justitiam,
1405 1168 1460 1214 et
1519 1170 1741 1230 propter
1794 1160 1990 1215 Filium

422 1246 656 1301 hominis
682 1246 751 1311 ⁸⁸,
780 1267 800 1300 ι
828 1250 1086 1319 gaudere,
1112 1250 1391 1305 exsultare
1419 1261 1473 1307 et
1506 1252 1803 1320 tripudiare
1825 1292 1840 1319 ,
1879 1253 1993 1307 sic-

420 1341 478 1387 ut
527 1334 752 1404 apostoli
800 1336 927 1391 olim
975 1340 1146 1409 gavisi
1197 1348 1360 1407 sunt,
1426 1357 1445 1393 ι
1513 1342 1772 1411 quoniam
1843 1344 1991 1412 digni

420 1426 593 1483 habiti
624 1439 750 1484 sunt
779 1444 880 1499 pro
910 1431 1129 1485 nomine
1158 1429 1275 1499 ejus
1302 1433 1691 1489 contumeliam
1724 1434 1835 1503 pati
1862 1434 1933 1488 δ’.
1956 1451 1983 1484 ,ι

420 1517 574 1585 Quod
604 1520 649 1575 si
681 1536 840 1590 quam
873 1523 928 1576 in
956 1521 1135 1575 anima
1170 1532 1349 1578 vestra
1397 1525 1650 1580 sentiatis
1696 1525 1990 1595 aliquando

426 1611 731 1680 angustiam
755 1652 770 1676 ,
804 1612 949 1667 dicat
971 1616 1021 1666 ei
1051 1613 1142 1681 qui
1176 1613 1230 1666 in
1256 1613 1408 1669 vobis
1435 1626 1518 1670 cst
1545 1616 1768 1681 spiritus
1831 1616 1990 1673 Chri-

2098 431 2448 503 ἐπιπλήσσων
2493 431 2628 500 αὐτῇ
2670 428 2753 482 έτι
2796 430 2912 483 κατ’
2942 428 3220 483 ἀσθένειαν
3260 428 3546 500 περιλύπῳ
3591 444 3685 496 γι-

2095 522 2294 595 νομένῃ
2323 523 2417 575 καλ⁵
2456 521 2957 594 συνταρασσομένῃ,
2995 523 3089 575 καὶ
3114 521 3285 590 λέγων
3308 538 3321 552 ·
3362 541 3380 572 ι
3411 521 3537 575 Ὅτι
3570 520 3687 575 διε-

2095 613 2356 684 λεύσομαι
2387 616 2445 668 ὲν
2475 615 2627 685 τόπῳ
2668 615 2872 685 σκηνῆς
2903 613 3224 684 θαυμαστῆς
3255 613 3360 678 ἓως
3390 612 3483 668 τοῦ
3519 614 3684 668 οἴκου

2093 705 2187 760 τοῦ
2220 706 2377 770 Θεοῦ,
2409 708 2466 759 ἐν
2500 708 2649 777 φωνῇ
2687 705 3058 775 ἀγαλλιάσεως
3101 705 3194 758 καὶ
3235 704 3686 776 ἐξομολογήσεως
3712 732 3723 739 -

2093 790 2226 861 ἤχου
2255 790 2621 863 ὲορτάζοντος.
2663 812 2683 846 ι

2165 881 2418 953 Εύχόμην
2441 878 2534 939 οῦν
2562 884 2708 954 ὑμᾶς
2736 884 2867 956 παρ’
2903 884 3022 937 ὅλον
3047 883 3142 937 τὸν
3180 883 3447 954 ἑστηκότα
3487 883 3685 951 ἀγῶνα

2098 970 2477 1040 μεμνημένους
2526 971 2619 1024 τοῦ
2662 972 3021 1043 ἀποκειμένου
3063 972 3258 1026 πολλοῦ
3306 974 3366 1028 ὲν
3423 972 3685 1043 οὐρανοῖς
3736 986 3743 991 '

2098 1058 2289 1130 μισθοῦ
2329 1077 2349 1112 ι
2379 1064 2492 1126 τοῖς
2533 1062 2805 1133 διωχθεῖσι
2835 1063 2929 1115 καὶ
2965 1063 3333 1117 όνειδισθεῖσιν
3378 1062 3570 1117 ἕνεκεν
3598 1063 3684 1117 δι-

2094 1151 2405 1222 καιοσύνης,
2439 1153 2533 1206 καί⁵
2555 1153 2739 1206 ἕνεκεν
2767 1152 2860 1206 τοῦ
2884 1152 3015 1206 Υἱοῦ
3044 1152 3137 1206 τοῦ
3163 1152 3474 1225 ἀνθρώπου,
3500 1172 3520 1205 ι
3548 1154 3683 1224 χαί-

2096 1261 2209 1315 ρειν
2238 1246 2331 1299 καὶ
2361 1245 2624 1317 ἁγαλλιᾷν
2654 1247 2748 1299 καὶ
2778 1248 3023 1318 σκιρτᾷν,
3065 1245 3256 1316 ῶσπερ
3293 1247 3342 1298 οἰ
3385 1245 3682 1299 ἀπόστολοι

2095 1335 2370 1407 ὲχάρησάν
2403 1354 2553 1403 ποτε,
2591 1354 2610 1388 ι
2654 1335 3081 1402 καταξιωθέντες
3119 1337 3261 1406 ὑπὲρ
3284 1335 3378 1390 τοῦ
3411 1337 3684 1408 ὀνόματος
3769 1367 3775 1373 -

2092 1431 2254 1484 αὐτοῦ
2296 1432 2679 1504 ἀτιμασθῆναι.
2740 1451 2759 1484 ι
2814 1433 2877 1486 Εἰ
2927 1432 2981 1486 δέ
3027 1450 3157 1487 ποτε
3200 1432 3293 1486 καὶ
3327 1429 3681 1485 αἰσθάνοισθε

2093 1522 2356 1592 συστολῆς
2394 1523 2520 1593 περὶ
2550 1524 2649 1596 τὴν
2687 1524 2862 1595 ψυχὴν
2907 1524 3081 1595 ὑμῶν,
3117 1524 3325 1578 εἰπάτω
3366 1524 3503 1593 αὐτῇ
3546 1523 3577 1574 ό
3618 1523 3681 1574 ἐν

2095 1615 2226 1684 ἡμῖν
2271 1614 2382 1686 (62)
2413 1615 2651 1686 Χριστοῦ
2694 1618 2837 1683 νοῦς,
2887 1617 3113 1689 θελούσῃ
3158 1617 3218 1670 τὸ
3243 1617 3365 1670 ὅσον
3391 1618 3476 1685 ἐφ’
3502 1616 3678 1685 ἑαυτῇ

423 1702 517 1766 sti,
559 1718 717 1771 quem
754 1705 918 1759 etiam
952 1705 1067 1769 illa,
1099 1716 1358 1774 quantum
1396 1707 1448 1761 in
1479 1723 1536 1763 se
1567 1718 1685 1774 est,
1720 1709 1832 1764 vult
1858 1725 1989 1765 con-

2096 1709 2190 1762 xal.
2240 1710 2402 1764 αὑτὸν
2438 1700 2742 1781 συγχεῖν-ἰ
2783 1712 2900 1765 ’Ίνα
2940 1711 2994 1764 τί
3036 1709 3333 1782 περίλυπος
3376 1704 3446 1770 εἷ,
3485 1708 3677 1777 ψυχῆς

425 1794 655 1850 {undere
684 1813 698 1850 :
730 1814 749 1847 ι
777 1795 954 1863 Quare
993 1798 1163 1853 tristis
1199 1813 1291 1864 es,
1324 1800 1500 1854 anima
1534 1815 1687 1867 mea,
1723 1811 1777 1855 et
1819 1818 1990 1872 quare

421 1888 717 1944 conturbas
751 1890 877 1943 me?
909 1889 1076 1960 Spera
1108 1891 1161 1944 in
1213 1892 1323 1946 Deo
1352 1892 1607 1961 quoniam
1642 1893 1820 1948 adhuc
1851 1910 1988 1949 cou-

421 1978 614 2034 ﬁtebor
643 1979 717 2034 illi
746 1980 811 2033 ⁸⁸.
845 1998 864 2030 ι
898 1980 962 2034 Ει
990 1995 1180 2035 rursus
1209 2020 1224 2035 .
1251 2019 1266 2035 .
1296 2021 1312 2037 .
1339 2023 1354 2039 .
1390 1980 1608 2037 Utinam
1646 1999 1985 2055 nequaquam

424 2069 672 2123 turbetur
730 2070 945 2136 anima,
996 2072 1088 2123 sed
1140 2078 1267 2123 ante
1326 2071 1441 2139 ipsa
1491 2071 1818 2139 tribunalia,
1860 2084 1989 2127 ante

419 2163 594 2215 nudos
638 2175 796 2216 enses
835 2161 1023 2231 jugulo
1076 2164 1331 2217 admotos
1385 2163 1725 2217 custodiatur
1770 2179 1801 2216 ιι
1857 2177 1988 2230 pace

418 2251 518 2308 Dei
550 2273 568 2305 ι
601 2270 721 2322 qua:
763 2264 1057 2323 exsuperat
1098 2270 1313 2309 onmem
1360 2270 1579 2308 sensum
1604 2255 1671 2321 ⁸⁸,
1705 2274 1723 2308 ι
1753 2264 1806 2308 et
1843 2263 1988 2307 tran-

416 2344 586 2414 quilla
618 2347 729 2410 sit,
763 2355 1018 2416 reputans
1053 2362 1147 2401 eos
1183 2347 1274 2414 qui
1305 2363 1323 2395 ι
1355 2346 1770 2414 peregrinantur
1801 2362 1829 2398 ιι
1864 2359 1989 2399 cor-

417 2451 571 2503 pore,
598 2449 893 2507 prazsentes
921 2451 1042 2492 esse
1072 2438 1137 2490 ad
1165 2439 1539 2490 universorum
1573 2435 1855 2490 Dominum
1882 2436 1980 2489 ³ο.»

418 2527 526 2582 Sed
558 2528 602 2582 si
636 2528 769 2583 tales
799 2544 907 2583 non
941 2544 1130 2582 sumus
1161 2536 1218 2582 ut
1248 2526 1519 2595 possimus
1552 2541 1767 2595 semper
1792 2526 1987 2581 anima:

418 2618 868 2686 tranquillitatem
902 2633 1145 2678 scrvare.
1165 2616 1358 2670 saltem
1393 2629 1497 2669 non
1528 2613 1861 2677 eliundatur,
1886 2630 1986 2671 nec

419 2710 699 2764 extraneis
732 2719 991 2780 appareat
1021 2708 1138 2779 ejus
1170 2708 1463 2763 commotio
1487 2748 1502 2773 ,
1548 2718 1606 2761 ut
1652 2706 1986 2762 defensionis

415 2801 568 2857 locus
592 2802 749 2856 nobis
774 2802 914 2872 apud
945 2802 1110 2856 Deum
1141 2801 1412 2871 supersit,
1439 2798 1748 2853 dicentibus
1775 2817 1819 2852 ει
1843 2798 1985 2854 Deus

415 2905 604 2958 mens,
637 2893 705 2946 ad
737 2894 1002 2960 meipsum
1051 2893 1230 2946 anima
1263 2904 1380 2943 mea
1410 2892 1620 2942 turbata
1648 2899 1730 2943 est
1752 2889 1853 2941 ⁸⁸.»
1876 2888 1987 2943 Me-

416 2981 642 3035 minisse
692 2992 873 3036 autem
929 2997 1026 3037 nos
1073 2983 1213 3035 ratio
1269 2981 1528 3034 admonet
1568 2988 1623 3033 et
1668 2979 1812 3032 illius
1856 2978 1983 3031 dicti

419 3074 564 3142 quod
595 3075 735 3143 apud
773 3073 966 3127 Isaiam
1013 3073 1094 3128 sic
1139 3074 1341 3128 habet:
1375 3093 1393 3125 ι
1426 3073 1604 3128 Nolite
1646 3071 1841 3125 timere
1886 3083 1986 3140 0p-

417 3166 694 3235 prolirium
728 3164 1005 3219 hominum
1032 3206 1047 3232 ,
1076 3173 1130 3219 et
1164 3165 1417 3234 despectu
1449 3179 1638 3220 eorum
1669 3179 1739 3219 ne
1774 3163 1987 3234 franga-

418 3256 550 3311 niini
578 3257 643 3312 θ’.
675 3275 694 3308 ›
724 3255 860 3312 Cum
897 3255 1040 3321 enim
1078 3257 1218 3310 Deus
1250 3257 1374 3310 caali
1409 3256 1761 3326 siderumque
1817 3256 1985 3311 moti-

419 3351 522 3404 bus
557 3350 757 3404 acriter
784 3347 855 3403 sit
888 3347 1132 3404 inteutus
1155 3389 1171 3411 ,
1206 3349 1380 3418 iisque
1409 3349 1664 3403 omnibus
1693 3364 1812 3418 quae
1842 3357 1895 3403 et
1929 3348 1983 3403 in

417 3447 564 3496 terra
611 3449 666 3495 et
706 3441 760 3496 in
812 3440 953 3494 mari
1001 3439 1185 3494 divina
1215 3440 1337 3510 ejus
1364 3448 1488 3496 arte
1519 3439 1898 3509 perﬁciuntur,
1933 3450 1993 3495 ut

417 3534 598 3589 omnis
629 3532 1187 3603 generisanimautia
1221 3520 1526 3602 plant-aeque
1554 3539 1610 3587 et
1640 3541 1987 3602 generentur,

417 3634 474 3680 et
503 3626 851 3690 consistant,
880 3630 936 3677 et
965 3622 1212 3685 alantur,
1247 3631 1303 3676 et
1336 3633 1660 3692 augeantur,
1698 3620 1989 3675 absurdum

419 3716 586 3771 fuerit
637 3732 738 3771 nos
788 3715 1120 3778 connivere,
1175 3728 1276 3768 nec
1324 3712 1494 3767 Deum
1544 3712 1848 3782 respicere,
1897 3711 1992 3765 sed

423 3808 613 3862 oculos
647 3815 971 3862 convertere
1002 3804 1069 3859 ad
1108 3805 1359 3858 homines
1402 3804 1559 3858 brevi
1608 3805 1902 3859 morituros
1940 3811 1995 3857 et

423 3898 717 3953 tradendos
750 3896 960 3951 meritis
992 3895 1275 3964 suppliciis
1299 3934 1316 3959 ,
1350 3894 1565 3962 hosque
1597 3895 1814 3950 timere.

491 3991 655 4061 277
687 3989 745 4044 5.
780 3988 1088 4042 Abraliamo
1121 3986 1255 4040 dixit
1279 3985 1410 4040 olim
1442 3989 1623 4041 Deus:
1659 4005 1678 4036 ι
1720 3985 1993 4055 Egredere

421 4086 488 4138 de
520 4095 663 4138 terra
705 4092 793 4137 tua
815 4081 891 4146 ’3;
924 4099 943 4132 ι
982 4080 1140 4135 nobis
1189 4078 1330 4135 forte
1362 4079 1428 4133 ab
1462 4094 1528 4135 eo
1556 4079 1706 4132 brevi
1734 4078 1946 4131 dicetur
1976 4094 1990 4131 :

421 4175 580 4230 Exite
609 4175 674 4229 de
713 4173 967 4229 universa
1001 4180 1143 4226 terra
1169 4190 1183 4237 ;
1207 4171 1293 4227 cui
1323 4171 1546 4225 obedire
1570 4168 1770 4223 bonum
1801 4176 1909 4230 est,
1937 4175 1998 4221 ιιι

419 4267 582 4323 nobis
611 4267 718 4323 cito
745 4264 919 4322 caelos
951 4264 1201 4319 ostendat
1225 4263 1279 4317 in
1305 4263 1503 4332 quibus
1530 4271 1615 4317 est
1646 4259 1701 4314 id
1736 4258 1878 4328 quod
1914 4257 1997 4312 di-

2090 1802 2186 1856 xal.
2227 1801 2312 1855 ἵνα
2340 1801 2391 1854 τί
2422 1802 2814 1874 συνταράσσεις
2858 1819 2961 1872 με;
2992 1802 3248 1855 Ἔλπισον
3272 1798 3366 1852 ὲπῖ
3396 1800 3487 1853 τὸν
3514 1799 3675 1862 Θεὸν,

2090 1893 2649 1967 ὃτιὲξομολογήσομαι
2678 1894 2846 1966 αὐτῷ.
2876 1895 3020 1948 »Καὶ
3060 1894 3220 1948 πάλιν
3265 1893 3494 1966 (65).....
3544 1894 3676 1947 Εἴθε

2093 1989 2190 2059 μὲν
2238 1990 2502 2061 μηδαμῶς
2538 1991 2835 2062 ταραχθείη
2887 1992 2920 2061 ὴ
2968 1990 3145 2062 ψυχὴ,
3188 1989 3323 2045 ἀλλά
3380 1992 3475 2044 καὶ
3542 1990 3675 2061 παρ’

2089 2081 2271 2144 αὐτοῖς
2298 2084 2406 2144 τοῖς
2429 2082 2818 2153 δικαστηρίοις,
2868 2083 2961 2136 καὶ
3003 2082 3151 2153 παρά
3184 2085 3410 2153 γυμνοῖς
3447 2084 3561 2145 τοῖς
3592 2081 3675 2148 ξί-

2090 2188 2244 2239 φεσιν
2299 2172 2715 2243 ἐπιφερομένοις
2759 2172 2836 2243 τῷ
2881 2173 3169 2244 τραχήλῳ,
3213 2176 3500 2245 φρουροῖτο
3568 2172 3676 2225 ὑπὸ

2096 2278 2114 2311 ι
2143 2261 2239 2330 τῆς
2275 2260 2644 2333 ὑπερεχούσης
2672 2263 2847 2316 πάντα
2883 2263 3007 2316 νοῦν
3040 2282 3060 2317 ο
3112 2264 3333 2334 εἰρήνης
3372 2263 3466 2317 τοῦ
3508 2262 3672 2326 Θεοῦ,

2091 2352 2184 2404 καὶ
2236 2350 2583 2422 γαληνιάζοι,
2622 2351 2969 2425 λογιζομένη,
3011 2372 3030 2404 ι
3074 2353 3154 2406 ὅτι
3198 2356 3246 2406 οἰ
3302 2354 3675 2424 ἐκδημοῦντες

2090 2443 2155 2495 ὲκ
2185 2441 2276 2495 τοῦ
2310 2441 2556 2513 σώματος
2600 2444 2719 2514 ὲνδη
2731 2444 2919 2514 μοῦσιν
2949 2444 3097 2515 αὐτῷ
3134 2444 3212 2515 τῷ
3243 2444 3351 2497 τῶν
3385 2445 3523 2498 ὅλων
3554 2446 3672 2497 Κυ-

2091 2535 2211 2607 ρίῳ.
2248 2556 2266 2588 ι
2299 2537 2360 2589 Εἰ
2390 2535 2445 2588 δε
2481 2536 2555 2607 μὴ
2585 2536 2891 2607 τηλικοῦτοί
2931 2540 3116 2608 ἐσμεν,
3144 2537 3218 2601 ὡς
3253 2537 3341 2590 ἀεὶ
3368 2537 3430 2589 τὸ
3463 2537 3689 2611 ἀτάραον

2088 2645 2183 2698 χον
2218 2627 2510 2700 διατηρεῖν,
2550 2628 2649 2681 κᾶν
2679 2629 2754 2700 μὴ
2788 2628 3066 2699 ἐκχέοιτοξ,
3112 2628 3246 2700 μηδὲ
3283 2631 3395 2690 τοῖς
3428 2627 3532 2691 ἔξω
3567 2631 3672 2698 ἐμ.-

2089 2718 2330 2787 φαίνοιτο
2370 2720 2403 2788 ἡ
2443 2718 2543 2788 τῆς
2580 2719 2755 2790 ψυχῆς
2787 2720 3020 2792 ταραχὴ,
3067 2720 3153 2773 ἵνα
3189 2718 3481 2785 ἀπολογίας
3519 2718 3690 2789 ὦρσεν,

2088 2810 2299 2880 ἔχωμεν
2349 2810 2485 2881 πρὸς
2520 2809 2673 2873 Θεὸν,
2718 2811 2967 2880 λέγοντες
3032 2809 3209 2881 αὐτῷ·
3264 2828 3283 2862 ι
3352 2810 3485 2873 Θεός
3542 2825 3699 2879 μω..

2089 2904 2227 2976 πρὸς
2256 2904 2492 2972 ἐμαυτὸν
2536 2906 2567 2976 ἠ
2611 2905 2756 2976 ψυχή
2797 2922 2895 2976 μου
2943 2904 3240 2976 ἐταράχθη.
3284 2922 3304 2956 ι
3346 2901 3670 2973 Βίεμνῆσθαι

2089 2997 2146 3051 δὲ
2179 2998 2324 3068 ἡμᾶς
2349 3000 2377 3051 ό
2410 2997 2567 3065 λόγος
2600 2997 2909 3067 παρακαλεῖ
2943 2999 3034 3052 καὶ
3061 2997 3154 3049 τοῦ
3181 3000 3237 3049 ὲν
3274 2994 3469 3065 Ἡσαΐᾳ
3483 2992 3672 3051 τοῦτον

2090 3088 2381 3159 εἰρημένου
2426 3088 2518 3141 τὸν
2560 3088 2758 3159 τρόπον
2785 3103 2799 3117 '
2858 3106 2876 3139 ι
2930 3088 3023 3158 Μὴ
3070 3085 3321 3155 φοϐεῖσθε
3366 3084 3672 3153 ὀνειδισμὸν

2090 3179 2411 3250 ἀνθρώπων,
2450 3180 2542 3233 καὶ
2575 3179 2652 3250 τῷ
2687 3179 2973 3250 φαυλισμῷ
3019 3178 3197 3233 αὐτῶν
3238 3177 3310 3249 μὴ
3352 3175 3605 3248 ἡττᾶσθε.
3637 3194 3661 3227 ι

2091 3272 2202 3326 Καὶ
2229 3271 2336 3342 γάρ
2383 3273 2601 3334 ἄτοπον,
2643 3271 2886 3343 ἐναργῶς
2929 3271 3231 3341 ἐφεστῶτος
3271 3268 3407 3322 Θεοῦ
3454 3270 3520 3339 τῇ
3568 3265 3665 3319 τοῦ

2091 3361 2314 3429 ούρανοῦ
2365 3362 2458 3415 καὶ
2500 3361 2608 3415 τῶν
2645 3364 2703 3414 ὲν
2743 3361 2894 3431 αὐτῷ
2932 3362 3162 3431 κινήσει,
3207 3360 3300 3413 καὶ
3343 3359 3456 3421 τοῖς
3501 3358 3560 3410 ὲν
3590 3358 3663 3426 γῇ

2093 3451 2189 3505 καὶ
2224 3450 2465 3522 θαλάσσῃ
2503 3451 2608 3504 ὑπὸ
2639 3452 2737 3522 τῆς
2784 3451 2933 3514 θείας
2966 3452 3157 3521 τέχνης
3197 3448 3360 3502 αὐτοῦ
3399 3446 3667 3501 ἐπιτελου-

2096 3541 2277 3613 μένοις
2309 3543 2366 3593 ὲν
2399 3542 2754 3595 παντοδαπῶν
2782 3540 2934 3605 ζώων
2960 3543 3054 3594 καὶ
3087 3541 3266 3611 φυτῶν
3297 3540 3544 3609 γενέσεσι
3574 3539 3665 3592 καὶ

2096 3632 2414 3694 συστάσεσι,
2468 3631 2562 3685 καὶ
2615 3634 2841 3705 τροφαῖς
2895 3631 2991 3685 καὶ
3037 3632 3327 3700 αὐξήσεσι,
3380 3627 3663 3698 καμμύσαι

2098 3723 2195 3794 μὲν
2238 3722 2332 3775 καὶ
2364 3722 2438 3792 μὴ
2485 3722 2675 3792 ἐνορᾷν
2715 3720 2852 3792 Θεῷ,
2880 3720 3074 3792 τρέψαι
3104 3721 3160 3773 δὲ
3190 3720 3313 3782 τοὺς
3353 3714 3661 3787 δφθαλμοῦς

2094 3816 2188 3868 ἐπὶ
2219 3814 2379 3883 φόϐον
2417 3813 2524 3866 τῶν
2554 3816 2671 3884 μετ’
2697 3813 2874 3882 ὀλίγον
2907 3812 3314 3883 τεθνηξομένων
3373 3809 3468 3864 καὶ
3496 3824 3665 3878 παρα-

2094 3903 2467 3975 δοθησομένων
2491 3906 2556 3973 τῇ
2590 3903 2710 3955 κατ’
2741 3901 2893 3968 ἀξίαν
2923 3901 3101 3955 αὐτῶν
3138 3900 3282 3972 δίκῃ.

2167 3992 2257 4062 Τῷ
2322 3993 2418 4064 μὲν
2458 3989 2549 4045 οὖν
2624 3991 2874 4063 Ἀδραάμ
2922 4008 3052 4044 ποτε
3107 3991 3213 4042 ὑπὸ
3262 3988 3397 4042 Θεοῦ
3461 3989 3664 4059 εἴρητο,

2106 4104 2125 4138 ι
2173 4084 2395 4150 Ἔξελθε
2429 4087 2492 4137 ὲκ
2512 4084 2610 4154 τῆς
2642 4083 2745 4152 γῆς
2779 4100 2889 4137 σου·
2937 4102 2956 4134 ι
2986 4084 3119 4154 ἡμῖν
3150 4081 3207 4134 δὲ
3238 4080 3378 4150 τάχα
3413 4079 3529 4151 μετ’
3558 4077 3666 4129 ὀλί-

2097 4192 2192 4245 γον
2217 4175 2557 4246 λεχθήσεται,
2596 4173 2869 4241 Ἐξέλθετε
2895 4172 3002 4226 ἀπὸ
3033 4173 3133 4242 τῆς
3163 4171 3289 4242 ὅλης
3322 4170 3442 4240 γῆς’
3472 4160 3517 4236 ᾧ
3545 4167 3665 4220 πεί-

2100 4265 2284 4320 θεσθαι
2318 4267 2502 4332 καλὸν,
2534 4268 2620 4321 ἵνα
2649 4268 2779 4337 ἡμῖν
2812 4265 3021 4336 ταχέως
3059 4262 3208 4335 δείξῃ
3232 4264 3358 4325 τοὺς
3384 4262 3667 4332 οὐρανοὺς.

419 4358 565 4414 citur
597 4375 823 4430 regnum
864 4359 1149 4416 caelorum.
1187 4356 1478 4412 Multarum
1525 4358 1788 4412 virtutum
1823 4367 1989 4409 causa

2098 4357 2157 4411 ὲν
2174 4351 2253 4420 οἷς
2277 4358 2425 4409 ἐστιν
2450 4358 2484 4427 ὴ
2509 4355 2815 4426 καλουμένη
2831 4354 2938 4407 τῶν
2968 4352 3210 4425 οὐρανῶν
3241 4350 3506 4422 βασιλεία.
3534 4347 3669 4420 Περὶ

417 4450 588 4504 vitam
627 4451 1018 4506 certaminibus
1064 4449 1279 4518 plenam
1310 4462 1456 4513 esse,
1488 4463 1625 4518 opus
1657 4453 1745 4502 est
1777 4459 1872 4501 eos
1896 4443 1988 4514 qui

417 4552 635 4598 certant
684 4544 891 4599 videre.
944 4544 1235 4597 Enimvero
1285 4555 1381 4607 pro
1428 4540 1790 4612 temperantia
1839 4539 1990 4594 vide-

419 4634 626 4691 buntur
652 4634 803 4688 multi
826 4633 989 4689 etiam
1016 4649 1046 4687 a
1071 4635 1163 4689 Dei
1189 4635 1435 4704 partibus
1463 4633 1625 4688 alieni
1655 4633 1988 4698 decertasse,

422 4722 787 4794 nonnullique
831 4736 1059 4779 mortem
1096 4726 1313 4779 fortiter
1344 4726 1499 4780 obire
1532 4723 1793 4777 maluisse
1827 4736 1991 4788 quam

421 4829 769 4872 communem
820 4817 1098 4871 dominum
1164 4817 1442 4880 deserere;
1506 4816 1633 4869 item
1693 4812 1996 4883 prudentia:

421 4919 649 4977 operam
680 4906 893 4961 dedisse
920 4907 1011 4974 qui
1044 4907 1208 4961 rebus
1260 4907 1475 4961 ratione
1524 4904 1830 4959 tractandis
1864 4918 1996 4958 exa-

421 4998 811 5067 minandisque
837 4999 1203 5062 pr:estiterunt
1226 5016 1241 5065 ;
1267 4998 1568 5065 acjustitiae
1595 5012 1655 5051 se
1684 4997 1994 5061 tradidisse,

425 5090 520 5161 qui
564 5089 711 5158 juste
750 5089 933 5143 vivere
981 5090 1082 5143 sibi
1118 5100 1558 5159 proposuerunt;
1614 5090 1684 5144 ita
1733 5090 1994 5144 adversus

428 5182 669 5251 singulas
699 5182 930 5236 virtutes
959 5182 1159 5237 militat
1187 5193 1282 5237 aut
1312 5182 1494 5237 carnis
1539 5181 1826 5251 prudentia
1853 5220 1867 5244 ,
1897 5187 1993 5233 aut

421 5277 680 5345 pleraque
709 5284 1017 5338 extranea;
1068 5284 1123 5329 at
1174 5289 1274 5344 pro
1315 5275 1515 5342 pietate
1558 5273 1731 5327 solum
1787 5278 1992 5341 pugnat

2097 4449 2196 4519 μὲν
2238 4444 2330 4501 οὖν
2362 4446 2571 4499 πολλῶν
2604 4447 2815 4518 ἀρετῶν
2857 4447 3003 4499 ἐστιν
3043 4445 3168 4498 ἰδεῖν
3193 4444 3285 4498 τὸν
3316 4444 3427 4514 βίον
3446 4442 3668 4512 ἀγώνων

2093 4538 2523 4611 πεπληρωμένον
2544 4540 2668 4602 τοὺς
2696 4537 3144 4607 ἀγωνιζομένους.
3173 4535 3390 4602 Δόξουσι
3406 4535 3515 4607 γὰρ
3543 4533 3668 4605 περὶ

2096 4633 2193 4702 μὲν
2233 4629 2589 4700 σωφροσύνης
2636 4629 2729 4683 καὶ
2768 4630 2944 4701 ἕτεροι
2976 4629 3083 4685 τῶν
3124 4627 3231 4682 ἀπὸ
3266 4628 3365 4697 τῆς
3395 4625 3490 4679 τοῦ
3535 4625 3666 4679 Θεοῦ

2098 4706 2315 4796 μερίδος
2358 4724 2657 4792 ἠγωνίσθαι
2699 4723 2902 4776 πολλοί’
2955 4722 3048 4777 καὶ
3090 4722 3226 4792 μετά
3261 4721 3509 4795 ἀνδρείας
3543 4724 3666 4775 ὲνα-

2094 4815 2484 4885 ποτεθνηκέναι
2509 4815 2651 4877 τινὲς
2676 4854 2691 4879 ,
2717 4814 3012 4885 τηροῦντες
3040 4814 3137 4884 τὴν
3177 4811 3319 4885 ὑπὲρ
3357 4814 3450 4867 τοῦ
3490 4813 3666 4867 κοινοῦ

2096 4907 2356 4960 δεσπότου
2407 4906 2685 4977 πρόθεσινο
2745 4905 3057 4975 φρονήσεώς
3099 4921 3161 4957 τε
3195 4904 3575 4975 ἐπιμελεῖσθαι
3622 4903 3668 4956 οἱ

2094 4998 2223 5069 περί¹
2241 4997 2367 5060 τοὺς
2388 4995 2808 5068 ἐξεταζομένους
2829 4997 3018 5065 λόγους
3040 4995 3220 5049 δεινοί*
3249 4997 3340 5050 καὶ
3357 4993 3666 5062 δικαιοσύνῃ

2093 5088 2323 5151 ἑαυτοὺς
2339 5087 2721 5141 ἐπιδεδωκέναι
2744 5090 2793 5141 οἱ
2815 5087 3036 5149 δικαίως
3055 5086 3153 5157 ζῇν
3176 5084 3408 5158 προτεθυ
3417 5102 3490 5155 μη
3498 5085 3662 5155 μένοι.

2093 5178 2205 5233 Καὶ
2240 5177 2594 5250 στρατεύεταί
2620 5195 2681 5246 γε
2717 5178 2840 5232 καθ’
2866 5177 3100 5248 ἑκάστης
3124 5177 3324 5248 ἀρετῆς
3344 5176 3461 5247 ἦτοι
3489 5174 3549 5227 τὸ
3572 5175 3667 5242 τῆς

2096 5269 2300 5341 σαρκὸς
2326 5269 2582 5341 φρόνημα
2612 5269 2707 5322 καὶ
2750 5268 2819 5321 τὰ
2850 5268 3019 5321 πολλὰ
3053 5267 3164 5321 τῶν
3209 5268 3385 5330 ἐκτός·
3438 5266 3566 5337 περὶ
3610 5264 3665 5318 δὲ

489 5386 535 5417 ⁸⁸
574 5384 721 5441 Psal.
756 5402 863 5451 xu,
890 5386 946 5440 4.
1020 5386 1066 5419 ³⁸
1088 5387 1276 5442 Matth.
1308 5401 1361 5447 v,
1394 5386 1450 5438 ll
1480 5427 1494 5448 ,
1527 5386 1613 5438 ιε.
1691 5386 1734 5417 ⁸⁷
1767 5385 1886 5438 Act.
1916 5400 1966 5448 v,

2158 5383 2205 5414 ⁸⁸
2236 5382 2378 5439 Psal.
2426 5398 2543 5447 xu,
2576 5382 2629 5437 6.
2715 5382 2973 5454 “Philip.
2997 5400 3047 5453 ι’,
3070 5382 3123 5438 7.
3200 5383 3246 5416 ’°
3274 5380 3317 5436 ll
3354 5380 3479 5435 Cor.
3511 5395 3583 5441 ον,
3611 5378 3663 5433 8.

423 5452 467 5485 ⁹¹
497 5455 635 5509 Psal.
669 5456 818 5520 \'|,2.
894 5458 940 5489 “
965 5456 1158 5521 lsu.Lt,
1192 5459 1243 5511 7.
1318 5456 1365 5488 ⁸³
1387 5455 1523 5509 Gen.
1558 5457 1722 5521 xn,i.

660 5574 848 5642 Ἡμῖν.
872 5574 1039 5645 Forte
1076 5577 1375 5642 legendum,
1405 5574 1551 5645 ὑμῖν.

499 5640 607 5711 (65)
648 5640 751 5697 Κάί
803 5644 1004 5701 πάλιν.
1067 5640 1322 5717 suspicor
1387 5640 1734 5701 cutisct'uluut
1824 5642 1994 5699 fuisse

2093 5572 2326 5641 aliquem
2361 5567 2856 5641 Scripturrelocum
2879 5568 3044 5641 priori
3071 5568 3299 5627 similem
3327 5583 3485 5637 quem
3519 5580 3665 5622 ama-

2102 5639 2327 5697 nuensis
2357 5641 2414 5694 in
2442 5656 2541 5692 ius.
2581 5639 2765 5693 codice
2799 5639 3067 5694 omiserit.
