3974 6160
263 252 363 311 569

1374 244 1822 303 EXIIORTATIO
1854 248 1945 302 AD
1980 248 2416 305 MARTYRIUM.

3391 256 3493 311 $70

262 361 528 424 εὐσεϐείας
553 361 712 431 μόνον
748 379 767 411 ι
805 361 878 414 Τὸ
905 361 1160 415 ἐκλεκτὸν
1197 379 1215 412 ι
1239 361 1564 429 ἀγωνίζεται
1591 380 1609 413 ι
1648 361 1824 431 γένος,

1940 387 1958 420 ι
1993 384 2162 437 genus
2189 370 2440 436 electum,
2477 369 2658 438 regale
2694 351 3246 439 sacerdotium,gens
3275 383 3490 440 sancta,

260 457 318 508 τὸ
343 453 603 524 βασίλειον
641 451 957 522 ἱεράτευμα,
990 451 1052 504 τὸ
1081 450 1232 514 ἔθνος
1256 451 1316 504 τὸ
1351 451 1506 519 ἆγιον
1526 492 1541 516 ,
1578 454 1606 506 ὁ
1637 452 1764 517 λαὸς
1796 456 1826 506 ὁ

261 551 336 611 εἰς
365 547 725 618 περιποίησιν·
769 567 788 599 ι
821 548 943 600 οὐδὲ
977 547 1136 618 μέχρι
1168 546 1261 600 τοῦ
1293 547 1468 601 δοκεῖν
1504 549 1827 604 δεικνύντων

261 638 364 691 τῶν
386 636 580 689 λοιπῶν
608 637 931 708 ἀνθρώπων,
968 638 1049 690 ὃτι
1072 677 1085 700 ,
1123 639 1172 690 εί
1207 637 1322 690 ἐστι
1364 638 1431 691 τὰ
1466 639 1828 707 ἀνταγωνιζό-

266 747 394 799 μενα
424 733 533 792 τοῖς
559 730 826 794 εὐσεϐέσι,
855 730 1196 800 προτίθενται
1227 731 1364 803 ὑπὲρ
1384 732 1663 794 εὐσεϐείας
1695 734 1828 786 ἀπο-

263 822 536 892 θνήσκειν,
575 822 945 892 προτιμῶντες
976 821 1068 875 τὸν
1119 825 1235 894 μετ’
1277 823 1558 886 εὐσεϐείας
1600 823 1826 878 θάνατον

259 912 346 964 τοῦ
398 911 513 982 μετ’
547 912 800 974 ἀσεϐείας
840 912 936 983 ζῇν
973 913 1104 983 (64).
1138 914 1338 985 Διόπερ
1369 932 1388 965 ι
1425 914 1621 986 καρδίᾳ
1675 915 1773 984 μὲν
1801 935 1818 965 ι

259 1005 285 1055 ὁ
317 1003 444 1064 Θεὸς
468 1004 583 1063 τοῖς
609 1001 869 1065 τοιούτοις
913 1021 931 1054 ι
984 1004 1296 1058 πιστεύεται
1342 1008 1420 1068 εἰς
1463 1007 1823 1079 δικαιοσύνην,

261 1094 478 1163 στόματι
515 1092 571 1144 δὲ
608 1093 945 1161 ὁμολογεῖται
969 1097 1048 1157 είς
1078 1095 1372 1166 σωτηρίαν,
1415 1116 1433 1149 ι
1474 1098 1829 1168 καταλαμϐά-

258 1201 449 1247 νουσιν,
486 1184 571 1234 ὂτι
603 1180 728 1234 οὔτε
755 1183 1235 1254 δικαιωθήσονται,
1290 1185 1386 1240 ὲάν
1429 1187 1502 1258 μὴ
1544 1187 1686 1240 οὕτω
1736 1206 1828 1240 πι-

260 1273 520 1326 στεύσωσι
547 1273 626 1342 τῷ
648 1272 766 1343 Θεῷ
791 1274 891 1344 τῆς
923 1275 1148 1346 καρδίας
1176 1276 1353 1330 αὐτῶν
1381 1278 1521 1331 οὕτω
1551 1279 1830 1348 διακειμέ-

257 1381 365 1433 νης,
397 1363 523 1416 οὔτε
557 1367 612 1417 ὲν
640 1367 883 1436 σωτηρίᾳ
903 1366 1137 1430 ἔσονται,
1175 1368 1269 1421 ἐὰν
1299 1369 1374 1440 μὴ
1397 1370 1557 1422 ὁποία
1588 1371 1620 1440 ἡ
1654 1370 1830 1423 διάθε-

257 1473 336 1518 σις
366 1451 420 1528 ᾗ,
447 1457 691 1520 τοιοῦτος
725 1461 820 1512 καὶ
845 1459 873 1509 ὁ
904 1458 1077 1527 λόγος.
1127 1461 1384 1524 Ἑαυτοὺς
1413 1460 1523 1532 γάρ
1547 1461 1828 1516 ἀπατῶσιν

254 1549 298 1598 οἱ
321 1548 628 1618 νομίζοντες
656 1549 844 1618 ἀρκεῖν
867 1551 1002 1621 πρὸς
1017 1550 1076 1602 τὸ
1096 1555 1278 1620 τυχεῖν
1300 1553 1357 1603 ἐν
1373 1552 1594 1622 Χριστῷ
1619 1552 1824 1616 τέλους,

253 1638 330 1700 τὸ,
377 1657 393 1688 ι
433 1641 649 1711 Καρδίᾳ
681 1641 790 1713 γὰρ
821 1642 1134 1695 πιστεύεται
1173 1645 1252 1704 εἰς
1281 1643 1648 1713 δικαιοσύνην·
1677 1663 1695 1696 ι
1724 1644 1826 1698 κᾶν

1928 460 2154 528 populus
2185 459 2562 529 acquisitiouis
2579 460 2646 524 ",
2665 486 2682 517 ι
2706 461 2916 517 exet-eris
2941 461 3257 520 hominibus
3280 476 3345 515 ne
3368 477 3492 532 spe-

1930 551 2013 604 cie
2038 551 2254 619 quidem
2289 550 2700 605 ostendentibus
2727 564 2806 613 se,
2830 551 2931 605 etsi
2963 561 3090 604 sunt
3111 566 3230 619 quae
3257 552 3363 620 piis
3396 553 3496 607 ad-

1928 649 2236 704 versentur,
2288 654 2385 708 pro
2432 641 2635 709 pietate
2688 641 2823 693 mori
2863 641 3196 709 propositum
3254 642 3494 706 habere,

1929 730 2116 797 pietati
2147 729 2492 796 conjunctam
2526 742 2756 785 mortem
2791 731 2915 784 vitae
2957 731 3219 798 impietati
3268 734 3496 802 conjun—

1926 829 2030 872 ctae
2054 829 2448 888 praeponentes.
2475 819 2653 885 Quare
2680 819 2733 873 hi
2765 828 2890 874 sunt
2911 820 3104 888 quibus
3128 818 3266 873 Deus
3301 821 3497 874 «corde

1927 910 2173 962 creditur
2226 910 2292 961 ad
2337 908 2628 976 justitiam,
2661 923 2757 962 ore
2805 918 2990 964 autem
3021 907 3297 964 confessio
3342 909 3400 962 lit
3429 911 3496 962 ad

1928 998 2156 1053 salutem
2182 1000 2253 1064 ⁸⁸,
2289 1019 2307 1051 ι
2342 1014 2465 1051 cum
2499 999 2796 1069 percipiant
2865 1013 3039 1068 neque
3098 1015 3157 1054 se
3209 1000 3497 1068 justiﬁcari

1931 1104 2090 1157 posse
2126 1092 2227 1145 nisi
2259 1092 2338 1146 sic
2369 1095 2478 1146 Deo
2503 1093 2729 1145 credant
2754 1099 2808 1144 et
2856 1091 2926 1143 ita
2957 1092 3122 1146 corde
3153 1090 3329 1146 aﬁ'ecti
3363 1093 3494 1154 sint,

1931 1196 2108 1249 neque
2137 1183 2315 1236 salvos
2347 1183 2596 1247 futuros,
2624 1181 2734 1237 nisi
2774 1180 2948 1250 qualis
2981 1181 3207 1235 aﬁ'ectus
3233 1223 3246 1245 ,
3282 1181 3407 1236 talis
3438 1190 3495 1234 et

1931 1289 2110 1328 sermo
2133 1275 2222 1327 sit.
2249 1273 2320 1328 Sc
2366 1275 2508 1326 enim
2545 1274 2690 1344 ipsos
2735 1272 3012 1341 decipiunt
3059 1273 3162 1340 qui
3189 1272 3253 1325 ad
3302 1287 3498 1328 conse-

1930 1367 2201 1434 quendum
2245 1366 2297 1418 in
2347 1365 2566 1420 Christo
2603 1366 2762 1418 ﬁnem
2810 1363 3056 1417 sutlicere
3089 1371 3281 1432 putant
3315 1364 3444 1417 illud
3481 1380 3497 1416 :

1935 1477 1954 1509 ‹
1989 1458 2164 1512 Corde
2187 1459 2425 1512 creditur
2452 1458 2517 1510 ad
2541 1458 2834 1526 justitiam,
2860 1475 2876 1506 ι
2915 1471 3022 1510 non
3044 1456 3256 1524 adjecto
3289 1456 3495 1529 altero:

1936 1566 1954 1599 ι
2005 1548 2110 1604 Ore
2153 1559 2330 1602 autem
2373 1549 2640 1602 confessio
2677 1548 2734 1600 ﬁt
2786 1547 2851 1600 ad
2900 1546 3152 1602 salutem.
3202 1565 3220 1598 ι
3259 1545 3336 1599 Ac
3389 1546 3499 1600 dici

1931 1655 2106 1714 potest
2137 1645 2307 1714 magis
2336 1661 2491 1713 posse
2526 1643 2682 1696 labiis
2709 1641 2962 1695 honorari
2998 1641 3164 1694 Deum
3197 1641 3264 1693 ab
3288 1638 3383 1692 illo
3409 1639 3502 1706 qui

258 1730 340 1799 μὴ’
361 1735 536 1802 προσῇ
566 1733 646 1795 τὸ,
679 1753 697 1782 ιι
745 1733 980 1803 Στόματι
1025 1735 1081 1786 δὲ
1131 1735 1470 1804 ὁμολογεῖται
1523 1737 1601 1798 είς
1654 1753 1827 1807 σωτη-

1936 1737 2088 1804 longe
2122 1750 2217 1789 cor
2257 1736 2324 1788 ab
2371 1751 2434 1788 eo
2470 1734 2740 1793 habuerit,
2792 1746 2956 1800 quam
3008 1731 3167 1784 corde
3217 1731 3500 1795 honorari,

258 1820 391 1890 ρίαν.
427 1841 444 1871 ι
488 1824 596 1874 Καὶ
621 1823 733 1876 ἔστι
758 1841 821 1892 γε
855 1826 1047 1889 εἰπεῖν,
1080 1826 1160 1876 ὅτι
1192 1826 1390 1895 μᾶλλον
1429 1825 1544 1878 ἔστι
1575 1829 1688 1889 τοῖς
1710 1827 1824 1898 χεί-

1935 1843 2054 1880 cum
2083 1841 2177 1879 ore
2213 1825 2488 1879 confessio
2520 1841 2622 1878 non
2658 1824 2714 1876 lit
2744 1824 2808 1876 ad
2845 1824 3095 1876 salutem.

253 1913 366 1966 λεσι
411 1919 607 1986 τιμᾷν,
643 1919 740 1990 τὴν
783 1919 1010 1989 καρδίαν
1052 1921 1235 1990 πόρρω
1273 1920 1465 1990 ἔχοντα
1505 1922 1612 1974 ἀπὸ
1653 1922 1818 1987 Θεοῦ,
1855 1923 1996 1993 ἥπερ
2019 1925 2084 1993 τῇ
2112 1923 2308 1993 καρδίᾳ
2355 1923 2520 1992 τιμᾷν
2553 1921 2734 1985 αὐτὸν,
2760 1919 2852 1972 τοῦ
2896 1919 3159 1988 στόματος
3195 1916 3271 1986 μὴ
3308 1918 3503 1986 ὁμολο-

253 2007 470 2074 γοῦντος
505 2013 582 2073 εἰς
614 2013 886 2084 σωτηρίαν

323 2103 430 2154 Καὶ
453 2104 658 2175 εἴποιμ’
692 2106 777 2170 ἂν,
800 2109 880 2160 ὅτι
904 2110 948 2160 οἱ
991 2109 1081 2160 ἐπὶ
1101 2109 1449 2182 δικαστηρίου
1472 2111 1824 2182 ἐξομνύμενοι

254 2190 341 2243 τὸν
374 2193 867 2266 Χριστιανισμὸν,ἢ
893 2197 997 2267 πρὸ
1024 2197 1393 2270 δικαστηρίου,
1421 2199 1825 2271 οὐιλατρεύουσι

256 2282 374 2351 μὲν,
400 2286 763 2355 προσκυνοῦσι
804 2289 859 2341 δὲ
901 2291 1011 2351 τοῖς
1041 2289 1277 2352 εἰδώλοις
1307 2290 1439 2360 (65),
1462 2290 1828 2361 λαμϐάνοντες

250 2372 309 2424 τὸ
353 2373 529 2444 ὄνομα
561 2377 765 2447 Κυρίου
799 2378 892 2430 τοῦ
936 2380 1068 2431 Θεοῦ
1106 2381 1196 2432 ἐπὶ
1239 2382 1454 2450 ματαίῳ
1499 2384 1593 2436 καὶ
1635 2384 1827 2453 ἀψύχῳ

252 2460 374 2535 ὕλῃ.
413 2465 791 2536 Προσεκύνουν
820 2469 875 2520 δὲ
905 2468 1066 2531 οὕτω,
1097 2471 1187 2522 καὶ
1219 2472 1319 2522 οὐκ
1354 2471 1639 2542 ὲλάτρευον
1673 2474 1826 2526 εἰδώ-

247 2551 359 2616 λοις
384 2556 412 2606 ὁ
449 2553 778 2625 βεϐηλωθεὶς
800 2557 925 2618 λαὸς
961 2560 1038 2620 είς
1067 2559 1162 2620 τὰς
1189 2559 1490 2630 θυγατέρας
1520 2562 1710 2614 Μωάϐ·
1749 2562 1835 2630 γέ-

247 2661 500 2714 γραπται
526 2647 657 2715 γοῦν
688 2649 876 2711 αὐταῖς
905 2648 1134 2714 λέξεσιν,
1166 2651 1245 2701 ὅτι
1268 2669 1285 2698 ι
1327 2651 1619 2703 Ἐκάλεσαν
1640 2652 1832 2715 αὐτοὺς

252 2735 349 2787 ἐπὶ
381 2738 506 2799 ταῖς
540 2737 752 2801 θυσίαις
780 2739 888 2792 τῶν
927 2740 1158 2793 εἰδώλων
1202 2740 1401 2793 αὐτῶν·
1441 2741 1535 2792 καὶ
1576 2740 1774 2808 ἔφαγεν
1806 2743 1833 2794 ὁ

251 2826 382 2888 λαὸς
406 2827 516 2880 τῶν
552 2827 751 2880 θυσιῶν
787 2831 986 2882 αὐτῶν·
1034 2833 1126 2884 καὶ
1165 2830 1575 2902 προσεκύνησαν
1615 2833 1726 2892 τοῖς
1755 2832 1828 2883 εἰ-

248 2915 442 2980 δώλοις
471 2919 668 2971 αὐτῶν
696 2921 788 2974 καὶ
809 2921 1060 2992 ἐτελέσθη
1096 2922 1308 2992 Ἰσραὴλ
1336 2922 1414 2992 τῷ
1445 2919 1782 2992 Βεελφεγώρ.
1806 2940 1825 2973 ι

253 3009 363 3060 Καὶ
390 3011 716 3082 παρατήρει,
750 3013 945 3064 ὅτιούκ
971 3013 1202 3082 εἴρηται·
1221 3014 1328 3065 Καὶ
1359 3013 1689 3082 ἐλάτρευσαν
1718 3013 1832 3074 τοῖς

255 3098 492 3162 εἰδώλοις
524 3101 719 3154 αὐτῶν·
749 3102 867 3154 οὐδὲ
899 3103 1008 3173 γὰρ
1048 3098 1158 3156 οἷόν
1196 3122 1253 3156 τε
1295 3100 1362 3174 ἦν
1415 3103 1552 3174 μετὰ
1592 3103 1831 3157 τοσαῦτα

258 3193 459 3258 σημεῖα
489 3193 580 3243 καὶ
607 3192 831 3263 τέρατα,
866 3194 970 3245 ὑπὸ
1007 3193 1134 3263 μίαν
1161 3195 1352 3271 καιροῦ
1396 3195 1566 3266 ῥοπὴν
1601 3194 1828 3264 πεισθῆ-

257 3296 342 3330 ναι
366 3281 471 3333 ὑπὸ
502 3282 608 3335 τῶν
639 3284 913 3351 γυναικῶν
943 3285 1059 3354 μεθ’
1095 3279 1168 3338 ὧν
1202 3286 1568 3357 ὲξεπόρνευον,
1604 3287 1740 3357 πρὸς
1769 3286 1831 3339 τὸ

258 3372 472 3439 νομίσαι
501 3372 655 3437 θεοὺς
682 3374 750 3427 τὰ
773 3376 983 3429 εἴδωλα.
1011 3378 1162 3447 Τάχα
1193 3377 1249 3430 δὲ
1271 3377 1412 3430 οὕτω
1435 3380 1526 3431 καὶ
1562 3379 1702 3432 κατὰ
1734 3377 1832 3448 τὴν

327 3513 371 3544 ’⁵
428 3513 446 3567 l
479 3513 594 3569 Pet.
625 3531 686 3579 ll,
710 3515 764 3572 9.
839 3517 886 3548 ’⁵
909 3515 1066 3569 Rom.
1093 3533 1146 3574 ιι,
1172 3516 1256 3571 ιο.

330 3628 437 3710 φά)
473 3627 1170 3710 Προτιιιῶγτεςνςὸνέιετ”
1215 3629 1526 3710 secretis-Mr:-
1573 3629 1832 3710 θάνατον·

259 3698 360 3753 τοῦ
386 3698 541 3768 μετὰ
563 3699 840 3762 ἀσεϐείας
867 3698 991 3766 ζῇν.
1023 3699 1196 3752 Etiam
1239 3701 1471 3752 ethnicis
1506 3701 1604 3750 hoc
1643 3702 1826 3752 tritum

262 3786 376 3820 esse
410 3769 744 3820 observavit
776 3768 1127 3824 Wetstettius.
1164 3768 1824 3821 IsocratesadNicorlem:

260 3839 420 3911 Αἱροῦ
457 3836 639 3911 καλῶς
665 3837 911 3911 τεθνάναι
937 3841 1133 3908 μᾶλλον
1160 3839 1193 3910 ἢ
1225 3837 1321 3908 ζῇν
1357 3838 1614 3911 αἰσχρῶς,
1640 3840 1831 3911 ¢__elige

262 3907 436 3976 potius
478 3907 614 3976 bene
666 3909 822 3971 mori,
851 3907 1010 3976 quam
1051 3907 1281 3972 turpiter
1328 3907 1530 3959 vivere.
1581 3928 1598 3958 ι
1661 3909 1725 3960 Ει
1780 3910 1829 3958 in

262 3975 428 4030 Laud.
481 3975 695 4048 Helena:
731 3993 763 4048 ί
802 3975 1059 4048 κρεῖττόν
1100 3980 1213 4029 ἐστι
1245 3976 1492 4029 τεθνάναι
1549 3977 1749 4048 μᾶλλον
1797 3977 1829 4047 ἢ

263 4048 358 4117 ζῇν
383 4045 649 4117 αἰσχρῶς.
683 4065 700 4096 ‹
737 4045 960 4100 Praestat
988 4050 1119 4117 tuor:
1143 4062 1302 4114 quam
1334 4045 1564 4110 turpiter
1594 4045 1825 4117 γίνεται

263 4115 534 4185 Ui'igertes
565 4115 656 4186 lib.
694 4132 728 4167 ll
784 4128 965 4168 contra
1011 4115 1254 4186 (Ie/sunt,
1295 4131 1364 4186 ιι,
1390 4117 1445 4165 17
1485 4131 1496 4164 ;
1536 4116 1832 4186 Σωκράτης

262 4183 450 4248 εἵλετο,
471 4184 625 4255 -κατὰ
654 4186 714 4236 τὸ
749 4187 1068 4254 φαινόμενον
1109 4184 1255 4254 αὐτῷ
1298 4183 1514 4250 εὔλογον
1540 4226 1552 4247 ,
1590 4183 1834 4255 κρεῖττον

263 4256 406 4326 αὐτῷ
438 4253 582 4308 εἶναι
608 4253 1221 4324 φιλοσόφωςάποθανεῖν
1261 4255 1292 4324 ἢ
1340 4253 1830 4326 ἁφιλοσόφωςξζῇν.

271 4345 288 4376 ι
324 4324 514 4379 manu
546 4327 800 4378 Socrates
833 4326 1091 4392 propositi
1145 4335 1300 4376 tenax
1339 4337 1565 4377 mortem
1597 4324 1836 4390 philoso-

265 4398 369 4463 pho
400 4397 622 4462 dignam
670 4405 956 4463 oppetere,
992 4411 1154 4462 quam
1201 4394 1472 4463 indignam
1507 4395 1830 4460 philosopho

268 4462 429 4518 vitam
467 4462 715 4532 exigere,
742 4483 759 4514 ι
792 4463 894 4517 Sed
931 4481 1117 4530 parum
1155 4464 1238 4530 pie
1273 4462 1501 4515 moritur
1547 4463 1639 4531 qui
1685 4465 1832 4516 cicu-

270 4544 374 4586 tam
426 4533 588 4585 bibil.
641 4533 1014 4601 Longe_a|iter
1072 4533 1376 4585 Christiani
1420 4533 1638 4598 quibus,
1698 4542 1833 4586 teste

267 4604 500 4657 Eusebio
561 4603 650 4654 lib.
701 4598 930 4656 tv'llist.
973 4605 1126 4666 θυσίη
1160 4620 1209 4656 c.
1249 4605 1346 4666 i5,
1395 4604 1505 4669 ipse
1542 4604 1833 4668 imperator

268 4675 577 4726 Antoninus
628 4673 678 4726 in
736 4676 892 4738 epist.
935 4693 951 4724 ι
995 4676 1059 4725 ad
1107 4688 1398 4725 cmnmune
1431 4674 1572 4724 Asia:
1615 4692 1632 4722 ι
1670 4675 1834 4724 θοι-(⁵ο

273 4743 635 4812 testimonium
670 4744 919 4808 perhibet
968 4763 979 4795 :
1012 4743 1110 4812 Εἴη
1141 4743 1184 4794 δ’
1215 4742 1280 4795 ἂν
1313 4741 1584 4805 κάκείνοις
1620 4741 1834 4812 αἱρετὸν

267 4811 539 4884 τὸδοκεῖν
585 4813 1074 4884 κατηγορουμένοις
1102 4811 1361 4884 τεθνάναι
1398 4812 1608 4884 μᾶλλον
1649 4811 1831 4882 ἢζῇν,

270 4881 412 4952 ὑπὲρ
441 4879 762 4952 τοῦᾴοίκείου
797 4879 951 4934 Θεοῦ·
991 4883 1111 4935 ὅθεν
1151 4883 1244 4935 καὶ
1297 4879 1486 4952 νικῶσι
1525 4879 1835 4952 προιέμενοι

268 4950 367 5012 τὰς
381 4947 598 5025 θέαυτῶν
613 4952 956 5025 ψυχά-ςῄἦπερ
987 4952 1289 5025 πειθόμενοι
1315 4947 1399 5025 οἷς.
1423 4947 1632 5025 ἀξιοῦτε
1666 4947 1836 5025 πράτ-

271 5037 382 5074 τειν
418 5019 633 5083 αὐτούς
667 5019 845 5072 ("Illis
870 5019 1027 5086 longe
1052 5019 1346 5090 optabilius
1378 5021 1541 5075 fuerit
1573 5032 1627 5074 ut
1669 5019 1722 5075 in
1743 5022 1834 5086 jus

271 5093 452 5144 vocati
501 5100 730 5141 mortem
781 5102 1038 5158 oppetere
1092 5093 1379 5143 videantur
1423 5107 1520 5158 pro
1563 5093 1669 5143 Deo
1711 5106 1834 5151 suo.

272 5175 431 5225 quam
479 5169 537 5210 ut
586 5159 884 5212 incolumes
925 5171 1270 5223 remaneant;
1323 5161 1394 5212 ita
1439 5162 1674 5214 victores
1710 5175 1842 5214 cva-

271 5229 433 5298 dunt,
459 5227 675 5279 animas
698 5231 1024 5298 suasipotius
1066 5230 1416 5298 projicientes
1438 5267 1453 5290 ,
1487 5245 1649 5296 quant
1678 5239 1736 5282 ιιι
1775 5244 1837 5281 ea

274 5297 485 5358 facere.
528 5312 650 5364 qua:
701 5313 793 5348 vos
823 5297 1031 5364 jubetis
1059 5297 1077 5359 ,ί
1125 5300 1176 5351 in
1212 5301 1452 5350 aninmm
1492 5314 1648 5351 suutn
1680 5298 1837 5348 indu-

272 5380 422 5436 cant.
467 5386 486 5420 ι
532 5368 622 5421 Sic
661 5367 728 5419 de
771 5367 958 5420 iisdem
983 5367 1310 5422 Prudentius
1331 5367 1474 5436 Περὶ
1495 5367 1830 5436 στεφάνων,

273 5435 476 5505 hymno
508 5437 592 5501 10,
619 5438 768 5490 canit
799 5457 811 5490 :

452 5526 588 5581 Fixa
614 5537 662 5580 ει
698 5508 902 5578 statuta
928 5535 1000 5578 est
1029 5527 1269 5580 omnibus
1293 5530 1556 5582 sententia

457 5595 645 5651 Fidem
672 5597 834 5659 (neri,
871 5597 947 5648 vel
985 5595 1208 5647 libenter
1231 5599 1414 5650 emori.

314 5683 463 5758 “(65)
489 5689 568 5740 Οὐ
585 5687 940 5755 λατρεύουσι
956 5685 1093 5754 μὲν,
1118 5685 1526 5754 προσκυνοῦσι
1541 5685 1607 5740 δὲ
1629 5685 1750 5751 τοῖς
1766 5690 1843 5740 εὶ-

737 5923 784 6000 3a

1331 3518 1378 3549 9“
1402 3517 1557 3569 Num.
1582 3532 1707 3580 xxv,
1738 3516 1796 3580 2,
1825 3519 1878 3570 5.

2009 2108 2062 2161 6.
2097 2109 2271 2173 Atque
2307 2104 2536 2158 dixerim
2591 2117 2687 2157 eos
2743 2103 2836 2170 qui
2893 2117 2990 2170 pro
3050 2099 3304 2153 tribunali
3334 2103 3365 2163 ,'
3412 2108 3506 2152 aut

1936 2203 2102 2256 etiam
2139 2209 2427 2266 antequam
2461 2197 2735 2249 ducantur
2761 2195 2827 2246 ad
2862 2192 3132 2255 tribunal,
3169 2192 3501 2245 Christiani—

1934 2308 2110 2347 smum
2145 2290 2377 2357 ejurant,
2410 2304 2512 2343 non
2538 2289 2717 2342 colere
2741 2287 2957 2354 quidem
2985 2286 3147 2350 idola,
3177 2285 3342 2353 278
3371 2284 3505 2336 ado-

1937 2401 2058 2439 rare
2088 2395 2287 2445 tamen,
2316 2389 2657 2436 assumentes
2702 2393 2900 2432 nomen
2942 2377 3151 2430 Domini
3186 2375 3278 2429 Dei
3321 2376 3372 2427 in
3406 2389 3504 2426 va-

1939 2492 2062 2528 nam
2097 2485 2151 2527 et
2183 2474 2538 2526 inanimatam
2580 2471 2887 2523 materiam.
2925 2468 3015 2522 Sic
3052 2469 3304 2520 adoravit
3336 2465 3504 2529 idola,

1940 2581 2045 2618 non
2078 2566 2490 2633 coluitpOpqus
2515 2579 2635 2616 cum
2662 2563 2876 2615 ﬁliabus
2899 2560 3056 2613 Moab
3081 2559 3504 2622 contaminatus,

1940 2656 2134 2722 dequo
2175 2656 2436 2723 scriptum
2484 2664 2568 2708 est
2602 2656 2688 2707 his
2733 2655 2866 2721 ipsis
2910 2651 3137 2705 verbis:
3191 2669 3210 2702 ι
3266 2649 3508 2703 Vocave—

1939 2756 2066 2800 runt
2101 2761 2193 2799 eos
2223 2747 2288 2798 ad
2329 2746 2602 2800 sacriﬁcia
2624 2745 2885 2798 idolorum
2920 2751 3242 2807 suorum,et
3265 2740 3511 2795 comedit

1936 2835 2164 2905 populus
2194 2854 2257 2889 ex
2293 2837 2398 2890 illis
2429 2837 2744 2900 sacriﬁciis,
2779 2848 2832 2889 et
2856 2838 3224 2891 adoraverunt
3255 2835 3385 2888 deos
3411 2847 3502 2885 ea-

1937 2943 2077 2988 rum,
2107 2928 2452 2996 initiatusque
2477 2938 2558 2983 est
2587 2929 2750 2982 Israel
2775 2927 3184 2997 Beelpbegor”.
3220 2945 3240 2977 ι
3265 2924 3504 2980 Observa

1935 3035 2039 3073 non
2061 3018 2266 3072 dietmn
2305 3035 2426 3073 esse
2463 3031 2551 3074 :et
2581 3021 2864 3074 coluerunt
2892 3022 3030 3074 Deos
3062 3033 3248 3072 earum
3281 3034 3294 3081 ;
3330 3029 3506 3084 neque

1934 3111 2078 3164 enim
2119 3111 2232 3162 ﬁeri
2267 3123 2479 3179 poterat
2507 3120 2562 3164 ut
2612 3121 2732 3180 post
2765 3122 2841 3164 tot
2889 3112 3042 3180 signa
3088 3119 3273 3178 totque
3321 3105 3506 3176 prodi-

1933 3201 2060 3268 gia,~
2086 3203 2248 3254 unico
2287 3203 2546 3271 temporis
2593 3213 2866 3256 momento
2921 3219 2987 3255 eo
3041 3203 3443 3255 adducerentur
3477 3214 3506 3250 a

1941 3291 2262 3345 mulieribus
2295 3307 2416 3346 cum
2454 3294 2655 3359 quibus
2687 3295 3090 3356 scorlabantur,
3122 3302 3180 3344 ut
3213 3291 3353 3344 idola
3377 3291 3508 3342 deos

1942 3396 2062 3435 esse
2095 3392 2368 3450 putarent.
2404 3382 2654 3436 Forsitan
2689 3396 2744 3438 et
2772 3384 3000 3437 vitulum
3029 3397 3188 3452 quem
3219 3383 3271 3435 in
3319 3379 3509 3432 Exodo

1947 3627 2178 3690 δώλοις.
2211 3625 2503 3693 Distingnit
2532 3625 2817 3692 Origenes.
2850 3633 2910 3677 ιιι
2933 3623 3210 3676 adnotavit
3281 3623 3512 3680 Welste-

1939 3701 2080 3760 nius,
2131 3694 2496 3767 προσκύνησιν
2530 3708 2583 3747 et
2625 3695 2877 3764 λατρείαν
2901 3734 2917 3754 ,
2968 3693 3294 3760 adducitque
3330 3693 3506 3747 locum

1937 3787 2096 3840 Num.
2120 3801 2249 3851 xxv,
2267 3786 2320 3850 2,
2341 3785 2429 3837 ubi
2460 3785 2681 3840 Hebraea
2713 3767 3125 3870 verbazn’n‘m")
3145 3790 3386 3850 111-:an,
3409 3803 3428 3835 ε
3455 3793 3510 3840 et

1936 3881 2363 3933 incurvaverunt
2393 3891 2450 3930 se
2494 3877 2599 3931 diis
2631 3894 2846 3943 earnm;
2883 3897 2902 3930 ι
2942 3895 2968 3930 a
3006 3876 3146 3930 LXX
3174 3878 3494 3942 redduntur,

1936 3951 2030 4003 καὶ
2064 3948 2436 4019 προσεκύνησε
2461 3951 2570 4011 τοῖς
2605 3948 2840 4011 εἰδώλοις
2872 3947 3067 4000 αὐτῶν.
3107 3950 3288 4013 Itaque
3315 3962 3504 4019 secun-

1938 4021 2061 4072 dum
2088 4016 2371 4087 Origenem
2416 4019 2637 4088 λατρεία
2675 4019 2897 4071 intimus
2937 4029 3018 4072 est
3066 4019 3248 4070 cordis
3281 4016 3509 4071 affectus

1939 4104 2046 4154 quo
2079 4103 2387 4155 supremum
2418 4091 2491 4142 rei
2534 4091 2770 4139 adoratae
2799 4089 2850 4139 in
2891 4104 2989 4140 nos
3024 4088 3308 4150 imperium
3347 4101 3508 4148 agno-

1940 4161 2107 4211 scitur
2125 4168 2178 4210 et
2211 4158 2437 4221 colitur;
2465 4158 2830 4226 προσκύνησις
2864 4172 3013 4226 vero.
3044 4156 3221 4208 cultus
3241 4155 3508 4226 ejusmodi

1939 4228 2182 4280 exterior
2213 4225 2856 4294 professio.Alterutrum
2887 4225 3091 4277 cultum
3121 4225 3505 4294 hocstrictiori

1941 4311 2103 4348 sensu
2129 4293 2403 4362 smitptum
2439 4311 2502 4347 ne
2525 4296 2687 4347 idolis
2721 4305 3048 4362 praestemus
3076 4305 3166 4345 aut
3196 4293 3287 4345 ulli
3309 4304 3514 4348 creatae.

1942 4366 2043 4425 rei,
2080 4364 2366 4417 manifeste
2397 4373 2539 4418 vetat
2565 4372 2890 4430 praaceptum
2925 4363 3169 4430 Dccalogi
3204 4363 3508 4416 secundum

1863 4423 1906 4477 D
1937 4423 2103 4488 Exod.
2142 4449 2234 4486 xx.
2259 4435 2326 4486 At
2352 4448 2477 4485 vero
2505 4423 2872 4503 προσκύνήσις
2902 4423 3169 4503 interdum
3203 4432 3309 4483 alio
3341 4434 3510 4484 sumi-

1941 4514 2029 4558 tttr
2062 4518 2251 4564 sensu,
2287 4514 2340 4556 et
2376 4505 2440 4554 ad
2476 4502 2753 4568 politicum
2787 4503 3108 4568 civilemque
3140 4502 3362 4553 honoris
3387 4503 3505 4554 cu|-

1937 4583 2046 4627 tum
2076 4573 2326 4634 trahitur,
2377 4572 2414 4624 II
2447 4572 2577 4641 Reg.
2611 4587 2740 4628 xv".
2767 4571 2827 4624 2|
2849 4612 2863 4634 ,
2895 4582 3059 4639 atque
3106 4571 3230 4623 alibi
3281 4572 3498 4641 passim.

1937 4643 2024 4696 Sic
2046 4645 2096 4696 in
2131 4658 2248 4695 can.
2281 4642 2345 4694 16
2367 4640 2562 4696 concil.
2598 4643 2859 4707 Carthag.
2887 4643 3146 4703 sancitur,
3181 4642 3231 4693 oi
3255 4640 3504 4708 ἀναγνῶ-

1937 4729 2058 4766 σται
2095 4713 2187 4764 τὸν
2218 4712 2388 4782 δῆμον
2421 4711 2492 4782 μὴ
2516 4711 2908 4783 προσκυνῶσιν,
2943 4730 2960 4761 ι
2990 4712 3220 4783 lectores
3253 4711 3503 4783 pepnlnm

1937 4799 2041 4836 non
2069 4781 2317 4844 adorent,
2363 4800 2379 4832 ι
2422 4781 2616 4844 idest,
2649 4781 2855 4834 Zonara
2888 4782 3195 4848 explieante
3217 4823 3230 4843 ,
3261 4790 3318 4832 ut
3352 4781 3504 4834 debi-

1939 4862 2052 4906 tum
2095 4853 2478 4905 sacerdotibus
2503 4853 2760 4904 honorem
2789 4852 2906 4904 illis
2930 4852 3058 4904 solis
3088 4851 3370 4914 deferant,
3413 4866 3506 4904 ne.

1937 4937 2043 4989 que
2073 4924 2137 4973 ad
2161 4923 2413 4989 populum
2449 4920 2717 4973 salutandi
2749 4923 2924 4988 gratia
2954 4937 3010 4974 se
3035 4922 3241 4990 pariter
3265 4929 3500 4975 vertant.

1937 4991 2049 5045 lmo
2077 4991 2744 5061 interdumarpocxtiv'qat;
2777 4991 3084 5060 religiosum
3114 4991 3382 5057 quoddam
3407 4992 3505 5042 ob-

1939 5061 2187 5127 sequium
2236 5069 2290 5113 et
2321 5059 2725 5113 observantiam
2773 5059 2898 5129 erga
2932 5061 3153 5130 angelos
3192 5069 3246 5112 et
3287 5069 3504 5130 sanctos

1940 5131 2183 5182 denotat.
2230 5131 2322 5183 Sic
2370 5131 2692 5183 Anastasius
2735 5129 3106 5184 Antiochenus
3147 5131 3197 5182 in
3233 5131 3395 5194 epist.
3435 5129 3501 5180 ad

1939 5201 2294 5272 δοιλιυιίιδιίοιιε
2318 5201 2608 5272 quosdam:
2637 5201 2681 5251 Π
2688 5201 3052 5272 ροσκυνοῦμεν
3072 5201 3166 5272 καὶ
3186 5196 3504 5272 ἀνθρωπους

1937 5269 2033 5342 κα)
2066 5265 2348 5342 ἀγγέλους,
2378 5269 2469 5342 καὶ
2493 5265 2698 5342 ἁγίους,
2727 5271 2787 5322 ού
2815 5273 2929 5342 μὴν,
2951 5265 3498 5342 λατρεύομεναὺτοίς.

1940 5338 2141 5409 Κύριον
2167 5339 2294 5410 γὰρ,
2323 5340 2455 5410 φησὶ
2486 5341 2744 5409 Μωῦσῆς,
2773 5338 2978 5394 καὶτὸν
3001 5338 3130 5410 Θεόν
3149 5354 3242 5410 σου
3269 5352 3504 5410 προμσκυῖ

1939 5403 2150 5483 νήσεις,
2169 5403 2260 5462 καί
2282 5403 2428 5483 αύτῷ
2459 5410 2605 5483 μδνῳ
2632 5403 2965 5483 λατρεύσεις.
2987 5405 3288 5483 Ὅραξπῶς
3303 5403 3391 5456 ἐπὶ
3407 5403 3500 5456 τοῦ

1950 5474 2304 5564 λατρεύσεις,
2322 5474 2632 5564 προσέθηκε
2673 5474 2749 5531 τὸ’
2776 5474 3290 5564 μόνονζὲπὶιδὲέῖοῦ
3319 5489 3502 5539 προσ-

1940 5543 2524 5620 κυνήσεις-οὐδαμῶς
2542 5543 2681 5602 ὥστε
2709 5543 3032 5620 προσκυνεῖν
3057 5548 3155 5620 μὲν
3182 5543 3356 5620 ἔξεστι
3376 5580 3389 5601 ς
3423 5559 3504 5620 τις

1946 5619 2050 5690 μῆς
2083 5612 2456 5690 γὰρ’έμφασίς
2483 5620 2637 5672 ὲστινι
2652 5621 2695 5690 ἡ.
2717 5612 3082 5690 π’ροσκύνησις
3102 5657 3115 5680 ,
3143 5612 3417 5690 λατρεύειν
3444 5613 3501 5666 δὲ

1943 5683 2215 5760 οὐδαμῶς.
2253 5683 2602 5760 i_Adoramus
2628 5683 2790 5741 etiam
2822 5685 3070 5742 homines
3115 5697 3166 5742 et
3200 5683 3416 5754 angelos
3449 5692 3502 5736 et
