3974 6160
427 279 524 334 δτι

1868 272 2190 328 ORIGENIS

3574 271 3669 324 57‘!

433 395 628 448 ft‘l'iSSC
663 397 1045 461 narrantur",
1076 395 1156 450 slc
1183 395 1502 458 adorarunt,
1531 409 1642 448 non
1671 393 1915 449 colentes
1931 409 1998 449 ex

2115 397 2160 446 ὲν
2214 395 2278 463 τῇ
2334 389 2526 461 Ἐξόδῳ
2572 390 2921 461 μοσχοποιίαν
2965 387 3075 459 (66)
3118 386 3557 461 προσεκύνησαν,
3613 391 3668 442 οὐ

435 486 622 539 aliimo
648 501 810 554 quem
832 488 944 540 fieri
971 486 1238 540 viderant.
1279 485 1538 540 Probatio
1582 487 1746 556 igitur
1774 495 1828 540 et
1870 501 2001 541 exa-

434 592 562 632 men
589 589 788 632 nostra:
809 593 934 646 erga
968 579 1132 631 Deum
1159 578 1456 633 charitatis
1483 581 1694 633 instans
1735 592 1855 634 esse
1883 589 2005 632 ten-

435 670 573 723 tatio
594 670 823 739 putanda
857 676 969 730 est;
1002 685 1020 718 ι
1061 676 1233 721 tentat
1268 669 1414 722 enim
1444 685 1539 723 vos
1580 669 1752 734 Deus,
1795 688 1814 720 ι
1864 679 1922 720 ιιι
1949 669 2002 721 in

440 762 851 816 Deuteronomio
884 761 1148 830 scriptum
1174 772 1292 815 est:
1327 761 1579 816 «Utsciat
1612 772 1791 814 utrum
1814 763 2006 830 diliga-

439 855 508 906 tis
533 852 814 922 Dominum
844 852 1007 904 Deum
1041 862 1285 906 vestrum
1317 867 1381 906 ex
1415 861 1528 905 toto
1558 852 1722 904 corde
1746 862 1929 905 vestro
1953 861 2007 904 et

436 959 499 994 ex
530 951 637 995 tota
669 943 848 994 anima
881 950 1083 996 vestra.
1120 961 1138 992 ι
1179 941 1284 995 Sed
1315 958 1411 996 vos
1443 945 1629 997 tentati
1661 961 1679 993 ι
1719 943 2005 997 Dominum

444 1031 611 1086 Deum
661 1041 904 1086 vestrum
943 1033 1272 1099 scquemini,
1308 1042 1363 1086 et
1397 1034 1570 1102 ipsum
1627 1034 1906 1093 timebitis,
1955 1043 2008 1088 et

437 1123 690 1176 mandata
707 1123 825 1188 ejus
852 1122 1174 1176 custodietis
1201 1140 1218 1173 ι
1240 1122 1498 1194 (maxime
1521 1123 1684 1177 illud:
1710 1122 1830 1177 Non
1853 1134 2006 1177 erant

434 1215 530 1267 tibi
555 1213 632 1267 dii
653 1214 748 1265 alii
771 1223 962 1280 printer
987 1230 1067 1267 me
1083 1215 1177 1283 η),
1204 1232 1222 1264 ι
1253 1224 1305 1267 et
1331 1214 1564 1269 audietis
1591 1231 1775 1270 vocem
1795 1215 1932 1283 ejus,
1952 1224 2007 1268 et

435 1304 536 1374 ipsi
565 1304 914 1358 adhaerebitis
933 1305 1001 1370 ”,
1041 1327 1058 1354 ο
1093 1307 1186 1375 qui
1223 1321 1319 1360 vos
1352 1321 1416 1358 ex
1457 1307 1545 1360 his
1578 1308 1711 1363 locis
1747 1317 2003 1374 acceptos

433 1396 536 1450 sibi
570 1394 824 1465 adiunget
855 1396 909 1448 in
934 1409 1269 1466 augmentum
1303 1401 1394 1456 Dei
1415 1404 1453 1470 ι,
1484 1414 1543 1456 ιιι
1580 1400 1827 1469 loquitur
1859 1398 2005 1467 Apo-

436 1483 629 1539 stolus.

2111 482 2507 556 λατρεύσαντες
2551 482 2629 552 τῷ
2663 483 2882 550 μόσχῳ,
2925 481 2984 532 ὃν
3039 479 3317 549 γινόμενον
3365 480 3666 534 ἐθεάσαντο.

2113 576 2366 645 Δοκίμιον
2399 569 2492 626 οῦν
2524 573 2617 626 καὶ
2660 573 3036 642 ἐξεταστήριον
3085 571 3184 640 τῆς
3234 570 3370 643 πρὸς
3424 569 3486 622 τὸ
3536 570 3671 623 Οεῖον

2112 667 2331 734 ἀγάπης
2359 663 2640 734 νομιστέον
2669 665 2800 732 ἡμῖν
2831 663 3105 730 γεγονέναι
3138 663 3227 715 τὸν
3265 661 3526 730 ἑστηκότα
3560 677 3673 713 πει-

2119 757 2341 828 ρασμόν·
2379 775 2397 805 ι
2432 753 2677 824 πειράζει
2703 754 2808 824 γὰρ
2839 757 2867 806 6
2895 754 3096 824 Κύριος
3127 755 3272 822 ἡμᾶς
3302 753 3434 821 (67),
3479 772 3495 802 ι
3521 751 3592 814 ὡς
3619 752 3672 803 ὲν

2111 846 2513 917 Δευτερονομίῳ
2575 845 2913 915 γέγραπται,
2972 865 2989 896 ι
3046 845 3272 906 εἰδέναι,
3334 845 3380 895 εί
3431 845 3671 912 ἀγαπᾶτε

2112 940 2316 1009 Κύριον
2356 937 2448 989 τὸν
2476 937 2605 988 Θεόν
2651 935 2802 1006 ὑμῶν
2847 935 2904 998 ἐξ
2938 935 3063 1005 ὅλης
3099 936 3196 1003 τῆς
3247 934 3469 1004 καρδίας
3504 933 3671 1004 ὑμῶν,

2114 1031 2208 1083 καὶ
2233 1030 2290 1095 ἐξ
2316 1029 2444 1098 ὅλης
2464 1029 2564 1097 τῆς
2582 1027 2758 1096 ψυχῆς
2791 1027 2962 1096 ὑμῶν.
3005 1046 3022 1078 ι
3071 1027 3208 1077 Ἀλλ’
3241 1027 3395 1095 ὑμεῖς
3428 1024 3679 1097 πειραζό-
3735 1056 3740 1058 -

2115 1139 2286 1192 μενοι,
2324 1140 2340 1170 ‹
2378 1120 2551 1171 ὀπίσω
2585 1119 2787 1191 Κυρίου
2814 1119 2906 1171 τοῦ
2938 1117 3071 1170 Θεοῦ
3113 1117 3265 1187 ὑμῶν
3312 1118 3636 1188 πορεύσεσθε
3660 1161 3673 1181 ,

2113 1213 2208 1264 καὶ
2231 1211 2392 1263 αὑτὸν
2426 1209 2696 1279 φοϐηθησε
2707 1209 2819 1273 σθε,
2850 1209 2943 1262 καὶ
2968 1208 3066 1270 τὰς
3087 1208 3304 1270 ἐντολὰς
3326 1208 3490 1260 αὐτοῦ
3524 1209 3678 1276 φυλάσ

2112 1301 2265 1365 ξεσθε
2297 1321 2314 1352 ι
2340 1300 2454 1368 (καὶ
2488 1299 2836 1369 μάλιστα,τὸ,
2863 1300 2983 1351 Οὐκ
3019 1297 3263 1352 ἔσονταί
3285 1315 3380 1352 σοι
3402 1299 3523 1353 θεοὶ
3559 1297 3678 1352 ἔτει

2102 1413 2197 1463 ροι
2232 1393 2400 1457 πλὴν
2422 1392 2613 1461 ἐμοῦ),
2637 1391 2729 1443 καὶ
2766 1410 2783 1441 ι
2820 1390 2919 1459 τῆς
2946 1391 3125 1460 φωνῆς
3163 1391 3324 1444 αὑτοῦ
3353 1391 3675 1454 ἀκούσεσθε,

2109 1486 2203 1538 καὶ
2232 1482 2379 1552 αύτῷ
2412 1480 2863 1551 προστεθήσεσθε,
2887 1500 2902 1530 ι
2930 1480 3256 1550 λαμϐάνοντι
3282 1483 3378 1552 μὲν
3405 1484 3548 1552 ὑμᾶς
3576 1483 3680 1534 ἀπὸ

435 1580 547 1633 τῶν
577 1581 701 1650 τῇδε
734 1582 966 1653 χωρίων,
1004 1583 1346 1653 προστιθέντι
1374 1585 1431 1637 δὲ
1462 1585 1609 1655 αὐτῷ
1646 1587 1725 1648 είς
1781 1585 1921 1651 τὴν,
1953 1583 2028 1646 ὡς
2069 1583 2097 1634 6
2142 1578 2459 1640 Ἀπόστολος
2490 1577 2793 1647 ὠνόμασεν,
2823 1576 3085 1643 αὔξησιν
3110 1575 3216 1628 τοῦ
3251 1577 3395 1630 Θεοῦ
3423 1580 3479 1630 ὲν
3513 1577 3673 1648 αύτῷ.

508 1677 560 1729 ’1.
593 1677 744 1741 Quod
779 1680 824 1732 si
853 1695 1014 1734 omne
1039 1682 1262 1736 verbum
1304 1685 1508 1736 malum
1558 1702 1577 1734 ι
1613 1685 1943 1737 abominatio
1984 1701 2001 1732 ι
2040 1689 2080 1742 Β

438 1775 522 1820 est
561 1784 580 1816 ι
613 1767 840 1823 Domino
876 1789 895 1821 ι
934 1769 1043 1824 Deo
1079 1770 1240 1835 tuo“,
1274 1785 1472 1842 quanta
1531 1774 1862 1828 ahominatio
1905 1790 1996 1843 pu-

439 1860 605 1913 tanda
656 1871 738 1914 est
770 1861 970 1916 malum
1002 1865 1306 1934 negationis
1360 1869 1620 1930 verbum,
1673 1867 1845 1921 malus
1898 1882 2006 1934 quo

441 1947 587 2002 Deus
628 1948 770 2004 alter
811 1954 1157 2008 renuntiatur
1187 1994 1202 2017 ,
1261 1969 1439 2007 sermo
1474 1995 1488 2019 ,
1541 1965 1595 2007 et
1634 1954 1833 2008 malum
1893 1954 2012 2022 jus-

437 2038 733 2106 jurandum
775 2056 872 2106 per
922 2040 1190 2096 fortunam
1244 2044 1482 2097 hominis
1512 2085 1526 2105 ,
1591 2059 1703 2098 rem
1763 2045 2007 2097 omnium

439 2129 664 2184 minime
713 2131 1134 2186 subsistentem?
1212 2132 1324 2188 Hoc
1397 2150 1520 2188 cum
1591 2136 1747 2189 nobis
1805 2149 2009 2204 propo-

441 2229 628 2285 netur,
664 2221 810 2276 illius
841 2224 1156 2278 meminisse
1178 2234 1416 2293 oportet,
1443 2227 1536 2294 qui
1570 2226 1755 2280 docuit
1788 2239 1804 2277 :
1845 2244 1863 2276 ι
1900 2225 2010 2294 Ego

442 2323 626 2367 autem
657 2313 779 2368 dico
806 2315 960 2369 vobis
979 2330 1085 2370 non
1107 2315 1297 2386 jurare
1325 2318 1570 2372 omnino.
1610 2335 1628 2368 ι
1661 2317 1717 2370 Si
1749 2317 1894 2372 enim
1916 2317 2008 2386 qui

445 2421 467 2455 ε
507 2418 603 2472 per
658 2404 853 2458 malum
906 2423 926 2458 ι
983 2405 1153 2473 jurat,
1202 2407 1254 2460 in
1286 2407 1542 2461 thronum
1607 2407 1698 2462 Dei
1753 2408 2009 2474 injuriam

439 2494 600 2559 facit;
643 2504 701 2549 ct
746 2497 837 2564 qui
880 2515 899 2550 ι
958 2511 1056 2565 per
1107 2506 1310 2551 terram
1372 2518 1391 2551 ι
1443 2497 1613 2568 jurat,
1679 2500 1880 2570 impius
1925 2509 2012 2555 est

447 2586 620 2642 Deum
667 2587 872 2644 faciens
918 2588 971 2644 id
1029 2591 1173 2659 quod
1226 2591 1426 2646 dicitur
1488 2611 1507 2644 ι
1560 2593 1856 2646 seabellum
1920 2607 2014 2662 pe-

447 2677 575 2732 dum
619 2697 639 2729 ι
700 2677 837 2744 Dei;
889 2687 942 2733 et
968 2680 1058 2744 qui
1096 2678 1244 2748 jurat
1291 2697 1310 2731 ι
1369 2695 1466 2748 per
1516 2679 1933 2751 Jerosolymam,
1987 2698 2006 2731 ι

448 2779 676 2838 peccat,
711 2788 730 2822 ι
775 2771 900 2839 quia
933 2771 1128 2825 civitas
1163 2780 1247 2824 est
1292 2773 1469 2842 magni
1513 2772 1711 2840 Regis;
1753 2792 1771 2824 ι
1817 2781 1871 2824 et
1921 2771 2010 2838 qui

452 2877 473 2908 ι
517 2875 614 2926 per
640 2875 797 2913 suum
832 2861 998 2928 ipsius
1025 2871 1186 2930 caput
1219 2881 1238 2912 ι
1259 2862 1428 2931 jurat,
1455 2863 1719 2932 delinquit
1739 2862 1794 2926 ⁸;
1837 2878 2012 2930 quan-

453 2958 564 3000 tum
617 2965 736 3002 esse
787 2960 1072 3020 peccatum
1118 2953 1412 3019 putandum
1469 2965 1554 3007 est
1595 2969 1691 3021 per
1741 2953 2012 3006 fortunam

519 3114 560 3143 "
593 3113 761 3169 Exod.
804 3131 977 3177 xxx",
1004 3117 1058 3170 8.

1131 3121 1176 3152 "
1210 3120 1378 3175 Exod.
1406 3137 1472 3174 xx
1501 3159 1515 3184 ,
1544 3121 1597 3173 ὃ.

448 3196 502 3246 v,
531 3184 599 3237 54
630 3199 784 3254 seqq.

1673 3121 1719 3151 ”
1751 3120 1904 3174 Deut.
1943 3136 2073 3185 xm,
2113 3123 2165 3175 3.

2194 1676 2352 1730 Ἀλλά
2407 1676 2502 1728 καὶ
2543 1676 2700 1746 εἴπερ
2729 1677 2835 1728 πᾶν
2884 1675 3034 1746 ῥῆμα
3076 1675 3308 1746 πονηρὸν
3349 1691 3368 1723 ι
3407 1673 3675 1743 βδέλυγμα

2111 1770 2302 1840 Κυρίῳ
2342 1788 2360 1819 ι
2387 1767 2464 1838 τῷ
2485 1767 2601 1837 Θεῷ
2636 1784 2727 1819 σου
2762 1768 2878 1819 ἐστὶ
2905 1807 2920 1829 ,
2956 1767 3186 1837 πηλίκον
3232 1767 3502 1836 βδέλυγμα
3533 1783 3677 1835 νομι-

2111 1863 2262 1916 στέον
2285 1857 2422 1914 εἶναι
2446 1860 2506 1913 τὺ
2537 1859 2768 1929 πονηρὸν
2796 1859 2894 1927 τῆς
2926 1859 3205 1930 ἀρνήσεως
3242 1858 3392 1928 ῥῆμα
3415 1900 3430 1924 ,
3471 1857 3562 1910 καὶ
3589 1856 3677 1910 τὸν

2112 1953 2344 2024 πονηρὸν
2373 1952 2472 2020 τῆς
2498 1951 2652 2005 ἄλλου
2674 1949 2806 2003 Θεοῦ
2834 1949 3241 2021 ἀναγορεύσεως
3270 1949 3446 2017 λόγον,
3476 1949 3570 2004 καὶ
3590 1949 3676 2002 τὸν

2112 2045 2342 2116 πονηρὸν
2362 2043 2504 2098 κατά
2519 2042 2686 2112 τύχης
2704 2033 2798 2096 ἀνθ
2807 2042 3023 2113 ρώπων,
3047 2043 3364 2112 πράγματος
3392 2043 3680 2096 ἀνυποστά-

2109 2155 2224 2201 του,
2269 2139 2460 2208 ὃρκον;
2513 2130 2586 2188 Οῦ
2631 2135 3044 2206 προτεινομένου
3086 2138 3239 2205 ἡμῖν,
3293 2133 3679 2204 μνημονευτέον

2109 2226 2204 2278 τοῦ
2251 2226 2577 2290 διδάξαντος·
2625 2244 2643 2275 ι
2703 2224 2844 2292 Ἐγὼ
2880 2225 2937 2278 δὲ
2987 2225 3130 2293 λέγω
3183 2225 3311 2296 ὑμῖν
3369 2226 3443 2296 μὴ
3486 2225 3678 2293 ὀμόσαι

2109 2316 2265 2378 ὅλως.
2303 2335 2320 2367 ι
2358 2317 2530 2386 Εἴπερ
2560 2315 2668 2386 γάρ
2704 2318 2732 2367 ὀ
2768 2317 2937 2385 ὀμνὺς
2978 2335 2996 2366 ι
3034 2315 3259 2388 οὐρανὸν
3312 2335 3329 2367 ι
3379 2311 3680 2388 παρανομεῖ

2109 2408 2202 2460 τὸν
2235 2406 2421 2478 Θρὸνον
2448 2406 2540 2460 τοῦ
2569 2404 2722 2458 Θεοῦ·
2752 2406 2846 2458 καὶ
2879 2408 2907 2458 6
2934 2407 3102 2476 ὀμνὺς
3141 2425 3157 2457 ι
3202 2407 3302 2478 γῆν
3344 2426 3361 2460 ι
3395 2407 3582 2462 ἀσεϐεῖ
3618 2409 3677 2461 τὸ

2109 2498 2399 2568 λεγόμενον
2451 2516 2470 2548 ι
2507 2496 2794 2550 ὑποπῶιον
2838 2515 2855 2548 ι
2898 2497 2990 2549 τοῦ
3033 2497 3168 2549 Θεοῦ
3217 2498 3496 2552 Θεοποιῶν·
3535 2499 3623 2552 καὶ
3653 2502 3680 2553 ὀ

2111 2591 2280 2661 ὀμνὺς
2313 2610 2330 2640 ι
2367 2592 2445 2652 εἰς
2473 2589 2815 2662 Ἱεροσόλυμα
2843 2607 2859 2638 ι
2893 2589 3227 2659 ἁμαρτάνει,
3262 2608 3279 2640 ι
3308 2591 3544 2659 καίτοιγε
3573 2591 3676 2659 (68)

2118 2682 2273 2744 πόλις
2305 2680 2540 2751 μεγάλου
2570 2679 2846 2743 Βασιλέως
2874 2679 3040 2732 ἐστίν·
3097 2698 3115 2731 ι
3144 2682 3236 2734 καὶ
3267 2685 3295 2734 6
3323 2681 3490 2752 ὀμνὺς
3528 2700 3545 2732 ι
3585 2683 3680 2752 τὴν

2111 2772 2304 2826 ἑαυτοῦ
2324 2771 2560 2841 κεφαλὴν
2587 2789 2604 2820 ι
2625 2770 2951 2840 πλημμελεῖ·
2972 2771 3196 2841 πηλίκον
3220 2770 3518 2842 ἁμάρτημα
3546 2767 3679 2826 εἶναι

2113 2864 2413 2934 νομιστέον,
2450 2863 2511 2916 τὺ
2538 2862 2766 2932 ὀμνύναι
2803 2866 2969 2932 τύχην
3005 2862 3149 2924 τινός
3181 2861 3326 2931 (69);
3362 2864 3676 2934 Μνημονεύ-

2113 2956 2232 3010 τέον
2264 2956 2320 3009 δὲ
2351 2955 2472 3008 τότε
2494 2953 2725 3008 καὶτοῦ·
2769 2973 2787 3005 ι
2828 2953 2962 3024 Περὶ
2995 2953 3194 3017 παντὸς
3234 2953 3402 3025 ἀργοῦ
3441 2956 3678 3027 ῥήματος

3445 3121 3465 3152 ³
3493 3121 3673 3176 Matth.

2245 3125 2262 3154 ⁸
2303 3123 2512 3179 Coloss.
2551 3138 2620 3188 ιι,
2669 3122 2752 3176 I9.
2859 3122 2879 3152 ¹
2919 3119 3080 3176 Prov.
3125 3138 3230 3188 xv,
3285 3124 3338 3178 6.

449 3334 690 3402 sanctos.
723 3341 825 3402 no_n
853 3336 1028 3381 autem
1051 3329 1325 3402 servimus
1342 3328 1443 3402 eis.
1467 3327 1678 3402 Meyses
1706 3330 1860 3402 enim
1905 3331 2014 3402 ait:
2045 3335 2087 3392 C
2117 3333 2378 3402 (ιιιεξιιῑεν⁵
2392 3341 2602 3402 jussere
2648 3337 3040 3402 persecutores.
3066 3329 3359 3402 Proconsul
3393 3332 3680 3402 Smyrnen-

454 3394 735 3447 Dominum
770 3395 933 3448 Deum
965 3406 1112 3449 tuum
1141 3398 1383 3450 adorabis
1425 3409 1472 3452 et
1517 3394 1598 3450 illi
1638 3400 1734 3452 soli
1795 3401 2003 3452 servies.

456 3465 587 3516 Vide
624 3468 890 3533 quomodo
915 3471 1100 3532 verbo,
1132 3469 1323 3520 servies
1343 3507 1357 3530 ,
1388 3469 1591 3521 addidit
1616 3509 1630 3528 ,
1657 3468 1790 3531 soli;
1828 3469 2007 3521 neuti-

449 3550 613 3602 quam
638 3549 772 3606 vero
795 3536 990 3603 verbo,
1036 3539 1309 3600 adorabis,
1352 3540 1476 3606 quia
1521 3541 1681 3592 etiam
1717 3540 1851 3592 alios
1881 3541 2012 3590 ado-

453 3619 588 3684 rare
638 3603 783 3670 licet,
828 3622 952 3660 nam
1011 3607 1257 3663 adoratio
1296 3603 1382 3661 est
1420 3608 1641 3664 honoris
1683 3607 2006 3675 declaratio;

449 3688 652 3744 servire
681 3685 881 3740 autem,
911 3691 1271 3744 nequaquam.
1321 3696 1342 3728 ι

531 3742 645 3812 (66)
672 3742 1116 3813 Μεσχοποιίανξ
1149 3746 1290 3798 Idem
1363 3743 1694 3800 Wetstenius
1731 3746 2012 3800 adnotavit

451 3812 730 3886 eleganter
763 3812 899 3886 hanc
930 3831 1113 3886 vocem
1128 3817 1328 3886 deduci
1359 3832 1386 3867 a
1424 3815 1615 3886 bibliea
1657 3831 1786 3869 voce
1814 3832 2012 3886 μοσχο-

457 3880 628 3956 ποιέω
649 3897 756 3948 qua
791 3883 960 3956 utitur
993 3885 1298 3951 Stephanus
1322 3885 1725 3956 πρωτομάρτυρ
1760 3880 1880 3938 Aet.
1918 3880 2008 3946 tu,

453 3951 546 4021 42,
571 3965 838 4019 quantque
867 3953 942 4021 ab
968 3968 1033 4005 eo
1068 3964 1341 4005 inutuatur
1371 3951 1632 4021 Origenes
1660 3951 1752 4006 lib.
1784 3971 1795 4006 I
1827 3965 2012 4006 contra

456 4019 686 4082 Celsum,
718 4036 772 4075 ιι.
808 4021 861 4092 4,
891 4020 990 4084 τὰς
1028 4022 1244 4084 ἐντολὰς
1294 4019 1607 4092 συνέτριψεν
1644 4025 1676 4092 ἡ
1710 4025 1875 4075 κακία
1908 4022 2013 4075 τῶν

457 4091 984 4212 μοοῑχοποιησάντων,
1023 4109 1040 4141 ι
1089 4101 1353 4159 praecepta
1394 4091 1590 4160 MOysis
1639 4091 1798 4162 fregit
1858 4092 2013 4146 mali-

457 4172 525 4212 tia
577 4163 932 4212 alirtcauttum
964 4162 1212 4212 vitulum.
1257 4179 1276 4211 ι

455 4162 525 4215 tia
556 4162 932 4214 fabricantium
964 4162 1212 4216 vitulum.
1257 4179 1276 4211 ι

526 4229 635 4300 (67)
685 4229 876 4299 Ἠμᾶς.
913 4231 1071 4284 Forte
1104 4232 1410 4300 legendum,
1443 4231 1603 4300 ὑμᾶς.

548 4297 636 4369 68)
667 4297 763 4352 Ms.
802 4311 1053 4369 corrupte
1088 4297 1247 4355 habet
1306 4303 1399 4354 καὶ
1428 4297 1571 4370 τόγε.

544 4372 633 4439 69)
654 4371 944 4442 Ὀμνύναι
968 4373 1158 4442 τύχην
1183 4373 1365 4438 τινός.
1387 4371 1644 4442 Ὀμνύναι
1664 4369 1832 4441 τύχην
1850 4372 2012 4434 τινός,

455 4453 542 4496 est
596 4459 612 4490 ι
643 4441 829 4509 jurare
863 4456 957 4508 per
983 4441 1290 4505 fortunam,
1345 4463 1361 4494 ι
1398 4441 1566 4504 alias,
1617 4460 1635 4493 ι
1675 4458 1769 4510 per
1801 4443 2015 4509 genium

454 4510 702 4576 alicujus.
743 4529 761 4561 ι
800 4511 1002 4562 Alludit
1029 4512 1296 4579 Origenes
1336 4513 1404 4564 ad
1430 4513 1650 4579 impium
1677 4526 2014 4580 paganorum

456 4596 694 4651 mt)I'CIII_
735 4598 753 4628 ι
815 4595 908 4651 per
970 4580 1280 4651 fortunam,
1334 4596 1538 4649 perque
1594 4583 1780 4651 genios
1837 4581 2015 4634 Caesa-

457 4665 572 4700 rum
627 4666 645 4698 ι
679 4649 1001 4715 jurautium.
1059 4648 1313 4702 Miuutius
1349 4652 1404 4701 in
1451 4648 1676 4704 ίΟειιιῦὶο

456 4716 794 4786 principibus
825 4726 877 4768 et
916 4717 1128 4783 regibus
1162 4719 1390 4786 turpiter
1416 4721 1653 4772 adulatio
1695 4717 1825 4770 falsa
1855 4720 2012 4770 blan-

459 4787 626 4839 ditur.
670 4785 760 4838 Sic
785 4801 970 4838 eorum
993 4789 1212 4854 :numen
1252 4785 1465 4851 i'ocant,
1500 4789 1565 4841 ad
1596 4788 1856 4855 imagines
1881 4803 2009 4853 sup-

457 4855 680 4922 plicant,
712 4856 949 4925 genium,
982 4856 1031 4907 id
1066 4865 1146 4925 est
1187 4857 1486 4909 dmtnonern
1538 4856 1655 4923 ejus
1694 4855 2002 4925 implorant,

457 4933 510 4978 et
535 4933 620 4996 est
643 4924 1043 4996 eis_tutiu_sper
1069 4923 1218 4980 Jovis
1265 4929 1480 4996 genium
1516 4923 1794 4992 peierare,
1845 4941 2005 4993 quam

460 4995 625 5062 regis.
670 5011 688 5043 ι
724 4991 1089 5047 Tertullianus
1138 4991 1410 5062 Apologel.
1471 4991 1528 5048 c.’
1569 4991 1638 5049 28
1687 5013 1699 5049 :
1759 5014 1777 5046 ι
1833 4991 2006 5048 Citius

461 5063 605 5130 apud
631 5078 724 5134 vos
751 5076 848 5134 per
883 5077 1068 5117 onmes
1088 5065 1238 5134 deos,
1263 5080 1423 5133 quam
1452 5079 1548 5133 per
1589 5081 1754 5118 unum
1794 5067 2008 5134 genium

458 5133 690 5187 Caesaris
719 5132 1008 5200 peieratur.
1046 5151 1062 5181 ι
1099 5132 1296 5187 Iterum
1335 5132 1460 5201 cap.
1493 5134 1563 5187 3‘2
1595 5153 1607 5187 :
1646 5153 1662 5184 ι
1700 5132 1891 5188 Sedet
1919 5135 2002 5200 ju-

459 5218 664 5267 ramus,
693 5204 836 5256 sicut
869 5217 974 5254 non
1013 5218 1107 5270 per
1142 5205 1328 5273 genios
1356 5204 1650 5263 Ca'sarum.
1693 5206 1762 5258 ita
1793 5221 1889 5272 per
1923 5217 2011 5256 s‘a-

459 5273 623 5325 lutem
668 5286 856 5326 eorum
910 5286 1028 5339 qua:
1057 5283 1137 5326 est
1181 5275 1459 5340 augustior
1511 5275 1763 5328 omnibus
1814 5275 2008 5340 geniis.

460 5341 694 5398 Nescitis
717 5342 906 5408 genios
929 5342 1203 5396 damonas
1251 5345 1378 5405 dici,
1414 5353 1468 5396 et
1515 5344 1636 5395 inde
1692 5345 2010 5398 diminutiva

457 5427 590 5466 voce
623 5412 928 5467 dzetnonia?
959 5433 977 5465 ι
1007 5414 1072 5466 Et
1095 5414 1186 5466 lib.
1215 5415 1282 5465 ad
1307 5414 1610 5481 Scapulam,
1639 5429 1688 5469 e.
1717 5413 1752 5465 2
1775 5431 1787 5466 :
1813 5431 1830 5462 ι
1856 5413 2015 5466 Iidem

459 5482 560 5549 ipsi
593 5484 683 5550 qui
713 5497 808 5550 per
832 5484 1019 5550 genios
1048 5499 1236 5538 eorum
1273 5485 1324 5538 in
1373 5485 1546 5552 pridie
1595 5498 1764 5550 usque
1793 5482 2015 5548 jurave-

461 5562 620 5612 rant.
650 5553 740 5621 qui
769 5566 867 5621 pro
898 5555 1076 5608 salute
1098 5569 1283 5608 eorum
1313 5555 1517 5608 hostias
1561 5553 1801 5605 fecerant
1846 5563 1900 5604 et
1929 5569 2020 5606 ro-

466 5620 680 5684 verant,
706 5624 795 5691 qui
823 5620 1160 5678 Christianos
1193 5639 1334 5694 saepe
1363 5627 1756 5677 damnaverant
1784 5663 1799 5686 ,
1837 5623 2016 5676 hostes

465 5702 654 5743 eorum
693 5699 815 5745 sunt
844 5694 1062 5762 reperti.
1109 5714 1125 5746 ι
1155 5695 1295 5750 Idem
1323 5695 1507 5764 jurarc
1542 5694 1881 5748 Christianos
1908 5694 2017 5747 fre-

2121 3395 2290 3470 sis'S.
2346 3395 2672 3470 Polyearpo,
2713 3399 2952 3470 eumﬂad
3006 3401 3316 3469 martyrium
3375 3395 3676 3470 raperetur,

2119 3466 2347 3542 imperat
2384 3469 2665 3542 :A'Oposov
2703 3467 3110 3542 tﬁy_l\'a_iaap_o;
3147 3466 3339 3542 τύχην,
3378 3491 3396 3522 ι
3433 3466 3558 3525 Jura
3591 3490 3681 3542 per

2119 3535 2333 3607 genium
2377 3534 2668 3607 Czesaris;_
2695 3555 2712 3585 ι
2749 3534 2865 3607 ride
2906 3538 3101 3592 Euseb.
3149 3534 3286 3592 Hist.
3334 3542 3456 3594 cccl.
3489 3534 3677 3607 Ιιιι.ἰν,

2118 3620 2236 3672 cap.
2272 3604 2356 3676 I__.‘_i,
2395 3616 2449 3676 et
2488 3605 2854 3676 Nicephalib.
2883 3624 2973 3669 ιιι,
3003 3623 3122 3676 cap.
3167 3611 3270 3674 55;
3302 3612 3396 3664 sed
3424 3627 3525 3665 nec
3557 3604 3678 3665 san;

2117 3683 2238 3725 etus
2281 3673 2366 3748 ille
2388 3675 2495 3748 _vir,
2542 3689 2643 3748 nec
2682 3675 2768 3748 alii
2800 3673 3226 3731 Christianorum
3259 3673 3407 3734 hanc
3435 3682 3678 3748 impieta-

2119 3750 2226 3819 tem
2259 3743 2542 3797 admisere.
2585 3744 2841 3819 [lationes
2871 3748 3209 3819 gravissimas
3237 3751 3391 3803 allert
3423 3743 3674 3819 Origenes

2245 3825 2356 3894 νιιι,
2391 3824 2568 3904 cqnlra
2601 3813 2824 3898 Celsum,
2853 3810 3046 3904 131,65;
3071 3818 3251 3887 Τύχην
3285 3820 3380 3904 μέν
3410 3837 3489 3871 τοι
3518 3810 3669 3888 ’βασι-

2117 3879 2252 3956 λέῆως
2287 3882 2386 3956 οῦκ
2425 3883 2685 3956 ὀμνύμεν,
2717 3885 2790 3956 ὡς
2830 3886 2936 3937 οὐδ’
2965 3886 3120 3939 ἄλλον
3153 3879 3506 3956 νομιζόμενον
3523 3879 3672 3942 Ὀεόν.

2092 3948 2242 4002 Ἐἴτε
2275 3950 2401 4018 γὰρ,
2429 3948 2503 4013 ὡς
2529 3953 2814 4019 ὼνὸμασάν
2857 3971 3017 4015 τινες.
3050 3948 3254 4024 ἐκφορᾶ
3288 3948 3442 4021 μόνον
3471 3961 3613 4012 ἐστὶν
3643 3961 3677 4023 ἡ

2114 4025 2250 4095 τύχη
2287 4025 2485 4096 ὁμοίως
2509 4025 2728 4096 δοκήσει
2765 4027 2858 4096 καὶ
2884 4024 3185 4096 διαστάσει,
3215 4026 3312 4077 οὐκ
3349 4026 3592 4096 ὀμνυμεν
3627 4026 3683 4096 τὸ

2121 4094 2383 4166 μηδαμῶς
2428 4094 2493 4166 ὃν
2511 4096 2584 4158 ὡς
2613 4094 2768 4166 Θεὸν,
2809 4095 2841 4166 ἢ
2876 4095 3010 4166 ὅλως
3029 4096 3333 4166 ὑφεστηκὸς
3352 4094 3394 4166 ,ί
3415 4096 3508 4148 καὶ
3531 4095 3683 4166 δυνά-

2661 4165 2749 4235 ἵνα
2787 4139 2860 4234 at
2892 4139 3280 4235 scema
3307 4139 3574 4235 ξύναιμιν.
3605 4165 3681 4235 εις

2116 4232 2151 4318 ξ
2188 4234 2384 4318 μὴδεῖ2
2415 4232 2957 4318 παραλαμ-ϐάχωμενί
2993 4232 3098 4318 εἴτε
3131 4232 3260 4318 καὶ,
3297 4232 3542 4318 ὧςτισιν
3570 4233 3679 4285 ἕδο-

2119 4302 2206 4368 ξεν
2235 4302 2468 4368 εἰποῦσι,
2493 4302 2574 4356 ὅτι
2599 4302 2692 4356 τοῦ
2731 4303 3011 4372 Ῥωμαίων
3038 4302 3300 4371 βασιλέως
3339 4305 3429 4356 τὸν
3456 4303 3683 4372 δαίμονα

2117 4375 2340 4444 ὀμνῦσιν
2384 4375 2432 4425 οἱ
2475 4375 2572 4444 τὴν
2617 4373 2785 4443 τύχην
2816 4371 2994 4444 *αὑτοῦ
3019 4372 3353 4444 Μόμνύοντες,
3417 4371 3684 4444 δαιμόνων

2119 4441 2266 4496 ἐστὶν
2295 4447 2326 4511 ἡ
2355 4441 2904 4512 ὀνομαζομένηήτύχη
2949 4441 3042 4512 τοῦ
3073 4442 3352 4512 βασιλέως·
3393 4443 3486 4495 καὶ
3505 4441 3685 4512 ,οὕτως

2119 4514 2379 4566 θανατέον
2428 4514 2543 4583 ἐστὶ
2596 4511 2970 4583 μᾶλλονίὴμίν
3021 4511 3160 4583 ὑπὲρ
3210 4511 3315 4583 τοῦ
3365 4513 3439 4582 μὴ
3491 4511 3684 4582 ὀμόσαι

2125 4583 2393 4652 μοχθηρὸν
2445 4581 2672 4650 δαίμονα
2736 4582 2829 4652 καξι
2890 4581 3138 4632 ἄπιστονζ
3202 4601 3219 4632 ι
3275 4581 3460 4648 Neque
3525 4581 3684 4652 etiam

1721 4665 1792 4731 ε’(
1839 4651 2014 4731 [ξιίιιιιι
2048 4665 2093 4718 ι)
2124 4651 2568 4731 per__l'0t'ttt_nai_u_
2615 4656 2755 4719 regis
2806 4651 3051 4731 juramus
3079 4690 3094 4712 ,
3155 4667 3328 4731 neque
3379 4667 3474 4721 per
3521 4651 3683 4702 aliuut

2121 4720 2186 4774 ex
2235 4722 2302 4774 iis
2349 4721 2438 4786 qui
2493 4720 2568 4772 dii
2632 4723 2923 4773 habentur.
2995 4721 3122 4772 Sive
3185 4720 3384 4779 enim,
3428 4730 3486 4773 ut
3548 4737 3685 4772 non-

2121 4791 2286 4844 nuIlis
2342 4789 2587 4856 placuit,
2653 4789 2870 4842 fortuna
2959 4791 3032 4842 sit
3131 4790 3270 4843 nuda
3348 4790 3684 4854 enuntiatio,

2116 4859 2564 4926 quemadmodum
2597 4861 2778 4926 opinio
2817 4869 2872 4911 et
2919 4859 3324 4927 discrepantia;
3379 4875 3484 4913 non
3527 4859 3684 4927 jura-

2116 4946 2233 4982 mus
2260 4943 2354 4996 per
2389 4929 2439 4980 id
2485 4931 2625 4994 quod
2665 4943 3001 4996 nequaquam
3044 4930 3259 4981 exsistit
3307 4939 3564 4994 tanquam
3589 4943 3687 4997 per

2118 4999 2307 5062 Deum,
2337 5006 2432 5049 aut
2461 4998 2613 5064 quasi
2642 5013 2736 5064 per
2766 4999 2817 5051 id
2850 4998 2992 5065 quod
3043 5012 3228 5050 revera
3261 4998 3480 5052 exsistit
3505 5009 3556 5052 ct
3589 4998 3688 5050 ali-

2117 5069 2250 5136 quid
2290 5074 2481 5136 potest,
2514 5081 2578 5119 ne
2613 5083 2709 5135 per
2741 5084 2802 5122 ea
2847 5083 2942 5135 per
2978 5081 3098 5134 qua:
3144 5082 3247 5121 non
3287 5076 3500 5136 oportet
3535 5067 3686 5135 jure-

2117 5154 2273 5201 ntus;
2332 5137 2446 5190 sive
2501 5137 2550 5189 id
2594 5139 2736 5205 quod
2790 5146 3013 5190 vocatur
3047 5136 3258 5190 fortuna
3304 5137 3354 5191 in
3388 5138 3686 5190 daamonum

2118 5222 2346 5261 numero
2394 5217 2718 5275 reponatur,
2778 5207 2919 5275 quod
2975 5205 3298 5272 quihusdam
3353 5207 3526 5258 visum
3583 5215 3686 5268 est,

2119 5277 2384 5330 aientibus
2422 5292 2516 5345 per
2561 5277 2902 5342 imperatoris
2943 5275 3687 5340 Romanidacmouemjurari,

2124 5361 2248 5402 cum
2276 5360 2372 5415 per
2402 5349 2518 5413 ejus
2552 5347 2821 5398 fortunam
2857 5347 3106 5411 juratur;
3137 5357 3190 5400 et
3230 5347 3330 5399 hoc
3365 5346 3524 5398 modo
3552 5345 3688 5415 mori

2125 5414 2286 5471 nobis
2309 5418 2485 5482 potius
2511 5425 2618 5478 est,
2660 5431 2821 5484 quam
2847 5417 3034 5484 jurare
3073 5429 3169 5481 per
3209 5415 3406 5468 malum
3443 5425 3497 5484 et
3527 5414 3688 5484 perii.

2125 5487 2248 5540 dum
2303 5486 2623 5539 daemonem.
2691 5504 2709 5534 ι
2761 5483 2893 5538 Iline
2947 5483 3312 5538 'I'ertullianus
3369 5483 3687 5553 Apologetic.

2124 5571 2246 5623 cap.
2283 5557 2390 5608 δὶς
2427 5573 2443 5605 ι
2481 5555 2783 5618 Daemonas,
2832 5555 2884 5608 id
2915 5562 2996 5606 est
3032 5555 3244 5622 genios,
3271 5553 3523 5621 adjurare
3555 5567 3686 5623 con-

2126 5621 2420 5689 suevimus,
2448 5634 2508 5676 ut
2536 5625 2654 5678 illos
2679 5626 2744 5677 de
2771 5621 3077 5678 hominibus
3111 5626 3419 5692 exigamus;
3455 5638 3558 5674 non
3593 5621 3685 5674 de-

2121 5697 2325 5763 ierare,
2374 5704 2431 5748 ut
2474 5694 2578 5749 illis
2598 5697 2872 5766 honorem
2907 5693 3206 5747 divinitatis
3252 5693 3618 5748 conferamus.
3657 5708 3676 5738 ο
