3974 6160
176 340 183 345 ⁹
223 265 333 320 διδ

1363 276 1815 333 EXHORTATIO
1853 277 1945 331 AD
1983 277 2419 333 MARTYRIL‘M.

3382 277 3484 331 57a

221 396 422 454 δώσετε
455 395 609 465 λόγον
638 395 697 448 ἐν
733 396 917 466 ἡμέρᾳ
944 395 1194 465 κρίσεως.
1240 417 1256 447 ι
1289 397 1383 460 Τίς
1403 398 1512 470 γὰρ
1541 397 1697 462 ἄλλος
1729 396 1812 451 ού-

1937 399 2081 470 379
2124 399 2350 470 alicujus
2387 397 2608 466 jurare?
2660 395 2810 448 Tunc
2852 393 3016 448 etiam
3063 393 3116 448 in
3166 393 3485 448 memoriam

230 507 333 553 τως
363 487 531 558 ἀργὸς
575 487 751 554 λόγος,
779 487 855 550 ὡς
905 490 933 540 ὁ
961 488 1016 538 ἐν
1047 489 1272 558 ἀρνήσει
1311 490 1511 559 ὃρκος;
1555 491 1808 561 οὐδαμῶς

230 580 334 652 γὰρ
377 579 776 650 προσκυνητέον
822 578 889 631 τὰ
920 579 1212 649 κτίσματα,
1255 581 1518 651 παρόντος
1564 582 1658 635 τοῦ
1694 584 1811 636 ani-

232 689 414 736 σαντος
442 673 550 743 (70)
577 673 671 725 καὶ
701 671 1049 742 διαρκοῦντος
1080 673 1172 726 καὶ
1204 672 1496 740 φθάνοντος
1540 674 1677 745 πρὸς
1710 674 1810 744 τὴν

231 764 440 816 πάντων
496 763 682 832 εὐχήν.
713 762 822 814 Καὶ
860 761 967 813 οὐδ’
1021 762 1181 824 αὐτός
1214 764 1264 831 γ’
1309 762 1373 816 ἂν
1407 763 1550 815 θέλοι
1582 766 1609 816 ὁ
1658 763 1808 834 ἥλιος

230 853 644 924 προσκυνεῖσθαι
701 851 806 904 ὑπὸ
834 851 941 904 τῶν
987 853 1094 906 ἀπὸ
1123 854 1221 924 τῆς
1248 853 1342 906 τοῦ
1377 853 1510 906 Θεοῦ
1569 855 1806 926 μερίδοςο

229 946 367 1008 εἰκὸς
397 946 475 1010 δὲ,
526 947 608 998 ὃτι
639 943 760 997 οὔτε
794 945 902 997 ἀπὸ
943 946 1103 999 ἄλλου
1143 947 1315 1010 τινός·
1354 947 1488 1000 ἀλλὰ
1537 948 1810 1018 μιμούμε-

229 1056 313 1102 νος
354 1039 442 1091 τὸν
478 1038 719 1090 εἰπόνταο
759 1057 776 1087 ι
818 1036 882 1088 Τί
920 1053 985 1107 με
1017 1036 1193 1104 λέγεις
1219 1037 1422 1106 ἀγαθόν
1453 1039 1602 1108 (7|);
1637 1039 1811 1112 οὐδεὶς

229 1129 423 1199 ἀγαθὸς
454 1131 506 1181 εἰ
555 1130 628 1199 μὴ
662 1125 742 1191 εἷς
774 1130 802 1180 ὁ
826 1127 956 1190 Θεὸς
989 1127 1016 1178 ὁ
1065 1129 1274 1199 Πατήρ·
1319 1148 1336 1180 ι
1375 1129 1618 1200 ὡσπερεὶ
1652 1131 1811 1200 φήσει

229 1222 302 1293 τῷ
341 1225 667 1292 προσκυνεῖν
715 1222 876 1274 αὐτὸν
909 1221 1160 1274 ἐθέλοντι·
1215 1221 1280 1272 Τί
1318 1239 1384 1292 με
1439 1221 1618 1289 λέγεις
1646 1221 1811 1285 Θεόν;

231 1309 321 1377 Εἷς
346 1317 458 1367 ἐστι
497 1312 630 1376 Θεὸς
657 1312 926 1383 ἀληθινός·
963 1312 1058 1365 καὶ
1081 1311 1132 1364 τί
1171 1329 1236 1382 με
1263 1315 1618 1384 προσκυνεῖς;
1661 1331 1678 1362 ι
1704 1311 1816 1364 Κύ-

234 1423 342 1478 ριον
365 1406 472 1477 γὰρ
504 1407 598 1459 τὸν
630 1405 761 1458 Θεὸν
803 1421 895 1457 σου
933 1403 1334 1474 προσκυνήσεις
1367 1403 1461 1455 καὶ
1497 1402 1644 1472 αύτῷ
1672 1402 1817 1473 μόνῳ

231 1498 564 1570 λατρεύσεις.
607 1517 626 1548 ι
651 1495 881 1566 Γενητὸς
907 1497 1021 1566 εἰμι
1067 1493 1240 1564 κάγώ·
1275 1495 1327 1547 τί
1364 1494 1542 1564 βούλει
1577 1512 1818 1564 προσκυ-

232 1593 337 1643 νεῖν
367 1589 459 1643 τὸν
486 1589 930 1661 προσκυνοῦντα;
965 1585 1122 1654 κάγὼ
1135 1585 1336 1657 γὰρτῷ
1367 1585 1488 1657 Θεῷ
1520 1585 1615 1640 καὶ
1645 1585 1819 1655 Πατρὶ

232 1679 525 1753 προσκυνῶ
563 1680 656 1734 καὶ
703 1679 948 1751 λατρεύω
984 1679 1116 1748 (72),
1165 1679 1259 1732 καὶ
1297 1677 1462 1731 αὑτοῦ
1498 1677 1820 1749 πειθόμενος

232 1776 342 1836 τοῖς
395 1773 756 1843 ἐπιτάγμασι,
809 1791 826 1823 ι
883 1775 947 1843 τῇ
1009 1771 1325 1843 ματαιότητι
1383 1790 1402 1822 ›
1450 1770 1820 1841 ὑποτέταγμαι

239 1881 258 1914 ι
287 1863 372 1918 διὰ
395 1863 488 1917 τὸν
523 1861 869 1928 ὑποτάξαντα
909 1861 993 1914 ἐπ’
1022 1860 1214 1913 ἐλπίδι·
1268 1879 1286 1911 ι
1330 1859 1423 1913 καὶ
1455 1846 1834 1932 ἐλευθερωθὴ.¹

239 1973 397 2026 σομαι
445 1975 464 2008 ι
523 1955 629 2010 ἀπὸ
655 1955 754 2025 τῆς
786 1953 1026 2016 δουλείας
1053 1953 1149 2023 τῆς
1205 1953 1432 2024 φθορᾶς,
1477 1973 1494 2005 ι
1529 1954 1622 2006 καὶ
1663 1951 1825 2014 αὐτὸς

237 2048 580 2118 ἐνδεδεμένος
631 2045 851 2118 φθαρτῷ
891 2042 1124 2116 σώματι,
1182 2065 1199 2095 ι
1255 2048 1334 2109 εἰς
1374 2046 1472 2117 τὴν
1513 2043 1825 2116 ἐλευθερίαν

239 2138 335 2210 τῆς
361 2139 521 2210 δόξης
536 2137 641 2192 τῶν
668 2138 873 2192 τέκνων
906 2135 1001 2190 τοῦ
1032 2134 1189 2190 Θεοῦ.
1232 2155 1250 2186 ›

309 2313 470 2367 Ἔστι
502 2314 866 2386 προσδοκῆσαι
899 2315 992 2370 καὶ
1026 2312 1128 2383 τῆς
1160 2312 1414 2375 ἀσεὸεἱας
1458 2313 1578 2366 τινὰ
1615 2313 1827 2384 προφή-

235 2418 356 2474 την,
390 2405 534 2476 τάχα
561 2406 658 2476 οὐχ
689 2405 806 2466 ἕνα,
851 2405 984 2459 ἀλλὰ
1027 2404 1295 2468 πλείονας.
1333 2405 1671 2476 Λαλήσονται
1695 2410 1828 2477 ἡμῖν

311 2521 334 2553 ⁸
367 2521 563 2577 Matth.
598 2538 696 2583 xu,
721 2521 810 2575 56.
884 2521 905 2552 ⁵
934 2519 1064 2577 Luc.
1092 2536 1246 2584 xvm,
1279 2522 1361 2577 l9.

239 2641 533 2695 Sublatum
576 2653 695 2692 esse
735 2652 831 2706 per
857 2637 1214 2705 imperatores
1246 2637 1588 2694 Christianos
1633 2641 1822 2707 genio-

243 2723 368 2763 rum
399 2723 597 2761 nomen
644 2717 698 2760 et
727 2707 957 2772 cultum,
990 2708 1113 2761 inde
1149 2708 1336 2779 liquet,
1374 2710 1518 2777 quod
1567 2709 1822 2779 frequens

244 2779 382 2833 illttd
419 2787 664 2850 veterum
703 2777 1410 2850 nummorumsymbolum,
1441 2783 1600 2848 genio
1639 2777 1822 2850 Augu-

243 2850 338 2919 sti,
371 2849 533 2919 genio
560 2847 805 2919 Ctesaris,
849 2847 1009 2919 genio
1062 2847 1640 2919 imperatoris,’genio
1693 2847 1819 2919 pop.

245 2917 505 2990 immani,
538 2918 604 2970 ab
639 2917 1347 2990 imperatoribusethnicis,
1372 2927 1534 2990 atque
1559 2917 1827 2990 imprimis

247 2987 606 3052 Diocletiano,
639 2985 985 3051 Maximiano,
1044 2986 1365 3052 Maximino,
1405 2985 1651 3052 Severo;
1683 2989 1826 3044 Con-

249 3058 512 3128 stantino,
559 3067 691 3120 etc.,
731 3055 932 3128 ubique
981 3059 1326 3128 usurpatum.
1366 3059 1418 3112 in
1473 3061 1820 3128 sequentium

249 3109 690 3197 Christianorum.
725 3109 1032 3194 principum
1061 3109 1326 3180 nummis
1852 3109 1896 3166 θ

251 3207 392 3252 reat.
435 3195 544 3251 Nec
601 3197 760 3250 desiit
812 3210 976 3264 prava
1028 3197 1380 3264 consuetudo,
1431 3195 1593 3253 etiam
1628 3195 1831 3255 abelito

254 3266 425 3320 ferme
462 3267 792 3336 gentilismo,
821 3267 1034 3330 jurandi
1096 3267 1179 3320 vel
1238 3286 1256 3318 ι
1299 3283 1393 3336 per
1433 3269 1616 3332 vitam,
1667 3289 1686 3321 ι
1745 3271 1828 3323 vel

258 3355 276 3388 ι
313 3351 409 3406 per
431 3339 740 3408 salutem,»
771 3336 897 3408 velt
930 3353 1026 3402 per
1049 3346 1213 3404 caput
1238 3357 1256 3388 ι
1289 3350 1654 3407 regumatque
1683 3339 1830 3408 prin-

253 3409 455 3479 ciputn.
491 3409 641 3460 Ahen
677 3407 812 3459 Ezra
850 3406 927 3479 de
964 3408 1188 3475 antiquo
1219 3423 1368 3462 more
1398 3427 1409 3462 :
1459 3428 1476 3460 ι
1519 3406 1578 3463 Si
1605 3406 1725 3478 quis
1748 3410 1835 3479 ju-

254 3478 453 3531 raverit
489 3492 585 3545 per
622 3486 788 3543 caput
822 3478 986 3545 regis,
1018 3493 1120 3531 nec
1161 3487 1339 3530 ratum
1379 3481 1631 3532 habuerit
1681 3478 1835 3546 jura-

253 3557 497 3600 meutum
524 3563 702 3604 suum,
736 3547 786 3599 id
810 3547 859 3600 ei
891 3546 1124 3614 capitale
1146 3558 1250 3600 est.
1285 3569 1301 3599 ι
1335 3547 1431 3602 llic
1457 3565 1576 3603 mos
1619 3550 1833 3603 obtinet

254 3616 526 3685 hodieque
556 3617 608 3670 itt
639 3615 896 3686 ngypto.
928 3635 946 3668 ι
981 3617 1134 3684 Quod
1170 3618 1211 3670 si
1249 3619 1458 3672 dederit
1491 3621 1669 3687 pondo
1690 3620 1834 3682 auri,

255 3702 358 3740 non
403 3687 690 3750 liberatur,
735 3687 861 3754 quia
896 3687 1100 3756 sprevit
1132 3702 1311 3755 regem
1352 3689 1549 3756 palam.
1585 3708 1604 3740 ι
1647 3689 1836 3756 Balsa-

256 3771 374 3826 inon
403 3757 458 3810 in
491 3772 612 3826 can.
639 3757 709 3810 82
732 3754 1004 3811 Basilii‘ad
1030 3754 1376 3823 Amphiloch.
1401 3775 1520 3826 pag.
1551 3759 1719 3812 10l‘2:
1747 3754 1839 3810 Εἷ-

254 3823 339 3900 ρον
380 3825 648 3900 ἀγράφως
677 3827 1004 3900 ὀμόσαντας-
1028 3828 1109 3900 εἰς
1146 3826 1244 3897 τὴν
1285 3823 1528 3900 κεφαλὴν
1560 3829 1654 3882 τοῦ
1679 3829 1836 3900 βασι-

255 3893 404 3968 λέως,
431 3893 546 3950 καὶ
578 3893 789 3968 πικρῶς
817 3893 1248 3968 κολασθένταςξι
1282 3893 1397 3950 Vidi
1431 3893 1521 3966 qui
1556 3893 1838 3953 sine-scri-

258 3967 362 4033 ptis
384 3982 482 4036 per
516 3967 1410 4036 caputimperatorisiuraverant,
1443 3973 1644 4022 acriter
1671 3970 1839 4023 fuisse

257 4041 584 4108 castigatos.
623 4054 641 4087 ι
699 4037 856 4105 Unde
902 4037 1256 4108 interdictum
1292 4038 1496 4108 Caroli
1556 4039 1731 4108 Magni
1783 4041 1835 4091 in

258 4105 522 4174 Capitul.,
555 4106 648 4177 lib.
683 4121 850 4177 lll,rc.
888 4107 975 4166 42,
1015 4126 1032 4155 ι
1089 4117 1155 4177 ut
1194 4107 1371 4159 nullus
1407 4105 1699 4177 prmsuntnt
1745 4123 1839 4177 per

259 4177 420 4246 vitam
469 4175 616 4246 regis
650 4185 702 4230 et
731 4176 964 4230 liliorum
997 4177 1116 4246 ejus
1141 4176 1350 4243 jurare.
1390 4175 1419 4229 ί
1457 4177 1704 4231 Juratum
1746 4175 1841 4231 'est

262 4245 445 4301 itidem
491 4263 510 4295 ι
546 4245 642 4314 per
671 4247 930 4316 principis
966 4245 1402 4316 reuelationem;
1436 4267 1453 4298 ι
1493 4248 1585 4301 lib.
1625 4263 1684 4309 ιι,
1715 4251 1836 4300 cod.

261 4315 326 4368 de
381 4318 538 4387 rebus
587 4314 868 4387 creditis:
925 4319 1066 4386 quod
1108 4314 1295 4369 Graece
1334 4318 1560 4387 dicitur
1623 4317 1840 4387 ὀμνύειν

262 4386 404 4457 κατὰ
451 4385 740 4456 βασιλέως.
799 4385 912 4457 Qua
944 4385 1036 4440 ’de
1085 4386 1352 4457 re_duo§
1403 4385 1670 4457 habentur
1699 4388 1839 4454 apud

1446 2523 1466 2553 ⁸
1490 2522 1650 2578 Deut.
1687 2540 1761 2590 vt,
1794 2525 1881 2579 13.

1915 494 2276 546 revocandum
2311 500 2395 545 est
2417 489 2563 544 illud
2596 505 2610 541 :
2649 507 2668 538 ι
2711 486 2786 543 De
2819 487 2963 542 omni
3005 486 3170 541 verbo
3192 484 3366 539 otioso
3397 499 3490 537 ra-

1915 581 2118 637 tionem
2153 582 2390 637 reddetis
2419 580 2472 634 in
2519 577 2814 645 diejudicii
2850 577 2891 629 ’⁵.
2933 596 2952 630 ι
2985 576 3118 642 Quis
3156 574 3300 630 enim
3346 574 3493 629 alius

1913 687 2096 726 Sermo
2123 683 2231 725 tam
2260 672 2470 726 otiosus
2501 679 2608 733 est,
2645 683 2810 737 quam
2833 667 3186 734 conjunctum
3217 664 3494 734 negationi

1905 763 2326 832 jusjurandum?
2352 761 2541 830 Neque
2569 759 2711 812 enim
2759 758 2871 812 ullo
2904 758 3064 812 modo
3103 766 3227 812 sunt
3261 757 3496 809 adoran-

1914 858 1995 910 da:
2049 865 2318 910 creatura:
2368 855 2626 907 Creatore
2684 861 2978 920 praesente,
3023 857 3078 904 et
3134 850 3202 904 ad
3249 849 3495 903 omnium

1915 960 2104 1014 preces
2134 942 2453 1005 sulIiciente,
2490 943 2598 994 imo
2625 956 2717 994 eas
2759 942 3148 1010 praeveniente.
3179 940 3260 995 Ac
3288 955 3356 995 ne
3383 939 3500 1009 ipse

1915 1039 2132 1108 quidem
2183 1038 2296 1107 ipse
2329 1037 2490 1088 vellet
2521 1035 2738 1089 adorari
2776 1034 2855 1088 sol
2907 1034 2974 1088 ab
3023 1035 3109 1089 his
3151 1034 3242 1104 qui
3289 1048 3356 1088 ex
3406 1035 3499 1089 Dei

1915 1141 2069 1204 parte
2100 1141 2263 1195 sunt;
2296 1144 2395 1183 nec
2425 1129 2492 1181 ab
2520 1127 2626 1182 ullo
2668 1127 2775 1181 alio
2807 1128 3022 1182 adorari
3054 1126 3190 1180 velle
3221 1126 3503 1195 probabile

1916 1232 2026 1286 est,
2064 1221 2157 1276 sed
2207 1220 2358 1274 illum
2393 1219 2636 1272 imitatus
2679 1217 2766 1286 qui
2800 1217 2968 1270 dixit:
3012 1234 3031 1266 ι
3072 1215 3207 1280 Quid
3240 1229 3327 1268 me
3368 1215 3504 1268 dicis

1917 1311 2156 1367 bonum?
2182 1324 2339 1363 nemo
2371 1311 2542 1364 bonus
2568 1309 2670 1363 nisi
2703 1308 2849 1363 solus
2872 1308 3009 1360 Deus
3030 1305 3192 1361 Pater
3215 1307 3256 1370 ⁸,
3294 1325 3312 1356 ι
3346 1306 3500 1374 quasi

1918 1404 2060 1458 dicet
2105 1404 2150 1455 ιτὶ
2188 1405 2280 1471 qui
2315 1416 2374 1455 se
2424 1400 2658 1454 voluerit
2712 1398 2940 1452 adorare
2981 1397 3156 1466 :quid
3221 1411 3307 1450 me
3366 1397 3503 1450 dicis

1919 1494 2130 1548 Deum?
2179 1491 2327 1547 Unus
2376 1500 2458 1544 est
2493 1490 2630 1544 Deus
2666 1505 2861 1554 verus;
2894 1500 2948 1544 et
2993 1489 3119 1558 quid
3155 1503 3239 1542 me
3268 1487 3504 1541 adoras?

1925 1603 1944 1637 ι
1971 1584 2258 1640 Dominum
2289 1602 2307 1634 ι
2343 1583 2486 1637 enim
2525 1600 2542 1633 ι
2575 1581 2736 1636 Deum
2773 1590 2920 1634 tuum
2943 1578 3194 1634 adorabis
3215 1579 3384 1648 etipsi
3403 1578 3506 1634 soli

1921 1678 2127 1734 servies
2153 1678 2208 1742 ⁶;
2239 1696 2258 1729 ι
2292 1675 2466 1730 factus
2499 1682 2554 1729 et
2593 1673 2706 1744 ipse
2734 1688 2852 1727 sum
2883 1687 2898 1726 :
2932 1672 3061 1741 quid
3103 1686 3227 1727 eum
3259 1671 3346 1725 vis
3376 1670 3507 1725 ado-

1927 1785 2048 1825 rare
2083 1769 2172 1840 qui
2203 1767 2436 1822 adorat?
2474 1781 2598 1820 nam
2637 1783 2736 1836 ego
2787 1779 3002 1834 quoque
3042 1765 3206 1819 adoro
3233 1773 3289 1818 et
3325 1763 3507 1818 servio

1922 1864 2033 1917 Deo
2059 1869 2115 1916 et
2153 1859 2325 1923 Patri,
2354 1869 2409 1914 et
2440 1857 2610 1926 ipsius
2637 1856 2919 1926 prrcceptis
2948 1853 3210 1909 obediens
3240 1873 3260 1906 ι
3297 1853 3510 1907 vanita-

1923 1953 1958 2006 ti
1999 1951 2276 2021 subjectus
2315 1969 2333 2002 ι
2392 1964 2510 2003 sum
2554 1969 2570 1999 ι
2619 1955 2836 2016 propter
2870 1961 2995 2000 eum
3035 1946 3128 2015 qui
3178 1946 3410 2014 subjecit
3455 1945 3508 2000 in

1919 2059 2036 2114 spe,
2084 2062 2102 2095 ι
2138 2052 2190 2096 et
2223 2041 2438 2096 vinctus
2469 2040 2582 2108 ipse
2604 2037 2945 2106 corruptibili
2971 2053 3200 2106 corpore
3235 2037 3511 2091 liberabor

1927 2156 1947 2189 ι
1977 2152 2005 2190 a
2031 2137 2296 2190 servitute
2338 2132 2703 2202 corruptionis
2731 2130 2785 2184 in
2815 2129 3119 2186 libertatem
3155 2128 3343 2200 gloria:
3371 2128 3510 2182 lilio.

1929 2241 2048 2280 rum
2073 2225 2161 2278 Dei
2189 2225 2233 2279 ⁷.
2275 2243 2294 2276 ι

2003 2317 2056 2370 8.
2101 2315 2510 2384 Exspectandus
2533 2314 2698 2369 etiam
2725 2323 2809 2369 est
2833 2313 3030 2384 aliquis
3059 2312 3352 2383 impietatis
3385 2327 3514 2382 pro—

1935 2410 2134 2478 pheta;
2161 2407 2301 2462 forte
2333 2420 2435 2460 nec
2462 2422 2622 2472 unus,
2657 2408 2752 2462 sed
2779 2405 2981 2476 plures.
3014 2405 3330 2476 Loquentur
3357 2403 3514 2458 nobis

1955 2525 1975 2556 "
2008 2524 2164 2578 Rom.
2200 2540 2320 2588 vttt,
2348 2523 2441 2588 20,
2467 2523 2560 2582 21.

1926 2656 2026 2695 vos
2056 2641 2265 2709 plenius
2289 2640 2506 2708 juretur
2531 2649 2584 2694 et
2606 2641 2672 2710 de
2699 2641 2809 2694 Deo
2848 2639 3093 2694 sileatur.
3122 2637 3259 2694 Nam
3287 2648 3342 2694 et
3366 2640 3515 2710 prio-

1929 2712 2082 2765 ribus
2110 2711 2343 2773 sazculis,
2373 2719 2431 2763 ut
2473 2709 2668 2777 templa
2707 2710 3110 2764 fabricat-eatur
3137 2720 3192 2766 et
3221 2709 3377 2764 idola
3412 2711 3515 2763 lie-

1929 2789 2071 2842 rent,
2099 2779 2230 2848 quid
2257 2789 2438 2833 vestro
2458 2779 2655 2847 populo
2683 2780 2932 2834 diabolus
2963 2781 3138 2849 potuit
3175 2781 3408 2848 amplius
3435 2781 3519 2834 fa-

1931 2851 2098 2904 cere?
2131 2871 2149 2902 ι
2191 2852 2581 2907 Wmsremus.

2002 2918 2116 2990 (70)
2159 2919 2443 2990 οὐδαμῶς
2471 2923 2584 2987 γὰρ
2631 2920 3088 2990 προσκυνητέον
3115 2921 3188 2975 τὰ
3217 2919 3516 2988 κτίσματα

1929 2988 2229 3058 παρόντος
2272 2989 2379 3043 τοῦ
2414 2990 2757 3054 κτίσαντος.
2792 2988 2908 3042 Non
2936 2991 3154 3060 dubium
3186 2990 3316 3059 quin
3347 3006 3517 3060 προσ-

1929 3060 2156 3130 κύνησις
2173 3060 2425 3115 omnibus
2443 3060 2665 3130 omnino
2687 3059 3048 3115 creaturis'sit
3067 3061 3376 3128 deneganda
3394 3059 3517 3114 cum

1932 3129 2169 3187 sumitur
2193 3146 2289 3198 pro
2319 3139 2550 3183 externo
2584 3129 2731 3182 cultu
2775 3145 2884 3198 quo
2913 3145 3227 3198 supremum
3273 3131 3350 3184 rei
3393 3145 3518 3198 quae

1933 3202 2320 3271 προσκυνεῖται
2346 3200 2397 3253 ἰιι
2431 3213 2526 3254 nos
2558 3199 2844 3271 imperium
2870 3200 3204 3268 agnoscitur.
3235 3200 3433 3254 Verum
3465 3201 3518 3252 in

1935 3269 2080 3324 netis
2103 3273 2169 3323 ad
2196 3286 2484 3323 numerum
2507 3269 3030 3338 praecedentemjam
3050 3271 3400 3324 observatum
3434 3278 3521 3323 est

1933 3339 2301 3412 προσκύνησιν
2336 3355 2441 3393 non
2474 3354 2690 3407 semper
2723 3351 2829 3412 tam
2870 3341 3060 3412 stricto
3089 3355 3253 3412 sensu
3287 3355 3519 3412 usurpa-

1937 3408 2005 3476 ri,
2046 3412 2140 3464 sed
2163 3408 2432 3465 interdum
2464 3425 2525 3463 ea
2554 3423 2687 3460 voce
2710 3410 2954 3462 denotari
2981 3410 3286 3477 simplicem
3315 3408 3519 3462 cultum

1936 3480 2163 3535 honoris
2186 3491 2239 3533 et
2268 3478 2632 3534 observantia:
2656 3493 2782 3545 erga
2810 3478 3034 3546 angelos
3055 3489 3104 3531 et
3135 3488 3354 3533 sanctos
3377 3478 3524 3531 \‘il'uS

1939 3567 2044 3604 non
2072 3561 2327 3616 tanquam
2359 3549 2605 3603 dominos
2638 3557 2694 3601 et
2720 3549 2982 3601 bonorum
3017 3548 3524 3601 ccelestiumaucm-

1938 3619 2156 3690 res,jsed
2179 3629 2434 3690 tanquam
2457 3618 2660 3690 amicos
2689 3617 3051 3690 Dei,_quoru_tn
3074 3633 3170 3685 pro
3195 3617 3350 3671 nobis
3381 3617 3523 3690 apud

1940 3684 2119 3758 ipsum
2149 3684 2474 3742 intercessio
2494 3687 2720 3758 multum
2744 3687 2938 3738 valeat.
2971 3684 3262 3758 ilocsensu
3286 3684 3525 3757 προσκύ-

1939 3756 2094 3831 νησιν
2126 3758 2458 3831 hominibus,
2498 3756 2704 3831 angelis
2731 3766 2784 3808 ct
2814 3756 3020 3831 sanctis
3055 3756 3297 3831 Ecclesia
3333 3756 3520 3831 (Bucca

1939 3826 2128 3883 multis
2170 3828 2370 3880 abhinc
2416 3827 2632 3882 saeculis
2674 3828 2942 3879 concedit.
2982 3826 3164 3895 Neque
3191 3827 3402 3880 alienus
3453 3827 3522 3878 ab

1938 3898 2202 3968 ejusmodi
2238 3897 2606 3968 προσκυνήσει
2633 3898 2900 3968 putandus
2928 3897 3291 3968 cstOrigeues
3320 3897 3521 3968 quippe

1939 3965 2032 4040 qui
2067 3965 2420 4040 librique-lavo
2452 3965 2637 4040 contra
2670 3965 2905 4040 Celsum,
2935 3983 3081 4020 num.
3216 3967 3283 4020 de
3312 3967 3520 4040 angelis

1939 4036 2115 4093 dicat:
2156 4036 2764 4109 Εύφημοῦμεν-αὑτους
2809 4039 2901 4088 καὶ
2937 4036 3315 4109 μακαρξζομεν
3341 4037 3520 4109 ἐγχει-

1943 4109 2225 4180 ρισθέντας
2250 4103 2359 4161 ’ὑπὸ
2384 4103 2476 4180 τοῦ
2517 4105 2662 4180 ΔΘεοῦ
2685 4107 2752 4180 τᾶι
2787 4103 3031 4180 χρήσιμα
3069 4103 3147 4180 τῷ
3176 4103 3320 4180 γένει
3345 4103 3522 4180 ἡμῶν,

1940 4175 2000 4232 ού
2025 4180 2130 4250 μὴν
2160 4178 2256 4249 τὴν
2276 4177 2628 4250 όφειλομένην
2659 4177 2794 4246 πρὸς
2816 4175 3139 4250 *Θεὸντιμὴν
3157 4176 3370 4250 τούτοις
3396 4175 3528 4250 ἁπο-

1941 4245 2195 4320 νέμομεν.
2216 4245 2254 4297 ἰ
2292 4245 2599 4302 Laudamus
2622 4245 2716 4299 eos
2739 4245 3000 4320 et_beatos
3022 4245 3383 4320 praedicamus
3405 4245 3527 4312 qui-

1942 4315 2044 4372 bus
2074 4315 2100 4370 ἐι
2129 4319 2240 4371 Deo
2275 4334 2362 4372 res
2399 4327 2585 4371 nostro
2624 4315 2808 4382 generi
2839 4315 2997 4368 utiles
3024 4315 3332 4367 commissa:
3361 4324 3522 4378 sunt;

1945 4389 2039 4441 sed
2071 4389 2333 4441 honorent
2361 4387 2469 4440 Deo
2488 4386 2726 4439 debitum
2761 4383 2866 4437 illis
2894 4400 3001 4438 non
3035 4385 3321 4438 habemus.
3362 4383 3392 4434 ι’
3422 4383 3522 4437 Ubi

264 4448 744 4528 Harmenopulum,
774 4448 840 4508 inv
859 4453 1304 4528 Proinp1.Juris,
1325 4448 1372 4510 ’1.
1414 4473 1452 4523 1,
1482 4474 1532 4512 c.
1562 4459 1616 4522 7,
1649 4456 1676 4528 §
1706 4448 1763 4511 [9
1789 4468 1844 4511 et
1871 4448 2098 4512 Derides
2127 4457 2195 4528 ab
2218 4457 2660 4528 angelisrtantum
2696 4454 3203 4528 ext-ludiihouorem
3235 4454 3340 4528 Deo
3376 4454 3526 4528 debi-

264 4528 350 4590 20,
377 4543 504 4594 pag.
542 4526 628 4578 75.
677 4527 804 4579 Item
842 4544 859 4576 t
896 4524 992 4593 per
1024 4524 1270 4578 salutem
1324 4524 1671 4596 principum;
1702 4547 1718 4577 ι
1762 4529 1840 4580 uti

266 4607 412 4662 patet
441 4611 514 4650 ex
543 4597 808 4664 rescripto
842 4596 1060 4650 Arcadii
1100 4607 1152 4648 et
1195 4596 1416 4652 Honorii
1462 4601 1627 4665 impp.
1658 4598 1694 4650 Ι.
1731 4612 1842 4660 xm,

269 4665 320 4717 itt
351 4667 455 4719 line
480 4667 605 4736 cod.
636 4666 700 4718 de
725 4669 1074 4720 transaclion.
1116 4667 1205 4718 Sic
1237 4667 1363 4719 olim
1387 4669 1444 4720 (3.
1480 4667 1720 4736 Caligula
1749 4683 1846 4734 per

269 4737 388 4808 equi
420 4734 700 4808 cujusdam
730 4737 810 4788 sui
847 4736 1064 4808 nomine
1097 4737 1302 4808 Inritati
1340 4739 1443 4808 τήν
1480 4754 1538 4789 τε
1569 4734 1844 4808 σὼτηρίαν

270 4805 362 4856 καὶ
393 4804 564 4876 τύχην
584 4805 785 4876 ὤμνυε,
809 4815 941 4860 teste
959 4806 1110 4860 Dion.
1141 4807 1326 4860 Cassio
1352 4804 1577 4860 Nonum.
1602 4804 1732 4861 hist.
1749 4811 1840 4862 lib.

272 4889 380 4946 Litt,
416 4891 539 4943 pag.
581 4877 704 4930 747.
738 4878 1030 4932 Donatista:
1075 4877 1240 4929 etiam
1273 4878 1398 4946 qttid
1433 4877 1704 4946 singulare
1749 4880 1844 4931 ha-

271 4944 493 5011 bebant,
529 4956 712 5015 utpote
741 4961 834 5013 per
866 4963 994 5002 suos
1016 4944 1302 5015 episc0pos
1326 4947 1510 5012 jurare
1529 4944 1696 5004 soliti.
1725 4949 1841 5014 Qua

273 5015 338 5087 de
377 5031 433 5087 re
463 5018 532 5069 ab
563 5021 763 5084 ()plato
803 5017 1112 5070 lililevitano
1139 5018 1332 5071 merito
1353 5020 1619 5070 acerrime
1653 5033 1841 5087 repre-

275 5083 624 5149 lienduntur,’
647 5087 740 5138 lib.
761 5102 798 5137 ιι
827 5089 947 5139 adv.
978 5087 1424 5139 Parntenianum:
1455 5106 1473 5137 ι
1503 5088 1566 5140 Ει
1599 5097 1654 5140 ut
1678 5083 1729 5141 in
1755 5105 1844 5141 er-

276 5168 450 5208 rorem
501 5169 600 5207 vos
645 5167 824 5209 vester
851 5157 1076 5225 populus
1118 5157 1317 5221 mittat,
1349 5157 1616 5210 laudando
1656 5157 1843 5213 felices

275 5225 508 5291 appellat
532 5234 586 5276 et
616 5226 753 5296 bene
788 5229 1047 5296 nominat,
1073 5236 1127 5278 et
1159 5242 1254 5294 per
1281 5242 1376 5280 vos
1405 5229 1610 5295 juraut,
1638 5237 1692 5281 et
1721 5245 1845 5296 per-

278 5308 439 5348 sonas
470 5305 683 5347 vestras
711 5295 821 5359 jam
849 5311 944 5362 pro
967 5295 1078 5348 Deo
1105 5296 1303 5350 habere
1347 5308 1666 5350 noscuntur.
1696 5295 1846 5350 Solet

279 5363 419 5434 Deus
451 5365 518 5416 ad
556 5365 888 5431 probandam
939 5365 1094 5418 Iidem
1121 5366 1173 5416 in
1197 5365 1475 5434 juralione
1510 5367 1578 5418 ab
1611 5368 1847 5420 homini-

281 5432 380 5486 bus
407 5434 720 5498 nominari;
752 5435 847 5488 sed
888 5450 1010 5488 cum
1041 5449 1135 5502 per
1167 5432 1524 5502 vosjuratur,
1557 5435 1669 5502 jam
1706 5438 1845 5503 apud

285 5514 490 5556 vestros
518 5505 587 5561 de
609 5506 720 5560 Deo
754 5513 809 5558 et
841 5503 1061 5559 Christo
1093 5504 1364 5558 silentium
1406 5516 1509 5560 est.
1541 5507 1597 5558 Si
1632 5507 1698 5559 ad
1751 5521 1844 5560 vos

284 5572 462 5626 divina
489 5576 739 5644 migravit
770 5577 835 5630 de
863 5573 1000 5630 cwlo
1039 5573 1244 5640 religio,
1281 5577 1404 5642 quia
1438 5591 1530 5644 per
1565 5591 1660 5631 vos
1689 5576 1844 5643 jura-

285 5646 594 5714 ῐυι-,γιιειιιο
621 5653 856 5699 vestrum
895 5653 986 5697 aut
1018 5653 1320 5714 vestrorum
1368 5647 1642 5714 langueat,
1682 5646 1846 5702 nolite

289 5713 446 5781 mori,
493 5717 753 5784 imperato
803 5714 1052 5784 nubibus,
1086 5713 1255 5784 pluite
1285 5715 1329 5770 si
1364 5713 1609 5786 pozestis,
1652 5727 1708 5770 ut
1751 5731 1844 5786 per

1951 4539 2081 4580 tum.
2126 4524 2396 4580 Praeterea
2442 4525 2660 4580 homilia
2709 4524 2884 4590 prima
2921 4525 2971 4576 in
3010 4524 3350 4578 Ezecliielem
3405 4525 3524 4578 sine

1949 4598 2177 4664 ambage
2226 4596 2477 4665 angelum
2539 4610 2698 4664 prece
2749 4603 3081 4665 veneratur:
3128 4613 3144 4644 ι
3183 4595 3396 4656 Onmia,
3443 4596 3528 4644 in-

1947 4667 2084 4735 quit,
2129 4664 2334 4735 angelis
2382 4666 2536 4734 plena
2583 4673 2725 4718 sunt.
2751 4664 3387 4734 Veni,Angele;suscipe
3409 4679 3526 4717 ser-

1948 4752 2111 4791 mone
2159 4751 2480 4791 conversum
2529 4736 2596 4788 ab
2638 4748 2827 4788 errore
2875 4735 3128 4802 pristino,
3189 4751 3218 4788 a
3279 4737 3524 4788 doctrina

1948 4807 2366 4872 tlmnioniorum,
2408 4807 2476 4860 ab
2512 4807 2800 4874 iniquitate
2844 4804 2896 4856 in
2926 4805 3198 4859 excelsum
3237 4805 3524 4874 loquente;

1948 4877 2252 4944 suscipiens
2276 4893 2398 4930 eum
2431 4877 2588 4944 quasi
2623 4875 2864 4944 medicus
2899 4875 3068 4928 bonus
3100 4875 3328 4929 conl'ove
3364 4887 3526 4943 atque

1947 4948 2192 5070 ἱιιδιίιιὲιέ
2225 4967 2245 4999 ι
2273 4943 2489 5002 Videsis
2514 4946 2607 4999 lib.
2637 4961 2674 4998 ll
2723 4943 3190 5014 Origem'anorunt,
3230 4955 3421 5014 quaest.
3468 4945 3522 5008 5,

1947 5032 2096 5069 num.
2195 5056 2208 5068 .
3267 5059 3275 5068 .

1947 5032 2096 5069 num.
2119 5032 2208 5069 00.
3267 5059 3275 5068 .

2021 5085 2132 5156 (7|)
2164 5087 2226 5140 Τί
2249 5103 2325 5154 με
2359 5085 2554 5156 λέγεις
2586 5085 2838 5156 ἀγαθόν,
2869 5096 2972 5137 etc.
3022 5085 3095 5137 De
3142 5086 3243 5139 hoc
3278 5083 3527 5156 Scriptu-

1948 5155 2326 5279 razlogzsvide
2371 5154 2528 5211 notas
2563 5159 2627 5209 ad
2681 5158 2770 5208 lib.
2816 5155 2889 5208 De
2929 5158 3186 5219 oratione,
3235 5171 3381 5207 num.
3433 5154 3521 5219 15,

1948 5240 2072 5279 nae.
2221 5267 2233 5279 .

1947 5240 2072 5295 pag.
2103 5229 2233 5280 225.

2017 5292 2150 5366 ('72).
2182 5297 2242 5350 Τί
2261 5296 2474 5360 ,ϐούλει
2505 5293 3002 5366 ,ττι-οσκυνεῖνλτὸν
3029 5292 3525 5366 προσκυνοῦντας

1947 5360 2121 5435 κάγώ
2161 5371 2269 5436 γὰρ
2301 5366 2382 5431 τῷ
2437 5360 2558 5432 Θειῖᾶ
2592 5367 2688 5420 καὶ
2716 5363 2899 5436 Ιιατρὶ
2941 5360 3264 5436 ,προσκυνὼ
3295 5361 3394 5436 καὶ
3419 5364 3528 5414 λα-

1946 5433 2372 5504 τρεύω.’8ὶ›ιειιι
2418 5439 2724 5504 loquentem
2771 5433 3420 5504 inducit,quem,_sieut
3469 5439 3525 5484 et

1947 5501 2142 5560 caetera
2186 5519 2335 5560 astra
2384 5501 2587 5564 omnia.
2647 5505 2883 5556 animam
2934 5502 3137 5572 habere
3175 5501 3526 5572 ἐνδεδεμένην

1949 5575 2173 5647 φθαρτῷ
2217 5576 2450 5646 σώματι,
2496 5595 2512 5626 ι
2557 5575 2815 5647 illigatum
2859 5570 3071 5647 corpori
3103 5570 3518 5647 corrttjitibiii,_‘n

1948 5639 2264 5701 I'ton'so'lum
2299 5639 2406 5708 hic,
2429 5647 2521 5698 sed
2559 5643 2758 5710 passim
2787 5641 2841 5691 in
2875 5639 3095 5710 scriptis
3124 5640 3235 5695 suis
3268 5639 3523 5698 tradidit,

1951 5716 2084 5772 Vide
2116 5717 2209 5772 lib.
2249 5732 2288 5771 It
2313 5709 2783 5785 Origenia’ttorum,
2820 5709 3123 5778 quamnunc
3147 5720 3355 5771 octava.
