3974 6160
502 286 610 342 575

1985 280 2308 337 οιιιςΕΝιδ

3668 273 3756 328 576

506 425 527 461 ι
579 418 836 476 tanquam
867 406 1091 461 verbum
1133 404 1342 461 Domini
1366 404 1508 474 quod
1553 420 1656 460 non
1688 404 1940 474 praecepit
1970 404 2074 458 Do-

2182 419 2201 452 ‹
2241 401 2316 465 ὼς
2347 399 2551 472 Κυρίου
2589 398 2757 470 ῥῆμα,
2790 398 2908 452 ὃ.οὐ
2954 395 3274 469 προσέταξε
3308 393 3540 466 Κύριος,
3587 413 3607 444 ι
3640 392 3759 465 ἢὼς

502 498 685 552 minus
712 495 755 560 ⁸,
800 515 819 547 ι
857 507 949 551 aut
990 506 1243 565 tanquam
1294 502 1594 550 sermonem
1623 497 1918 565 sapientiae,
1951 511 2068 551 ser-

503 603 719 642 monem
751 602 780 640 a
810 589 1073 656 sapientia
1113 588 1369 653 alienum,
1412 599 1466 641 ιιι
1500 603 1598 641 nos
1632 587 1922 642 interﬁciat
1948 601 2069 640 ser-

502 692 661 733 mone
695 678 805 732 oris
833 680 935 731 sui.
980 676 1082 731 Sed
1134 694 1250 742 nos,
1301 693 1427 732 eum
1472 678 1779 734 constiterit
1823 687 2072 746 peccator

502 769 787 823 adversum
846 783 964 833 nos,
1020 770 1303 823 dicamus:
1364 787 1384 822 ι
1423 770 1534 840 Ego
1580 780 1760 824 autem
1813 778 2069 838 tanquam

503 861 697 912 surdus
727 872 832 912 non
873 859 1182 923 audiebam,
1207 869 1263 913 et
1292 860 1431 914 sicut
1471 870 1654 914 mutus
1684 875 1788 913 non
1819 862 2071 928 aperiens

500 964 565 1004 os
594 965 769 1015 suum,
796 958 852 1003 et
874 950 1048 1005 factus
1080 966 1197 1005 sum
1224 952 1366 1006 sicut
1397 952 1559 1006 homo
1591 966 1696 1007 non
1723 951 1948 1005 audiens
1976 953 2020 1005 ’.
2045 969 2065 1004 ι

503 1040 789 1095 Pulchrum
817 1053 899 1097 est
928 1043 1069 1095 enim
1104 1040 1169 1094 ad
1196 1042 1390 1111 impios
1420 1056 1695 1097 sermones
1722 1043 2074 1098 obsurdesce-

502 1148 584 1197 re,
617 1133 781 1203 280
801 1149 922 1187 eum
959 1147 1051 1188 eos
1080 1134 1172 1203 qui
1207 1148 1459 1202 perverse
1481 1136 1771 1204 loquuntur
1797 1135 2074 1205 corrigere

503 1220 873 1288 deslieramus.

575 1312 628 1366 9.
662 1312 907 1366 l’rnderit
937 1313 1102 1366 etiam
1137 1314 1292 1368 nobis
1327 1324 1451 1369 tunc
1479 1316 1733 1384 temporis
1760 1332 1881 1372 cum
1908 1317 1973 1372 ad
2008 1333 2072 1374 ea

500 1418 623 1471 quae
674 1402 783 1457 Deo
831 1405 1107 1458 contraria
1166 1416 1293 1460 sunt
1343 1407 1775 1476 provocabimur,
1832 1410 2074 1480 cogitare

503 1492 634 1560 quid
679 1508 774 1546 nos
808 1493 1004 1547 docere
1044 1495 1171 1549 velit
1202 1495 1365 1560 Deus,
1406 1513 1526 1552 cum
1569 1500 1646 1552 ait
1682 1516 1696 1552 :
1742 1519 1761 1551 ι
1806 1500 1918 1570 Ego
1952 1518 2070 1556 sum

503 1585 767 1640 Dominus
800 1586 938 1641 Deus
974 1598 1097 1644 tuus
1127 1588 1331 1645 zelotes
1358 1591 1424 1644 ¹⁰.
1460 1611 1477 1643 ι
1521 1591 1780 1661 Equidem
1815 1594 2070 1660 arbitror,

504 1678 954 1743 quemadmodum
997 1695 1226 1749 sponsus
1246 1682 1337 1751 qui
1369 1698 1621 1750 sponsam
1657 1686 1786 1739 velit
1825 1687 1890 1740 ad
1920 1697 2073 1743 caste

502 1764 790 1819 vivendum
838 1769 1109 1824 adducere
1150 1780 1210 1824 ut
1254 1786 1311 1824 se
1361 1781 1526 1826 totam
1577 1789 1775 1843 sponso
1818 1777 2074 1847 adjungat

502 1854 758 1923 omnique
807 1859 982 1912 studio
1023 1869 1210 1914 caveat
1247 1863 1312 1915 ad
1349 1863 1515 1916 ullum
1546 1880 1605 1918 se
1628 1866 1864 1920 alienum
1899 1867 2072 1922 eﬁun-

504 1944 751 2011 derezis,
777 1946 900 2001 licet
924 1950 1136 2017 sapiens
1166 1951 1256 2015 sit,
1282 1953 1453 2006 zelum
1479 1964 1656 2010 tamen
1688 1970 1797 2025 prae
1828 1972 1886 2010 se
1914 1957 2070 2022 feret,

505 2047 563 2090 ιιι
595 2053 658 2091 ea
705 2037 827 2092 ﬁcta
856 2042 1034 2108 specie
1063 2043 1222 2096 veluti
1258 2046 1655 2100 medicamento
1705 2050 1940 2117 quodam
1990 2049 2075 2103 in-

505 2130 717 2182 ﬁrmum
738 2146 950 2199 sponsa:
971 2134 1206 2187 aninunn
1232 2136 1512 2192 conﬁrmet
1536 2156 1548 2192 :
1576 2139 1656 2193 sic
1682 2139 2072 2209 legislatorem,

507 2220 739 2275 maxime
766 2222 809 2276 si
838 2240 858 2272 ι
905 2224 1292 2293 primogenitus
1329 2246 1347 2278 ι
1384 2239 1643 2297 appareat
1670 2249 1688 2280 ι
1725 2231 1903 2286 omnis
1928 2247 2075 2285 erea-

505 2317 641 2364 tnraa
671 2310 736 2376 η,
778 2330 797 2363 ι
828 2315 895 2367 ad
922 2316 1156 2370 animam
1187 2332 1440 2386 sponsam
1471 2336 1621 2375 suam
1646 2322 1809 2377 Deum
1842 2338 1900 2377 se
1931 2329 2075 2378 zelo-

507 2408 611 2454 tem
641 2416 764 2457 esse
803 2404 1005 2473 dicere,
1040 2417 1100 2462 ut
1141 2410 1234 2478 qui
1275 2411 1326 2464 id
1371 2413 1645 2467 audierint
1684 2429 1778 2468 eos
1826 2416 1893 2470 ab
1925 2417 2071 2472 onmi

502 2506 624 2543 cum
660 2494 940 2551 daemoniis
991 2513 1223 2568 cumque
1273 2501 1338 2555 iis
1389 2502 1483 2571 qui
1530 2503 1785 2558 dicuntur
1826 2520 1947 2561 esse
1975 2507 2068 2569 dii.

501 2578 859 2639 fornicatione
913 2587 1205 2643 deterreat.
1241 2591 1421 2660 Atque
1454 2602 1514 2647 ut
1568 2594 1707 2650 Deus
1761 2597 1832 2651 ita
1868 2598 2072 2653 zelotes

501 2670 581 2723 ait
606 2672 673 2727 de
703 2674 766 2728 iis
787 2676 880 2744 qui
912 2679 1153 2745 quolibet
1180 2685 1338 2738 modo
1371 2695 1489 2754 post
1526 2687 1654 2741 deos
1686 2687 1894 2745 alienos
1925 2691 2072 2744 abie-

500 2760 614 2815 rint
646 2777 662 2816 :
703 2782 723 2816 ι
761 2765 866 2835 lpsi
902 2784 986 2823 me
1018 2771 1083 2824 ad
1110 2773 1283 2827 zelum
1318 2788 1750 2843 provocaveruut
1781 2781 1836 2835 in
1867 2796 1935 2837 eo
1979 2783 2071 2852 qui

505 2868 612 2906 non
645 2865 764 2910 erat
804 2859 972 2925 deus;
1005 2872 1058 2915 et
1093 2879 1191 2934 ego
1218 2870 1522 2935 provocabo
1554 2885 1648 2925 eos
1676 2870 1728 2924 in
1758 2887 1823 2926 eo
1846 2873 1936 2942 qui
1966 2887 2071 2928 non

506 2951 590 2995 est
629 2949 882 3014 populus,
918 2961 972 3003 et
1011 2953 1063 3007 in
1095 2964 1252 3022 gente
1284 2958 1447 3011 stulta
1490 2960 1716 3014 irritabo
1741 2961 1883 3030 illos,
1939 2980 2070 3034 quo-

507 3033 652 3087 niam
702 3036 841 3104 ignis
874 3053 1165 3097 succensus
1196 3056 1279 3098 est
1333 3062 1399 3100 ex
1452 3049 1633 3104 furore
1688 3066 1830 3116 meo,
1863 3033 2076 3109 ardebit
2105 3057 2149 3120 C

506 3139 679 3194 usque
711 3128 775 3181 ad
807 3129 1076 3185 infernum
1110 3137 1350 3189 inlimum
1378 3139 1440 3190 η.
1482 3159 1500 3190 ο

580 3214 669 3269 10.
701 3216 854 3282 Quod
882 3220 926 3271 si
952 3235 1055 3274 non
1082 3238 1177 3276 sua
1221 3225 1390 3293 ipsius
1430 3243 1589 3282 causa
1631 3245 1860 3296 sponsus
1892 3241 2075 3303 utpote

508 3306 724 3376 sapiens
772 3318 828 3363 et
871 3311 1000 3367 nulli
1055 3318 1442 3380 perturbationi
1492 3323 1778 3391 obnoxius,
1826 3326 1894 3378 ab
1927 3327 2073 3380 omni

508 3395 631 3452 labe
681 3398 783 3453 sibi
823 3400 1199 3471 desponsatam
1250 3411 1543 3475 averterit;
1601 3422 1654 3467 at
1703 3425 1852 3469 certe
1902 3416 2074 3485 ipsius

507 3489 681 3557 gratia
715 3495 870 3561 cujus
901 3495 1089 3549 sordes
1117 3498 1679 3571 abominationemque
1708 3505 1910 3571 videat,
1938 3505 2076 3560 nihil

506 3596 612 3634 non
642 3582 804 3638 faciet
834 3590 976 3654 quod
1011 3589 1178 3659 ipsam
1207 3607 1402 3648 sanare
1434 3596 1604 3663 possit
1634 3606 1689 3651 et
1731 3607 2074 3667 convertere,

506 3674 893 3746 adhibebitque
944 3691 1003 3734 ut
1042 3682 1222 3738 libera:
1253 3700 1316 3739 ac
1351 3687 1433 3740 sui
1475 3689 1693 3743 arbitrii
1722 3701 1927 3746 natura:
1982 3708 2072 3746 ra-

510 3764 682 3818 tiones
716 3782 836 3835 quae
859 3784 888 3822 a
919 3781 1104 3840 stupro
1136 3774 1464 3831 deterreant.
1492 3775 1667 3845 Quam
1711 3780 1876 3850 igitur
1897 3781 2075 3837 labem

509 3858 788 3921 putaveris.
809 3859 1129 3917 deteriorem
1165 3866 1304 3920 inuri
1343 3884 1505 3936 posse
1547 3872 1742 3925 animas
1768 3887 1885 3940 qua:
1910 3875 2073 3928 alium

511 3948 991 4018 quomodocunque
1020 3956 1413 4009 renuntiaverit
1444 3959 1633 4022 Deum,
1665 3976 1764 4015 nec
1802 3978 1921 4015 eum
1943 3977 2079 4018 con-

512 4034 649 4089 fessa
681 4035 844 4091 fuerit
877 4040 966 4105 qui
1018 4055 1144 4095 vere
1177 4059 1313 4096 unus
1365 4057 1419 4098 et
1459 4047 1604 4102 solus
1646 4059 1730 4103 est
1773 4049 2078 4106 Dominus?

506 4125 767 4196 Equidem
801 4139 856 4182 nt
879 4131 967 4198 qui
1004 4149 1023 4182 ι
1065 4132 1302 4188 adhaeret
1322 4138 1615 4197 meretrici.
1644 4155 1806 4193 unum
1834 4156 2031 4210 corpus
2054 4161 2073 4195 ι

507 4218 737 4276 efﬁcitur
761 4223 823 4289 ¹³,
848 4226 924 4279 sic
953 4226 1193 4282 arbitror
1225 4243 1346 4282 eum
1375 4231 1465 4299 qui
1497 4231 1729 4300 aliquem
1763 4234 2072 4302 conﬁtetur,

506 4329 572 4369 eo
602 4318 834 4373 maxime
870 4331 1109 4389 tempore
1150 4336 1256 4389 quo
1301 4324 1367 4379 de
1420 4324 1526 4379 ﬁde
1575 4327 1870 4394 inquiritur
1916 4326 2073 4380 adhi-

506 4408 807 4479 beaturque
836 4422 1127 4479 tormenta,
1161 4420 1502 4473 commisceri
1544 4428 1598 4473 et
1629 4420 1768 4474 uniri
1812 4421 1863 4476 ei
1913 4436 2073 4489 quem

506 4499 827 4568 conﬁtetur;
884 4507 973 4573 qui
1028 4522 1163 4560 vero
1222 4519 1406 4578 negat,
1460 4512 1575 4579 ipsa
1639 4514 1933 4582 negatione
1979 4529 2077 4568 sua

507 4590 660 4654 quasi
694 4602 852 4646 acuto
876 4595 1106 4661 quodam
1139 4595 1334 4665 gladio,
1371 4600 1438 4654 ab
1466 4599 1558 4655 illo
1588 4615 1747 4668 quem
1775 4613 1937 4670 negat
1987 4603 2076 4656 di-

505 4679 614 4731 vidi
650 4694 713 4735 ac
746 4687 1004 4752 separari.
1041 4688 1386 4758 Quapropter
1426 4692 1547 4745 vide
1575 4707 1726 4757 num,
1763 4696 1906 4761 quod
1946 4709 2079 4749 con-

507 4782 798 4839 sequenter
827 4779 1039 4832 accidat
1063 4797 1124 4835 ac
1175 4782 1483 4837 necessario
1513 4794 1570 4834 ut
1599 4797 1721 4837 eum
1751 4786 2092 4841 conﬁteatur

507 4861 755 4918 Christus
783 4869 870 4936 qui
907 4884 964 4923 se
1002 4874 1283 4927 confessus
1314 4874 1411 4941 sit,
1457 4887 1580 4926 eum
1622 4889 1750 4928 vero
1782 4876 1875 4943 qui
1913 4891 2075 4945 nega-

505 4956 666 5021 verit,
701 4971 876 5026 neget,
909 4962 1111 5015 dictum
1146 4965 1217 5017 sit
1252 4964 1377 5018 illud
1415 4981 1425 5012 :
1471 4982 1490 5015 ι
1530 4965 1633 5030 Qui
1670 4980 1755 5020 me
1787 4968 2075 5024 confessus

508 5048 670 5102 fuerit
697 5065 878 5104 coram
907 5053 1235 5121 hominibus,
1268 5058 1571 5112 conﬁtebor
1600 5067 1654 5112 et
1694 5073 1793 5128 ego
1823 5075 1949 5113 eum
1985 5075 2077 5115 co-

507 5155 627 5195 ram
650 5139 813 5194 Patre
845 5158 963 5198 meo
993 5144 1082 5211 qui
1114 5145 1165 5198 in
1213 5147 1365 5201 cmlis
1414 5157 1496 5201 est
1540 5147 1602 5201 ιδ.
1641 5167 1660 5200 ι
1693 5148 1883 5204 Dicere
1914 5150 2075 5203 etiam

505 5235 677 5304 possit
708 5236 883 5304 ipsum
918 5236 1148 5290 Verbum
1181 5247 1235 5291 et
1270 5241 1381 5307 ipsa
1413 5240 1619 5295 \‘eritas
1655 5251 1765 5295 tum
1798 5243 2074 5297 conﬁtenti

505 5342 630 5383 cum
654 5329 904 5397 neganti:
935 5348 953 5381 ι
994 5328 1050 5381 In
1078 5344 1182 5397 qua
1214 5344 1462 5383 mensura
1512 5333 1685 5386 mensi
1723 5333 1953 5399 fueritis,
1987 5352 2075 5390 re-

2173 492 2364 561 σοφίας
2413 491 2589 560 λόγον,
2640 491 2732 543 τὸν
2780 489 3057 562 ἀλλότριον
3113 488 3225 559 τῆς
3272 487 3492 556 σοφίας,
3538 487 3601 539 ἵν’
3631 487 3758 557 ἡμᾶς

2173 585 2469 655 ἀποκτείνῃ
2493 583 2570 654 τῷ
2601 582 2747 653 λόγῳ
2767 582 2858 636 τοῦ
2894 583 3172 652 στόματος
3205 578 3404 634 αὐτοῦ.
3450 579 3588 632 Ἀλλ’
3618 582 3761 650 ἡμεῖς

2171 676 2229 730 δὲ
2279 675 2401 728 τότε
2459 678 2517 728 ἐν
2575 672 2651 744 τῷ
2715 673 2975 743 συστῆναι
3014 672 3115 724 τὸν
3153 668 3494 742 ἁμαρτωλὸν
3542 669 3758 722 ἐναντίον

2174 767 2332 839 ήμῶν
2384 766 2643 837 εἴπωμεν·
2691 785 2709 817 ι
2757 764 2896 833 Ἐγὼ
2936 764 2993 817 δὲ
3032 763 3177 816 ὡσεὶ
3203 760 3398 831 κωφὸς
3423 761 3525 814 οὐκ
3560 761 3751 831 ἤκουον,

2173 859 2267 912 καὶ
2297 858 2428 910 ὡσεὶ
2471 856 2664 919 ἄλαλος
2701 856 2803 909 οὐκ
2849 853 3080 923 ἀνοίγων
3127 852 3194 905 τὸ
3244 851 3427 921 στόμα
3462 849 3641 905 αὐτοῦ*
3677 852 3754 905 καὶ

2171 949 2434 1020 ἐγενόμην
2453 948 2585 1001 ὡσεὶ
2606 946 2888 1018 ἄνθρωπος
2906 945 3005 998 οὐκ
3036 943 3291 999 ἀκούων.
3335 962 3353 995 ι
3396 941 3552 1013 Καλὴ
3593 942 3692 1013 γὰρ
3723 945 3751 1014 ἠ

2172 1041 2308 1113 πρὸς
2350 1040 2476 1104 τοὺς
2514 1039 2730 1103 ἀσεϐεῖς
2767 1037 2958 1107 λόγους
2997 1035 3292 1105 κώφωσις,
3328 1034 3472 1089 ὲπάν
3512 1024 3755 1103 ἀπογινώο
3796 1036 3801 1039 ’

2175 1150 2395 1203 σκωμεν
2444 1130 2542 1202 τὴν
2596 1130 2707 1184 τῶν
2770 1129 2842 1183 τὰ
2906 1129 3127 1201 χείρονα
3208 1126 3487 1195 λεγόντων
3543 1126 3751 1196 ἐπανόρ-

2174 1223 2358 1277 θωσιν.

2244 1315 2526 1385 Χρήσιμον
2555 1313 2612 1366 δὲ
2633 1314 2781 1383 ἡμᾶς
2799 1314 2999 1366 ἐννοεῖν
3028 1313 3086 1366 ὲν
3120 1312 3246 1374 τοῖς
3288 1312 3511 1382 καιροῖς
3540 1309 3643 1362 τῶν
3675 1310 3750 1361 ἐπὶ

2171 1403 2241 1457 τὰ
2275 1403 2490 1457 ἐναντία
2532 1402 3005 1474 προκαλουμένων,
3040 1403 3094 1455 τί
3135 1401 3360 1466 διδάξαι
3398 1400 3749 1472 βουλόμενοςό

2173 1494 2304 1556 Θεός
2337 1510 2468 1565 φησι
2500 1495 2577 1546 1:6-
2615 1513 2634 1546 ι
2689 1493 2830 1561 Ἐγώ
2852 1496 2963 1563 είμι
2999 1493 3210 1564 Κύριος
3239 1494 3270 1544 6
3302 1491 3442 1554 Θεός
3471 1506 3564 1542 σου
3597 1489 3748 1560 ζηλω-

2173 1584 2292 1655 τής.
2333 1602 2351 1635 ι
2386 1584 2494 1637 Καὶ
2525 1579 2679 1654 οἶμαί
2710 1600 2797 1652 γε,
2818 1584 2899 1636 ὅτι
2930 1583 2989 1635 ὃν
3019 1583 3230 1655 τρόπον
3251 1580 3492 1651 νυμφίος
3520 1577 3746 1646 ἐπιστρέ-

2176 1691 2289 1744 φων
2310 1673 2407 1744 τὴν
2434 1672 2646 1744 νύμφην
2676 1674 2811 1744 πρὸς
2845 1673 2905 1726 τὺ
2950 1673 3167 1743 σεμνῶς
3202 1671 3384 1741 βιοῦν,
3440 1669 3747 1736 συνάγουσαν

2180 1765 2276 1836 μὲν
2306 1766 2483 1818 πᾶσαν
2510 1764 2706 1834 ἑαυτὴν
2733 1764 2869 1835 πρὸς
2898 1764 2989 1816 τὸν
3013 1763 3276 1834 νυμφίον,
3313 1760 3482 1814 παντὶ
3504 1758 3559 1812 δὲ
3584 1757 3743 1827 τρόπῳ

2176 1856 2585 1927 φυλαττομένην
2610 1855 2718 1926 (73)
2750 1855 3025 1926 ὲκχείσθαι
3064 1854 3211 1926 πρὸς
3240 1853 3437 1923 ἕτερόν
3469 1867 3586 1904 τινα
3617 1847 3745 1919 παρά

2173 1948 2264 2002 τὸν
2308 1950 2556 2019 νυμφίον·
2605 1948 2707 2001 κᾶν
2750 1949 2908 2017 σοφὸς
2944 1944 3000 2019 ᾖ,
3049 1948 3317 2019 ὲμφαίνοι
3363 1938 3431 2000 ἂν
3465 1945 3636 2015 ζῆλον,
3680 1943 3742 2006 ὡς

2176 2039 2449 2112 φαρμάκῳ
2476 2043 2541 2111 τῇ
2570 2039 2792 2111 τοιαύτῃ
2822 2039 3055 2110 ὲμφάσει
3093 2039 3239 2109 πρὸς
3258 2038 3364 2109 τὴν
3385 2036 3600 2108 νύμφην
3620 2033 3745 2107 χρὼα

2178 2148 2353 2201 μενος·
2389 2130 2560 2194 οὕτως
2589 2131 2617 2182 6
2642 2129 3011 2201 χρηματίζων,
3045 2132 3139 2184 καὶ
3177 2130 3428 2201 μάλιστα
3459 2129 3555 2181 ἐὰν
3589 2126 3749 2196 φαίνη-

2172 2240 2263 2275 ται
2303 2240 2322 2273 ι
2358 2225 2385 2275 6
2414 2223 2756 2293 πρωτότοκος
2796 2242 2813 2273 ι
2849 2220 2986 2275 εἶναι
3022 2241 3041 2273 ι
3082 2222 3277 2293 πάσης
3296 2221 3556 2284 κτίσεως,
3584 2238 3601 2270 ι
3630 2217 3741 2287 φησὶ

2176 2314 2312 2384 πρὸς
2336 2313 2434 2384 τὴν
2462 2313 2677 2383 νύμφην
2710 2313 2885 2384 ψυχὴν
2919 2312 3051 2376 Θεὸς
3084 2311 3231 2366 εἶναι
3274 2311 3545 2383 ζηλωτὴς,
3585 2309 3737 2376 πάσης

2172 2400 2272 2469 τῆς
2300 2400 2436 2470 πρὸς
2457 2399 2525 2453 τὰ
2544 2400 2793 2471 δαιμόνια
2812 2399 3062 2472 πορνείας
3093 2401 3193 2454 καὶ
3224 2403 3357 2464 τοὺς
3381 2397 3737 2470 νομιζομένους

2173 2485 2311 2544 εἶναι
2344 2490 2497 2554 θεοὺς
2536 2491 2765 2560 ἀφιστὰς
2785 2491 2910 2554 τοὺς
2935 2492 3352 2564 ἀκροωμένους.
3394 2490 3506 2543 Καὶ
3532 2489 3601 2551 ὡς
3624 2485 3734 2547 Θεὸς

2174 2581 2316 2637 οὓτω
2372 2581 2618 2655 ζηλωτής
2665 2601 2795 2654 φησι
2847 2583 2973 2654 περὶ
3019 2583 3128 2636 τῶν
3181 2586 3340 2647 ὅπως
3395 2581 3525 2635 ποτὲ
3582 2577 3734 2630 ὀπίσω

2174 2673 2309 2727 θεῶν
2326 2674 2526 2745 ἑτέρων
2556 2674 3086 2746 ἐκπεπορνευκότωνο
3110 2693 3128 2725 ι
3165 2676 3341 2727 Αύτοί.
3371 2667 3732 2745 παρεζήλωσάν

2176 2782 2243 2835 με
2260 2766 2345 2817 ἐπ’
2366 2767 2424 2817 ού
2439 2764 2562 2835 θεῷ’
2586 2764 2739 2833 κάγὼ
2759 2764 3135 2837 παραζηλώσω
3152 2766 3360 2829 αὐτοὺς
3378 2765 3462 2817 ἐπ’
3485 2765 3581 2816 οὐκ
3592 2759 3728 2813 ἔθνει·

2174 2856 2266 2908 ἐπὶ
2277 2852 2417 2909 ἔθνει
2432 2857 2673 2927 ἀσυνέτῳ
2689 2875 2761 2910 πα
2770 2857 2968 2929 ροργιῶ
2984 2859 3177 2921 αὐτοὺς
3186 2859 3294 2925 ,ὅτι
3312 2856 3387 2910 πῦ
3396 2874 3427 2928 ρ
3439 2854 3729 2908 ἐκκέκαυται

2174 2950 2239 3000 ὲκ
2253 2946 2345 3001 τοῦ
2362 2946 2534 3018 θυμοῦ
2568 2965 2689 3019 μου·
2723 2949 3048 3020 καυθήσεται
3069 2950 3172 3014 ἕως
3202 2950 3337 3022 ᾅδου
3362 2945 3675 3002 κατωτάτου.
3710 2957 3724 2988 ι

2247 3233 2366 3286 Κᾶν
2400 3234 2473 3305 μὴ
2508 3233 2574 3287 δι’
2606 3234 2792 3288 ἑαυτὸν
2822 3234 2878 3288 δὲ
2911 3233 2985 3297 ὼς
3007 3235 3166 3303 σοφὸς
3196 3233 3479 3306 ὀνυμφίος
3503 3228 3591 3285 καὶ
3609 3228 3728 3281 dm-

2181 3323 2278 3396 θὴς
2309 3325 2626 3397 ἀποστρέφῃ
2656 3325 2855 3389 παντὸς
2889 3325 3161 3397 μολυσμοῦ
3199 3327 3307 3400 τὴν
3355 3314 3731 3396 μεμνηστευμσέ·

2176 3435 2293 3488 νην,
2316 3417 2452 3471 ἀλλά
2485 3435 2547 3486 γε
2573 3417 2640 3470 δι’
2683 3418 3080 3488 ὲκείνην,ὁρῶν
3121 3418 3298 3488 αὐτῆς
3339 3417 3432 3469 τὸν
3486 3406 3728 3484 μολυσμὸν

2177 3511 2272 3564 καὶ
2293 3510 2383 3563 τὸν
2420 3510 2735 3581 βδελυγμὸν,
2760 3510 2936 3563 πάντα
2952 3510 3018 3563 τὰ
3036 3509 3290 3563 ἰάσασθαι
3314 3509 3409 3562 καὶ
3437 3498 3727 3573 ἐπιστρέψαι

2177 3601 2344 3673 αὐτὴν
2366 3600 2634 3672 δυνάμενα
2662 3605 2894 3672 ποιήσει,
2923 3601 2998 3664 ὡς
3014 3601 3348 3666 αὐτεξουσίῳ
3375 3597 3531 3668 φύσει
3554 3585 3729 3662 προσά-

2177 3709 2291 3761 γων
2321 3690 2510 3759 λόγους
2543 3692 2976 3763 ἀποτρεπτικοὺς
3008 3691 3100 3745 τοῦ
3144 3693 3452 3763 πορνεύειν.
3502 3686 3648 3739 Ποῖον
3673 3675 3727 3728 ἂν

2177 3778 2270 3836 οὖν
2305 3783 2540 3853 μιασμὸν
2590 3785 2808 3855 νοήσαις
2857 3783 3071 3854 χείρονα
3117 3782 3367 3851 γίνεσθαι
3424 3776 3563 3849 ψυχῇ
3604 3773 3728 3826 ὅπως

2179 3874 2310 3926 ποτὲ
2341 3873 2496 3928 ἄλλον
2525 3875 2856 3947 ἀγορευούσῃ
2883 3875 3034 3939 Θεὸν,
3068 3874 3160 3928 καὶ
3186 3874 3260 3946 μὴ
3295 3865 3621 3945 ὁμολογούσῃ
3651 3857 3726 3910 τὸν

2178 3963 2392 4034 ἀληθῶς
2421 3965 2520 4019 ἕνα
2575 3967 2668 4021 καὶ
2723 3968 2880 4038 μόνον
2925 3967 3162 4038 Κύριον;
3195 3967 3306 4020 Καὶ
3349 3961 3498 4035 οἶμαί
3534 3975 3608 4027 γε,
3639 3954 3720 4056 δῖε,

2179 4054 2369 4127 ὥσπερ
2388 4058 2416 4109 6
2458 4075 2475 4107 ι
2512 4057 2853 4129 κολλώμενος
2880 4060 2947 4130 τῇ
2971 4059 3142 4131 πόρνῃ
3161 4057 3217 4111 ἓν
3239 4056 3404 4129 σῶμά
3435 4074 3452 4105 ι
3474 4056 3627 4111 ἐστιν,
3650 4054 3724 4094 ou-

2178 4164 2284 4210 τως
2307 4151 2334 4200 6
2359 4149 2454 4219 μὲν
2486 4147 2758 4218 ὁμολογῶν
2792 4166 2930 4213 τινα,
2961 4151 3053 4203 καὶ
3089 4148 3319 4220 μάλιστα.
3365 4149 3422 4200 ἐν
3454 4137 3619 4211 καιρῷ
3640 4134 3722 4203 βα·

2183 4240 2341 4292 σὰνου
2376 4240 2467 4295 καὶ
2500 4237 2793 4304 ἐξετάσεως
2837 4240 2937 4310 τῆς
2974 4240 3238 4304 πίστεως,
3270 4235 3613 4309 ἀνακιρνᾶται
3644 4223 3721 4330 Tal

2182 4331 2391 4384 ἑνοῦται
2424 4331 2502 4402 τῷ
2531 4330 2943 4401 ἁμολογουμένῳ
2977 4331 3109 4402 (74)'
3143 4334 3172 4384 6
3211 4332 3267 4385 δὲ
3288 4328 3622 4403 ἀρνούμενος,
3642 4317 3708 4367 ὑπ

2182 4419 2350 4488 αὐτῆς
2381 4419 2479 4488 τῆς
2511 4420 2791 4490 ἀρνήσεως
2821 4418 3018 4492 τρόπον
3045 4420 3313 4492 μαχαίρας
3339 4409 3716 4474 διακοπτούσηςν

2175 4509 2268 4562 ἀπ’
2303 4510 2532 4573 ἐκείνου,
2562 4510 2620 4562 ὃν
2652 4510 2914 4581 ἀρνεῖται,
2948 4512 3143 4582 πάσχει
3175 4512 3272 4582 τὴν
3295 4511 3565 4582 διαίρεσιν,
3580 4511 3720 4571 χωρί’

2175 4600 2399 4670 ζὸμενος
2424 4602 2652 4665 ἐκείνου,
2680 4602 2738 4654 ὃν
2770 4604 3061 4674 ἠρνήσατο.
3080 4602 3276 4672 Διόπερ
3303 4603 3600 4668 ἐπίστησον,
3630 4586 3716 4658 μή-

2177 4708 2329 4754 ποτε,
2367 4691 2441 4754 ὡς
2457 4691 2743 4745 ἀκόλουθον
2772 4693 2864 4746 καὶ
2896 4694 3189 4761 ἀναγκαῖον
3210 4692 3475 4763 συμϐῆναι
3497 4683 3570 4753 τῷ
3608 4681 3717 4746 ὀμο-

2176 4786 2422 4855 λογοῢντι
2452 4787 2512 4839 τὸ
2538 4786 2951 4857 ὁμολογηθῆναι,
2987 4789 3079 4841 καὶ
3108 4787 3186 4857 τῷ
3218 4783 3525 4857 ἀρνουμένῳ
3554 4773 3607 4826 τὸ
3628 4771 3712 4857 ἀρῇ

2178 4880 2424 4951 νηθῆναι,
2466 4854 2787 4951 εἴρηται
2894 4881 2990 4942 Ὃς
3046 4854 3483 4948 ὲάννὸμολογησῃ
3512 4870 3567 4969 έν

2180 4972 2485 5046 ἔμπροσθεν
2510 4970 2961 5044 τῶνάνθρώπων,
2989 4969 3142 5039 κάγὼ
3171 4969 3481 5040 ὁμολογήσω
3509 4963 3561 5012 ὲν

2181 5035 2485 5135 ἔξλπροσθεν
2508 5061 2601 5115 τοῦ
2634 5035 2844 5133 Πατρός
2894 5080 2994 5133 μου
3034 5035 3128 5114 τόδ
3167 5035 3224 5114 έθ
3258 5035 3515 5128 οὐθαλθοῖς·
3546 5068 3565 5100 ³
3610 5035 3712 5135 ,Καὶ

2179 5131 2324 5207 είποι
2355 5152 2398 5205 δ’
2443 5150 2508 5205 ἂν
2530 5154 2558 5205 ὁ
2586 5131 2872 5220 αὐτολόγος
2895 5131 3041 5223 καὶὴ
3068 5148 3420 5220 αὐτοαλήθεια
3434 5141 3506 5211 τῷ
3526 5150 3578 5188 τε
3601 5131 3710 5232 by?
3812 5164 3818 5172 ε

2180 5246 2465 5316 λογήσαντι
2496 5244 2590 5296 καὶ¹
2620 5243 2697 5314 τῷ
2729 5242 3107 5314 ἀρνησαμένῳ·
3138 5261 3157 5292 ι
3183 5235 3253 5312 ’ᾯ
3282 5240 3458 5310 μέτρῳ
3476 5230 3708 5316 μετρεῖτε,

2181 5312 2702 5409 ἀντι-μετρηθήσεται
2994 5334 3057 5386 σὺ
3111 5332 3209 5404 μὲν
3256 5327 3346 5386 οὖν
3389 5332 3417 5383 6
3470 5312 3708 5395 μετρήσας

576 5468 1088 5546 ⁸]ξειιιειιχιιιβὲο
1140 5468 1357 5546 ξιΡειιΙ.
1386 5488 1592 5539 xxxm,
1624 5475 1709 5528 M.
1778 5477 1820 5508 ¹⁰
1844 5478 2011 5535 Exod.
2046 5495 2074 5532 Σ

2177 5480 2219 5535 5.
2282 5481 2322 5512 ¹²
2351 5480 2557 5535 Coloss.
2582 5494 2622 5546 ι,
2654 5477 2739 5531 15.
2819 5478 2860 5508 ¹²
2891 5478 3043 5531 Deut.
3070 5491 3239 5539 xxx",
3263 5471 3454 5539 ﬁlﬁﬁ.
3509 5451 3703 5513 "1W.

504 5551 580 5601 vi,
606 5541 692 5590 16.
770 5540 813 5571 ¹⁶
841 5540 1027 5595 Matth.
1053 5557 1112 5605 κ,
1138 5540 1231 5598 52.

719 5653 939 5744 [Vritiose-
966 5656 1025 5736 iu‘
1068 5658 1433 5744 manuscripto
1467 5657 1663 5744 legitur
1690 5658 2074 5744 τροφυλαττομι

2177 5679 2211 5725 κ,
2238 5673 2288 5716 ct
2316 5661 2396 5744 inf
2398 5678 2451 5714 ra
2485 5659 2739 5733 ζωλωτής
2771 5676 2866 5729 pro
2896 5658 3159 5731 ζηλωτής.

584 5722 692 5792 (74)
719 5724 979 5793 Corrupto
1012 5725 1067 5781 in
1094 5744 1195 5782 tus.
1230 5722 1507 5793 scribitur,
1522 5722 1897 5800 ’ὁλογουμένιεκ
