3974 6160
252 263 361 326 577
1393 277 1840 334 EXHORTATIO

1951 284 1962 326 ι
2002 275 2438 332 MARTYRIUM.
3409 282 3512 336 578

253 398 444 471 μέτρῳ
479 397 578 468 τῆς
617 398 750 469 πρὸς
787 398 854 468 μὲ
886 396 1195 468 ὁμολογίας,
1231 397 1484 469 ἀπολήψῃ
1521 417 1539 448 ε
1584 399 1780 470 μέτρον
1816 419 1832 449 ι

1951 400 2196 452 ιιιιιιὶοιιιι·
2231 399 2410 462 vobis;
2445 416 2463 448 ι
2495 407 2547 448 ιιι
2582 395 2746 464 igitur
2785 396 2872 464 qui
2905 386 3157 451 mensura
3195 407 3296 452 tua:
3335 397 3512 452 deme

248 491 351 561 τῆς
391 490 488 542 ἀπ’
522 490 654 559 ἐμοῦ
692 490 977 559 ὁμολογίας
1019 508 1035 540 ι
1081 487 1490 558 σεσαλευμένον,
1538 491 1840 560 πεπιεσμέ-

1951 489 2302 545 confessionis
2352 504 2570 542 mensus
2606 503 2686 553 es,
2745 508 2763 539 ι
2828 505 3135 543 mensuram
3190 510 3210 542 ι
3277 490 3513 557 accipies

250 598 362 643 νον,
396 582 502 633 ύπε
512 580 920 652 ρεκχιΝόμενον,
946 580 1082 650 ὅπερ
1101 579 1386 648 δοθήσεται
1434 582 1512 642 είς
1531 580 1621 632 τὸν
1645 581 1841 633 κόλπον

1951 597 2076 636 nica:
2100 584 2165 637 de
2201 593 2252 636 te
2301 580 2659 635 confessionis
2700 598 2718 629 ι
2775 581 2972 634 bonam
3022 590 3072 634 et
3127 581 3422 634 confertam
3460 589 3513 634 et

252 683 368 720 σου.
420 685 439 717 ι
482 668 592 720 Καὶ
647 667 710 720 σὺ
764 667 839 729 δὲ,
890 669 918 719 ὁ
975 668 1250 737 μετρήσας
1296 666 1375 736 τῷ
1419 668 1519 737 τῆς
1559 671 1841 740 ἀρνήσεως

1951 675 2268 742 coagitatam
2293 682 2346 725 et
2370 669 2838 739 supereﬂhtcntem
2872 671 2924 722 in
2957 671 3133 724 sinum
3173 683 3322 724 tuum
3361 671 3442 736 ¹⁸;
3488 691 3509 726 ι

252 758 440 827 μέτρῳ
476 757 573 810 καὶ
627 757 1000 827 ἀρνησάμενός
1041 776 1127 827 με,
1161 758 1220 810 τὸ
1249 757 1508 826 ἀνάλογον
1541 758 1616 828 τῷ
1657 760 1839 830 μέτρῳ

247 847 349 917 τῆς
382 848 670 919 ἀρνήσεως
693 848 944 921 ἀπολήψῃ
969 848 1162 921 μέτρον
1185 849 1286 917 τῆς
1318 849 1410 901 ἀπ’
1427 849 1560 919 ἐμοῦ
1593 851 1720 920 περὶ
1744 850 1837 902 σοῦ

248 941 565 1010 ἀρνήσεως.

321 1033 451 1096 Πῶς
485 1033 546 1086 δὲ
586 1033 889 1106 πληροῦται
938 1036 1138 1105 μέτρον
1193 1035 1500 1106 ὁμολογίας,
1537 1035 1568 1106 ἢ
1601 1037 1661 1088 ού
1703 1036 1840 1107 πλη-

253 1126 466 1195 ροῦται,
523 1128 640 1180 ἀλλ’
690 1129 967 1192 ἐλλείπει,
1002 1127 1175 1192 οὕτως
1219 1131 1284 1182 ἂν
1333 1130 1735 1201 θεωρήσωμεν.
1775 1132 1838 1183 Εἰ

250 1212 381 1282 παρ’
407 1212 534 1265 ὅλον
583 1215 673 1266 τὸν
723 1215 820 1286 τῆς
879 1217 1175 1280 ἐξετάσεως
1225 1219 1318 1270 καὶ
1371 1218 1464 1271 τοῦ
1529 1219 1836 1289 πειρασμοῦ

249 1304 464 1373 χρόνον,
505 1306 583 1375 μὴ
618 1306 848 1377 διδῶμεν
880 1308 1044 1361 τόπον
1077 1308 1153 1378 τῷ
1185 1308 1416 1378 διαϐόλῳ
1460 1311 1516 1360 ἐν
1550 1312 1666 1372 ταῖς
1700 1326 1832 1380 καρ-

244 1394 387 1457 δίαις
441 1397 631 1465 ήμῶν,
673 1396 917 1466 μολύνειν
967 1400 1114 1468 ἡμᾶς
1166 1398 1532 1469 διαλογισμοῖς
1586 1401 1841 1469 πονηροῖς

245 1484 459 1537 θέλοντι
517 1489 817 1557 ἀρνήσεως,
859 1489 892 1560 ἢ
935 1489 1207 1559 διψυχίας,
1236 1491 1269 1560 ἦ
1301 1507 1442 1552 τινος
1487 1488 1841 1560 πιθανότητος

245 1575 708 1648 προκαλουμένης
753 1581 846 1632 ἐπὶ
890 1581 958 1634 τά
1003 1581 1173 1652 ἐχθρά
1217 1581 1296 1651 τῷ
1333 1583 1617 1653 μαρτυρίῳ
1650 1583 1744 1635 καὶ
1773 1584 1838 1652 τῇ

209 1669 211 1672 ⁴
245 1665 590 1738 τελειότητιο
626 1673 720 1724 καὶ
767 1671 902 1742 πρὸς
943 1672 1116 1739 τούτῳ
1162 1675 1209 1725 εἰ
1244 1673 1377 1743 μηδὲ
1409 1673 1552 1744 λόγῳ
1578 1672 1840 1745 ἀλλοτρίῳ

1944 773 1997 816 ιιι
2035 780 2161 818 vero
2193 765 2284 831 qui
2313 762 2615 830 negationis
2647 776 2903 815 mensura
2940 778 3158 815 mensus
3187 777 3245 816 es
3273 773 3323 815 et
3349 762 3508 834 281

1942 855 2149 922 negasti
2199 867 2304 918 me,
2368 855 2598 921 recipies
2641 855 2947 920 negationis
2997 870 3262 908 mensura:
3291 871 3516 924 respon-

1941 947 2155 1000 dentem
2180 959 2492 997 mensuram
2528 959 2659 997 mea:
2694 945 2760 997 de
2789 955 2839 997 te
2873 947 3193 1008 negationis.

2012 1037 2243 1102 H.Qua
2293 1044 2471 1088 autem
2533 1034 2742 1087 ratione
2799 1035 3086 1102 impleatur
3152 1037 3515 1099 confessionis

1942 1144 2195 1183 mensura
2241 1139 2333 1180 aut
2372 1143 2476 1181 non
2527 1127 2836 1195 impleatur,
2885 1129 2976 1180 sed
3029 1138 3217 1183 contra
3275 1132 3514 1197 deficiat,

1942 1226 2024 1278 sic
2061 1223 2433 1292 inspieiemus.
2476 1221 2530 1274 Si
2564 1237 2661 1289 per
2697 1231 2863 1275 totum
2901 1223 3272 1289 inquisitionis
3306 1235 3360 1278 et
3392 1235 3515 1279 ten-

1945 1316 2162 1368 tationis
2196 1327 2408 1383 tempus
2449 1315 2628 1368 locum
2668 1314 2883 1368 diabolo
2929 1330 3032 1366 non
3080 1317 3273 1369 detnus
3305 1317 3355 1368 in
3391 1332 3514 1370 cor--

1944 1405 2100 1459 dibus
2139 1407 2366 1468 nostris,
2418 1406 2510 1472 qui
2545 1420 2642 1458 nos
2677 1405 2962 1473 inquinare
3000 1405 3113 1457 vult
3167 1406 3513 1472 cogitationi-

1944 1496 2044 1550 bus
2073 1497 2229 1549 malis
2269 1505 2362 1549 aut
2397 1496 2703 1565 negationis
2755 1508 2848 1548 aut
2877 1495 3254 1558 dubitationis,
3289 1508 3385 1550 aut
3417 1513 3513 1548 en-

1935 1586 2112 1654 jnsvis
2153 1588 2296 1654 quod
2328 1585 2607 1655 probabile
2653 1585 2904 1638 videatur
2933 1595 2985 1638 et
3025 1586 3088 1637 ad
3130 1601 3191 1637 ea
3217 1599 3336 1652 qua:
3365 1600 3513 1636 mar-

1947 1678 2084 1747 tyrio
2132 1687 2186 1730 et
2219 1677 2535 1746 perfectioni
2571 1685 2700 1729 sunt
2730 1674 2946 1727 inimica
3016 1673 3305 1737 sollicitet;
3334 1674 3378 1726 si
3413 1688 3514 1726 nos

245 1757 349 1827 τῆς
379 1759 677 1829 ὁμολογίας
705 1762 930 1826 ἑαυτοὺς
974 1765 1276 1834 μιαίνοιμεν
1299 1764 1434 1836 (75),
1463 1767 1559 1818 καὶ
1588 1767 1635 1817 εί
1667 1765 1842 1818 πάντα

1951 1773 2094 1838 ipsos
2125 1781 2383 1838 praeterea
2415 1770 2563 1823 nullo
2590 1768 2756 1822 verbo
2781 1767 3118 1820 niaetdemus
3143 1765 3284 1833 quod
3325 1781 3352 1816 a
3382 1781 3515 1818 con-

250 1850 523 1921 φέροιμεν
571 1853 661 1905 τὸν
706 1853 813 1906 ἀπὸ
862 1853 972 1908 τῶν
1037 1856 1292 1908 ἐναντίων
1350 1855 1690 1926 ὀνειδισμὸν,
1750 1856 1840 1909 καὶ

251 1944 478 2015 χλεύην,
529 1946 624 1996 καὶ
674 1945 905 2013 γέλωτα,
953 1947 1047 1999 καὶ
1088 1945 1420 2016 δυσφημίαν,
1458 1948 1552 1999 καὶ
1609 1946 1755 1999 ἔλεον
1783 1947 1839 2000 ὃν

249 2039 509 2091 δοκοῦσιν
545 2039 692 2108 ἡμᾶς
740 2038 944 2103 ἐλεεῖν,
990 2037 1435 2107 πεπλανημένους
1487 2039 1580 2090 καὶ
1626 2037 1838 2109 μωροὺς

252 2128 764 2198 ὑπολαμϐάνοντες,
822 2129 916 2180 καὶ
981 2127 1352 2197 ὲσφαλμένους
1403 2125 1834 2190 ἀποκαλοῦντες⁸

252 2219 336 2271 ἔτι
378 2219 461 2283 δέ,
499 2221 546 2272 εὶ
583 2219 657 2290 μὴ
690 2219 1111 2291 περιελκοίμεθα
1145 2217 1549 2289 περισπώμενοι
1600 2221 1695 2271 καὶ
1736 2218 1840 2270 ὑπὸ

251 2311 352 2381 τῆς
398 2313 532 2382 περὶ
570 2313 638 2365 τὰ
677 2312 862 2374 τέκνα,
905 2312 936 2382 ἢ
988 2311 1086 2379 τὴν
1134 2311 1336 2363 τούτων
1388 2310 1620 2380 μητέρα,
1653 2310 1686 2380 ἦ
1721 2325 1840 2360 τινα

248 2400 362 2454 τῶν
397 2402 772 2472 νομιζομένων
806 2397 942 2454 εἶναι
969 2404 1024 2453 ἐν
1047 2400 1122 2470 τῷ
1143 2400 1241 2469 βίῳ
1268 2400 1535 2467 φιλτάτων
1563 2400 1840 2467 φιλοστορ-

246 2495 403 2561 γίας,
452 2495 594 2564 πρὸς
639 2492 736 2562 τὴν
783 2492 975 2559 κτῆσιν
1012 2493 1044 2559 ἢ
1081 2493 1217 2561 πρὸς
1261 2492 1323 2543 τὸ
1369 2491 1468 2560 ζῇν
1497 2491 1651 2542 τοῦτο
1676 2530 1690 2555 ,
1727 2491 1838 2542 ἀλλ’

244 2584 349 2635 ὅλα
381 2581 568 2634 ταῦτα
605 2579 1064 2648 ἀποστραφέντες,
1096 2580 1202 2630 ὅλοι
1239 2580 1528 2648 γενοίμεθα
1557 2579 1650 2631 τοῦ
1683 2579 1839 2642 Θεοῦ,

246 2675 352 2727 καὶ
386 2672 497 2740 τῆς
533 2672 649 2740 μετ’
683 2670 843 2722 αὑτοῦ
875 2671 968 2722 καὶ
1002 2672 1130 2738 παρ’
1165 2669 1311 2739 αὐτῷ
1345 2671 1510 2740 ζωῆς,
1546 2671 1620 2734 ὼς
1653 2689 1844 2724 κοινω-

247 2765 524 2834 νήσοντες
541 2763 619 2832 τῷ
641 2765 932 2830 Μονογενεῖ
951 2761 1114 2815 αὐτοῦ
1135 2763 1228 2814 καὶ
1251 2765 1362 2824 τοῖς
1384 2763 1630 2832 μετόχοις
1647 2763 1809 2816 αὑτοῦ
1824 2780 1838 2794 ·

256 2855 372 2908 τότ’
408 2854 480 2908 ἂν
514 2856 778 2924 εἴποιμεν,
812 2855 893 2906 ὅτι
945 2852 1344 2923 ἐπληρώσαμεν
1398 2854 1459 2905 τὸ
1505 2855 1704 2925 μέτρον
1743 2855 1842 2926 τῆς

248 2947 555 3016 ὁμολογίας
576 2963 589 2976 ⁸
628 2946 676 2996 εἰ
705 2945 780 3006 δὲ,
810 2943 910 2996 κᾶν
946 2945 1025 2996 ἐνί
1071 2961 1174 2996 τινι
1225 2943 1523 3014 λείποιμεν,
1554 2945 1652 2997 οὐκ
1683 2946 1843 3016 ἐπλη-

258 3037 544 3108 ρὼσάμεν,
579 3035 691 3088 ἀλλ’
719 3034 1065 3105 ἐμολύναμεν
1091 3035 1148 3086 τὸ
1179 3035 1278 3103 τῆς
1302 3035 1589 3106 ὁμολογίας
1621 3035 1838 3107 μέτρον.

257 3129 352 3182 Διὸ
381 3127 712 3198 δεησόμεθα,
732 3120 804 3179 ὧν
833 3126 1042 3178 δέονται
1076 3127 1125 3178 οἱ
1156 3127 1678 3198 ἐποικοδομήσαντες
1717 3146 1734 3178 ι
1762 3126 1841 3198 τῷ
1868 3101 1909 3156 C

258 3220 499 3291 θεμελίῳ
533 3219 663 3283 ξύλα
691 3219 723 3289 ἥ
758 3217 946 3289 χόρτον
974 3218 1007 3288 ἢ
1037 3217 1308 3288 καλάμην.
1338 3237 1355 3268 ι

1949 1860 2182 1913 fossione
2222 1861 2459 1914 alienum
2493 1860 2596 1922 sit;
2634 1858 2678 1910 si
2712 1867 2904 1910 cuncta
2958 1857 3196 1910 feramus
3226 1866 3279 1910 et
3325 1859 3518 1908 adver-

1949 1952 2217 2004 sariorum
2263 1950 2625 2004 contumelias
2656 1958 2710 2004 et
2747 1948 2977 2001 ludibria
3016 1958 3062 2000 ct
3113 1949 3256 2001 risus
3282 1957 3338 2001 et
3368 1947 3514 2001 infa-

1949 2042 2114 2094 miam
2147 2051 2200 2095 ct
2227 2039 2656 2094 misericordiam
2686 2054 2789 2106 qua
2826 2037 2999 2091 nostri
3042 2037 3288 2089 misereri
3323 2037 3516 2091 viden-

1949 2144 2057 2196 tur,
2087 2148 2232 2202 quos
2267 2147 2462 2202 nempe
2497 2141 2749 2186 errantes
2779 2141 2828 2185 et
2859 2132 3052 2186 stultos
3081 2130 3437 2196 arbitrantur,
3464 2139 3519 2182 et

1947 2224 2205 2292 deceptos
2255 2235 2482 2286 vocant;
2512 2223 2577 2276 ad
2620 2227 2734 2278 haec
2765 2224 2810 2278 si
2843 2237 3016 2290 neque
3047 2235 3145 2273 nos
3176 2220 3402 2273 divellat
3432 2227 3513 2272 at-

1948 2331 2052 2384 que
2089 2315 2354 2368 distrahat
2390 2314 2684 2367 liberorum
2738 2314 2995 2366 uxorisvc
3029 2326 3204 2374 amor,
3232 2320 3321 2364 ant
3341 2310 3512 2363 alicu-

1948 2407 2036 2473 jus
2067 2423 2252 2461 eormn
2299 2422 2417 2476 qua:
2459 2407 2776 2461 charissima
2831 2406 2882 2458 in
2930 2405 3038 2457 vita
3069 2413 3329 2472 putantur
3351 2417 3504 2465 esse,

1949 2509 2005 2552 ut
2037 2508 2127 2551 aut
2155 2498 2588 2566 possessionibus
2611 2507 2701 2551 aut
2732 2499 2856 2550 huic
2889 2496 2986 2563 ipsi
3021 2497 3142 2547 vitae
3176 2495 3516 2556 hmrcamus;

1948 2588 2041 2640 sed
2067 2589 2134 2639 ab
2165 2587 2251 2639 his
2284 2587 2539 2639 omnibus
2569 2587 2773 2651 aversi,
2807 2587 2902 2639 toti
2940 2585 3028 2638 Dei
3080 2585 3251 2638 simus
3293 2585 3520 2653 ejusque

1946 2675 2075 2726 vita:
2113 2688 2232 2740 qua:
2271 2688 2394 2726 cum
2425 2675 2539 2742 ipso
2573 2683 2627 2727 et
2667 2675 2806 2742 apml
2841 2675 3012 2742 ipsum
3044 2680 3149 2736 est,
3183 2681 3240 2724 ut
3265 2688 3513 2725 comnm-

1950 2765 2166 2818 nionem
2209 2763 2444 2817 habituri
2504 2779 2626 2816 cum
2679 2765 2950 2832 unigenito
2996 2763 3111 2832 ejus
3169 2762 3308 2814 Filio
3345 2773 3402 2816 et
3436 2764 3521 2816 his

1948 2855 2038 2924 qui
2086 2855 2203 2924 ejus
2257 2853 2555 2924 participes
2597 2865 2757 2918 sunt;
2824 2864 2951 2909 tunc
2998 2869 3094 2907 nos
3157 2853 3517 2907 confessionis

1949 2961 2260 3000 mensuram
2317 2946 2626 3014 implevisse
2684 2947 2866 3000 dicere
2918 2947 3240 3014 poterimus.
3274 2945 3330 2998 Si
3386 2959 3516 2999 vero

1950 3035 2034 3091 vel
2072 3052 2176 3088 uno
2211 3036 2434 3090 istorum
2479 3035 2660 3102 aliquo
2693 3034 3077 3096 defecerinms,
3111 3051 3217 3087 non
3268 3034 3518 3101 implevi-

1949 3145 2087 3192 tuus,
2135 3127 2228 3181 sed
2291 3129 2703 3196 inquinavimus
2766 3126 3130 3181 confessionis
3181 3139 3512 3179 mensuram.

1948 3221 2290 3288 Quapropter
2341 3220 2700 3287 indigebimns
2744 3219 2812 3274 iis
2870 3218 3069 3290 quibus
3135 3219 3381 3284 indigent
3425 3217 3519 3286 qui

261 3309 838 3380 supersedilicaverunt
873 3329 889 3360 ι
915 3326 1074 3378 super
1099 3311 1506 3364 fundamentum
1542 3309 2050 3380 ligna,aut,fenum,
2088 3323 2181 3364 aut
2217 3313 2464 3380 stipulam
2504 3312 2563 3363 ιθ.
2607 3331 2625 3363 ι

330 3407 440 3459 Καὶ
474 3404 631 3458 τοῦτο
663 3405 719 3458 δέ
757 3407 905 3476 ἡμᾶς
939 3405 1137 3460 ειδέναι
1169 3405 1294 3476 χρὴ,
1327 3407 1408 3458 ὄτι
1436 3405 1534 3468 τὰς
1582 3405 1845 3476 καλουμέ-

259 3516 355 3564 νας
389 3500 486 3553 τοῦ
519 3499 652 3552 Θεοῦ
686 3499 950 3569 διαθήκας
979 3500 1070 3551 ἐπὶ
1104 3499 1401 3570 συνθήκαις
1435 3498 1846 3568 παρεδεξάμεθα
1884 3537 1891 3542 -

260 3585 348 3654 αἷς
374 3591 517 3663 πρὸς
559 3591 722 3644 αὐτὸν
761 3590 1160 3660 ἐποιησάμεθα,
1199 3589 1580 3659 ἁναδεχόμενοι
1610 3589 1672 3640 τὸ
1705 3588 1846 3640 κατά

260 3681 690 3754 Χριστιανισμὸν
726 3681 873 3752 βιοῦν
894 3699 907 3711 ·
933 3682 1028 3735 καὶ
1061 3683 1118 3734 ἐν
1148 3685 1266 3745 ταῖς
1307 3681 1444 3752 πρὸς
1490 3680 1622 3733 Θεὸν
1649 3682 1847 3754 συνθή-

261 3790 382 3838 καις
415 3775 578 3845 ἡμῶν
603 3771 670 3846 ἦν
706 3777 855 3828 πᾶσα
891 3776 923 3844 ή
969 3774 1108 3827 κατὰ
1132 3773 1192 3826 τὸ
1225 3773 1555 3842 Εὐαγγέλιον
1584 3773 1845 3838 πολιτεία,

266 3863 424 3933 λέγον
445 3883 460 3896 ·
504 3885 520 3916 ι
544 3865 612 3918 Ei’
648 3883 732 3928 τις
765 3866 908 3918 θέλει
936 3865 1112 3916 ὀπίσω
1149 3881 1249 3934 μου
1282 3864 1476 3929 ἐλθεῖν,
1520 3863 1844 3933 ἀρνησάσθω

265 3955 484 4021 ἑαυτὸν,
517 3950 610 4010 καὶ
644 3957 830 4026 ἀράτω
877 3957 967 4012 τὸν
1001 3956 1229 4027 σταυρὸν
1276 3955 1464 4019 αὑτοῦ,
1496 3957 1587 4009 καὶ
1621 3957 1846 4009 ἀκολου-

265 4045 425 4103 θείτω
461 4066 575 4119 μοι.
620 4051 716 4112 Ὃς
744 4050 851 4120 γὰρ
883 4050 948 4102 ἂν
989 4048 1117 4121 θέλῃ
1136 4049 1232 4117 τὴν
1261 4048 1435 4118 ψυχὴν
1460 4047 1622 4101 αὑτοῦ
1651 4047 1844 4111 σῶσαι,

263 4141 525 4195 ἀπολέσει
550 4137 736 4211 αὐτήν.
780 4138 877 4202 ⁸ος
911 4140 955 4192 δ’
983 4139 1049 4193 ἂν
1081 4139 1320 4209 ἀπολέσῃ
1358 4138 1521 4190 αὑτοῦ
1548 4138 1644 4208 τὴν
1668 4138 1845 4209 ψυχὴν

263 4231 450 4285 ἕνεκεν
484 4229 640 4300 ἐμοῦ,
671 4223 824 4294 οὗτος
865 4228 1027 4282 σώσει
1061 4229 1248 4299 αὐτήν.
1279 4229 1342 4280 Τί
1371 4227 1477 4298 γὰρ
1495 4226 1847 4298 ὠφεληθήσε-

265 4338 352 4374 ται
384 4323 695 4395 ἄνθρωπος,
735 4321 793 4384 ὃς
823 4321 917 4373 ἐὰν
941 4320 1032 4374 τὸν
1064 4321 1264 4390 κόσμον
1292 4319 1408 4371 ὅλον
1439 4318 1676 4390 κερδήσῃ
1713 4317 1844 4388 (76),

267 4412 364 4484 τὴν
392 4407 459 4466 δέ
488 4412 660 4483 ψυχὴν
693 4410 856 4466 αὑτοῦ
891 4411 1175 4483 ζημιωθῇ;
1207 4411 1239 4481 ἢ
1284 4411 1336 4464 τί
1369 4409 1528 4463 δώσει
1563 4409 1846 4481 ἄνθρωπος

269 4499 629 4573 ἀντάλλαγμα
665 4503 762 4573 τῆς
802 4502 979 4573 ψυχῆς
1015 4501 1211 4566 αὑτοῦ;
1259 4500 1441 4572 μέλλει
1489 4499 1599 4572 γὰρ
1645 4503 1672 4554 ὁ
1719 4501 1846 4563 Υἱὸς

269 4592 360 4644 τοῦ
385 4592 676 4664 ἀνθρώπου
705 4592 954 4664 ἔρχεσθαι
985 4594 1041 4645 ὲν
1074 4595 1140 4663 τῇ
1163 4592 1286 4662 δόξῃ
1311 4592 1403 4643 τοῦ
1437 4591 1646 4662 [ἰατρὸς
1679 4589 1842 4642 αὑτοῦ

2019 3406 2107 3461 12.
2143 3407 2438 3462 Sciendum
2471 3417 2526 3460 et
2562 3407 2688 3459 illud
2740 3416 2844 3469 e;.t,
2897 3422 2994 3461 nos
3032 3408 3080 3460 id
3131 3406 3272 3476 quod
3321 3407 3519 3461 dicitur

1955 3507 2338 3552 testamentum
2374 3499 2468 3553 Dei
2496 3499 2663 3552 certis
2692 3497 3152 3551 convcntionibus
3184 3499 3512 3566 suscepisse,

1947 3605 2084 3658 quas
2113 3599 2224 3642 tum
2255 3589 2482 3643 fecimus
2505 3605 2628 3642 cum
2657 3604 2756 3642 nos
2789 3589 2944 3657 juxta
2979 3588 3356 3642 Christianam
3389 3587 3520 3641 reli-

1948 3681 2162 3749 gionem
2192 3680 2436 3734 victuros
2466 3681 2791 3748 recepimus.
2828 3679 2922 3734 His
2951 3686 3135 3732 autem
3173 3679 3374 3732 nostris
3395 3693 3518 3732 cum

1950 3774 2062 3826 Deo
2121 3771 2576 3825 eonvcntionibus
2622 3771 2935 3840 evangelica
2991 3771 3168 3824 omnis
3231 3769 3514 3838 disciplina

1947 3862 2353 3917 continebatur.
2383 3861 2474 3915 Sic
2503 3877 2665 3931 porro
2686 3863 2816 3915 dicit
2845 3861 3197 3930 Evangelium
3223 3876 3238 3912 :
3264 3879 3282 3912 ι
3312 3861 3368 3914 Si
3396 3863 3521 3930 quis

1946 3955 2065 4008 vult
2104 3963 2227 4022 post
2264 3968 2349 4008 me
2386 3955 2596 4018 venire,
2639 3956 2871 4022 abneget
2917 3954 3290 4023 semetipsum,
3332 3963 3384 4007 et
3416 3954 3518 4007 tol-

1953 4045 2031 4100 lat
2057 4062 2274 4101 crucem
2305 4064 2485 4112 suam,
2513 4056 2567 4101 et
2600 4056 2866 4114 sequatur
2902 4061 3007 4099 me.
3042 4045 3142 4111 Qui
3164 4046 3306 4100 enim
3337 4046 3521 4099 volue-

1952 4139 2023 4192 rit
2057 4140 2294 4192 animam
2349 4155 2504 4194 suam
2553 4139 2757 4194 salvam
2790 4139 2996 4200 facere,
3028 4138 3219 4206 perdet
3243 4151 3386 4191 eam.
3417 4136 3518 4200 Qui

1949 4240 2128 4284 autem
2154 4232 2450 4301 perdiderit
2475 4234 2712 4284 animam
2745 4246 2896 4284 suam
2931 4239 3152 4297 propter
3175 4244 3278 4291 me,
3311 4228 3516 4280 salvam

1951 4321 2113 4376 faciet
2136 4337 2276 4376 eam.
2313 4323 2453 4388 Quid
2484 4323 2629 4375 enim
2666 4323 2884 4390 prodest
2927 4319 3132 4372 homini
3169 4320 3214 4372 si
3251 4319 3516 4372 mundum

1949 4411 2264 4464 universum
2303 4412 2566 4475 lueretur,
2594 4412 2787 4463 animae
2821 4425 2949 4463 vero
2983 4424 3097 4462 suae
3128 4410 3516 4464 detrimentum

1949 4504 2224 4570 patiatur?
2268 4513 2358 4556 ant
2405 4519 2566 4571 qnam
2631 4503 2782 4557 dabit
2834 4504 2998 4556 homo
3039 4502 3518 4557 commutationem

1949 4613 2049 4667 pro
2090 4597 2269 4648 anima
2323 4596 2453 4648 sua?
2483 4595 2653 4649 Filius
2685 4595 2830 4647 enim
2866 4594 3102 4647 hominis
3142 4603 3405 4649 venturus
3435 4607 3520 4650 est

274 4684 410 4748 μετά
443 4683 552 4736 τῶν
583 4684 827 4753 ἀγγέλων
849 4683 1012 4737 αὐτοῦ
1033 4701 1046 4712 ’
1076 4684 1168 4736 καὶ
1198 4682 1317 4735 τότε
1346 4681 1612 4735 ἀποδώσει
1633 4683 1843 4752 ἑκάστῳ

1956 4685 2009 4738 in
2039 4683 2208 4753 gloria
2233 4683 2411 4737 Patris
2451 4683 2531 4735 sui
2571 4698 2690 4737 cum
2724 4684 2933 4750 angelis
2965 4683 3099 4743 suis,
3138 4693 3194 4736 et
3225 4690 3355 4736 tunc
3397 4685 3520 4737 red-

273 4775 420 4828 κατά
451 4775 550 4847 τὴν
589 4775 784 4846 πρᾶξιν
819 4774 1006 4829 αὑτοῦ.
1037 4793 1055 4824 ι
1089 4774 1162 4826 Τὸ
1191 4773 1246 4826 δὲ
1274 4774 1384 4827 δεῖν
1412 4773 1691 4846 ἀρνεῖσθαι
1723 4776 1848 4827 ἐαυ-

270 4863 384 4930 τὸν,
419 4867 513 4920 καὶ
559 4867 734 4940 αἴρειν
777 4866 868 4920 τὸν
903 4865 1094 4919 ἑαυτοῦ
1129 4865 1382 4936 σταυρὸν,
1421 4865 1514 4917 καὶ
1557 4864 1633 4935 τῷ
1670 4864 1846 4934 Ἰησοῦ

275 4953 604 5023 ἀκολουθεῖν,
631 4960 691 5012 ού
711 4959 868 5029 μόνος
894 4956 1190 5022 Ματθαῖος,
1224 4952 1284 5009 οὗ
1322 4956 1420 5027 τήν
1441 4955 1582 5020 λέξιν
1608 4955 1843 5027 παρεθέ-

277 5049 434 5119 μεθα,
470 5050 800 5122 ἀνέγραψεν,
863 5049 998 5104 ἀλλά
1045 5051 1138 5103 καὶ
1185 5049 1419 5112 Λουκᾶς,
1473 5049 1564 5101 καὶ
1597 5048 1844 5119 Μάρκος.

279 5141 476 5197 Ἄκουε
508 5143 616 5212 γὰρ
649 5129 835 5194 Λουκᾶ
869 5141 1120 5210 λέγοντος
1141 5157 1153 5170 °
1196 5159 1214 5192 ι
1237 5141 1303 5192 Εί
1344 5156 1428 5202 τις
1484 5139 1626 5191 θέλει
1673 5139 1847 5190 ὀπίσω

279 5248 378 5302 μου
426 5233 701 5305 ἔρχεσθαι,
750 5233 1075 5304 ἀρνησάσθω
1123 5233 1338 5296 ἐαυτὸν,
1374 5232 1467 5286 καὶ
1513 5232 1699 5302 ἀράτω
1755 5233 1846 5285 τὸν

279 5326 508 5398 σταυρὸν
558 5325 744 5389 αὑτοῦ,
785 5325 878 5378 καὶ
936 5324 1296 5379 ἀκολουθείτω
1340 5341 1448 5394 μοι.
1489 5325 1583 5386 Ὃς
1626 5323 1732 5394 γὰρ
1784 5323 1848 5376 ἂν

352 5529 392 5561 ⁸³
422 5528 612 5582 Matth.
643 5542 735 5589 vn,
769 5526 823 5579 2.
902 5529 944 5561 ¹⁶
979 5528 999 5582 l
1034 5528 1156 5584 Cor.
1191 5545 1283 5592 ιιι,
1315 5527 1402 5581 12.

361 5687 460 5759 (75)
485 5692 852 5761 Μιαίνοιμεν.
885 5691 986 5750 Ms.
1019 5690 1210 5756 codex,
1244 5689 1525 5760 μαίνομεν,
1556 5690 1712 5746 male.

1953 4777 2045 4830 det
2074 4775 2369 4842 unicuique
2412 4775 2707 4828 secundum
2738 4789 2898 4841 opera
2950 4773 3150 4843 ejus".
3182 4791 3202 4824 ›
3237 4773 3390 4840 Quod
3422 4791 3519 4829 au-

1957 4878 2063 4924 tem
2092 4870 2328 4937 seipsum
2363 4869 2636 4937 abnegarc
2667 4883 2886 4924 necesse
2909 4869 3000 4934 sit,
3027 4876 3082 4921 et
3112 4883 3332 4922 erucem
3361 4883 3518 4922 suam

1956 4959 2164 5020 tollere,
2207 4967 2260 5012 et
2292 4957 2477 5014 Jesum
2518 4959 2694 5026 sequi,
2731 4973 2837 5012 non
2881 4958 3032 5012 solus
3082 4957 3237 5025 cujus
3269 4959 3523 5027 apposui-

1954 5065 2072 5104 mus
2102 5050 2264 5103 verba
2293 5049 2577 5104 Matthazns
2608 5049 2852 5117 scripsit,
2879 5049 2972 5103 sed
3004 5058 3064 5102 et
3093 5046 3267 5102 Lucas
3299 5058 3352 5101 et
3379 5047 3521 5101 Har-

1952 5157 2076 5196 cus.
2123 5142 2262 5196 Audi
2301 5143 2446 5197 enim
2487 5142 2690 5197 Lucam
2741 5143 3007 5198 dicentem
3042 5157 3055 5195 :
3091 5142 3188 5196 «Si
3231 5141 3354 5210 quis
3409 5141 3523 5195 vult

1955 5242 2076 5302 post
2108 5249 2192 5288 me
2219 5230 2424 5299 venire,
2465 5235 2694 5302 abneget
2723 5235 3100 5304 semetipsum,
3131 5241 3186 5286 ct
3214 5231 3366 5286 tollat
3395 5245 3517 5283 cru-

1956 5340 2071 5378 cem
2103 5340 2277 5388 suam,
2306 5335 2361 5380 et
2393 5337 2793 5394 sequaturme.
2823 5324 2924 5392 Qui
2957 5324 3102 5379 enim
3142 5321 3374 5376 voluerit
3400 5318 3520 5372 ani-

1482 5525 1524 5558 ⁸⁷
1564 5524 1753 5581 Matth.
1792 5543 1874 5580 ιιι-ι
1901 5567 1916 5592 ,
1943 5529 2046 5593 24,
2083 5533 2172 5598 25,
2203 5530 2274 5584 26
2298 5571 2313 5596 ,
2351 5529 2445 5584 27.

2015 5691 2129 5761 (76)
2158 5689 2279 5754 Ms.,
2311 5689 2566 5764 κελδήσῃ,
2599 5687 2761 5744 male.
