3974 6160
514 239 618 295 579

1984 244 2305 300 CNGENIS

3649 245 3752 299 580

514 370 658 409 mam
686 369 838 410 suam
877 355 1081 409 salvam
1115 356 1314 418 facere,
1342 356 1531 425 perdet
1561 359 1728 417 illam.
1766 363 1867 428 Qui
1897 376 2054 418 auten

2181 364 2308 434 θέλῃ
2349 365 2448 434 τὴν
2494 364 2684 417 ἑαυτοῦ
2735 364 2904 416 σῶσαι
2945 363 3078 433 (77),
3131 363 3385 417 ἀπολέσει
3438 362 3626 432 αὐτὴν.
3657 365 3749 425 Ὃς

511 447 808 513 perdiderit
839 447 999 516 282
1028 448 1261 500 animam
1292 461 1444 501 suam
1475 459 1699 520 propter
1731 470 1838 520 me,
1869 458 2073 509 salvam

515 537 681 591 faciet
725 538 891 590 illam.
934 538 1069 603 Quid
1115 539 1256 591 enim
1307 540 1523 607 proficit
1553 544 1758 598 homini
1790 549 1832 599 si
1862 549 2076 601 univer-

513 642 634 681 sum
661 631 917 681 mundum
957 629 1214 692 lucretur,
1262 644 1321 680 se
1361 641 1543 684 autem
1591 635 1781 701 perdat
1825 647 1876 689 ct.
1910 639 2077 692 delri-

513 727 751 773 mentum
799 719 878 770 sui
916 717 1140 772 faciat”I
1166 720 1190 774 ?
1214 740 1231 770 ι
1271 719 1510 774 Marcum
1547 734 1723 778 autem
1753 744 1764 778 :
1798 745 1816 776 ‹
1843 729 1908 781 Ει
1941 745 2073 782 con-

511 817 702 861 vocata
731 807 886 859 turba
915 823 1036 860 cum
1066 809 1349 876 discipulis
1383 813 1517 873 suis,
1542 815 1677 866 dixit
1719 816 1798 868 eis
1830 838 1840 870 ε
1869 819 1922 869 Si
1955 821 2076 886 qu’s

510 897 620 948 vult
652 913 737 949 me
769 899 951 965 sequi,
987 901 1218 967 deneget
1250 903 1598 970 semetipsum
1645 914 1701 959 et
1752 909 1900 959 tollat
1955 926 2078 962 cru-

509 1002 627 1042 cem
655 1004 829 1053 suam,
861 999 912 1042 et
941 1001 1201 1058 sequatur
1229 1007 1331 1047 me.
1371 995 1473 1060 Qui
1513 996 1656 1049 enim
1689 998 1923 1052 voluerit
1960 1000 2076 1054 ani-

509 1094 650 1132 mam
700 1095 852 1132 suam
892 1081 1094 1135 salvam
1131 1083 1326 1146 facere,
1369 1089 1529 1154 perde
1579 1104 1730 1153 eam;
1770 1092 1858 1158 qui
1888 1104 2068 1145 autem

506 1170 809 1235 perdiderit
840 1180 1059 1238 propter
1082 1171 1465 1244 Evangelium,
1499 1178 1705 1232 salvam
1739 1182 1901 1236 faciet
1927 1198 2070 1238 eam.

505 1259 643 1323 Quid
677 1260 824 1312 enim
874 1262 1113 1328 proderit
1170 1265 1374 1319 homini
1427 1267 1472 1321 si
1524 1268 1762 1324 lueretur
1811 1276 2068 1328 mundum

506 1358 698 1412 totum,
732 1357 786 1401 et
833 1350 1222 1406 detrimentum
1289 1358 1482 1411 anima:
1526 1374 1637 1413 suae
1678 1361 1875 1416 faciat?
1931 1365 2070 1430 Quid

502 1441 649 1494 enim
681 1441 828 1494 dabit
858 1444 1018 1496 homo
1053 1447 1491 1501 eommutationis
1518 1465 1616 1518 pro
1640 1451 1818 1504 anima
1849 1469 1945 1506 sua
1966 1454 2061 1508 '9?»

504 1532 716 1585 Dudum
764 1532 928 1601 igitur
979 1536 1340 1602 nosmetipsos
1380 1537 1646 1607 abnegare
1695 1542 1980 1596 debuimus
2015 1554 2069 1598 et

503 1627 683 1680 dicere
709 1642 723 1677 :
748 1643 766 1674 ι
789 1625 926 1680 Vivo
955 1625 1067 1694 jam
1117 1643 1221 1681 non
1259 1630 1455 1698 ego";
1491 1650 1511 1683 ι
1553 1648 1695 1686 nime
1741 1649 1870 1687 vero
1899 1651 2063 1704 appa-

505 1725 624 1768 reat
676 1732 744 1767 an
799 1716 1181 1770 sustulerimus
1231 1732 1448 1772 crucem
1499 1731 1740 1775 nostram
1777 1733 1832 1776 et
1881 1723 2062 1777 Jesum
2099 1707 2140 1760 Β

511 1807 685 1860 secuti
738 1807 908 1860 simus
938 1809 1112 1874 :quod
1157 1807 1358 1862 factum
1416 1819 1520 1873 est,
1561 1813 1605 1866 si
1653 1814 1782 1867 vivit
1833 1816 1882 1868 in
1916 1817 2067 1871 nobis

501 1898 772 1952 Christus.
805 1898 861 1951 Si
895 1908 1140 1952 nostram
1188 1900 1437 1954 volumus
1482 1901 1713 1956 animam
1757 1905 1959 1958 salvam
1989 1906 2068 1959 fa-

500 2005 647 2054 cere,
680 2001 738 2045 ut
778 1992 950 2059 ipsam
985 1992 1164 2044 anima
1201 1995 1479 2050 meliorem
1528 1997 1875 2066 recipiamus,
1920 2015 2066 2052 mar-

502 2085 642 2156 tyrio
679 2085 972 2155 perdamus
1023 2101 1164 2140 eam.
1219 2087 1274 2140 Si
1310 2090 1456 2142 enim
1501 2105 1622 2144 eam
1671 2092 2065 2158 perdiderimus

500 2186 722 2244 propler
746 2177 1050 2239 Christum,
1081 2178 1400 2246 eamqueilli
1429 2180 2065 2250 profuderimuspropter

500 2267 676 2333 ipsum
706 2267 1007 2333 moriendo,
1042 2285 1224 2323 veram
1250 2270 1482 2323 salutem
1515 2271 1564 2326 ei
1600 2274 2058 2339 comparabimus.

498 2354 595 2408 Sin
649 2358 850 2421 minus,
887 2360 1171 2413 audiemus
1217 2362 1349 2414 nihil
1405 2361 1476 2414 illi
1519 2361 1775 2429 prodesse
1812 2363 1901 2429 qui
1941 2363 2063 2415 uui-

495 2462 710 2504 versum
750 2451 1008 2505 mundum
1039 2452 1354 2506 sensibilem
1390 2467 1488 2506 sua
1536 2453 1706 2520 ipsius
1734 2451 1944 2519 jactura
1979 2453 2060 2506 lu-

492 2550 680 2594 cratus
711 2540 905 2606 fuerit;
936 2543 1140 2611 quique
1175 2543 1450 2612 propriam
1483 2544 1649 2598 semel
1675 2545 1908 2597 animam
1937 2559 2062 2612 pcr-

493 2631 696 2686 «liderit
721 2633 907 2702 ejusve
948 2634 1339 2695 detrimentum
1376 2635 1589 2700 fecerit,
1617 2651 1739 2690 eum
1769 2652 1866 2689 nec
1901 2653 2059 2690 mun-

492 2720 617 2773 dum
670 2721 1005 2786 universum,
1054 2723 1099 2777 si
1141 2723 1385 2778 lucratus
1439 2724 1587 2777 illum
1631 2726 1721 2784 sit,
1759 2741 1918 2793 posse
1963 2741 2058 2794 pro

491 2812 690 2866 amissa
719 2812 900 2866 anima
930 2815 1408 2870 commutationem
1455 2819 1606 2872 dare.
1637 2815 1732 2870 Est
1785 2819 1929 2870 enim
1965 2819 2055 2873 illa

495 2904 661 2956 rebus
700 2903 952 2956 onmibus
1000 2905 1285 2972 pretiosior
1331 2923 1450 2974 quae
1484 2909 1549 2960 ad
1610 2907 1705 2960 Dei
1767 2909 2054 2978 imaginem

2181 458 2224 508 δ’
2259 456 2324 510 ἃν
2354 457 2592 527 ἀπολέσῃ
2635 456 2732 528 τὴν
2763 455 2942 526 ψυχὴν
2980 455 3144 507 αὑτοῦ
3183 457 3362 507 ἕνεκεν
3405 454 3557 523 ἐμοῦ,
3599 451 3747 516 οὗτος

2184 547 2344 600 σώσει
2377 550 2580 618 αὑτήνο
2615 549 2668 600 τί
2703 548 2810 619 γάρ
2839 548 3128 619 ώφελεῖται
3156 547 3438 617 ἄνθρωπος
3479 548 3746 616 κερδήσας

2180 640 2270 691 τὸν
2299 640 2499 709 κόσμον
2524 639 2664 701 ὅλον,
2701 639 2890 692 ἑαυτὸν
2921 639 2976 691 δὲ
3004 639 3272 701 ἀπολέσας
3304 638 3335 709 ἢ
3371 637 3671 708 ζημιωθείς
3693 654 3738 700 ;ι

2181 732 2407 801 Μάρκου
2455 731 2544 782 δέ·
2588 751 2605 780 ι
2631 731 2737 783 Καὶ
2784 730 3292 801 προσκαλεσάμενος
3342 730 3432 782 τὸν
3464 729 3620 798 ὄχλον
3650 730 3744 781 σὺν

2179 823 2290 882 τοῖς
2320 819 2584 890 μαθηταῖς
2616 819 2804 882 αὑτοῦ,
2833 817 2981 872 εἶπεν
3008 822 3213 882 αὐτοῖς·
3249 819 3318 872 Εἴ
3345 836 3428 880 τις
3457 818 3598 870 θέλει
3622 817 3740 869 ὀπί-

2181 931 2258 964 σω
2305 930 2404 982 μου
2437 913 2764 976 ἀκολουθεῖν,
2795 913 3197 984 ἀπαρνησάσθω
3236 912 3445 977 ἑαυτὸν,
3482 913 3576 964 καί
3614 911 3740 980 ἀρά-

2178 1021 2253 1055 τω
2302 1003 2392 1054 τὸν
2444 1003 2671 1072 σταυρὸν
2724 1003 2908 1064 αὑτοῦ,
2940 1004 3032 1055 καὶ
3094 999 3455 1056 ἀκολουθείτω
3506 1019 3614 1070 μοι.
3650 1004 3738 1065 Ὃς
3807 1064 3812 1065 ν

2178 1095 2285 1165 γὰρ
2321 1096 2386 1148 ἂν
2419 1097 2548 1167 θέλῃ
2577 1099 2674 1167 τὴν
2710 1097 2901 1150 ἑαυτοῦ
2933 1098 3110 1167 ψυχὴν
3146 1098 3337 1157 σῶσαι,
3376 1095 3741 1150 ἀπολέσειαύ-

2176 1189 2274 1256 τήν
2295 1206 2306 1217 ·
2333 1187 2390 1250 ὃς
2414 1188 2456 1239 δ’
2496 1188 2560 1239 ἀν
2595 1188 2834 1260 ἀπολέσῃ
2867 1189 3048 1241 ἕνεκεν
3086 1189 3176 1239 τοῦ
3204 1187 3556 1254 Εύαγγελίου,
3587 1186 3738 1240 σώσει

2177 1280 2364 1350 αὑτήν.
2405 1281 2468 1331 Τί
2503 1281 2558 1332 δὲ
2590 1281 2859 1350 ὠφελήσει
2905 1280 2996 1332 τὸν
3043 1279 3346 1351 ἄνθρωπον,
3380 1279 3474 1332 ὲάν
3506 1279 3738 1353 κερδήσῃ

2173 1371 2264 1422 τὸν
2296 1371 2497 1441 κόσμον
2529 1372 2668 1435 ὅλον,
2704 1373 2796 1425 καὶ
2826 1371 3071 1441 ζημιωθῇ
3105 1371 3199 1441 τὴν
3235 1371 3410 1441 ψυχὴν
3441 1370 3642 1435 αὐτοῦς
3677 1370 3735 1422 Τί

2174 1463 2280 1533 γὰρ
2309 1462 2468 1516 δώσει
2502 1463 2597 1516 ἄνο
2608 1481 2784 1533 ρωπος
2802 1462 3152 1532 ἀντάλλαγμα
3179 1463 3279 1532 τῆς
3303 1462 3479 1532 ψυχῆς
3504 1462 3666 1515 αὑτοῦ
3687 1479 3728 1527 ;›

2173 1557 2345 1608 Πάλαι
2377 1556 2554 1608 τοίνυν
2585 1555 2870 1625 ὀφείλομεν
2914 1554 3194 1626 ἀρνεῖσθαι
3238 1556 3480 1617 ἑαυτοὺς,
3511 1557 3604 1607 καὶ
3647 1555 3731 1606 λέ-

2171 1665 2316 1715 γειν·
2355 1648 2476 1700 «Ζῶ
2523 1649 2702 1701 οὐκέτι
2761 1647 2902 1714 ἐγώ·
2932 1667 2949 1697 ι
3000 1648 3094 1700 καὶ
3133 1647 3224 1700 νῦν
3270 1647 3326 1698 δὲ
3373 1647 3631 1715 φανείτω,
3665 1649 3730 1709 εί,

2170 1740 2396 1811 ἄραντες
2438 1738 2644 1792 ἑαυτῶν
2677 1739 2767 1792 τὸν
2812 1739 3063 1810 σταυρὸν,
3105 1738 3183 1808 τῷ
3224 1737 3397 1809 Ἰησοῦ
3440 1738 3732 1808 ἠκολουθή-

2171 1849 2374 1900 σαμεν·
2399 1832 2535 1901 ὅπερ
2564 1831 2808 1898 γέγονεν,
2845 1831 2894 1882 εἰ
2944 1830 3008 1900 ζῇ
3055 1833 3111 1882 ἐν
3147 1833 3276 1900 ἡμῖν
3317 1832 3344 1882 ὁ
3384 1829 3637 1901 Χριστός.
3672 1831 3730 1882 Εἰ

2169 1923 2392 1993 θέλομεν
2429 1922 2585 1993 ἡμῶν
2639 1923 2808 1976 σῶσαι
2852 1923 2949 1993 τὴν
2997 1922 3193 1992 ψυχὴν,
3233 1923 3315 1975 ἵνα
3345 1922 3513 1992 αὐτὴν
3537 1922 3731 1974 ἀπολά-

2167 2012 2350 2083 ϐωμεν
2399 2013 2681 2082 κρείττονα
2736 2011 2914 2083 ψυχῆς
2964 2013 3094 2082 (78),
3135 2013 3418 2084 μαρτυρίῳ
3461 2013 3730 2066 ἀπολέσω-

2169 2122 2266 2175 μεν
2298 2107 2484 2176 αύτήν.
2522 2105 2646 2159 Ἐὰν
2678 2104 2784 2178 γὰρ
2816 2104 3165 2174 ἀπολέσωμεν
3188 2104 3354 2175 αὐτὴν
3383 2103 3565 2168 ἕνεκεν
3603 2105 3729 2174 Χρι-

2167 2197 2314 2260 στοῦ,
2351 2197 2500 2266 αὑτῷ
2539 2189 2987 2267 ἐπιρριπτοῦντες
3027 2196 3194 2268 αὐτὴν
3247 2198 3302 2248 ὲν
3349 2196 3426 2266 τῷ
3473 2197 3538 2249 δι’
3574 2197 3727 2250 αὑτὸν

2165 2289 2397 2359 θανάτῳ,
2427 2289 2525 2358 τὴν
2551 2288 2721 2358 ἀληθῆ
2778 2289 3046 2358 σωτηρίαν
3102 2289 3528 2358 περιποιήσομεν
3573 2291 3724 2360 αὐτῇ.

2177 2381 2300 2434 Ἐὰν
2333 2381 2388 2432 δὲ
2419 2380 2480 2431 τὸ
2513 2379 2772 2443 ἐναντίον,
2811 2379 3134 2448 ἁκούσομεν,
3158 2381 3238 2431 ὅτι
3264 2380 3415 2432 οὐδὲν
3445 2380 3726 2448 ὠφελεῖται

2161 2474 2189 2525 ὁ
2220 2473 2310 2525 τὸν
2349 2473 2466 2525 ὅλον
2499 2472 2768 2542 κερδήσας
2801 2471 3052 2540 αἰσθητὸν
3094 2471 3293 2541 κόσμον
3325 2471 3413 2524 διά
3459 2473 3558 2542 τῆς
3598 2474 3726 2537 ἰδίας

2161 2562 2433 2628 ἀπωλείας
2452 2580 2466 2594 °
2499 2560 2645 2626 ἅπαξ
2676 2563 2731 2614 δὲ
2760 2562 3029 2625 ἀπολέσας
3066 2581 3150 2626 τις
3176 2564 3273 2632 τὴν
3307 2563 3498 2616 ἑαυτοῦ
3533 2563 3723 2634 ψυχὴν,

2159 2661 2193 2732 ἢ
2236 2660 2533 2731 ζημιωθεὶς
2579 2660 2769 2730 αὐτὴν,
2803 2657 2902 2711 κᾶν
2939 2658 3030 2710 τὸν
3073 2657 3193 2710 ὅλον
3235 2657 3472 2728 κερδήσῃ
3505 2657 3723 2724 κόσμον,

2153 2752 2214 2806 ού
2255 2753 2538 2821 δυνήσεται
2571 2751 2728 2804 αὐτὸν
2769 2749 2947 2801 δοῦναι
2987 2749 3337 2816 ἀντάλλαγμα
3364 2748 3463 2815 τῆς
3494 2744 3718 2798 ἀπολλυ-

2158 2834 2324 2905 μένης
2351 2836 2545 2905 ψυχῆς.
2592 2834 2653 2884 'il
2679 2833 2784 2901 γὰρ
2817 2831 2934 2883 κατ’
2960 2833 3140 2883 εἰκόνα
3168 2831 3301 2882 (θεοῦ
3330 2830 3719 2899 δεδημιουργη-

2160 2919 2298 2987 μένη
2327 2917 2624 2986 τιμιωτέρα
2672 2915 2786 2967 ἐστὶ
2835 2916 3069 2966 πάντων.
3117 2908 3211 2975 Εἷς
3257 2914 3416 2982 μόνος
3441 2913 3717 2982 δεδύνηται

493 2992 712 3046 condita
741 3003 841 3048 est.
873 2993 1023 3048 Iluus
1052 2995 1142 3048 ille
1180 2999 1353 3063 potuit
1394 3011 1490 3064 pro
1525 2999 1724 3050 amissa
1755 3000 1904 3065 prius
1934 3003 2053 3054 ani-

2159 3002 2333 3054 δοῦναι
2361 3002 2709 3068 ἀντάλλαγμα
2733 3000 2831 3068 τῆς
2856 2999 3228 3067 ἀπολλυμένης
3260 2999 3518 3068 πρότερον
3547 2998 3718 3067 ψυχῆς

493 3098 578 3135 ma
627 3093 814 3136 nostra
863 3085 1340 3137 commutationem
1394 3089 1526 3140 dare
1564 3088 1652 3155 qui
1713 3105 1730 3138 ι
1761 3091 2047 3157 pretioso»

492 3185 591 3223 nos
623 3187 641 3218 ι
669 3171 933 3240 sanguine
958 3188 975 3221 ι
1009 3186 1109 3225 suo
1135 3174 1365 3226 redemit
1385 3176 1451 3227 η.

565 3282 648 3335 l5.
692 3279 877 3350 Itaque
922 3283 967 3336 si
1016 3284 1241 3339 studiosi
1302 3285 1353 3338 in
1411 3286 1658 3350 Christo,
1713 3299 1764 3343 et
1816 3290 1921 3353 iam
1967 3307 2064 3349 co-

488 3373 787 3442 gnitionem
841 3373 983 3427 illam
1029 3390 1149 3444 quae
1181 3394 1198 3427 ι
1224 3391 1320 3444 per
1361 3378 1634 3446 speculum
1665 3400 1682 3432 ι
1725 3390 1807 3436 est
1852 3393 1906 3436 et
1956 3385 2051 3438 «in

485 3465 772 3533 aenigmate
805 3466 918 3531 ",1
985 3469 1246 3522 excedere
1324 3469 1545 3537 cupidi,
1602 3474 1900 3540 properatis
1983 3478 2049 3529 ad

483 3571 606 3612 eum
666 3557 757 3627 qui
812 3559 1021 3612 vocavit
1067 3574 1194 3627 vos,
1243 3563 1582 3630 cognoscetis
1634 3575 1894 3632 quantum
1942 3582 2046 3621 non

485 3649 824 3720 cognovislis
869 3666 1106 3720 unquam
1137 3690 1154 3715 ,
1200 3668 1218 3700 ι
1246 3652 1385 3704 facie
1432 3669 1623 3722 nempe
1673 3657 1737 3710 ad
1782 3656 1994 3721 facient,
2023 3676 2042 3710 ι

482 3751 544 3794 ιιι
585 3739 764 3796 Patris
808 3742 1046 3796 cmlestis
1092 3743 1274 3797 amici.
1323 3744 1494 3798 Amici
1540 3747 1683 3800 enim
1724 3748 1951 3803 videndo
1995 3758 2049 3803 et

483 3845 592 3881 non
663 3844 760 3897 per
834 3833 1115 3900 aenigmata
1188 3834 1404 3888 discunt
1458 3845 1549 3888 aut
1601 3837 1738 3888 nuda
1811 3852 2043 3904 vocum,

483 3919 568 3971 vel
617 3919 935 3985 dictionum,
979 3924 1063 3975 vel
1107 3923 1422 3990 signorum,
1475 3926 1558 3980 vel
1617 3928 1909 3996 figurarum
1960 3943 2047 3981 sa-

481 4013 720 4081 picntia,
765 4015 859 4067 sed
915 4013 1335 4082 intelligibilium
1400 4031 1580 4069 rerum
1639 4028 1886 4072 naturam
1953 4031 2043 4074 aut

478 4103 727 4158 veritatis
801 4103 1264 4174 pulchritudinem
1319 4105 1607 4175 attingunt.
1673 4106 1728 4158 Si
1804 4107 2045 4162 creditur

477 4195 679 4252 Paulus
717 4216 735 4249 ι
763 4197 833 4251 ad
885 4198 1104 4250 tertium
1155 4195 1352 4251 crelum
1376 4215 1396 4248 ι
1449 4205 1634 4264 raptus
1681 4211 1822 4261 esse,
1857 4207 1911 4251 et
1941 4215 2041 4252 au-

475 4289 622 4345 disse
653 4308 670 4343 ι
693 4305 893 4345 arcana
921 4293 1086 4344 verba
1108 4305 1228 4359 qua:
1252 4305 1357 4345 non
1391 4289 1516 4343 licet
1542 4291 1745 4343 homini
1773 4289 2034 4359 loqui”,i

2155 3084 2331 3153 ἡμῶν,
2364 3085 2391 3136 ὁ
2438 3085 2785 3154 ὠνησάμενος
2825 3085 2972 3152 ἡμᾶς
3014 3083 3090 3154 τῷ
3137 3083 3328 3135 ἑαυτοῦ
3373 3103 3391 3134 ι
3431 3085 3597 3154 τιμίῳ
3638 3083 3718 3136 αἶ-

2163 3185 2311 3238 ματι.
2357 3188 2374 3218 ι

2239 3297 2363 3352 Ἐὰν
2393 3293 2484 3351 οὖν
2517 3294 2934 3365 φιλομαθοῦντες
2967 3295 3022 3346 ἐν
3054 3290 3293 3363 Χριστῷ,
3325 3291 3419 3343 καὶ
3457 3289 3557 3359 ἤδη
3595 3286 3718 3340 ποτὲ

2156 3390 2218 3444 τὸ
2267 3410 2285 3442 ι
2335 3390 2399 3444 δι’
2453 3389 2716 3458 ἐσόπτρου
2773 3386 2866 3438 καὶ
2912 3386 2970 3437 ἐν
3035 3385 3313 3456 αἰνίγματι
3359 3403 3377 3433 ι
3437 3382 3717 3453 μανθάνειν

2158 3480 2502 3552 ὑπερϐαίνειν
2541 3477 2817 3540 θέλοντες,
2853 3475 3118 3545 σπεύδητε
3151 3476 3287 3546 πρὸς
3331 3473 3420 3526 τὸν
3463 3471 3715 3527 καλέσαν-

2155 3588 2246 3633 τα,
2271 3571 2392 3622 ὅσον
2427 3567 2657 3626 οὐδέπω,
2689 3586 2706 3616 ι
2734 3565 3022 3636 πρόσωπον
3057 3563 3192 3634 πρὸς
3225 3563 3511 3634 πρόσωπον
3535 3581 3552 3611 ι
3591 3560 3717 3613 εἷσε-

2159 3659 2272 3721 σθε,
2303 3659 2378 3721 ὡς
2402 3659 2544 3726 φίλοι
2582 3657 2675 3710 τοῦ
2718 3658 2774 3708 ἐν
2815 3657 3061 3726 οὐρανοῖς
3098 3654 3339 3723 Πατρός·
3370 3655 3418 3705 οἱ
3449 3653 3558 3721 γὰρ
3581 3651 3714 3719 φίλοι

2157 3751 2214 3802 ὲν
2239 3749 2390 3807 εἴδει,
2428 3747 2522 3800 κα)⁸
2553 3747 2611 3798 οὐ
2639 3747 2706 3798 δι’
2735 3745 3068 3815 αἰνιγμάτων
3100 3742 3477 3814 μανθάνουσιν,
3508 3741 3541 3810 ἦ
3577 3756 3713 3810 γυμ-

2153 3843 2217 3910 νῇ
2251 3838 2413 3908 σοφίᾳ
2441 3836 2652 3905 φωνῶν,
2676 3837 2770 3890 καὶ
2795 3835 3012 3899 λέξεων,
3037 3835 3129 3886 καὶ
3169 3831 3472 3902 συμϐόλων,
3504 3832 3596 3883 καὶ
3621 3828 3711 3882 τύ-

2156 3947 2290 3992 πων,
2318 3925 2744 3997 προσϐάλλοντες
2772 3927 2838 3993 τῇ
2860 3923 2966 3975 τῶν
2990 3921 3192 3990 νοητῶν
3216 3920 3373 3988 φύσει
3402 3919 3590 3989 καὶτῷ
3618 3918 3712 3987 τῆς

2151 4017 2407 4088 ἀληθείας
2438 4016 2641 4069 κάλλει.
2676 4016 2846 4084 Εἴπερ
2875 4012 3208 4076 πιστεύεται,
3254 4014 3335 4064 ὅτι
3375 4010 3585 4074 Παῦλος
3615 4012 3710 4081 ήρ-
3743 4085 3749 4096 ι

2154 4111 2302 4181 πάγη
2343 4127 2360 4160 ι
2387 4111 2466 4170 εἰς
2510 4108 2692 4178 τρίτον
2731 4106 2981 4176 οὐρανὸν,
3005 4124 3022 4154 ι
3065 4104 3158 4157 καὶ
3194 4104 3427 4174 ἥκουσεν
3465 4105 3708 4174 «ἄρρητα

2153 4199 2389 4269 ῥήματα,
2419 4196 2454 4250 ἀ
2487 4197 2587 4248 οὐκ
2627 4194 2744 4260 ἐξὸν
2787 4193 3058 4265 ἀνθρώπῳ
3087 4192 3335 4263 λαλῆσαι,
3361 4210 3381 4242 ι
3409 4191 3708 4255 ἀκολούθως

2148 4287 2356 4341 εἴσεσθε
2393 4286 2499 4357 (79)
2544 4287 2624 4338 ὅτι
2664 4283 2771 4337 τῶν
2809 4285 2929 4336 τότε
2977 4283 3174 4352 Παύλῳ
3217 4281 3709 4350 ἀποκαλυφθέντων

475 4393 875 4453 consequenter
923 4383 1234 4452 intelligetis
1267 4383 1331 4437 iis
1373 4398 1493 4451 quae
1521 4392 1649 4437 tunc
1684 4380 1850 4437 Paulo
1883 4399 2041 4438 reve-

2159 4379 2411 4450 ῥημὰτων
2463 4379 2736 4449 ἀρρήτων,
2795 4375 2912 4444 μεθ’
2964 4374 3001 4427 ἃ
3041 4373 3415 4444 καταϐέϐηκεν
3465 4372 3572 4425 ἀπὸ
3614 4370 3706 4424 τοῦ

477 4473 582 4526 lata
615 4483 762 4540 sunt,
799 4474 1017 4528 arcanis
1050 4475 1253 4537 verbis,
1301 4483 1422 4542 post
1456 4488 1575 4540 quae
1618 4487 1648 4524 e
1695 4475 1855 4528 tertio
1901 4474 2040 4528 coelo

473 4566 774 4631 descendit,
811 4565 965 4639 plura
1019 4581 1116 4622 vos
1151 4575 1204 4620 et
1231 4566 1434 4634 majora
1467 4567 1648 4620 statim
1685 4581 1807 4621 esse
1851 4567 2043 4631 cogni-

551 4764 594 4795 ³⁸
617 4763 882 4827 LueJux,
914 4764 1008 4824 25,
1031 4762 1124 4827 24,
1151 4763 1245 4818 25.
1275 4763 1319 4795 ⁸⁸
1353 4762 1522 4816 Marc.
1553 4778 1674 4828 \‘tll,
1707 4762 1794 4826 54,
1823 4763 1913 4828 35,
1940 4767 2032 4823 56.

474 4833 518 4864 ³³
549 4830 586 4884 ll
619 4834 746 4886 Cor.
779 4847 876 4898 xu,
901 4833 958 4896 2,
991 4834 1043 4886 4.

547 4964 660 5034 (77)
691 4965 829 5019 Ante
860 4967 1052 5043 σῶσαι,
1102 4969 1252 5022 deest
1285 4968 1338 5020 in
1387 4969 1756 5043 manuscripto
1789 4987 1891 5026 vox
1920 4972 2028 5043 ψυ-

472 5035 739 5105 χήνηιιιιω
765 5046 939 5087 tamen
967 5039 1177 5090 videtur
1209 5040 1532 5091 necessaria.

541 5104 649 5174 (78)
694 5105 1100 5174 Ἆπολάϐωμεν
1144 5107 1451 5174 κρείττονα
1493 5107 1718 5175 ψυχῆς.
1762 5109 1814 5164 Id
1851 5112 2030 5166 innuit

480 5173 744 5250 Origenes
772 5177 912 5250 quod
947 5175 1040 5250 lih.
1080 5191 1117 5229 ιι
1180 5176 1258 5228 De
1304 5173 1746 5250 principiis,7cap.
1794 5181 1846 5244 7,
1882 5198 1938 5250 _n.
1971 5182 2026 5247 5,

471 5243 690 5312 scripsit
718 5261 733 5298 :
771 5264 788 5294 ι
817 5243 1110 5297 Videndum
1147 5260 1272 5313 ergo
1301 5255 1402 5310 est,
1443 5243 1508 5299 ne
1545 5243 1847 5304 forte-sient
1878 5243 2026 5303 dixi;

473 5331 595 5385 mus
629 5328 692 5385 ex
723 5316 839 5382 ipso
865 5313 1080 5385 nomine
1105 5315 1395 5385 declarari,
1425 5315 1490 5368 ab
1519 5331 1582 5369 eo
1615 5320 1756 5385 quod
1794 5321 2026 5373 refrixe-

470 5384 541 5434 rit
573 5382 1137 5456 a‘fervorejustorum
1169 5392 1225 5437 et
1255 5384 1420 5456 divini
1456 5386 1596 5452 ignis
1633 5382 2016 5456 participatio-

468 5467 558 5515 ne,
589 5452 757 5522 ψυχή,
793 5454 842 5522 id
883 5460 966 5505 est
1010 5455 1188 5506 anima
1227 5453 1487 5521 appellata
1538 5452 1778 5511 sitaNec
1837 5452 2014 5512 tanien

469 5524 652 5574 amissi
698 5521 1010 5576 facultatem
1061 5523 1380 5577 restituendi
1423 5539 1480 5578 se
1515 5526 1566 5576 in
1620 5525 1765 5579 illum
1813 5538 2013 5581 statmn

468 5589 720 5664 fervoris,
752 5592 808 5664 in
850 5607 957 5664 quo
1010 5607 1077 5647 ex
1123 5593 1279 5664 initio
1312 5591 1432 5646 fuit.
1469 5593 1618 5648 Unde
1671 5607 1725 5648 et
1752 5599 2012 5664 propheta

473 5661 576 5711 tale
606 5660 810 5728 aliquid
842 5663 1054 5716 videtur
1083 5663 1390 5730 ostendere,
1439 5680 1561 5720 cum
1605 5660 1783 5720 dicit‘:
1817 5660 2027 5720 darer--

2108 4767 2152 4799 ²⁰
2179 4762 2358 4820 Galat.
2386 4774 2446 4823 it,
2484 4757 2573 4815 '20.

2141 4471 2327 4542 τρίτου
2372 4468 2622 4540 οὐρανοῦ,
2657 4467 2876 4519 πλείονα
2909 4467 3002 4518 καὶ¹
3056 4465 3279 4536 μείζονα
3335 4463 3537 4526 εὐθέως
3568 4460 3705 4532 γνώ-

2143 4563 2322 4628 σεσθε,
2369 4562 2504 4630 μετὰ
2543 4560 2640 4630 τὴν
2673 4557 2869 4628 γνῶσιν
2915 4558 2974 4611 ού
3017 4557 3472 4628 καταϐησόμενοι,
3501 4557 3596 4610 ὲάν
3625 4554 3704 4608 αἴ-

2676 4757 2717 4788 “
2749 4755 2766 4810 1
2803 4753 2920 4810 Pet.
2957 4770 2994 4814 ι,
3017 4754 3071 4808 9.
3175 4755 3218 4785 ’³
3253 4753 3420 4809 lCor.
3451 4753 3702 4820 xm,12.

2139 4985 2266 5035 (ere,
2299 4968 2482 5023 anima
2513 4982 2644 5028 mea,
2677 4967 2732 5018 in
2779 4966 3005 5033 requiem
3039 4973 3202 5035 tuam
3235 4961 3399 5034 (Psal.
3438 4977 3588 5035 σειν,
3623 4961 3695 5035 7).

2134 5043 2213 5096 Ex
2253 5032 2463 5107 quibus
2516 5035 2768 5090 omnibus
2829 5032 2954 5107 illud
2999 5034 3217 5107 videtur
3247 5032 3495 5107 ostendi,
3543 5032 3694 5107 quod

2137 5102 2298 5165 mens
2335 5109 2399 5161 de
2449 5116 2590 5159 statu
2634 5122 2730 5159 suo
2759 5121 2821 5158 ac
2866 5104 3468 5172 dignitatedeclinans,
3503 5102 3692 5172 effecta

2134 5183 2220 5234 vel
2275 5186 2586 5244 [nuncupata
2645 5184 2729 5229 est
2774 5169 2973 5239 anima,
3002 5188 3134 5244 quze
3167 5174 3211 5225 si
3249 5183 3493 5239 reparata
3513 5169 3696 5244 .fuerit

2131 5262 2185 5304 et
2229 5238 2500 5310 correcta,
2553 5246 2714 5320 rerlit__
2743 5245 2794 5297 in
2851 5238 2966 5298 hoc,
2999 5238 3058 5294 ut
3095 5243 3197 5320 sit__
3233 5238 3450 5320 mens.)
3503 5238 3692 5320 (ξι-σερε

2132 5322 2295 5375 verba
2343 5319 2539 5370 ibidem
2573 5316 2923 5374 exhibentur,
2966 5327 3030 5366 ex
3088 5312 3284 5380 quibus
3333 5312 3467 5362 satis
3526 5310 3696 5376 liquet

2127 5405 2237 5458 quo
2281 5398 2438 5456 pacto
2483 5386 2662 5437 anima
2715 5385 2815 5458 fiat
2855 5381 3076 5458 Qu-igeui
3107 5382 3285 5458 auium
3333 5381 3522 5434 melior
3541 5392 3693 5458 :__per

2125 5447 2449 5527 martvrium
2483 5469 2675 5527 netnpe
2705 5455 2844 5506 redit
2877 5447 3072 5527 iu_hoc
3104 5460 3184 5527 __ut
3226 5451 3298 5506 sit
3353 5464 3526 5506 meus.
3561 5447 3692 5503 νιιιθ

2123 5529 2218 5581 lih.
2254 5520 2288 5580 ti
2324 5525 2886 5595 Origeuian.,_quaast.
2925 5523 2991 5595 6,_
3019 5538 3069 5572 ιι.
3101 5520 3152 5574 5.

2191 5595 2302 5668 (79)
2338 5591 2460 5661 ΜΞ]
2489 5592 2792 5658 ἀκολούθως
2821 5591 3078 5646 εἴσεσθαι.
