3974 6160
292 260 395 315 531

1397 235 1842 296 EXHORTATIO
1882 235 1971 288 AD
2011 226 2431 287 MARTYRIUM

3429 225 3535 284 582

294 385 482 445 ροντες
532 366 618 418 τὸν
668 363 897 436 σταυρὸν
936 361 1112 417 ὀπίσω
1155 357 1250 412 τοῦ
1294 356 1468 427 Ἰησοῦ
1523 351 1869 422 ἀκολουθῆτε,

2005 361 2150 412 uros,
2179 359 2280 399 nec
2319 343 2676 397 descensuros
2708 345 2831 407 post
2875 337 3023 392 illam
3068 339 3455 408 cognitionem,
3489 340 3537 395 si

294 463 354 516 ὃν
381 481 400 512 ι
427 461 619 530 ἔχομεν
649 458 910 528 ἀρχιερέα
955 455 1124 525 μέγαν
1169 448 1516 520 διεληλυθότα
1559 448 1684 508 τοὺς
1708 445 1868 515 ὀύρα⁴

295 551 445 614 νούς.
472 571 489 602 ι
523 550 632 603 Καὶ
677 549 851 612 αὐτοὶ,
885 548 982 599 οὑκ
1025 543 1379 613 ἀφιστάμενοι
1422 541 1530 592 τῶν
1575 540 1748 590 ὀπίσω
1777 537 1872 588 αύ-

296 641 416 704 τοῦ,
445 639 780 694 διελεύσεσθε
801 639 928 699 τοὺς
964 636 1246 706 οὐρανοὺς,
1275 633 1332 684 ού
1364 631 1520 701 μόνον
1534 630 1629 683 καὶ
1655 630 1722 681 τὰ
1743 629 1872 698 περὶ

297 735 403 801 γῆν
439 732 710 802 μυστήρια
733 727 1170 799 ὑπερϐαίνοντες,
1209 723 1342 776 ἀλλὰ
1371 723 1462 775 καὶ
1491 721 1751 792 οὐρανοὺς
1779 720 1873 772 καὶ

298 826 367 877 si:
390 824 522 893 περὶ
547 820 742 874 αὐτῶν.
778 820 924 871 Ἐστ).
942 819 1049 888 γὰρ
1073 819 1129 868 ἐν
1149 814 1227 884 τῷ
1256 813 1374 884 Θεῷ
1432 812 1870 882 ὲναποτεθησαυ-

303 914 542 982 ρισμένα
576 909 752 980 πολλῷ
787 908 1009 980 μείζονα
1060 906 1261 959 τούτων
1309 904 1577 974 θεάματα,
1607 902 1764 955 ἅτινα
1793 902 1877 952 οὐ·

304 1003 469 1071 δεμία
509 1002 668 1070 φύσις
706 1002 812 1055 τῶν
863 1004 919 1054 ἐν
960 1000 1166 1072 σώματι
1219 1000 1291 1070 μὴ
1340 999 1599 1070 πρότερον
1637 996 1880 1050 ἀπαλλα-

307 1096 471 1160 γεῖσα
521 1091 769 1162 σώματος
818 1094 1064 1163 χωρῆσαι
1110 1091 1350 1144 δύναται.
1402 1091 1703 1160 Πέπεισμαι
1741 1089 1880 1157 γὰρ,

304 1187 390 1238 ὅτι
431 1179 504 1238 ὧν
546 1181 684 1236 εἶδεν
725 1185 876 1254 ἥλιος
905 1186 998 1238 καὶ
1041 1185 1234 1254 σελήνη
1258 1223 1272 1246 ,
1311 1183 1406 1236 καὶ
1445 1186 1473 1236 ὀ
1506 1183 1611 1235 τῶν
1641 1181 1883 1252 ἀστέρων

307 1277 496 1348 χορὸς,
525 1275 659 1328 ἀλλὰ
689 1277 780 1328 καὶ
806 1277 1048 1345 ἀγγέλων
1078 1277 1267 1344 ἁγίων,
1304 1275 1394 1338 οὒς
1425 1275 1675 1344 εποίησεν
1705 1277 1731 1325 ὁ
1754 1274 1886 1336 Θεὸς

311 1384 330 1416 ι
369 1363 594 1434 πνεῦμα
625 1366 717 1416 καὶ
760 1365 928 1435 πυρὸς
958 1364 1159 1432 φλόγα,
1203 1383 1220 1413 ι
1256 1363 1433 1434 πολλῷ
1470 1363 1691 1433 μείζονα
1730 1379 1889 1430 ταμι-

307 1458 503 1510 εύεται
535 1456 628 1508 καὶ
665 1459 820 1527 τηρεῖ
852 1456 979 1526 παρ’
1009 1455 1185 1524 ἑαυτῷ
1213 1457 1241 1507 ὁ
1271 1456 1421 1517 Θεὸς,
1450 1455 1536 1507 ἵνα
1562 1453 1698 1507 αὐτὰ
1728 1470 1889 1522 φανε-

311 1546 507 1618 ρώσῃ,
552 1547 679 1598 ὅταν
714 1565 732 1596 ι
773 1548 919 1598 πᾶσα
968 1547 1000 1616 ή
1045 1545 1221 1607 κτίσις
1265 1545 1598 1616 ὲλευθερωθῇ
1641 1545 1746 1596 ἀπὸ
1791 1545 1889 1612 τῆς

306 1635 560 1697 δουλείας
586 1635 684 1704 τῆς
722 1636 954 1705 φθορᾶς,
987 1636 1064 1697 είς
1101 1635 1198 1705 τὴν
1243 1634 1550 1705 ἐλευθερίαν
1591 1635 1690 1703 τῆς
1733 1632 1889 1702 δόξης

307 1726 427 1780 τῶν
457 1726 658 1778 τέκνων
691 1723 782 1777 τοῦ
811 1724 966 1778 Θεοῦ.
1006 1744 1026 1776 ›

381 1893 478 1946 Σοὶ
497 1892 572 1958 δὲ,
601 1890 710 1961 ἱερὲ
749 1888 1058 1960 Ἀμϐρόσιε,
1075 1890 1301 1950 ,ἐνιδόντι
1322 1889 1703 1961 ὲξητασμένως
1726 1889 1888 1957 εὐαγ-

306 1983 506 2053 γελικῇ
535 1984 705 2052 φωνῇ,
743 1980 1007 2051 πάρεστιν
1046 1982 1192 2047 ίδεῖν,
1223 1981 1298 2045 ὡς
1333 1982 1440 2053 ἄρα
1464 1982 1605 2051 τάχα
1638 1981 1670 2052 ἢ
1715 1981 1888 2044 οὐδεὶς

304 2077 424 2128 τῶν
454 2075 693 2139 πώποτε,
729 2075 761 2145 ἢ
795 2075 932 2128 πάνυ
964 2075 1134 2142 ὀλίγοι
1165 2073 1375 2144 χύσεως
1404 2072 1751 2145 μακαρισμοῦ
1780 2074 1892 2125 ἐπι-

308 2166 594 2232 τεύξονται
636 2167 912 2238 ἐξαιρέτου
941 2167 1086 2229 τινὸς
1138 2169 1232 2220 καὶ
1290 2165 1573 2230 πλείονος,
1621 2166 1680 2218 ὲν
1723 2164 1892 2234 ὁποίῳ

311 2261 420 2332 ἔσῃ
448 2259 539 2312 καὶ
574 2259 660 2322 σὺ,
691 2261 736 2310 εί
763 2258 851 2311 τὸν
879 2258 1064 2327 ἀγῶνα
1090 2258 1426 2320 ἁδιστάκτως
1452 2257 1728 2328 διανήξαιο
1757 2256 1892 2326 (80).

312 2351 399 2402 Τὰ
432 2349 486 2402 δὲ
523 2351 738 2420 ῥήματα
765 2348 937 2412 οὕτως
974 2348 1106 2419 ἔχει.
1165 2349 1221 2400 Ὁ
1249 2348 1452 2418 Πέτρος
1489 2343 1610 2399 εἷπέ
1643 2363 1772 2399 ποτε
1818 2345 1895 2415 τῷ

311 2437 530 2508 Σωτῆρι
553 2455 566 2467 ·
606 2455 625 2488 ι
674 2438 806 2489 Ἰδοὺ
842 2439 1000 2507 ἡμεῖς
1024 2437 1314 2506 ἀφήκαμεν
1343 2437 1519 2489 πάντα
1547 2435 1641 2488 καὶ
1673 2434 1897 2503 ἠκολου-

313 2527 568 2596 θήσαμέν
612 2542 729 2577 σοι·
772 2524 822 2576 τί
861 2525 969 2594 ἄρα
1004 2525 1156 2577 ἔσται
1181 2527 1345 2594 ὴμῖν;
1384 2524 1442 2576 '0
1471 2525 1526 2576 δὲ
1569 2523 1773 2594 Ἰησοῦς
1817 2522 1895 2575 εί-

316 2635 424 2670 πεν
477 2618 685 2679 αὐτοῖς,
742 2634 773 2668 ι.
809 2615 1052 2684 δηλονότι
1088 2618 1200 2677 τοῖς
1242 2614 1590 2678 ἀποστόλοιςο
1657 2632 1676 2664 ι
1729 2612 1898 2683 Ἀμὴν

316 2707 468 2774 λέγω
501 2707 661 2778 ὑμῖν,
695 2708 776 2762 ὅτι
811 2708 966 2778 ὑμεῖς
994 2708 1041 2760 οἱ
1071 2705 1535 2778 ἀκολουθήσαντές
1567 2723 1695 2777 μοι,
1730 2706 1789 2758 ὲν
1830 2706 1896 2775 τῇ

319 2797 734 2868 παλιγγενεσία,
785 2798 914 2852 ὅταν
946 2795 1143 2868 καθίσῃ
1177 2799 1204 2850 ὀ
1227 2796 1359 2860 Θεὸς
1393 2797 1486 2849 ἐπὶ
1523 2796 1710 2868 θρόνου
1743 2795 1900 2868 δόξης

319 2886 521 2952 αὐτοῦ,
573 2887 873 2959 καθήσεσθε
917 2889 1012 2940 καὶ
1051 2887 1205 2940 αὐτοὶ
1248 2887 1340 2939 ἐπὶ
1382 2885 1602 2958 θρόνους
1652 2887 1897 2953 δώδεκα,

320 2977 601 3050 κρίνοντες
635 2977 734 3041 τὰς
775 2976 982 3030 δώδεκα
1016 2977 1188 3046 φυλὰς
1221 2977 1316 3030 τοῦ
1358 2977 1604 3047 Ἰσραήλ·
1647 2978 1741 3030 καὶ
1791 2979 1898 3042 πᾶς

321 3069 471 3130 ὅστις
493 3065 700 3136 ἀφῆκεν
727 3065 1001 3134 ἀδελφοὺς,
1031 3064 1063 3134 ἢ
1092 3064 1344 3133 ἀδελφὰς,
1376 3064 1408 3134 ἢ
1435 3067 1628 3132 γονεῖς,
1656 3064 1688 3134 ἢ
1713 3064 1898 3128 τέκνα,

325 3160 360 3230 ἢ
389 3158 610 3229 ἀγροὺς,
642 3158 675 3228 ἦ
707 3158 882 3221 οἰκίας
911 3158 1094 3211 ἕνεκεν
1125 3157 1216 3209 τοῦ
1250 3156 1511 3228 ὀνόματός
1539 3175 1661 3228 μου,
1706 3157 1904 3210 πολλα-

323 3249 594 3302 πλασίονα
619 3247 867 3316 λήψεται,
897 3247 990 3300 καὶ
1013 3246 1157 3318 ζωὴν
1181 3244 1395 3300 αἰώνιον
1423 3246 1834 3317 κληρονομήσει.
1879 3265 1898 3298 ο

324 3338 546 3390 Τούτων
574 3336 682 3405 (8|)
708 3337 763 3389 δὲ
782 3335 964 3388 ἕνεκεν
987 3336 1093 3388 τῶν
1118 3335 1294 3406 ῥητῶν
1310 3334 1560 3406 ηὐξάμην
1584 3334 1647 3388 ἂν
1671 3333 1904 3387 τοσαῦτα

326 3429 671 3499 κτησάμενος
729 3428 819 3478 ἐπὶ
860 3427 984 3496 γῆς,
1041 3427 1212 3480 ὁπόσα
1265 3426 1428 3496 ἔχεις,
1482 3427 1514 3497 ἢ
1563 3427 1657 3478 καὶ
1701 3426 1906 3478 τούτων

325 3519 572 3583 πλείονα,
615 3516 868 3586 γενέσθαι
911 3518 1117 3588 μάρτυς
1147 3519 1203 3570 ἐν
1244 3517 1463 3587 Χριστῷ
1504 3517 1581 3587 τῷ
1613 3517 1766 3587 Θεῷ,
1822 3518 1908 3569 ἵνα

324 3610 768 3665 πολλαπλασίονα
798 3608 966 3672 λάϐω,
996 3609 1050 3679 ἢ,
1080 3610 1154 3672 ὡς
1187 3611 1215 3662 ὀ
1241 3609 1467 3679 Μάρκος
1501 3608 1683 3678 φησὶν,
1719 3627 1736 3659 ι
1777 3609 1906 3661 ἐκα-

324 3702 780 3757 τονταπλασίονα.
818 3720 836 3753 ›
872 3701 1058 3773 Πολλῷ
1086 3701 1310 3754 πλείονά
1334 3703 1501 3765 ἐστιν,
1531 3700 1724 3770 ὀλίγων
1751 3703 1910 3754 ὁποῖα

327 3795 750 3866 καταλείψομεν,
786 3796 880 3850 ἐὰν
908 3796 998 3848 ἐπὶ
1029 3793 1323 3865 μαρτύριον
1351 3793 1655 3865 κληθῶμεν,
1686 3795 1910 3847 ἑκατον-

327 3887 873 3958 ταπλασιαζομένων.
917 3887 1116 3939 Τούτου
1159 3886 1217 3938 δὲ
1255 3886 1479 3951 ἕνεκεν,
1521 3888 1569 3939 εἰ
1613 3887 1908 3957 μαρτυρῶ,

330 3978 634 4049 ἐϐουλόμην
667 3979 761 4032 καὶ
792 3978 956 4032 τέκνα
980 3979 1296 4032 καταλιπεῖν
1337 3978 1473 4048 μετὰ
1501 3979 1684 4049 ἀγρῶν
1714 3979 1808 4032 καὶ
1837 3981 1914 4031 ol-

329 4071 494 4136 κιῶν,
523 4072 609 4124 ἵνα
643 4072 796 4142 παρὰ
821 4071 898 4141 τῷ
928 4070 1046 4139 Θεῷ
1075 4070 1168 4123 καὶ
1197 4071 1373 4141 Πατρὶ
1393 4070 1485 4122 τοῦ
1512 4071 1715 4141 Κυρίου
1758 4071 1912 4141 ἡμῶν

344 4159 525 4230 Ἰησοῦ
568 4161 825 4230 Χριστοῦ,
878 4179 894 4210 ι
934 4160 993 4226 ἐξ
1039 4153 1097 4212 οὗ
1143 4161 1291 4213 πᾶσα
1331 4159 1535 4228 πατριὰ
1577 4161 1633 4212 ἐν
1667 4159 1914 4231 οὐρανοῖς

333 4250 436 4304 καὶ
459 4250 550 4302 ἐπὶ
577 4251 678 4321 γῆς
703 4249 1042 4320 ὀνομάζεται,
1080 4269 1098 4301 ι
1129 4249 1600 4302 πολλαπλασιόνων
1639 4249 1732 4301 καὶ
1760 4251 1916 4316 ἁγιω-

1968 438 2150 494 Jesum
2200 436 2414 490 sublata
2451 449 2615 488 cruce
2662 432 2992 502 sequamini,
3024 446 3184 500 quem
3223 449 3242 482 ι
3268 432 3539 487 habemus

1972 531 2283 595 pontificem
2339 538 2596 599 magnum
2650 525 2740 594 qui
2795 524 3104 593 penetravit
3132 523 3386 578 caelos“.
3416 541 3435 576 ι
3475 523 3543 578 Et

1972 639 2066 676 vos
2097 624 2276 690 itaque
2321 619 2365 673 si
2399 619 2466 672 ab
2508 618 2626 686 ejus
2659 616 2918 670 comitatu
2949 615 3111 685 283
3149 630 3256 669 non
3292 628 3542 670 recesse-

1976 715 2115 775 ritis,
2170 710 2530 778 penetrabilis
2579 708 2772 771 ctelos,
2814 722 2919 762 non
2986 705 3267 760 terrestria
3331 713 3542 759 tantum

1977 802 2259 872 mysteria,
2295 800 2388 852 sed
2423 799 2590 852 cmlos
2619 798 2784 852 etiam
2823 807 2876 850 et
2903 797 3148 852 crelestia
3182 811 3413 866 quaeque
3447 813 3545 852 su-

1975 900 2251 962 perantes.
2295 890 2436 944 Sunt
2483 891 2626 942 enim
2671 891 2864 943 in-Deo
2899 889 3043 943 velut
3089 891 3142 942 in
3179 890 3437 945 thesauro
3469 908 3549 946 re-

1976 983 2196 1039 condita
2255 980 2426 1035 multo
2479 979 2563 1032 his
2601 980 2810 1049 majora
2863 980 3197 1049 spectacula,
3231 995 3352 1050 qua:
3403 981 3548 1037 nulla

1979 1077 2254 1129 inhaerens
2287 1073 2503 1142 corpori
2537 1081 2734 1143 natura
2784 1087 2978 1140 capere
3031 1080 3226 1140 potest,
3261 1073 3364 1128 nisi
3399 1074 3552 1143 prius

1980 1185 2008 1221 a
2044 1181 2272 1235 corpore
2321 1174 2535 1219 secreta
2567 1153 2658 1220 sit.
2702 1164 2810 1217 Nec
2865 1165 3009 1218 enim
3049 1164 3237 1220 dubito
3287 1166 3370 1220 his
3420 1183 3544 1236 qua:

1982 1261 2059 1314 sol
2087 1261 2253 1322 videt,
2285 1273 2402 1328 qua:
2428 1258 2575 1322 luna,
2603 1272 2723 1323 ante
2747 1257 2985 1310 siderum
3020 1256 3244 1322 chorus,
3272 1259 3380 1313 imo
3431 1273 3554 1326 qua:

1983 1351 2184 1403 chorus
2217 1358 2532 1403 sanctorum
2567 1348 2879 1418 angelorum
2902 1362 3040 1414 quos
3066 1347 3194 1402 fecit
3223 1349 3364 1404 Deus
3395 1369 3413 1401 ι
3438 1352 3547 1418 spi-

1984 1442 2150 1495 ritum
2180 1451 2236 1494 et
2275 1440 2544 1494 ﬂammam
2576 1441 2718 1508 ignis
2742 1436 2847 1507 ",i
2886 1439 3055 1494 multo
3107 1441 3314 1509 majora
3362 1457 3556 1496 recon—

1985 1533 2116 1587 dere
2144 1531 2287 1600 apud
2318 1547 2396 1598 se,
2430 1541 2483 1585 et
2518 1533 3029 1608 reservare'Dcum.
3073 1546 3193 1600 quae
3228 1541 3360 1585 tunc
3394 1533 3556 1586 exhi-

1985 1621 2132 1684 beat,
2165 1637 2284 1674 cum
2325 1637 2343 1670 ι
2365 1619 2544 1674 omnis
2579 1630 2830 1674 creatura
2866 1620 3100 1675 liberata
3129 1620 3296 1675 fuerit
3324 1636 3352 1674 a
3379 1623 3558 1676 servi-

1920 1691 1959 1745 Β
1995 1722 2105 1764 tute
2161 1711 2531 1780 corruptionis
2589 1710 2642 1763 in
2704 1710 3013 1764 libertatem
3074 1711 3261 1779 gloriae
3322 1711 3560 1765 ﬁliorum

1991 1804 2083 1856 Dei
2103 1804 2168 1857 ‘°.
2198 1823 2215 1854 ι

2061 1894 2148 1946 Μ.
2185 1892 2264 1946 Tu
2297 1907 2444 1956 vero,
2474 1890 2930 1957 sacerLAmbrosi,
2964 1891 3007 1944 si
3035 1891 3374 1960 cvangelicas
3401 1908 3561 1947 voces

1991 1986 2297 2040 accuratius
2331 1983 2650 2051 inspexeris,
2692 1981 2854 2035 facile
2885 1983 3093 2038 videbis
3141 1995 3236 2039 aut
3287 1986 3561 2039 neminem

1991 2093 2179 2132 eorum
2213 2076 2303 2143 qui
2339 2075 2572 2135 fuerunt,
2607 2083 2701 2125 aut
2736 2088 2938 2140 paucos
2970 2074 3255 2129 admodum
3302 2076 3563 2130 eximium

1993 2176 2047 2224 et
2083 2182 2330 2237 magnum
2367 2165 2600 2232 aliquem
2656 2165 3005 2219 beatitudinis
3052 2166 3325 2220 cumulum
3371 2181 3567 2222 conse-

1994 2271 2237 2325 cuturos,
2267 2257 2478 2326 qualem
2515 2265 2568 2309 tu
2604 2258 2928 2323 assequeris,
2967 2257 3010 2310 si
3044 2266 3319 2312 certamen
3350 2258 3568 2312 indubi-

1997 2363 2171 2408 tanter
2206 2349 2609 2421 pertransieris.
2645 2347 2820 2402 Verba
2859 2357 3038 2402 autem
3076 2350 3191 2416 ipsa
3229 2349 3312 2404 sic
3343 2350 3566 2408 habent.

1997 2446 2189 2499 Petrus
2221 2444 2507 2511 aliquando
2543 2442 2680 2495 dixit
2711 2440 2986 2494 Servatori
3026 2457 3041 2494 :
3077 2459 3096 2490 ‹
3137 2440 3279 2496 Ecce
3315 2457 3412 2496 nos
3445 2442 3572 2496 reli-

1998 2537 2222 2605 quimus
2255 2537 2436 2589 omnia
2478 2544 2532 2589 et
2557 2532 2733 2588 secuti
2767 2546 2956 2586 sumus
3008 2541 3057 2584 te
3095 2549 3109 2585 :
3144 2532 3272 2598 quid
3305 2546 3435 2600 ergo
3467 2533 3576 2587 erit

1999 2629 2195 2683 nobis?
2253 2628 2410 2682 Iesus
2458 2637 2636 2681 autem
2680 2626 2820 2681 dixit
2840 2626 2940 2690 eis,
2976 2644 2994 2677 ι
3035 2625 3572 2696 οροειοΙίεβοίΙίςειι

2007 2737 2024 2770 ι
2063 2719 2230 2770 Amen
2266 2718 2384 2771 dico
2420 2717 2593 2781 vobis,
2624 2718 2768 2786 quod
2798 2733 2893 2770 vos
2925 2715 3016 2786 qui
3066 2720 3238 2771 secuti
3283 2717 3417 2771 estis
3465 2731 3574 2782 me,

2000 2807 2052 2861 in
2092 2807 2497 2879 regeneratione
2533 2819 2656 2861 cum
2707 2805 2911 2860 sederit
2955 2805 3094 2861 Deus
3131 2806 3184 2860 in
3216 2807 3346 2860 sede
3391 2806 3578 2876 gloria:

2001 2914 2134 2962 suae,
2164 2898 2425 2954 sedebitis
2452 2906 2508 2952 et
2543 2897 2644 2966 ipsi
2671 2911 2834 2965 super
2867 2897 3091 2952 thronos
3119 2899 3404 2953 duodecim
3434 2898 3580 2968 judi-
3654 2913 3657 2918 '

2004 3003 2188 3048 cantes
2224 2986 2501 3046 duodecim
2520 2991 2694 3044 tribus
2713 2989 2898 3046 Israel.
2923 2991 2989 3046 Et
3021 2995 3200 3048 omnis
3224 2994 3313 3062 qui
3347 2993 3580 3064 relique-

2005 3085 2075 3138 rit
2103 3082 2303 3136 fratres
2335 3091 2429 3138 aut
2457 3097 2705 3150 sorores,
2749 3091 2844 3138 aut
2885 3094 3162 3154 parentes,
3207 3095 3304 3141 aut
3353 3085 3577 3150 liberos.

2005 3183 2101 3228 aut
2134 3191 2314 3246 agros,
2348 3185 2440 3231 aut
2473 3179 2660 3232 domos
2693 3185 2913 3247 propter
2946 3192 3139 3231 nomen
3177 3192 3377 3243 meum,
3409 3179 3582 3233 multo

2007 3266 2240 3334 plurima
2268 3267 2500 3336 accipiet
2527 3275 2579 3322 et
2612 3269 2778 3324 vitam
2813 3279 3073 3323 aeternam
3110 3267 3409 3337 possidebit
3443 3269 3512 3324 ’⁷.
3559 3288 3578 3319 ι

2012 3357 2210 3411 Horum
2246 3373 2344 3428 ego
2376 3360 2666 3414 verborum
2696 3374 2856 3414 causa
2889 3360 3122 3428 optarim
3169 3370 3248 3414 tot
3289 3360 3446 3415 bonis
3498 3360 3580 3413 af-

2010 3448 2176 3501 ﬂuere
2207 3459 2339 3518 quot
2367 3458 2444 3513 tu,
2479 3459 2571 3503 aut
2611 3451 2774 3504 etiam
2829 3451 3107 3519 pluribus,
3153 3460 3209 3505 et
3263 3453 3343 3506 sic
3378 3462 3584 3523 martyr

2011 3554 2133 3594 esse
2167 3541 2276 3594 Deo
2304 3541 2356 3594 in
2391 3541 2630 3605 Christo,
2661 3556 2768 3609 quo
2803 3541 3077 3596 multoties
3111 3540 3262 3609 plura
3297 3542 3582 3610 accipiam,

2013 3641 2127 3694 aut,
2164 3643 2222 3684 ut
2253 3629 2466 3686 Marcus
2501 3633 2600 3698 ait,
2658 3650 2678 3684 ι
2707 3632 3040 3702 centuplicia
3069 3632 3135 3684 ’⁸.
3181 3649 3200 3684 ›
3251 3630 3434 3701 Longe
3465 3634 3586 3702 plu-

2016 3726 2151 3778 rima
2185 3732 2330 3788 sunt,
2365 3721 2556 3791 paucis
2581 3721 2687 3776 illis
2713 3715 2833 3790 quae
2860 3722 3228 3791 relinquemus
3259 3722 3304 3779 si
3333 3724 3399 3778 ad
3438 3739 3587 3778 mar-

2018 3815 2214 3885 tyrium
2239 3813 2445 3867 erimus
2481 3815 2656 3868 vocati
2683 3857 2698 3882 ,
2742 3816 2948 3870 centies
2995 3816 3382 3886 multiplicatis.
3439 3816 3588 3884 Qua-

2017 3916 2231 3978 propter
2263 3907 2308 3960 si
2345 3916 2550 3975 martyr
2581 3907 2756 3970 luero,
2787 3906 2944 3961 velim
2969 3916 3022 3962 et
3052 3907 3253 3963 liberos
3281 3908 3589 3978 relinquere

2017 4011 2070 4054 et
2101 4014 2260 4070 agros
2283 4008 2337 4052 et
2358 3999 2566 4065 domos,
2599 4007 2657 4051 ut
2682 3998 2821 4064 apud
2854 4000 3018 4054 Deum
3045 4010 3098 4054 et
3127 3999 3342 4054 Patrem
3373 4001 3588 4055 Domini

2018 4093 2187 4147 nosui
2218 4089 2344 4143 Jesu
2369 4089 2564 4144 Christi
2597 4107 2618 4142 ε
2651 4103 2680 4142 a
2708 4105 2813 4159 quo
2838 4091 3013 4145 omnis
3042 4091 3338 4159 paternitas
3370 4090 3421 4144 in
3447 4091 3587 4146 cmlo

2020 4193 2072 4235 et
2105 4182 2157 4234 in
2194 4181 2353 4235 terris
2405 4179 2719 4234 nominatur
2765 4181 2832 4244 ”,
2873 4199 2891 4232 ι
2930 4182 3100 4236 multo
3143 4181 3502 4251 plurimorum
3535 4189 3592 4237 et

2023 4273 2356 4327 sanctiorum
2384 4268 2678 4324 liberorum
2711 4279 2863 4339 pater
2897 4270 3071 4338 dicar,
3102 4280 3231 4338 aut,
3270 4279 3330 4326 ut
3371 4271 3593 4328 deﬁnite

335 4345 514 4414 τὲρων
557 4343 760 4397 τέκνων
789 4343 1108 4415 χρηματίσω
1151 4341 1360 4413 πατὴρ,
1501 4341 1565 4394 ἵν’
1603 4340 1918 4411 ὡρισμένως
1954 4375 1992 4428 D
2023 4364 2220 4430 dicam,
2251 4363 2642 4433 ρεηιυριοηηη.

337 4435 503 4498 εἴπω,
526 4434 1092 4489 ἑκατονταπλασιὸνων
1119 4433 1252 4504 (82).

428 4525 554 4578 Ἐὰν
580 4524 645 4578 δέ
662 4543 743 4587 τις
768 4525 1008 4597 ὡσπερεὶ
1040 4524 1215 4596 ζηλῶν
1239 4524 1554 4597 χαρίσματα
1578 4523 1646 4576 τὰ
1675 4523 1918 4594 μείζονα,

342 4616 441 4669 καὶ
494 4615 810 4687 μακαρίζων
848 4615 1134 4680 πλουσίους
1177 4618 1491 4687 μάρτυρας,
1535 4617 1630 4668 καὶ
1680 4616 1922 4687 πατέρας

347 4707 630 4779 μάρτυρας
654 4707 1176 4762 ἑκατονταπλασίονα
1213 4709 1566 4778 γεννήσοντας
1593 4707 1704 4775 (85)
1735 4708 1918 4770 τέκνα,

346 4803 446 4855 κα)⁸
493 4801 1046 4864 ἑκατονταπλασίονας
1084 4803 1285 4873 ἀγροὺς
1334 4803 1429 4854 καὶ
1467 4801 1646 4864 οἰκίας
1683 4801 1918 4872 ληψομέ·

348 4908 494 4955 νους,
521 4893 691 4963 ζητεῖ,
722 4894 769 4945 εἰ
796 4893 1031 4960 εὐλόγως
1055 4895 1251 4947 ἐκεῖνοι
1279 4892 1430 4962 παρὰ
1456 4894 1584 4956 τοὺς
1610 4894 1668 4944 ὲν
1699 4891 1797 4962 βίῳ
1836 4891 1926 4944 πέ-

347 5000 514 5053 νητας
539 4986 820 5055 μάρτυρας
847 4982 957 5053 (84)
999 4981 1570 5054 πολυπλασιαξομένην
1609 4982 1787 5047 ἕξουσι
1829 4981 1926 5051 τὴν

426 5093 641 5162 ³811εὶ).
674 5109 744 5160 tv,
781 5095 867 5148 14.
943 5097 989 5128 ³⁸
1015 5095 1156 5150 Psal.
1185 5110 1293 5162 etv,
1325 5095 1380 5148 4.

349 5180 437 5227 ιιι,
481 5161 570 5217 ιὸ.

424 5255 538 5328 (80)
583 5254 920 5323 Διανήξαιο.
959 5254 1049 5308 Sic
1095 5270 1196 5308 ms.
1231 5254 1579 5311 Wetstcnius
1659 5255 1764 5325 legi
1808 5253 1929 5308 vult

348 5327 648 5400 Stasime-
847 5393 859 5400 _
1073 5388 1098 5400 -

427 5396 539 5468 (Si)
578 5397 678 5468 Ms.
701 5393 979 5468 mendose,
1009 5391 1346 5468 τοῦ-τούτου.

454 5461 542 5533 82⁷)
574 5467 696 5533 Ms.,
727 5461 1253 5533 ἐκατονταπλαόνων,
1291 5469 1570 5530 corrupte.

453 5532 544 5602 85)
575 5537 652 5588 Ms
682 5532 695 5596 ,
728 5532 1282 5602 γεννήσωνταιζιιιυιυ.

430 5598 543 5672 (ει)
577 5608 648 5660 El
677 5598 955 5672 εὐλόγως
980 5599 1197 5672 ἐκεῖνοι
1232 5599 1392 5668 παρὰ
1425 5599 1567 5666 τοὺς
1589 5600 1659 5655 ἐν
1681 5601 1798 5664 ,ϐίῳ
1827 5598 1931 5652 πέ-

359 5669 544 5743 νηταξ-
569 5669 893 5744 μάρτυρας.
925 5669 1286 5736 ρυωειίοηοηι
1323 5674 1479 5736 hanc,
1516 5690 1533 5722 ι
1569 5689 1635 5726 an
1667 5683 1931 5738 martyres

524 5466 544 5678 ξ

1456 5097 1501 5127 ³⁸
1537 5095 1692 5149 Rom.
1724 5111 1842 5159 wn,
1866 5093 1956 5148 ‘21.

2094 4521 2182 4574 15.
2241 4520 2296 4573 Si
2334 4519 2455 4588 quis
2502 4526 2680 4570 autem
2730 4515 2888 4585 quasi
2940 4515 3220 4569 aemulatus
3264 4515 3591 4572 charismata

2024 4613 2267 4674 meliora,
2303 4618 2356 4663 et
2393 4611 2578 4664 beatos
2622 4615 2816 4677 putans
2849 4606 3045 4660 divites
3092 4617 3360 4676 martyres
3400 4617 3453 4661 et
3498 4623 3594 4676 pa-

2028 4716 2138 4758 tres
2167 4712 2432 4770 martyres
2470 4699 2560 4769 qui
2595 4699 2800 4752 centies
2833 4707 2908 4751 tot
2955 4697 3158 4751 liberos
3193 4698 3500 4767 generaturi
3539 4710 3593 4754 et

2027 4793 2234 4848 centies
2270 4801 2526 4858 totagros
2559 4803 2623 4842 ac
2654 4789 2841 4843 domos
2885 4788 3160 4856 accepturi
3204 4798 3348 4854 sunt,
3383 4799 3594 4858 quaerat

2021 4899 2306 4954 atqnnmne
2361 4883 2432 4936 sit
2481 4883 2600 4936 illos
2640 4881 2956 4949 ampliorem
2991 4882 3044 4934 in
3095 4880 3258 4953 284
3297 4884 3595 4952 spirituali-

2028 4979 2126 5030 bns
2154 4975 2551 5045 possessionem
2591 4974 2789 5026 habere
2819 4989 2982 5042 quam
3012 4973 3045 5027 ii
3077 4983 3345 5044 martyres
3368 4975 3456 5043 qui
3490 4974 3593 5029 hac

2031 5091 2076 5124 ’⁷
2105 5088 2294 5144 Matth.
2326 5102 2440 5151 nx,
2468 5087 2560 5151 27,
2595 5086 2683 5150 ‘28,
2712 5087 2802 5142 29.
2877 5087 2922 5120 ⁸⁸
2948 5086 3186 5149 Marcar,
3217 5086 3306 5140 '50.
3380 5089 3424 5119 ³ο
3454 5087 3590 5156 Eph.

2027 5253 2220 5306 divites
2252 5266 2363 5318 prae
2396 5249 2720 5319 pauperibus
2745 5251 3004 5317 majorem
3034 5251 3086 5303 in
3119 5249 3368 5319 spiritali!
3393 5263 3455 5319 ns
3479 5247 3596 5314 gloo

2028 5324 2164 5375 riam
2189 5315 2296 5375 sint
2313 5315 2678 5376 consecuturi.
2697 5315 3043 5376 vallirmando
3061 5317 3295 5385 expedit.
3314 5315 3595 5382 Quiclvero

2029 5392 2073 5446 si
2118 5407 2323 5459 pauper
2371 5391 2584 5444 divitias
2607 5399 2661 5442 et
2702 5398 2932 5459 honores
2958 5393 3025 5440 ab
3053 5391 3350 5459 idololatris
3379 5385 3593 5439 oblatos

2027 5458 2477 5517 veritatisamore
2509 5459 2858 5524 repudiaret?
2890 5458 3050 5520 Quid,
3095 5458 3336 5522 inquam,
3369 5468 3594 5524 respong

2031 5532 2183 5586 deret
2212 5520 2600 5598 Adamantius?
2623 5526 2810 5598 Obiter
2839 5537 3086 5598 notemus
3117 5520 3366 5598 0rjgenis
3390 5532 3442 5598 et
3469 5520 3598 5598 alibi

2032 5600 2287 5653 usitatam
2316 5597 2426 5650 τῶν
2468 5595 2742 5665 αἰσθητῶν
2769 5596 2863 5647 καὶ
2894 5593 3000 5665 τῶν
3041 5594 3246 5665 νοητῶν
3291 5592 3603 5648 distinctior

2032 5685 2176 5735 nem,
2210 5683 2370 5737 quam
2407 5668 2491 5720 hic
2525 5663 2738 5734 quoque
2767 5663 3024 5730 inculcat,
3054 5663 3332 5722 “divitiis
3356 5672 3454 5716 seu
3476 5669 3608 5724 pos-
