3974 6160
427 220 538 276 535

1879 225 2206 280 ORIGENIS

3576 238 3643 292 58
3651 241 3681 292 ι

434 338 489 394 in
520 335 624 391 vita
657 350 924 405 pauperes
953 346 1114 400 sunt;
1158 336 1236 390 sic
1285 336 1332 389 ei
1380 337 1812 404 respondendum
1867 349 1949 393 est
1989 357 1994 392 :

2111 343 2166 395 ὲν
2193 347 2399 414 νοητοῖς
2433 344 2623 416 κτῆσιν
2643 363 2657 377 ο
2693 345 2912 401 λεκτέον
2937 348 3072 420 πρὸς
3101 350 3280 414 αὑτὸν,
3312 352 3390 404 ὅτι
3415 350 3605 424 ὥσπερ
3631 358 3678 408 οἱ

433 427 886 499 quemadmodum
918 428 1007 496 qni
1036 436 1299 480 tormenta
1325 437 1451 480 sunt
1478 443 1854 496 :erumnasque
1880 445 2002 497 per-

431 518 597 589 pessi,
636 519 982 572 illustriorem
1029 519 1396 571 exhibuerunt
1434 519 1486 570 itt
1525 522 1785 590 martyrio
1829 522 2001 574 virtu-

434 620 540 664 tem
566 610 629 664 iis
646 612 738 678 qui
767 626 830 663 eo
859 611 1017 663 modo
1049 611 1254 676 probati
1291 627 1394 666 non
1418 621 1563 676 sunt;
1594 613 1670 665 sic
1685 615 1774 681 qui
1807 627 2001 682 printer

433 704 676 771 corporis
716 718 952 754 amorem
990 711 1043 754 et
1078 702 1220 765 vitas,
1257 702 1346 754 illa
1399 704 1560 756 etiam
1603 713 1751 758 tanta
1789 707 1999 759 vincula

437 793 737 845 inciderunt
769 801 822 844 et
853 792 1176 858 diruperunt
1207 808 1395 860 magna
1427 794 1477 846 in
1511 795 1674 847 Deum
1706 797 1785 850 nsi
1815 798 1997 851 chari-

436 890 562 941 tate,
595 890 1056 947 susceperuntqne
1086 896 1212 933 vere
1247 882 1424 932 vivum
1476 882 1569 934 Dei
1605 899 1909 938 sermonem
1945 895 1999 938 et

429 970 697 1025 efﬁcacem
724 981 778 1024 et
807 971 1278 1039 penetrabilioreai
1305 973 1450 1024 otnni
1481 974 1660 1038 gladio
1683 976 1901 1042 ancipiti
1928 975 1995 1039 ³ο,

429 1072 718 1132 potuerunt
747 1061 780 1114 ii
815 1071 891 1114 tot
917 1063 1091 1130 ruptis
1118 1062 1369 1127 vinculis,
1406 1065 1715 1131 paratisque
1739 1065 1839 1118 sibi
1871 1083 2000 1134 pen-

433 1153 534 1215 itis,
572 1155 717 1207 sicut
741 1154 920 1220 aquila
948 1154 1141 1206 reverti
1169 1154 1232 1204 ad
1267 1155 1482 1206 domum
1514 1155 1773 1223 principis
1800 1159 1903 1210 sui.
1931 1157 2000 1211 Ut

428 1242 592 1312 igitur
630 1259 842 1311 aequum
899 1255 981 1296 est
1019 1258 1112 1296 eos
1154 1243 1244 1310 qui
1298 1245 1579 1297 tormentis
1625 1254 1678 1298 et
1725 1245 2000 1317 laboribus

428 1337 637 1405 probati
669 1351 774 1389 non
805 1344 950 1397 sunt,
989 1334 1192 1400 primas
1229 1334 1295 1388 iis
1328 1335 1521 1388 cedere
1544 1338 1636 1405 qui
1677 1337 1727 1390 iu
1755 1339 2000 1405 equuleis

428 1433 483 1478 ct
511 1426 674 1478 variis
703 1433 1090 1476 tormentorum
1118 1425 1408 1491 generibus
1442 1434 1498 1478 et
1530 1427 1652 1496 igne
1681 1429 1996 1496 patientiam

428 1514 823 1577 exhibuerunt;
865 1513 941 1566 sic
977 1523 1029 1565 et
1067 1527 1164 1565 nos
1213 1529 1477 1582 pauperes
1503 1555 1518 1579 ,
1573 1518 1674 1570 etsi
1730 1529 1998 1588 martyres

430 1606 654 1667 erimus,
701 1605 840 1658 ratio
876 1605 1066 1658 suadet
1109 1606 1315 1672 primas
1351 1607 1503 1660 vobis
1551 1608 1857 1675 relinquere
1905 1612 1994 1679 qui

427 1707 652 1764 prepter
705 1696 799 1749 Dei
859 1696 910 1749 in
978 1695 1194 1749 Christo
1245 1699 1599 1762 charitatem,
1657 1700 1900 1754 fallacem
1945 1713 1998 1758 et

429 1788 712 1854 qumsitatn
750 1802 778 1838 a
813 1785 1084 1854 plerisque
1115 1787 1340 1854 gloriam
1381 1800 1435 1842 et
1478 1795 1845 1857 possessiones
1882 1806 1999 1848 tan-

435 1887 515 1930 tas
570 1887 624 1929 et
682 1878 980 1930 naturalem
1021 1879 1070 1929 in
1132 1878 1326 1933 liberos
1374 1895 1610 1933 amorem
1645 1884 1996 1939 conculcatis.

2104 434 2367 503 βασάνους
2395 437 2486 488 καὶ
2513 437 2706 497 πόνους
2735 439 3125 509 ὑπομείναντες
3151 441 3257 492 τῶν
3292 442 3362 510 μὴ
3393 444 3450 493 ἑν
3473 443 3679 509 τούτοις

2100 527 2480 598 ἑξητασμένων
2532 529 2914 601 λαμπροτέραν
2958 533 3304 598 ἐπεδείξαντο
3356 535 3452 604 τὴν
3503 537 3560 590 ἐν
3604 538 3679 607 τῷ

2104 618 2383 688 μαρτυρίῳ
2424 619 2622 690 ἀρετὴν
2650 660 2663 684 ,
2699 619 2874 682 οὕτως
2916 622 2964 672 οἱ
3000 621 3134 691 πρὸς
3163 621 3240 691 τῷ
3291 623 3677 693 φιλοσωματεῖν

2101 711 2194 760 καὶ
2235 709 2515 776 φιλοζωεῖν
2545 711 2640 762 καὶ
2668 713 2793 772 τοὺς
2821 712 3108 774 τοσούτους
3135 713 3367 782 δεσμοὺς
3395 714 3679 784 διακόψαν-

2100 817 2187 862 τες
2215 801 2307 852 καὶ
2328 799 2734 871 διαρρήξαντες,
2765 803 2970 873 μεγάλῃ
2993 806 3056 874 τῇ
3083 804 3218 874 πρὸς
3242 805 3329 856 τὸν
3348 805 3478 858 Θεὸν
3495 808 3675 880 ἀγάπῃ

2099 891 2451 962 χρησάμενοι,
2484 893 2576 944 καὶ
2608 892 2820 960 ἀληθῶς
2859 894 3205 964 ἀνειληφότες
3237 896 3327 946 τὸν
3367 896 3544 959 ζῶντα
3584 900 3673 950 τοῦ

2100 981 2233 1035 Θεοῦ
2262 983 2436 1050 λόγον,
2471 984 2563 1036 καὶ
2598 985 2816 1054 ἑνεργῆ,
2852 985 2944 1038 καὶ
2975 984 3286 1058 τομώτερον
3316 989 3457 1058 ὑπὲρ
3501 993 3676 1043 πᾶσαν
3759 1044 3762 1047 ,

2103 1074 2376 1145 μάχαιραν
2399 1074 2672 1144 δίστομον,
2699 1075 3010 1146 δεδύνηνται
3031 1078 3158 1140 τοὺς
3183 1078 3470 1140 τοσούτους
3500 1079 3678 1132 διακό-

2098 1166 2295 1234 ψαντες
2333 1165 2581 1235 δεσμοὺς,
2612 1167 2704 1218 καὶ
2747 1169 3258 1231 κατασκευάσαντες
3302 1171 3513 1232 ἑαυτοῖς
3547 1171 3676 1223 πτέ-

2101 1271 2290 1325 ρυγας,
2326 1254 2512 1325 ὥσπερ
2539 1255 2703 1317 αὐτὸς
2747 1256 3069 1326 ἐπιστρέψαι
3124 1256 3234 1325 (85)
3278 1258 3358 1319 εὶς
3396 1257 3486 1308 τὸν
3532 1251 3674 1309 οἷκον

2098 1345 2190 1397 τοῦ
2237 1346 2633 1416 προεστηκότος
2681 1345 2908 1399 ἑαυτῶν.
2964 1346 3146 1409 Ἀξιον
3181 1343 3306 1409 οὖν,
3341 1347 3530 1417 ὥσπερ
3568 1352 3678 1411 τοῖς

2102 1430 2175 1501 μὴ
2210 1430 2577 1494 ἑξετασθεῖσιν
2607 1434 2662 1484 ἑν
2690 1432 2946 1506 βασάνοις
2978 1437 3070 1487 καὶ
3098 1436 3278 1498 πόνοις
3328 1441 3676 1508 παραχωρεῖν

2100 1525 2382 1595 πρωτείων
2432 1526 2566 1594 πρὸς
2616 1527 2741 1588 τοὺς
2799 1529 2855 1578 ἑν
2913 1527 3442 1598 ἀρθρεμϐόλοιςνκαὶ
3500 1530 3676 1581 ποικί-

2099 1616 2208 1677 λοις
2239 1615 2342 1686 (86)
2374 1617 2822 1688 στρεϐλωτηρίοις
2848 1619 2941 1670 καὶ
2962 1620 3094 1690 πυρὶ
3119 1617 3557 1687 ἐπιδειξαμένους
3579 1618 3674 1687 τὴν

2105 1707 2398 1775 ὑπομονὴν,
2434 1706 2574 1758 οὕτω
2602 1709 2694 1759 καὶ
2727 1709 2855 1777 ἡμῖν
2878 1709 2988 1770 τοῖς
3022 1709 3236 1779 πένησι,
3263 1709 3365 1760 κᾶν
3400 1710 3676 1778 μαρτυρή-

2105 1814 2320 1866 σωμεν,
2382 1798 2410 1847 ὁ
2454 1797 2609 1863 λόγος
2671 1797 2960 1849 ὑποϐάλλει
3031 1799 3337 1864 ἐξίστασθαι
3396 1798 3674 1869 πρωτείων

2106 1887 2251 1956 ὑμῖν,
2282 1889 2390 1949 τοῖς
2411 1887 2496 1940 διὰ
2524 1888 2621 1958 τὴν
2650 1889 2705 1940 ἑν
2732 1889 2949 1959 Χριστῴ
2975 1890 3107 1959 πρὸς
3138 1889 3268 1942 Θεὸν
3310 1891 3528 1958 ἀγάπην
3576 1906 3676 1939 πα-

426 1969 578 2022 τοῦσι
607 1968 700 2038 τὴν
725 1967 1005 2038 ἀπατηλὴν
1036 1965 1189 2032 δόξαν
1230 1970 1323 2022 καὶ
1359 1969 1467 2023 τῶν
1503 1972 1708 2046 πολλῶν
1750 1974 2199 2046 καθικνουμένην,
2242 1980 2336 2030 καὶ
2365 1978 2460 2049 τὴν
2490 1979 2755 2050 τοσαύτην
2799 1982 3010 2051 κτῆσιν,
3055 1982 3148 2034 καὶ
3189 1980 3285 2051 τὴν
3333 1981 3467 2051 πρὸς
3511 1981 3673 2034 τέκνα

429 2064 826 2136 φιλοστοργίαν.

500 2161 589 2216 16.
626 2161 794 2214 Simul
827 2169 1004 2214 autem
1039 2159 1330 2230 Scriptura:
1372 2165 1692 2232 gravitatem
1737 2167 1990 2231 observ'a,

429 2266 546 2320 qua:
578 2252 742 2304 multo
771 2252 952 2320 plures
979 2267 1042 2305 ac
1071 2253 1347 2319 centnplos
1371 2257 1638 2321 promittit
1673 2257 1892 2320 fratres,
1924 2259 1994 2311 li-

429 2341 606 2406 beros,
640 2351 912 2408 parentes,
945 2356 1104 2410 agros
1131 2357 1345 2409 quoque
1373 2351 1425 2396 et
1460 2345 1670 2408 dumos;
1708 2347 1758 2400 in
1798 2349 1880 2400 his
1915 2357 1996 2400 ta-

428 2447 546 2485 lllCﬂ
583 2448 719 2485 ιΙΧΟΓ
756 2448 859 2485 11011
888 2443 1225 2485 numeratur.
1263 2431 1373 2486 Nec
1417 2435 1559 2487 enim
1601 2437 1802 2490 (iiCllllll
1852 2449 1933 2490 651.
1981 2461 1990 2492 2

426 2521 742 2593 Quicunque
767 2524 1045 2593 reliquerit
1073 2524 1291 2587 fratres,
1314 2536 1402 2577 ant
1429 2541 1666 2590 sorores,
1691 2539 1778 2582 aut
1806 2544 1997 2598 paren-

430 2623 531 2678 tes,
565 2625 660 2667 aut
688 2614 908 2678 liberos,
937 2624 1031 2668 aut
1056 2631 1236 2684 agros,
1262 2629 1355 2670 aut
1390 2619 1597 2682 domos,
1641 2630 1732 2671 aut
1776 2635 1994 2674 uxorein

428 2715 640 2774 propter
665 2721 857 2761 nomen
891 2723 1092 2768 meum,
1128 2709 1396 2762 multoties
1422 2710 1568 2778 plura
1592 2711 1820 2779 accipiet
1847 2727 1861 2764 :
1890 2729 1910 2763 ι
1941 2710 1996 2766 In

431 2799 826 2852 resurrectione
858 2801 1000 2852 enim
1026 2810 1358 2855 mortuorum
1386 2817 1559 2869 neque
1591 2804 1794 2857 nubent
1825 2819 2000 2872 neque

429 2889 716 2954 nubentur,
742 2892 1014 2956 sederunt
1031 2894 1170 2947 sicut
1191 2894 1366 2961 angeli
1385 2895 1475 2962 qui
1498 2894 1549 2947 itt
1571 2896 1721 2948 cmlis
1736 2905 1863 2948 sunt
1882 2896 1948 2950 ³⁸.
1975 2915 1993 2947 ι

500 3091 586 3146 17.
616 3092 768 3156 Quod
801 3093 964 3162 igitur
993 3094 1155 3149 Jusue
1186 3097 1380 3164 populo
1413 3097 1545 3150 dixit
1580 3096 1633 3149 in
1678 3105 1835 3149 terra:
1865 3112 1992 3150 san-
2023 3110 2063 3164 ο

429 3193 530 3235 cta:
559 3185 958 3251 possessionem
989 3186 1237 3248 inducto,
1269 3185 1321 3238 id
1352 3198 1406 3238 et
1445 3187 1600 3240 nobis
1636 3203 1777 3240 nunc
1811 3189 1990 3242 dicere

426 3273 599 3341 possit
621 3274 928 3342 Scriptura.
968 3276 1057 3329 Sic
1089 3287 1264 3330 autem
1293 3277 1370 3329 ait
1406 3294 1419 3330 :
1457 3295 1474 3327 ι
1511 3277 1658 3331 Nunc
1689 3278 1872 3332 timete
1897 3278 1994 3332 [)a-

429 3365 630 3418 niinnm
666 3374 720 3418 et
745 3368 944 3421 servite
974 3367 1023 3420 ei
1059 3368 1110 3420 in
1139 3369 1392 3434 :eqnitate
1417 3377 1471 3422 et
1498 3368 1745 3437 iustitia;
1792 3388 1810 3420 ι
1843 3385 1993 3422 cum-

425 3471 530 3526 que
562 3458 628 3512 ad
669 3458 932 3512 idolorum
968 3459 1169 3512 cultum
1197 3459 1553 3528 itnpellemur,
1593 3461 1753 3514 addet
1779 3476 1840 3514 ea
1876 3476 1993 3529 qua:

426 3559 726 3618 sequuntur
762 3568 775 3603 :
826 3569 845 3602 ι
895 3551 1121 3605 Auferte
1147 3560 1276 3605 deos
1317 3552 1518 3606 alienos
1559 3553 1750 3620 quibus
1790 3555 1994 3609 servie-

425 3653 549 3696 runt
580 3654 762 3712 patres
787 3646 952 3699 vestri
988 3654 1137 3698 trans
1165 3643 1385 3697 ﬂuvium
1421 3655 1475 3699 et
1519 3646 1570 3698 in
1623 3644 1887 3716 Egypto,
1929 3661 1992 3700 ac

421 3737 621 3789 servile
653 3736 876 3791 Domino
905 3737 970 3791 ³¹.
1012 3756 1029 3788 ι
1067 3737 1336 3804 Principio
1363 3737 1507 3790 enim
1537 3752 1659 3790 cum
1693 3738 1864 3805 prima
1894 3753 1990 3789 vo-

423 3825 509 3879 bis
535 3836 717 3880 essent
753 3827 872 3882 fidei
901 3829 1204 3882 rudimenta
1233 3828 1516 3893 tradenda,
1547 3828 1670 3896 jure
1701 3829 1806 3881 dici
1841 3828 1992 3882 vobis

425 3917 598 3986 potuit
631 3931 645 3968 :
685 3933 704 3968 ι
744 3917 836 3971 Sin
861 3930 1038 3972 autem
1061 3921 1213 3973 vobis
1237 3934 1341 3972 non
1373 3919 1546 3987 placet
1573 3922 1779 3974 servire
1809 3921 1993 3972 Domi-

425 4022 517 4070 no,
548 4006 729 4076 eligite
762 4009 911 4062 vobis
938 4012 1024 4064 cui
1054 4011 1308 4064 servituri
1348 4012 1466 4066 sitis
1493 4050 1507 4074 ,
1553 4027 1618 4064 an
1652 4013 1754 4064 diis
1799 4012 1991 4079 quibus

421 4101 728 4154 servierunt
750 4112 928 4170 patres
951 4106 1116 4158 vestri
1143 4116 1292 4160 trans
1316 4104 1560 4168 ﬂuvium,
1585 4119 1650 4155 an
1677 4105 1777 4157 diis
1802 4105 1994 4155 Amor-

426 4190 692 4244 rhteorum
725 4191 774 4245 in
801 4207 1028 4261 quorum
1065 4205 1206 4249 terra
1244 4195 1500 4249 habitatis
1527 4195 1612 4258 ³³;
1653 4212 1670 4244 ι
1715 4195 1865 4263 isque
1899 4194 1989 4261 qui

420 4281 584 4352 285
617 4299 710 4338 vos
742 4284 1043 4350 erudiebat,
1073 4286 1297 4342 dixisset
1332 4306 1344 4341 :
1385 4306 1402 4338 ι
1438 4285 1547 4356 Ego
1575 4295 1754 4338 autem
1795 4293 1849 4338 et
1891 4284 1989 4337 do-

424 4391 540 4428 tntts
567 4391 684 4429 nica
720 4379 1021 4432 serviemus
1050 4377 1278 4434 Domino
1302 4381 1430 4450 quia
1473 4389 1692 4434 sanctus
1731 4387 1814 4432 est
1857 4377 1922 4430 ³⁸.
1966 4397 1982 4428 ι

422 4463 577 4518 Nunc
601 4477 776 4520 autem
807 4469 860 4522 id
893 4470 1046 4524 vobis
1072 4471 1284 4526 dicendi
1319 4472 1469 4525 locus
1503 4486 1607 4526 non
1657 4479 1742 4524 est
1787 4487 1800 4522 :

422 4553 564 4606 enim
591 4554 848 4611 dixistis:
897 4576 914 4608 ι
950 4559 1107 4614 Absit
1131 4577 1158 4613 a
1192 4561 1346 4616 nobis
1382 4570 1438 4613 tit
1483 4561 1848 4630 relinquamus
1883 4559 1989 4611 Do-

485 4703 531 4735 ⁵ο
565 4703 723 4762 Hebr.
760 4726 831 4773 Iv,
872 4712 957 4765 12.

421 4867 756 4941 sessionibus
785 4868 1015 4936 applicat
1041 4883 1054 4921 :
1086 4884 1276 4941 nempe
1296 4869 1398 4941 alia
1424 4869 1563 4922 bona
1593 4884 1713 4941 esse
1737 4869 1991 4941 αἰσθητά,

429 4936 793 5008 rsetisibilia,
829 4957 848 4989 ι
878 4953 997 5008 quae
1021 4939 1290 5002 sensibus;
1324 4940 1424 4991 alia
1449 4940 1635 5008 νοητά,
1676 4957 1693 4989 ι
1735 4936 1992 5008 intelligi-

423 5004 579 5068 bilia,
637 5023 656 5054 ι
701 5020 820 5072 qua:
871 5004 983 5059 sola
1027 5019 1203 5061 incute
1239 5004 1642 5076 percipiuntur;
1686 5008 1774 5061 illa
1820 5004 1991 5064 enim

421 5086 548 5146 sunt
577 5092 598 5126 ι
638 5077 940 5146 corporalia
975 5087 1028 5129 et
1059 5087 1294 5136 terrena;
1341 5097 1358 5129 ι
1409 5079 1508 5130 ista
1561 5097 1577 5127 ι
1618 5079 1882 5146 spiritalia
1935 5092 1989 5134 et

417 5145 686 5208 caelestia,
728 5165 746 5195 ι
793 5147 830 5198 11
863 5145 986 5200 Cor.
1023 5161 1093 5203 tv.
1133 5147 1217 5202 18.
1263 5148 1652 5203 Ws'rsrsntus.

628 5215 816 5288 ᾼὺτὸς
851 5217 1226 5288 ἐπιστρέψαι.
1273 5217 1414 5285 Lego
1447 5219 1601 5280 ἀετὸς
1639 5218 1980 5288 ἐπιστρέψαι.

489 5285 600 5356 (86)
634 5287 731 5339 Ms.
763 5287 954 5348 codex,
978 5286 1258 5348 ποικίλοιο,
1290 5298 1563 5354 corrupte.

489 5357 600 5428 (87)
631 5359 712 5410 Οὐ
733 5357 1273 5427 συγυκατηρίθμηται
1296 5357 1362 5409 δὲ
1395 5358 1622 5421 τούτοις
1643 5355 1817 5424 γυνή.
1847 5355 1989 5428 Scri-

418 5427 740 5498 ptttrainqait
768 5429 1106 5498 majestatetn
1137 5444 1287 5478 suam
1317 5430 1367 5479 in
1415 5429 1513 5480 hoc
1561 5441 1800 5498 servare,
1835 5427 1981 5495 quod

423 5496 693 5550 restitutio
717 5496 998 5565 parentum
1026 5498 1377 5564 omniumque
1411 5499 1672 5550 honorum
1705 5497 1756 5548 iti
1798 5511 1982 5549 resur-

420 5566 655 5618 rectione
686 5569 1052 5633 promittatur,
1086 5582 1254 5620 uxore
1302 5577 1509 5620 tantum
1549 5577 1803 5632 excepta;
1855 5567 1979 5633 quia

419 5632 490 5699 pii
530 5632 731 5691 similes
769 5637 937 5693 futuri
972 5648 1099 5694 sunt
1133 5637 1356 5709 angelis.
1403 5639 1516 5706 Sic,
1549 5646 1606 5691 ut
1633 5632 1977 5692 observatum

1035 4713 1075 4743 ³¹
1111 4712 1298 4765 Matth.
1321 4728 1438 4767 xxtt
1461 4753 1474 4780 ,
1502 4714 1570 4768 30
1600 4723 1654 4769 et
1686 4714 1852 4768 Marc.
1886 4731 1961 4768 χιι
1982 4754 1997 4779 ,
2026 4712 2120 4766 25.

2171 2166 2320 2234 ’Ἅμα
2348 2163 2403 2214 δὲ
2434 2163 2526 2215 καὶ
2548 2163 2703 2232 τήρει
2729 2161 2786 2214 τὸ
2812 2163 3006 2231 σεμνὸν
3032 2163 3128 2231 τῆς
3160 2163 3383 2232 Γραφῆς
3408 2164 3673 2216 πολυπλαο

2101 2256 2330 2325 σιασμὸν
2408 2255 2501 2305 καὶ
2572 2253 3175 2322 ἑκατονταπλασιασμὸν
3244 2254 3672 2324 ύπισχνουμένης

2099 2345 2340 2414 ἀδελφῶν
2362 2385 2375 2408 ,
2425 2344 2519 2396 καὶ
2556 2343 2790 2406 τέκνων,
2821 2343 2914 2395 καὶ
2947 2343 3170 2410 γονέων,
3210 2343 3302 2394 καὶ
3343 2342 3545 2412 ἀγρῶν,
3585 2346 3672 2394 καί

2097 2437 2304 2490 οἰκιῶν·
2339 2437 2398 2488 οὑ
2431 2433 2936 2504 συγκατηρίθμηται
2969 2433 3025 2484 δὲ
3051 2432 3258 2494 τούτοις
3291 2435 3428 2502 γυνή
3460 2433 3587 2502 (87)·
3611 2434 3670 2483 οὑ

2100 2527 2206 2597 γὰρ
2235 2527 2465 2597 εἴρηται·
2495 2526 2608 2586 Πᾶς
2631 2524 2776 2585 ὅστις
2810 2523 3018 2592 ἀφῆκεν
3051 2522 3313 2591 ἀδελφοὺς
3341 2523 3371 2593 ἢ
3421 2523 3667 2590 ἀδελφὰς,

2101 2619 2133 2687 ἢ
2157 2621 2351 2685 γονεῖς,
2378 2617 2408 2687 ἦ
2439 2616 2621 2678 τέκνα,
2647 2616 2678 2684 ἢ
2711 2616 2932 2685 ἀγροὺς,
2962 2615 2993 2682 ἢ
3019 2613 3212 2675 οἰκίας,
3243 2614 3274 2682 ἢ
3304 2617 3531 2682 γυναῖκα
3558 2614 3668 2664 ἓνε-

2100 2726 2193 2761 κεν
2226 2707 2315 2759 τοῦ
2339 2706 2599 2776 ὀνόματός
2629 2723 2750 2775 μου,
2790 2703 3216 2756 πολλαπλασίονα
3246 2704 3491 2774 λήψεται·
3523 2723 3541 2754 ι
3590 2707 3671 2755 Ἰζν

2101 2798 2210 2870 γὰρ
2249 2801 2315 2868 τῇ
2363 2797 2653 2849 ἀναστάσει
2697 2795 2802 2848 τῶν
2845 2794 3052 2866 νεκρῶν
3095 2794 3218 2847 οὕτε
3257 2795 3522 2864 γαμοῦσιν
3553 2795 3669 2846 οὔτε

2101 2889 2471 2961 γαμίσκονται·
2509 2889 2622 2941 ἀλλ’
2652 2889 2786 2942 εἰσὶν
2813 2887 2887 2949 ὡς
2918 2890 2966 2939 οἱ
2995 2886 3237 2955 ἄγγελοι,
3266 2889 3315 2939 οἱ
3347 2889 3406 2941 ἑν
3440 2890 3552 2950 τοῖς
3586 2887 3670 2939 οὑ-

2103 2985 2282 3052 ρανοῖς
2295 3024 2307 3036 .
2353 3000 2370 3032 ι

2174 3101 2350 3169 Ὅπερ
2382 3097 2559 3150 τοίνυν
2596 3091 2744 3148 εἶπεν
2786 3097 2992 3167 Ἰησοῦς
3018 3094 3093 3167 τῷ
3119 3095 3250 3166 λαῷ,
3286 3096 3551 3160 καθιστὰς
3575 3098 3669 3150 αὑ-

2094 3185 2218 3247 τοὺς
2244 3187 2335 3237 ἐπὶ
2362 3186 2457 3256 τὴν
2491 3186 2651 3252 ἁγίαν
2679 3187 2804 3255 γῆν,
2834 3186 3005 3238 ταῦτα
3029 3187 3121 3238 καὶ
3145 3189 3272 3256 ἡμῖν
3302 3187 3364 3238 ἂν
3405 3187 3536 3258 λέγῃ
3581 3188 3669 3240 νῦν

2093 3280 2125 3349 ἡ
2171 3279 2382 3348 Γραφή.
2436 3278 2588 3347 Ἔχει
2621 3277 2676 3329 δὲ
2709 3275 2879 3339 οὕτως
2920 3279 2952 3346 ἡ
2991 3276 3150 3340 λέξις·
3206 3296 3221 3328 ι
3259 3276 3371 3328 Νῦν
3405 3278 3667 3348 φοϐήθητε

2093 3369 2293 3438 Κύριον
2317 3370 2406 3420 καὶ
2426 3366 2754 3436 λατρεύσατε
2780 3367 2925 3437 αὑτῷ
2949 3370 3004 3420 ἐν
3022 3368 3272 3439 εὑθύτητι
3297 3369 3387 3420 καὶ
3408 3370 3464 3419 ἑν
3479 3370 3670 3422 δικαιο-

2093 3459 2246 3533 σύνῃ.
2291 3480 2308 3510 ›
2361 3461 2506 3530 Ἐρεί
2542 3459 2597 3511 δὲ
2643 3461 2771 3529 ἡμῖν
2797 3460 3242 3529 ἁναπειθομένοις
3267 3460 3666 3530 εἰδωλολατρείν

2091 3554 2184 3604 καὶ
2214 3552 2278 3604 τὰ
2310 3553 2433 3622 ἑξῆς
2462 3551 2632 3613 οὕτως
2667 3551 2875 3621 ἔχοντα·
2925 3569 2943 3600 ι
2994 3550 3314 3622 Περιέλεσθε
3351 3552 3476 3614 τοὺς
3517 3551 3667 3614 θεοὺς

2091 3646 2217 3706 τοὺς
2249 3643 2578 3715 ἀλλοτρίους,
2605 3638 2684 3705 οἷς
2712 3643 3038 3713 ἐλάτρευσαν
3066 3644 3114 3694 οἰ
3146 3642 3378 3714 πατέρες
3421 3643 3571 3713 ὑμῶν
3611 3643 3664 3694 ἑν

2089 3733 2167 3804 τῷ
2199 3735 2371 3806 πέραν
2405 3734 2497 3786 τοῦ
2531 3734 2772 3803 ποταμοῦ
2805 3734 2895 3785 καὶ
2921 3735 2977 3786 ἐν
3004 3731 3282 3802 Αἰγύπτῳ·
3313 3733 3405 3785 καὶ
3439 3731 3660 3802 λατρεύ-

2091 3844 2180 3879 ετε
2214 3825 2423 3895 Κυρίῳ.
2471 3846 2488 3876 ι
2528 3827 2661 3878 Κατ’
2698 3824 2870 3896 ἀρχὰς
2911 3824 3008 3894 μὲν
3046 3821 3158 3887 οὖν,
3205 3825 3291 3876 ὅτε
3323 3822 3663 3893 κατηχεῖσθαι

2091 3916 2361 3988 ἐμέλλετε,
2386 3917 2618 3984 εὐλόγως
2642 3917 2706 3969 ἂν
2735 3918 2862 3986 ὑμῖν
2884 3914 3085 3986 εἴρητο·
3121 3935 3138 3965 ι
3177 3917 3239 3968 Ei
3260 3915 3315 3968 δὲ
3347 3915 3420 3986 μὴ
3448 3915 3663 3985 ἀρέσκει

2093 4008 2220 4078 ὑμῖν
2249 4007 2527 4078 λατρεύειν
2561 4006 2767 4077 Κυρίῳ,
2799 4005 3089 4071 ἐκλέξασθε
3117 4007 3243 4075 ὑμῖν
3264 4045 3278 4068 ,
3316 4005 3420 4056 τίνι
3447 4003 3666 4076 λατρεύ-

2094 4116 2243 4169 σητε,
2271 4100 2380 4152 εἴτε
2408 4101 2516 4162 τοῖς
2547 4098 2688 4160 θεοῖς
2728 4097 2836 4149 τῶν
2879 4097 3128 4168 πατέρων
3164 4098 3315 4168 ὑμῶν
3349 4098 3458 4150 τῶν
3493 4101 3549 4152 ἑν
3592 4097 3664 4166 τῷ

2092 4191 2264 4262 πέραν
2293 4189 2384 4243 τοῦ
2413 4189 2679 4260 ποταμοῦ,
2722 4190 2829 4242 εἴτε
2859 4191 2972 4252 τοῖς
3002 4190 3141 4252 θεοῖς
3177 4188 3288 4241 τῶν
3344 4189 3659 4260 Ἀμοραίων,

2092 4285 2149 4336 ἑν
2173 4277 2252 4344 οἷς
2282 4283 2436 4352 ὑμεῖς
2459 4283 2758 4334 κατοικεῖτε
2794 4281 2884 4331 ἐπὶ
2918 4281 3014 4351 τῆς
3043 4282 3163 4350 γῆς·
3210 4299 3227 4330 ι
3263 4279 3356 4333 καὶ
3391 4279 3574 4346 ἔλεγεν
3601 4279 3663 4331 ἂν

2093 4376 2220 4446 ὑμῖν
2251 4375 2277 4426 ὁ
2299 4373 2568 4444 κατηχῶν·
2600 4391 2619 4423 ι
2671 4371 2811 4440 Ἐγὼ
2837 4371 2893 4424 δὲ
2923 4374 3014 4425 καὶ
3044 4375 3074 4442 ἡ
3116 4372 3260 4424 οἰκία
3303 4389 3402 4441 μου
3446 4369 3664 4441 λατρεύ·

1856 4479 1985 4521 tunc
2018 4451 2060 4505 Ῐ)
2093 4483 2253 4536 σομεν
2283 4464 2489 4534 Κυρίῳ,
2519 4464 2599 4516 ὅτι
2628 4463 2780 4532 ἅγιός
2806 4466 2938 4518 ἑστι.
2973 4484 2989 4515 ι
3023 4463 3135 4516 Νῦν
3162 4463 3409 4516 δὲταῦτα
3433 4464 3530 4516 οὑκ
3557 4462 3662 4532 ἔχει

2093 4554 2274 4626 χώραν
2303 4555 2430 4624 ὑμῖν
2461 4553 2732 4622 λέγεσθαι·
2761 4554 2882 4607 τότε
2909 4554 3017 4626 γὰρ
3044 4554 3244 4610 εἴπετε·
3274 4573 3292 4605 ι
3328 4555 3419 4625 Μὴ
3464 4555 3662 4622 γένοιτο

2197 4711 2241 4742 ³’
2277 4709 2390 4766 Jos.
2429 4727 2587 4776 xxw,
2624 4711 2710 4765 Η.
2789 4712 2834 4743 ³³
2866 4713 2997 4769 Ibid.
3034 4712 3122 4766 15.
3196 4712 3242 4744 ³⁸
3271 4712 3401 4766 Ibid.
3439 4716 3526 4769 16.

2099 4886 2237 4930 esta
2289 4876 2618 4937 Wctstenio,
2680 4877 3044 4932 Tertullianns
3096 4878 3187 4933 lib.
3241 4893 3256 4931 ι
3299 4878 3380 4932 Ad
3429 4896 3661 4944 uxorem,

2098 4961 2220 5013 Cap.
2261 4947 2282 4999 1
2326 4963 2338 4997 :
2375 4966 2392 4997 ι
2429 4948 2754 5001 Christianis
2782 4948 2980 5002 saeculo
3027 4947 3283 5017 digressis
3317 4951 3458 5002 nulla
3512 4953 3663 5003 resti-

2097 5018 2568 5087 tutionnptiarum
2602 5018 2653 5070 in
2684 5019 2768 5071 die
2799 5019 3215 5072 resurrectionis
3246 5021 3660 5087 repromittitur;

2096 5086 2371 5139 translatis
2396 5087 2604 5157 scilicet
2632 5089 2683 5139 in
2713 5089 3013 5157 angelicam
3048 5086 3362 5156 qualitatem
3387 5100 3442 5142 et
3466 5089 3660 5142 sancti-

2095 5164 2282 5207 tatem.
2325 5174 2342 5206 ι
2379 5156 2526 5210 Nihil
2561 5157 2762 5221 verius,
2801 5156 2858 5210 at
2890 5157 3082 5209 ntirtnn
3114 5175 3214 5212 cur
3244 5159 3437 5211 subdat
3471 5162 3657 5226 Orige-

2092 5239 2195 5298 nes
2223 5243 2236 5279 :
2354 5226 2478 5298 fyﬁp
2513 5227 2721 5298 εἴρηται
2742 5244 2754 5255 ·
2793 5229 2899 5290 πᾶς
2925 5228 3070 5291 ὅστις
3098 5228 3304 5298 ἀφῆκεν
3342 5228 3599 5296 ἀδελφοὺς
3626 5227 3656 5298 ἢ

2092 5244 2186 5276 nes
2223 5244 2334 5279 :Uu
2369 5244 2478 5297 γαρ
2513 5244 2594 5297 ειρ
2635 5244 2754 5278 ται·
2793 5245 2899 5290 πας
2925 5244 3070 5291 οστις
3098 5244 3304 5298 αφηκεν
3342 5244 3599 5296 αοελφους
3626 5244 3656 5298 η

2090 5244 2638 5366 ἀδελφάςῆγονεῖςέλ
2662 5296 2845 5368 τέκνα,
2872 5298 2904 5368 ἢ
2938 5299 3138 5368 ἀγροὺς
3169 5298 3200 5366 ἢ
3233 5297 3407 5368 οἰκίας
3426 5338 3439 5360 ,
3565 5314 3658 5368 γυο

2086 5367 2457 5437 ναῖκαὲνεκεν
2479 5367 2568 5418 τοῦ
2594 5367 2854 5436 ὀνόματός
2876 5367 3000 5437 μου,
3016 5367 3463 5421 πολλαπλασίονα
3496 5367 3658 5436 λήψε-

2089 5449 2224 5506 ται·
2254 5435 2369 5506 licet:
2405 5437 2548 5490 enim
2593 5435 2770 5490 omnia
2799 5435 2998 5506 scripta
3034 5438 3271 5504 reperies
3313 5440 3363 5506 in
3403 5435 3652 5490 omnibus

2089 5504 2248 5576 t_-_odd.
2294 5504 2500 5560 Graecis
2550 5506 2761 5576 Matth.,
2815 5504 2942 5567 xu”.
2987 5507 3090 5570 99,
3125 5509 3170 5561 si
3211 5505 3369 5562 modo
3415 5507 3654 5576 excipias

2086 5570 2269 5640 Cau'.,
2307 5577 2398 5630 ubi
2450 5585 2585 5632 teste
2612 5575 2777 5630 Mallio
2811 5579 2962 5632 deest
2993 5577 3028 5648 ἢ
3071 5579 3322 5646 γυναῖκα.
