  <div class='ocr_page' id='page_1' title='image "/cluster/home/n/w/nwhite01/storage/ocr_20150623/11/mdp.39015013266690/307.png"; bbox 0 0 3974 6160; ppageno 0'>
   <div class='ocr_carea' id='block_1_1' title="bbox 373 173 480 230">
    <p class='ocr_par' dir='ltr' id='par_1_1' title="bbox 373 173 480 230">
     <span class='ocr_line' id='line_1_1' title="bbox 373 173 480 230; baseline 0 -2"><span class='ocrx_word' id='word_1_1' title='bbox 373 173 480 230; x_wconf 78' lang='grc'>587</span> 
     </span>
    </p>
   </div>
   <div class='ocr_carea' id='block_1_2' title="bbox 1855 166 2174 222">
    <p class='ocr_par' dir='ltr' id='par_1_2' title="bbox 1855 166 2174 222">
     <span class='ocr_line' id='line_1_2' title="bbox 1855 166 2174 222; baseline -0.003 -1"><span class='ocrx_word' id='word_1_2' title='bbox 1855 166 2174 222; x_wconf 70' lang='grc' dir='ltr'>ΟῐὶιϐΕΜδ</span> 
     </span>
    </p>
   </div>
   <div class='ocr_carea' id='block_1_3' title="bbox 3521 171 3624 226">
    <p class='ocr_par' dir='ltr' id='par_1_3' title="bbox 3521 171 3624 226">
     <span class='ocr_line' id='line_1_3' title="bbox 3521 171 3624 226; baseline 0.01 -1"><span class='ocrx_word' id='word_1_3' title='bbox 3521 171 3624 226; x_wconf 85' lang='grc'>588</span> 
     </span>
    </p>
   </div>
   <div class='ocr_carea' id='block_1_4' title="bbox 373 287 1921 366">
    <p class='ocr_par' dir='ltr' id='par_1_4' title="bbox 373 289 1921 366">
     <span class='ocr_line' id='line_1_4' title="bbox 373 289 1921 366; baseline -0.004 -18"><span class='ocrx_word' id='word_1_4' title='bbox 373 295 630 366; x_wconf 89' lang='lat' dir='ltr'><strong>plaudent</strong></span> <span class='ocrx_word' id='word_1_5' title='bbox 659 307 820 346; x_wconf 89' lang='lat' dir='ltr'><strong>manu</strong></span> <span class='ocrx_word' id='word_1_6' title='bbox 852 310 870 343; x_wconf 81' lang='grc'><strong>›</strong></span> <span class='ocrx_word' id='word_1_7' title='bbox 909 291 962 345; x_wconf 92' lang='lat' dir='ltr'>in</span> <span class='ocrx_word' id='word_1_8' title='bbox 999 290 1226 359; x_wconf 89' lang='lat' dir='ltr'><strong>idipsum</strong></span> <span class='ocrx_word' id='word_1_9' title='bbox 1260 289 1324 356; x_wconf 78' lang='grc'>³⁸,</span> <span class='ocrx_word' id='word_1_10' title='bbox 1368 296 1424 343; x_wconf 91' lang='lat' dir='ltr'><strong>et</strong></span> <span class='ocrx_word' id='word_1_11' title='bbox 1457 305 1476 338; x_wconf 77' lang='grc' dir='ltr'>ι</span> <span class='ocrx_word' id='word_1_12' title='bbox 1509 296 1717 343; x_wconf 90' lang='lat' dir='ltr'><strong>montes</strong></span> <span class='ocrx_word' id='word_1_13' title='bbox 1755 290 1921 344; x_wconf 80' lang='lat' dir='ltr'><strong>exsul-</strong></span> 
     </span>
    </p>
   </div>
   <div class='ocr_carea' id='block_1_5' title="bbox 2028 287 3625 366">
    <p class='ocr_par' dir='ltr' id='par_1_5' title="bbox 2039 287 3625 362">
     <span class='ocr_line' id='line_1_5' title="bbox 2039 287 3625 362; baseline 0.004 -22"><span class='ocrx_word' id='word_1_14' title='bbox 2039 289 2164 358; x_wconf 71' lang='grc' dir='ltr'>περὶ</span> <span class='ocrx_word' id='word_1_15' title='bbox 2195 287 2620 358; x_wconf 80' lang='grc' dir='ltr'>Χριστιανισμοῦ</span> <span class='ocrx_word' id='word_1_16' title='bbox 2665 287 2879 356; x_wconf 84' lang='grc' dir='ltr'>ἀγῶνα·</span> <span class='ocrx_word' id='word_1_17' title='bbox 2918 288 3011 342; x_wconf 73' lang='grc' dir='ltr'>καὶ</span> <span class='ocrx_word' id='word_1_18' title='bbox 3057 290 3172 360; x_wconf 76' lang='grc' dir='ltr'>ἦτοι</span> <span class='ocrx_word' id='word_1_19' title='bbox 3204 292 3254 343; x_wconf 87' lang='grc' dir='ltr'>οἱ</span> <span class='ocrx_word' id='word_1_20' title='bbox 3287 292 3342 344; x_wconf 88' lang='grc' dir='ltr'>ἐν</span> <span class='ocrx_word' id='word_1_21' title='bbox 3375 291 3625 362; x_wconf 79' lang='grc' dir='ltr'>οὐρανοῖς</span> 
     </span>
    </p>
   </div>
   <div class='ocr_carea' id='block_1_6' title="bbox 377 378 1936 451">
    <p class='ocr_par' dir='ltr' id='par_1_6' title="bbox 377 378 1936 451">
     <span class='ocr_line' id='line_1_6' title="bbox 377 378 1936 451; baseline -0.006 -11"><span class='ocrx_word' id='word_1_22' title='bbox 377 387 593 449; x_wconf 76' lang='lat' dir='ltr'><strong>tabun‘t,</strong></span> <span class='ocrx_word' id='word_1_23' title='bbox 631 393 687 438; x_wconf 88' lang='lat' dir='ltr'>et</span> <span class='ocrx_word' id='word_1_24' title='bbox 720 383 902 438; x_wconf 89' lang='lat' dir='ltr'><strong>omnia</strong></span> <span class='ocrx_word' id='word_1_25' title='bbox 927 382 1070 451; x_wconf 85' lang='lat' dir='ltr'><strong>ligna</strong></span> <span class='ocrx_word' id='word_1_26' title='bbox 1097 379 1272 447; x_wconf 83' lang='lat' dir='ltr'>campi</span> <span class='ocrx_word' id='word_1_27' title='bbox 1325 379 1494 434; x_wconf 90' lang='lat' dir='ltr'><strong>ramis</strong></span> <span class='ocrx_word' id='word_1_28' title='bbox 1543 379 1660 434; x_wconf 90' lang='lat' dir='ltr'>suis</span> <span class='ocrx_word' id='word_1_29' title='bbox 1711 378 1936 448; x_wconf 83' lang='lat' dir='ltr'><strong>applau-</strong></span> 
     </span>
    </p>
   </div>
   <div class='ocr_carea' id='block_1_7' title="bbox 374 467 1939 542">
    <p class='ocr_par' dir='ltr' id='par_1_7' title="bbox 374 467 1939 542">
     <span class='ocr_line' id='line_1_7' title="bbox 374 467 1939 542; baseline -0.007 -11"><span class='ocrx_word' id='word_1_30' title='bbox 374 479 506 531; x_wconf 89' lang='lat' dir='ltr'><strong>dent</strong></span> <span class='ocrx_word' id='word_1_31' title='bbox 535 476 612 542; x_wconf 70' lang='lat'>&#39;9;</span> <span class='ocrx_word' id='word_1_32' title='bbox 645 493 664 526; x_wconf 72' lang='grc' dir='ltr'>ι</span> <span class='ocrx_word' id='word_1_33' title='bbox 699 474 806 539; x_wconf 85' lang='lat' dir='ltr'><strong>vel,</strong></span> <span class='ocrx_word' id='word_1_34' title='bbox 847 473 988 542; x_wconf 88' lang='lat' dir='ltr'><strong>quod</strong></span> <span class='ocrx_word' id='word_1_35' title='bbox 1026 471 1200 526; x_wconf 87' lang='lat' dir='ltr'><strong>absit!</strong></span> <span class='ocrx_word' id='word_1_36' title='bbox 1243 468 1469 524; x_wconf 62' lang='lat' dir='ltr'><strong>inferum</strong></span> <span class='ocrx_word' id='word_1_37' title='bbox 1519 484 1638 538; x_wconf 73' lang='lat' dir='ltr'><strong>qua:</strong></span> <span class='ocrx_word' id='word_1_38' title='bbox 1667 467 1824 522; x_wconf 91' lang='lat' dir='ltr'><strong>malis</strong></span> <span class='ocrx_word' id='word_1_39' title='bbox 1852 468 1939 522; x_wconf 89' lang='lat' dir='ltr'><strong>de-</strong></span> 
     </span>
    </p>
   </div>
   <div class='ocr_carea' id='block_1_8' title="bbox 375 560 1938 637">
    <p class='ocr_par' dir='ltr' id='par_1_8' title="bbox 375 560 1938 637">
     <span class='ocr_line' id='line_1_8' title="bbox 375 560 1938 637; baseline -0.007 -12"><span class='ocrx_word' id='word_1_40' title='bbox 375 570 663 633; x_wconf 89' lang='lat' dir='ltr'><strong>lectantur,</strong></span> <span class='ocrx_word' id='word_1_41' title='bbox 699 574 996 637; x_wconf 89' lang='lat' dir='ltr'><strong>potestates</strong></span> <span class='ocrx_word' id='word_1_42' title='bbox 1027 563 1378 618; x_wconf 79' lang='lat' dir='ltr'><strong>laetabuntur.</strong></span> <span class='ocrx_word' id='word_1_43' title='bbox 1408 563 1572 632; x_wconf 76' lang='lat'>286</span> <span class='ocrx_word' id='word_1_44' title='bbox 1605 560 1717 616; x_wconf 86' lang='lat' dir='ltr'>Nec</span> <span class='ocrx_word' id='word_1_45' title='bbox 1750 560 1848 614; x_wconf 89' lang='lat' dir='ltr'>abs</span> <span class='ocrx_word' id='word_1_46' title='bbox 1878 574 1938 614; x_wconf 86' lang='lat' dir='ltr'>re</span> 
     </span>
    </p>
   </div>
   <div class='ocr_carea' id='block_1_9' title="bbox 375 652 1935 728">
    <p class='ocr_par' dir='ltr' id='par_1_9' title="bbox 375 652 1935 728">
     <span class='ocr_line' id='line_1_9' title="bbox 375 652 1935 728; baseline -0.007 -13"><span class='ocrx_word' id='word_1_47' title='bbox 375 663 482 716; x_wconf 90' lang='lat' dir='ltr'><strong>erit</strong></span> <span class='ocrx_word' id='word_1_48' title='bbox 507 674 614 728; x_wconf 91' lang='lat' dir='ltr'>quo</span> <span class='ocrx_word' id='word_1_49' title='bbox 651 657 821 726; x_wconf 89' lang='lat' dir='ltr'><strong>magis</strong></span> <span class='ocrx_word' id='word_1_50' title='bbox 864 653 1166 724; x_wconf 79' lang='lat' dir='ltr'>negationis</span> <span class='ocrx_word' id='word_1_51' title='bbox 1199 652 1536 721; x_wconf 87' lang='lat' dir='ltr'><strong>impietatem</strong></span> <span class='ocrx_word' id='word_1_52' title='bbox 1591 653 1935 714; x_wconf 85' lang='lat' dir='ltr'>horreamus,</span> 
     </span>
    </p>
   </div>
   <div class='ocr_carea' id='block_1_10' title="bbox 373 744 1938 819">
    <p class='ocr_par' dir='ltr' id='par_1_10' title="bbox 373 744 1938 819">
     <span class='ocr_line' id='line_1_10' title="bbox 373 744 1938 819; baseline -0.006 -12"><span class='ocrx_word' id='word_1_53' title='bbox 373 767 440 807; x_wconf 80' lang='lat' dir='ltr'>ex</span> <span class='ocrx_word' id='word_1_54' title='bbox 469 751 535 806; x_wconf 91' lang='lat' dir='ltr'>iis</span> <span class='ocrx_word' id='word_1_55' title='bbox 563 764 682 819; x_wconf 68' lang='lat' dir='ltr'><strong>quae</strong></span> <span class='ocrx_word' id='word_1_56' title='bbox 707 746 927 816; x_wconf 78' lang='lat' dir='ltr'>scripsit</span> <span class='ocrx_word' id='word_1_57' title='bbox 969 744 1138 799; x_wconf 91' lang='lat' dir='ltr'><strong>Isaias</strong></span> <span class='ocrx_word' id='word_1_58' title='bbox 1173 745 1361 798; x_wconf 89' lang='lat' dir='ltr'><strong>videre</strong></span> <span class='ocrx_word' id='word_1_59' title='bbox 1394 759 1643 812; x_wconf 84' lang='lat' dir='ltr'><strong>quaenam</strong></span> <span class='ocrx_word' id='word_1_60' title='bbox 1677 746 1817 812; x_wconf 90' lang='lat' dir='ltr'><strong>apud</strong></span> <span class='ocrx_word' id='word_1_61' title='bbox 1856 745 1938 797; x_wconf 92' lang='lat' dir='ltr'><strong>in-</strong></span> 
     </span>
    </p>
   </div>
   <div class='ocr_carea' id='block_1_11' title="bbox 369 833 1934 902">
    <p class='ocr_par' dir='ltr' id='par_1_11' title="bbox 369 833 1934 902">
     <span class='ocr_line' id='line_1_11' title="bbox 369 833 1934 902; baseline -0.006 -7"><span class='ocrx_word' id='word_1_62' title='bbox 369 839 518 896; x_wconf 78' lang='lat' dir='ltr'><strong>feros</strong></span> <span class='ocrx_word' id='word_1_63' title='bbox 560 837 788 894; x_wconf 89' lang='lat' dir='ltr'><strong>dicenda</strong></span> <span class='ocrx_word' id='word_1_64' title='bbox 821 837 933 891; x_wconf 88' lang='lat' dir='ltr'><strong>sint</strong></span> <span class='ocrx_word' id='word_1_65' title='bbox 964 834 1123 889; x_wconf 89' lang='lat' dir='ltr'><strong>victis</strong></span> <span class='ocrx_word' id='word_1_66' title='bbox 1151 843 1206 888; x_wconf 91' lang='lat' dir='ltr'>et</span> <span class='ocrx_word' id='word_1_67' title='bbox 1244 850 1271 887; x_wconf 92' lang='lat' dir='ltr'>a</span> <span class='ocrx_word' id='word_1_68' title='bbox 1309 833 1517 888; x_wconf 87' lang='lat' dir='ltr'><strong>coelein</strong></span> <span class='ocrx_word' id='word_1_69' title='bbox 1557 834 1818 902; x_wconf 82' lang='lat' dir='ltr'><strong>martyrio</strong></span> <span class='ocrx_word' id='word_1_70' title='bbox 1855 833 1934 886; x_wconf 92' lang='lat' dir='ltr'><strong>la-</strong></span> 
     </span>
    </p>
   </div>
   <div class='ocr_carea' id='block_1_12' title="bbox 367 924 1932 1001">
    <p class='ocr_par' dir='ltr' id='par_1_12' title="bbox 367 924 1932 1001">
     <span class='ocr_line' id='line_1_12' title="bbox 367 924 1932 1001; baseline -0.005 -15"><span class='ocrx_word' id='word_1_71' title='bbox 367 933 498 1001; x_wconf 88' lang='lat' dir='ltr'><strong>psis.</strong></span> <span class='ocrx_word' id='word_1_72' title='bbox 541 930 679 985; x_wconf 76' lang='lat' dir='ltr'><strong>Puto</strong></span> <span class='ocrx_word' id='word_1_73' title='bbox 723 929 868 984; x_wconf 90' lang='lat' dir='ltr'><strong>enim</strong></span> <span class='ocrx_word' id='word_1_74' title='bbox 917 929 1033 982; x_wconf 65' lang='lat' dir='ltr'><strong>haec</strong></span> <span class='ocrx_word' id='word_1_75' title='bbox 1063 928 1113 981; x_wconf 89' lang='lat' dir='ltr'>ei</span> <span class='ocrx_word' id='word_1_76' title='bbox 1146 927 1236 995; x_wconf 91' lang='lat' dir='ltr'><strong>qui</strong></span> <span class='ocrx_word' id='word_1_77' title='bbox 1267 924 1544 994; x_wconf 82' lang='lat' dir='ltr'>negaverit</span> <span class='ocrx_word' id='word_1_78' title='bbox 1592 925 1794 978; x_wconf 88' lang='lat' dir='ltr'><strong>dictum</strong></span> <span class='ocrx_word' id='word_1_79' title='bbox 1828 924 1889 977; x_wconf 90' lang='lat' dir='ltr'>iri</span> <span class='ocrx_word' id='word_1_80' title='bbox 1917 940 1932 978; x_wconf 89' lang='lat'><strong>:</strong></span> 
     </span>
    </p>
   </div>
   <div class='ocr_carea' id='block_1_13' title="bbox 375 1017 1930 1081">
    <p class='ocr_par' dir='ltr' id='par_1_13' title="bbox 375 1017 1930 1081">
     <span class='ocr_line' id='line_1_13' title="bbox 375 1017 1930 1081; baseline -0.004 -5"><span class='ocrx_word' id='word_1_81' title='bbox 375 1042 394 1076; x_wconf 78' lang='grc' dir='ltr'>ι</span> <span class='ocrx_word' id='word_1_82' title='bbox 429 1023 681 1079; x_wconf 79' lang='lat' dir='ltr'><strong>Infernus</strong></span> <span class='ocrx_word' id='word_1_83' title='bbox 705 1022 896 1076; x_wconf 87' lang='lat' dir='ltr'><strong>subter</strong></span> <span class='ocrx_word' id='word_1_84' title='bbox 928 1018 1290 1074; x_wconf 82' lang='lat' dir='ltr'><strong>exacerbatus</strong></span> <span class='ocrx_word' id='word_1_85' title='bbox 1323 1025 1410 1071; x_wconf 89' lang='lat' dir='ltr'>est</span> <span class='ocrx_word' id='word_1_86' title='bbox 1443 1031 1739 1072; x_wconf 87' lang='lat' dir='ltr'><strong>occurrens</strong></span> <span class='ocrx_word' id='word_1_87' title='bbox 1795 1017 1930 1081; x_wconf 83' lang='lat' dir='ltr'><strong>tibi;</strong></span> 
     </span>
    </p>
   </div>
   <div class='ocr_carea' id='block_1_14' title="bbox 365 1106 1935 1178">
    <p class='ocr_par' dir='ltr' id='par_1_14' title="bbox 365 1106 1935 1178">
     <span class='ocr_line' id='line_1_14' title="bbox 365 1106 1935 1178; baseline -0.007 -7"><span class='ocrx_word' id='word_1_88' title='bbox 365 1121 838 1171; x_wconf 82' lang='lat' dir='ltr'><strong>consurrexerunt</strong></span> <span class='ocrx_word' id='word_1_89' title='bbox 871 1112 965 1165; x_wconf 89' lang='lat' dir='ltr'><strong>tibi</strong></span> <span class='ocrx_word' id='word_1_90' title='bbox 1012 1123 1201 1165; x_wconf 89' lang='lat' dir='ltr'><strong>omnes</strong></span> <span class='ocrx_word' id='word_1_91' title='bbox 1231 1107 1478 1178; x_wconf 79' lang='lat' dir='ltr'><strong>gigantes</strong></span> <span class='ocrx_word' id='word_1_92' title='bbox 1507 1106 1599 1176; x_wconf 86' lang='lat' dir='ltr'><strong>qui</strong></span> <span class='ocrx_word' id='word_1_93' title='bbox 1655 1107 1935 1176; x_wconf 90' lang='lat' dir='ltr'><strong>principa-</strong></span> 
     </span>
    </p>
   </div>
   <div class='ocr_carea' id='block_1_15' title="bbox 365 1198 1935 1272">
    <p class='ocr_par' dir='ltr' id='par_1_15' title="bbox 365 1198 1935 1272">
     <span class='ocr_line' id='line_1_15' title="bbox 365 1198 1935 1272; baseline -0.004 -14"><span class='ocrx_word' id='word_1_94' title='bbox 365 1205 564 1259; x_wconf 86' lang='lat' dir='ltr'><strong>bantur</strong></span> <span class='ocrx_word' id='word_1_95' title='bbox 598 1215 774 1265; x_wconf 75' lang='lat' dir='ltr'><strong>terrae,</strong></span> <span class='ocrx_word' id='word_1_96' title='bbox 803 1204 895 1272; x_wconf 90' lang='lat' dir='ltr'>qui</span> <span class='ocrx_word' id='word_1_97' title='bbox 925 1201 1238 1257; x_wconf 88' lang='lat' dir='ltr'><strong>excitabant</strong></span> <span class='ocrx_word' id='word_1_98' title='bbox 1260 1199 1327 1254; x_wconf 88' lang='lat' dir='ltr'>de</span> <span class='ocrx_word' id='word_1_99' title='bbox 1353 1198 1502 1254; x_wconf 91' lang='lat' dir='ltr'><strong>soliis</strong></span> <span class='ocrx_word' id='word_1_100' title='bbox 1533 1214 1718 1254; x_wconf 91' lang='lat' dir='ltr'><strong>eorum</strong></span> <span class='ocrx_word' id='word_1_101' title='bbox 1743 1213 1935 1254; x_wconf 90' lang='lat' dir='ltr'><strong>omnes</strong></span> 
     </span>
    </p>
   </div>
   <div class='ocr_carea' id='block_1_16' title="bbox 367 1291 1936 1365">
    <p class='ocr_par' dir='ltr' id='par_1_16' title="bbox 367 1291 1936 1365">
     <span class='ocr_line' id='line_1_16' title="bbox 367 1291 1936 1365; baseline -0.003 -17"><span class='ocrx_word' id='word_1_102' title='bbox 367 1310 527 1365; x_wconf 87' lang='lat' dir='ltr'><strong>reges</strong></span> <span class='ocrx_word' id='word_1_103' title='bbox 563 1296 828 1364; x_wconf 74' lang='lat' dir='ltr'><strong>gentium.</strong></span> <span class='ocrx_word' id='word_1_104' title='bbox 890 1293 1144 1349; x_wconf 90' lang='lat' dir='ltr'><strong>Universi</strong></span> <span class='ocrx_word' id='word_1_105' title='bbox 1192 1291 1601 1360; x_wconf 88' lang='lat' dir='ltr'><strong>respondebunt</strong></span> <span class='ocrx_word' id='word_1_106' title='bbox 1652 1301 1707 1345; x_wconf 89' lang='lat' dir='ltr'>et</span> <span class='ocrx_word' id='word_1_107' title='bbox 1750 1291 1936 1345; x_wconf 91' lang='lat' dir='ltr'><strong>dicent</strong></span> 
     </span>
    </p>
   </div>
   <div class='ocr_carea' id='block_1_17' title="bbox 365 1383 1934 1452">
    <p class='ocr_par' dir='ltr' id='par_1_17' title="bbox 365 1383 1934 1452">
     <span class='ocr_line' id='line_1_17' title="bbox 365 1383 1934 1452; baseline -0.003 -13"><span class='ocrx_word' id='word_1_108' title='bbox 365 1387 465 1441; x_wconf 88' lang='lat' dir='ltr'><strong>tibi</strong></span> <span class='ocrx_word' id='word_1_109' title='bbox 498 1385 566 1438; x_wconf 75' lang='lat'><strong>“.</strong></span> <span class='ocrx_word' id='word_1_110' title='bbox 607 1404 626 1436; x_wconf 74' lang='grc' dir='ltr'>ι</span> <span class='ocrx_word' id='word_1_111' title='bbox 671 1383 810 1450; x_wconf 84' lang='lat' dir='ltr'><strong>Quid</strong></span> <span class='ocrx_word' id='word_1_112' title='bbox 835 1393 1013 1438; x_wconf 87' lang='lat' dir='ltr'><strong>autem</strong></span> <span class='ocrx_word' id='word_1_113' title='bbox 1041 1383 1226 1437; x_wconf 89' lang='lat' dir='ltr'><strong>dicent</strong></span> <span class='ocrx_word' id='word_1_114' title='bbox 1256 1383 1413 1438; x_wconf 82' lang='lat' dir='ltr'><strong>victis</strong></span> <span class='ocrx_word' id='word_1_115' title='bbox 1443 1384 1598 1436; x_wconf 70' lang='lat' dir='ltr'><strong>victae</strong></span> <span class='ocrx_word' id='word_1_116' title='bbox 1637 1392 1934 1452; x_wconf 83' lang='lat' dir='ltr'><strong>potestates</strong></span> 
     </span>
    </p>
   </div>
   <div class='ocr_carea' id='block_1_18' title="bbox 365 1475 1935 1547">
    <p class='ocr_par' dir='ltr' id='par_1_18' title="bbox 365 1475 1935 1547">
     <span class='ocr_line' id='line_1_18' title="bbox 365 1475 1935 1547; baseline -0.003 -14"><span class='ocrx_word' id='word_1_117' title='bbox 365 1489 419 1533; x_wconf 91' lang='lat' dir='ltr'>et</span> <span class='ocrx_word' id='word_1_118' title='bbox 459 1495 488 1530; x_wconf 87' lang='lat' dir='ltr'>a</span> <span class='ocrx_word' id='word_1_119' title='bbox 530 1477 746 1530; x_wconf 86' lang='lat' dir='ltr'><strong>diabolo</strong></span> <span class='ocrx_word' id='word_1_120' title='bbox 774 1476 912 1544; x_wconf 91' lang='lat' dir='ltr'><strong>capti</strong></span> <span class='ocrx_word' id='word_1_121' title='bbox 945 1476 1033 1531; x_wconf 88' lang='lat' dir='ltr'>his</span> <span class='ocrx_word' id='word_1_122' title='bbox 1062 1477 1152 1547; x_wconf 88' lang='lat' dir='ltr'>qui</span> <span class='ocrx_word' id='word_1_123' title='bbox 1176 1476 1231 1530; x_wconf 93' lang='lat' dir='ltr'>in</span> <span class='ocrx_word' id='word_1_124' title='bbox 1259 1477 1546 1545; x_wconf 79' lang='lat' dir='ltr'><strong>negatione</strong></span> <span class='ocrx_word' id='word_1_125' title='bbox 1573 1476 1715 1546; x_wconf 90' lang='lat' dir='ltr'><strong>capti</strong></span> <span class='ocrx_word' id='word_1_126' title='bbox 1740 1475 1935 1530; x_wconf 88' lang='lat' dir='ltr'><strong>erunt?</strong></span> 
     </span>
    </p>
   </div>
   <div class='ocr_carea' id='block_1_19' title="bbox 378 1565 1933 1635">
    <p class='ocr_par' dir='ltr' id='par_1_19' title="bbox 378 1565 1933 1635">
     <span class='ocr_line' id='line_1_19' title="bbox 378 1565 1933 1635; baseline 0.001 -16"><span class='ocrx_word' id='word_1_127' title='bbox 378 1586 397 1618; x_wconf 76' lang='grc' dir='ltr'>ι</span> <span class='ocrx_word' id='word_1_128' title='bbox 432 1568 499 1621; x_wconf 84' lang='grc' dir='ltr'>Ει</span> <span class='ocrx_word' id='word_1_129' title='bbox 529 1577 582 1620; x_wconf 92' lang='lat' dir='ltr'>tu</span> <span class='ocrx_word' id='word_1_130' title='bbox 616 1575 808 1635; x_wconf 86' lang='lat' dir='ltr'><strong>captus</strong></span> <span class='ocrx_word' id='word_1_131' title='bbox 841 1580 900 1619; x_wconf 89' lang='lat' dir='ltr'>es</span> <span class='ocrx_word' id='word_1_132' title='bbox 924 1565 1067 1620; x_wconf 86' lang='lat' dir='ltr'><strong>sicut</strong></span> <span class='ocrx_word' id='word_1_133' title='bbox 1100 1575 1156 1619; x_wconf 88' lang='lat' dir='ltr'>et</span> <span class='ocrx_word' id='word_1_134' title='bbox 1197 1580 1298 1621; x_wconf 90' lang='lat' dir='ltr'>nos</span> <span class='ocrx_word' id='word_1_135' title='bbox 1328 1567 1394 1618; x_wconf 73' lang='lat'><strong>“.</strong></span> <span class='ocrx_word' id='word_1_136' title='bbox 1429 1584 1449 1617; x_wconf 77' lang='grc' dir='ltr'>ι</span> <span class='ocrx_word' id='word_1_137' title='bbox 1492 1565 1604 1619; x_wconf 94' lang='lat' dir='ltr'><strong>Etsi</strong></span> <span class='ocrx_word' id='word_1_138' title='bbox 1656 1579 1783 1618; x_wconf 92' lang='lat' dir='ltr'><strong>vero</strong></span> <span class='ocrx_word' id='word_1_139' title='bbox 1813 1567 1933 1632; x_wconf 88' lang='lat' dir='ltr'><strong>quis</strong></span> 
     </span>
    </p>
   </div>
   <div class='ocr_carea' id='block_1_20' title="bbox 365 1657 1930 1729">
    <p class='ocr_par' dir='ltr' id='par_1_20' title="bbox 365 1657 1930 1729">
     <span class='ocr_line' id='line_1_20' title="bbox 365 1657 1930 1729; baseline -0.001 -17"><span class='ocrx_word' id='word_1_140' title='bbox 365 1674 575 1728; x_wconf 70' lang='lat' dir='ltr'><strong>magnae</strong></span> <span class='ocrx_word' id='word_1_141' title='bbox 604 1667 660 1712; x_wconf 90' lang='lat' dir='ltr'>et</span> <span class='ocrx_word' id='word_1_142' title='bbox 707 1658 952 1729; x_wconf 63' lang='lat' dir='ltr'><strong>gloriosae</strong></span> <span class='ocrx_word' id='word_1_143' title='bbox 995 1659 1048 1712; x_wconf 93' lang='lat' dir='ltr'>in</span> <span class='ocrx_word' id='word_1_144' title='bbox 1088 1657 1198 1713; x_wconf 91' lang='lat' dir='ltr'><strong>Deo</strong></span> <span class='ocrx_word' id='word_1_145' title='bbox 1243 1658 1354 1727; x_wconf 88' lang='lat' dir='ltr'><strong>spei</strong></span> <span class='ocrx_word' id='word_1_146' title='bbox 1414 1657 1580 1711; x_wconf 81' lang='lat' dir='ltr'><strong>fuerit</strong></span> <span class='ocrx_word' id='word_1_147' title='bbox 1610 1697 1625 1723; x_wconf 93' lang='lat'>,</span> <span class='ocrx_word' id='word_1_148' title='bbox 1660 1664 1836 1711; x_wconf 91' lang='lat' dir='ltr'><strong>tamen</strong></span> <span class='ocrx_word' id='word_1_149' title='bbox 1887 1657 1930 1710; x_wconf 85' lang='lat' dir='ltr'>si</span> 
     </span>
    </p>
   </div>
   <div class='ocr_carea' id='block_1_21' title="bbox 363 1748 1931 1821">
    <p class='ocr_par' dir='ltr' id='par_1_21' title="bbox 363 1748 1931 1821">
     <span class='ocr_line' id='line_1_21' title="bbox 363 1748 1931 1821; baseline -0.001 -16"><span class='ocrx_word' id='word_1_150' title='bbox 363 1760 556 1821; x_wconf 89' lang='lat' dir='ltr'><strong>postea</strong></span> <span class='ocrx_word' id='word_1_151' title='bbox 601 1766 695 1805; x_wconf 90' lang='lat' dir='ltr'>seu</span> <span class='ocrx_word' id='word_1_152' title='bbox 730 1751 1021 1804; x_wconf 88' lang='lat' dir='ltr'><strong>timiditate</strong></span> <span class='ocrx_word' id='word_1_153' title='bbox 1050 1764 1144 1804; x_wconf 87' lang='lat' dir='ltr'>seu</span> <span class='ocrx_word' id='word_1_154' title='bbox 1173 1749 1402 1818; x_wconf 85' lang='lat' dir='ltr'><strong>objectis</strong></span> <span class='ocrx_word' id='word_1_155' title='bbox 1453 1748 1728 1804; x_wconf 87' lang='lat' dir='ltr'><strong>laboribus</strong></span> <span class='ocrx_word' id='word_1_156' title='bbox 1758 1750 1931 1803; x_wconf 91' lang='lat' dir='ltr'><strong>victus</strong></span> 
     </span>
    </p>
   </div>
   <div class='ocr_carea' id='block_1_22' title="bbox 363 1839 1932 1904">
    <p class='ocr_par' dir='ltr' id='par_1_22' title="bbox 363 1839 1932 1904">
     <span class='ocr_line' id='line_1_22' title="bbox 363 1839 1932 1904; baseline 0 -9"><span class='ocrx_word' id='word_1_157' title='bbox 363 1843 491 1904; x_wconf 86' lang='lat' dir='ltr'><strong>erit,</strong></span> <span class='ocrx_word' id='word_1_158' title='bbox 533 1842 648 1896; x_wconf 84' lang='lat' dir='ltr'><strong>haec</strong></span> <span class='ocrx_word' id='word_1_159' title='bbox 690 1857 719 1895; x_wconf 92' lang='lat' dir='ltr'>a</span> <span class='ocrx_word' id='word_1_160' title='bbox 757 1841 866 1895; x_wconf 88' lang='lat' dir='ltr'><strong>Deo</strong></span> <span class='ocrx_word' id='word_1_161' title='bbox 919 1841 1142 1895; x_wconf 88' lang='lat' dir='ltr'><strong>audiet:</strong></span> <span class='ocrx_word' id='word_1_162' title='bbox 1189 1858 1208 1892; x_wconf 72' lang='grc' dir='ltr'>ι</span> <span class='ocrx_word' id='word_1_163' title='bbox 1267 1840 1560 1896; x_wconf 89' lang='lat' dir='ltr'><strong>Descendit</strong></span> <span class='ocrx_word' id='word_1_164' title='bbox 1615 1840 1680 1894; x_wconf 90' lang='lat' dir='ltr'>ad</span> <span class='ocrx_word' id='word_1_165' title='bbox 1729 1839 1932 1895; x_wconf 83' lang='lat' dir='ltr'><strong>inferos</strong></span> 
     </span>
    </p>
   </div>
   <div class='ocr_carea' id='block_1_23' title="bbox 362 1931 1931 2002">
    <p class='ocr_par' dir='ltr' id='par_1_23' title="bbox 362 1931 1931 2002">
     <span class='ocr_line' id='line_1_23' title="bbox 362 1931 1931 2002; baseline 0 -18"><span class='ocrx_word' id='word_1_166' title='bbox 362 1931 533 2002; x_wconf 79' lang='lat' dir='ltr'><strong>gloria</strong></span> <span class='ocrx_word' id='word_1_167' title='bbox 571 1941 682 1994; x_wconf 89' lang='lat' dir='ltr'><strong>tua,</strong></span> <span class='ocrx_word' id='word_1_168' title='bbox 711 1932 902 1987; x_wconf 85' lang='lat' dir='ltr'><strong>subter</strong></span> <span class='ocrx_word' id='word_1_169' title='bbox 930 1940 980 1985; x_wconf 89' lang='lat' dir='ltr'>te</span> <span class='ocrx_word' id='word_1_170' title='bbox 1009 1939 1286 1986; x_wconf 89' lang='lat' dir='ltr'><strong>sternetur</strong></span> <span class='ocrx_word' id='word_1_171' title='bbox 1315 1931 1548 2000; x_wconf 88' lang='lat' dir='ltr'><strong>putredo</strong></span> <span class='ocrx_word' id='word_1_172' title='bbox 1576 1971 1590 1996; x_wconf 94' lang='lat'>,</span> <span class='ocrx_word' id='word_1_173' title='bbox 1651 1939 1705 1985; x_wconf 91' lang='lat' dir='ltr'>et</span> <span class='ocrx_word' id='word_1_174' title='bbox 1754 1931 1931 2001; x_wconf 82' lang='lat' dir='ltr'><strong>cperi—</strong></span> 
     </span>
    </p>
   </div>
   <div class='ocr_carea' id='block_1_24' title="bbox 365 2023 1930 2093">
    <p class='ocr_par' dir='ltr' id='par_1_24' title="bbox 365 2023 1930 2093">
     <span class='ocr_line' id='line_1_24' title="bbox 365 2023 1930 2093; baseline 0 -17"><span class='ocrx_word' id='word_1_175' title='bbox 365 2032 609 2076; x_wconf 87' lang='lat' dir='ltr'><strong>mentum</strong></span> <span class='ocrx_word' id='word_1_176' title='bbox 641 2032 788 2076; x_wconf 91' lang='lat' dir='ltr'><strong>tuum</strong></span> <span class='ocrx_word' id='word_1_177' title='bbox 837 2025 941 2078; x_wconf 89' lang='lat' dir='ltr'><strong>erit</strong></span> <span class='ocrx_word' id='word_1_178' title='bbox 968 2025 1169 2078; x_wconf 89' lang='lat' dir='ltr'><strong>vermis</strong></span> <span class='ocrx_word' id='word_1_179' title='bbox 1209 2024 1276 2078; x_wconf 65' lang='grc' dir='ltr'>δ’.</span> <span class='ocrx_word' id='word_1_180' title='bbox 1316 2044 1335 2076; x_wconf 70' lang='grc' dir='ltr'>ι</span> <span class='ocrx_word' id='word_1_181' title='bbox 1369 2023 1425 2077; x_wconf 91' lang='lat' dir='ltr'><strong>Si</strong></span> <span class='ocrx_word' id='word_1_182' title='bbox 1457 2023 1579 2093; x_wconf 84' lang='lat' dir='ltr'><strong>quis</strong></span> <span class='ocrx_word' id='word_1_183' title='bbox 1631 2024 1793 2077; x_wconf 90' lang='lat' dir='ltr'><strong>etiam</strong></span> <span class='ocrx_word' id='word_1_184' title='bbox 1829 2023 1930 2076; x_wconf 80' lang='lat' dir='ltr'><strong>Iul-</strong></span> 
     </span>
    </p>
   </div>
   <div class='ocr_carea' id='block_1_25' title="bbox 364 2112 1930 2183">
    <p class='ocr_par' dir='ltr' id='par_1_25' title="bbox 364 2112 1930 2183">
     <span class='ocr_line' id='line_1_25' title="bbox 364 2112 1930 2183; baseline 0 -17"><span class='ocrx_word' id='word_1_185' title='bbox 364 2127 500 2182; x_wconf 84' lang='lat' dir='ltr'><strong>gens</strong></span> <span class='ocrx_word' id='word_1_186' title='bbox 529 2113 582 2166; x_wconf 90' lang='lat' dir='ltr'>in</span> <span class='ocrx_word' id='word_1_187' title='bbox 607 2112 861 2167; x_wconf 85' lang='lat' dir='ltr'><strong>Ecclesiis</strong></span> <span class='ocrx_word' id='word_1_188' title='bbox 891 2128 1032 2181; x_wconf 65' lang='lat' dir='ltr'><strong>saape</strong></span> <span class='ocrx_word' id='word_1_189' title='bbox 1061 2121 1119 2166; x_wconf 91' lang='lat' dir='ltr'><strong>ut</strong></span> <span class='ocrx_word' id='word_1_190' title='bbox 1152 2112 1372 2167; x_wconf 81' lang='lat' dir='ltr'><strong>Lucifer</strong></span> <span class='ocrx_word' id='word_1_191' title='bbox 1399 2113 1668 2183; x_wconf 86' lang='lat' dir='ltr'><strong>apparuit,</strong></span> <span class='ocrx_word' id='word_1_192' title='bbox 1703 2113 1930 2168; x_wconf 90' lang='lat' dir='ltr'><strong>lucenti-</strong></span> 
     </span>
    </p>
   </div>
   <div class='ocr_carea' id='block_1_26' title="bbox 362 2202 1928 2274">
    <p class='ocr_par' dir='ltr' id='par_1_26' title="bbox 362 2202 1928 2274">
     <span class='ocr_line' id='line_1_26' title="bbox 362 2202 1928 2274; baseline -0.001 -16"><span class='ocrx_word' id='word_1_193' title='bbox 362 2204 466 2258; x_wconf 86' lang='lat' dir='ltr'>bus</span> <span class='ocrx_word' id='word_1_194' title='bbox 512 2205 767 2274; x_wconf 90' lang='lat' dir='ltr'><strong>0peribus</strong></span> <span class='ocrx_word' id='word_1_195' title='bbox 796 2202 912 2272; x_wconf 91' lang='lat' dir='ltr'><strong>ejus</strong></span> <span class='ocrx_word' id='word_1_196' title='bbox 939 2203 1095 2258; x_wconf 91' lang='lat' dir='ltr'><strong>bonis</strong></span> <span class='ocrx_word' id='word_1_197' title='bbox 1126 2219 1314 2258; x_wconf 88' lang='lat' dir='ltr'><strong>coram</strong></span> <span class='ocrx_word' id='word_1_198' title='bbox 1353 2204 1688 2269; x_wconf 87' lang='lat' dir='ltr'><strong>hominibus,</strong></span> <span class='ocrx_word' id='word_1_199' title='bbox 1735 2203 1928 2258; x_wconf 87' lang='lat' dir='ltr'><strong>deinde</strong></span> 
     </span>
    </p>
   </div>
   <div class='ocr_carea' id='block_1_27' title="bbox 363 2293 1926 2365">
    <p class='ocr_par' dir='ltr' id='par_1_27' title="bbox 363 2293 1926 2365">
     <span class='ocr_line' id='line_1_27' title="bbox 363 2293 1926 2365; baseline 0 -17"><span class='ocrx_word' id='word_1_200' title='bbox 363 2309 560 2365; x_wconf 88' lang='lat' dir='ltr'><strong>magno</strong></span> <span class='ocrx_word' id='word_1_201' title='bbox 598 2294 881 2348; x_wconf 89' lang='lat' dir='ltr'><strong>certamini</strong></span> <span class='ocrx_word' id='word_1_202' title='bbox 919 2293 1244 2349; x_wconf 88' lang='lat' dir='ltr'><strong>commissus</strong></span> <span class='ocrx_word' id='word_1_203' title='bbox 1276 2310 1306 2348; x_wconf 87' lang='lat' dir='ltr'>a</span> <span class='ocrx_word' id='word_1_204' title='bbox 1333 2303 1476 2349; x_wconf 89' lang='lat' dir='ltr'><strong>tanta</strong></span> <span class='ocrx_word' id='word_1_205' title='bbox 1509 2309 1709 2350; x_wconf 88' lang='lat' dir='ltr'><strong>corona</strong></span> <span class='ocrx_word' id='word_1_206' title='bbox 1745 2303 1926 2348; x_wconf 92' lang='lat' dir='ltr'><strong>tanto-</strong></span> 
     </span>
    </p>
   </div>
   <div class='ocr_carea' id='block_1_28' title="bbox 359 2384 1926 2453">
    <p class='ocr_par' dir='ltr' id='par_1_28' title="bbox 359 2384 1926 2453">
     <span class='ocr_line' id='line_1_28' title="bbox 359 2384 1926 2453; baseline 0.001 -16"><span class='ocrx_word' id='word_1_207' title='bbox 359 2400 465 2453; x_wconf 90' lang='lat' dir='ltr'>que</span> <span class='ocrx_word' id='word_1_208' title='bbox 497 2384 636 2440; x_wconf 87' lang='lat' dir='ltr'><strong>solio</strong></span> <span class='ocrx_word' id='word_1_209' title='bbox 668 2384 952 2446; x_wconf 82' lang='lat' dir='ltr'><strong>exciderit,</strong></span> <span class='ocrx_word' id='word_1_210' title='bbox 988 2385 1175 2438; x_wconf 89' lang='lat' dir='ltr'><strong>audiet</strong></span> <span class='ocrx_word' id='word_1_211' title='bbox 1209 2405 1221 2440; x_wconf 90' lang='lat'>:</span> <span class='ocrx_word' id='word_1_212' title='bbox 1270 2403 1290 2436; x_wconf 86' lang='grc'><strong><em>‹</em></strong></span> <span class='ocrx_word' id='word_1_213' title='bbox 1324 2385 1606 2450; x_wconf 85' lang='lat' dir='ltr'><strong>Quomodo</strong></span> <span class='ocrx_word' id='word_1_214' title='bbox 1636 2385 1830 2440; x_wconf 87' lang='lat' dir='ltr'><strong>cecidit</strong></span> <span class='ocrx_word' id='word_1_215' title='bbox 1860 2385 1926 2439; x_wconf 87' lang='lat' dir='ltr'>de</span> 
     </span>
    </p>
   </div>
   <div class='ocr_carea' id='block_1_29' title="bbox 359 2477 1922 2545">
    <p class='ocr_par' dir='ltr' id='par_1_29' title="bbox 359 2477 1922 2545">
     <span class='ocr_line' id='line_1_29' title="bbox 359 2477 1922 2545; baseline -0.001 -12"><span class='ocrx_word' id='word_1_216' title='bbox 359 2479 500 2534; x_wconf 75' lang='lat' dir='ltr'><strong>etelo</strong></span> <span class='ocrx_word' id='word_1_217' title='bbox 548 2478 764 2532; x_wconf 81' lang='lat' dir='ltr'><strong>Lucifer</strong></span> <span class='ocrx_word' id='word_1_218' title='bbox 795 2477 884 2545; x_wconf 87' lang='lat' dir='ltr'>qui</span> <span class='ocrx_word' id='word_1_219' title='bbox 911 2492 1068 2532; x_wconf 88' lang='lat' dir='ltr'><strong>mane</strong></span> <span class='ocrx_word' id='word_1_220' title='bbox 1096 2477 1416 2531; x_wconf 88' lang='lat' dir='ltr'><strong>oriebatur?</strong></span> <span class='ocrx_word' id='word_1_221' title='bbox 1441 2477 1722 2533; x_wconf 87' lang='lat' dir='ltr'><strong>Contritus</strong></span> <span class='ocrx_word' id='word_1_222' title='bbox 1751 2487 1834 2534; x_wconf 90' lang='lat' dir='ltr'>est</span> <span class='ocrx_word' id='word_1_223' title='bbox 1871 2479 1922 2532; x_wconf 92' lang='lat' dir='ltr'>in</span> 
     </span>
    </p>
   </div>
   <div class='ocr_carea' id='block_1_30' title="bbox 358 2568 1925 2625">
    <p class='ocr_par' dir='ltr' id='par_1_30' title="bbox 358 2568 1925 2625">
     <span class='ocr_line' id='line_1_30' title="bbox 358 2568 1925 2625; baseline 0.001 -2"><span class='ocrx_word' id='word_1_224' title='bbox 358 2581 562 2624; x_wconf 89' lang='lat' dir='ltr'><strong>terram</strong></span> <span class='ocrx_word' id='word_1_225' title='bbox 596 2570 662 2623; x_wconf 74' lang='lat'><strong>&quot;.</strong></span> <span class='ocrx_word' id='word_1_226' title='bbox 701 2589 720 2620; x_wconf 73' lang='grc' dir='ltr'><strong><em>ι</em></strong></span> <span class='ocrx_word' id='word_1_227' title='bbox 759 2568 882 2625; x_wconf 68' lang='grc' dir='ltr'>Πκο</span> <span class='ocrx_word' id='word_1_228' title='bbox 915 2569 1081 2624; x_wconf 92' lang='lat' dir='ltr'><strong>etiam</strong></span> <span class='ocrx_word' id='word_1_229' title='bbox 1117 2571 1184 2622; x_wconf 88' lang='lat' dir='ltr'>ad</span> <span class='ocrx_word' id='word_1_230' title='bbox 1217 2584 1340 2624; x_wconf 91' lang='lat' dir='ltr'>eum</span> <span class='ocrx_word' id='word_1_231' title='bbox 1377 2570 1624 2624; x_wconf 91' lang='lat' dir='ltr'><strong>dicentur</strong></span> <span class='ocrx_word' id='word_1_232' title='bbox 1653 2586 1776 2625; x_wconf 92' lang='lat' dir='ltr'>cum</span> <span class='ocrx_word' id='word_1_233' title='bbox 1808 2571 1925 2624; x_wconf 80' lang='lat' dir='ltr'><strong>dia-</strong></span> 
     </span>
    </p>
   </div>
   <div class='ocr_carea' id='block_1_31' title="bbox 354 2660 1924 2732">
    <p class='ocr_par' dir='ltr' id='par_1_31' title="bbox 354 2660 1924 2732">
     <span class='ocr_line' id='line_1_31' title="bbox 354 2660 1924 2732; baseline 0.001 -16"><span class='ocrx_word' id='word_1_234' title='bbox 354 2663 483 2716; x_wconf 91' lang='lat' dir='ltr'><strong>bolo</strong></span> <span class='ocrx_word' id='word_1_235' title='bbox 535 2677 632 2731; x_wconf 89' lang='lat' dir='ltr'>per</span> <span class='ocrx_word' id='word_1_236' title='bbox 676 2662 1017 2732; x_wconf 78' lang='lat' dir='ltr'><strong>negationem</strong></span> <span class='ocrx_word' id='word_1_237' title='bbox 1067 2660 1259 2716; x_wconf 90' lang='lat' dir='ltr'><strong>similis</strong></span> <span class='ocrx_word' id='word_1_238' title='bbox 1295 2660 1473 2716; x_wconf 78' lang='lat' dir='ltr'><strong>factus</strong></span> <span class='ocrx_word' id='word_1_239' title='bbox 1506 2661 1650 2716; x_wconf 89' lang='lat' dir='ltr'><strong>erit:</strong></span> <span class='ocrx_word' id='word_1_240' title='bbox 1693 2682 1711 2714; x_wconf 78' lang='grc' dir='ltr'>ι</span> <span class='ocrx_word' id='word_1_241' title='bbox 1748 2663 1924 2732; x_wconf 82' lang='lat' dir='ltr'><strong>Proji-</strong></span> 
     </span>
    </p>
   </div>
   <div class='ocr_carea' id='block_1_32' title="bbox 357 2754 1917 2820">
    <p class='ocr_par' dir='ltr' id='par_1_32' title="bbox 357 2754 1917 2820">
     <span class='ocr_line' id='line_1_32' title="bbox 357 2754 1917 2820; baseline 0 -11"><span class='ocrx_word' id='word_1_242' title='bbox 357 2756 570 2809; x_wconf 88' lang='lat' dir='ltr'><strong>cientur</strong></span> <span class='ocrx_word' id='word_1_243' title='bbox 605 2757 657 2808; x_wconf 91' lang='lat' dir='ltr'>in</span> <span class='ocrx_word' id='word_1_244' title='bbox 694 2755 970 2810; x_wconf 90' lang='lat' dir='ltr'><strong>montibus</strong></span> <span class='ocrx_word' id='word_1_245' title='bbox 996 2794 1011 2820; x_wconf 90' lang='lat'>,</span> <span class='ocrx_word' id='word_1_246' title='bbox 1063 2754 1202 2808; x_wconf 89' lang='lat' dir='ltr'><strong>sicut</strong></span> <span class='ocrx_word' id='word_1_247' title='bbox 1235 2763 1481 2809; x_wconf 89' lang='lat' dir='ltr'><strong>mortuus</strong></span> <span class='ocrx_word' id='word_1_248' title='bbox 1538 2755 1878 2809; x_wconf 85' lang='lat' dir='ltr'><strong>abominatus</strong></span> <span class='ocrx_word' id='word_1_249' title='bbox 1902 2796 1917 2820; x_wconf 89' lang='lat'>,</span> 
     </span>
    </p>
   </div>
   <div class='ocr_carea' id='block_1_33' title="bbox 353 2845 1920 2912">
    <p class='ocr_par' dir='ltr' id='par_1_33' title="bbox 353 2845 1920 2912">
     <span class='ocr_line' id='line_1_33' title="bbox 353 2845 1920 2912; baseline 0.001 -13"><span class='ocrx_word' id='word_1_250' title='bbox 353 2860 476 2900; x_wconf 81' lang='lat' dir='ltr'>cum</span> <span class='ocrx_word' id='word_1_251' title='bbox 510 2845 694 2899; x_wconf 90' lang='lat' dir='ltr'><strong>multis</strong></span> <span class='ocrx_word' id='word_1_252' title='bbox 727 2845 996 2909; x_wconf 89' lang='lat' dir='ltr'><strong>mortuis;</strong></span> <span class='ocrx_word' id='word_1_253' title='bbox 1034 2845 1490 2912; x_wconf 86' lang='lat' dir='ltr'><strong>quemadmodum</strong></span> <span class='ocrx_word' id='word_1_254' title='bbox 1534 2847 1920 2901; x_wconf 85' lang='lat' dir='ltr'><strong>vestimentum</strong></span> 
     </span>
    </p>
   </div>
   <div class='ocr_carea' id='block_1_34' title="bbox 2042 379 3622 454">
    <p class='ocr_par' dir='ltr' id='par_1_34' title="bbox 2042 379 3622 454">
     <span class='ocr_line' id='line_1_34' title="bbox 2042 379 3622 454; baseline 0.003 -24"><span class='ocrx_word' id='word_1_255' title='bbox 2042 379 2258 446; x_wconf 81' lang='grc' dir='ltr'>ἄγγελοι</span> <span class='ocrx_word' id='word_1_256' title='bbox 2282 379 2515 450; x_wconf 85' lang='grc' dir='ltr'>ἐφ’ἡμῐν</span> <span class='ocrx_word' id='word_1_257' title='bbox 2547 380 3032 450; x_wconf 76' lang='grc' dir='ltr'>εὐφρανθήσονται,</span> <span class='ocrx_word' id='word_1_258' title='bbox 3069 381 3160 433; x_wconf 74' lang='grc' dir='ltr'>καὶ</span> <span class='ocrx_word' id='word_1_259' title='bbox 3189 399 3207 431; x_wconf 76' lang='grc' dir='ltr'>ι</span> <span class='ocrx_word' id='word_1_260' title='bbox 3243 383 3473 452; x_wconf 78' lang='grc' dir='ltr'>ποταμοὶ</span> <span class='ocrx_word' id='word_1_261' title='bbox 3494 400 3622 454; x_wconf 88' lang='grc' dir='ltr'>κρο-</span> 
     </span>
    </p>
   </div>
   <div class='ocr_carea' id='block_1_35' title="bbox 2041 469 3623 543">
    <p class='ocr_par' dir='ltr' id='par_1_35' title="bbox 2041 469 3623 543">
     <span class='ocr_line' id='line_1_35' title="bbox 2041 469 3623 543; baseline 0.005 -24"><span class='ocrx_word' id='word_1_262' title='bbox 2041 469 2262 538; x_wconf 79' lang='grc' dir='ltr'>τὴσουσι</span> <span class='ocrx_word' id='word_1_263' title='bbox 2283 470 2425 539; x_wconf 68' lang='grc' dir='ltr'>χειρὶ</span> <span class='ocrx_word' id='word_1_264' title='bbox 2457 489 2475 519; x_wconf 74' lang='grc' dir='ltr'>ι</span> <span class='ocrx_word' id='word_1_265' title='bbox 2507 470 2600 522; x_wconf 75' lang='grc' dir='ltr'>ἐπὶ</span> <span class='ocrx_word' id='word_1_266' title='bbox 2625 470 2684 523; x_wconf 85' lang='grc' dir='ltr'>τὸ</span> <span class='ocrx_word' id='word_1_267' title='bbox 2707 471 2856 534; x_wconf 78' lang='grc' dir='ltr'>αὑτὸ,</span> <span class='ocrx_word' id='word_1_268' title='bbox 2881 473 2974 524; x_wconf 74' lang='grc' dir='ltr'>καὶ</span> <span class='ocrx_word' id='word_1_269' title='bbox 3009 490 3026 522; x_wconf 82' lang='grc' dir='ltr'>ι</span> <span class='ocrx_word' id='word_1_270' title='bbox 3055 471 3121 524; x_wconf 84' lang='grc' dir='ltr'>τὰ</span> <span class='ocrx_word' id='word_1_271' title='bbox 3151 472 3248 543; x_wconf 78' lang='grc' dir='ltr'>ὅρη</span> <span class='ocrx_word' id='word_1_272' title='bbox 3275 473 3623 541; x_wconf 84' lang='grc' dir='ltr'>ἀγαλλιάσον-</span> 
     </span>
    </p>
   </div>
   <div class='ocr_carea' id='block_1_36' title="bbox 2040 561 3619 635">
    <p class='ocr_par' dir='ltr' id='par_1_36' title="bbox 2040 561 3619 635">
     <span class='ocr_line' id='line_1_36' title="bbox 2040 561 3619 635; baseline 0.005 -25"><span class='ocrx_word' id='word_1_273' title='bbox 2040 575 2150 625; x_wconf 86' lang='grc' dir='ltr'>ται,</span> <span class='ocrx_word' id='word_1_274' title='bbox 2201 561 2296 612; x_wconf 85' lang='grc' dir='ltr'>καὶ</span> <span class='ocrx_word' id='word_1_275' title='bbox 2330 561 2508 613; x_wconf 87' lang='grc' dir='ltr'>πάντα</span> <span class='ocrx_word' id='word_1_276' title='bbox 2541 561 2609 613; x_wconf 83' lang='grc' dir='ltr'>τά</span> <span class='ocrx_word' id='word_1_277' title='bbox 2634 561 2764 625; x_wconf 76' lang='grc' dir='ltr'>ξύλα</span> <span class='ocrx_word' id='word_1_278' title='bbox 2796 561 2891 614; x_wconf 80' lang='grc' dir='ltr'>τοῦ</span> <span class='ocrx_word' id='word_1_279' title='bbox 2926 562 3104 614; x_wconf 85' lang='grc' dir='ltr'>πεδίου</span> <span class='ocrx_word' id='word_1_280' title='bbox 3137 564 3481 635; x_wconf 83' lang='grc' dir='ltr'>ἐπικροτήσει</span> <span class='ocrx_word' id='word_1_281' title='bbox 3509 568 3619 628; x_wconf 80' lang='grc' dir='ltr'>τοῖς</span> 
     </span>
    </p>
   </div>
   <div class='ocr_carea' id='block_1_37' title="bbox 2042 651 3618 730">
    <p class='ocr_par' dir='ltr' id='par_1_37' title="bbox 2042 651 3618 730">
     <span class='ocr_line' id='line_1_37' title="bbox 2042 651 3618 730; baseline 0.005 -26"><span class='ocrx_word' id='word_1_282' title='bbox 2042 651 2281 715; x_wconf 84' lang='grc' dir='ltr'>κλάδοις·</span> <span class='ocrx_word' id='word_1_283' title='bbox 2313 672 2331 703; x_wconf 84' lang='grc'><strong>›</strong></span> <span class='ocrx_word' id='word_1_284' title='bbox 2362 653 2416 724; x_wconf 79' lang='grc' dir='ltr'>ἧ,</span> <span class='ocrx_word' id='word_1_285' title='bbox 2438 654 2466 705; x_wconf 85' lang='grc' dir='ltr'>ὃ</span> <span class='ocrx_word' id='word_1_286' title='bbox 2493 655 2566 726; x_wconf 80' lang='grc' dir='ltr'>μὴ</span> <span class='ocrx_word' id='word_1_287' title='bbox 2591 654 2703 724; x_wconf 79' lang='grc' dir='ltr'>εῖηῐ</span> <span class='ocrx_word' id='word_1_288' title='bbox 2726 656 2782 706; x_wconf 80' lang='grc' dir='ltr'>αἱ</span> <span class='ocrx_word' id='word_1_289' title='bbox 2807 655 2954 707; x_wconf 87' lang='grc' dir='ltr'>κάτω</span> <span class='ocrx_word' id='word_1_290' title='bbox 2974 655 3226 725; x_wconf 87' lang='grc' dir='ltr'>δυνάμεις</span> <span class='ocrx_word' id='word_1_291' title='bbox 3255 657 3311 709; x_wconf 88' lang='grc' dir='ltr'>αἱ</span> <span class='ocrx_word' id='word_1_292' title='bbox 3340 659 3618 730; x_wconf 81' lang='grc' dir='ltr'>ἐπιχαιρη·</span> 
     </span>
    </p>
   </div>
   <div class='ocr_carea' id='block_1_38' title="bbox 2043 744 3614 816">
    <p class='ocr_par' dir='ltr' id='par_1_38' title="bbox 2043 744 3614 816">
     <span class='ocr_line' id='line_1_38' title="bbox 2043 744 3614 816; baseline 0.005 -19"><span class='ocrx_word' id='word_1_293' title='bbox 2043 744 2252 797; x_wconf 88' lang='grc' dir='ltr'>σίκακοι</span> <span class='ocrx_word' id='word_1_294' title='bbox 2306 746 2788 816; x_wconf 74' lang='grc' dir='ltr'>εὐφρανθήσονται.</span> <span class='ocrx_word' id='word_1_295' title='bbox 2847 747 3014 800; x_wconf 77' lang='grc' dir='ltr'>Οὐδὲν</span> <span class='ocrx_word' id='word_1_296' title='bbox 3065 749 3120 800; x_wconf 80' lang='grc' dir='ltr'>δὲ</span> <span class='ocrx_word' id='word_1_297' title='bbox 3150 749 3351 802; x_wconf 74' lang='grc' dir='ltr'>ἄτοπον</span> <span class='ocrx_word' id='word_1_298' title='bbox 3399 751 3522 802; x_wconf 84' lang='grc' dir='ltr'>ἰδεῖν</span> <span class='ocrx_word' id='word_1_299' title='bbox 3553 754 3614 806; x_wconf 82' lang='grc' dir='ltr'>ὲκ</span> 
     </span>
    </p>
   </div>
   <div class='ocr_carea' id='block_1_39' title="bbox 2038 835 3614 911">
    <p class='ocr_par' dir='ltr' id='par_1_39' title="bbox 2038 835 3614 911">
     <span class='ocr_line' id='line_1_39' title="bbox 2038 835 3614 911; baseline 0.005 -24"><span class='ocrx_word' id='word_1_300' title='bbox 2038 836 2145 887; x_wconf 91' lang='grc' dir='ltr'>τῶν</span> <span class='ocrx_word' id='word_1_301' title='bbox 2173 835 2250 906; x_wconf 84' lang='grc' dir='ltr'>τῷ</span> <span class='ocrx_word' id='word_1_302' title='bbox 2287 837 2484 908; x_wconf 66' lang='grc' dir='ltr'>Ἡσαΐᾳ</span> <span class='ocrx_word' id='word_1_303' title='bbox 2515 839 2912 908; x_wconf 80' lang='grc' dir='ltr'>γεγραμμένων</span> <span class='ocrx_word' id='word_1_304' title='bbox 2965 840 3032 892; x_wconf 77' lang='grc' dir='ltr'>τὰ</span> <span class='ocrx_word' id='word_1_305' title='bbox 3089 840 3462 911; x_wconf 80' lang='grc' dir='ltr'>λεχθησόμενα</span> <span class='ocrx_word' id='word_1_306' title='bbox 3514 843 3614 895; x_wconf 80' lang='grc' dir='ltr'>ὑπὸ</span> 
     </span>
    </p>
   </div>
   <div class='ocr_carea' id='block_1_40' title="bbox 2039 923 3613 1001">
    <p class='ocr_par' dir='ltr' id='par_1_40' title="bbox 2039 923 3613 1001">
     <span class='ocr_line' id='line_1_40' title="bbox 2039 923 3613 1001; baseline 0.004 -24"><span class='ocrx_word' id='word_1_307' title='bbox 2039 923 2144 979; x_wconf 89' lang='grc' dir='ltr'>τῶν</span> <span class='ocrx_word' id='word_1_308' title='bbox 2186 927 2243 976; x_wconf 82' lang='grc' dir='ltr'>ἐν</span> <span class='ocrx_word' id='word_1_309' title='bbox 2288 925 2413 995; x_wconf 82' lang='grc' dir='ltr'>ᾇδου</span> <span class='ocrx_word' id='word_1_310' title='bbox 2443 929 2555 989; x_wconf 88' lang='grc' dir='ltr'>τοῖς</span> <span class='ocrx_word' id='word_1_311' title='bbox 2585 928 2957 997; x_wconf 82' lang='grc' dir='ltr'>νενικημένοις</span> <span class='ocrx_word' id='word_1_312' title='bbox 2988 929 3080 980; x_wconf 76' lang='grc' dir='ltr'>καὶ</span> <span class='ocrx_word' id='word_1_313' title='bbox 3113 929 3219 980; x_wconf 79' lang='grc' dir='ltr'>ἀπὸ</span> <span class='ocrx_word' id='word_1_314' title='bbox 3245 929 3335 982; x_wconf 76' lang='grc' dir='ltr'>τοῦ</span> <span class='ocrx_word' id='word_1_315' title='bbox 3373 931 3613 1001; x_wconf 77' lang='grc' dir='ltr'>οὐρανίου</span> 
     </span>
    </p>
   </div>
   <div class='ocr_carea' id='block_1_41' title="bbox 2042 1016 3613 1092">
    <p class='ocr_par' dir='ltr' id='par_1_41' title="bbox 2042 1016 3613 1092">
     <span class='ocr_line' id='line_1_41' title="bbox 2042 1016 3613 1092; baseline 0.005 -25"><span class='ocrx_word' id='word_1_316' title='bbox 2042 1016 2336 1087; x_wconf 85' lang='grc' dir='ltr'>μαρτυρίου</span> <span class='ocrx_word' id='word_1_317' title='bbox 2369 1019 2877 1082; x_wconf 87' lang='grc' dir='ltr'>καταπεπτωκόσιν,</span> <span class='ocrx_word' id='word_1_318' title='bbox 2909 1019 2976 1071; x_wconf 75' lang='grc' dir='ltr'>ἵν’</span> <span class='ocrx_word' id='word_1_319' title='bbox 3001 1019 3080 1072; x_wconf 80' lang='grc' dir='ltr'>ἔτι</span> <span class='ocrx_word' id='word_1_320' title='bbox 3121 1020 3404 1092; x_wconf 81' lang='grc' dir='ltr'>φρίξωμεν</span> <span class='ocrx_word' id='word_1_321' title='bbox 3435 1021 3530 1092; x_wconf 81' lang='grc' dir='ltr'>τὴν</span> <span class='ocrx_word' id='word_1_322' title='bbox 3559 1025 3613 1075; x_wconf 82' lang='grc' dir='ltr'>ἐν</span> 
     </span>
    </p>
   </div>
   <div class='ocr_carea' id='block_1_42' title="bbox 2037 1105 3616 1184">
    <p class='ocr_par' dir='ltr' id='par_1_42' title="bbox 2037 1105 3616 1184">
     <span class='ocr_line' id='line_1_42' title="bbox 2037 1105 3616 1184; baseline 0.006 -26"><span class='ocrx_word' id='word_1_323' title='bbox 2037 1105 2113 1176; x_wconf 82' lang='grc' dir='ltr'>τῷ</span> <span class='ocrx_word' id='word_1_324' title='bbox 2141 1107 2421 1177; x_wconf 83' lang='grc' dir='ltr'>ἀρνεῖσθαι</span> <span class='ocrx_word' id='word_1_325' title='bbox 2456 1109 2732 1163; x_wconf 79' lang='grc' dir='ltr'>ἀσέϐειαν.</span> <span class='ocrx_word' id='word_1_326' title='bbox 2753 1109 3126 1182; x_wconf 77' lang='grc' dir='ltr'>Λεχθήσεσθαι</span> <span class='ocrx_word' id='word_1_327' title='bbox 3149 1111 3257 1181; x_wconf 80' lang='grc' dir='ltr'>γὰρ</span> <span class='ocrx_word' id='word_1_328' title='bbox 3287 1109 3461 1183; x_wconf 81' lang='grc' dir='ltr'>οἶμαι,</span> <span class='ocrx_word' id='word_1_329' title='bbox 3487 1115 3616 1184; x_wconf 83' lang='grc' dir='ltr'>πρὸς</span> 
     </span>
    </p>
   </div>
   <div class='ocr_carea' id='block_1_43' title="bbox 2037 1197 3611 1272">
    <p class='ocr_par' dir='ltr' id='par_1_43' title="bbox 2037 1197 3611 1272">
     <span class='ocr_line' id='line_1_43' title="bbox 2037 1197 3611 1272; baseline 0.006 -23"><span class='ocrx_word' id='word_1_330' title='bbox 2037 1197 2129 1249; x_wconf 81' lang='grc' dir='ltr'>τὸν</span> <span class='ocrx_word' id='word_1_331' title='bbox 2156 1199 2533 1269; x_wconf 86' lang='grc' dir='ltr'>ἀρνησάμενον</span> <span class='ocrx_word' id='word_1_332' title='bbox 2561 1198 2816 1252; x_wconf 80' lang='grc' dir='ltr'>τοιαῦτα·</span> <span class='ocrx_word' id='word_1_333' title='bbox 2865 1220 2882 1250; x_wconf 77' lang='grc' dir='ltr'>ι</span> <span class='ocrx_word' id='word_1_334' title='bbox 2926 1203 2981 1253; x_wconf 85' lang='grc' dir='ltr'>Ὀ</span> <span class='ocrx_word' id='word_1_335' title='bbox 3024 1201 3157 1272; x_wconf 77' lang='grc' dir='ltr'>ᾅδης</span> <span class='ocrx_word' id='word_1_336' title='bbox 3202 1204 3447 1257; x_wconf 78' lang='grc' dir='ltr'>κάτωθεν</span> <span class='ocrx_word' id='word_1_337' title='bbox 3499 1209 3611 1259; x_wconf 82' lang='grc' dir='ltr'>ἐπι-</span> 
     </span>
    </p>
   </div>
   <div class='ocr_carea' id='block_1_44' title="bbox 2038 1285 3625 1362">
    <p class='ocr_par' dir='ltr' id='par_1_44' title="bbox 2038 1285 3625 1362">
     <span class='ocr_line' id='line_1_44' title="bbox 2038 1285 3625 1362; baseline 0.006 -24"><span class='ocrx_word' id='word_1_338' title='bbox 2038 1285 2245 1357; x_wconf 88' lang='grc' dir='ltr'>κράνθη</span> <span class='ocrx_word' id='word_1_339' title='bbox 2279 1287 2616 1356; x_wconf 86' lang='grc' dir='ltr'>συναντήσας</span> <span class='ocrx_word' id='word_1_340' title='bbox 2652 1305 2758 1340; x_wconf 89' lang='grc' dir='ltr'>σοι·</span> <span class='ocrx_word' id='word_1_341' title='bbox 2799 1290 3208 1362; x_wconf 79' lang='grc' dir='ltr'>συνηγέρθησάν</span> <span class='ocrx_word' id='word_1_342' title='bbox 3235 1309 3313 1344; x_wconf 88' lang='grc' dir='ltr'>σοι</span> <span class='ocrx_word' id='word_1_343' title='bbox 3341 1293 3540 1357; x_wconf 88' lang='grc' dir='ltr'>πάντες</span> <span class='ocrx_word' id='word_1_344' title='bbox 3565 1296 3625 1347; x_wconf 76' lang='lat' dir='ltr'>oi.</span> 
     </span>
    </p>
   </div>
   <div class='ocr_carea' id='block_1_45' title="bbox 2037 1377 3608 1452">
    <p class='ocr_par' dir='ltr' id='par_1_45' title="bbox 2037 1377 3608 1452">
     <span class='ocr_line' id='line_1_45' title="bbox 2037 1377 3608 1452; baseline 0.008 -24"><span class='ocrx_word' id='word_1_345' title='bbox 2037 1377 2286 1445; x_wconf 79' lang='grc' dir='ltr'>γίγαντες</span> <span class='ocrx_word' id='word_1_346' title='bbox 2310 1378 2358 1430; x_wconf 80' lang='grc' dir='ltr'>οἱ</span> <span class='ocrx_word' id='word_1_347' title='bbox 2392 1377 2656 1448; x_wconf 84' lang='grc' dir='ltr'>ἄρξαντες</span> <span class='ocrx_word' id='word_1_348' title='bbox 2680 1381 2777 1450; x_wconf 80' lang='grc' dir='ltr'>τῆς</span> <span class='ocrx_word' id='word_1_349' title='bbox 2807 1381 2908 1451; x_wconf 83' lang='grc' dir='ltr'>γῆς</span> <span class='ocrx_word' id='word_1_350' title='bbox 2936 1398 2948 1411; x_wconf 90' lang='grc'><strong>·</strong></span> <span class='ocrx_word' id='word_1_351' title='bbox 2986 1385 3033 1434; x_wconf 88' lang='grc' dir='ltr'>οἱ</span> <span class='ocrx_word' id='word_1_352' title='bbox 3068 1383 3377 1452; x_wconf 75' lang='grc' dir='ltr'>ἐγείραντες</span> <span class='ocrx_word' id='word_1_353' title='bbox 3417 1386 3481 1438; x_wconf 92' lang='grc' dir='ltr'>ἐκ</span> <span class='ocrx_word' id='word_1_354' title='bbox 3510 1386 3608 1440; x_wconf 87' lang='grc' dir='ltr'>τῶν</span> 
     </span>
    </p>
   </div>
   <div class='ocr_carea' id='block_1_46' title="bbox 2037 1468 3608 1542">
    <p class='ocr_par' dir='ltr' id='par_1_46' title="bbox 2037 1468 3608 1542">
     <span class='ocr_line' id='line_1_46' title="bbox 2037 1468 3608 1542; baseline 0.008 -22"><span class='ocrx_word' id='word_1_355' title='bbox 2037 1468 2241 1538; x_wconf 88' lang='grc' dir='ltr'>Θρόνων</span> <span class='ocrx_word' id='word_1_356' title='bbox 2283 1469 2461 1522; x_wconf 81' lang='grc' dir='ltr'>αὐτῶν</span> <span class='ocrx_word' id='word_1_357' title='bbox 2489 1471 2697 1536; x_wconf 83' lang='grc' dir='ltr'>πάντας</span> <span class='ocrx_word' id='word_1_358' title='bbox 2737 1473 2977 1542; x_wconf 85' lang='grc' dir='ltr'>βασιλεῖς</span> <span class='ocrx_word' id='word_1_359' title='bbox 3012 1475 3200 1529; x_wconf 80' lang='grc' dir='ltr'>ἐθνῶν.</span> <span class='ocrx_word' id='word_1_360' title='bbox 3243 1478 3454 1539; x_wconf 84' lang='grc' dir='ltr'>Πάντες</span> <span class='ocrx_word' id='word_1_361' title='bbox 3481 1481 3608 1532; x_wconf 87' lang='grc' dir='ltr'>ἁπο-</span> 
     </span>
    </p>
   </div>
   <div class='ocr_carea' id='block_1_47' title="bbox 2037 1560 3608 1637">
    <p class='ocr_par' dir='ltr' id='par_1_47' title="bbox 2037 1560 3608 1637">
     <span class='ocr_line' id='line_1_47' title="bbox 2037 1560 3608 1637; baseline 0.006 -25"><span class='ocrx_word' id='word_1_362' title='bbox 2037 1560 2404 1630; x_wconf 87' lang='grc' dir='ltr'>κριθὴσονται,</span> <span class='ocrx_word' id='word_1_363' title='bbox 2432 1565 2526 1616; x_wconf 74' lang='grc' dir='ltr'>καὶ</span> <span class='ocrx_word' id='word_1_364' title='bbox 2548 1563 2731 1634; x_wconf 77' lang='grc' dir='ltr'>ἐροῦσί</span> <span class='ocrx_word' id='word_1_365' title='bbox 2760 1581 2860 1616; x_wconf 86' lang='grc' dir='ltr'>σοι.</span> <span class='ocrx_word' id='word_1_366' title='bbox 2900 1583 2916 1616; x_wconf 71' lang='grc' dir='ltr'>ι</span> <span class='ocrx_word' id='word_1_367' title='bbox 2940 1564 3070 1618; x_wconf 89' lang='grc' dir='ltr'>Τίνα</span> <span class='ocrx_word' id='word_1_368' title='bbox 3089 1567 3146 1619; x_wconf 79' lang='grc' dir='ltr'>δὲ</span> <span class='ocrx_word' id='word_1_369' title='bbox 3175 1567 3390 1637; x_wconf 75' lang='grc' dir='ltr'>ἐροῦσιν</span> <span class='ocrx_word' id='word_1_370' title='bbox 3407 1570 3608 1623; x_wconf 86' lang='grc' dir='ltr'>αίνενι-</span> 
     </span>
    </p>
   </div>
   <div class='ocr_carea' id='block_1_48' title="bbox 2034 1651 3604 1725">
    <p class='ocr_par' dir='ltr' id='par_1_48' title="bbox 2034 1651 3604 1725">
     <span class='ocr_line' id='line_1_48' title="bbox 2034 1651 3604 1725; baseline 0.007 -25"><span class='ocrx_word' id='word_1_371' title='bbox 2034 1651 2268 1720; x_wconf 81' lang='grc' dir='ltr'>κημέναι</span> <span class='ocrx_word' id='word_1_372' title='bbox 2293 1651 2552 1722; x_wconf 84' lang='grc' dir='ltr'>δυνάμεις</span> <span class='ocrx_word' id='word_1_373' title='bbox 2592 1656 2704 1715; x_wconf 89' lang='grc' dir='ltr'>τοῖς</span> <span class='ocrx_word' id='word_1_374' title='bbox 2746 1656 3149 1725; x_wconf 82' lang='grc' dir='ltr'>νενικημένοις,</span> <span class='ocrx_word' id='word_1_375' title='bbox 3182 1657 3274 1709; x_wconf 73' lang='grc' dir='ltr'>καὶ</span> <span class='ocrx_word' id='word_1_376' title='bbox 3295 1660 3343 1709; x_wconf 89' lang='grc' dir='ltr'>οἱ</span> <span class='ocrx_word' id='word_1_377' title='bbox 3384 1657 3490 1710; x_wconf 80' lang='grc' dir='ltr'>ὑπὸ</span> <span class='ocrx_word' id='word_1_378' title='bbox 3517 1659 3604 1712; x_wconf 83' lang='grc' dir='ltr'>τοῦ</span> 
     </span>
    </p>
   </div>
   <div class='ocr_carea' id='block_1_49' title="bbox 2033 1739 3604 1816">
    <p class='ocr_par' dir='ltr' id='par_1_49' title="bbox 2033 1739 3604 1816">
     <span class='ocr_line' id='line_1_49' title="bbox 2033 1739 3604 1816; baseline 0.007 -25"><span class='ocrx_word' id='word_1_379' title='bbox 2033 1739 2277 1793; x_wconf 89' lang='grc' dir='ltr'>διαϐόλου</span> <span class='ocrx_word' id='word_1_380' title='bbox 2311 1742 2608 1806; x_wconf 80' lang='grc' dir='ltr'>ἐαλωκότες</span> <span class='ocrx_word' id='word_1_381' title='bbox 2637 1747 2747 1806; x_wconf 88' lang='grc' dir='ltr'>τοῖς</span> <span class='ocrx_word' id='word_1_382' title='bbox 2771 1745 2828 1797; x_wconf 82' lang='grc' dir='ltr'>ἐν</span> <span class='ocrx_word' id='word_1_383' title='bbox 2867 1747 3090 1816; x_wconf 81' lang='grc' dir='ltr'>ἀρνήσει</span> <span class='ocrx_word' id='word_1_384' title='bbox 3119 1747 3415 1813; x_wconf 86' lang='grc' dir='ltr'>ἐαλωκόσι;</span> <span class='ocrx_word' id='word_1_385' title='bbox 3459 1769 3477 1799; x_wconf 78' lang='grc' dir='ltr'>ι</span> <span class='ocrx_word' id='word_1_386' title='bbox 3500 1749 3604 1802; x_wconf 73' lang='grc' dir='ltr'>Καὶ</span> 
     </span>
    </p>
   </div>
   <div class='ocr_carea' id='block_1_50' title="bbox 2034 1833 3604 1912">
    <p class='ocr_par' dir='ltr' id='par_1_50' title="bbox 2034 1833 3604 1912">
     <span class='ocr_line' id='line_1_50' title="bbox 2034 1833 3604 1912; baseline 0.006 -28"><span class='ocrx_word' id='word_1_387' title='bbox 2034 1833 2098 1884; x_wconf 81' lang='grc' dir='ltr'>σὺ</span> <span class='ocrx_word' id='word_1_388' title='bbox 2137 1834 2326 1897; x_wconf 81' lang='grc' dir='ltr'>ἑάλως,</span> <span class='ocrx_word' id='word_1_389' title='bbox 2363 1835 2550 1907; x_wconf 82' lang='grc' dir='ltr'>ὥσπερ</span> <span class='ocrx_word' id='word_1_390' title='bbox 2585 1837 2678 1890; x_wconf 78' lang='grc' dir='ltr'>καὶ</span> <span class='ocrx_word' id='word_1_391' title='bbox 2717 1840 2897 1907; x_wconf 84' lang='grc' dir='ltr'>ἡμεῖς.</span> <span class='ocrx_word' id='word_1_392' title='bbox 2936 1859 2954 1889; x_wconf 70' lang='grc' dir='ltr'>ι</span> <span class='ocrx_word' id='word_1_393' title='bbox 3003 1840 3127 1892; x_wconf 80' lang='grc' dir='ltr'>Ἐὰν</span> <span class='ocrx_word' id='word_1_394' title='bbox 3158 1840 3216 1892; x_wconf 87' lang='grc' dir='ltr'>δὲ</span> <span class='ocrx_word' id='word_1_395' title='bbox 3243 1841 3334 1893; x_wconf 72' lang='grc' dir='ltr'>καὶ</span> <span class='ocrx_word' id='word_1_396' title='bbox 3370 1842 3604 1912; x_wconf 80' lang='grc' dir='ltr'>μεγάλης</span> 
     </span>
    </p>
   </div>
   <div class='ocr_carea' id='block_1_51' title="bbox 2030 1925 3603 2002">
    <p class='ocr_par' dir='ltr' id='par_1_51' title="bbox 2030 1925 3603 2002">
     <span class='ocr_line' id='line_1_51' title="bbox 2030 1925 3603 2002; baseline 0.006 -26"><span class='ocrx_word' id='word_1_397' title='bbox 2030 1941 2114 1988; x_wconf 90' lang='grc' dir='ltr'>τις</span> <span class='ocrx_word' id='word_1_398' title='bbox 2145 1925 2354 1989; x_wconf 78' lang='grc' dir='ltr'>ἐλπίδος</span> <span class='ocrx_word' id='word_1_399' title='bbox 2389 1929 2667 1997; x_wconf 84' lang='grc' dir='ltr'>τυγχάνων</span> <span class='ocrx_word' id='word_1_400' title='bbox 2708 1929 2802 1981; x_wconf 75' lang='grc' dir='ltr'>καὶ</span> <span class='ocrx_word' id='word_1_401' title='bbox 2842 1929 3053 1996; x_wconf 82' lang='grc' dir='ltr'>ἐνδόξου</span> <span class='ocrx_word' id='word_1_402' title='bbox 3079 1931 3177 2000; x_wconf 77' lang='grc' dir='ltr'>τῆς</span> <span class='ocrx_word' id='word_1_403' title='bbox 3221 1932 3278 1984; x_wconf 82' lang='grc' dir='ltr'>ὲν</span> <span class='ocrx_word' id='word_1_404' title='bbox 3327 1932 3473 2002; x_wconf 84' lang='grc' dir='ltr'>Θεῷ,</span> <span class='ocrx_word' id='word_1_405' title='bbox 3505 1934 3603 1986; x_wconf 79' lang='grc' dir='ltr'>ὑπὸ</span> 
     </span>
    </p>
   </div>
   <div class='ocr_carea' id='block_1_52' title="bbox 2029 2015 3600 2094">
    <p class='ocr_par' dir='ltr' id='par_1_52' title="bbox 2029 2015 3600 2094">
     <span class='ocr_line' id='line_1_52' title="bbox 2029 2015 3600 2094; baseline 0.007 -26"><span class='ocrx_word' id='word_1_406' title='bbox 2029 2015 2227 2078; x_wconf 80' lang='grc' dir='ltr'>δειλίας</span> <span class='ocrx_word' id='word_1_407' title='bbox 2258 2017 2290 2088; x_wconf 82' lang='grc' dir='ltr'><strong>ἧ</strong></span> <span class='ocrx_word' id='word_1_408' title='bbox 2319 2018 2494 2071; x_wconf 85' lang='grc' dir='ltr'>πόνων</span> <span class='ocrx_word' id='word_1_409' title='bbox 2519 2020 2940 2090; x_wconf 82' lang='grc' dir='ltr'>προσαγομένων</span> <span class='ocrx_word' id='word_1_410' title='bbox 2979 2021 3246 2091; x_wconf 75' lang='grc' dir='ltr'>ἡττηθεὶς,</span> <span class='ocrx_word' id='word_1_411' title='bbox 3270 2023 3326 2074; x_wconf 85' lang='grc' dir='ltr'>ἐν</span> <span class='ocrx_word' id='word_1_412' title='bbox 3348 2023 3466 2093; x_wconf 86' lang='grc' dir='ltr'>Θεῷ</span> <span class='ocrx_word' id='word_1_413' title='bbox 3497 2023 3600 2094; x_wconf 75' lang='grc'>(99.)</span> 
     </span>
    </p>
   </div>
   <div class='ocr_carea' id='block_1_53' title="bbox 2029 2105 3601 2182">
    <p class='ocr_par' dir='ltr' id='par_1_53' title="bbox 2029 2105 3601 2182">
     <span class='ocr_line' id='line_1_53' title="bbox 2029 2105 3601 2182; baseline 0.008 -26"><span class='ocrx_word' id='word_1_414' title='bbox 2029 2105 2352 2160; x_wconf 82' lang='grc' dir='ltr'>ἀκούσεται·</span> <span class='ocrx_word' id='word_1_415' title='bbox 2389 2127 2406 2160; x_wconf 89' lang='grc'>‹</span> <span class='ocrx_word' id='word_1_416' title='bbox 2438 2109 2657 2180; x_wconf 87' lang='grc' dir='ltr'>Κατέϐη</span> <span class='ocrx_word' id='word_1_417' title='bbox 2688 2112 2766 2173; x_wconf 86' lang='grc' dir='ltr'>είς</span> <span class='ocrx_word' id='word_1_418' title='bbox 2789 2111 2916 2181; x_wconf 79' lang='grc' dir='ltr'>ᾅδου</span> <span class='ocrx_word' id='word_1_419' title='bbox 2961 2114 2992 2182; x_wconf 90' lang='grc' dir='ltr'>ἡ</span> <span class='ocrx_word' id='word_1_420' title='bbox 3025 2111 3151 2178; x_wconf 78' lang='grc' dir='ltr'>δόξα</span> <span class='ocrx_word' id='word_1_421' title='bbox 3191 2131 3313 2166; x_wconf 85' lang='grc' dir='ltr'>σου·</span> <span class='ocrx_word' id='word_1_422' title='bbox 3349 2115 3601 2169; x_wconf 83' lang='grc' dir='ltr'>ὑποκάτω</span> 
     </span>
    </p>
   </div>
   <div class='ocr_carea' id='block_1_54' title="bbox 2031 2197 3600 2274">
    <p class='ocr_par' dir='ltr' id='par_1_54' title="bbox 2031 2197 3600 2274">
     <span class='ocr_line' id='line_1_54' title="bbox 2031 2197 3600 2274; baseline 0.008 -27"><span class='ocrx_word' id='word_1_423' title='bbox 2031 2212 2122 2249; x_wconf 90' lang='grc' dir='ltr'>σου</span> <span class='ocrx_word' id='word_1_424' title='bbox 2149 2197 2447 2268; x_wconf 84' lang='grc' dir='ltr'>στρώσουσι</span> <span class='ocrx_word' id='word_1_425' title='bbox 2477 2200 2658 2270; x_wconf 65' lang='grc' dir='ltr'>σῆψιν,</span> <span class='ocrx_word' id='word_1_426' title='bbox 2692 2203 2786 2254; x_wconf 70' lang='grc' dir='ltr'>καὶ</span> <span class='ocrx_word' id='word_1_427' title='bbox 2819 2203 2879 2254; x_wconf 88' lang='grc' dir='ltr'>τὸ</span> <span class='ocrx_word' id='word_1_428' title='bbox 2910 2203 3320 2274; x_wconf 89' lang='grc' dir='ltr'>κατακάλυμμά</span> <span class='ocrx_word' id='word_1_429' title='bbox 3354 2222 3446 2258; x_wconf 84' lang='grc' dir='ltr'>σου</span> <span class='ocrx_word' id='word_1_430' title='bbox 3473 2206 3600 2260; x_wconf 82' lang='grc' dir='ltr'>σκώ-</span> 
     </span>
    </p>
   </div>
   <div class='ocr_carea' id='block_1_55' title="bbox 2027 2285 3602 2365">
    <p class='ocr_par' dir='ltr' id='par_1_55' title="bbox 2027 2285 3602 2365">
     <span class='ocr_line' id='line_1_55' title="bbox 2027 2285 3602 2365; baseline 0.011 -29"><span class='ocrx_word' id='word_1_431' title='bbox 2027 2285 2143 2356; x_wconf 79' lang='grc' dir='ltr'>ληξ.</span> <span class='ocrx_word' id='word_1_432' title='bbox 2172 2306 2189 2337; x_wconf 88' lang='grc'><strong>›</strong></span> <span class='ocrx_word' id='word_1_433' title='bbox 2207 2289 2269 2339; x_wconf 76' lang='lat' dir='ltr'>Ei</span> <span class='ocrx_word' id='word_1_434' title='bbox 2298 2288 2354 2340; x_wconf 84' lang='grc' dir='ltr'>δὲ</span> <span class='ocrx_word' id='word_1_435' title='bbox 2383 2290 2474 2342; x_wconf 78' lang='grc' dir='ltr'>καὶ</span> <span class='ocrx_word' id='word_1_436' title='bbox 2498 2291 2704 2360; x_wconf 71' lang='grc' dir='ltr'>ἔλαμψέ</span> <span class='ocrx_word' id='word_1_437' title='bbox 2725 2310 2807 2354; x_wconf 87' lang='grc' dir='ltr'>τις</span> <span class='ocrx_word' id='word_1_438' title='bbox 2828 2295 2885 2344; x_wconf 89' lang='grc' dir='ltr'>ἐν</span> <span class='ocrx_word' id='word_1_439' title='bbox 2907 2297 3026 2356; x_wconf 87' lang='grc' dir='ltr'>ταῖς</span> <span class='ocrx_word' id='word_1_440' title='bbox 3052 2295 3397 2365; x_wconf 85' lang='grc' dir='ltr'>Ἐκκλησίαις</span> <span class='ocrx_word' id='word_1_441' title='bbox 3419 2297 3602 2352; x_wconf 71' lang='grc' dir='ltr'>πολλά-</span> 
     </span>
    </p>
   </div>
   <div class='ocr_carea' id='block_1_56' title="bbox 2026 2377 3597 2458">
    <p class='ocr_par' dir='ltr' id='par_1_56' title="bbox 2026 2377 3597 2458">
     <span class='ocr_line' id='line_1_56' title="bbox 2026 2377 3597 2458; baseline 0.009 -30"><span class='ocrx_word' id='word_1_442' title='bbox 2026 2393 2132 2441; x_wconf 89' lang='grc' dir='ltr'>κις,</span> <span class='ocrx_word' id='word_1_443' title='bbox 2164 2377 2238 2440; x_wconf 84' lang='grc' dir='ltr'>ὡς</span> <span class='ocrx_word' id='word_1_444' title='bbox 2264 2380 2292 2430; x_wconf 87' lang='grc' dir='ltr'>ὁ</span> <span class='ocrx_word' id='word_1_445' title='bbox 2327 2379 2632 2452; x_wconf 84' lang='grc' dir='ltr'>Ἑωσφόρος</span> <span class='ocrx_word' id='word_1_446' title='bbox 2664 2384 3086 2453; x_wconf 82' lang='grc' dir='ltr'>ἐπιφαινόμενος</span> <span class='ocrx_word' id='word_1_447' title='bbox 3115 2387 3324 2451; x_wconf 85' lang='grc' dir='ltr'>αὐταῖς,</span> <span class='ocrx_word' id='word_1_448' title='bbox 3355 2387 3597 2458; x_wconf 69' lang='grc' dir='ltr'>λαμψάν-</span> 
     </span>
    </p>
   </div>
   <div class='ocr_carea' id='block_1_57' title="bbox 2025 2467 3597 2550">
    <p class='ocr_par' dir='ltr' id='par_1_57' title="bbox 2025 2467 3597 2550">
     <span class='ocr_line' id='line_1_57' title="bbox 2025 2467 3597 2550; baseline 0.008 -33"><span class='ocrx_word' id='word_1_449' title='bbox 2025 2483 2130 2518; x_wconf 90' lang='grc' dir='ltr'>των</span> <span class='ocrx_word' id='word_1_450' title='bbox 2157 2467 2322 2520; x_wconf 78' lang='grc' dir='ltr'>αὑτοῦ</span> <span class='ocrx_word' id='word_1_451' title='bbox 2348 2469 2456 2523; x_wconf 89' lang='grc' dir='ltr'>τῶν</span> <span class='ocrx_word' id='word_1_452' title='bbox 2487 2472 2665 2525; x_wconf 87' lang='grc' dir='ltr'>καλῶν</span> <span class='ocrx_word' id='word_1_453' title='bbox 2697 2473 2884 2543; x_wconf 71' lang='grc' dir='ltr'>,ἔργων</span> <span class='ocrx_word' id='word_1_454' title='bbox 2914 2474 3224 2546; x_wconf 77' lang='grc' dir='ltr'>ἔμπροσθεν</span> <span class='ocrx_word' id='word_1_455' title='bbox 3253 2479 3360 2530; x_wconf 90' lang='grc' dir='ltr'>τῶν</span> <span class='ocrx_word' id='word_1_456' title='bbox 3392 2478 3597 2550; x_wconf 83' lang='grc' dir='ltr'>ἀνθρὼ-</span> 
     </span>
    </p>
   </div>
   <div class='ocr_carea' id='block_1_58' title="bbox 2027 2559 3598 2636">
    <p class='ocr_par' dir='ltr' id='par_1_58' title="bbox 2027 2559 3598 2636">
     <span class='ocr_line' id='line_1_58' title="bbox 2027 2559 3598 2636; baseline 0.009 -29"><span class='ocrx_word' id='word_1_457' title='bbox 2027 2572 2164 2621; x_wconf 88' lang='grc' dir='ltr'>πων,</span> <span class='ocrx_word' id='word_1_458' title='bbox 2197 2559 2290 2610; x_wconf 77' lang='grc' dir='ltr'>καὶ</span> <span class='ocrx_word' id='word_1_459' title='bbox 2331 2560 2468 2629; x_wconf 81' lang='grc' dir='ltr'>μετὰ</span> <span class='ocrx_word' id='word_1_460' title='bbox 2511 2562 2685 2615; x_wconf 86' lang='grc' dir='ltr'>ταῦτα</span> <span class='ocrx_word' id='word_1_461' title='bbox 2733 2564 2830 2616; x_wconf 83' lang='grc' dir='ltr'>τὸν</span> <span class='ocrx_word' id='word_1_462' title='bbox 2883 2564 3055 2633; x_wconf 89' lang='grc' dir='ltr'>μέγαν</span> <span class='ocrx_word' id='word_1_463' title='bbox 3121 2567 3307 2634; x_wconf 81' lang='grc' dir='ltr'>ἀγῶνα</span> <span class='ocrx_word' id='word_1_464' title='bbox 3340 2568 3598 2636; x_wconf 81' lang='grc' dir='ltr'>ἀγωνιζό-</span> 
     </span>
    </p>
   </div>
   <div class='ocr_carea' id='block_1_59' title="bbox 2027 2649 3592 2730">
    <p class='ocr_par' dir='ltr' id='par_1_59' title="bbox 2027 2649 3592 2730">
     <span class='ocr_line' id='line_1_59' title="bbox 2027 2649 3592 2730; baseline 0.01 -32"><span class='ocrx_word' id='word_1_465' title='bbox 2027 2664 2210 2714; x_wconf 84' lang='grc' dir='ltr'>μενος,</span> <span class='ocrx_word' id='word_1_466' title='bbox 2252 2649 2342 2703; x_wconf 80' lang='grc' dir='ltr'>τὸν</span> <span class='ocrx_word' id='word_1_467' title='bbox 2371 2652 2629 2721; x_wconf 83' lang='grc' dir='ltr'>στέφανον</span> <span class='ocrx_word' id='word_1_468' title='bbox 2656 2654 2967 2708; x_wconf 85' lang='grc' dir='ltr'>ἀπολώλεκε</span> <span class='ocrx_word' id='word_1_469' title='bbox 2987 2656 3080 2709; x_wconf 83' lang='grc' dir='ltr'>τοῦ</span> <span class='ocrx_word' id='word_1_470' title='bbox 3116 2659 3356 2712; x_wconf 80' lang='grc' dir='ltr'>τοιούτου</span> <span class='ocrx_word' id='word_1_471' title='bbox 3386 2660 3592 2730; x_wconf 84' lang='grc' dir='ltr'>θρόνου,</span> 
     </span>
    </p>
   </div>
   <div class='ocr_carea' id='block_1_60' title="bbox 2025 2738 3597 2821">
    <p class='ocr_par' dir='ltr' id='par_1_60' title="bbox 2025 2738 3597 2821">
     <span class='ocr_line' id='line_1_60' title="bbox 2025 2738 3597 2821; baseline 0.008 -29"><span class='ocrx_word' id='word_1_472' title='bbox 2025 2738 2338 2793; x_wconf 80' lang='grc' dir='ltr'>ἀκούσεται’</span> <span class='ocrx_word' id='word_1_473' title='bbox 2366 2761 2383 2793; x_wconf 75' lang='grc' dir='ltr'>ι</span> <span class='ocrx_word' id='word_1_474' title='bbox 2404 2743 2527 2807; x_wconf 90' lang='grc' dir='ltr'>Πῶς</span> <span class='ocrx_word' id='word_1_475' title='bbox 2555 2743 2811 2808; x_wconf 84' lang='grc' dir='ltr'>ἐξέπεσεν</span> <span class='ocrx_word' id='word_1_476' title='bbox 2842 2748 2905 2798; x_wconf 86' lang='grc' dir='ltr'>ἐκ</span> <span class='ocrx_word' id='word_1_477' title='bbox 2933 2746 3027 2800; x_wconf 80' lang='grc' dir='ltr'>τοῦ</span> <span class='ocrx_word' id='word_1_478' title='bbox 3057 2749 3287 2818; x_wconf 80' lang='grc' dir='ltr'>οὐρανοῦ</span> <span class='ocrx_word' id='word_1_479' title='bbox 3311 2753 3339 2803; x_wconf 79' lang='grc' dir='ltr'>ὁ</span> <span class='ocrx_word' id='word_1_480' title='bbox 3376 2751 3597 2821; x_wconf 80' lang='grc' dir='ltr'>Ἑωσφό-</span> 
     </span>
    </p>
   </div>
   <div class='ocr_carea' id='block_1_61' title="bbox 2023 2833 3596 2914">
    <p class='ocr_par' dir='ltr' id='par_1_61' title="bbox 2023 2833 3596 2914">
     <span class='ocr_line' id='line_1_61' title="bbox 2023 2833 3596 2914; baseline 0.008 -31"><span class='ocrx_word' id='word_1_481' title='bbox 2023 2848 2134 2902; x_wconf 88' lang='grc' dir='ltr'>ρος,</span> <span class='ocrx_word' id='word_1_482' title='bbox 2170 2834 2198 2884; x_wconf 88' lang='grc' dir='ltr'>ὁ</span> <span class='ocrx_word' id='word_1_483' title='bbox 2222 2833 2363 2905; x_wconf 77' lang='grc' dir='ltr'>πρωῒ</span> <span class='ocrx_word' id='word_1_484' title='bbox 2387 2837 2724 2903; x_wconf 84' lang='grc' dir='ltr'>ἀνατέλλων;</span> <span class='ocrx_word' id='word_1_485' title='bbox 2755 2840 3037 2912; x_wconf 87' lang='grc' dir='ltr'>συνετρίϐη</span> <span class='ocrx_word' id='word_1_486' title='bbox 3056 2842 3148 2894; x_wconf 77' lang='grc' dir='ltr'>ἐπὶ</span> <span class='ocrx_word' id='word_1_487' title='bbox 3180 2844 3278 2914; x_wconf 85' lang='grc' dir='ltr'>τὴν</span> <span class='ocrx_word' id='word_1_488' title='bbox 3305 2843 3426 2914; x_wconf 79' lang='grc' dir='ltr'>γῆν.</span> <span class='ocrx_word' id='word_1_489' title='bbox 3450 2863 3468 2894; x_wconf 73' lang='grc' dir='ltr'>ι</span> <span class='ocrx_word' id='word_1_490' title='bbox 3493 2845 3596 2896; x_wconf 73' lang='grc' dir='ltr'>Καὶ</span> 
     </span>
    </p>
   </div>
   <div class='ocr_carea' id='block_1_62' title="bbox 355 2922 1921 3027">
    <p class='ocr_par' dir='ltr' id='par_1_62' title="bbox 355 2939 1920 3009">
     <span class='ocr_line' id='line_1_62' title="bbox 355 2939 1920 3009; baseline 0.002 -17"><span class='ocrx_word' id='word_1_491' title='bbox 355 2939 622 3006; x_wconf 82' lang='lat' dir='ltr'><strong>sanguine</strong></span> <span class='ocrx_word' id='word_1_492' title='bbox 658 2952 1008 3006; x_wconf 88' lang='lat' dir='ltr'><strong>conspersum</strong></span> <span class='ocrx_word' id='word_1_493' title='bbox 1039 2952 1144 2991; x_wconf 92' lang='lat' dir='ltr'>non</span> <span class='ocrx_word' id='word_1_494' title='bbox 1173 2939 1276 2992; x_wconf 89' lang='lat' dir='ltr'><strong>erit</strong></span> <span class='ocrx_word' id='word_1_495' title='bbox 1319 2939 1605 3003; x_wconf 90' lang='lat' dir='ltr'><strong>mundum,</strong></span> <span class='ocrx_word' id='word_1_496' title='bbox 1643 2939 1714 2992; x_wconf 91' lang='lat' dir='ltr'>ita</span> <span class='ocrx_word' id='word_1_497' title='bbox 1744 2955 1920 3009; x_wconf 87' lang='lat' dir='ltr'><strong>neque</strong></span> 
     </span>
    </p>
   </div>
   <div class='ocr_carea' id='block_1_63' title="bbox 2028 2922 3596 3027">
    <p class='ocr_par' dir='ltr' id='par_1_63' title="bbox 2028 2922 3596 3006">
     <span class='ocr_line' id='line_1_63' title="bbox 2028 2922 3596 3006; baseline 0.01 -32"><span class='ocrx_word' id='word_1_498' title='bbox 2028 2922 2176 2975; x_wconf 79' lang='grc' dir='ltr'>τοῦτο</span> <span class='ocrx_word' id='word_1_499' title='bbox 2193 2923 2248 2976; x_wconf 79' lang='grc' dir='ltr'>δὲ</span> <span class='ocrx_word' id='word_1_500' title='bbox 2270 2925 2404 2995; x_wconf 88' lang='grc' dir='ltr'>πρὸς</span> <span class='ocrx_word' id='word_1_501' title='bbox 2424 2928 2585 2981; x_wconf 82' lang='grc' dir='ltr'>αὐτὸν</span> <span class='ocrx_word' id='word_1_502' title='bbox 2607 2928 2924 3000; x_wconf 87' lang='grc' dir='ltr'>λεχθήσεται</span> <span class='ocrx_word' id='word_1_503' title='bbox 2946 2930 3023 3001; x_wconf 78' lang='grc' dir='ltr'>τῷ</span> <span class='ocrx_word' id='word_1_504' title='bbox 3044 2932 3268 3004; x_wconf 87' lang='grc' dir='ltr'>διαϐόλῳ</span> <span class='ocrx_word' id='word_1_505' title='bbox 3288 2934 3375 2988; x_wconf 74' lang='grc' dir='ltr'>διὰ</span> <span class='ocrx_word' id='word_1_506' title='bbox 3387 2935 3485 3004; x_wconf 80' lang='grc' dir='ltr'>τῆς</span> <span class='ocrx_word' id='word_1_507' title='bbox 3502 2937 3596 3006; x_wconf 84' lang='grc' dir='ltr'>ἀρ-</span> 
     </span>
    </p>
   </div>
   <div class='ocr_carea' id='block_1_64' title="bbox 357 3028 1914 3097">
    <p class='ocr_par' dir='ltr' id='par_1_64' title="bbox 357 3028 1914 3097">
     <span class='ocr_line' id='line_1_64' title="bbox 357 3028 1914 3097; baseline 0 -13"><span class='ocrx_word' id='word_1_508' title='bbox 357 3040 414 3084; x_wconf 88' lang='lat' dir='ltr'>tu</span> <span class='ocrx_word' id='word_1_509' title='bbox 440 3030 552 3084; x_wconf 88' lang='lat' dir='ltr'><strong>eris</strong></span> <span class='ocrx_word' id='word_1_510' title='bbox 580 3029 815 3083; x_wconf 89' lang='lat' dir='ltr'><strong>mundus</strong></span> <span class='ocrx_word' id='word_1_511' title='bbox 841 3029 909 3082; x_wconf 72' lang='lat'><strong>“.</strong></span> <span class='ocrx_word' id='word_1_512' title='bbox 942 3048 962 3081; x_wconf 73' lang='grc' dir='ltr'>ι</span> <span class='ocrx_word' id='word_1_513' title='bbox 997 3028 1279 3094; x_wconf 85' lang='lat' dir='ltr'><strong>Quomodo</strong></span> <span class='ocrx_word' id='word_1_514' title='bbox 1315 3030 1456 3083; x_wconf 91' lang='lat' dir='ltr'><strong>enim</strong></span> <span class='ocrx_word' id='word_1_515' title='bbox 1486 3031 1718 3086; x_wconf 92' lang='lat' dir='ltr'><strong>mundus</strong></span> <span class='ocrx_word' id='word_1_516' title='bbox 1751 3040 1914 3097; x_wconf 89' lang='lat' dir='ltr'><strong>esset,</strong></span> 
     </span>
    </p>
   </div>
   <div class='ocr_carea' id='block_1_65' title="bbox 353 3119 1918 3188">
    <p class='ocr_par' dir='ltr' id='par_1_65' title="bbox 353 3119 1918 3188">
     <span class='ocr_line' id='line_1_65' title="bbox 353 3119 1918 3188; baseline 0 -12"><span class='ocrx_word' id='word_1_517' title='bbox 353 3121 720 3176; x_wconf 79' lang='lat' dir='ltr'><strong>abominando</strong></span> <span class='ocrx_word' id='word_1_518' title='bbox 771 3119 1078 3188; x_wconf 86' lang='lat' dir='ltr'><strong>negationis</strong></span> <span class='ocrx_word' id='word_1_519' title='bbox 1110 3119 1336 3184; x_wconf 89' lang='lat' dir='ltr'><strong>scelere,</strong></span> <span class='ocrx_word' id='word_1_520' title='bbox 1376 3133 1472 3173; x_wconf 90' lang='lat' dir='ltr'>ceu</span> <span class='ocrx_word' id='word_1_521' title='bbox 1502 3123 1648 3174; x_wconf 81' lang='lat' dir='ltr'><strong>caede</strong></span> <span class='ocrx_word' id='word_1_522' title='bbox 1687 3132 1740 3175; x_wconf 91' lang='lat' dir='ltr'><strong>et</strong></span> <span class='ocrx_word' id='word_1_523' title='bbox 1789 3137 1918 3177; x_wconf 85' lang='lat' dir='ltr'><strong>san-</strong></span> 
     </span>
    </p>
   </div>
   <div class='ocr_carea' id='block_1_66' title="bbox 354 3210 1920 3282">
    <p class='ocr_par' dir='ltr' id='par_1_66' title="bbox 354 3210 1920 3282">
     <span class='ocr_line' id='line_1_66' title="bbox 354 3210 1920 3282; baseline 0.001 -17"><span class='ocrx_word' id='word_1_524' title='bbox 354 3213 524 3282; x_wconf 83' lang='lat' dir='ltr'><strong>guine</strong></span> <span class='ocrx_word' id='word_1_525' title='bbox 551 3210 813 3280; x_wconf 90' lang='lat' dir='ltr'><strong>pollutus,</strong></span> <span class='ocrx_word' id='word_1_526' title='bbox 863 3219 918 3264; x_wconf 92' lang='lat' dir='ltr'>et</span> <span class='ocrx_word' id='word_1_527' title='bbox 954 3220 1105 3265; x_wconf 84' lang='lat' dir='ltr'><strong>tanto</strong></span> <span class='ocrx_word' id='word_1_528' title='bbox 1131 3211 1274 3266; x_wconf 90' lang='lat' dir='ltr'><strong>malo</strong></span> <span class='ocrx_word' id='word_1_529' title='bbox 1305 3211 1664 3281; x_wconf 80' lang='lat' dir='ltr'><strong>inquinatus?</strong></span> <span class='ocrx_word' id='word_1_530' title='bbox 1715 3212 1920 3268; x_wconf 80' lang='lat' dir='ltr'><strong>Cavea-</strong></span> 
     </span>
    </p>
   </div>
   <div class='ocr_carea' id='block_1_67' title="bbox 351 3301 1912 3371">
    <p class='ocr_par' dir='ltr' id='par_1_67' title="bbox 351 3301 1912 3371">
     <span class='ocr_line' id='line_1_67' title="bbox 351 3301 1912 3371; baseline 0.004 -17"><span class='ocrx_word' id='word_1_531' title='bbox 351 3317 474 3357; x_wconf 88' lang='lat' dir='ltr'>mus</span> <span class='ocrx_word' id='word_1_532' title='bbox 505 3316 571 3356; x_wconf 89' lang='lat' dir='ltr'>ne</span> <span class='ocrx_word' id='word_1_533' title='bbox 613 3301 698 3356; x_wconf 89' lang='lat' dir='ltr'>vel</span> <span class='ocrx_word' id='word_1_534' title='bbox 731 3302 996 3357; x_wconf 90' lang='lat' dir='ltr'><strong>dubitatio</strong></span> <span class='ocrx_word' id='word_1_535' title='bbox 1051 3316 1288 3371; x_wconf 87' lang='lat' dir='ltr'><strong>unquam</strong></span> <span class='ocrx_word' id='word_1_536' title='bbox 1343 3303 1500 3358; x_wconf 92' lang='lat' dir='ltr'><strong>nobis</strong></span> <span class='ocrx_word' id='word_1_537' title='bbox 1530 3303 1815 3360; x_wconf 90' lang='lat' dir='ltr'><strong>oboriatur</strong></span> <span class='ocrx_word' id='word_1_538' title='bbox 1845 3320 1912 3360; x_wconf 91' lang='lat' dir='ltr'>an</span> 
     </span>
    </p>
   </div>
   <div class='ocr_carea' id='block_1_68' title="bbox 352 3393 1918 3464">
    <p class='ocr_par' dir='ltr' id='par_1_68' title="bbox 352 3393 1918 3464">
     <span class='ocr_line' id='line_1_68' title="bbox 352 3393 1918 3464; baseline 0.003 -16"><span class='ocrx_word' id='word_1_539' title='bbox 352 3394 660 3464; x_wconf 86' lang='lat' dir='ltr'><strong>negandum</strong></span> <span class='ocrx_word' id='word_1_540' title='bbox 683 3393 775 3460; x_wconf 92' lang='lat' dir='ltr'><strong>sit,</strong></span> <span class='ocrx_word' id='word_1_541' title='bbox 806 3409 873 3448; x_wconf 87' lang='lat' dir='ltr'>an</span> <span class='ocrx_word' id='word_1_542' title='bbox 895 3395 1294 3455; x_wconf 83' lang='lat' dir='ltr'><strong>conﬁtendum:</strong></span> <span class='ocrx_word' id='word_1_543' title='bbox 1319 3411 1386 3450; x_wconf 87' lang='lat' dir='ltr'>ne</span> <span class='ocrx_word' id='word_1_544' title='bbox 1415 3405 1469 3450; x_wconf 88' lang='lat' dir='ltr'>et</span> <span class='ocrx_word' id='word_1_545' title='bbox 1496 3397 1562 3450; x_wconf 89' lang='lat' dir='ltr'>ad</span> <span class='ocrx_word' id='word_1_546' title='bbox 1587 3411 1683 3452; x_wconf 92' lang='lat' dir='ltr'>nos</span> <span class='ocrx_word' id='word_1_547' title='bbox 1705 3399 1918 3452; x_wconf 86' lang='lat' dir='ltr'><strong>dicatur</strong></span> 
     </span>
    </p>
   </div>
   <div class='ocr_carea' id='block_1_69' title="bbox 349 3484 1916 3556">
    <p class='ocr_par' dir='ltr' id='par_1_69' title="bbox 349 3484 1916 3556">
     <span class='ocr_line' id='line_1_69' title="bbox 349 3484 1916 3556; baseline 0.003 -16"><span class='ocrx_word' id='word_1_548' title='bbox 349 3486 440 3540; x_wconf 87' lang='lat' dir='ltr'>hic</span> <span class='ocrx_word' id='word_1_549' title='bbox 472 3484 603 3540; x_wconf 67' lang='lat' dir='ltr'><strong>Elia:</strong></span> <span class='ocrx_word' id='word_1_550' title='bbox 655 3500 836 3541; x_wconf 88' lang='lat' dir='ltr'><strong>scrmo</strong></span> <span class='ocrx_word' id='word_1_551' title='bbox 865 3503 880 3541; x_wconf 91' lang='lat'><strong>:</strong></span> <span class='ocrx_word' id='word_1_552' title='bbox 940 3505 957 3537; x_wconf 77' lang='grc' dir='ltr'>ι</span> <span class='ocrx_word' id='word_1_553' title='bbox 990 3485 1284 3556; x_wconf 88' lang='lat' dir='ltr'><strong>Usquequo</strong></span> <span class='ocrx_word' id='word_1_554' title='bbox 1318 3487 1649 3543; x_wconf 86' lang='lat' dir='ltr'><strong>claudicatis.</strong></span> <span class='ocrx_word' id='word_1_555' title='bbox 1692 3489 1745 3543; x_wconf 89' lang='lat' dir='ltr'>in</span> <span class='ocrx_word' id='word_1_556' title='bbox 1779 3489 1916 3545; x_wconf 88' lang='lat' dir='ltr'><strong>duas</strong></span> 
     </span>
    </p>
   </div>
   <div class='ocr_carea' id='block_1_70' title="bbox 345 3576 1907 3648">
    <p class='ocr_par' dir='ltr' id='par_1_70' title="bbox 345 3576 1907 3648">
     <span class='ocr_line' id='line_1_70' title="bbox 345 3576 1907 3648; baseline 0.003 -19"><span class='ocrx_word' id='word_1_557' title='bbox 345 3576 574 3645; x_wconf 84' lang='lat' dir='ltr'><strong>partes?</strong></span> <span class='ocrx_word' id='word_1_558' title='bbox 606 3577 662 3632; x_wconf 94' lang='lat' dir='ltr'><strong>Si</strong></span> <span class='ocrx_word' id='word_1_559' title='bbox 712 3577 969 3633; x_wconf 88' lang='lat' dir='ltr'><strong>Dominus</strong></span> <span class='ocrx_word' id='word_1_560' title='bbox 1000 3587 1084 3633; x_wconf 89' lang='lat' dir='ltr'>est</span> <span class='ocrx_word' id='word_1_561' title='bbox 1113 3579 1276 3644; x_wconf 90' lang='lat' dir='ltr'><strong>Deus,</strong></span> <span class='ocrx_word' id='word_1_562' title='bbox 1311 3579 1600 3648; x_wconf 91' lang='lat' dir='ltr'><strong>sequimini</strong></span> <span class='ocrx_word' id='word_1_563' title='bbox 1639 3593 1761 3634; x_wconf 89' lang='lat' dir='ltr'>eum</span> <span class='ocrx_word' id='word_1_564' title='bbox 1787 3583 1852 3635; x_wconf 69' lang='grc'>⁸⁵.</span> <span class='ocrx_word' id='word_1_565' title='bbox 1888 3601 1907 3634; x_wconf 74' lang='grc' dir='ltr'>ι</span> 
     </span>
    </p>
   </div>
   <div class='ocr_carea' id='block_1_71' title="bbox 2026 3015 3590 3098">
    <p class='ocr_par' dir='ltr' id='par_1_71' title="bbox 2026 3015 3590 3098">
     <span class='ocr_line' id='line_1_71' title="bbox 2026 3015 3590 3098; baseline 0.01 -34"><span class='ocrx_word' id='word_1_566' title='bbox 2026 3015 2231 3083; x_wconf 76' lang='grc' dir='ltr'>νήσεως</span> <span class='ocrx_word' id='word_1_567' title='bbox 2278 3017 2661 3088; x_wconf 84' lang='grc' dir='ltr'>ὡμοιωμένον·</span> <span class='ocrx_word' id='word_1_568' title='bbox 2699 3039 2719 3072; x_wconf 72' lang='grc' dir='ltr'>ι</span> <span class='ocrx_word' id='word_1_569' title='bbox 2766 3022 3108 3093; x_wconf 76' lang='grc' dir='ltr'>Ῥιφὴσονται</span> <span class='ocrx_word' id='word_1_570' title='bbox 3160 3027 3216 3080; x_wconf 88' lang='grc' dir='ltr'>ἐν</span> <span class='ocrx_word' id='word_1_571' title='bbox 3249 3029 3362 3088; x_wconf 87' lang='grc' dir='ltr'>τοῖς</span> <span class='ocrx_word' id='word_1_572' title='bbox 3396 3027 3590 3098; x_wconf 80' lang='grc' dir='ltr'>ὄρεσιν,</span> 
     </span>
    </p>
   </div>
   <div class='ocr_carea' id='block_1_72' title="bbox 2024 3106 3592 3187">
    <p class='ocr_par' dir='ltr' id='par_1_72' title="bbox 2024 3106 3592 3187">
     <span class='ocr_line' id='line_1_72' title="bbox 2024 3106 3592 3187; baseline 0.009 -30"><span class='ocrx_word' id='word_1_573' title='bbox 2024 3106 2100 3168; x_wconf 84' lang='grc' dir='ltr'>ὡς</span> <span class='ocrx_word' id='word_1_574' title='bbox 2129 3107 2319 3177; x_wconf 73' lang='grc' dir='ltr'>νεκρὸς</span> <span class='ocrx_word' id='word_1_575' title='bbox 2350 3109 2737 3181; x_wconf 86' lang='grc' dir='ltr'>ἐϐδελυγμένος</span> <span class='ocrx_word' id='word_1_576' title='bbox 2781 3113 2921 3183; x_wconf 84' lang='grc' dir='ltr'>μετὰ</span> <span class='ocrx_word' id='word_1_577' title='bbox 2973 3115 3179 3169; x_wconf 82' lang='grc' dir='ltr'>πολλῶν</span> <span class='ocrx_word' id='word_1_578' title='bbox 3223 3117 3552 3187; x_wconf 83' lang='grc' dir='ltr'>τεθνηκότων</span> <span class='ocrx_word' id='word_1_579' title='bbox 3579 3137 3592 3149; x_wconf 87' lang='grc'>·</span> 
     </span>
    </p>
   </div>
   <div class='ocr_carea' id='block_1_73' title="bbox 2022 3195 3594 3278">
    <p class='ocr_par' dir='ltr' id='par_1_73' title="bbox 2022 3195 3594 3278">
     <span class='ocr_line' id='line_1_73' title="bbox 2022 3195 3594 3278; baseline 0.009 -30"><span class='ocrx_word' id='word_1_580' title='bbox 2022 3196 2080 3249; x_wconf 82' lang='grc' dir='ltr'>ὃν</span> <span class='ocrx_word' id='word_1_581' title='bbox 2113 3195 2312 3267; x_wconf 87' lang='grc' dir='ltr'>τρόπον</span> <span class='ocrx_word' id='word_1_582' title='bbox 2345 3201 2558 3270; x_wconf 87' lang='grc' dir='ltr'>ἱμάτιον</span> <span class='ocrx_word' id='word_1_583' title='bbox 2591 3204 2649 3256; x_wconf 82' lang='grc' dir='ltr'>ἐν</span> <span class='ocrx_word' id='word_1_584' title='bbox 2685 3203 2882 3273; x_wconf 81' lang='grc' dir='ltr'>αἵματι</span> <span class='ocrx_word' id='word_1_585' title='bbox 2926 3207 3270 3278; x_wconf 82' lang='grc' dir='ltr'>πεφυρμένον</span> <span class='ocrx_word' id='word_1_586' title='bbox 3314 3210 3415 3261; x_wconf 75' lang='grc' dir='ltr'>οὐκ</span> <span class='ocrx_word' id='word_1_587' title='bbox 3448 3209 3594 3262; x_wconf 73' lang='grc' dir='ltr'>ἔσται</span> 
     </span>
    </p>
   </div>
   <div class='ocr_carea' id='block_1_74' title="bbox 2023 3287 3594 3371">
    <p class='ocr_par' dir='ltr' id='par_1_74' title="bbox 2023 3287 3594 3371">
     <span class='ocr_line' id='line_1_74' title="bbox 2023 3287 3594 3371; baseline 0.008 -31"><span class='ocrx_word' id='word_1_588' title='bbox 2023 3287 2283 3358; x_wconf 84' lang='grc' dir='ltr'>καθαρὸν,</span> <span class='ocrx_word' id='word_1_589' title='bbox 2301 3289 2472 3353; x_wconf 75' lang='grc' dir='ltr'>οὕτως</span> <span class='ocrx_word' id='word_1_590' title='bbox 2487 3293 2609 3345; x_wconf 79' lang='grc' dir='ltr'>οὐδὲ</span> <span class='ocrx_word' id='word_1_591' title='bbox 2631 3294 2693 3345; x_wconf 83' lang='grc' dir='ltr'>σὺ</span> <span class='ocrx_word' id='word_1_592' title='bbox 2721 3293 2816 3366; x_wconf 75' lang='grc' dir='ltr'>ἔσῃ</span> <span class='ocrx_word' id='word_1_593' title='bbox 2839 3297 3071 3367; x_wconf 87' lang='grc' dir='ltr'>καθαρός</span> <span class='ocrx_word' id='word_1_594' title='bbox 3091 3315 3102 3327; x_wconf 93' lang='grc'><strong>·</strong></span> <span class='ocrx_word' id='word_1_595' title='bbox 3128 3318 3145 3348; x_wconf 86' lang='grc'><strong>›</strong></span> <span class='ocrx_word' id='word_1_596' title='bbox 3174 3299 3289 3362; x_wconf 90' lang='grc' dir='ltr'>πῶς</span> <span class='ocrx_word' id='word_1_597' title='bbox 3313 3299 3420 3371; x_wconf 81' lang='grc' dir='ltr'>γὰρ</span> <span class='ocrx_word' id='word_1_598' title='bbox 3448 3301 3594 3354; x_wconf 80' lang='grc' dir='ltr'>ἔσται</span> 
     </span>
    </p>
   </div>
   <div class='ocr_carea' id='block_1_75' title="bbox 2024 3379 3594 3464">
    <p class='ocr_par' dir='ltr' id='par_1_75' title="bbox 2024 3379 3594 3464">
     <span class='ocr_line' id='line_1_75' title="bbox 2024 3379 3594 3464; baseline 0.01 -33"><span class='ocrx_word' id='word_1_599' title='bbox 2024 3379 2279 3451; x_wconf 81' lang='grc' dir='ltr'>καθαρὸς,</span> <span class='ocrx_word' id='word_1_600' title='bbox 2315 3384 2502 3453; x_wconf 76' lang='grc' dir='ltr'>αἵματι</span> <span class='ocrx_word' id='word_1_601' title='bbox 2543 3385 2637 3437; x_wconf 78' lang='grc' dir='ltr'>καὶ</span> <span class='ocrx_word' id='word_1_602' title='bbox 2671 3387 2847 3456; x_wconf 84' lang='grc' dir='ltr'>φόνῳ,</span> <span class='ocrx_word' id='word_1_603' title='bbox 2883 3389 2959 3459; x_wconf 84' lang='grc' dir='ltr'>τῷ</span> <span class='ocrx_word' id='word_1_604' title='bbox 2994 3389 3262 3462; x_wconf 82' lang='grc' dir='ltr'>βδελυκτῷ</span> <span class='ocrx_word' id='word_1_605' title='bbox 3295 3393 3394 3460; x_wconf 82' lang='grc' dir='ltr'>τῆς</span> <span class='ocrx_word' id='word_1_606' title='bbox 3435 3393 3594 3464; x_wconf 80' lang='grc' dir='ltr'>ἀρνή-</span> 
     </span>
    </p>
   </div>
   <div class='ocr_carea' id='block_1_76' title="bbox 2024 3474 3596 3555">
    <p class='ocr_par' dir='ltr' id='par_1_76' title="bbox 2024 3474 3596 3555">
     <span class='ocr_line' id='line_1_76' title="bbox 2024 3474 3596 3555; baseline 0.008 -32"><span class='ocrx_word' id='word_1_607' title='bbox 2024 3487 2159 3535; x_wconf 87' lang='grc' dir='ltr'>σεως</span> <span class='ocrx_word' id='word_1_608' title='bbox 2179 3474 2478 3545; x_wconf 81' lang='grc' dir='ltr'>πταίσματι</span> <span class='ocrx_word' id='word_1_609' title='bbox 2499 3479 2887 3547; x_wconf 89' lang='grc' dir='ltr'>μεμιασμένος,</span> <span class='ocrx_word' id='word_1_610' title='bbox 2906 3482 2998 3533; x_wconf 74' lang='grc' dir='ltr'>καὶ</span> <span class='ocrx_word' id='word_1_611' title='bbox 3018 3483 3042 3533; x_wconf 85' lang='grc' dir='ltr'>ἐ</span> <span class='ocrx_word' id='word_1_612' title='bbox 3050 3499 3269 3554; x_wconf 82' lang='grc' dir='ltr'>μπεφυρ</span> <span class='ocrx_word' id='word_1_613' title='bbox 3278 3483 3434 3552; x_wconf 88' lang='grc' dir='ltr'>μένος</span> <span class='ocrx_word' id='word_1_614' title='bbox 3456 3483 3596 3555; x_wconf 86' lang='grc' dir='ltr'>τηλι-</span> 
     </span>
    </p>
   </div>
   <div class='ocr_carea' id='block_1_77' title="bbox 2027 3563 3594 3644">
    <p class='ocr_par' dir='ltr' id='par_1_77' title="bbox 2027 3563 3594 3644">
     <span class='ocr_line' id='line_1_77' title="bbox 2027 3563 3594 3644; baseline 0.009 -31"><span class='ocrx_word' id='word_1_615' title='bbox 2027 3563 2210 3634; x_wconf 85' lang='grc' dir='ltr'>κούτῳ</span> <span class='ocrx_word' id='word_1_616' title='bbox 2242 3566 2433 3637; x_wconf 84' lang='grc' dir='ltr'>κακῷ;</span> <span class='ocrx_word' id='word_1_617' title='bbox 2477 3568 2810 3640; x_wconf 89' lang='grc' dir='ltr'>Πρόσχωμεν</span> <span class='ocrx_word' id='word_1_618' title='bbox 2834 3610 2849 3634; x_wconf 93' lang='grc'>,</span> <span class='ocrx_word' id='word_1_619' title='bbox 2909 3573 2982 3642; x_wconf 84' lang='grc' dir='ltr'>μή</span> <span class='ocrx_word' id='word_1_620' title='bbox 3016 3589 3142 3625; x_wconf 87' lang='grc' dir='ltr'>ποτε</span> <span class='ocrx_word' id='word_1_621' title='bbox 3177 3572 3278 3626; x_wconf 87' lang='grc' dir='ltr'>κᾶν</span> <span class='ocrx_word' id='word_1_622' title='bbox 3306 3573 3594 3644; x_wconf 80' lang='grc' dir='ltr'>δισταγμὸς</span> 
     </span>
    </p>
   </div>
   <div class='ocr_carea' id='block_1_78' title="bbox 347 3674 3591 3757">
    <p class='ocr_par' dir='ltr' id='par_1_78' title="bbox 347 3674 3591 3757">
     <span class='ocr_line' id='line_1_78' title="bbox 347 3674 3591 3757; baseline 0.003 -28"><span class='ocrx_word' id='word_1_623' title='bbox 347 3677 474 3745; x_wconf 73' lang='grc' dir='ltr'>περὶ</span> <span class='ocrx_word' id='word_1_624' title='bbox 494 3674 587 3728; x_wconf 78' lang='grc' dir='ltr'>τοῦ</span> <span class='ocrx_word' id='word_1_625' title='bbox 610 3675 836 3746; x_wconf 89' lang='grc' dir='ltr'>πότερόν</span> <span class='ocrx_word' id='word_1_626' title='bbox 866 3691 995 3727; x_wconf 85' lang='grc' dir='ltr'>ποτε</span> <span class='ocrx_word' id='word_1_627' title='bbox 1023 3675 1311 3746; x_wconf 85' lang='grc' dir='ltr'>ἀρνητέον,</span> <span class='ocrx_word' id='word_1_628' title='bbox 1345 3675 1377 3745; x_wconf 80' lang='grc' dir='ltr'>ἡ</span> <span class='ocrx_word' id='word_1_629' title='bbox 1407 3675 1787 3748; x_wconf 84' lang='grc' dir='ltr'>ὁμολογητέον,</span> <span class='ocrx_word' id='word_1_630' title='bbox 1831 3678 2054 3749; x_wconf 87' lang='grc' dir='ltr'>γένηται</span> <span class='ocrx_word' id='word_1_631' title='bbox 2103 3683 2159 3736; x_wconf 87' lang='grc' dir='ltr'>ἐν</span> <span class='ocrx_word' id='word_1_632' title='bbox 2209 3685 2370 3754; x_wconf 77' lang='grc' dir='ltr'>ἡμῖν’</span> <span class='ocrx_word' id='word_1_633' title='bbox 2411 3685 2497 3739; x_wconf 83' lang='grc' dir='ltr'>ἵνα</span> <span class='ocrx_word' id='word_1_634' title='bbox 2547 3686 2620 3756; x_wconf 81' lang='grc' dir='ltr'>μὴ</span> <span class='ocrx_word' id='word_1_635' title='bbox 2676 3685 2767 3739; x_wconf 75' lang='grc' dir='ltr'>καὶ</span> <span class='ocrx_word' id='word_1_636' title='bbox 2800 3687 2934 3757; x_wconf 87' lang='grc' dir='ltr'>πρὸς</span> <span class='ocrx_word' id='word_1_637' title='bbox 2976 3688 3122 3757; x_wconf 82' lang='grc' dir='ltr'>ἡμᾶς</span> <span class='ocrx_word' id='word_1_638' title='bbox 3171 3690 3199 3740; x_wconf 86' lang='grc' dir='ltr'>ὁ</span> <span class='ocrx_word' id='word_1_639' title='bbox 3254 3688 3348 3740; x_wconf 79' lang='grc' dir='ltr'>τοῦ</span> <span class='ocrx_word' id='word_1_640' title='bbox 3417 3687 3591 3741; x_wconf 80' lang='grc' dir='ltr'>Ἠλίου</span> 
     </span>
    </p>
   </div>
   <div class='ocr_carea' id='block_1_79' title="bbox 347 3768 3592 3851">
    <p class='ocr_par' dir='ltr' id='par_1_79' title="bbox 347 3768 3592 3851">
     <span class='ocr_line' id='line_1_79' title="bbox 347 3768 3592 3851; baseline 0.005 -32"><span class='ocrx_word' id='word_1_641' title='bbox 347 3768 510 3838; x_wconf 83' lang='grc' dir='ltr'>λεχθῇ</span> <span class='ocrx_word' id='word_1_642' title='bbox 538 3769 712 3836; x_wconf 84' lang='grc' dir='ltr'>λόγος,</span> <span class='ocrx_word' id='word_1_643' title='bbox 739 3769 908 3832; x_wconf 65' lang='grc' dir='ltr'>οὕτως</span> <span class='ocrx_word' id='word_1_644' title='bbox 942 3770 1110 3838; x_wconf 77' lang='grc' dir='ltr'>ἔχων·</span> <span class='ocrx_word' id='word_1_645' title='bbox 1153 3789 1171 3820; x_wconf 77' lang='grc' dir='ltr'>ι</span> <span class='ocrx_word' id='word_1_646' title='bbox 1213 3771 1356 3833; x_wconf 89' lang='grc' dir='ltr'>Ἕως</span> <span class='ocrx_word' id='word_1_647' title='bbox 1392 3771 1522 3823; x_wconf 88' lang='grc' dir='ltr'>πότε</span> <span class='ocrx_word' id='word_1_648' title='bbox 1577 3772 1734 3844; x_wconf 86' lang='grc' dir='ltr'>ὑμεῖς</span> <span class='ocrx_word' id='word_1_649' title='bbox 1770 3775 2060 3844; x_wconf 85' lang='grc' dir='ltr'>χωλανεῖτε</span> <span class='ocrx_word' id='word_1_650' title='bbox 2120 3779 2206 3830; x_wconf 84' lang='grc' dir='ltr'>ἐπ’</span> <span class='ocrx_word' id='word_1_651' title='bbox 2253 3778 2588 3851; x_wconf 78' lang='grc' dir='ltr'>ἀμφοτέραις</span> <span class='ocrx_word' id='word_1_652' title='bbox 2626 3784 2747 3845; x_wconf 90' lang='grc' dir='ltr'>ταῖς</span> <span class='ocrx_word' id='word_1_653' title='bbox 2781 3781 3022 3850; x_wconf 82' lang='grc' dir='ltr'>ἰγνύαις;</span> <span class='ocrx_word' id='word_1_654' title='bbox 3071 3783 3119 3834; x_wconf 90' lang='grc' dir='ltr'>εἰ</span> <span class='ocrx_word' id='word_1_655' title='bbox 3158 3781 3272 3835; x_wconf 77' lang='grc' dir='ltr'>ἔστι</span> <span class='ocrx_word' id='word_1_656' title='bbox 3316 3781 3516 3851; x_wconf 85' lang='grc' dir='ltr'>Κύριος</span> <span class='ocrx_word' id='word_1_657' title='bbox 3563 3782 3592 3834; x_wconf 81' lang='grc' dir='ltr'><em>ὁ</em></span> 
     </span>
    </p>
   </div>
   <div class='ocr_carea' id='block_1_80' title="bbox 348 3856 1317 3927">
    <p class='ocr_par' dir='ltr' id='par_1_80' title="bbox 348 3856 1317 3927">
     <span class='ocr_line' id='line_1_80' title="bbox 348 3856 1317 3927; baseline 0.002 -19"><span class='ocrx_word' id='word_1_658' title='bbox 348 3856 500 3922; x_wconf 86' lang='grc' dir='ltr'>Θεὸς,</span> <span class='ocrx_word' id='word_1_659' title='bbox 536 3858 829 3927; x_wconf 79' lang='grc' dir='ltr'>πορεύεσθε</span> <span class='ocrx_word' id='word_1_660' title='bbox 859 3859 1032 3912; x_wconf 84' lang='grc' dir='ltr'>ὀπίσω</span> <span class='ocrx_word' id='word_1_661' title='bbox 1077 3859 1260 3912; x_wconf 73' lang='grc' dir='ltr'>αὐτοῦ.</span> <span class='ocrx_word' id='word_1_662' title='bbox 1300 3880 1317 3910; x_wconf 75' lang='grc' dir='ltr'>ι</span> 
     </span>
    </p>
   </div>
   <div class='ocr_carea' id='block_1_81' title="bbox 421 3972 1912 4034">
    <p class='ocr_par' dir='ltr' id='par_1_81' title="bbox 421 3972 1912 4034">
     <span class='ocr_line' id='line_1_81' title="bbox 421 3972 1912 4034; baseline 0.004 -6"><span class='ocrx_word' id='word_1_663' title='bbox 421 3975 509 4031; x_wconf 78' lang='grc'>19.</span> <span class='ocrx_word' id='word_1_664' title='bbox 540 3972 848 4028; x_wconf 87' lang='lat' dir='ltr'><strong>Verisimile</strong></span> <span class='ocrx_word' id='word_1_665' title='bbox 873 3984 956 4028; x_wconf 91' lang='lat' dir='ltr'>est</span> <span class='ocrx_word' id='word_1_666' title='bbox 988 3984 1168 4030; x_wconf 90' lang='lat' dir='ltr'><strong>autem</strong></span> <span class='ocrx_word' id='word_1_667' title='bbox 1221 3991 1318 4030; x_wconf 92' lang='lat' dir='ltr'>nos</span> <span class='ocrx_word' id='word_1_668' title='bbox 1347 3985 1402 4030; x_wconf 87' lang='lat' dir='ltr'>et</span> <span class='ocrx_word' id='word_1_669' title='bbox 1441 3979 1852 4034; x_wconf 87' lang='lat' dir='ltr'><strong>subsaunandos</strong></span> <span class='ocrx_word' id='word_1_670' title='bbox 1885 3995 1912 4034; x_wconf 92' lang='lat' dir='ltr'>a</span> 
     </span>
    </p>
   </div>
   <div class='ocr_carea' id='block_1_82' title="bbox 348 4064 1914 4136">
    <p class='ocr_par' dir='ltr' id='par_1_82' title="bbox 348 4064 1914 4136">
     <span class='ocr_line' id='line_1_82' title="bbox 348 4064 1914 4136; baseline 0.004 -16"><span class='ocrx_word' id='word_1_671' title='bbox 348 4067 672 4136; x_wconf 83' lang='lat' dir='ltr'><strong>quibusdam</strong></span> <span class='ocrx_word' id='word_1_672' title='bbox 703 4079 757 4123; x_wconf 92' lang='lat' dir='ltr'><strong>et</strong></span> <span class='ocrx_word' id='word_1_673' title='bbox 788 4064 1080 4136; x_wconf 87' lang='lat' dir='ltr'><strong>opprobrio</strong></span> <span class='ocrx_word' id='word_1_674' title='bbox 1113 4068 1394 4122; x_wconf 88' lang='lat' dir='ltr'><strong>habendos</strong></span> <span class='ocrx_word' id='word_1_675' title='bbox 1427 4084 1455 4122; x_wconf 92' lang='lat' dir='ltr'>a</span> <span class='ocrx_word' id='word_1_676' title='bbox 1481 4071 1676 4125; x_wconf 89' lang='lat' dir='ltr'><strong>vicinis</strong></span> <span class='ocrx_word' id='word_1_677' title='bbox 1713 4075 1914 4127; x_wconf 89' lang='lat' dir='ltr'><strong>nostris</strong></span> 
     </span>
    </p>
   </div>
   <div class='ocr_carea' id='block_1_83' title="bbox 343 4159 1915 4232">
    <p class='ocr_par' dir='ltr' id='par_1_83' title="bbox 343 4159 1915 4232">
     <span class='ocr_line' id='line_1_83' title="bbox 343 4159 1915 4232; baseline 0.003 -20"><span class='ocrx_word' id='word_1_678' title='bbox 343 4162 434 4227; x_wconf 92' lang='lat' dir='ltr'>qui</span> <span class='ocrx_word' id='word_1_679' title='bbox 465 4169 592 4213; x_wconf 92' lang='lat' dir='ltr'><strong>sunt</strong></span> <span class='ocrx_word' id='word_1_680' title='bbox 622 4160 672 4213; x_wconf 94' lang='lat' dir='ltr'>in</span> <span class='ocrx_word' id='word_1_681' title='bbox 721 4159 958 4214; x_wconf 90' lang='lat' dir='ltr'><strong>circuitu</strong></span> <span class='ocrx_word' id='word_1_682' title='bbox 989 4167 1175 4214; x_wconf 91' lang='lat' dir='ltr'><strong>nostro</strong></span> <span class='ocrx_word' id='word_1_683' title='bbox 1206 4203 1220 4226; x_wconf 96' lang='lat'>,</span> <span class='ocrx_word' id='word_1_684' title='bbox 1277 4161 1478 4232; x_wconf 83' lang='lat' dir='ltr'><strong>quique</strong></span> <span class='ocrx_word' id='word_1_685' title='bbox 1514 4177 1676 4229; x_wconf 90' lang='lat' dir='ltr'><strong>super</strong></span> <span class='ocrx_word' id='word_1_686' title='bbox 1708 4177 1803 4216; x_wconf 89' lang='lat' dir='ltr'>nos</span> <span class='ocrx_word' id='word_1_687' title='bbox 1856 4173 1915 4217; x_wconf 93' lang='lat' dir='ltr'><strong>ut</strong></span> 
     </span>
    </p>
   </div>
   <div class='ocr_carea' id='block_1_84' title="bbox 343 4251 1911 4323">
    <p class='ocr_par' dir='ltr' id='par_1_84' title="bbox 343 4251 1911 4323">
     <span class='ocr_line' id='line_1_84' title="bbox 343 4251 1911 4323; baseline 0.003 -19"><span class='ocrx_word' id='word_1_688' title='bbox 343 4265 505 4318; x_wconf 87' lang='lat' dir='ltr'><strong>super</strong></span> <span class='ocrx_word' id='word_1_689' title='bbox 531 4251 812 4308; x_wconf 90' lang='lat' dir='ltr'><strong>dementes</strong></span> <span class='ocrx_word' id='word_1_690' title='bbox 834 4260 998 4321; x_wconf 89' lang='lat' dir='ltr'><strong>caput</strong></span> <span class='ocrx_word' id='word_1_691' title='bbox 1031 4253 1331 4308; x_wconf 89' lang='lat' dir='ltr'><strong>movebunt</strong></span> <span class='ocrx_word' id='word_1_692' title='bbox 1355 4271 1368 4306; x_wconf 91' lang='lat'>:</span> <span class='ocrx_word' id='word_1_693' title='bbox 1404 4269 1526 4323; x_wconf 74' lang='lat' dir='ltr'><strong>quae</strong></span> <span class='ocrx_word' id='word_1_694' title='bbox 1551 4269 1671 4308; x_wconf 91' lang='lat' dir='ltr'>cum</span> <span class='ocrx_word' id='word_1_695' title='bbox 1700 4256 1911 4310; x_wconf 87' lang='lat' dir='ltr'><strong>accide-</strong></span> 
     </span>
    </p>
   </div>
   <div class='ocr_carea' id='block_1_85' title="bbox 345 4342 1908 4416">
    <p class='ocr_par' dir='ltr' id='par_1_85' title="bbox 345 4342 1908 4416">
     <span class='ocr_line' id='line_1_85' title="bbox 345 4342 1908 4416; baseline 0.006 -25"><span class='ocrx_word' id='word_1_696' title='bbox 345 4342 474 4401; x_wconf 89' lang='lat' dir='ltr'><strong>rint,</strong></span> <span class='ocrx_word' id='word_1_697' title='bbox 504 4342 748 4396; x_wconf 91' lang='lat' dir='ltr'><strong>dicamus</strong></span> <span class='ocrx_word' id='word_1_698' title='bbox 793 4343 903 4397; x_wconf 86' lang='lat' dir='ltr'><strong>Deo</strong></span> <span class='ocrx_word' id='word_1_699' title='bbox 935 4360 948 4397; x_wconf 90' lang='lat'><strong>:</strong></span> <span class='ocrx_word' id='word_1_700' title='bbox 987 4361 1004 4393; x_wconf 81' lang='grc' dir='ltr'>ι</span> <span class='ocrx_word' id='word_1_701' title='bbox 1035 4343 1270 4398; x_wconf 88' lang='lat' dir='ltr'><strong>Posuisti</strong></span> <span class='ocrx_word' id='word_1_702' title='bbox 1307 4359 1405 4399; x_wconf 91' lang='lat' dir='ltr'>nos</span> <span class='ocrx_word' id='word_1_703' title='bbox 1438 4346 1792 4416; x_wconf 89' lang='lat' dir='ltr'><strong>opprobrium</strong></span> <span class='ocrx_word' id='word_1_704' title='bbox 1824 4346 1908 4400; x_wconf 81' lang='lat' dir='ltr'><strong>vi-</strong></span> 
     </span>
    </p>
   </div>
   <div class='ocr_carea' id='block_1_86' title="bbox 343 4432 1906 4506">
    <p class='ocr_par' dir='ltr' id='par_1_86' title="bbox 343 4432 1906 4506">
     <span class='ocr_line' id='line_1_86' title="bbox 343 4432 1906 4506; baseline 0.005 -24"><span class='ocrx_word' id='word_1_705' title='bbox 343 4432 479 4485; x_wconf 86' lang='lat' dir='ltr'><strong>cinis</strong></span> <span class='ocrx_word' id='word_1_706' title='bbox 511 4434 742 4496; x_wconf 90' lang='lat' dir='ltr'><strong>nostris,</strong></span> <span class='ocrx_word' id='word_1_707' title='bbox 783 4435 1267 4488; x_wconf 87' lang='lat' dir='ltr'><strong>subsannationem</strong></span> <span class='ocrx_word' id='word_1_708' title='bbox 1313 4444 1367 4490; x_wconf 91' lang='lat' dir='ltr'>et</span> <span class='ocrx_word' id='word_1_709' title='bbox 1415 4438 1652 4492; x_wconf 89' lang='lat' dir='ltr'><strong>derisum</strong></span> <span class='ocrx_word' id='word_1_710' title='bbox 1694 4438 1780 4493; x_wconf 89' lang='lat' dir='ltr'>his</span> <span class='ocrx_word' id='word_1_711' title='bbox 1814 4437 1906 4506; x_wconf 88' lang='lat' dir='ltr'>qui</span> 
     </span>
    </p>
   </div>
   <div class='ocr_carea' id='block_1_87' title="bbox 342 4521 1905 4582">
    <p class='ocr_par' dir='ltr' id='par_1_87' title="bbox 342 4521 1905 4582">
     <span class='ocr_line' id='line_1_87' title="bbox 342 4521 1905 4582; baseline 0.006 -10"><span class='ocrx_word' id='word_1_712' title='bbox 342 4530 468 4573; x_wconf 87' lang='lat' dir='ltr'><strong>sunt</strong></span> <span class='ocrx_word' id='word_1_713' title='bbox 504 4521 556 4574; x_wconf 93' lang='lat' dir='ltr'>in</span> <span class='ocrx_word' id='word_1_714' title='bbox 593 4523 825 4577; x_wconf 89' lang='lat' dir='ltr'><strong>circuitu</strong></span> <span class='ocrx_word' id='word_1_715' title='bbox 859 4533 1064 4578; x_wconf 90' lang='lat' dir='ltr'><strong>nostro.</strong></span> <span class='ocrx_word' id='word_1_716' title='bbox 1101 4524 1340 4579; x_wconf 83' lang='lat' dir='ltr'><strong>Posuisti</strong></span> <span class='ocrx_word' id='word_1_717' title='bbox 1381 4541 1479 4580; x_wconf 92' lang='lat' dir='ltr'>nos</span> <span class='ocrx_word' id='word_1_718' title='bbox 1507 4527 1558 4580; x_wconf 90' lang='lat' dir='ltr'>in</span> <span class='ocrx_word' id='word_1_719' title='bbox 1590 4527 1905 4582; x_wconf 89' lang='lat' dir='ltr'><strong>similitudi-</strong></span> 
     </span>
    </p>
   </div>
   <div class='ocr_carea' id='block_1_88' title="bbox 343 4611 1904 4684">
    <p class='ocr_par' dir='ltr' id='par_1_88' title="bbox 343 4611 1904 4684">
     <span class='ocr_line' id='line_1_88' title="bbox 343 4611 1904 4684; baseline 0.005 -24"><span class='ocrx_word' id='word_1_720' title='bbox 343 4623 463 4660; x_wconf 88' lang='lat' dir='ltr'>nem</span> <span class='ocrx_word' id='word_1_721' title='bbox 501 4611 794 4677; x_wconf 84' lang='lat' dir='ltr'><strong>gcntibus,</strong></span> <span class='ocrx_word' id='word_1_722' title='bbox 831 4614 1254 4666; x_wconf 84' lang='lat' dir='ltr'><strong>commotionem</strong></span> <span class='ocrx_word' id='word_1_723' title='bbox 1311 4615 1509 4682; x_wconf 89' lang='lat' dir='ltr'><strong>capitis</strong></span> <span class='ocrx_word' id='word_1_724' title='bbox 1567 4616 1617 4667; x_wconf 93' lang='lat' dir='ltr'>in</span> <span class='ocrx_word' id='word_1_725' title='bbox 1671 4617 1904 4684; x_wconf 85' lang='lat' dir='ltr'><strong>populis.</strong></span> 
     </span>
    </p>
   </div>
   <div class='ocr_carea' id='block_1_89' title="bbox 340 4698 1910 4761">
    <p class='ocr_par' dir='ltr' id='par_1_89' title="bbox 340 4698 1910 4761">
     <span class='ocr_line' id='line_1_89' title="bbox 340 4698 1910 4761; baseline 0.006 -11"><span class='ocrx_word' id='word_1_726' title='bbox 340 4698 477 4752; x_wconf 86' lang='lat' dir='ltr'><strong>Tota</strong></span> <span class='ocrx_word' id='word_1_727' title='bbox 502 4700 586 4752; x_wconf 91' lang='lat' dir='ltr'>die</span> <span class='ocrx_word' id='word_1_728' title='bbox 615 4702 934 4755; x_wconf 86' lang='lat' dir='ltr'><strong>verecundia</strong></span> <span class='ocrx_word' id='word_1_729' title='bbox 961 4717 1076 4755; x_wconf 87' lang='lat' dir='ltr'>mea</span> <span class='ocrx_word' id='word_1_730' title='bbox 1109 4716 1297 4757; x_wconf 89' lang='lat' dir='ltr'><strong>contra</strong></span> <span class='ocrx_word' id='word_1_731' title='bbox 1341 4717 1424 4756; x_wconf 86' lang='lat' dir='ltr'>tne</span> <span class='ocrx_word' id='word_1_732' title='bbox 1445 4717 1530 4758; x_wconf 88' lang='lat' dir='ltr'>est</span> <span class='ocrx_word' id='word_1_733' title='bbox 1573 4717 1626 4757; x_wconf 87' lang='lat' dir='ltr'>et</span> <span class='ocrx_word' id='word_1_734' title='bbox 1665 4707 1910 4761; x_wconf 80' lang='lat' dir='ltr'><strong>confusio</strong></span> 
     </span>
    </p>
   </div>
   <div class='ocr_carea' id='block_1_90' title="bbox 339 4788 1914 4860">
    <p class='ocr_par' dir='ltr' id='par_1_90' title="bbox 339 4788 1914 4860">
     <span class='ocr_line' id='line_1_90' title="bbox 339 4788 1914 4860; baseline 0.006 -21"><span class='ocrx_word' id='word_1_735' title='bbox 339 4788 496 4840; x_wconf 88' lang='lat' dir='ltr'><strong>l&#39;aciei</strong></span> <span class='ocrx_word' id='word_1_736' title='bbox 525 4803 658 4842; x_wconf 71' lang='lat' dir='ltr'><strong>mete</strong></span> <span class='ocrx_word' id='word_1_737' title='bbox 683 4792 960 4856; x_wconf 88' lang='lat' dir='ltr'><strong>cooperuit</strong></span> <span class='ocrx_word' id='word_1_738' title='bbox 989 4806 1094 4851; x_wconf 90' lang='lat' dir='ltr'>me,</span> <span class='ocrx_word' id='word_1_739' title='bbox 1119 4808 1146 4844; x_wconf 90' lang='lat' dir='ltr'>a</span> <span class='ocrx_word' id='word_1_740' title='bbox 1176 4807 1307 4845; x_wconf 89' lang='lat' dir='ltr'><strong>voce</strong></span> <span class='ocrx_word' id='word_1_741' title='bbox 1327 4795 1708 4860; x_wconf 80' lang='lat' dir='ltr'><strong>exprobrantis</strong></span> <span class='ocrx_word' id='word_1_742' title='bbox 1735 4804 1789 4848; x_wconf 92' lang='lat' dir='ltr'>et</span> <span class='ocrx_word' id='word_1_743' title='bbox 1816 4798 1914 4850; x_wconf 93' lang='lat' dir='ltr'><strong>ob-</strong></span> 
     </span>
    </p>
   </div>
   <div class='ocr_carea' id='block_1_91' title="bbox 340 4878 1894 4949">
    <p class='ocr_par' dir='ltr' id='par_1_91' title="bbox 340 4878 1894 4949">
     <span class='ocr_line' id='line_1_91' title="bbox 340 4878 1894 4949; baseline 0.006 -20"><span class='ocrx_word' id='word_1_744' title='bbox 340 4878 612 4944; x_wconf 80' lang='lat' dir='ltr'><strong>loqneutis</strong></span> <span class='ocrx_word' id='word_1_745' title='bbox 635 4917 649 4943; x_wconf 91' lang='lat'>,</span> <span class='ocrx_word' id='word_1_746' title='bbox 683 4895 710 4931; x_wconf 87' lang='lat' dir='ltr'>a</span> <span class='ocrx_word' id='word_1_747' title='bbox 750 4880 884 4932; x_wconf 84' lang='lat' dir='ltr'><strong>I‘acie</strong></span> <span class='ocrx_word' id='word_1_748' title='bbox 916 4881 1118 4934; x_wconf 90' lang='lat' dir='ltr'><strong>inimici</strong></span> <span class='ocrx_word' id='word_1_749' title='bbox 1144 4889 1196 4934; x_wconf 90' lang='lat' dir='ltr'>et</span> <span class='ocrx_word' id='word_1_750' title='bbox 1227 4882 1595 4949; x_wconf 84' lang='lat' dir='ltr'><strong>persequentis</strong></span> <span class='ocrx_word' id='word_1_751' title='bbox 1621 4883 1687 4937; x_wconf 68' lang='grc'>⁸⁸.</span> <span class='ocrx_word' id='word_1_752' title='bbox 1724 4904 1743 4936; x_wconf 72' lang='grc' dir='ltr'><strong><em>ι</em></strong></span> <span class='ocrx_word' id='word_1_753' title='bbox 1790 4885 1894 4939; x_wconf 87' lang='lat' dir='ltr'><strong>Sed</strong></span> 
     </span>
    </p>
   </div>
   <div class='ocr_carea' id='block_1_92' title="bbox 338 4969 1902 5042">
    <p class='ocr_par' dir='ltr' id='par_1_92' title="bbox 338 4969 1902 5042">
     <span class='ocr_line' id='line_1_92' title="bbox 338 4969 1902 5042; baseline 0.007 -20"><span class='ocrx_word' id='word_1_754' title='bbox 338 4970 402 5022; x_wconf 86' lang='lat' dir='ltr'>ad</span> <span class='ocrx_word' id='word_1_755' title='bbox 436 4969 551 5022; x_wconf 65' lang='lat' dir='ltr'><strong>haec</strong></span> <span class='ocrx_word' id='word_1_756' title='bbox 584 4971 836 5024; x_wconf 88' lang='lat' dir='ltr'><strong>utendum</strong></span> <span class='ocrx_word' id='word_1_757' title='bbox 868 4981 951 5025; x_wconf 90' lang='lat' dir='ltr'>est</span> <span class='ocrx_word' id='word_1_758' title='bbox 990 4971 1176 5026; x_wconf 88' lang='lat' dir='ltr'><strong>liberis</strong></span> <span class='ocrx_word' id='word_1_759' title='bbox 1212 4973 1316 5027; x_wconf 90' lang='lat' dir='ltr'><strong>illis</strong></span> <span class='ocrx_word' id='word_1_760' title='bbox 1350 4973 1636 5042; x_wconf 70' lang='lat' dir='ltr'><strong>Propheta:</strong></span> <span class='ocrx_word' id='word_1_761' title='bbox 1671 4978 1850 5032; x_wconf 88' lang='lat' dir='ltr'><strong>verbis</strong></span> <span class='ocrx_word' id='word_1_762' title='bbox 1891 5001 1902 5033; x_wconf 91' lang='lat'><strong>:</strong></span> 
     </span>
    </p>
   </div>
   <div class='ocr_carea' id='block_1_93' title="bbox 341 5058 1895 5133">
    <p class='ocr_par' dir='ltr' id='par_1_93' title="bbox 341 5058 1895 5133">
     <span class='ocr_line' id='line_1_93' title="bbox 341 5058 1895 5133; baseline 0.006 -21"><span class='ocrx_word' id='word_1_763' title='bbox 341 5079 359 5112; x_wconf 77' lang='grc' dir='ltr'>ι</span> <span class='ocrx_word' id='word_1_764' title='bbox 386 5058 512 5114; x_wconf 71' lang='lat' dir='ltr'><strong>Haec</strong></span> <span class='ocrx_word' id='word_1_765' title='bbox 547 5062 728 5117; x_wconf 91' lang='lat' dir='ltr'><strong>omnia</strong></span> <span class='ocrx_word' id='word_1_766' title='bbox 759 5075 1021 5120; x_wconf 86' lang='lat' dir='ltr'><strong>venerunt</strong></span> <span class='ocrx_word' id='word_1_767' title='bbox 1053 5079 1218 5133; x_wconf 86' lang='lat' dir='ltr'><strong>super</strong></span> <span class='ocrx_word' id='word_1_768' title='bbox 1248 5079 1349 5122; x_wconf 89' lang='lat' dir='ltr'>nos</span> <span class='ocrx_word' id='word_1_769' title='bbox 1384 5081 1484 5122; x_wconf 89' lang='lat' dir='ltr'>nec</span> <span class='ocrx_word' id='word_1_770' title='bbox 1524 5067 1676 5121; x_wconf 89' lang='lat' dir='ltr'><strong>obliti</strong></span> <span class='ocrx_word' id='word_1_771' title='bbox 1705 5081 1895 5122; x_wconf 89' lang='lat' dir='ltr'><strong>sumus</strong></span> 
     </span>
    </p>
   </div>
   <div class='ocr_carea' id='block_1_94' title="bbox 403 5258 972 5322">
    <p class='ocr_par' dir='ltr' id='par_1_94' title="bbox 403 5258 972 5322">
     <span class='ocr_line' id='line_1_94' title="bbox 403 5258 972 5322; baseline -0.004 -10"><span class='ocrx_word' id='word_1_772' title='bbox 403 5259 614 5312; x_wconf 71' lang='lat' dir='ltr'><strong>“Psal.</strong></span> <span class='ocrx_word' id='word_1_773' title='bbox 677 5275 858 5322; x_wconf 68' lang='grc' dir='ltr'>χοι-ιι,</span> <span class='ocrx_word' id='word_1_774' title='bbox 921 5258 972 5314; x_wconf 88' lang='lat'>9.</span> 
     </span>
    </p>
   </div>
   <div class='ocr_carea' id='block_1_95' title="bbox 335 5328 1360 5397">
    <p class='ocr_par' dir='ltr' id='par_1_95' title="bbox 335 5328 1360 5397">
     <span class='ocr_line' id='line_1_95' title="bbox 335 5328 1360 5397; baseline 0.004 -15"><span class='ocrx_word' id='word_1_775' title='bbox 335 5328 381 5359; x_wconf 80' lang='lat'><strong>“</strong></span> <span class='ocrx_word' id='word_1_776' title='bbox 415 5331 546 5382; x_wconf 88' lang='lat' dir='ltr'><strong>Ibid.</strong></span> <span class='ocrx_word' id='word_1_777' title='bbox 591 5331 674 5385; x_wconf 91' lang='lat' dir='ltr'><strong>I9.</strong></span> <span class='ocrx_word' id='word_1_778' title='bbox 751 5330 794 5361; x_wconf 72' lang='grc'>⁸⁸</span> <span class='ocrx_word' id='word_1_779' title='bbox 822 5330 885 5384; x_wconf 97' lang='lat' dir='ltr'>III</span> <span class='ocrx_word' id='word_1_780' title='bbox 918 5329 1051 5397; x_wconf 68' lang='lat' dir='ltr'><strong>Ilcg.</strong></span> <span class='ocrx_word' id='word_1_781' title='bbox 1083 5345 1236 5393; x_wconf 83' lang='lat' dir='ltr'><strong>xvm,</strong></span> <span class='ocrx_word' id='word_1_782' title='bbox 1272 5332 1360 5386; x_wconf 70' lang='lat'>2|.</span> 
     </span>
    </p>
   </div>
   <div class='ocr_carea' id='block_1_96' title="bbox 334 5506 1898 5630">
    <p class='ocr_par' dir='ltr' id='par_1_96' title="bbox 334 5506 1898 5630">
     <span class='ocr_line' id='line_1_96' title="bbox 334 5506 1898 5630; baseline 0.001 -70"><span class='ocrx_word' id='word_1_783' title='bbox 334 5506 500 5627; x_wconf 57' lang='lat'>6‘9?)</span> <span class='ocrx_word' id='word_1_784' title='bbox 534 5508 856 5630; x_wconf 53' lang='grc' dir='ltr'>’ἷῖττηθεὶα</span> <span class='ocrx_word' id='word_1_785' title='bbox 912 5510 980 5562; x_wconf 79' lang='grc' dir='ltr'>ἑν</span> <span class='ocrx_word' id='word_1_786' title='bbox 1008 5508 1147 5574; x_wconf 80' lang='grc' dir='ltr'>Θεῷ,</span> <span class='ocrx_word' id='word_1_787' title='bbox 1200 5522 1300 5566; x_wconf 90' lang='lat' dir='ltr'><strong>etc.</strong></span> <span class='ocrx_word' id='word_1_788' title='bbox 1335 5509 1497 5580; x_wconf 75' lang='lat' dir='ltr'><strong>Lego,</strong></span> <span class='ocrx_word' id='word_1_789' title='bbox 1529 5510 1757 5582; x_wconf 69' lang='grc' dir='ltr'>ἡττηθῇ,</span> <span class='ocrx_word' id='word_1_790' title='bbox 1793 5510 1898 5561; x_wconf 84' lang='grc' dir='ltr'>ἀπὸ</span> 
     </span>
     <span class='ocr_line' id='line_1_97' title="bbox 380 5590 624 5630; baseline 0.012 -3"><span class='ocrx_word' id='word_1_791' title='bbox 380 5592 489 5630; x_wconf 74' lang='grc' dir='ltr'>εον.</span> <span class='ocrx_word' id='word_1_792' title='bbox 520 5590 547 5630; x_wconf 86' lang='lat' dir='ltr'>e</span> <span class='ocrx_word' id='word_1_793' title='bbox 575 5594 624 5630; x_wconf 93' lang='lat' dir='ltr'>c.</span> 
     </span>
    </p>
   </div>
   <div class='ocr_carea' id='block_1_97' title="bbox 380 5590 624 5640">
    <p class='ocr_par' dir='ltr' id='par_1_97' title="bbox 380 5590 624 5640">
     <span class='ocr_line' id='line_1_98' title="bbox 380 5590 624 5640; baseline 0.016 -13"><span class='ocrx_word' id='word_1_794' title='bbox 380 5592 489 5640; x_wconf 77' lang='grc' dir='ltr'>εου,</span> <span class='ocrx_word' id='word_1_795' title='bbox 520 5590 624 5630; x_wconf 87' lang='lat' dir='ltr'><strong>etc.</strong></span> 
     </span>
    </p>
   </div>
   <div class='ocr_carea' id='block_1_98' title="bbox 2091 3979 3588 4054">
    <p class='ocr_par' dir='ltr' id='par_1_98' title="bbox 2091 3979 3588 4054">
     <span class='ocr_line' id='line_1_99' title="bbox 2091 3979 3588 4054; baseline 0.001 -21"><span class='ocrx_word' id='word_1_796' title='bbox 2091 3979 2254 4044; x_wconf 81' lang='grc' dir='ltr'>Εἰκὸς</span> <span class='ocrx_word' id='word_1_797' title='bbox 2285 3981 2340 4034; x_wconf 82' lang='grc' dir='ltr'>δὲ</span> <span class='ocrx_word' id='word_1_798' title='bbox 2372 3980 2516 4051; x_wconf 72' lang='grc' dir='ltr'>ὑμᾶς</span> <span class='ocrx_word' id='word_1_799' title='bbox 2540 3981 2670 4051; x_wconf 82' lang='grc'>(95),</span> <span class='ocrx_word' id='word_1_800' title='bbox 2707 3983 2800 4037; x_wconf 70' lang='grc' dir='ltr'>καὶ</span> <span class='ocrx_word' id='word_1_801' title='bbox 2829 3982 3359 4054; x_wconf 85' lang='grc' dir='ltr'>μυκτηρισθήσεσθαι</span> <span class='ocrx_word' id='word_1_802' title='bbox 3385 3983 3488 4035; x_wconf 82' lang='grc' dir='ltr'>ὑπό</span> <span class='ocrx_word' id='word_1_803' title='bbox 3509 3999 3588 4035; x_wconf 88' lang='grc' dir='ltr'>τι-</span> 
     </span>
    </p>
   </div>
   <div class='ocr_carea' id='block_1_99' title="bbox 2020 4072 3586 4144">
    <p class='ocr_par' dir='ltr' id='par_1_99' title="bbox 2020 4072 3586 4144">
     <span class='ocr_line' id='line_1_100' title="bbox 2020 4072 3586 4144; baseline -0.001 -19"><span class='ocrx_word' id='word_1_804' title='bbox 2020 4091 2125 4126; x_wconf 89' lang='grc' dir='ltr'>νων</span> <span class='ocrx_word' id='word_1_805' title='bbox 2175 4074 2268 4126; x_wconf 79' lang='grc' dir='ltr'>καὶ</span> <span class='ocrx_word' id='word_1_806' title='bbox 2317 4073 2774 4144; x_wconf 77' lang='grc' dir='ltr'>ὀνειδισθὴσεσθαι</span> <span class='ocrx_word' id='word_1_807' title='bbox 2830 4074 2934 4127; x_wconf 85' lang='grc' dir='ltr'>ὑπὸ</span> <span class='ocrx_word' id='word_1_808' title='bbox 2961 4075 3217 4143; x_wconf 89' lang='grc' dir='ltr'>γειτόνων</span> <span class='ocrx_word' id='word_1_809' title='bbox 3249 4072 3586 4127; x_wconf 77' lang='grc' dir='ltr'>κυκλούντων</span> 
     </span>
    </p>
   </div>
   <div class='ocr_carea' id='block_1_100' title="bbox 2019 4162 3586 4234">
    <p class='ocr_par' dir='ltr' id='par_1_100' title="bbox 2019 4162 3586 4234">
     <span class='ocr_line' id='line_1_101' title="bbox 2019 4162 3586 4234; baseline 0.001 -18"><span class='ocrx_word' id='word_1_810' title='bbox 2019 4164 2162 4232; x_wconf 77' lang='grc' dir='ltr'>ὑμᾶς</span> <span class='ocrx_word' id='word_1_811' title='bbox 2187 4203 2200 4226; x_wconf 94' lang='grc'>,</span> <span class='ocrx_word' id='word_1_812' title='bbox 2239 4163 2330 4215; x_wconf 80' lang='grc' dir='ltr'>καὶ</span> <span class='ocrx_word' id='word_1_813' title='bbox 2383 4163 2480 4234; x_wconf 76' lang='grc' dir='ltr'>τὴν</span> <span class='ocrx_word' id='word_1_814' title='bbox 2512 4163 2750 4234; x_wconf 80' lang='grc' dir='ltr'>κεφαλὴν</span> <span class='ocrx_word' id='word_1_815' title='bbox 2783 4163 2857 4226; x_wconf 85' lang='grc' dir='ltr'>ὡς</span> <span class='ocrx_word' id='word_1_816' title='bbox 2886 4165 2977 4216; x_wconf 74' lang='grc' dir='ltr'>ἐπὶ</span> <span class='ocrx_word' id='word_1_817' title='bbox 3021 4164 3268 4232; x_wconf 85' lang='grc' dir='ltr'>ἀνοήτοις</span> <span class='ocrx_word' id='word_1_818' title='bbox 3301 4162 3586 4217; x_wconf 80' lang='grc' dir='ltr'>κινούντων</span> 
     </span>
    </p>
   </div>
   <div class='ocr_carea' id='block_1_101' title="bbox 2018 4251 3586 4322">
    <p class='ocr_par' dir='ltr' id='par_1_101' title="bbox 2018 4251 3586 4322">
     <span class='ocr_line' id='line_1_102' title="bbox 2018 4251 3586 4322; baseline 0.001 -19"><span class='ocrx_word' id='word_1_819' title='bbox 2018 4254 2180 4322; x_wconf 88' lang='grc' dir='ltr'>ἡμῖν·</span> <span class='ocrx_word' id='word_1_820' title='bbox 2219 4252 2354 4304; x_wconf 82' lang='grc' dir='ltr'>ἀλλὰ</span> <span class='ocrx_word' id='word_1_821' title='bbox 2384 4251 2588 4305; x_wconf 90' lang='grc' dir='ltr'>τούτων</span> <span class='ocrx_word' id='word_1_822' title='bbox 2633 4251 3037 4322; x_wconf 88' lang='grc' dir='ltr'>συμϐαινόντων</span> <span class='ocrx_word' id='word_1_823' title='bbox 3063 4291 3077 4316; x_wconf 88' lang='grc'>,</span> <span class='ocrx_word' id='word_1_824' title='bbox 3130 4254 3292 4322; x_wconf 83' lang='grc' dir='ltr'>ἡμεῖς</span> <span class='ocrx_word' id='word_1_825' title='bbox 3345 4252 3586 4322; x_wconf 88' lang='grc' dir='ltr'>λέγωμεν</span> 
     </span>
    </p>
   </div>
   <div class='ocr_carea' id='block_1_102' title="bbox 2020 4341 3581 4414">
    <p class='ocr_par' dir='ltr' id='par_1_102' title="bbox 2020 4341 3581 4414">
     <span class='ocr_line' id='line_1_103' title="bbox 2020 4341 3581 4414; baseline 0 -20"><span class='ocrx_word' id='word_1_826' title='bbox 2020 4343 2151 4414; x_wconf 85' lang='grc' dir='ltr'>πρὸς</span> <span class='ocrx_word' id='word_1_827' title='bbox 2177 4343 2310 4395; x_wconf 87' lang='grc' dir='ltr'>Θεόν</span> <span class='ocrx_word' id='word_1_828' title='bbox 2335 4361 2346 4371; x_wconf 95' lang='grc'>·</span> <span class='ocrx_word' id='word_1_829' title='bbox 2385 4360 2403 4392; x_wconf 73' lang='grc' dir='ltr'>ι</span> <span class='ocrx_word' id='word_1_830' title='bbox 2431 4342 2592 4394; x_wconf 87' lang='grc' dir='ltr'>Ἔθου</span> <span class='ocrx_word' id='word_1_831' title='bbox 2621 4344 2768 4413; x_wconf 81' lang='grc' dir='ltr'>ἡμᾶς</span> <span class='ocrx_word' id='word_1_832' title='bbox 2791 4341 2994 4406; x_wconf 70' lang='grc' dir='ltr'>ὄνειδος</span> <span class='ocrx_word' id='word_1_833' title='bbox 3021 4346 3132 4405; x_wconf 86' lang='grc' dir='ltr'>τοῖς</span> <span class='ocrx_word' id='word_1_834' title='bbox 3155 4344 3388 4411; x_wconf 87' lang='grc' dir='ltr'>γείτοσιν</span> <span class='ocrx_word' id='word_1_835' title='bbox 3411 4343 3581 4413; x_wconf 86' lang='grc' dir='ltr'>ἡμῶν,</span> 
     </span>
    </p>
   </div>
   <div class='ocr_carea' id='block_1_103' title="bbox 2015 4433 3580 4504">
    <p class='ocr_par' dir='ltr' id='par_1_103' title="bbox 2015 4433 3580 4504">
     <span class='ocr_line' id='line_1_104' title="bbox 2015 4433 3580 4504; baseline -0.001 -18"><span class='ocrx_word' id='word_1_836' title='bbox 2015 4433 2394 4503; x_wconf 86' lang='grc' dir='ltr'>μυκτηρισμὸν</span> <span class='ocrx_word' id='word_1_837' title='bbox 2422 4434 2512 4486; x_wconf 75' lang='grc' dir='ltr'>καὶ</span> <span class='ocrx_word' id='word_1_838' title='bbox 2541 4433 2844 4504; x_wconf 73' lang='grc' dir='ltr'>χλευασμὸν</span> <span class='ocrx_word' id='word_1_839' title='bbox 2867 4437 2978 4496; x_wconf 89' lang='grc' dir='ltr'>τοῖς</span> <span class='ocrx_word' id='word_1_840' title='bbox 3012 4434 3196 4504; x_wconf 83' lang='grc' dir='ltr'>κύκλῳ</span> <span class='ocrx_word' id='word_1_841' title='bbox 3217 4434 3392 4504; x_wconf 89' lang='grc' dir='ltr'>ἡμῶν.</span> <span class='ocrx_word' id='word_1_842' title='bbox 3425 4435 3580 4486; x_wconf 85' lang='grc' dir='ltr'>Ἐθου</span> 
     </span>
    </p>
   </div>
   <div class='ocr_carea' id='block_1_104' title="bbox 2013 4527 3582 4597">
    <p class='ocr_par' dir='ltr' id='par_1_104' title="bbox 2013 4527 3582 4597">
     <span class='ocr_line' id='line_1_105' title="bbox 2013 4527 3582 4597; baseline 0.001 -20"><span class='ocrx_word' id='word_1_843' title='bbox 2013 4527 2162 4594; x_wconf 88' lang='grc' dir='ltr'>ἡμᾶς</span> <span class='ocrx_word' id='word_1_844' title='bbox 2191 4527 2270 4588; x_wconf 81' lang='grc' dir='ltr'>εἰς</span> <span class='ocrx_word' id='word_1_845' title='bbox 2300 4527 2611 4597; x_wconf 79' lang='grc' dir='ltr'>παραϐολὴν</span> <span class='ocrx_word' id='word_1_846' title='bbox 2645 4529 2701 4580; x_wconf 86' lang='grc' dir='ltr'>ἐν</span> <span class='ocrx_word' id='word_1_847' title='bbox 2731 4531 2841 4590; x_wconf 88' lang='grc' dir='ltr'>τοῖς</span> <span class='ocrx_word' id='word_1_848' title='bbox 2870 4527 3077 4589; x_wconf 75' lang='grc' dir='ltr'>ἔθνεσι,</span> <span class='ocrx_word' id='word_1_849' title='bbox 3108 4527 3320 4596; x_wconf 86' lang='grc' dir='ltr'>κίνησιν</span> <span class='ocrx_word' id='word_1_850' title='bbox 3347 4527 3582 4596; x_wconf 78' lang='grc' dir='ltr'>κεφαλῆς</span> 
     </span>
    </p>
   </div>
   <div class='ocr_carea' id='block_1_105' title="bbox 2011 4615 3580 4690">
    <p class='ocr_par' dir='ltr' id='par_1_105' title="bbox 2011 4615 3580 4690">
     <span class='ocr_line' id='line_1_106' title="bbox 2011 4615 3580 4690; baseline 0.001 -24"><span class='ocrx_word' id='word_1_851' title='bbox 2011 4617 2068 4669; x_wconf 88' lang='grc' dir='ltr'>ἐν</span> <span class='ocrx_word' id='word_1_852' title='bbox 2097 4619 2208 4680; x_wconf 89' lang='grc' dir='ltr'>τοῖς</span> <span class='ocrx_word' id='word_1_853' title='bbox 2237 4615 2404 4680; x_wconf 91' lang='grc' dir='ltr'>λαοῖς.</span> <span class='ocrx_word' id='word_1_854' title='bbox 2441 4618 2606 4689; x_wconf 84' lang='grc' dir='ltr'>Ὅλην</span> <span class='ocrx_word' id='word_1_855' title='bbox 2640 4619 2736 4690; x_wconf 86' lang='grc' dir='ltr'>τὴν</span> <span class='ocrx_word' id='word_1_856' title='bbox 2769 4619 2978 4690; x_wconf 87' lang='grc' dir='ltr'>ἡμέραν</span> <span class='ocrx_word' id='word_1_857' title='bbox 3000 4620 3031 4689; x_wconf 86' lang='grc' dir='ltr'>ἡ</span> <span class='ocrx_word' id='word_1_858' title='bbox 3056 4619 3290 4688; x_wconf 72' lang='grc' dir='ltr'>ἐντροπὴ</span> <span class='ocrx_word' id='word_1_859' title='bbox 3327 4636 3425 4688; x_wconf 85' lang='grc' dir='ltr'>μου</span> <span class='ocrx_word' id='word_1_860' title='bbox 3467 4619 3580 4669; x_wconf 83' lang='grc' dir='ltr'>κατ’</span> 
     </span>
    </p>
   </div>
   <div class='ocr_carea' id='block_1_106' title="bbox 2012 4706 3578 4780">
    <p class='ocr_par' dir='ltr' id='par_1_106' title="bbox 2012 4706 3578 4780">
     <span class='ocr_line' id='line_1_107' title="bbox 2012 4706 3578 4780; baseline 0.002 -24"><span class='ocrx_word' id='word_1_861' title='bbox 2012 4706 2254 4761; x_wconf 83' lang='grc' dir='ltr'>ἐναντίον</span> <span class='ocrx_word' id='word_1_862' title='bbox 2286 4726 2384 4777; x_wconf 89' lang='grc' dir='ltr'>μου</span> <span class='ocrx_word' id='word_1_863' title='bbox 2415 4711 2549 4772; x_wconf 76' lang='grc' dir='ltr'>ἐστὶ,</span> <span class='ocrx_word' id='word_1_864' title='bbox 2575 4711 2668 4763; x_wconf 79' lang='grc' dir='ltr'>καὶ</span> <span class='ocrx_word' id='word_1_865' title='bbox 2692 4712 2724 4780; x_wconf 81' lang='grc' dir='ltr'>ἡ</span> <span class='ocrx_word' id='word_1_866' title='bbox 2750 4710 2974 4780; x_wconf 75' lang='grc' dir='ltr'>αἰσχύνη</span> <span class='ocrx_word' id='word_1_867' title='bbox 3003 4709 3096 4762; x_wconf 80' lang='grc' dir='ltr'>τοῦ</span> <span class='ocrx_word' id='word_1_868' title='bbox 3155 4709 3444 4779; x_wconf 80' lang='grc' dir='ltr'>προσώπου</span> <span class='ocrx_word' id='word_1_869' title='bbox 3482 4725 3578 4778; x_wconf 87' lang='grc' dir='ltr'>μου</span> 
     </span>
    </p>
   </div>
   <div class='ocr_carea' id='block_1_107' title="bbox 2013 4794 3578 4870">
    <p class='ocr_par' dir='ltr' id='par_1_107' title="bbox 2013 4794 3578 4870">
     <span class='ocr_line' id='line_1_108' title="bbox 2013 4794 3578 4870; baseline 0.005 -25"><span class='ocrx_word' id='word_1_870' title='bbox 2013 4794 2249 4866; x_wconf 80' lang='grc' dir='ltr'>ἐκάλυψέ</span> <span class='ocrx_word' id='word_1_871' title='bbox 2281 4815 2368 4867; x_wconf 73' lang='grc' dir='ltr'>με,</span> <span class='ocrx_word' id='word_1_872' title='bbox 2398 4799 2506 4851; x_wconf 81' lang='grc' dir='ltr'>ἀπὸ</span> <span class='ocrx_word' id='word_1_873' title='bbox 2529 4801 2710 4870; x_wconf 79' lang='grc' dir='ltr'>φωνῆς</span> <span class='ocrx_word' id='word_1_874' title='bbox 2733 4799 3080 4863; x_wconf 82' lang='grc' dir='ltr'>ὀνειδίζοντος</span> <span class='ocrx_word' id='word_1_875' title='bbox 3101 4801 3193 4853; x_wconf 75' lang='grc' dir='ltr'>καὶ</span> <span class='ocrx_word' id='word_1_876' title='bbox 3220 4800 3578 4853; x_wconf 79' lang='grc' dir='ltr'>καταλαλοῦν-</span> 
     </span>
    </p>
   </div>
   <div class='ocr_carea' id='block_1_108' title="bbox 2001 4888 3579 4962">
    <p class='ocr_par' dir='ltr' id='par_1_108' title="bbox 2001 4888 3579 4962">
     <span class='ocr_line' id='line_1_109' title="bbox 2001 4888 3579 4962; baseline 0.003 -25"><span class='ocrx_word' id='word_1_877' title='bbox 2001 4903 2112 4951; x_wconf 86' lang='grc' dir='ltr'>τος,</span> <span class='ocrx_word' id='word_1_878' title='bbox 2145 4888 2250 4939; x_wconf 85' lang='grc' dir='ltr'>ἀπὸ</span> <span class='ocrx_word' id='word_1_879' title='bbox 2283 4889 2573 4959; x_wconf 83' lang='grc' dir='ltr'>προσώπου</span> <span class='ocrx_word' id='word_1_880' title='bbox 2609 4890 2802 4962; x_wconf 80' lang='grc' dir='ltr'>ἐχθροῦ</span> <span class='ocrx_word' id='word_1_881' title='bbox 2829 4893 2922 4944; x_wconf 77' lang='grc' dir='ltr'>καὶ</span> <span class='ocrx_word' id='word_1_882' title='bbox 2961 4891 3326 4955; x_wconf 81' lang='grc' dir='ltr'>ἐκδιώκοντος.</span> <span class='ocrx_word' id='word_1_883' title='bbox 3355 4911 3372 4943; x_wconf 75' lang='grc' dir='ltr'><strong><em>ι</em></strong></span> <span class='ocrx_word' id='word_1_884' title='bbox 3425 4889 3579 4943; x_wconf 78' lang='grc' dir='ltr'>Ἀλλὰ</span> 
     </span>
    </p>
   </div>
   <div class='ocr_carea' id='block_1_109' title="bbox 2011 4980 3573 5054">
    <p class='ocr_par' dir='ltr' id='par_1_109' title="bbox 2011 4980 3573 5054">
     <span class='ocr_line' id='line_1_110' title="bbox 2011 4980 3573 5054; baseline 0.013 -24"><span class='ocrx_word' id='word_1_885' title='bbox 2011 4980 2149 5050; x_wconf 86' lang='grc' dir='ltr'>πρὸς</span> <span class='ocrx_word' id='word_1_886' title='bbox 2182 4981 2354 5034; x_wconf 78' lang='grc' dir='ltr'>ταῦτα</span> <span class='ocrx_word' id='word_1_887' title='bbox 2385 4982 2464 5036; x_wconf 83' lang='grc' dir='ltr'>δεῖ</span> <span class='ocrx_word' id='word_1_888' title='bbox 2492 4983 2590 5054; x_wconf 79' lang='grc' dir='ltr'>τὴν</span> <span class='ocrx_word' id='word_1_889' title='bbox 2635 4982 2772 5052; x_wconf 76' lang='grc' dir='ltr'>μετὰ</span> <span class='ocrx_word' id='word_1_890' title='bbox 2827 4983 3133 5052; x_wconf 69' lang='grc' dir='ltr'>παρρησίας</span> <span class='ocrx_word' id='word_1_891' title='bbox 3162 4983 3254 5034; x_wconf 77' lang='grc' dir='ltr'>τοῦ</span> <span class='ocrx_word' id='word_1_892' title='bbox 3299 4983 3573 5053; x_wconf 72' lang='grc' dir='ltr'>προφήτου</span> 
     </span>
    </p>
   </div>
   <div class='ocr_carea' id='block_1_110' title="bbox 2009 5070 3574 5144">
    <p class='ocr_par' dir='ltr' id='par_1_110' title="bbox 2009 5070 3574 5144">
     <span class='ocr_line' id='line_1_111' title="bbox 2009 5070 3574 5144; baseline 0.001 -24"><span class='ocrx_word' id='word_1_893' title='bbox 2009 5070 2412 5144; x_wconf 82' lang='grc' dir='ltr'>ἐπιφερομένην</span> <span class='ocrx_word' id='word_1_894' title='bbox 2440 5072 2620 5142; x_wconf 78' lang='grc' dir='ltr'>φωνὴν</span> <span class='ocrx_word' id='word_1_895' title='bbox 2649 5074 2820 5128; x_wconf 87' lang='grc' dir='ltr'>εἰπεῖν</span> <span class='ocrx_word' id='word_1_896' title='bbox 2853 5071 2929 5142; x_wconf 80' lang='grc' dir='ltr'>τῷ</span> <span class='ocrx_word' id='word_1_897' title='bbox 2959 5072 3076 5141; x_wconf 87' lang='grc' dir='ltr'>Θεῷ</span> <span class='ocrx_word' id='word_1_898' title='bbox 3099 5090 3110 5101; x_wconf 83' lang='grc'><strong><em>-</em></strong></span> <span class='ocrx_word' id='word_1_899' title='bbox 3148 5092 3166 5123; x_wconf 78' lang='grc' dir='ltr'>ι</span> <span class='ocrx_word' id='word_1_900' title='bbox 3190 5073 3374 5126; x_wconf 84' lang='grc' dir='ltr'>Ταῦτα</span> <span class='ocrx_word' id='word_1_901' title='bbox 3404 5073 3574 5124; x_wconf 85' lang='grc' dir='ltr'>πάντα</span> 
     </span>
    </p>
   </div>
   <div class='ocr_carea' id='block_1_111' title="bbox 1080 5217 3567 5329">
    <p class='ocr_par' dir='ltr' id='par_1_111' title="bbox 1080 5217 3567 5329">
     <span class='ocr_line' id='line_1_112' title="bbox 1080 5217 3567 5329; baseline 0 -18"><span class='ocrx_word' id='word_1_902' title='bbox 1080 5259 1124 5291; x_wconf 72' lang='grc'>³³</span> <span class='ocrx_word' id='word_1_903' title='bbox 1160 5259 1260 5314; x_wconf 82' lang='lat' dir='ltr'><strong>Isa.</strong></span> <span class='ocrx_word' id='word_1_904' title='bbox 1295 5277 1389 5325; x_wconf 77' lang='grc' dir='ltr'>ιν,</span> <span class='ocrx_word' id='word_1_905' title='bbox 1457 5261 1545 5314; x_wconf 73' lang='lat' dir='ltr'><strong>I2.</strong></span> <span class='ocrx_word' id='word_1_906' title='bbox 1642 5263 1684 5293; x_wconf 71' lang='grc' dir='ltr'>’⁸ο</span> <span class='ocrx_word' id='word_1_907' title='bbox 1737 5260 1841 5316; x_wconf 88' lang='lat' dir='ltr'><strong>lsa.</strong></span> <span class='ocrx_word' id='word_1_908' title='bbox 1902 5279 2010 5326; x_wconf 77' lang='lat' dir='ltr'><strong>xrv,</strong></span> <span class='ocrx_word' id='word_1_909' title='bbox 2070 5263 2121 5329; x_wconf 84' lang='lat'><strong>9,</strong></span> <span class='ocrx_word' id='word_1_910' title='bbox 2177 5266 2264 5318; x_wconf 90' lang='lat' dir='ltr'>IO.</span> <span class='ocrx_word' id='word_1_911' title='bbox 2366 5267 2406 5296; x_wconf 69' lang='grc' dir='ltr'>δι</span> <span class='ocrx_word' id='word_1_912' title='bbox 2439 5263 2572 5320; x_wconf 90' lang='lat' dir='ltr'><strong>Ibid.</strong></span> <span class='ocrx_word' id='word_1_913' title='bbox 2612 5266 2700 5323; x_wconf 84' lang='lat' dir='ltr'><strong>I0.</strong></span> <span class='ocrx_word' id='word_1_914' title='bbox 2801 5217 2847 5298; x_wconf 41' lang='grc' dir='ltr'>ιλ</span> <span class='ocrx_word' id='word_1_915' title='bbox 2879 5265 3011 5320; x_wconf 88' lang='lat' dir='ltr'><strong>Ibid.</strong></span> <span class='ocrx_word' id='word_1_916' title='bbox 3053 5266 3138 5319; x_wconf 85' lang='lat' dir='ltr'>II.</span> <span class='ocrx_word' id='word_1_917' title='bbox 3248 5263 3447 5322; x_wconf 72' lang='lat' dir='ltr'><strong>&quot;Ibid.</strong></span> <span class='ocrx_word' id='word_1_918' title='bbox 3489 5264 3567 5317; x_wconf 76' lang='lat' dir='ltr'><strong>l9..</strong></span> 
     </span>
    </p>
   </div>
   <div class='ocr_carea' id='block_1_112' title="bbox 1441 5331 2218 5396">
    <p class='ocr_par' dir='ltr' id='par_1_112' title="bbox 1441 5331 2218 5396">
     <span class='ocr_line' id='line_1_113' title="bbox 1441 5331 2218 5396; baseline 0.004 -12"><span class='ocrx_word' id='word_1_919' title='bbox 1441 5331 1485 5361; x_wconf 64' lang='grc'>⁸⁸</span> <span class='ocrx_word' id='word_1_920' title='bbox 1525 5332 1667 5386; x_wconf 87' lang='lat' dir='ltr'><strong>I’saI.</strong></span> <span class='ocrx_word' id='word_1_921' title='bbox 1699 5349 1854 5396; x_wconf 79' lang='lat' dir='ltr'><strong>xuii,</strong></span> <span class='ocrx_word' id='word_1_922' title='bbox 1888 5334 1968 5395; x_wconf 72' lang='lat' dir='ltr'><strong>I-I,</strong></span> <span class='ocrx_word' id='word_1_923' title='bbox 2013 5333 2098 5394; x_wconf 76' lang='grc'>15,</span> <span class='ocrx_word' id='word_1_924' title='bbox 2131 5334 2218 5387; x_wconf 81' lang='lat' dir='ltr'><strong>I6.</strong></span> 
     </span>
    </p>
   </div>
   <div class='ocr_carea' id='block_1_113' title="bbox 2040 5511 3555 5594">
    <p class='ocr_par' dir='ltr' id='par_1_113' title="bbox 2040 5511 3555 5594">
     <span class='ocr_line' id='line_1_114' title="bbox 2040 5511 3555 5594; baseline -0.011 -15"><span class='ocrx_word' id='word_1_925' title='bbox 2040 5511 2188 5594; x_wconf 55' lang='lat'>~(-93)</span> <span class='ocrx_word' id='word_1_926' title='bbox 2232 5512 2434 5594; x_wconf 50' lang='lat' dir='ltr'><strong>Tyde.</strong></span> <span class='ocrx_word' id='word_1_927' title='bbox 2485 5513 2611 5590; x_wconf 76' lang='lat' dir='ltr'><strong>Leg.</strong></span> <span class='ocrx_word' id='word_1_928' title='bbox 2646 5517 2827 5594; x_wconf 53' lang='lat' dir='ltr'><strong>ﬁpﬁg,</strong></span> <span class='ocrx_word' id='word_1_929' title='bbox 2863 5516 3048 5585; x_wconf 90' lang='lat' dir='ltr'><strong>sicque</strong></span> <span class='ocrx_word' id='word_1_930' title='bbox 3104 5513 3266 5583; x_wconf 89' lang='lat' dir='ltr'>paqu</span> <span class='ocrx_word' id='word_1_931' title='bbox 3317 5522 3434 5584; x_wconf 90' lang='lat' dir='ltr'><strong>post</strong></span> <span class='ocrx_word' id='word_1_932' title='bbox 3466 5527 3555 5565; x_wconf 72' lang='lat' dir='ltr'><strong>Itu-</strong></span> 
     </span>
    </p>
   </div>
   <div class='ocr_carea' id='block_1_114' title="bbox 2003 5585 2797 5660">
    <p class='ocr_par' dir='ltr' id='par_1_114' title="bbox 2003 5585 2797 5660">
     <span class='ocr_line' id='line_1_115' title="bbox 2003 5585 2797 5660; baseline 0.01 -29"><span class='ocrx_word' id='word_1_933' title='bbox 2003 5585 2270 5660; x_wconf 79' lang='grc' dir='ltr'>κλούντων</span> <span class='ocrx_word' id='word_1_934' title='bbox 2303 5585 2468 5653; x_wconf 79' lang='grc' dir='ltr'>ἡμᾶς,</span> <span class='ocrx_word' id='word_1_935' title='bbox 2505 5585 2608 5637; x_wconf 79' lang='lat' dir='ltr'><strong>utin</strong></span> <span class='ocrx_word' id='word_1_936' title='bbox 2637 5585 2797 5654; x_wconf 81' lang='grc' dir='ltr'>ὑμᾶς.</span> 
     </span>
    </p>
   </div>
  </div>
