3974 6160
382 256 510 315 539

1492 270 1942 330 EXHORTATIO
1980 274 2072 328 AD
2108 276 2549 337 MARTYRlUM.

3552 301 3656 356 590

379 373 561 446 ἦλθεν
600 376 684 446 ἐφ’
708 379 874 448 ἡμᾶς,
908 379 1002 432 καὶ
1033 380 1133 433 οὐκ
1159 381 1534 454 ἐπελαϐόμεθα
1591 405 1706 453 σου,
1736 389 1832 442 καὶ
1877 391 1948 442 οὑ;

2083 401 2156 458 te,
2187 405 2237 449 et
2265 397 2431 468 287
2484 401 2668 470 inique
2705 417 2808 457 non
2836 405 3046 474 egimus
3075 408 3128 464 in
3179 418 3503 472 testamento
3539 430 3650 486 tuo,

377 467 734 538 ἠδικήσαμεν
766 471 822 522 ἐν
855 469 1089 543 διαθήκῃ
1137 489 1258 538 σου,
1296 475 1389 527 καὶ
1417 477 1516 529 οὐκ
1565 478 1771 550 ἀπέστη
1803 484 1881 544 είς
1909 483 1976 536 τά

379 558 573 610 ὀπίσω
603 559 635 628 ἡ
664 560 859 629 καρδία
894 561 1071 631 ήμῶν.
1111 582 1130 613 ι

464 649 928 719 Μνημονεύωμεν,
947 653 1046 715 ὅτι,
1069 655 1125 705 ἐν
1149 653 1225 722 τῷ
1256 653 1354 724 βίῳ
1378 656 1550 726 τούτῳ
1594 662 1970 728 τυγχάνοντες,

376 740 490 791 καὶ
519 740 765 804 νοοῦντες
803 743 900 806 τὰς
942 743 1044 808 ἔξω
1063 743 1156 797 τοῦ
1181 745 1294 814 βίου
1309 746 1479 811 ὁδοὺς,
1509 748 1587 819 τῷ
1620 751 1739 821 Θεῷ
1765 769 1968 823 φαμεν,

373 829 470 882 ὅτι
489 850 506 881 ι
556 829 872 898 Ἐξέκλινας
899 835 997 897 τὰς
1022 837 1241 907 τρίϐους
1260 839 1416 908 ἡμῶν
1438 841 1543 892 ἀπὸ
1557 842 1656 911 τῆς
1680 843 1796 896 όδοῦ
1821 862 1930 898 σου.
1947 865 1966 897 3

391 921 934 996 Ἀναμιμνήσκεσθαι
965 928 1063 992 δεῖ,
1093 930 1173 981 ὃτι
1203 931 1363 995 τόπος
1391 933 1686 997 κακώσεως
1725 937 1840 989 ἐστι
1872 939 1970 1008 τῆς

371 1014 571 1085 ψυχῆς
592 1015 652 1068 τὸ
683 1018 879 1088 χωρίον
899 1017 1076 1083 τοῦτο,
1113 1022 1170 1072 ὲν
1196 1014 1240 1088 ᾧ
1271 1023 1734 1094 τεταπεινώμεθα,
1777 1027 1841 1079 ἵν’
1881 1029 1970 1080 εὑ-

370 1105 607 1176 χὸμενοι
641 1107 908 1178 λέγωμεν,
942 1110 1024 1162 ὅτι
1061 1131 1078 1161 ι
1125 1113 1524 1176 Ἐταπείνωσας
1561 1117 1710 1185 ἡμᾶς
1742 1120 1799 1171 ἐν
1819 1118 1969 1190 τόπῳ

369 1196 706 1264 κακώσεως,
753 1202 844 1253 καὶ
883 1204 1225 1274 ἐπεκάλυψεν
1276 1208 1423 1277 ἡμᾶς
1462 1208 1589 1262 σκιά
1650 1209 1902 1264 Θανάτου.
1943 1232 1961 1264 ι

367 1289 728 1362 Θαρροῦντες
769 1293 827 1345 δὲ
874 1295 1122 1365 λέγωμεν
1164 1297 1259 1348 καὶ
1312 1298 1392 1350 τόο
1432 1318 1449 1349 ι
1487 1301 1549 1352 Ei
1594 1301 1968 1373 ἐπελαϐόμεθα

364 1381 482 1433 τοῦ
529 1383 790 1453 ὀνόματος
835 1386 927 1439 τοῦ
974 1388 1108 1441 Θεοῦ
1145 1388 1320 1460 ἡμῶν,
1355 1391 1450 1443 καὶ
1495 1393 1541 1445 εί
1570 1392 1965 1466 διεπετάσαμεν

366 1474 574 1541 χεῖρας
607 1472 763 1542 ήμῶν
797 1474 933 1545 πρὸς
973 1475 1092 1530 θεὸν
1122 1477 1417 1549 ἀλλότριον,
1445 1481 1566 1552 οὐχὶ
1592 1484 1620 1534 ό
1641 1482 1772 1547 Θεὸς
1802 1486 1964 1556 ἐκζη-

364 1562 546 1631 τήσει
586 1563 796 1629 ταῦτα;
838 1585 856 1616 ι

452 1653 546 1722 Μὴ
585 1653 644 1706 τὸ
677 1657 736 1708 ἐν
775 1657 994 1728 φανερῷ
1025 1659 1081 1711 δὲ
1129 1661 1286 1732 μόνον
1331 1660 1439 1732 (94)
1479 1663 1793 1734 μαρτύριον,
1827 1661 1960 1720 ἀλλὰ

2079 494 2134 538 et
2163 502 2266 540 non
2296 492 2524 546 recessit
2558 501 2704 548 retro
2730 509 2826 550 cor
2855 508 3098 554 nostrum
3126 499 3217 557 “‘.
3249 521 3268 554 ι

2148 663 2236 717 20.
2265 665 2672 725 Meminerimus
2719 688 2815 729 nos
2847 676 2899 730 in
2947 678 3048 733 hac
3093 680 3205 736 vita
3237 687 3559 744 constitutos
3595 701 3649 748 et

2074 753 2376 821 Cogitantes
2398 757 2513 812 vias
2543 773 2660 827 quae
2698 772 2850 817 extra
2885 768 3053 822 vitam
3082 780 3226 838 sunt,
3259 775 3443 832 dicere
3495 779 3642 835 Deo:

2091 859 2109 892 ι
2153 842 2446 901 Declinasti
2491 854 2713 907 semitas
2744 864 2962 912 nostras
2999 876 3028 912 a
3061 863 3144 916 via
3174 871 3262 918 tua
3296 865 3361 920 ‘7.
3402 887 3421 920 ι
3459 869 3649 926 Memi-

2007 983 2018 994 ,
2075 931 2223 988 uisse
2262 946 2479 1003 Oportet
2514 940 2690 996 locum
2731 945 3038 1005 alﬂictionis
3086 954 3280 1010 animae
3305 972 3426 1014 esse
3464 961 3645 1020 locum

2071 1021 2234 1078 istum
2263 1027 2316 1080 in
2347 1044 2456 1098 quo
2493 1033 2766 1090 humiliati
2816 1055 3022 1106 sumus,
3062 1054 3120 1098 ut
3162 1047 3215 1100 in
3249 1053 3508 1117 precibus
3545 1072 3647 1112 no-

2070 1116 2198 1169 stris
2223 1118 2469 1177 dicamus
2498 1139 2512 1175 :
2547 1141 2566 1174 ι
2603 1123 2910 1184 Humiliasli
2940 1147 3041 1185 nos
3073 1135 3126 1188 in
3167 1116 3286 1193 loco
3316 1142 3643 1215 aﬂlictionis,

2072 1213 2126 1257 et
2155 1211 2433 1276 cooperuit
2462 1227 2560 1267 nos
2590 1217 2838 1271 umbram
2859 1221 2999 1273 ortis
3029 1221 3096 1274 ‘3.
3125 1243 3144 1276 ι
3171 1225 3523 1290 Conlidenter
3544 1211 3643 1291 au;

2074 1302 2182 1349 tem
2210 1306 2263 1352 et
2290 1299 2419 1354 illud
2447 1303 2726 1360 dicamus:
2759 1325 2777 1358 ι
2826 1308 2883 1363 Si
2917 1311 3069 1367 obliti
3103 1329 3292 1374 sumus
3319 1337 3516 1379 nomen
3547 1327 3645 1384 Dei

2077 1387 2277 1452 nostri,
2313 1397 2368 1443 et
2405 1390 2450 1444 si
2497 1395 2855 1462 expandimus
2898 1415 3090 1458 manus
3119 1419 3333 1467 nostras
3367 1414 3433 1470 ad
3481 1415 3641 1474 deum

2067 1473 2326 1544 alienum,
2361 1495 2542 1538 nonne
2573 1485 2714 1542 Deus
2739 1491 2984 1560 requiret
3011 1494 3114 1551 ista
3142 1497 3223 1554 κει
3244 1515 3263 1547 ι

2133 1653 2223 1709 21.
2255 1656 2370 1711 Νοη
2398 1670 2642 1729 apertum
2674 1668 2834 1721 modo
2861 1675 3209 1745 martyrium,
3249 1681 3344 1735 sed
3375 1691 3432 1738 et
3459 1688 3642 1744 occul-

366 1742 478 1795 καὶ⁵
506 1742 565 1795 τὸ
605 1745 662 1796 ἐν
696 1747 922 1817 κρυπτῷ
963 1748 1185 1813 τελείως
1229 1751 1516 1805 ἀναλαϐεῖν
1543 1755 1948 1826 ἀγωνισώμεθα,

2432 1725 2446 1729 -
3004 1725 3025 1744 δ
3044 1725 3209 1745 -ν---νν
3249 1725 3344 1735 *⁷*
3376 1725 3432 1738 ν’
3459 1725 3641 1744 ννυυν

2067 1752 2176 1800 tum
2207 1747 2445 1814 perfecte
2465 1755 2746 1824 suscipere
2769 1764 3184 1835 contendamus,
3217 1778 3272 1824 ut
3305 1781 3360 1826 et
3384 1773 3484 1843 ipsi
3510 1792 3641 1848 apo-

368 1833 472 1886 τνα
501 1835 596 1887 καὶ
624 1837 778 1888 αὑτοὶ
801 1839 1170 1904 ἁποστολικῶς
1196 1841 1573 1914 φθεγξώμεθαο
1605 1866 1623 1897 ι
1657 1848 1824 1900 Τοῦτο
1854 1850 1961 1921 γάρ

370 1925 502 1978 ἐστι
548 1927 609 1979 τὸ
654 1927 914 2000 καύχημα
945 1930 1103 2002 ἡμῶν
1133 1933 1194 1986 τὸ
1243 1935 1539 2006 μαρτύριον
1566 1938 1666 2007 τῆς
1721 1941 1962 2012 συνειδή-

370 2035 542 2083 σεως,
580 2021 660 2072 ὅτι
683 2023 740 2074 ὲν
769 2023 1014 2095 ἁγιότητι
1061 2027 1156 2080 καὶ
1185 2027 1505 2100 εἰλικρινείᾳ
1533 2030 1665 2083 Θεοῦ
1695 2031 1959 2104 ἀνεστρά-

371 2127 457 2180 φη
468 2127 564 2180 μεν
586 2112 642 2163 ὲν
673 2112 749 2182 τῷ
770 2113 978 2186 κόσμῳ.
1007 2135 1025 2166 ι
1053 2117 1420 2190 Συνάπτωμεν
1445 2120 1502 2173 δὲ
1525 2121 1605 2192 τῷ
1623 2123 1961 2196 ἀποστολικῷ

367 2200 439 2253 τὸ
471 2204 800 2272 προφητικὸν
833 2205 912 2258 τό·
949 2225 967 2257 ι
991 2207 1160 2271 Αὐτὸς
1181 2209 1235 2260 δὲ
1257 2210 1512 2278 γινώσκει
1538 2214 1605 2266 τὰ
1631 2213 1836 2286 κρύφια
1860 2216 1960 2286 τῆς

368 2295 601 2365 καρδίας
626 2313 639 2326 ’
671 2315 689 2348 ι
725 2299 816 2350 καὶ
847 2299 1078 2369 μάλιστα
1123 2300 1218 2354 ἐὰν
1245 2303 1343 2371 τὴν
1365 2305 1456 2356 ἐπὶ
1486 2304 1697 2376 θανάτῳ
1732 2308 1960 2376 ἀπαγώ-

373 2385 538 2456 μεθα,
561 2388 650 2439 ὅτε
685 2390 928 2458 φήσομεν
961 2391 1020 2442 τὸ
1055 2392 1159 2443 ὑπὸ
1196 2393 1369 2461 μόνων
1403 2395 1691 2466 μαρτύρων
1730 2397 1958 2468 λεγόμε-

367 2494 464 2530 νον
496 2478 573 2548 τῷ
608 2478 726 2547 Θεῷ
747 2496 760 2508 ·
788 2499 804 2527 ι
838 2481 957 2532 Ὅτι
985 2480 1144 2534 ἕνεκά
1176 2499 1267 2534 σου
1297 2483 1678 2554 θανατούμεθα
1705 2487 1831 2559 ὅλην
1861 2490 1957 2560 τὴν

369 2568 611 2638 ἡμέραν,
638 2569 992 2638 ἐλογίσθημεν
1031 2572 1106 2632 ὡς
1137 2573 1380 2642 πρόϐατα
1415 2575 1649 2644 σφαγῆς,
1686 2596 1703 2626 ι
1750 2578 1872 2630 Ἐἀν
1900 2579 1959 2630 δέ

372 2673 508 2708 ποτε
541 2657 648 2709 ἀπὺ
677 2656 769 2709 τοῦ
816 2659 1162 2728 φρονήματος
1204 2661 1302 2730 τῆς
1351 2662 1551 2733 σαρκὸς
1591 2664 1958 2736 ὑποϐάλληται

375 2748 508 2816 ἡμῖν
534 2749 696 2816 φόϐος
719 2749 823 2803 τῶν
861 2751 1226 2805 ἀπειλούντων
1254 2755 1384 2823 ἡμῖν
1410 2754 1638 2809 θάνατον
1668 2757 1954 2827 δικαστῶν,

370 2837 495 2890 τότε
509 2839 749 2910 εἴπωμεν
761 2842 943 2904 αὐτοῖς
962 2840 1095 2912 (94⁸)
1117 2842 1176 2894 τὸ
1196 2843 1304 2896 ἀπὸ
1317 2844 1422 2898 τῶν
1435 2847 1769 2917 Παροιμιῶν·
1795 2869 1812 2900 ι
1838 2850 1954 2916 re,

368 2927 507 2998 τίμα
533 2929 625 2982 τὸν
646 2930 869 3002 Κύριον,
900 2931 991 2984 καὶ
1025 2933 1282 3002 ἰσχύσεις·
1317 2935 1454 3007 πλὴν
1482 2937 1537 2989 δὲ
1562 2937 1726 2991 αὐτοῦ
1754 2940 1829 3011 μὴ
1857 2957 1954 3009 φο-

369 3019 468 3074 ϐοῦ
498 3022 679 3078 ἄλλον.
693 3043 712 3076 ι

2067 1835 2260 1892 stolico
2317 1855 2468 1896 more
2517 1844 2764 1918 dicamus
2797 1867 2811 1902 :
2845 1869 2864 1903 ι
2907 1853 3036 1910 Nam
3075 1857 3247 1925 gloria
3303 1873 3489 1934 nostra
3521 1835 3639 1925 haec

2064 1935 2152 1979 est
2182 1930 2551 1986 testimonium
2587 1940 2956 2010 conscientia,
3010 1949 3154 2016 quod
3181 1950 3236 2004 in
3267 1930 3561 2013 sanctitate
3584 1971 3640 2014 et

2064 2014 2378 2074 sinceritate
2409 2021 2500 2074 Dei
2525 2032 2834 2085 conversati
2867 2014 3055 2090 sumus
3089 2038 3144 2093 in
3175 2040 3278 2097 hoc
3309 2049 3511 2102 mundo
3531 2050 3630 2103 ".r

2061 2104 2391 2174 Apostolicis
2415 2122 2594 2168 autem
2627 2119 2812 2175 verbis
2839 2123 3156 2194 prophetica
3203 2131 3293 2187 illa
3343 2150 3637 2196 connecta-

2062 2213 2217 2256 mns:
2246 2220 2262 2253 ι
2283 2201 2402 2272 Ipse
2429 2208 2578 2264 novit
2607 2211 2918 2271 abscondita
2949 2223 3130 2279 cordis
3152 2225 3234 2292 lu;
3265 2248 3284 2281 ι
3318 2240 3365 2284 et
3402 2236 3638 2292 maxime

2061 2306 2184 2345 cum
2211 2295 2274 2347 ad
2309 2309 2540 2352 mortem
2596 2303 2880 2372 ducemur,
2921 2315 3141 2380 quando
3175 2318 3420 2378 dicemus
3454 2341 3574 2394 qua:
3603 2344 3636 2383 a

2061 2381 2192 2436 solis
2219 2389 2552 2458 martyribus
2575 2391 2686 2449 Deo
2716 2397 2972 2455 dicuntur
2998 2418 3012 2455 :
3051 2422 3070 2456 ι
3106 2405 3372 2471 Quoniam
3407 2381 3634 2484 propter

2063 2476 2115 2523 te
2141 2474 2536 2532 mortiﬁcamur
2569 2488 2683 2536 tota
2707 2485 2818 2552 die,
2835 2489 3090 2546 aestimati
3117 2508 3304 2550 sumus
3334 2474 3479 2555 sic-ut
3507 2474 3636 2559 oves

2059 2565 2349 2621 occisionis
2370 2568 2472 2624 δ’.»
2500 2572 2656 2638 Quod
2687 2576 2732 2631 si
2757 2578 2913 2634 nobis
2939 2597 3174 2652 unquatn
3198 2590 3484 2656 prudentia
3514 2609 3635 2651 car-

2060 2655 2148 2708 nis
2204 2656 2412 2724 injiciat
2454 2674 2658 2720 metum
2712 2670 3033 2728 minantium
3079 2655 3310 2735 mortem
3359 2683 3631 2756 judicum,

2063 2751 2188 2799 tunc
2241 2746 2371 2802 illud
2426 2766 2457 2806 e
2491 2753 2807 2812 Proverbiis
2844 2760 3094 2819 dicamus
3130 2783 3145 2819 :
3183 2785 3202 2819 ι
3238 2746 3377 2836 ἰδίη,⁷
3417 2746 3629 2829 honora

2061 2835 2374 2906 Dominum,
2408 2851 2463 2897 et
2502 2845 2747 2916 valebis;
2777 2864 2979 2922 praeter
3005 2870 3127 2912 eum
3153 2873 3302 2930 vero,
3329 2878 3398 2920 ne
3437 2865 3630 2924 timeas

2058 2925 2219 2982 alium
2252 2930 2316 2986 ⁵³.
2354 2951 2379 2987 ι

439 3067 564 3168 keil.
579 3067 736 3169 τοῦτο
765 3117 822 3171 δὲ
857 3119 994 3190 πρὸς
1023 3118 1094 3173 τὰ
1126 3121 1464 3192 προκείμενα
1491 3123 1611 3178 ἐστι
1654 3125 1942 3198 χρήσιμον.

2120 3105 2210 3161 ἤ.
2240 3105 2308 3160 Ει
2331 3108 2462 3166 illud
2488 3117 2772 3183 proposito
2800 3118 2931 3174 utile
2951 3129 3054 3178 est.
3083 3122 3176 3180 Ait
3207 3127 3260 3181 in
3295 3128 3626 3191 Ecclesiaste

371 3206 542 3276 Φησὶν
585 3210 643 3260 ὲν
685 3209 762 3279 τῷ
811 3211 1206 3282 Ἐκκλησιαστῇ
1258 3214 1538 3284 Σολομῶν·
1599 3235 1617 3266 ι
1679 3217 1944 3287 Ἐπῄνεσα

363 3296 478 3364 ὲγὼ
517 3300 725 3362 πάντας
759 3303 882 3365 τοὺς
907 3303 1234 3374 τεθνηκότας
1258 3307 1398 3376 ὑπὲρ
1433 3308 1558 3370 τοὺς
1578 3308 1806 3373 ζῶντας,
1829 3312 1942 3364 ὅσοι

361 3390 520 3443 αὑτοὶ
543 3392 706 3455 ζῶσιν
739 3393 842 3458 ἕως
875 3394 968 3447 τοῦ
1001 3395 1114 3448 νῦν.
1151 3415 1170 3448 ι
1203 3398 1297 3461 Τίς
1338 3399 1381 3450 δ’
1411 3399 1478 3451 ἂν
1510 3399 1680 3464 οὕτως
1708 3402 1942 3470 εὐλόγως

359 3479 637 3532 ἐπαινοῖτο
666 3481 962 3552 τεθνηκὼς,
992 3483 1068 3547 ὡς
1097 3485 1124 3535 ὁ
1152 3485 1216 3536 αὑ
1233 3487 1634 3557 τοπροαιρέτως
1660 3491 1750 3542 τὸν
1778 3490 1940 3544 θάνα-

358 3585 456 3622 τον
483 3570 621 3641 ὑπὲρ
649 3573 927 3636 εὐσεϐείας
955 3574 1380 3646 ἀναδεξάμενος;
1423 3578 1631 3643 Ὀποῖος
1653 3575 1719 3650 ἦν
1759 3582 1940 3636 Ἐλεά-

358 3659 561 3731 ζαρος,
618 3679 635 3711 ι
674 3663 764 3714 τὸν
811 3664 924 3733 μετ’
960 3665 1209 3730 εὐκλείας
1257 3667 1482 3721 θάνατον
1530 3668 1724 3739 μᾶλλον
1767 3671 1799 3741 ἢ
1849 3671 1940 3726 τὸν

361 3751 507 3822 μετὰ
536 3752 737 3822 μύσους
765 3754 879 3823 βίον
905 3755 1318 3829 ἀναδεξάμενος,
1351 3759 1443 3812 καὶ
1466 3760 1941 3832 αὑτοπροαιρέτως

357 3844 457 3896 ἐπὶ
489 3844 548 3896 τὸ
564 3843 842 3915 τύμπανον
867 3849 1142 3917 προάγων·
1167 3869 1186 3902 ι
1212 3851 1378 3915 ὅστις,
1403 3871 1421 3904 ‹
1445 3853 1699 3923 λογισμὸν
1728 3854 1938 3907 ἀστεῖον

356 3934 666 4008 ἀναλαϐὼν,
703 3936 847 4000 ἀξιον
878 3940 976 4008 τῆς
1001 3941 1510 4011 ὲννενηκονταετοῦς
1533 3945 1696 3998 αὑτοῦ
1725 3946 1939 4016 ἡλικίας

357 4025 457 4079 καὶ
478 4027 576 4097 τῆς
597 4027 690 4081 τοῦ
714 4031 900 4100 γήρως
924 4031 1216 4101 ὑπεροχῆς,
1250 4033 1343 4085 καὶ
1373 4033 1473 4102 τῆς
1513 4035 1812 4104 ἐπιφανοῦς
1840 4053 1936 4088 πο-

355 4115 499 4180 λιᾶς,
524 4118 618 4170 καὶ
643 4120 741 4189 τῆς
767 4121 832 4172 ἐκ
857 4119 1044 4183 παιδὸς
1066 4122 1354 4194 καλλίστης
1380 4126 1708 4196 ἀνατροφῆς,
1737 4127 1935 4196 μᾶλλον

354 4209 414 4262 δὲ
458 4210 557 4280 τῆς
591 4210 750 4279 ἁγίας
784 4213 876 4264 καὶ
906 4210 1213 4264 θεοκτίστου
1249 4214 1589 4284 νομοθεσίας,
1624 4212 1796 4281 εἶπεν,
1827 4219 1930 4271 ὅτι·

359 4299 475 4351 Οὑκ
509 4299 623 4352 ἔστι
657 4301 754 4370 τῆς
785 4301 1060 4370 ὴμέτερας
1095 4301 1313 4372 ἡλικίας
1361 4305 1510 4370 ἄξιον
1553 4307 1932 4378 ὑποκριθῆναι,

2047 3196 2600 3260 Salomonchaudavi
2623 3222 2723 3278 ego
2741 3212 2912 3281 magis
2934 3225 3163 3272 cunctos
3185 3229 3429 3280 mortuos
3459 3242 3625 3295 quam

2046 3290 2286 3347 viventes
2320 3296 2629 3366 quicunque
2671 3301 2864 3356 vivunt
2894 3319 3063 3374 usque
3115 3323 3258 3366 nunc
3295 3312 3361 3366 “.
3393 3332 3412 3366 ι
3449 3317 3624 3383 Quem

2045 3389 2222 3434 autem
2255 3385 2462 3452 aequius
2493 3397 2577 3441 est
2601 3400 2872 3445 mortuum
2910 3393 3115 3451 laudari
3144 3413 3305 3467 quam
3337 3405 3430 3472 qui
3475 3423 3624 3463 mor-

2046 3476 2152 3523 tem
2192 3483 2388 3540 sponte
2415 3490 2480 3529 ac
2510 3476 2683 3534 libere
2705 3496 2806 3549 pro
2846 3486 3110 3555 religione
3135 3494 3403 3560 oppetiit?
3433 3499 3621 3566 Qualis

2042 3560 2146 3615 fuit
2172 3562 2469 3622 Eleazarus
2491 3569 2610 3636 qui,
2639 3589 2658 3621 ι
2695 3573 3145 3642 gloriosissimam
3174 3595 3402 3640 mortem
3442 3592 3621 3661 magis

2041 3666 2201 3720 quam
2228 3656 2486 3712 odibilem
2523 3661 2685 3715 vitam
2727 3667 3120 3735 complectens,
3152 3674 3458 3734 voluntarie
3481 3656 3621 3749 pra:-

2043 3745 2156 3798 ibat
2174 3747 2239 3801 ad
2260 3750 2600 3819 supplicium,
2625 3771 2645 3805 ι
2663 3757 2864 3825 quique
2883 3778 2901 3810 ι
2923 3770 3200 3820 strenuam
3219 3745 3504 3828 assumens
3527 3790 3616 3829 ra-

2043 3835 2468 3906 tiocinationem,
2489 3841 2702 3912 dignam
2722 3857 2879 3904 relate
2895 3865 2990 3905 sua
3008 3859 3372 3924 nonagenaria
3389 3872 3441 3916 et
3459 3879 3618 3921 sene-

2040 3930 2202 3983 ctutis
2227 3945 2337 3985 suae
2355 3935 2673 4003 eminentia,
2705 3939 3009 4012 illustrique
3038 3948 3260 4014 canitie,
3292 3964 3454 4024 atque
3476 3960 3616 4027 opti—

2039 4034 2124 4073 ma
2157 4035 2184 4072 a
2212 4025 2443 4090 pueritia
2477 4029 2832 4099 educatione,
2858 4036 3093 4092 maxime
3119 4055 3250 4096 vero
3275 4039 3460 4101 sancta
3495 4025 3550 4104 et
3576 4067 3608 4105 a

2038 4110 2148 4166 Deo
2180 4116 2396 4170 condita
2433 4119 2571 4190 lege,
2609 4124 2746 4178 dixit
2777 4141 2791 4178 :
2825 4125 2944 4180 Non
2986 4138 3069 4183 est
3094 4139 3250 4189 aetate
3283 4136 3384 4191 hac
3421 4152 3610 4197 nostra

2039 4203 2257 4274 dignum
2313 4207 2520 4279 lingere
2549 4217 2793 4271 utmulti
2839 4219 3217 4278 adolescentes
3266 4227 3604 4287 arbitrantes

2038 4293 2356 4350 Eleazarum
2390 4303 2689 4367 nonaginta
2729 4320 2993 4361 annorum
3040 4313 3303 4368 transisse
3333 4317 3400 4372 ad
3440 4321 3606 4377 vitam

357 4391 446 4443 ἵνα
476 4391 660 4445 πολλοὶ⁸
680 4393 786 4446 τῶν
817 4394 970 4460 νέων,
1005 4392 1475 4463 ὑπολαμϐάνοντες
1509 4398 1828 4470 Ἐλεάζαρον
1846 4399 1936 4453 τὸν

2054 4385 2495 4454 alienigenarum,
2529 4401 2583 4445 et
2612 4393 2712 4461 ipsi
2744 4406 2963 4463 propter
2986 4415 3182 4466 meam,
3205 4404 3608 4466 simulationem

354 4484 806 4556 ὲννενηκονταετῆ
845 4486 1272 4558 μεταϐεϐηκέναι
1294 4490 1372 4552 είς
1397 4489 1807 4560 ἀλλοφυλισμὸν,
1840 4490 1934 4544 καὶ

353 4575 508 4628 αὐτοὶ
536 4575 621 4628 διὰ
648 4575 745 4647 τὴν
771 4577 908 4648 ἐμὴν
933 4579 1238 4650 ὑπόκρισιν,
1276 4582 1369 4634 καὶ
1398 4579 1486 4634 διὰ
1523 4581 1582 4633 τὸ
1615 4581 1808 4651 μικρὸν
1840 4583 1932 4635 καὶ

355 4664 638 4736 ἀκαριαῖον
665 4665 797 4736 ζῇν,
834 4668 1146 4740 πλανηθῶσι
1176 4669 1243 4722 δι’
1277 4671 1397 4740 ἐμὲ,
1446 4671 1539 4724 καὶ
1583 4671 1786 4742 μῦσος,
1835 4672 1929 4724 καὶ

354 4755 545 4825 κηλίδα
578 4756 670 4810 τοῦ
705 4758 892 4828 γήρως
913 4761 1344 4831 κατακτήσομαιο
1386 4761 1434 4812 εί
1459 4758 1568 4830 γὰρ
1595 4761 1685 4813 καὶ
1707 4760 1799 4813 ἐπὶ
1828 4758 1923 4813 τοῦ

354 4846 616 4914 παρόντος
645 4846 866 4916 ἐκφύγω
898 4849 998 4919 τὴν
1026 4850 1085 4914 ἐξ
1118 4850 1421 4920 ἀνθρώπων
1469 4851 1758 4924 τιμωρίαν,
1790 4852 1925 4906 ἀλλά

353 4937 450 5002 τὰς
481 4938 572 4992 τοῦ
596 4940 1036 5012 Παντοκράτορος
1062 4945 1250 5014 χεῖρας
1278 4942 1402 4995 οὔτε
1442 4941 1568 5006 ζῶν,
1603 4941 1724 4996 οὔτε
1753 4944 1926 4999 θανὼν

351 5027 637 5096 φεύξομαι.
666 5028 880 5099 Διόπερ,
911 5029 1166 5100 ἀνδρείως
1191 5028 1284 5082 νῦν
1306 5031 1641 5100 μεταλλάξας
1673 5031 1762 5084 τὸν
1788 5031 1923 5101 βίον,
1967 5077 1972 5084 .

315 5115 443 5177 ,τοῦ
475 5116 572 5184 μὲν
599 5116 783 5184 γήρως
832 5116 978 5182 ἄξιος
1011 5119 1344 5188 φανήσομαι,
1375 5121 1488 5181 τοῖς
1523 5118 1579 5171 δὲ
1614 5120 1754 5183 νέοις
1791 5120 1924 5171 ὑπό-

346 5206 550 5274 δειγμα
598 5207 840 5270 γενναῖον
883 5207 1288 5270 καταλελοιπὼς
1339 5208 1449 5279 (95)
1499 5209 1592 5277 εἰς,
1619 5209 1679 5261 τὸ
1724 5208 1926 5280 προθύ-

2041 4484 2095 4529 et
2124 4487 2348 4546 prOpter
2373 4481 2644 4536 modicum
2681 4487 3056 4556 corruptibilis
3081 4493 3206 4546 vitae
3231 4504 3439 4566 tempus
3461 4501 3610 4556 deci-

2039 4567 2259 4636 piantur
2286 4580 2507 4640 propter
2547 4591 2654 4642 me,
2686 4586 2741 4630 et
2769 4581 3202 4638 exsecrationem
3233 4596 3395 4656 atque
3425 4606 3608 4649 macu-

2038 4661 2144 4714 lam
2172 4666 2438 4718 senectuti
2468 4669 2748 4736 acquiram
2773 4689 2787 4738 ;
2822 4687 2946 4726 nam
2978 4678 3078 4730 etsi
3106 4677 3157 4730 in
3188 4682 3440 4747 praesenti
3470 4692 3608 4740 tem-

2034 4769 2166 4822 pore
2201 4757 2476 4826 suppliciis
2507 4761 2784 4817 hominum
2818 4765 3042 4834 eripiar,
3070 4769 3162 4822 sed
3197 4786 3387 4825 manus
3415 4774 3607 4830 Omni-

2031 4849 2266 4913 potentis
2295 4864 2393 4903 nec
2420 4851 2575 4906 vivus
2608 4869 2707 4907 nec
2728 4855 3010 4913 defunctus
3036 4859 3306 4931 ell’ugiam.
3331 4863 3605 4930 Quamob-

2035 4951 2148 4989 rem
2212 4935 2429 4992 fortiter
2481 4945 2792 5000 cxcedendo
2844 4949 3008 5019 288
3061 4963 3340 5010 senectute
3381 4958 3601 5025 quidem

2031 5027 2226 5096 dignus
2262 5033 2574 5098 apparebo;
2604 5036 3040 5096 adolescentibus
3077 5054 3254 5098 autem
3289 5049 3600 5114 exemplum

2029 5116 2171 5170 forte
2202 5119 2528 5190 relinquam,
2555 5134 2613 5178 ut
2640 5140 2892 5198 prompto
2932 5132 3115 5188 animo
3155 5149 3218 5188 ac
3259 5133 3472 5190 fortiter
3505 5153 3601 5204 pro

2031 5207 2366 5276 gravissimis
2400 5228 2462 5269 ac
2493 5219 2854 5276 sanctissimis
2885 5221 3093 5293 legibus
3137 5227 3363 5281 honesta
3415 5243 3593 5283 morte

419 5339 485 5371 ⁸⁸·
526 5339 672 5393 Psal.
704 5355 858 5422 XLIIII,
1050 5342 1096 5422 δῖ
1131 5342 1260 5397 Ibid.
1295 5341 1387 5422 ﬂ“
1409 5340 1542 5396 Ibid.
1575 5344 1660 5398 l9.
1736 5343 1782 5374 "°
1813 5343 1941 5399 Ibid.

2054 5384 2058 5398 .
2133 5346 2239 5403 "ll
2263 5348 2388 5406 Cor.
2415 5352 2564 5420 1,12.
2641 5354 2682 5385 ⁵³
2717 5354 2858 5411 Psal.
2892 5373 3045 5422 xun,
3082 5358 3172 5412 21.
3249 5359 3451 5414 ll'lbid.
3497 5361 3590 5416 22.

348 5411 394 5441 ⁵³
426 5410 589 5464 Prov.
630 5425 724 5474 vn,
757 5411 813 5463 2.
892 5410 935 5440 "'
966 5411 1140 5465 Eccle.
1200 5429 1270 5473 IV,
1293 5413 1350 5467 2.

424 5550 532 5624 (94)
561 5549 634 5604 Δὲ
648 5550 858 5619 μόνον.
894 5548 995 5604 Ms.
1025 5548 1191 5603 codex
1234 5552 1489 5604 mendose
1510 5549 1692 5613 habet,
1729 5549 1916 5619 δαιμό-

300 5636 550 5760 θνωίθϊὶ
576 5689 738 5744 Forte
775 5689 1062 5760 legendum
1105 5689 1311 5755 αὐτοῖς»
1357 5697 1411 5742 Ui
1450 5702 1637 5743 sensus
1663 5689 1776 5745 Si“
1809 5706 1905 5742 ’ω’

2024 5553 2207 5605 bismet
2245 5553 2374 5620 ipsis
2402 5554 2662 5608 dicamus.
2703 5556 2816 5610 [loc
2843 5554 2989 5608 enim
3022 5567 3319 5622 pronomen
3351 5555 3416 5608 ad
3439 5554 3590 5622 judi-

2019 5636 2109 5675 ces
2140 5624 2328 5674 referri
2363 5639 2466 5674 non
2505 5635 2699 5689 potest.
2735 5626 2888 5676 Ιῧοιτ.
2920 5623 3156 5675 Ριιτιιοι.

2087 5691 2198 5761 (95)
2233 5691 2708 5756 Καταλελοιετώς.
2745 5692 2868 5758 Ms.,
2899 5691 3304 5758 καταλελοιπός.
