3988 6156
463 250 556 304 591

1923 248 2242 305 ORIGENIS

3607 266 3701 321 59?.

461 367 862 437 perfungantur
892 368 958 421 I".
993 387 1010 422 ι
1049 367 1155 424 Oro
1187 376 1362 423 autem
1419 382 1513 424 vos
1561 383 1684 422 cum
1733 369 1797 422 ad
1847 380 1998 438 porta

2137 385 2252 438 μως
2309 370 2403 422 καὶ
2462 371 2725 438 γενναίως
2785 372 2922 444 ὑπὲρ
2973 373 3079 427 τῶν
3131 375 3339 444 σεμνῶν
3388 380 3479 432 καὶ
3539 382 3700 449 ἁγίων

469 461 686 524 mortis,
727 460 835 515 imo
865 460 1130 515 libertatis
1174 462 1455 515 constituti
1496 461 1674 524 eritis,
1726 461 1957 515 maxime
1987 463 2032 515 si

464 557 739 604 tormenta
801 550 1143 617 objicicntnr,
1188 551 1368 606 dicere
1394 549 1621 604 Domino
1667 551 1754 619 qui
1793 560 2031 604 sanctam

461 641 629 696 habet
686 642 956 696 scientiam
999 655 1018 692 :
1074 659 1092 691 ι
1124 640 1461 695 Manifestum
1510 651 1593 695 est
1650 642 1774 711 quia
1827 656 1949 695 cum
1999 657 2027 696 a

410 727 412 730 ’
461 743 637 787 morte
667 747 878 801 possem
910 731 1155 795 liberari,
1188 736 1351 787 duros
1382 733 1628 800 corporis
1651 733 1898 788 sustineo
1926 735 2026 787 do-

460 823 624 888 lores,
676 825 969 878 secundum
1025 825 1261 877 animam
1313 838 1444 878 vero
1497 835 1720 893 propter
1777 824 2025 879 timorem

457 916 574 982 ejus
604 916 834 992 libenter
862 917 977 970 haec
1019 917 1216 984 patior.
1256 935 1274 968 ι
1312 916 1461 970 Talis
1492 931 1623 986 ergo
1650 915 1750 970 fuit
1776 917 2024 970 Eleazari

456 1021 624 1071 mors,
652 1007 772 1075 «qui
794 1021 899 1061 non
925 1006 1095 1061 solum
1114 1006 1424 1074 juvenibus,
1444 1009 1536 1060 sed
1557 1015 1610 1062 et
1630 1006 1894 1076 plerisque
1917 1021 2026 1060 sua

453 1099 626 1164 gentis
661 1107 887 1152 mortem
922 1111 1074 1151 suam
1116 1097 1423 1164 exemplum
1456 1097 1798 1152 fortitudinis
1823 1105 1878 1152 et
1913 1113 2024 1151 me-

453 1190 678 1244 moriale
702 1191 921 1244 virtutis
961 1188 1181 1256 reliquit
1205 1189 1273 1240 ⁵⁸.
1314 1207 1332 1240 ι

441 1461 447 1464 ·
521 1453 612 1504 23.
656 1446 874 1520 Septem
903 1453 1066 1504 etiam
1101 1451 1175 1505 illi
1223 1452 1419 1506 fratres
1449 1467 1610 1521 quos,
1640 1463 1696 1507 ut
1737 1454 1860 1508 libri
1906 1455 2022 1507 Ma-

453 1543 794 1597 chabaeorum
831 1544 1161 1608 referunt”,
1201 1544 1253 1597 in
1295 1545 1560 1613 religione
1601 1559 2016 1615 perseverantes

449 1631 633 1701 ﬂagris
677 1641 732 1686 et
773 1633 976 1686 taureis
1009 1635 1281 1689 cruciavit
1328 1637 1652 1702 Antiochus,
1710 1639 2012 1708 pulcherri-

2135 461 2313 530 νόμων
2352 460 2740 526 εύθανατίζειν.
2784 483 2800 514 ι
2839 465 3081 535 Εὖχομαι
3119 467 3175 519 δὲ
3209 469 3372 537 ὑμᾶς,
3406 471 3558 542 παρά
3587 479 3700 539 ταῖς

2136 550 2326 624 θύραις
2356 553 2449 606 τοῦ
2481 555 2732 621 Θανάτου,
2783 557 2980 626 μᾶλλον
3003 561 3059 612 δὲ
3085 561 3186 631 τῆς
3219 562 3528 636 ἐλευθερίας
3557 585 3698 634 γενοο

2135 643 2350 712 μένους,
2385 643 2616 714 μάλιστα
2639 647 2686 697 εἰ
2717 647 2866 699 πόνοι
2901 649 3243 719 προάγοιντο,
3289 655 3455 707 εἰπεῖν
3477 656 3555 726 τῷ
3594 661 3696 711 Κυ-

2133 733 2251 803 ρίῳ,
2274 734 2349 803 τῷ
2375 754 2391 785 ι
2428 735 2525 805 τὴν
2555 737 2714 804 ἁγίαν
2735 739 2932 804 γνῶσιν
2958 759 2975 790 ›
3007 740 3200 810 ἔχοντιο
3227 761 3245 792 ι
3281 745 3512 815 Φανερόν
3539 749 3693 811 ἐστιν,

2129 824 2211 875 ὅτι
2254 823 2546 894 δυνάμενος
2593 827 2927 896 ἀπολυθῆναι
2978 831 3072 882 τοῦ
3137 831 3402 897 Θανάτου,
3460 836 3693 908 σκληρὰς

2129 913 2386 984 ὑποφέρω
2421 916 2559 969 κατά
2591 916 2747 986 σῶμα
2773 919 3065 988 ἀλγηδόνας
3088 923 3540 994 μαστιγούμενος·
3566 930 3694 982 κατά

2125 999 2301 1070 ψυχὴν
2332 1000 2388 1052 δέ
2423 1002 2590 1070 ἡδέως
2631 1003 2717 1056 διὰ
2753 1005 2843 1057 τὸν
2871 1007 3034 1060 αὑτοῦ
3065 1009 3227 1076 φόϐον
3252 1012 3422 1065 ταῦτα
3447 1016 3688 1086 πάσχω.»

2126 1091 2375 1155 Τοιοῦτος
2415 1094 2476 1164 δὴ
2508 1098 2535 1147 ὁ
2582 1096 2806 1160 θάνατος
2849 1099 3152 1172 Ἐλιεζέρου
3195 1102 3302 1173 (96)
3340 1100 3439 1175 ἦν,
3471 1106 3545 1169 ὡς
3583 1127 3600 1157 ι
3637 1111 3691 1161 ού

2128 1184 2286 1252 μόνον
2317 1189 2430 1248 τοῖς
2461 1187 2631 1251 νέοις,
2672 1188 2806 1242 ἀλλά
2853 1191 2945 1243 καὶ
2992 1195 3104 1256 τοῖς
3145 1195 3416 1258 πλείστοις
3457 1197 3567 1266 (97)
3607 1199 3689 1250 τοῦ

2122 1275 2307 1339 ἔθνους
2321 1277 2410 1330 τὸν
2437 1279 2624 1331 ἐαυτοῦ
2649 1280 2874 1334 θάνατον
2891 1285 3268 1354 γενναιότητος
3291 1288 3592 1359 ὑπόδειγμα
3606 1293 3690 1343 καὶ

2125 1369 2466 1436 μνημόσυνον
2491 1372 2690 1443 ἀρετῆς
2720 1372 3092 1428 καταλέλοιπε.
3118 1395 3137 1428 ι

2190 1459 2297 1511 Καὶ
2335 1463 2383 1513 οἱ
2417 1460 2553 1514 ἐπτά
2591 1463 2645 1515 δὲ
2677 1466 2734 1516 ἐν
2765 1469 2875 1528 τοῖς
2920 1467 3332 1532 Μακκαϐαῖκοίς
3363 1471 3688 1544 ἀναγραφέν⁶

2124 1565 2213 1610 τες
2263 1550 2482 1619 ἀδελφοὶ
2526 1551 2657 1622 (98),
2702 1553 2794 1617 οὓς
2845 1554 3060 1625 μάστιξι
3091 1560 3183 1611 καὶ
3217 1561 3430 1631 νεύροις
3469 1564 3685 1632 ᾐκίσατο

2132 1634 2404 1708 Ἀντίοχος
2441 1643 2776 1711 ἐμμένοντας
2809 1648 2874 1716 τῇ
2907 1647 3201 1720 θεοσεϐείᾳ,
3244 1651 3561 1723 δυνήσονται
3592 1673 3685 1707 πα-

450 1739 595 1776 mum
626 1723 912 1780 fortissimi
946 1729 1192 1797 martyrii
1224 1729 1531 1798 exemplum
1565 1739 1823 1799 poterunt
1853 1734 1998 1787 cuili

2121 1729 2388 1800 ράδειγμα
2418 1733 2702 1787 κάλλιστον
2728 1732 2865 1790 εἶναι
2893 1739 3174 1808 ῥωμαλέου
3203 1722 3503 1816 μαρτυρίου
3536 1749 3684 1800 παντὶ

448 1816 540 1870 bet
584 1830 726 1882 esse,
767 1832 890 1871 cum
945 1821 1276 1887 reputaverit
1321 1836 1387 1875 an
1422 1820 1652 1875 inferior
1699 1823 1833 1876 velit
1892 1839 2014 1879 esse

448 1907 650 1975 pueris,
687 1909 779 1977 qui
805 1924 911 1963 non
935 1910 1136 1980 singuli
1172 1927 1270 1966 sua
1298 1922 1506 1967 tantum
1541 1922 1812 1970 tormenta
1846 1919 2011 1971 susti-

448 1999 687 2064 nuerint,
727 2001 821 2054 sed
859 2001 1094 2056 fratrum
1137 2003 1301 2057 etiam
1352 2004 1631 2060 cruciatus
1681 2008 2008 2076 spectando.

447 2091 769 2144 acerrimum
804 2100 857 2147 et
879 2093 1303 2149 intensissimum
1339 2095 1391 2148 in
1421 2094 1741 2166 religionem
1768 2098 2010 2151 animum

446 2182 806 2237 cxhibuerint.
843 2183 1085 2250 Quorum
1121 2201 1280 2254 unus,
1331 2196 1393 2241 ut
1439 2188 1658 2256 quidem
1724 2189 2010 2259 Scriptura

447 2275 761 2340 nominavit,
796 2277 1026 2344 primus,
1058 2278 1136 2331 ait
1185 2279 1251 2332 ad
1309 2287 1598 2350 tyrannum
1637 2299 1650 2334 :
1697 2299 1717 2333 ι
1759 2283 1898 2348 Quid
1929 2286 2009 2338 vis

444 2383 686 2434 quaerere
714 2377 769 2423 et
795 2369 1043 2424 discere?
1068 2369 1250 2424 Parati
1283 2372 1427 2426 enim
1456 2387 1642 2427 sumus
1667 2375 1802 2426 mori
1837 2377 2008 2448 magis

441 2474 602 2526 quam
633 2460 838 2528 patrias
859 2459 1007 2530 leges
1035 2462 1418 2530 transgredi“.
1451 2481 1470 2514 ι
1496 2462 1632 2528 Quid
1669 2472 1846 2518 autem
1869 2480 2007 2534 opus

440 2559 521 2602 est
553 2551 730 2605 dicere
768 2551 952 2620 qualia
983 2552 1371 2617 sustinuerint,
1410 2555 1778 2625 sartaginibus
1803 2565 1858 2611 et
1887 2557 2006 2610 ollis

439 2639 600 2695 :eneis
630 2641 829 2710 quibus
846 2642 1229 2696 cruciarentur
1247 2645 1549 2710 succensis,
1575 2661 1694 2700 cum
1723 2646 1872 2700 varia
1895 2645 2002 2714 jam

438 2730 639 2798 singuli
664 2739 933 2786 tormenta
963 2732 1392 2787 sustinuissent?
1410 2734 1580 2800 Quem
1605 2735 1746 2790 enim
1772 2736 2002 2804 primum

439 2823 702 2888 nominat,
729 2824 776 2876 ei
823 2823 1086 2892 principio
1131 2835 1406 2893 amputata
1443 2827 1626 2895 lingua
1664 2837 1768 2890 est,
1807 2826 2003 2880 deinde

439 2915 579 2967 cutis
614 2915 808 2981 capitis
857 2915 1174 2979 abstracta;
1229 2933 1392 2986 quam
1431 2917 1860 2973 decalvationem
1922 2918 2004 2972 sic

439 3004 527 3058 ille
560 3004 704 3067 tulit,
751 3013 809 3055 ut
855 3003 944 3057 alii
998 3005 1178 3058 divina
1230 3006 1349 3074 lege
1387 3005 1593 3074 jussam
1631 3007 2003 3060 circumcisio-

2118 1817 2462 1892 λογισαμένῳ
2487 1823 2572 1887 ἂν,
2605 1827 2688 1878 ὅτι
2737 1829 2784 1880 εἰ
2821 1829 3000 1897 μέλλει
3034 1832 3332 1904 παιδαρίων
3365 1833 3506 1890 εἷναι
3543 1839 3684 1893 ἐλάτ-

2116 1927 2222 1961 των
2249 1912 2308 1964 ού
2336 1912 2458 1964 καθ’
2481 1915 2574 1967 ἕνα
2601 1917 2758 1986 μόνον
2795 1919 3056 1988 βασάνους
3086 1923 3526 1994 ὑπομεινάντων,
3561 1929 3682 1982 ἀλλά

2116 2002 2206 2054 καὶ
2236 2001 2315 2072 τῷ
2339 2005 2438 2074 τὴν
2463 2007 2646 2060 αἰκίαν
2680 2010 2784 2063 τῶν
2811 2012 3052 2081 ἀδελφῶν
3077 2016 3497 2087 τεθεωρηκέναι,
3521 2023 3680 2092 παρά-

2116 2109 2294 2163 στημα
2330 2096 2542 2151 εὔτονον
2583 2100 2864 2166 εὐσεϐείας
2911 2106 3345 2177 ἐπιδειξαμένων*
3389 2111 3486 2178 ἀφ’
3516 2105 3587 2165 ὧν
3611 2107 3680 2174 εἷς

2113 2182 2420 2252 γενόμενος,
2457 2185 2531 2248 ὡς
2555 2187 2587 2256 ἡ
2610 2189 2798 2262 Γραφὴ
2818 2190 3093 2263 ὠνόμασε,
3136 2198 3367 2268 πρῶτος,
3404 2196 3528 2254 εἶπε
3558 2203 3678 2273 πρὸς

2110 2272 2200 2324 τὸν
2222 2273 2483 2344 τύραννον
2511 2295 2522 2306 ·
2558 2298 2576 2329 ι
2611 2282 2674 2333 Τί
2712 2283 2924 2351 μέλλεις
2957 2287 3165 2358 ἐρωτᾷν
3213 2291 3304 2342 καὶ
3355 2272 3675 2360 μανθάνεινς

2110 2363 2313 2434 ἕτοιμοι
2343 2366 2449 2438 γὰρ
2482 2369 2840 2442 ἀποθνήσκειν
2873 2376 3056 2446 ἐσμὲν,
3106 2378 3136 2447 ἢ
3169 2379 3530 2450 παραϐαίνειν
3566 2387 3675 2448 τοὺς

2111 2455 2371 2524 πατρίους
2405 2458 2618 2527 νόμους.
2653 2481 2669 2512 ι
2710 2464 2774 2514 Τί
2805 2465 2860 2516 δέ
2882 2467 2962 2518 δεῖ
2979 2465 3154 2535 λέγειν
3180 2472 3335 2523 ὁποῖα
3367 2473 3671 2544 ὑπέμειναν,

2111 2544 2358 2612 τηγάνων
2390 2549 2482 2600 καὶ
2522 2549 2760 2622 λεϐήτων
2793 2556 3236 2631 ἐκπυρουμένων,
3276 2562 3361 2614 ἵνα
3409 2565 3472 2616 ἐν
3507 2567 3673 2628 αὐτοῖς

2110 2637 2487 2707 βασανισθῶσι,
2513 2645 2882 2714 προπαθόντες
2915 2649 3141 2714 ἕκαστος
3181 2653 3448 2725 διάφορα;
3494 2659 3548 2710 ’0
3579 2660 3673 2728 γὰρ

2106 2728 2421 2798 ὁνομασθεὶς
2467 2735 2615 2804 αύτῷ
2664 2737 2896 2808 πρῶτος,
2957 2741 3408 2817 ἐγλωσσοτομήθη
3445 2749 3669 2820 πρῶτον,

2105 2816 2221 2870 εἶτα
2273 2826 2690 2898 περιεσκυτίσθη
2740 2828 2850 2898 (99)
2900 2832 2996 2902 τὴν
3039 2835 3314 2906 κεφαλήν·
3372 2840 3470 2891 καὶ
3515 2841 3671 2902 οὕτως

2108 2911 2305 2981 ἤνεγκε
2332 2916 2423 2969 τὸν
2452 2924 2898 2993 περισκυτισμὸν,
2923 2926 2996 2989 ὡς
3016 2927 3170 2992 ἄλλοι
3189 2932 3285 3002 τὴν
3312 2931 3397 2984 διὰ
3423 2934 3520 2986 τὸν
3543 2934 3669 2988 θεῖον

2105 3005 2265 3096 νόμον
2319 3014 2652 3082 περιτομήν·
2726 3015 2959 3085 νομίζων
2995 3021 3088 3072 καὶ
3125 3025 3181 3075 ἐν
3217 3024 3391 3094 τούτῳ
3436 3026 3665 3096 πληροῦν

437 3111 594 3160 nem;
632 3095 684 3148 in
718 3095 822 3148 hoc
851 3095 1016 3149 etiam
1043 3111 1100 3150 se
1133 3101 1368 3152 credens
1413 3101 1579 3153 divini
1628 3100 1849 3154 foederis
1881 3117 1998 3153 ver-

2108 3069 2259 3164 λόγον
2290 3069 2554 3172 διαθήκης
2577 3069 2740 3157 ’Θεοῦ.
2779 3069 3665 3183 ίίσίιούκ-άρκεσ-θενίςδγεῃτόύτων

436 3189 559 3241 bum
601 3186 851 3254 implere.
888 3185 983 3240 llis
1029 3203 1134 3242 non
1172 3198 1466 3246 contentus
1495 3191 1819 3257 Antiochus,
1851 3208 2000 3246 sum-

436 3294 551 3332 mas
600 3293 816 3348 quoque
857 3296 1048 3335 manus
1106 3290 1161 3336 et
1213 3281 1378 3350 pedes
1417 3284 1465 3336 ei
1504 3284 1784 3352 prmscindi
1813 3286 1995 3353 jn.-sit,

433 3374 640 3426 carteris
673 3373 790 3443 ejus
837 3372 1102 3429 fratribus
1131 3384 1185 3429 et
1216 3384 1388 3430 matre
1435 3377 1860 3444 inspicientibus,
1895 3380 1998 3434 hoc

431 3474 652 3530 aspectu
689 3465 924 3534 puniens
956 3465 1155 3522 fratres
1183 3477 1240 3521 et
1269 3476 1521 3533 matrem,
1567 3481 1631 3521 ac
1661 3477 1859 3535 putans
1884 3484 1941 3524 se
1966 3487 1995 3523 a

427 3556 710 3623 proposito
741 3571 835 3625 per
875 3557 990 3610 haec
1035 3571 1157 3625 qua:
1203 3558 1504 3612 creduntur
1538 3557 1672 3611 adeo
1705 3559 1992 3624 terribilia,

429 3645 548 3699 illos
577 3658 903 3701 amoturum.
937 3646 1029 3702 Sic
1064 3648 1227 3719 igitur
1248 3648 1579 3712 Antiochus,
1619 3648 1705 3704 his
1727 3665 1834 3705 non
1860 3667 1991 3705 ροη-

429 3747 630 3802 tentus,
664 3739 810 3792 illum
859 3739 971 3808 jam
1021 3741 1263 3796 inutilem
1315 3751 1579 3810 quantum
1630 3743 1699 3798 ad
1744 3747 1992 3812 corporis

427 3836 753 3881 structuram
792 3845 888 3896 per
915 3847 976 3884 ea
1014 3846 1133 3899 quae
1164 3833 1317 3899 prius
1366 3849 1558 3902 passus
1595 3843 1732 3902 erat,
1764 3833 1989 3900 factum,

418 3918 581 3986 jussit
617 3918 722 3987 igni
748 3920 838 3986 qui
873 3921 925 3972 in
959 3921 1326 3987 sartaginibus
1348 3930 1402 3975 et
1436 3921 1561 3978 ollis
1601 3930 1738 3990 erat,
1774 3925 1987 3995 spiran-

426 4017 530 4061 tem
577 4010 852 4064 admoveri
875 4019 930 4065 et
965 4013 1182 4065 torreri.
1217 4012 1284 4066 Ut
1313 4015 1468 4068 nidor
1516 4016 1826 4084 exhalabat,
1863 4035 1986 4072 cum

421 4101 490 4154 ab
523 4101 744 4155 immani
779 4110 1009 4171 tyranno
1038 4103 1440 4172 generosissimi
1467 4105 1742 4175 religionis
1772 4109 1990 4164 athletae

419 4204 614 4244 carnes
636 4198 975 4258 assarentur,
1005 4207 1025 4242 ι
1054 4192 1238 4246 cteteri
1269 4207 1376 4246 una
1405 4207 1527 4248 cum
1556 4203 1732 4250 matre
1754 4198 1984 4254 invicem

417 4292 477 4332 se
509 4281 866 4336 hortabantur
899 4281 1066 4352 289
1099 4283 1236 4336 mori
1267 4281 1484 4338 fortiter
1515 4287 1588 4352 '9,
1616 4305 1636 4340 ι
1676 4287 1884 4357 hacque
1927 4307 1987 4347 se

2100 3187 2129 3238 ό
2171 3187 2456 3259 Ἀντίοχος,
2489 3194 2904 3266 ἡκρωτηρίασεν
2943 3201 3123 3263 αὑτὸν,
3155 3203 3261 3256 τῶν
3291 3205 3498 3260 λοιπῶν
3531 3208 3666 3260 ἀδελ-

2101 3275 2215 3342 φῶν
2248 3279 2341 3331 καὶ
2367 3282 2465 3352 τῆς
2495 3286 2698 3356 μητρὸς
2727 3289 3093 3360 συνορώντων,
3115 3297 3179 3365 τῇ
3207 3295 3303 3367 θέᾳ
3333 3297 3407 3367 (l)
3431 3298 3663 3362 κολάζων

2098 3367 2224 3458 τοὺς
2271 3369 2533 3440 ἀδελφοὺς
2579 3377 2674 3428 καὶ
2708 3378 2805 3448 τὴν
2847 3381 3078 3452 μητέρα,
3129 3387 3222 3439 καὶ
3276 3387 3528 3457 οἰόμενος
3575 3388 3662 3458 τὴν

2099 3456 2350 3520 πρόθεσιν
2376 3460 2552 3513 αὐτῶν
2569 3463 2655 3516 διὰ
2687 3466 2793 3521 τῶν
2827 3468 2997 3534 οὕτως
3029 3472 3396 3546 νομιζομένων
3424 3479 3661 3552 φοϐερῶν

2096 3549 2353 3618 κινήσειν.
2371 3551 2556 3615 Οὕτως
2573 3554 2636 3625 δὴ
2653 3557 2681 3608 ὁ
2709 3558 2996 3629 Ἀντίοχος,
3025 3563 3232 3628 τούτοις
3261 3567 3334 3638 μὴ
3359 3549 3656 3640 ἀρκεσθεὶς,

2093 3636 2362 3709 ἄχρηστον
2396 3641 2470 3711 (2)
2508 3644 2579 3707 ὡς
2602 3648 2736 3717 πρὸς
2761 3650 2862 3719 τὴν
2893 3651 2987 3705 τοῦ
3045 3653 3294 3725 σώματος
3323 3636 3658 3729 κατασκευὴν

2093 3729 2382 3799 γενόμενον
2416 3733 2482 3786 δι’
2526 3729 2600 3790 ὧν
2640 3739 2854 3809 πρῶτον
2882 3743 3166 3812 ἐκόλασεν,
3207 3748 3457 3803 ἐκέλευσε
3506 3755 3568 3822 τῇ
3605 3753 3657 3805 ἐν

2091 3822 2200 3882 τοῖς
2254 3823 2508 3892 τηγάνοις
2577 3827 2669 3880 καὶ
2731 3833 2841 3893 τοῖς
2899 3832 3087 3904 λέϐησι
3143 3839 3293 3908 πυρᾷ
3361 3842 3656 3911 προσάγειν

2090 3909 2346 3980 ἔμπνουν,
2375 3915 2468 3968 καὶ
2505 3918 2813 3986 τηγανίζειν
2845 3924 3024 3976 αὐτόν.
3071 3925 3155 3989 Ὠς
3180 3927 3236 3980 δὲ
3276 3931 3308 4000 ἡ
3351 3909 3518 4002 ἀτμὶς
3539 3933 3652 3986 ἀνε-

2089 4001 2277 4066 δίδοτο,
2316 4005 2422 4059 ὑπὸ
2455 4009 2552 4080 τῆς
2591 4010 2870 4082 ὠμότητος
2911 4015 3002 4068 τοῦ
3043 4019 3306 4088 τυράννου
3332 4021 3653 4094 ὀπτωμένων

2088 4095 2194 4150 τῶν
2224 4098 2318 4150 τοῦ
2335 4104 2710 4168 γενναιοτάτου
2731 4106 2961 4177 ἀθλητοῦ
2995 4109 3092 4179 τῆς
3113 4111 3391 4176 εὐσεϐείας
3420 4116 3649 4187 σαρκῶν,

2093 4207 2112 4238 ι
2144 4191 2193 4241 οἱ
2226 4189 2402 4245 λοιποὶ
2447 4196 2786 4266 παρεκάλουν
2825 4198 3082 4270 ἀλλήλους
3115 4204 3210 4256 σὺν
3233 4207 3297 4275 τῇ
3340 4207 3509 4277 μητρὶ
3536 4223 3650 4276 γεν-

2087 4281 2251 4346 ναίως
2293 4283 2579 4357 τελευτᾷν,
2615 4306 2633 4338 ι
2673 4290 3154 4362 παραμυθούμενοι
3193 4296 3419 4362 ἑαυτοὺς
3467 4299 3544 4370 τῷ
3569 4300 3650 4353 λο-

415 4369 744 4438 cogitatione
769 4371 1107 4439 solabamur,
1144 4372 1314 4429 Deum
1337 4373 1453 4430 haec
1474 4376 1658 4432 videre
1689 4391 1704 4429 :
1732 4379 1811 4434 eis
1837 4382 1981 4435 enim

2108 4371 2271 4442 (ισμῷ
2291 4374 2384 4427 τοῦ
2409 4377 2609 4448 ἐφορᾷν
2645 4380 2818 4434 ταῦτα
2847 4381 2937 4437 τὸν
2970 4383 3120 4438 Θεόν·
3150 4387 3308 4458 ἤρκει
3331 4389 3440 4461 γὰρ
3471 4369 3644 4453 αύτοῖς

416 4461 481 4513 ad
499 4464 813 4528 patientiam
842 4466 977 4519 satis
999 4473 1120 4518 erat
1145 4459 1259 4520 haec
1289 4467 1596 4534 persuasio,
1624 4467 1864 4523 divinum
1890 4487 1981 4539 pa-

415 4553 676 4617 tientibus
719 4553 912 4610 adesse
945 4556 1186 4612 oculum.
1241 4557 1306 4610 Et
1361 4574 1493 4614 sane
1542 4562 1859 4616 consolatur
1887 4579 1979 4618 eos

2088 4463 2169 4524 εἰς
2200 4462 2474 4535 ὑπομονὴν
2514 4468 2546 4536 ἡ
2582 4468 2752 4521 πειθὼ
2781 4471 2874 4523 τοῦ
2905 4476 3155 4545 παρεῖναι
3188 4479 3298 4541 τοῖς
3329 4480 3643 4550 ὑπομένουσι

2087 4549 2177 4604 τὸν
2217 4551 2312 4604 τοῦ
2350 4555 2484 4607 Θεοῦ
2519 4556 2811 4629 ὀφθαλμόν.
2865 4562 2975 4615 Καὶ
3025 4565 3330 4635 παρακαλεῖ
3385 4549 3576 4632 αὐτοὺς
3617 4571 3643 4622 ὁ

481 4713 526 4743 ⁵⁵
552 4711 593 4765 li
623 4713 797 4769 Mach.
830 4729 904 4780 vt,
935 4716 1126 4772 19-28.
1204 4717 1249 4748 '°
1281 4716 1412 4771 Ibid.
1447 4719 1539 4779 50.
1570 4721 1664 4772 5|.
1741 4721 1785 4753 "
1817 4721 1858 4774 ll
1897 4723 2068 4781 Much.
2101 4743 2202 4794 vn,
2226 4731 2274 4794 l,
2323 4747 2439 4803 seq.
2514 4735 2562 4767 ⁸⁸
2587 4733 2720 4792 Ibid.
2752 4739 2810 4793 2.
2880 4738 2927 4772 ⁸⁹
2956 4738 3092 4797 Ibid.
3120 4738 3175 4796 6.

649 4875 983 4944 Ἐλιεζέρου,
1013 4889 1120 4935 etc.
1153 4880 1317 4951 Lego,
1363 4879 1681 4953 Ἐλεαζάρου
1711 4879 1799 4953 ἦν,
1824 4885 1881 4949 ὃς
1920 4889 1979 4941 οὐ

487 4960 592 4995 νον.

636 5013 973 5081 Πλείστοις.
999 5015 1097 5074 Ms.
1124 5022 1294 5075 codex
1327 5022 1510 5086 habet,
1539 5021 1816 5089 πλάστοις,
1837 5041 1985 5080 men-

447 5098 560 5137 ose.

447 5098 560 5138 088.

480 5151 692 5232 (98);]?!
724 5152 961 5232 (tangar
983 5154 1104 5221 τοῖς
1121 5159 1578 5232 -ρζακκαϐαῖκοῖς
1602 5165 1974 5232 ἀναγραφέν-

406 5239 503 5288 τες
525 5223 795 5294 ἀδελφοί.
827 5223 1094 5278 Observat
1121 5225 1453 5282 Wetstenius
1521 5223 1660 5289 hanc
1689 5223 1968 5290 historiam

407 5295 650 5370 martyrii
679 5305 880 5370 septem
916 5294 1144 5370 fratrum
1185 5297 1614 5370 Machabarorum
1649 5303 1849 5370 ubique
1873 5306 1967 5357 (le-

405 5364 613 5440 c.inta_r.i
642 5378 670 5416 a
705 5363 1192 5440 sanctisl’atribus
1217 5384 1231 5420 :
1264 5367 1560 5440 Prudentio
1587 5373 1728 5439 Περὶ
1747 5363 1964 5440 ἀτερά-

403 5446 527 5510 reor
557 5433 756 5510 hymn_o
777 5433 871 5510 lO_;
895 5434 1637 5510 Mario_Victorino_rhetor.;
1664 5433 1965 5510 Augustino

405 5499 499 5579 lib.
536 5499 666 5579 ἦνςιιι
696 5503 771 5579 ρε
808 5505 970 5579 civit.
998 5505 1114 5570 Dei,
1139 5507 1300 5579 _c._56
1327 5524 1340 5570 ;
1373 5499 1964 5579 Cltrysost'omuvtriltus

406 5567 644 5648 Bolanus
667 5586 680 5634 ;
703 5573 890 5648 gyan.
909 5567 1170 5648 Alexantl.
1195 5567 1562 5648 ςοηιέιιεηιέίη
1588 5581 1727 5648 .tqez,
1753 5596 1805 5648 p.
1833 5569 1958 5648 2'01,

405 5636 572 5691 Suida
602 5640 656 5691 in
709 5636 1006 5713 ’Ᾱντίοχος;
1038 5645 1275 5715 Sulpicio
1305 5646 1502 5704 Severo
1522 5636 1580 5705 S.
1606 5636 1835 5717 Hister,
1865 5636 1956 5706 lib.

2091 4911 2147 4978 tt,
2175 4913 2230 4978 ι)ἶ
2251 4897 2377 4978 ὅᾴθ,
2410 4911 2462 4978 (δέ
2479 4902 2644 4978 epist.
2669 4905 2724 4968 2,
2761 4904 3039 4978 aglAurel.
3073 4907 3238 4972 diam,
3269 4925 3325 4978 p.
3361 4910 3495 4976 503;
3515 4909 3640 4961 Δηι-

2089 4967 2270 5044 brosio
2292 4967 2326 5020 Ι.
2363 4985 2376 5022 ι
2417 4967 2667 5049 Οθίξίοῃ,
2781 4975 2954 5049 4_l,et
2978 4979 3176 5049 passim
3216 4967 3244 5030 a
3272 4967 3501 5049 'Gregor.
3533 4981 3634 5032 Na-

2087 5039 2263 5087 zianz.
2291 5049 2434 5092 orat.
2477 5039 2566 5102 22,
2603 5042 2654 5096 in
2687 5039 3117 5099 Machabaaorum
3155 5047 3372 5101 laudem
3389 5039 3637 5104 ’ἕσπερτί-

2085 5111 2193 5184 p'ta:
2226 5105 2318 5184 Die
2344 5109 2516 5184 etiam
2537 5111 2761 5184 solemni
2785 5115 3223 5184 ipsorumrpassio
3245 5119 3510 5172 celebrata
3536 5127 3632 5170 est.

2089 5173 2220 5250 Yitlue
2260 5174 2460 5250 Bedam
2493 5173 2861 5250 jn-Martgrol.
2901 5186 2966 5237 ad
2997 5173 3116 5238 Kal.
3157 5187 3296 5250 Aug.
3331 5198 3386 5242 et
3418 5187 3633 5240 Bernar-

2097 5203 2220 5227 vu-c
2260 5203 2460 5229 ucuatm
2504 5203 2861 5250 IlI-martyrot.
2901 5203 2966 5237 au
2997 5203 3116 5238 nat.
3157 5203 3237 5241 All
3284 5226 3296 5239 .
3331 5203 3386 5242 ει
3418 5203 3631 5240 uernar-

2083 5243 2543 5322 dutn_epist.__3l_.'_5.
2593 5249 2918 5322 Christianis
2961 5254 3196 5310 addatur
3241 5203 3322 5310 ξι.
3374 5255 3631 5322 Iosephus

2075 5313 2334 5378 peculiari
2371 5315 2548 5370 libello
2574 5320 2638 5370 de
2663 5319 3007 5376 Maenalia-is.

2144 5381 2254 5458 (99)
2295 5380 2438 5458 Εἶτα
2469 5391 2952 5458 περιεσκυτίσθη.
3014 5392 3112 5447 Ms.
3163 5393 3332 5448 codex
3386 5392 3630 5447 mendose

2074 5450 2258 5527 habet,
2280 5457 2334 5527 εί
2374 5450 2808 5527 περιεσυνθίσθη.

2257 5523 2397 5598 βέῃ.
2432 5519 2484 5576 In
2521 5542 2621 5579 ms.
2650 5519 2905 5598 corrupte
2935 5529 3152 5598 legitur,
3183 5531 3262 5585 θέ.

2140 5591 2214 5661 (2)
2257 5594 2608 5660 Ἀχρηστοιπ
2649 5591 2830 5651 Codci
2868 5591 3324 5670 lll5.'p0l'jtcr:llﬂ,
3358 5604 3622 5674 ἄχριστονο
