3988 6156
361 301 484 359 595
1483 303 1930 361 EXHOBTATIO
1971 302 2060 357 AD
2097 300 2536 358 MARTYRIUM.
3537 306 3642 361 59$

354 425 728 496 ἀγωνοθέτης
758 426 868 480 τῶν
894 427 995 498 τῆς
1027 427 1308 492 εὐσεϐείας
1327 427 1596 499 ἀθλητῶν,
1625 427 1929 500 παρακαλοῦ

2037 440 2266 494 _pra:ses
2301 424 2630 481 certantium
2667 435 2764 492 pro
2794 421 3015 491 pietate,
3055 421 3182 478 dum
3229 420 3348 492 ipse
3387 424 3636 478 consola-

358 535 568 588 μενος,
618 520 711 573 καὶ
764 519 829 574 ἵν’
861 519 1032 583 οὕτως
1082 519 1350 590 ὀνομάσω,
1401 521 1825 592 εὐφραινόμενος
1873 521 1929 572 ἐτ

2073 517 2271 573 tionem
2317 517 2537 586 accipit,
2565 524 2640 580 et,
2671 523 2728 568 ut
2775 513 2850 568 ita
2880 513 3085 580 dicam,
3113 515 3316 584 gaudet
3355 530 3520 584 super
3553 517 3637 570 his

349 612 481 673 τοῖς
503 609 1057 680 κατεξανισταμένοις
1079 610 1184 664 τῶν
1202 609 1532 680 τηλικούτων
1556 610 1748 664 πόνων.
1769 609 1929 663 Εὔκαι

2068 609 2160 676 qui
2204 617 2388 664 tantos
2429 607 2646 662 labores
2697 613 2980 676 superant.
3032 605 3408 675 Opportunum
3457 617 3637 662 autem

356 717 460 772 ρον
484 701 537 754 δ’
571 702 636 756 ἂν
657 703 741 772 εἴη
762 703 855 756 καὶ
885 703 1032 774 ἡμᾶς
1056 703 1112 756 ἐν
1150 702 1408 766 τοιούτοις
1436 703 1759 774 γενομένους
1788 704 1929 756 εἰπεί

2064 701 2171 756 erit
2207 710 2264 756 et
2291 716 2411 766 nos,
2440 717 2563 756 cum
2604 701 2794 754 eodem
2833 698 3037 754 erimus
3077 699 3220 763 loco,
3270 699 3485 754 illorum
3523 715 3638 755 ser-

345 793 498 856 τοὺς
522 793 752 847 ἐκείνων
781 793 970 863 λόγους
988 793 1123 864 πρὸς
1149 794 1392 858 ἑαυτοὺς,
1411 793 1598 848 τοῦτον
1625 792 1846 864 ἔχοντας
1873 794 1929 846 τὸ

2065 806 2253 846 mones
2277 792 2343 845 ad
2375 790 2734 858 nosmetipsos
2766 789 2948 845 dicere
2970 789 3063 859 qui
3094 789 3173 844 sic
3199 790 3400 846 habent
3427 809 3442 845 :
3481 810 3500 844 ι
3533 791 3634 845 Do-

345 883 600 952 τρόπον,
635 883 840 949 οὕτως’
874 903 893 937 ι
923 885 1129 956 Κύριος
1161 887 1189 938 6
1214 886 1346 949 Θεὸς
1378 887 1550 956 ἐφορᾷ
1573 888 1667 940 καὶ
1685 887 1805 949 ταῖς
1831 885 1929 956 ἀλη

2063 879 2246 934 minus
2282 880 2424 934 Dens
2458 879 2670 948 aspicit,
2696 886 2750 934 et
2770 881 3092 936 veritatibus
3115 881 3228 938 suis
3243 882 3554 939 consolatur
3579 884 3632 937 in

348 972 553 1039 θείαις
581 976 665 1044 ἐφ’
700 977 831 1046 ἡμῖν
863 976 1280 1048 παρακαλεῖται.
1320 997 1340 1029 ι
2062 970 2217 1026 nobis
2249 970 2314 1024 ⁶⁰.
2346 989 2364 1022 ι

427 1067 556 1120 Τοῦ
592 1066 810 1140 πρώτου
833 1067 1023 1122 τοῦτον
1049 1069 1138 1122 τὸν
1165 1069 1363 1140 τρόπον
1391 1067 1804 1139 δοκιμασθέντος
1841 1087 1859 1119 ι
1883 1067 1928 1121 ὼ

2133 1063 2220 1117 24.
2263 1061 2394 1118 Cum
2420 1061 2628 1132 primus
2647 1061 2750 1117 hoc
2773 1063 2935 1117 modo
2970 1064 3230 1130 probatus
3260 1075 3426 1130 esset,
3453 1085 3474 1120 ι
3508 1075 3634 1121 tan-

342 1157 728 1226 δοκιμάζεται
758 1157 956 1229 χρυσὸς
984 1157 1043 1210 ἐν
1073 1157 1475 1228 χωνευτηρίῳ,›
1498 1161 1526 1211 6
1547 1157 1797 1229 δεύτερος
1823 1177 1841 1209 ι
1866 1159 1929 1210 ἐπ

2063 1170 2224 1224 quam
2246 1169 2435 1208 aurum
2462 1154 2516 1207 in
2541 1152 2816 1220 fornace,»
2846 1155 3121 1210 secundus
3143 1157 3545 1214 «deducebatur
3566 1161 3631 1212 ad

339 1246 448 1299 τὸν
509 1247 834 1318 ἐμπαιγμὸν
865 1248 939 1319 (5)
980 1248 1175 1318 ἤγετο·
1232 1248 1327 1302 καὶ
1368 1247 1429 1302 τὸ
1473 1247 1650 1319 δέρμα
1698 1249 1794 1300 σὺν
1839 1249 1929 1300 ταῖ

2061 1244 2418 1312 illudendum,
2442 1254 2495 1301 et
2525 1253 2648 1300 cute
2675 1244 2795 1314 ejus
2815 1247 3168 1316 cumfcapillis
3193 1251 3493 1318 abstracta,
3520 1269 3540 1303 ι
3563 1253 3634 1306 ad

341 1337 513 1408 θριξὶ
572 1339 1012 1408 περισύραντες»
1071 1342 1120 1391 οἰ
1183 1339 1416 1392 διάκονοι
1466 1337 1567 1408 τῆς
1629 1338 1956 1408 τυραννικῆς

341 1427 688 1499 ὠμότητος,
746 1427 840 1480 ἐπὶ
890 1429 1176 1498 μετάνοιαν
1227 1429 1452 1482 ἐκάλουν
1506 1428 1596 1480 τὸν
1630 1428 1950 1491 πεπονθότα,

348 1535 370 1566 ι
399 1516 838 1588 ἐπερωτῶντες,
883 1517 931 1568 εἰ
974 1516 1205 1584 φάγεται
1254 1514 1364 1567 τῶν
1397 1513 1780 1578 εἰδωλοθύτων,
1825 1514 1954 1584 πρὶν

337 1605 748 1678 τιμωρηθῆναι
776 1607 836 1659 τὸ
875 1606 1036 1676 σῶμα
1067 1605 1209 1659 κατά
1237 1604 1398 1675 μέλος
1426 1603 1626 1674 αὐτῷ.»
1677 1604 1764 1666 Ὠς
1789 1603 1832 1656 δ’
1863 1605 1953 1673 ἠρ-

339 1695 571 1764 νήσατο
601 1694 700 1765 τὴν
737 1695 1042 1764 μετάνοιαν,
1071 1713 1089 1744 ι
1119 1693 1210 1746 ἐπὶ
1228 1693 1325 1764 τὴν
1346 1692 1471 1763 ἑξῆς
1489 1692 1628 1763 ἤχθη
1648 1692 1898 1762 βάσανον,
1926 1711 1944 1744 ι

337 1785 550 1855 τηρῶν
579 1784 676 1854 τὴν
727 1784 979 1837 ἔνστασιν
1028 1786 1189 1857 μέχρι
1237 1785 1336 1853 τῆς
1370 1784 1606 1853 ἐσχάτης
1655 1784 1944 1855 ἀναπνοῆς.

337 1872 648 1944 Μηδαμῶς
679 1872 785 1944 γὰρ
837 1873 1161 1945 θραυσθεὶς,
1226 1874 1359 1945 μηδὲ
1406 1874 1587 1937 ἐνδοὺς
1642 1874 1774 1944 πρὸς
1821 1877 1947 1940 τοὺς

339 1963 595 2027 πόνους,
647 1963 819 2017 ταῦτα
845 1960 964 2016 εἶπε
1009 1965 1145 2036 πρὸς
1178 1965 1267 2017 τὸν
1302 1964 1505 2035 ἀσεϐῆ·
1563 1983 1579 2016 ι
1607 1965 1678 2016 Σὺ
1725 1965 1944 2035 μᾶλλον,

336 2054 624 2125 ἀλάστορ,
659 2057 724 2108 ἐκ
757 2056 848 2108 τοῦ
877 2057 1142 2128 παρόντος
1183 2058 1331 2126 ἡμᾶς
1377 2055 1472 2126 ζῇν
1501 2055 1783 2119 ἀπολύεις·
1830 2059 1858 2109 6
1889 2057 1947 2109 δὲ

334 2144 446 2199 τοῦ
507 2147 710 2216 κόσμου
764 2147 1012 2217 βασιλεὺς
1061 2146 1426 2210 ἀποθανόντας
1472 2149 1616 2218 ἡμᾶς
1666 2148 1804 2218 ὑπὲρ
1838 2146 1945 2200 τῶν

335 2236 522 2290 αὑτοῦ
540 2239 716 2308 νόμων
748 2241 827 2302 εἰς
852 2239 1065 2293 αἰώνιον
1097 2238 1388 2292 ἀναϐίωσιν
1410 2239 1553 2308 ζωῆς
1578 2239 1890 2309 ἀναστήσει,
1919 2257 1937 2289 ι

419 2329 538 2382 Καὶ
560 2332 588 2382 ό
613 2329 795 2401 τρίτος
825 2331 880 2384 δέ
910 2333 966 2384 ἐν
999 2331 1173 2384 οὐδενὶ
1198 2331 1296 2394 τὰς
1319 2331 1617 2401 ἀλγηδόνας
1640 2331 1938 2401 τιθέμενος,

334 2418 449 2475 καὶ
471 2421 560 2473 διά
590 2422 687 2490 τὴν
712 2423 848 2492 πρὸς
873 2423 962 2474 τὸν
987 2421 1119 2474 Θεὸν
1141 2423 1360 2493 ἀγάπην
1396 2422 1726 2476 καταπατῶν
1749 2423 1939 2487 αὐτὰς,

338 2527 365 2560 ι
385 2510 497 2579 τὴν
529 2511 780 2579 γλῶσσαν
812 2512 1054 2581 αἰτηθεὶς
1075 2550 1089 2574 ,
1122 2513 1330 2581 ταχέως
1367 2513 1631 2582 προέϐαλε
1651 2552 1666 2575 ,
1704 2515 1797 2566 καὶ
1843 2514 1941 2577 τάς

335 2605 544 2672 χεῖρας
574 2601 853 2672 εὐθαρσῶς
885 2604 1219 2673 προέτεινεν,
1259 2597 1378 2654 εἶπέ
1416 2620 1476 2655 τε
1497 2620 1510 2634 ·
1543 2603 1641 2656 Διά
1683 2605 1809 2666 τοὺς
1846 2604 1940 2656 τοῦ

337 2694 492 2746 Θεοῦ
540 2695 733 2764 νόμους
759 2714 777 2746 ι
815 2695 988 2748 ταῦτα
1019 2695 1351 2762 καταλιπὼν,
1392 2715 1411 2746 ι
1436 2696 1640 2760 ἐλπίζω
1666 2695 1805 2750 αὐτά
1832 2697 1941 2750 ἀπὸ

339 2783 491 2836 Θεοῦ
526 2785 851 2854 κομίσασθαι
882 2807 900 2837 ι
934 2787 1176 2850 τοιαῦτα,
1215 2781 1302 2840 οἶα
1331 2787 1395 2840 ἂν
1422 2787 1638 2859 ἀποδῴη
1665 2788 1795 2850 Θεὸς
1822 2790 1940 2852 τοῖς

339 2873 456 2942 τῆς
487 2877 567 2939 εἰς
606 2877 768 2930 αὐτὸν
801 2878 1084 2940 εὐσεϐείας
1111 2877 1389 2948 ἀθληταῖς.
1432 2877 1703 2943 Ὡσαύτως
1744 2879 1799 2932 δὲ
1844 2879 1938 2934 καὶ

337 2966 370 3017 ὁ
397 2965 657 3036 τέταρτος
680 2967 1049 3044 ἐϐασανίζετο,
1072 2968 1172 3030 τὰς
1194 2967 1376 3031 αἰκίας
1401 2970 1600 3040 φέρων,
1624 2970 1714 3023 καὶ
1741 2970 1933 3039 λέγων,

2060 1333 2438 1402 paenitentiam
2481 1333 2748 1390 vocabant
2798 1335 3095 1404 tyrannicae
3138 1337 3482 1392 crudelitatis
3526 1339 3629 1391 mi-

2059 1425 2218 1481 nistri
2241 1425 2672 1494 tinterrOgantes
2695 1424 2740 1480 si
2766 1425 3119 1480 manducaret
3135 1425 3437 1496 idolothyta
3459 1429 3632 1497 prius-

2058 1530 2217 1584 quam
2239 1523 2349 1569 toto
2369 1528 2598 1584 corpore
2613 1528 2711 1584 per
2728 1514 2971 1569 membra
2998 1513 3211 1585 singula
3230 1517 3586 1585 puniretur“.
3606 1538 3625 1570 ι

2057 1603 2125 1660 Ut
2151 1616 2330 1660 autem
2361 1604 2632 1674 paenitere
2660 1618 2721 1659 se
2752 1604 2987 1673 negavit,
3012 1603 3117 1676 (ad
3136 1606 3416 1673 sequentia
3436 1606 3631 1661 ductus

2056 1706 2140 1752 est
2156 1705 2425 1752 tormenta
2445 1716 2462 1748 ›
2483 1699 2754 1752 intensum
2772 1709 2947 1765 usque
2964 1695 3032 1752 ad
3052 1705 3355 1751 extremum
3377 1697 3627 1766 spiritum

2052 1790 2294 1846 animum
2333 1803 2580 1844 servans.
2622 1787 2978 1857 Nequaquam
3017 1790 3162 1844 enim
3211 1789 3417 1846 fractus
3451 1806 3628 1860 neque

2054 1881 2338 1938 tormentis
2379 1880 2576 1936 cedens
2618 1880 2733 1935 haec
2764 1882 2832 1936 ad
2875 1880 3101 1951 impium
3151 1882 3298 1937 illum
3335 1886 3458 1938 ait:
3506 1885 3626 1939 «Tu

2051 1977 2290 2044 quidem,
2309 1973 2710 2035 scclestissime,
2734 1989 3056 2040 prasentem
3075 1976 3240 2029 vitam
3264 1978 3417 2030 nobis
3435 1978 3622 2046 eripis.

2049 2065 2163 2121 Rex
2207 2077 2388 2120 autem
2434 2068 2616 2121 mundi
2655 2066 2949 2121 defunctos
2992 2080 3090 2119 nos
3134 2082 3231 2131 pro
3277 2069 3389 2120 suis
3419 2055 3626 2138 legibus

2049 2157 2104 2212 in
2134 2165 2348 2212 aeternae
2382 2157 2507 2220 vitae
2543 2157 2948 2211 resurrectione
2981 2155 3269 2210 suscitabit
3295 2157 3360 2208 δ’.
3390 2176 3408 2208 ι

2116 2334 2208 2390 25.
2252 2333 2487 2397 Tertius,
2533 2333 2751 2389 dolores
2780 2332 2937 2387 nihili
2967 2332 3174 2388 faciens
3197 2342 3250 2387 et
3293 2350 3402 2404 prae
3431 2349 3624 2405 magna

2046 2427 2103 2480 in
2135 2428 2301 2480 Deum
2332 2425 2612 2479 charitate
2635 2424 2994 2494 proculcans,
3026 2424 3294 2494 «linguam
3323 2427 3624 2494 postulatus

2047 2518 2156 2570 cito
2189 2517 2411 2586 protulit
2453 2527 2508 2571 et
2555 2531 2749 2571 manus
2782 2524 3100 2570 constanter
3135 2517 3380 2569 extendit
3413 2524 3466 2569 et
3503 2517 3620 2571 ait:

2043 2608 2272 2679 Propter
2300 2611 2448 2680 leges
2471 2610 2565 2663 Dei
2588 2630 2605 2661 ι
2642 2611 2758 2664 ιιωο
2798 2611 3134 2680 relinquens,
3165 2629 3183 2661 ι
3207 2610 3274 2664 ab
3303 2609 3418 2678 ipso
3443 2625 3528 2664 me
3559 2625 3619 2662 ea

2047 2709 2391 2768 recepturum
2419 2713 2577 2766 spero
2591 2699 2666 2750 ⁸³»
2693 2701 2819 2754 talia
2843 2700 3022 2769 qualia
3054 2701 3194 2755 Deus
3214 2715 3327 2756 sua:
3346 2701 3622 2771 religionis

2045 2789 2267 2843 athletis
2302 2791 2616 2844 redditurus
2651 2799 2754 2844 est.
2811 2791 3073 2844 Similiter
3121 2803 3176 2844 et
3224 2803 3453 2861 quartus
3505 2802 3616 2849 tor‘

2044 2883 2313 2950 quebatur
2338 2881 2719 2951 cruciatusque
2748 2881 2976 2937 ferendo
2995 2884 3213 2938 dicebat
3242 2902 3254 2937 :
3285 2903 3304 2936 ι
3330 2884 3515 2940 Potius
3537 2896 3622 2940 est

2043 2973 2110 3028 ab
2150 2973 2464 3029 hominibus
2497 2974 2838 3028 discedentes
2869 2989 3022 3043 spem
3067 2985 3384 3044 exspectare
3415 2993 3442 3031 a
3483 2978 3615 3043 Deo,

334 3055 429 3107 ὅτι
463 3076 480 3107 ι
502 3057 746 3128 Αἱρετὸν,
777 3058 1247 3128 μεταλλάσσοντας
1275 3060 1346 3132 (4)
1377 3061 1470 3113 ἀπ’
1493 3061 1812 3131 ἀνθρώπων,
1837 3063 1929 3126 τὰς

2042 3066 2237 3120 iterum
2263 3066 2330 3119 ab
2360 3066 2475 3134 ipso
2501 3067 2939 3120 resuscitandos:
2963 3067 3366 3122 resurrectione
3384 3085 3486 3138 qna
3512 3085 3615 3123 non

336 3147 456 3199 ἀπὸ
486 3148 582 3200 τοῦ
610 3148 743 3202 Θεοῦ
779 3150 1082 3222 προσδοκᾷν
1107 3151 1330 3215 ἐλπίδας
1350 3192 1364 3215 ,
1390 3155 1482 3206 καὶ
1500 3153 1588 3206 ὐπ’
1612 3153 1778 3207 αὐτοῦ
1804 3155 1933 3208 ἀνα-

339 3239 645 3309 στήσεσθαι
671 3260 689 3292 ι
729 3242 1042 3305 ἀνάστασιν,
1080 3243 1144 3312 ἣν
1169 3243 1269 3296 οὐκ
1291 3245 1653 3315 ἀναστήσεται
1678 3248 1705 3298 6
1733 3247 1931 3319 τύραν-

337 3343 467 3389 νος·
539 3330 639 3381 «οὐ
683 3331 792 3401 γάρ
835 3333 914 3393 εἰς
947 3331 1113 3402 ζωὴν,
1148 3352 1165 3382 ι
1222 3333 1336 3386 ἀλλ’
1368 3336 1448 3397 εἰς
1492 3335 1792 3406 ὀνειδισμὸν
1839 3338 1931 3390 καὶ

338 3419 606 3492 αἰσχύνην
638 3421 850 3474 αἰώνιον
886 3425 1266 3495 ἀναστήσεται.
1320 3425 1480 3496 Ἑξῆς
1519 3447 1536 3476 ι
1561 3429 1651 3480 τὸν
1687 3429 1932 3497 πέμπτον

335 3511 726 3584 ᾐκίζοντο
765 3533 781 3563 ι
834 3513 922 3580 ὃς,
970 3515 1156 3570 ἐνιδὼν
1192 3516 1270 3587 τῷ
1315 3518 1603 3588 Ἀντιόχῳ,
1661 3521 1931 3574 ὠνείδισεν

337 3603 497 3674 αὐτῷ
529 3604 589 3657 τὸ
625 3605 858 3676 φθαρτὸν
897 3607 970 3677 μὴ
1008 3607 1274 3661 κολλούων
1301 3610 1376 3681 (6)
1410 3611 1575 3664 αὐτοῦ
1602 3611 1698 3682 τὴν
1723 3613 1930 3685 ὑπερη-

336 3697 562 3764 φανίαν,
604 3695 911 3768 νομίζοντος
964 3698 1205 3768 μεγάλην
1247 3695 1386 3754 εἶναι
1436 3701 1683 3766 ἐξουσίαν
1731 3701 1828 3773 τὴν
1873 3704 1930 3755 ἐν

333 3787 551 3854 ὀλίγαις
573 3787 806 3858 ἡμέραις
827 3789 1134 3858 τυραννίδα.
1168 3791 1413 3857 Ἔφασκε
1437 3789 1493 3842 δὲ
1525 3791 1619 3843 καὶ
1645 3793 1701 3844 ἐν
1722 3792 1930 3856 τούτοις

332 3876 452 3940 ῶν,
514 3877 576 3929 τὸ
626 3877 775 3942 ἔθνος
837 3879 908 3950 μὴ
972 3881 1412 3959 καταλελεῖφθαι.
1444 3883 1550 3936 ὑπὸ
1609 3883 1745 3936 Θεοῦ
1797 3885 1923 3950 τοῦ,

335 3965 468 4018 ὅσον
505 3964 741 4029 οὐδέπω,
792 3967 882 4019 τὸν
926 3968 1196 4038 Ἀντίοχον
1248 3971 1340 4022 καὶ
1387 3970 1447 4022 τὸ
1496 3972 1714 4043 σπέρμα
1762 3974 1926 4026 αὐτοῦ

336 4051 744 4122 βασανίσοντος.
808 4053 964 4109 Μετά
1014 4059 1198 4112 τοῦτον
1245 4060 1400 4125 ἕκτος
1436 4061 1571 4131 πρὸς
1604 4063 1662 4114 τὸ
1692 4064 1928 4135 ἀποθνή-

337 4161 495 4197 σκειν
549 4148 836 4216 γενόμενος
861 4165 873 4178 ·
929 4167 946 4198 ι
975 4150 1066 4220 Μὴ
1122 4151 1327 4214 πλανῶ,
1362 4172 1379 4204 ι
1430 4149 1578 4204 εἷπεν
1604 4171 1617 4183 ο
1681 4158 1883 4226 «ἡμεῖς
1908 4199 1922 4224 ,

335 4238 484 4307 ὑπὲρ
518 4239 800 4309 ἡμετέρων
837 4240 1245 4311 ἁμαρτημάτων
1267 4242 1421 4306 δίκας
1452 4243 1685 4307 τίνοντες
1705 4284 1718 4306 ,
1772 4247 1837 4297 ἵν’
1865 4245 1924 4300 ἐν

333 4331 450 4391 τοῖς
468 4331 650 4392 πόνοις
687 4330 1069 4402 καθαρθῶμεν,
1089 4332 1348 4397 ἑκουσίως
1375 4333 1550 4388 ταῦτα
1588 4336 1917 4407 πάσχομεν.»

2039 3155 2400 3210 suscitabitur
2451 3155 2814 3225 tyrannus“;
2866 3173 2885 3206 ι
2917 3171 3020 3209 non
3073 3157 3221 3210 enim
3263 3158 3328 3212 ad
3370 3161 3530 3213 vitam
3558 3179 3611 3224 ,ι

2037 3249 2130 3301 εει]
2167 3245 2233 3301 ad
2269 3245 2654 3300 contumeliam
2699 3256 2948 3316 resurget
2991 3246 3381 3318 infamiamque
3411 3251 3616 3319 sempi-

2040 3349 2269 3394 ternam.
2335 3337 2542 3392 Deinde
2578 3338 2866 3406 (quintum
2899 3339 3286 3392 vexabant“.t
3331 3341 3380 3395 Is
3435 3343 3613 3410 respi-

2035 3434 2186 3486 ciens
2217 3432 2570 3497 Antiochum,
2628 3431 3000 3496 exprobrabat
3040 3433 3183 3499 quod
3222 3433 3381 3487 homo
3425 3449 3616 3490 corru-

2037 3525 2214 3593 ptioni
2244 3521 2516 3584 obnoxius
2553 3519 2908 3573 nihilominus
2935 3522 3283 3588 superbiret,
3309 3531 3366 3575 et
3403 3523 3610 3576 dierum

2035 3630 2335 3683 paucorum
2361 3611 2701 3682 tyrannidem
2742 3624 2991 3679 magnam
3029 3621 3245 3680 putaret
3275 3628 3394 3667 esse
3422 3623 3613 3684 poten-

2038 3701 2190 3754 tiam.
2222 3701 2312 3754 Ait
2343 3699 2510 3754 etiam
2542 3712 2664 3751 cum
2703 3697 2756 3750 in
2788 3698 2873 3750 his
2907 3708 3054 3751 esset
3083 3700 3369 3766 angustiis,
3392 3712 3609 3770 gentem

2033 3809 2186 3850 suam
2226 3809 2332 3846 non
2361 3808 2484 3847 esse
2517 3791 2834 3846 derelictam
2865 3805 2894 3843 a
2921 3791 3032 3846 Deo
3070 3793 3163 3862 qui
3208 3795 3423 3851 insolito
3458 3815 3611 3854 more

2032 3897 2088 3938 et
2115 3882 2436 3939 Antiochum
2475 3891 2529 3936 et
2565 3893 2748 3934 semen
2781 3878 2900 3946 ejus
2931 3888 3052 3932 erat
3078 3881 3440 3938 cruciaturtts.
3480 3883 3609 3940 Post

2032 3975 2180 4030 hunc
2209 3982 2399 4028 sextus
2433 3973 2568 4026 mori
2606 3971 2870 4039 incipiens
2897 3971 2976 4025 sic
3010 3971 3086 4026 ait
3123 3990 3136 4026 :
3187 3992 3206 4025 ι
3230 3973 3346 4029 Noli
3383 3992 3601 4041 errare;

2031 4083 2131 4122 nos
2157 4075 2508 4136 peccatorum
2543 4071 2852 4118 nostrorum
2877 4080 3068 4134 poenas
3094 4068 3287 4122 damus
3307 4109 3322 4134 ,
3353 4078 3517 4136 utque
3549 4069 3604 4120 in

2029 4159 2311 4228 suppliciis
2342 4173 2658 4229 purgentur,
2696 4156 2924 4212 libenter
2955 4161 3067 4212 haec
3095 4157 3320 4212 ferimus
3341 4159 3406 4211 °°.
3440 4177 3458 4208 ι
3483 4160 3604 4212 Ait-

2029 4267 2135 4323 que
2162 4254 2228 4305 ad
2263 4253 2437 4319 ipsum
2466 4291 2480 4316 ,
2530 4265 2635 4303 non
2662 4249 3087 4320 existimandum
3117 4250 3218 4318 ipsi
3262 4251 3484 4318 impune
3518 4250 3602 4302 fn-

2035 4334 2214 4397 turum
2249 4341 2390 4410 quod
2417 4340 2583 4409 290
2608 4349 2799 4394 contra
2832 4338 3000 4392 Deum
3039 4351 3279 4406 pugnare
3309 4346 3600 4400 tentasset;

339 4419 538 4488 Ἐλεγέ
580 4439 640 4474 τε
693 4425 872 4495 αὐτῷ,
940 4425 1015 4488 ὡς
1056 4425 1164 4497 ἄρα
1211 4428 1271 4479 οὐ
1321 4428 1425 4499 χρὴ
1481 4429 1718 4500 νομίζειν
1763 4432 1922 4486 αὐτὸν

2037 4435 2124 4488 Dei
2165 4433 2309 4485 cnim
2363 4430 2710 4499 impugnator
2765 4441 2846 4486 est
2879 4429 2970 4499 qui
3005 4443 3142 4498 quos
3176 4427 3416 4484 Verbum
3465 4431 3595 4484 deos

333 4511 512 4565 ἀθῶον
563 4513 814 4580 ἔσεσθαι,
868 4515 1158 4588 θεομαχεῖν
1213 4520 1618 4591 ἐπιχειροῦντα·
1656 4523 1918 4595 θεομάχος

333 4606 446 4679 γὰρ
470 4609 498 4660 6
527 4612 636 4672 τοῖς
665 4611 771 4663 ἀπὸ
793 4611 886 4663 τοῦ
905 4611 1076 4680 Λόγου
1102 4611 1470 4685 θεοποιηθεῖσι
1491 4614 1566 4687 (7)
1592 4617 1914 4687 μαχόμενος.

409 4747 453 4778 ⁶⁰
492 4745 535 4800 ll
572 4748 746 4802 Maclt.
787 4765 883 4815 VII,
916 4753 970 4801 ϐ.
1048 4749 1091 4780 ⁶¹
1123 4749 1254 4805 Ibid.
1289 4752 1341 4802 7.
1418 4753 1462 4784 ⁸³
1495 4752 1625 4808 Ibid.
1659 4755 1712 4808 9.
1790 4755 1834 4785 ⁸³
1857 4755 1928 4808 ibi

2037 4753 2110 4819 l0,
2145 4752 2229 4806 tt.

414 4881 488 5023 (3}
538 4886 922 4956 ’Eyrzcuww'r.
953 4888 1131 4942 Codex
1160 4905 1261 4942 ms.
1293 4905 1593 4958 perperam,
1623 4892 1911 4960 ἐπαιγμόν.

414 4951 465 5022 (4
523 4957 1095 5023 Μεταλλάσσοντας.
1138 4958 1319 5012 Codex
1357 4976 1482 5023 tns.,
1521 4960 1911 5023 μεταλλάσσον-

410 4951 486 5023 (4)
523 4951 1095 5076 Μῗταλλᾶσσοντας.
1138 4951 1319 5012 Codex
1357 4951 1482 5025 nis.,
1521 4951 1916 5031 μεταλλάσσον-

410 5040 457 5076 ι.
501 5041 584 5076 ma
612 5041 660 5076 e.

330 5039 457 5084 ται,
501 5039 660 5077 male.

332 5099 342 5108 '
406 5092 485 5168 (ᾗ)
529 5094 870 5168 ςζζκίζοντο.
902 5096 1080 5168 Codex
1115 5113 1218 5151 ms.
1246 5098 1385 5168 male
1405 5139 1419 5162 ,
1449 5099 1746 5168 ᾐκίζοντος.

523 5159 980 5240 Μὴριοᾳλούων,
1036 5166 1177 5240 Lego
1232 5159 1568 5240 pqxoko'ﬁo‘}
1633 5159 1914 5240 referendo

331 5231 654 5305 xoloﬁoyad
693 5232 753 5284 τὸ
776 5233 1031 5305 φθαρτόν.
1076 5231 1405 5293 Wetstenius
1463 5248 1644 5293 autem
1670 5239 1910 5304 legebat,

335 5303 411 5372 μὴ
448 5300 746 5354 καλλύνων.

405 5371 482 5445 (7)
514 5371 948 5445 *Θεοποιηθ-εῖσι.
1024 5373 1392 5445 Θεοποιεῖσθαι
1458 5377 1595 5445 apud
1662 5388 1910 5433 auctores

331 5439 738 5496 ecclesiasticos
767 5443 1020 5495 dit-untur
1053 5445 1085 5496 ii
1116 5439 1196 5505 οἷς
1226 5485 1239 5506 ,
1272 5455 1328 5498 ιιι
1363 5448 1441 5500 ait
1481 5439 1722 5501 Joannes
1748 5455 1789 5512 ι,
1816 5449 1906 5512 12,

331 5512 531 5565 ἔδωκεν
567 5514 596 5564 6
647 5512 818 5584 Λόγος
844 5513 1090 5584 ἐξουσίαν
1138 5515 1302 5584 τέκνα
1341 5515 1472 5569 Θεοῦ
1504 5515 1787 5584 γενέσθαι,
1824 5519 1909 5571 vel

333 5584 429 5650 qui
460 5621 475 5645 ,
506 5591 564 5652 ut
614 5583 874 5652 scriptum
911 5594 994 5635 est
1036 5583 1078 5636 ll
1141 5583 1281 5638 l’etr.
1314 5601 1366 5648 ι,
1418 5590 1453 5638 4
1476 5626 1490 5649 ,
1520 5583 1732 5639 divinae
1771 5604 1904 5641 cun-

335 5651 673 5725 sortesfacti
706 5651 833 5725 sunt
853 5661 1081 5725 naturas,
1103 5655 1348 5725 κοινωνοὶ
1365 5655 1470 5725 ,τῆς
1497 5655 1644 5718 θείας
1669 5655 1900 5724 φύσεως.

335 5721 491 5787 Quod
521 5722 748 5778 illustris
782 5722 1073 5780 conﬁrmat
1115 5724 1392 5778 Athanasii
1429 5721 1601 5780 locus
1644 5721 1800 5795 epist.
1839 5727 1902 5780 ad

2027 4523 2204 4577 cﬂ'ecit
2229 4561 2242 4585 ,
2285 4521 2582 4590 impugnat.

2307 4747 2509 4800 “Ibid.
2549 4747 2628 4800 tt.
2708 4747 2752 4779 εδ
2780 4747 2911 4801 Ibid.
2950 4748 3029 4800 ts.
3114 4749 3160 4780 θ·
3193 4749 3325 4801 lbi.l.
3367 4750 3447 4802 l8.

2021 4889 2341 4958 Adelphium
2379 4905 2390 4940 :
2431 4886 2655 4958 Γέγονεν
2683 4886 3002 4958 ἄνθρωπος,
3033 4886 3138 4958 ἵνα
3163 4889 3309 4958 ἡμᾶς
3337 4888 3393 4938 ἐν
3422 4889 3597 4958 ἐαυτῷ

2023 4956 2352 5030 θεοποιήσῃ,
2391 4958 2482 5030 καὶ
2528 4956 2812 5030 γενώμεθα
2852 4956 3050 5030 Δλοιπὸν
3080 4957 3232 5030 γένος
3261 4957 3457 5030 ᾉᾶγιον,
3505 4956 3596 5011 καὶ

2023 5025 2267 5083 κοινωνοὶ
2288 5025 2470 5090 "Ostia;
2527 5025 2768 5094 φύσεως,
2835 5025 2908 5089 ὼς
2962 5025 3200 5097 ἔγραψεν
3251 5028 3278 5077 6
3330 5030 3595 5097 μακάριος

2023 5100 2247 5168 Πέτρος.
2313 5097 2556 5168 tlt‘acttts
2591 5107 2673 5168 est
2718 5098 2879 5150 homo
2913 5105 2970 5150 ttt
3001 5114 3100 5150 nos
3137 5098 3189 5149 in
3238 5098 3418 5164 seipse
3463 5101 3592 5151 deos

2022 5167 2265 5229 faceret,
2302 5167 2603 5234 [iuniusque
2643 5167 2692 5219 in
2724 5176 2998 5234 posterum
3029 5181 3200 5236 genus
3229 5179 3502 5230 sanctum,
3537 5176 3592 5218 et

2021 5239 2216 5292 divina:
2259 5237 2546 5302 participes
2595 5244 2935 5304 natura-.Lut
2997 5238 3215 5304 scripsit
3258 5237 3446 5288 beatus
3489 5236 3590 5286 Pc—

2024 5318 2154 5361 trtts.
2190 5325 2206 5357 ι
2255 5307 2395 5358 Idem
2425 5305 2502 5357 De
2527 5307 2786 5358 incarnat.
2833 5303 2984 5359 Verbi
3021 5307 3252 5371 idipsntn
3281 5305 3361 5357 sic
3389 5304 3542 5356 cii'rrt
3574 5325 3587 5355 :

2013 5376 2262 5446 Christus
2288 5377 2484 5446 dicitur
2517 5375 2835 5446 Ἀνθρωπος
2866 5374 3190 5446 γεγενῆσθαι.
3231 5373 3404 5446 μένων
3436 5371 3588 5446 Θεὸς,

2013 5447 2099 5499 ἵνα
2126 5445 2252 5508 τοὺς
2280 5444 2595 5516 ἀνθρώπους
2622 5439 2774 5508 θεοὺς
2810 5439 3062 5513 ἀποδείξῂ
3096 5439 3355 5516 μένοντας
3384 5443 3481 5516 ἀνθ
3491 5439 3593 5510 ρώ-

2013 5534 2148 5580 πους
2168 5555 2181 5578 ,
2227 5533 2244 5564 ι
2273 5514 2436 5568 homo
2465 5516 2636 5568 factus
2663 5530 2786 5568 esse
2809 5529 3035 5567 manens
3064 5516 3227 5579 Dens,
3253 5523 3310 5565 ut.
3340 5514 3589 5564 homim‘s

2012 5589 2143 5640 deos
2186 5586 2389 5638 faceret
2430 5595 2708 5637 manentes
2746 5583 3014 5635 homines.
3037 5601 3055 5632 ι
3115 5581 3168 5635 Id
3202 5592 3306 5647 est,
3337 5593 3395 5634 ut
3429 5581 3591 5648 paulo

2011 5665 2170 5710 antea
2198 5655 2430 5722 explicat
2456 5669 2468 5703 :
2504 5653 2595 5722 Εἰς
2620 5653 2880 5722 όμοίωσιν
2900 5649 3005 5722 τὴν
3036 5651 3172 5721 πρὸς
3198 5653 3358 5707 αὐτὸν
3386 5649 3596 5722 ἐπανά.

2009 5743 2094 5800 γει
2144 5719 2338 5787 πάλιν,
2387 5719 2671 5792 ὁμοιωθεὶς
2716 5719 2793 5788 τῷ
2844 5719 2956 5789 ἰδίῳ
2997 5719 3283 5794 ποιήματι.
3341 5721 3599 5776 «ὃὶιιιιιίδ
