3988 6156
374 326 479 383 ωδ
1851 317 2172 376 ORIGENIS
3521 312 3624 372 596

449 444 546 502 26.
583 444 832 514 Denique
852 443 1338 500 adolescentiorem
1361 442 1665 501 Antiochus
1689 442 1740 497 in
1767 458 1936 497 manu:

2129 439 2449 491 Τελευταϊον
2500 434 2556 486 δὲ
2604 432 2693 486 τὸν
2727 430 2986 501 νεώτερον
3033 428 3298 497 Ἀντίοχος
3328 426 3410 490 είς
3450 425 3640 496 χεῖρας

379 551 602 595 sumens
652 550 887 607 eumque
933 548 1269 605 cognoscens
1308 534 1525 592 illorum
1561 549 1690 591 vere
1726 533 1936 588 fratren

2061 528 2266 592 λαϐὼν,
2297 526 2393 580 καὶ
2418 523 2662 587 πεισθεὶς
2691 522 2785 577 καὶ
2803 520 2992 574 τοῦτον
3026 515 3163 574 εἶναι
3192 516 3413 587 ἀδελφὸν
3442 516 3551 569 τῶν
3576 519 3639 569 ἐν

380 644 507 686 esse
536 629 626 699 qui
659 604 874 684 dolores
901 604 1169 696 ejusmodi
1201 625 1359 683 nihili
1395 626 1640 682 lacerent
1660 665 1676 691 ,
1698 625 1936 696 idemque

2059 618 2235 671 οὐδενὶ
2265 614 2597 688 τηλικαύτας
2624 611 2921 682 ἀλγηδόνας
2948 609 3207 699 θεμένων,
3231 606 3445 699 καὶῗτην
3468 604 3637 699 αὐτὴν

379 735 449 775 ac
478 719 596 775 illos
621 719 956 789 propositum
987 732 1232 783 servare,
1268 717 1371 773 alia
1394 719 1480 772 via
1503 732 1793 788 aggressus
1827 726 1936 781 est,

2057 708 2202 778 ἔχειν
2251 706 2478 769 ἐκείνοις
2513 703 2828 775 προαίρεσιν
2849 741 2863 765 ,
2915 700 3031 754 ἀλλ’
3062 698 3269 789 ἐφόδοις
3297 694 3371 766 (8)
3405 694 3631 789 ἐχρῆτο·

377 818 576 880 putans
606 784 807 862 eum—et
837 808 1023 863 verbis
1052 808 1322 863 hortando
1354 784 1683 877 persuadere
1712 823 1868 879 posse
1896 822 1936 865 et

2057 796 2295 870 νομίζων
2321 796 2482 849 αὐτὸν
2514 792 2892 865 παρακλήσεσι
2931 786 3349 859 πεισθήσεσθαι,
3380 784 3475 837 καὶ
3514 786 3632 848 ταῖς

377 913 501 954 cum
551 897 865 968 iuramento
892 898 1217 954 allirmando
1263 914 1361 955 «se
1389 899 1608 954 divitem
1644 910 1700 956 et
1732 900 1949 955 beatum

372 993 644 1047 facturum
689 999 745 1045 et
784 991 1103 1047 translatum
1154 1006 1183 1045 a
1232 993 1425 1061 patriis
1466 993 1675 1063 legibus
1712 995 1947 1049 amicum

375 1082 689 1138 habiturum
706 1121 721 1145 ,
755 1092 812 1135 et
841 1082 1060 1151 negotia
1083 1082 1229 1152 regia
1246 1084 1295 1138 ei
1317 1083 1650 1138 crediturum
1670 1083 1736 1139 ".
1758 1101 1777 1135 ι
1813 1084 1947 1139 Cum

375 1183 558 1228 autem
605 1173 742 1227 nihil
777 1172 1097 1242 proliceret,
1132 1188 1197 1227 ac
1240 1187 1308 1227 ne
1336 1173 1404 1226 ab
1431 1173 1586 1228 initio
1613 1174 1831 1245 quidem
1868 1183 1950 1229 at-

374 1265 626 1320 tenderet
658 1264 1011 1330 adolescens,
1046 1266 1245 1336 quippe
1278 1265 1622 1321 sermonibus
1672 1282 1701 1321 a
1751 1281 1949 1336 propo-

371 1358 481 1413 sito
509 1372 610 1412 suo
637 1356 798 1427 plane
827 1356 1025 1411 alienis
1047 1395 1063 1422 ,
1093 1356 1310 1413 vocavit
1342 1367 1570 1412 matrem
1601 1368 1657 1413 et
1681 1357 1948 1413 suadebat

372 1450 425 1503 ei
482 1458 541 1504 ut
593 1448 926 1504 adolescenti
963 1448 1247 1505 consilium
1295 1447 1451 1504 daret
1505 1451 1572 1503 ad
1618 1451 1849 1504 salutem
1877 1449 1943 1503 ⁸³.

371 1535 505 1600 Quae
537 1552 662 1593 cum
698 1538 1036 1609 promisisset
1081 1551 1367 1592 suasuram
1413 1552 1473 1592 se
1524 1537 1634 1591 ﬁlio
1674 1552 1774 1593 suo
1823 1553 1945 1608 quae

372 1629 567 1693 vellet,
625 1628 906 1684 «irridens
952 1629 1306 1701 tyrannum“
1339 1648 1357 1680 ι
1396 1628 1564 1682 multa
1605 1627 1718 1683 lilio
1746 1630 1811 1684 de
1844 1645 1943 1698 pa-
1978 1655 1983 1663 -

374 1719 567 1774 tientia
590 1718 754 1774 verba
779 1720 929 1786 fecit,
963 1721 1095 1774 adeo
1118 1728 1176 1773 ut
1199 1719 1419 1790 juvenis
1444 1721 1647 1775 intenta
1679 1722 1942 1789 supplicia

371 1822 483 1863 non
511 1813 887 1881 exspectaret),
920 1811 1017 1864 sed
1053 1808 1430 1879 prmverteret,
1467 1820 1522 1866 et
1559 1819 1792 1868 tortores
1821 1828 1947 1881 pro-

370 1907 598 1954 vocaret
631 1900 859 1956 dicens:
920 1900 1059 1968 Quid
1093 1903 1457 1969 cunctamini,
1512 1903 1639 1972 quid
1678 1904 1946 1960 cessatis?

371 1986 657 2043 obedimus
687 1989 791 2060 legi
822 2004 852 2043 a
877 1990 989 2045 Deo
1014 1991 1186 2058 datae;
1217 1993 1419 2050 divinis
1449 1993 1790 2050 sermonibus
1815 2009 1946 2049 con-

372 2079 541 2133 traria
572 2079 748 2136 edicta
779 2079 991 2135 admitti
1022 2097 1128 2138 non
1173 2082 1395 2139 debent.
1438 2084 1745 2151 Quinetiam
1780 2085 1944 2138 veluti

371 2182 471 2223 rex
502 2169 697 2239 aliquis
730 2171 822 2241 qui
866 2170 936 2226 de
969 2172 1203 2228 subditis
1249 2173 1480 2243 imperio
1522 2189 1622 2230 suo
1669 2175 1943 2242 ediceret,

365 2259 630 2328 judicium
661 2260 716 2316 in
750 2271 1039 2333 tyrannum
1071 2262 1224 2318 illum
1256 2266 1540 2335 proposuit
1568 2266 1736 2336 judex
1765 2267 1945 2335 potius

369 2364 535 2417 quam
577 2366 737 2419 reus,
769 2361 826 2408 et
857 2353 996 2410 dixit
1040 2354 1158 2410 fore
1203 2364 1263 2412 ut
1314 2357 1574 2427 quoniam
1625 2358 1944 2413 cmlestihus

366 2448 556 2518 pueris
587 2463 783 2504 manus
810 2447 1105 2517 intulerat,
1149 2469 1168 2502 ι
1192 2452 1580 2522 omnipotentis
1614 2451 1710 2509 Dei
1742 2464 1795 2509 et
1825 2470 1944 2510 om-

369 2541 461 2596 nia
493 2541 836 2610 iuspicientis
880 2543 1148 2614 judicium
1180 2559 1288 2599 non
1320 2543 1663 2617 cli'ugeret”.
1688 2565 1708 2600 ι

434 2805 526 2860 27.
566 2806 786 2862 illorum
835 2807 1003 2863 etiam
1052 2817 1282 2863 matrem
1323 2807 1506 2865 videre
1535 2818 1659 2865 erat
1700 2809 1937 2865 ﬁliorum

367 2901 643 2958 cruciatus
688 2910 743 2958 et
791 2915 957 2958 neces
998 2902 1140 2957 bono
1187 2904 1370 2958 animo
1405 2903 1669 2959 ferentem
1718 2913 1939 2974 propter

368 2992 583 3046 divinas
611 3006 771 3061 spes;
816 3007 907 3047 ros
953 2992 1098 3046 enim
1135 2989 1353 3063 pietatis
1382 3003 1437 3048 et
1470 3009 1604 3048 aura
1629 2994 1937 3049 sanctitatis

367 3097 476 3137 non
503 3082 717 3136 sinebat
755 3082 809 3137 in
834 3082 1132 3137 visceribus
1165 3082 1286 3150 ejus
1313 3086 1531 3139 accendi
1569 3085 1750 3154 ignem
1787 3084 1936 3139 illum

2040 3065 2324 3128 εὐσεϐείας
2355 3062 2447 3116 καὶ
2477 3058 2691 3131 πνεῦμα
2716 3058 2898 3129 όσιότη

367 3171 604 3228 materni
631 3174 834 3228 amoris
870 3187 979 3242 quo
1008 3181 1212 3226 matres
1249 3173 1433 3228 multae
1468 3173 1614 3228 velut
1649 3175 1701 3229 in
1725 3176 1937 3244 gravis-

365 3263 520 3318 simis
544 3262 698 3319 malis
719 3261 1128 3332 deﬂagrassent.
1159 3262 1412 3337 Arbitror
1442 3278 1526 3318 me
1548 3262 1834 3319 utilissime
1863 3264 1933 3319 ad

366 3353 707 3420 propositum
756 3352 871 3405 haec
908 3349 1149 3404 breviter
1180 3365 1211 3406 e
1255 3350 1542 3420 Scriptura
1586 3354 1934 3424 proposuisse

365 3449 426 3496 ut
459 3441 737 3497 videamus
768 3442 899 3510 quid
930 3440 1194 3499 adversus
1226 3444 1508 3499 cruciatus
1548 3445 1933 3501 acerbissimos

362 3541 421 3588 et
449 3533 768 3604 gravissima
802 3543 1075 3590 tormenta
1127 3535 1300 3606 possit
1335 3536 1510 3605 pietas
1550 3546 1605 3591 et
1652 3552 1807 3593 amor
1839 3539 1929 3594 Dei

360 3627 558 3695 quovis
593 3640 779 3684 amore
816 3626 979 3698 longe
1008 3628 1301 3698 potentior.

431 3862 522 3918 28.
592 3863 759 3930 Quale
821 3881 956 3924 vero
1023 3869 1097 3923 sit
1156 3873 1477 3941 martyrium
1544 3882 1599 3928 et
1666 3882 1926 3943 quantam

359 3970 485 4011 cum
540 3956 650 4012 Deo
712 3959 905 4027 agendi
980 3959 1287 4015 libertatem
1360 3964 1603 4032 tribuat,
1677 3968 1926 4022 et’hinc

358 4049 616 4119 cognosci
686 4059 886 4120 potest.
960 4051 1095 4106 Cum
1157 4052 1305 4107 vinci
1368 4056 1501 4109 nolit
1556 4057 1649 4125 qui
1704 4067 1926 4113 sanctus

357 4152 482 4206 est,
552 4142 793 4212 velitque
856 4142 1115 4198 beneﬁcia
1197 4147 1494 4214 rependere
1550 4148 1744 4216 quibus
1801 4163 1924 4203 eum

358 4233 518 4304 291
552 4233 697 4290 Deus
730 4234 1028 4305 praevenit,
1059 4236 1257 4305 quaerit
1303 4237 1433 4306 quid
1484 4237 1715 4295 Domino
1762 4241 1926 4296 faciat

353 4340 454 4394 pro
488 4326 760 4382 universis
790 4340 912 4394 quae
939 4329 1007 4380 ab
1035 4325 1127 4382 illo
1156 4328 1408 4397 accepit;
1459 4343 1561 4384 nec
1599 4328 1741 4384 aliud
1773 4331 1924 4401 quid-

354 4430 517 4486 quam
565 4416 773 4471 invenit
821 4417 970 4486 quod
1021 4417 1194 4487 possit
1235 4419 1399 4473 homo
1446 4428 1634 4489 gratus
1668 4420 1775 4476 Deo
1806 4422 1924 4476 red-

1954 4371 2001 4426 D

2054 890 2124 943 δι’
2147 891 2328 960 ὅρκων
2356 884 2650 940 πιστώσεσι
2676 882 2803 954 περὶ⁵
2834 880 2927 934 τοῦ
2966 900 2984 931 ι
3013 877 3262 931 πλούσιον
3294 876 3454 928 αὐτὸν
3481 875 3634 944 ποιήο

2055 997 2168 1033 σειν
2222 980 2316 1033 καὶ
2362 975 2698 1050 μακαριστὸν
2743 970 3106 1045 μεταθέμενόν
3134 987 3194 1023 τε
3234 968 3342 1022 ἀπὸ
3389 966 3496 1020 τῶν
3524 982 3629 1020 πα·-

2052 1070 2237 1142 τρίων,
2275 1072 2351 1135 εἰς
2390 1068 2576 1138 φίλους
2604 1064 3104 1135 ἐγκαταταχθῆναι,
3140 1061 3232 1115 καὶ
3270 1060 3457 1133 χρείας
3483 1058 3633 1129 βασι-

2052 1159 2209 1225 λικὰς
2251 1157 2734 1230 ἐμπιστευθῆναι.»
2788 1155 2876 1218 Ὠς
2906 1153 2950 1206 δ’
2975 1153 3126 1206 οὐδὲν
3155 1153 3304 1221 ἤνυε,
3328 1151 3425 1222 τὴν
3458 1149 3629 1221 ἀρχὴν

2054 1250 2190 1322 μηδὲ
2238 1249 2598 1321 προσέχοντος
2638 1245 2733 1298 τοῦ
2787 1242 2998 1297 νεανίου
3053 1240 3127 1304 ὡς
3184 1237 3480 1309 ἀλλοτρίοις
3531 1237 3631 1306 τῆς

2053 1339 2247 1395 ἐαυτοῦ
2292 1338 2662 1411 προαιρέσεως
2706 1337 2816 1399 τοῖς
2870 1331 3215 1402 λεγομένοις,
3261 1326 3631 1400 προσκαλεσά-

2052 1445 2213 1500 μενος
2247 1427 2351 1499 τὴν
2382 1427 2634 1498 μητέρα,
2680 1424 2909 1494 παρῄνει
2935 1418 3176 1490 γίνεσθαι
3212 1417 3306 1472 τοῦ
3345 1418 3627 1489 μειρακίου

2051 1518 2352 1590 σύμϐουλον
2403 1517 2498 1569 ἐπὶ
2543 1515 2805 1586 σωτηρίᾳ.
2873 1514 2938 1566 Ἡ
2984 1511 3078 1577 δὲ,
3137 1509 3521 1579 ἐπιδειξαμένη
3552 1506 3626 1578 {9)

2050 1609 2257 1663 πείσειν
2289 1608 2417 1679 περ)⁸
2442 1600 2516 1660 ὧν
2550 1605 2708 1676 ἤθελε
2740 1604 2832 1657 τὸν
2861 1603 2995 1665 υἱὸν,
3025 1601 3115 1654 καὶ
3154 1619 3172 1651 ι
3197 1599 3504 1670 χλευάσασα
3534 1598 3627 1652 τὸν

2048 1700 2329 1771 τύραννον,
2355 1718 2373 1750 ι
2405 1697 2633 1759 πολλοὺς
2665 1694 2741 1766 τῷ
2771 1692 2873 1764 υἱῷ
2908 1692 3073 1746 ἐκίνει
3103 1691 3294 1760 λόγους
3331 1690 3459 1762 περὶ
3492 1691 3627 1742 ὑπο-

1978 1777 2022 1831 Β
2055 1793 2220 1863 μονῆς
2239 1808 2252 1822 ⁸
2297 1791 2373 1859 ὡς
2398 1788 2488 1843 τὸν
2508 1788 2744 1851 νεανίαν,
2782 1786 2856 1856 μὴ
2897 1783 3286 1855 περιμείναντα
3316 1781 3412 1853 τὴν
3437 1783 3627 1852 ἐπιφε-

2054 1883 2286 1956 ρομένην
2331 1879 2573 1945 κόλασιν,
2629 1875 2964 1950 προλαϐόντα
3014 1873 3450 1948 προκαλέσασθαι
3499 1874 3626 1936 τούς

2047 1972 2272 2044 δημίους
2291 2011 2304 2036 ,
2333 1969 2588 2038 λέγοντα·
2618 1968 2682 2020 Τί
2714 1966 2932 2038 μέλλετε
2962 1964 3056 2018 καὶ
3084 1963 3405 2037 βραδύνετε;
3434 1962 3625 2015 ἀκούο-

2050 2079 2149 2133 μεν
2179 2062 2289 2133 γάρ
2319 2061 2484 2132 νόμου
2516 2058 2610 2111 τοῦ
2635 2057 2876 2120 δοθέντος
2918 2055 3024 2109 ἀπὸ
3054 2053 3189 2107 Θεοῦ
3208 2071 3222 2084 ⁸
3258 2054 3317 2106 οὐ
3345 2053 3624 2123 προσιέναι

2046 2155 2127 2208 δεῖ
2170 2153 2497 2226 πρόσταγμα
2537 2151 2944 2219 ἐναντιούμενον
2986 2145 3149 2207 θείοις
3185 2144 3383 2213 λόγοις.
3460 2144 3623 2197 Ἀλλά

2045 2246 2140 2299 καὶ
2178 2243 2417 2316 ὡσπερεὶ
2458 2242 2708 2313 βασιλεὺς
2741 2239 3169 2309 ἀποφαινόμενος
3217 2236 3360 2291 κατά
3391 2237 3500 2290 τῶν
3530 2238 3622 2289 ὑπ’

2046 2337 2193 2409 αὐτῷ
2226 2335 2619 2406 δικαζομένων,
2665 2333 2980 2403 ἀπεφήνατο
3023 2330 3202 2401 κρίσιν
3228 2329 3327 2400 τὴν
3356 2329 3499 2384 κατὰ
3527 2329 3621 2384 τοῦ

2043 2428 2329 2498 τυράννου,
2379 2421 2612 2487 δικάζων
2650 2422 2846 2493 μᾶλλον
2872 2420 3035 2474 αὐτὸν
3069 2419 3213 2490 ἢπερ
3239 2417 3619 2490 δικαζόμενος,

2043 2520 2139 2574 καὶ
2170 2518 2426 2587 ἔφασκεν,
2465 2515 2538 2578 ὡς
2573 2515 2682 2586 ἄρα
2717 2513 2809 2566 ἐπὶ
2841 2513 2965 2574 τοὺς
2991 2510 3274 2582 οὐρανίους
3292 2508 3403 2581 (10)
3428 2509 3619 2573 παῖδας

2043 2611 2315 2682 ἀράμενος
2364 2610 2587 2678 χεῖρας,
2629 2626 2648 2657 ι
2679 2606 2779 2659 οὐκ
2823 2602 3141 2672 ἐκφεύξεται
3171 2602 3269 2674 τὴν
3300 2602 3394 2658 τοῦ
3426 2620 3621 2656 παντο-

2042 2700 2308 2773 κράτορος
2332 2698 2566 2754 ἐπόπτου
2595 2694 2730 2749 Θεοῦ
2766 2694 2964 2765 κρίσιν.
3000 2711 3020 2744 ι

2111 2784 2220 2844 Ἦν
2258 2788 2316 2843 δέ
2347 2789 2469 2842 τότε
2502 2785 2600 2857 τὴν
2648 2784 2858 2856 μητέρα
2888 2782 2996 2835 τῶν
3028 2780 3294 2836 τοσούτων
3339 2780 3486 2847 ἰδεῖν,
3529 2780 3619 2834 εὐ-

2040 2883 2227 2955 ψύχως
2250 2880 2359 2953 (Η)
2387 2880 2658 2951 φέρουσαν
2684 2875 2772 2930 διά
2798 2875 2898 2938 τὰς
2929 2873 3021 2927 ἐπὶ
3053 2873 3143 2926 τὸν
3185 2873 3315 2926 Θεὸν
3361 2873 3577 2938 ἐλπίδας
3598 2914 3614 2941 ,

2040 2976 2170 3039 τοὺς
2204 2973 2398 3035 πόνους
2431 2971 2524 3024 καὶ
2552 2969 2679 3031 τοὺς
2705 2967 2964 3028 θανάτους
2985 2964 3094 3019 τῶν
3118 2963 3275 3017 υίῶψ
3309 2963 3489 3035 δρόσοι
3510 2965 3615 3034 γὰρ

2902 3074 2991 3119 τος
3015 3056 3115 3109 οὐκ
3138 3057 3261 3108 είων
3287 3056 3614 3111 ἀνάπτεσθαι

2039 3159 2098 3212 ἐν
2121 3147 2230 3220 τοῖς
2257 3155 2585 3225 σπλάγχνοις
2616 3150 2785 3221 αὐτῆς
2806 3149 2868 3203 τὸ
2903 3148 3163 3219 μητρικὸν
3190 3147 3284 3201 καὶ
3314 3148 3372 3201 ὲν
3398 3147 3613 3213 πολλαῖς

2034 3247 2468 3318 ἀναφλεγόμενον
2508 3244 2582 3307 ὼς
2612 3242 2704 3296 ἐπὶ
2740 3240 3061 3312 βαρυτάτοις
3105 3243 3293 3303 κακοῖς
3326 3239 3455 3309 πῦρ.
3509 3240 3613 3293 Νο-

2034 3341 2178 3412 μίζω
2199 3340 2257 3393 δὲ
2285 3339 2379 3393 καὶ⁷
2416 3336 2586 3405 ταῦτα
2627 3334 3021 3407 χρησιμώτατα
3052 3333 3188 3404 πρὸς
3224 3332 3283 3385 τὸ
3323 3332 3614 3404 προκείμεο

2030 3449 2118 3487 νον
2144 3431 2463 3503 ὲπιτεμόνος
2493 3426 2604 3501 (i2)
2635 3426 2744 3480 ἀπὸ
2784 3426 2880 3497 τῆς
2914 3425 3137 3497 Γραφῆς
3168 3422 3607 3496 παρατεθεῖσθαι,

2037 3522 2103 3576 ἵν’
2139 3522 2356 3592 ἴδωμεν,
2397 3520 2520 3573 ὅσον
2561 3517 2784 3571 δύναται
2818 3514 2959 3569 κατὰ
2990 3515 3100 3569 τῶν
3136 3514 3485 3585 τραχυτάτων
3516 3512 3612 3567 πό-

2037 3626 2142 3663 νων
2198 3608 2291 3661 καὶ
2340 3607 2448 3660 τῶν
2498 3604 2813 3676 βαρυτάτων
2862 3603 3110 3674 βασάνων
3151 3602 3399 3656 εὐσέϐεια
3431 3604 3526 3661 καὶ
3548 3598 3607 3651 τὸ

2037 3701 2175 3772 πρὸς
2210 3699 2341 3752 Θεὸν
2369 3697 2588 3768 φίλτρον
2606 3737 2621 3762 ,
2657 3696 2858 3758 παντὸς
2900 3694 3122 3768 φίλτρου
3154 3694 3275 3749 καθ’
3309 3692 3606 3766 ὑπερϐολὴν

2036 3793 2219 3846 πλεῖον
2251 3790 2581 3859 δυνάμενον.

2118 3883 2329 3936 Ὀποῖον
2364 3879 2409 3931 δ’
2441 3879 2558 3931 ἐστὶ
2605 3879 2667 3932 τὸ
2710 3877 3035 3949 μαρτύριον,
3068 3877 3162 3931 καὶ
3194 3876 3364 3947 πόσην
3396 3877 3605 3946 παῤῥη-

2037 3971 2156 4025 σίαν
2208 3967 2467 4038 ἐμποιοῦν
2511 3966 2647 4039 πρὸς
2694 3966 2785 4020 τὸν
2834 3966 2999 4030 Θεὸν,
3052 3966 3144 4019 καὶ
3199 3964 3445 4019 ἐντεῦθεν
3497 3963 3603 4017 ἔστι

2033 4056 2390 4128 καταμαθεῖν.
2455 4054 2737 4126 Φιλότιμὸς
2793 4072 2875 4118 τις
2915 4057 2943 4108 ό
2976 4053 3128 4123 ἅγιος
3173 4055 3271 4119 ὢν,
3322 4054 3417 4107 καὶ
3454 4051 3606 4122 ἀμεί-

2030 4149 2231 4221 ψασθαι
2256 4149 2424 4202 θέλων
2450 4148 2548 4211 τὰς
2570 4146 2853 4217 φθασάσας
2876 4147 2957 4209 είς
2979 4145 3139 4200 αὐτὸν
3159 4145 3475 4218 εὐεργεσίας
3501 4145 3604 4199 ἀπὺ

2031 4240 2188 4306 Θεοῦ,
2223 4239 2374 4312 ζητεῖ
2416 4239 2469 4291 τί
2506 4238 2572 4292 ἂν
2612 4239 2832 4309 ποιήσαι
2875 4236 2954 4307 τῷ
2982 4237 3172 4309 Κυρίῳ
3207 4237 3337 4308 περὶ
3365 4237 3598 4300 πάντων,

2030 4325 2104 4386 ὧν
2132 4333 2224 4385 ἀπ’
2249 4329 2414 4385 αὐτοῦ
2450 4329 2638 4400 εἴληφε
2658 4345 2671 4358 ’
2705 4329 2799 4382 καὶ
2825 4328 2974 4382 οὐδὲν
3002 4327 3130 4383 ἄλλο
3167 4327 3409 4398 εὑρίσκει
3442 4328 3603 4381 οἱονεὶ

2027 4425 2313 4496 ἰσόρροπον
2347 4425 2466 4485 ταῖς
2491 4420 2832 4491 εὐεργεσίαις
2858 4421 3153 4490 δυνάμενον
3178 4420 3286 4472 ἀπὸ
3316 4419 3597 4491 ἀνθρώπου

354 4507 485 4562 dere
534 4522 632 4563 ceu
703 4509 910 4578 aequale
969 4508 1283 4574 beneficiis,
1335 4525 1497 4579 quam
1550 4512 1604 4565 in
1662 4514 1925 4583 martyrio

2037 4511 2420 4583 εὐπροαιρέτου
2447 4508 2771 4579 ἀποδοθῆναι
2815 4508 2965 4579 Θεῷ,
2994 4509 3069 4572 ὡς
3096 4508 3194 4579 τὴν
3228 4510 3286 4564 ἐν
3319 4506 3598 4579 μαρτυρίῳ

354 4597 517 4651 mori.
551 4597 826 4667 Scriptum
878 4608 962 4654 est
1005 4600 1184 4653 enim:
1233 4618 1252 4651 ι
1290 4600 1428 4667 Quid
1471 4603 1771 4659 retribuam
1817 4603 1921 4659 Do-

353 4685 505 4739 mino
539 4701 639 4754 pro
668 4687 923 4743 omnibus
952 4702 1072 4756 quae
1103 4689 1357 4743 retribuit
1381 4690 1512 4744 mihi
1538 4691 1562 4744 l
1589 4709 1608 4742 ι
1640 4690 1707 4746 Ει
1730 4692 1878 4746 addit
1904 4711 1919 4748 :

355 4791 379 4825 ε
421 4773 658 4829 Calicem
702 4777 958 4833 salutaris
995 4778 1300 4845 accipiam,
1347 4787 1407 4832 et
1453 4794 1652 4834 nomen
1708 4781 1921 4837 Domini

350 4866 619 4922 invocabo
642 4867 709 4919 ⁷⁸.
738 4886 758 4920 ι
798 4866 951 4923 Solet
978 4879 1162 4924 autem
1194 4870 1514 4941 martyrium
1551 4888 1569 4921 ι
1601 4873 1739 4926 calix
1775 4873 1921 4927 salu-

352 4954 485 5010 taris
520 4974 540 5008 ι
585 4957 810 5023 vocari,
865 4965 924 5012 ut
971 4958 1025 5012 in
1069 4958 1363 5029 Evangelia
1410 4964 1730 5028 reperimus.
1781 4962 1916 5017 Cum

2020 4601 2293 4671 τελευτήν.
2329 4601 2640 4671 Γέγραπται
2669 4599 2778 4670 γάρ
2803 4616 2816 4629 ·
2853 4618 2870 4650 ι
2904 4600 2969 4653 Τί
2992 4600 3357 4655 ἀνταποδώσω
3379 4599 3456 4670 τῷ
3490 4602 3598 4653 Κυ-

2026 4691 2126 4764 ρίῳ
2156 4692 2281 4763 περὶ
2326 4692 2538 4744 πάντων
2571 4684 2645 4744 ὧν
2679 4690 3025 4744 ἁνταπέδωκέ
3055 4708 3177 4761 μοι;
3210 4711 3229 4744 ι
3267 4691 3378 4744 Καὶ
3406 4691 3597 4758 ἐπάγει

2026 4786 2199 4854 λέγων
2219 4802 2233 4816 ο
2267 4804 2285 4836 ι
2318 4785 2583 4855 Ποτήριον
2614 4784 2880 4856 σωτηρίου
2910 4783 3171 4855 λήψομαι,
3203 4786 3296 4839 καὶ
3329 4785 3390 4837 τὸ
3431 4785 3597 4856 ὄνομα

2026 4877 2229 4948 Κυρίου
2245 4875 2656 4947 ἐπικαλέσομαι.
2673 4895 2793 4928 ι-ι
2807 4876 3068 4948 Ποτήριον
3082 4875 3139 4928 δὲ
3155 4876 3420 4947 σωτηρίου
3443 4896 3461 4929 ι
3480 4877 3596 4940 ἔθος

2024 4966 2381 5038 ὀνομάζεσθαι
2407 4966 2467 5019 τὸ
2494 4966 2788 5040 μαρτύριον
2828 4966 2959 5039 (15),
2989 4966 3064 5030 ὡς
3087 4969 3144 5021 ἐν
3174 4967 3253 5039 τῷ
3282 4968 3595 5037 Εὐαγγελίῳ

423 5062 468 5095 ⁸⁷
502 5062 548 5117 ll
582 5062 757 5119 Mach.
800 5081 897 5134 vn,
926 5066 1019 5121 24.
1094 5068 1139 5102 ⁸⁸
1165 5067 1300 5124 Ibid.
1346 5068 1437 5124 25.
1513 5070 1716 5124 "Ibid.
1764 5073 1855 5128 27.
1931 5075 1977 5108 ⁷ο
2008 5076 2138 5131 lhid.
2184 5076 2274 5131 55.
2349 5076 2394 5109 “
2422 5075 2570 5132 Psal.
2611 5093 2749 5142 cxv,
2802 5078 2888 5133 l2.

346 5156 865 5236 factus_creatur_a_a_,
895 5176 1013 5215 eam
1046 5163 1112 5218 ad
1159 5163 1568 5219 similitudinem
1605 5181 1726 5236 quae
1773 5169 1826 5222 in
1859 5184 1918 5225 se

346 5239 431 5284 est
467 5231 695 5286 reducit.
728 5249 747 5282 ι
776 5230 1164 5290 Wmsmmus.

445 5301 500 5369 8)
549 5300 717 5374 _‘A.Z.lj
750 5302 1009 5374 ἐφόδοις.
1062 5303 1216 5374 L_eg.,
1261 5304 1447 5368 ἄλλαις
1476 5305 1703 5374 ἐφόδοις.

440 5375 520 5448 ῃ
548 5370 1019 5448 Ἰζξτιδειξαμένῃ.
1082 5370 1247 5448 Forte
1293 5376 1483 5448 scrib.,
1519 5370 1914 5448 ’ἐπιδεξαμένψ

441 5438 528 5516 tu)
568 5438 921 5516 ρύραγίοὺς.
950 5438 1056 5516 his.
1098 5443 1268 5516 codex
1307 5446 1590 5509 mendose,
1634 5438 1914 5516 οὐρανούς.

444 5509 531 5583 il)
569 5513 889 5583 Ερψύχως.
950 5512 1071 5583 Ms.,
1100 5512 1372 5583 εὐχύχως,
1403 5527 1672 5583 corrupte.

449 5517 503 5562 ll
569 5517 889 5581 Εὺψύχως.
950 5517 1071 5575 Ms.,
1100 5517 1372 5583 εὐχύχως,
1403 5527 1672 5583 corrupte.

449 5517 531 5649 l2;
587 5580 979 5655 Ἐπιτεμόνος.
1037 5582 1197 5637 Forte
1243 5583 1584 5655 scribendum
1611 5625 1624 5647 ,
1661 5585 1916 5655 ἐπιτεμός

345 5649 455 5725 νως
486 5649 640 5725 quasi
671 5649 977 5725 ὲπιέόμως,
1012 5671 1028 5703 ι
1053 5654 1403 5725 compendio;
1429 5673 1448 5707 ι
1483 5666 1577 5711 aut
1604 5649 1909 5725 legendum,

348 5717 727 5786 ἐπιστημόνως
754 5758 768 5783 ,
805 5717 1001 5789 (scite,
1029 5717 1343 5792 prudenter.
1383 5746 1402 5779 ι

2099 5170 2209 5249 (15)
2241 5170 2532 5249 Ποτήριον
2545 5171 2626 5249 Δδὲ
2650 5172 2948 5249 σωτηρίου
2971 5174 3107 5249 ἔρος
3128 5172 3510 5249 όνοιέᾴζὲσθαι
3528 5172 3592 5227 τὸ

2022 5243 2370 5313 μαρτύριον.
2399 5242 2654 5313 Poculutn
2687 5243 2964 5313 salutaris,
2999 5244 3176 5313 inquit
3223 5242 3597 5305 'Wetstenius,

2025 5311 2289 5381 Origenes
2322 5326 2427 5364 non
2460 5312 2596 5381 dicit
2631 5326 2726 5378 per
2756 5311 3159 5378 Hebraismuin,
3196 5314 3434 5380 genitivo
3464 5316 3590 5367 sub-

2024 5379 2242 5434 statitivi
2275 5396 2373 5449 pro
2393 5379 2660 5451 adjective
2685 5379 3405 5451 sumptozquemadntodum
3432 5385 3588 5451 vulgo

2024 5461 2261 5512 vertunt,
2294 5450 2535 5516 poculum
2559 5449 2744 5504 salutis
2783 5449 3059 5516 accipiunt;
3090 5454 3139 5505 id
3180 5462 3265 5506 est
3311 5449 3544 5507 salutare
3563 5469 3585 5518 ,-

2023 5521 2117 5590 sctl
2146 5518 2207 5570 τὸ
2236 5521 2526 5590 σωτήριον,
2553 5519 2818 5590 salutare,
2843 5531 3139 5590 usurpatur,
3177 5522 3295 5576 vice
3331 5524 3585 5577 substan-

2026 5589 2117 5640 tivi
2150 5588 2412 5659 σωτηρία,
2435 5597 2489 5642 et
2516 5588 2603 5659 hic
2626 5588 2821 5643 iterum
2845 5588 3166 5644 abstractum
3195 5606 3295 5658 pro
3320 5604 3581 5656 concreto,

2022 5672 2213 5723 nempe
2244 5656 2519 5711 Sérvatore
2554 5657 2694 5725 ipso.
2728 5659 2803 5712 Ita
2832 5659 3050 5715 Sintcon
3079 5656 3396 5727 complexus
3428 5661 3585 5714 Chri-

2019 5737 2162 5782 stunt
2200 5727 2408 5783 Domini
2449 5737 2630 5782 natum
2666 5727 2795 5784 Luc.
2825 5744 2862 5784 η
2884 5769 2899 5798 ,
2927 5729 2996 5783 20
3020 5748 3033 5784 :
3060 5727 3183 5783 Ὅτι
3207 5725 3355 5784 εἶδον
3398 5731 3448 5785 οἱ
3487 5729 3583 5801 ὸς»
