3988 6156
336 322 456 378 ἷί97

1455 331 1906 387 EXHORTATIO
1946 331 2035 386 AD
2076 323 2513 384 MARTYRIUM.

3511 319 3615 374 598

333 441 597 513 εὕρομεν
619 459 635 476 ·
667 445 826 514 ἡνίκα
851 444 957 518 γὰρ
986 445 1229 517 μείζονος
1275 447 1545 520 ὠρέγοντο
1588 451 1754 521 τιμῆς
1785 453 1834 503 οί
1865 451 1918 503 θέ

2023 508 2024 512 η
2055 452 2200 504 enim
2253 448 2513 516 majorem
2559 451 2880 514 appeterent
2917 441 3177 498 honorem
3209 441 3298 509 qui
3349 455 3380 495 a
3411 441 3615 496 dextris

331 533 546 598 λοντες
599 539 664 589 ἐκ
704 536 892 603 δεξιῶν
939 539 1032 592 καὶ
1089 539 1148 606 ἐξ
1185 540 1476 611 εὐωνύμων
1522 543 1845 612 καθεσθῆναι
1869 542 1946 612 τῷ

347 626 552 695 Ἰησοῦ
589 628 646 680 ἐν
695 631 759 698 τῇ
804 628 1050 700 βασιλείᾳ
1099 631 1294 696 αὐτοῦ,
1332 633 1464 700 φησι
1512 633 1648 704 πρὸς
1691 634 1886 696 αὐτοὺς
1917 637 1945 686 6

331 717 569 788 Κύριος
589 736 602 750 ο
641 738 659 770 ι
697 719 933 774 Δύνασθε
965 725 1106 773 πιεῖν
1131 722 1191 773 τὸ
1220 723 1476 792 ποτήριον
1512 723 1540 775 ὃ
1567 722 1678 792 ἐγὼ
1711 724 1882 789 πίνω;
1920 745 1937 775 ι

331 809 623 879 ποτήριον
667 808 839 876 λέγων
883 809 944 861 16
975 811 1271 883 μαρτύριον
1295 829 1308 842 ο
1338 813 1472 883 ὅπερ
1505 814 1620 866 ἐστὶ
1660 815 1826 882 σαφὲς
1849 816 1943 868 καὶ

331 901 404 950 ἐκ
437 897 548 950 106
572 915 586 928 ·
627 918 642 950 ι
683 901 884 969 Πάτερ,
920 903 967 954 εί
991 902 1212 956 δυνατὸν
1242 902 1374 972 (14),
1410 903 1712 974 παρένεγκε
1745 904 1804 956 16
1847 922 1942 956 πο-

325 989 548 1058 τήριον
587 989 742 1042 τοῦτο
774 989 869 1043 ἀπ’
914 989 1049 1060 ἐμοῦ
1070 1008 1082 1020 ·
1116 990 1254 1061 πλὴν
1300 992 1362 1044 οὐ
1403 993 1456 1046 τί
1482 991 1591 1061 ἐγὼ
1619 992 1776 1056 Θέλω,
1806 993 1941 1047 ἀλλὰ

327 1079 386 1132 τί
443 1079 543 1132 σύ.
583 1099 600 1132 ι
650 1080 796 1151 Πλὴν
848 1081 1189 1152 μανθάνομεν
1222 1083 1302 1135 ὅτι
1357 1081 1640 1151 συγκαθιεῖ
1689 1083 1800 1154 (15)
1844 1083 1940 1136 καὶ

328 1169 805 1240 συμϐασιλεύσει,
840 1171 934 1223 καὶ
969 1171 1272 1226 συνδικάσει
1299 1173 1376 1244 τῷ
1407 1173 1616 1242 βασιλεῖ
1645 1171 1752 1226 τῶν
1789 1173 1941 1242 βασι-

325 1257 622 1314 λευόντων
648 1263 675 1313 ὀ
719 1259 857 1313 πιὼν
907 1261 967 1314 16
1028 1264 1282 1334 ποτήριον
1317 1265 1523 1327 ἐκεῖνο,
1550 1265 1685 1335 ὅπερ
1728 1263 1880 1316 ἔπιεν
1911 1265 1939 1316 ό

339 1351 616 1422 Ἰησοῦς·
658 1351 802 1404 τοῦτ’
851 1347 942 1404 06v
971 1355 1084 1405 ἐστι
1117 1354 1177 1405 τὸ
1218 1353 1310 1407 τοῦ
1350 1357 1618 1426 σωτηρίου
1658 1357 1934 1428 ποτήριον,

325 1440 483 1512 ὅπερ
567 1444 594 1494 6
663 1440 842 1494 λαϐὼν
917 1443 1298 1497 ἐπικαλέσεται
1363 1447 1422 1499 16
1481 1447 1650 1518 ὄνομα
1696 1448 1932 1518 Κυρίουο

333 1550 352 1581 ι
390 1533 525 1595 Πᾶς
561 1533 617 1585 δὲ
641 1533 698 1596 ὃς
731 1531 824 1586 ἐὰν
849 1535 1237 1607 ἐπικαλέσηται
1278 1539 1338 1591 16
1364 1538 1537 1608 ὅνομα
1565 1540 1791 1608 Κυρίου,
1830 1555 1935 1591 σω-

327 1619 606 1692 θήσεται.
644 1641 661 1672 ι
1140 1616 1151 1628 ’

419 1710 597 1763 Ἀλλά
623 1711 768 1775 εἰκός
796 1730 916 1766 τινα
947 1713 1034 1767 διὰ
1065 1713 1144 1777 16,
1179 1732 1197 1763 ‹
1224 1713 1424 1784 Πάτερ,
1455 1715 1503 1766 εί
1532 1713 1758 1768 δυνατόν
1793 1717 1930 1780 ἐστι,

2049 554 2103 596 et
2131 558 2160 596 a
2189 540 2428 596 sinistris
2457 538 2585 593 Jesu
2616 537 2669 590 in
2702 535 2870 602 ipsius
2911 547 3078 602 regno
3117 533 3307 587 sedere
3335 530 3610 592 volebant,

2049 636 2126 688 ait
2155 633 2262 687 illis
2293 631 2555 686 Dominus
2589 643 2602 680 :
2659 645 2677 677 ‹
2709 624 2945 679 Potestis
2985 624 3169 678 bibere
3201 621 3421 676 calicem
3451 636 3613 690 quem

2047 739 2145 793 ego
2176 724 2300 778 bibo
2321 721 2410 772 7'?
2450 739 2467 771 ι
2503 717 2729 772 calicem
2761 729 2963 769 vocans
2995 713 3311 783 martyrium
3341 729 3355 766 :
3383 711 3523 780 quod
3560 721 3614 766 et

2047 830 2110 869 ex
2149 813 2238 867 illo
2272 811 2614 865 manifestum
2657 816 2740 861 est
2771 822 2785 860 :
2840 823 2858 856 ι
2897 804 3095 870 Pater,
3142 803 3187 856 si
3225 801 3480 870 possibile
3509 810 3610 866 est,

2047 903 2283 960 transfer
2317 903 2544 958 calicem
2593 903 2757 954 istum
2809 913 2838 952 a
2884 913 2972 950 me
3011 913 3027 963 ;
3079 903 3450 950 verumtamen
3500 909 3610 948 non

2043 995 2187 1063 quod
2233 1007 2334 1060 ego
2365 991 2486 1045 volo
2514 1029 2530 1053 ,
2579 990 2671 1044 sed
2703 988 2847 1057 quod
2881 997 2934 1042 tu
2958 987 3030 1040 ⁷³.
3071 1005 3090 1038 ι
3129 985 3396 1039 Discimus
3427 985 3613 1050 itaque

2043 1085 2202 1140 simul
2235 1099 2354 1138 cum
2390 1096 2515 1151 rege
2546 1093 2733 1146 regum
2765 1091 3042 1131 sessurum
3079 1084 3135 1130 et
3170 1084 3524 1144 regnaturum
3557 1081 3613 1126 et

2038 1177 2409 1245 judicaturum
2457 1173 2606 1226 illum
2657 1183 2780 1224 esse
2828 1169 2917 1235 qui
2954 1168 3098 1220 hunc
3147 1165 3370 1220 calicem
3411 1165 3611 1219 biberit

2017 1282 2204 1335 quem
2255 1265 2396 1320 bibit
2441 1262 2618 1317 Jesus.
2659 1259 2760 1314 Hic
2805 1258 2972 1328 igitur
3009 1266 3091 1312 cst
3139 1255 3280 1310 calix
3331 1255 3610 1318 salutaris.

2042 1372 2200 1427 quem
2233 1357 2323 1425 qui
2354 1353 2643 1422 acceperit,
2664 1349 2939 1404 invocabit
2960 1361 3158 1401 nomen
3179 1346 3411 1399 Domini.
3441 1362 3461 1396 ι
3488 1344 3612 1400 Otu-

2043 1451 2127 1502 nis
2172 1457 2354 1501 autem
2405 1446 2716 1514 quicunque
2759 1439 3093 1498 invocaverit
3126 1452 3323 1494 nomen
3365 1438 3606 1505 Domini,

2043 1540 2224 1594 salvus
2254 1539 2357 1594 erit
2388 1537 2455 1591 ⁷⁵.
2495 1555 2512 1588 ι

2108 1716 2200 1773 29.
2227 1715 2335 1770 Sed
2363 1713 2559 1784 aliquis
2591 1712 2730 1767 forte
2756 1717 2977 1781 propter
2999 1708 3117 1764 haec
3143 1707 3307 1764 verba
3334 1724 3346 1760 :
3380 1723 3400 1757 ι
3423 1704 3610 1771 Pater,

327 1801 675 1872 παρελθέτω
706 1803 799 1855 ἀπ’
841 1803 974 1873 ἐμοῦ
999 1803 1060 1855 16
1093 1804 1351 1875 ποτήριον
1383 1803 1572 1869 τοῦτο,
1613 1822 1629 1854 ι
1675 1805 1748 1874 μὴ
1781 1806 1918 1874 ἀκριι

2040 1810 2084 1861 si
2115 1807 2370 1876 possibile
2401 1815 2507 1871 est,
2540 1811 2786 1859 transeat
2808 1818 2837 1856 a
2865 1815 2952 1856 me
2983 1799 3122 1857 calix
3153 1799 3276 1864 iste,
3314 1817 3332 1850 ι
3361 1812 3466 1852 non
3495 1811 3612 1865 per-

327 1891 606 1946 ϐὠσαντα
631 1892 690 1946 τὸ
715 1892 958 1963 βούλημα
982 1895 1079 1965 τῆς
1112 1894 1353 1965 Γραφῆς,
1379 1893 1640 1964 νομίζειν,
1670 1896 1751 1948 ὅτι
1776 1897 1935 1948 οἱονεὶ

327 1985 438 2037 καὶ
470 1985 668 2057 Σωτὴρ
705 1987 966 2041 ἐδειλίασε
1002 1990 1152 2060 παρὰ
1187 1989 1276 2044 τὸν
1322 1990 1416 2042 τοῦ
1463 1989 1667 2053 πάθους
1707 1991 1930 2062 καιρόν

328 2075 562 2127 ἐκείνου
608 2075 663 2128 δὲ
708 2076 1106 2143 δειλιάσαντος,
1158 2079 1298 2131 εἴποι
1334 2097 1416 2142 τις
1445 2079 1509 2133 ἂν
1530 2119 1544 2142 ,
1572 2079 1656 2140 τίς
1691 2081 1934 2146 γενναῖος

327 2166 563 2230 είσιιεί;
595 2167 815 2238 Πρῶτον
844 2169 899 2223 δὲ
945 2169 1257 2240 πευσόμεθα
1305 2169 1410 2224 τῶν
1457 2169 1628 2224 ταῦτα
1668 2171 1795 2241 περὶ
1838 2170 1930 2223 τοῦ

326 2255 601 2328 Σωτῆρος
631 2259 1138 2332 ὑπολαμϐανόντων,
1175 2263 1223 2314 εἰ
1252 2261 1488 2315 ἐλάττων
1522 2257 1591 2332 ἦν
1615 2260 1710 2314 106
1744 2261 1931 2329 λέγον-

323 2363 428 2410 τος
458 2365 471 2376 ·
535 2367 554 2397 ι
586 2348 787 2418 Κύριος
837 2352 1112 2422 φωτισμός
1159 2369 1258 2420 μου
1305 2352 1398 2404 καὶ⁹
1442 2353 1626 2423 σωτήρ
1659 2370 1780 2423 μου,
1812 2353 1931 2405 τίνα

323 2438 728 2512 φοϐηθήσομαι
756 2459 770 2504 ;
799 2442 1000 2511 Κύριος
1029 2443 1440 2514 ὑπερασπιστὴς
1485 2445 1584 2514 τῆς
1609 2442 1754 2514 ζωῆς
1786 2464 1887 2515 μου
1913 2465 1924 2477 ·

320 2531 449 2584 ἀπὸ
486 2532 632 2596 τίνος
665 2533 950 2598 δειλιάσω;
996 2535 1084 2586 Ἐν
1107 2534 1185 2603 τῷ
1211 2534 1449 2601 ἐγγίζειν
1478 2537 1564 2587 ἐπ’
1591 2537 1690 2605 ἐμὲ
1707 2537 1931 2590 κακοῦν-

321 2635 438 2680 τας
465 2621 566 2672 106
606 2625 798 2689 φαγεῖν
823 2621 920 2685 τὰς
948 2623 1157 2693 σάρκας
1191 2641 1314 2692 μου,
1341 2625 1388 2675 οἱ
1414 2623 1686 2685 θλίϐοντές
1713 2643 1800 2694 με,
1837 2627 1930 2679 καὶ

321 2709 380 2760 οἱ
417 2710 613 2781 ἐχθροί
642 2728 765 2782 μου,
794 2713 946 2765 αὐτοὶ
973 2713 1296 2783 ἠσθένησαν,
1331 2715 1422 2766 καὶ
1455 2713 1675 2767 ἔπεσον*
1712 2715 1806 2768 ἐάν
1828 2732 1930 2768 πα-

331 2799 649 2872 ρατάξηται
701 2802 787 2855 ἐπ’
837 2803 937 2873 ἐμὲ
985 2804 1336 2876 παρεμϐολὴ,
1383 2806 1444 2857 οὐ
1499 2806 1927 2879 φοϐηθήσεταιή

325 2891 544 2961 καρδία
570 2909 692 2961 μου,
730 2911 749 2945 ι
781 2894 872 2946 καὶ
899 2893 966 2947 τὰ
999 2893 1141 2964 ἑξῆς.
1179 2896 1329 2966 Τάχα
1360 2897 1414 2949 δὲ
1442 2897 1564 2949 οὐδὲ
1599 2897 1757 2950 ἄλλου
1785 2899 1928 2963 τινός

324 2984 456 3036 ἐστι
501 2982 669 3036 ταῦτα
704 2984 762 3037 ἐν
800 2984 877 3054 τῷ
900 2987 1164 3058 Προφήτῃ
1203 2987 1468 3058 λεγόμενα
1507 2989 1574 3041 τὰ
1623 2990 1843 3060 ῥήματα
1889 2991 1922 3061 ἢ

323 3070 432 3124 106
463 3073 713 3145 Σωτῆρος
754 3073 842 3128 διὰ
882 3075 971 3129 τὸν
1004 3077 1112 3130 ἀπὸ
1137 3076 1229 3130 τοῦ
1262 3079 1477 3151 Πατρὸς
1509 3080 1787 3151 φωτισμὸν
1829 3081 1923 3134 καὶ

2036 1892 2207 1966 penso
2249 1897 2546 1966 Scripturae
2595 1910 2783 1961 sensu,
2808 1894 3154 1950 Servatorem
3195 1890 3295 1946 sub
3343 1887 3611 1957 passiunis

2038 1999 2251 2057 tempus
2293 1989 2475 2044 minus
2519 1987 2740 2044 fortiter
2783 2002 2843 2042 se
2879 1984 3136 2042 habuisse
3178 1982 3488 2053 putaverit:
3517 1980 3609 2034 illo

2034 2091 2216 2135 autem
2251 2082 2477 2136 timente
2503 2120 2519 2147 ,
2556 2081 2700 2135 dicet
2731 2080 2928 2149 aliquis
2952 2119 2968 2146 ,
3019 2078 3142 2147 quis
3185 2089 3402 2146 semper
3447 2074 3609 2129 fortis

2034 2173 2136 2227 erit
2174 2173 2198 2225 Ἰ
2243 2171 2486 2226 Primum
2540 2179 2720 2225 autem
2768 2169 3232 2239 interrogabimus
3277 2182 3372 2222 eos
3409 2166 3501 2234 qui
3541 2165 3608 2218 de

2033 2266 2318 2321 Salvatore
2350 2265 2464 2319 hzee
2489 2264 2864 2334 suspicantur,
2905 2277 2972 2315 an
3008 2262 3187 2314 minor
3228 2259 3396 2313 fuerit
3423 2273 3487 2312 eo
3513 2258 3606 2327 qui

2032 2356 2288 2411 dicebat:
2325 2373 2343 2405 ι
2383 2356 2646 2409 Dominus
2677 2353 3000 2407 illuminatio
3034 2365 3152 2406 mea
3182 2359 3236 2403 et
3285 2348 3432 2403 salus
3461 2363 3604 2412 mea,

2030 2460 2192 2516 quem
2229 2446 2467 2501 timebo?
2497 2444 2758 2498 Dominus
2793 2450 3071 2512 protector
3102 2439 3226 2494 vitae
3257 2452 3410 2502 meae,
3443 2452 3473 2489 a
3497 2451 3605 2504 quo

2035 2538 2313 2604 trepidabo
2347 2538 2370 2590 ?
2415 2537 2552 2591 Dum
2597 2535 2918 2605 appropiant
2955 2545 3117 2600 super
3146 2546 3232 2585 me
3269 2537 3526 2584 nocentes
3550 2537 3608 2582 ut

2031 2626 2195 2680 edant
2221 2641 2415 2682 carnes
2448 2641 2617 2692 meas,
2653 2627 2744 2694 qui
2776 2624 3037 2679 tribulant
3083 2639 3170 2680 me
3216 2621 3423 2677 inimici
3474 2621 3602 2683 mei,

2031 2716 2138 2785 ipsi
2173 2716 2431 2770 inﬁrmati
2462 2726 2590 2771 sunt
2630 2725 2685 2770 et
2709 2716 3052 2783 ceciderunt;
3087 2718 3133 2771 si
3167 2714 3472 2769 consistant
3501 2712 3604 2766 atl-

2029 2822 2246 2862 versum
2278 2822 2364 2862 me
2415 2817 2617 2873 castra,
2651 2825 2754 2864 non
2788 2808 2999 2862 timebit
3036 2822 3131 2863 cor
3179 2822 3357 2861 meum
3381 2806 3453 2870 τ’,
3492 2825 3510 2857 ι
3549 2816 3604 2858 et

2028 2900 2259 2969 reliqua.
2297 2899 2460 2954 Forte
2489 2908 2667 2954 autem
2699 2914 2804 2953 non
2837 2898 3065 2954 alterius
3112 2907 3239 2953 sunt
3268 2913 3296 2950 a
3332 2896 3600 2966 Propheta

2029 2988 2200 3042 relata
2235 2987 2416 3051 verba,
2450 3003 2612 3057 quam
2646 2987 2958 3042 Servatoris
3004 2986 3174 3057 ipsius
3228 2985 3320 3056 qui
3373 2996 3596 3054 propter

2028 3081 2479 3135 illuminationem
2521 3090 2575 3135 et
2626 3080 2853 3136 salutem
2889 3095 3050 3149 quam
3086 3094 3114 3132 a
3160 3077 3318 3132 Patre
3361 3077 3595 3147 accepit,

325 3163 435 3234 τὴν
485 3141 788 3217 671666106
823 3165 1124 3237 σωτηρίαν,
1179 3141 1778 3240 οὐδένκφοϐουμένου,
1828 3171 1918 3224 καὶ

2026 3173 2164 3228 nihil
2197 3174 2348 3228 timet
2374 3189 2389 3240 ;
2427 3173 2632 3242 quique
2658 3180 2876 3241 propter
2905 3141 3299 3240 proter-tionem
3331 3185 3436 3238 qua
3463 3141 3597 3238 pro-

327 3253 426 3306 διὰ
451 3255 544 3306 τὸν
579 3255 1014 3326 ὑπερασπισμὸν,
1037 3257 1094 3309 ὃν
1125 3258 1494 3329 ὑπερήσπιιζεν
1513 3259 1678 3313 αὐτοῦ
1707 3263 1736 3314 ό
1765 3261 1916 3328 Θεὸς,

327 3343 446 3397 ἀπὸ
489 3335 718 3416 μηδενὸς
740 3346 1062 3410 δειλιῶντος.
1096 3347 1298 3401 Τούτου
1327 3349 1384 3402 δέ
1412 3351 1504 3403 καὶ
1531 3352 1564 3422 ὴ
1599 3351 1791 3422 καρδία
1823 3353 1915 3405 οὐ·

325 3435 525 3506 δαμῶς
553 3438 820 3506 ἐφοϐεῖτο,
843 3438 1335 3510 παρατασσομένης
1363 3440 1448 3491 ἐπ’
1474 3440 1634 3494 αὐτὸν
1669 3441 1795 3512 ὅλης
1818 3442 1916 3513 τῆς

326 3529 428 3582 106
462 3530 676 3583 Σατανᾶ
708 3531 1058 3604 παρεμϐολῆς
1083 3549 1096 3561 ο
1127 3531 1322 3602 ἤλπιζε
1353 3532 1410 3585 δὲ
1440 3533 1534 3585 καὶ
1565 3533 1656 3586 ἐπὶ
1701 3536 1766 3604 τῇ
1803 3534 1911 3604 (16)

327 3620 743 3692 πεπληρωμένη
791 3621 1270 3692 ἱερῶν⁶δογμάτων
1302 3621 1465 3674 αὐτοῦ
1497 3622 1715 3694 καρδία,
1751 3625 1914 3678 ἐπαν-

331 3713 625 3783 ισταμένου
678 3713 826 3782 αὐτῷ
872 3712 1128 3783 πολέμου.
1157 3713 1230 3766 Οὐ
1261 3712 1400 3766 κατὰ
1423 3712 1514 3766 τὸν
1546 3715 1706 3768 αὐτὸν
1739 3715 1916 3769 τοίνυν

327 3804 450 3858 ἐστὶ
483 3803 576 3856 καὶ
609 3803 750 3857 κατὰ
794 3803 992 3858 δειλίαν
1034 3803 1212 3872 λέγειν
1240 3804 1332 3857 τό·
1367 3823 1386 3856 ‹
1428 3806 1607 3877 Πάτερ
1629 3845 1641 3869 ,
1688 3808 1735 3858 εί
1764 3807 1915 3860 δυνα-

327 3897 421 3950 τόν
461 3896 575 3967 (l7)
615 3899 730 3950 ἐστι
757 3938 772 3963 ,
832 3896 1150 3969 παρελθέτω
1196 3898 1290 3951 ἀπ’
1354 3897 1487 3968 ἐμοῦ
1530 3899 1591 3951 τὸ
1658 3901 1932 3971 ποτήριον¹

2023 3265 2154 3335 tegit
2177 3279 2298 3319 eum
2330 3265 2472 3320 Deus
2499 3309 2512 3333 ,
2543 3279 2574 3318 a
2606 3263 2754 3319 nullo
2798 3262 3052 3333 trepidat.
3094 3261 3264 3329 llujus
3290 3272 3345 3317 et
3377 3276 3471 3317 cor
3496 3278 3594 3317 ne-

2020 3371 2294 3425 quaquam
2345 3357 2555 3420 timuit,
2604 3370 2727 3409 cum
2780 3355 3045 3409 adversus
3083 3367 3206 3407 eum
3237 3361 3348 3407 tota
3377 3353 3596 3407 Satanae

2021 3457 2198 3503 castra
2221 3450 2618 3503 consisterent:
2640 3445 2802 3516 292
2823 3446 3076 3514 sperabat
3096 3445 3260 3500 etiam
3292 3445 3344 3498 in
3371 3444 3482 3498 Deo
3499 3458 3598 3498 cor

2022 3539 2137 3607 ejus
2177 3552 2337 3592 sacra
2369 3538 2612 3593 doctrina
2651 3538 2904 3605 plenum,
2939 3550 3064 3590 cum
3104 3533 3304 3588 bellum
3337 3534 3598 3586 adversus

2023 3643 2146 3683 eum
2182 3628 2511 3699 insurgeret.
2541 3629 2799 3698 Ejusdem
2831 3627 2998 3695 igitur
3033 3641 3139 3681 non
3177 3635 3259 3681 est
3297 3626 3483 3680 timide
3509 3625 3595 3680 (ii-

2023 3731 2181 3774 cere:
2219 3737 2236 3770 ι
2267 3719 2454 3784 Pater,
2488 3719 2535 3773 si
2567 3717 2826 3787 possibile
2851 3726 2966 3784 est,
3004 3725 3247 3772 transeat
3277 3733 3306 3771 a
3333 3731 3418 3771 me
3455 3716 3596 3770 calix

2025 3809 2147 3874 iste,
2185 3828 2204 3861 ι
2238 3818 2291 3864 et
2319 3809 2534 3864 fortiter
2570 3808 2930 3880 pronuntiare
2959 3825 2974 3864 :
3019 3826 3040 3859 ι
3072 3807 3129 3863 Si
3172 3809 3472 3864 consistant
3500 3807 3598 3861 atl-

2021 3914 2237 3956 versum
2279 3915 2366 3955 me
2414 3909 2590 3957 castra
2618 3939 2635 3966 ,
2686 3915 2793 3958 non
2825 3900 3038 3956 timebit
3089 3914 3186 3955 cor
3214 3915 3416 3956 meum.
3457 3918 3476 3952 ι
3518 3898 3596 3952 Ne

400 4031 448 4062 ’³
487 4030 990 4097 lilattlt.xx,2’l,‘22.
1028 4032 1074 4064 ⁷³
1101 4031 1292 4088 Matth.
1323 4049 1471 4097 nrt,
1501 4034 1587 4089 59.
1664 4037 1710 4066 7‘
1733 4035 1870 4090 Joel.
1905 4053 1918 4089 l

2023 4035 2098 4103 i2;
2126 4035 2284 4092 Rom.
2311 4053 2368 4104 κ,
2399 4037 2489 4093 15.
2564 4038 2609 4069 ⁷⁵
2640 4037 2784 4092 Psal.
2812 4052 2962 4104 xxvi,
2999 4036 3050 4101 l,
3083 4037 3140 4106 ‘2,
3170 4037 3225 4092 3.

329 4176 533 4248 θαλμοί
561 4193 662 4247 μου
688 4175 749 4228 16
783 4175 1044 4245 σωτήριόν
1074 4192 1166 4227 σου
1193 4216 1208 4237 ,
1260 4194 1279 4226 ι
1319 4177 1572 4248 viderunt
1624 4179 1766 4248 oculi
1804 4180 1908 4234 mei

329 4246 578 4300 salutare
615 4257 804 4310 tuum,
850 4263 868 4295 ι
911 4249 1011 4297 hoc
1047 4255 1154 4310 est,
1181 4255 1331 4298 tuum
1366 4246 1513 4299 illum
1560 4247 1752 4302 salutis
1781 4265 1909 4302 san-

329 4327 549 4372 ctorqu
584 4328 859 4369 auctorem
889 4352 903 4377 ,
938 4314 1030 4367 16v
1079 4315 1308 4384 Σωτῆρα
1329 4315 1358 4380 ,ᾗ
1386 4316 1735 4380 Serralorem,
1782 4319 1903 4374 eod.

330 4401 474 4455 cap.,
499 4405 549 4440 v.
562 4387 648 4440 ll.
667 4384 900 4440 Consule
918 4385 1194 4454 llugonem
1211 4384 1456 4438 Grotium
1478 4386 1530 4439 in
1551 4385 1694 4440 hunc
1707 4387 1903 4442 locum.

330 4455 427 4525 Est
462 4458 626 4525 igitur
650 4457 890 4525 poculum
923 4455 1174 4525 salutaris
1199 4457 1340 4507 idem
1359 4455 1578 4522 Origeni
1605 4458 1747 4524 quod
1765 4459 1904 4510 calix:

330 4523 657 4590 Servatoris,
683 4527 797 4579 sive
821 4523 1030 4577 Domini
1057 4523 1205 4595 .lcsu.
1238 4525 1356 4590 Quo
1385 4523 1902 4595 pertinetquidquid

330 4596 554 4664 disserit
584 4596 648 4648 de
671 4595 836 4648 calice
855 4595 1124 4664 passionis
1146 4593 1345 4650 Christi
1368 4613 1381 4661 ;
1408 4597 1622 4662 etquod
1649 4593 1898 4650 eumdem

333 4663 524 4720 bibere
556 4665 640 4717 vel
668 4663 887 4734 gustare
912 4708 926 4732 ,
960 4674 1069 4717 tum
1113 4665 1492 4725 honorificum,
1526 4675 1635 4719 tum
1661 4666 1903 4721 salutare

331 4735 433 4809 _sit,_
462 4744 622 4809 atque
658 4735 724 4809 ad
755 4737 1052 4809 maximam
1078 4735 1310 4809 gloriam
1345 4736 1506 4789 faciat
1539 4737 1904 4809 genuinorum

336 4802 506 4870 ipsius
539 4804 948 4872 discipulorum,
976 4802 1102 4872 puta
1136 4823 1154 4854 ‹
1181 4802 1564 4858 οοῑιΐθεδοτυηῐ
1581 4815 1634 4858 et
1656 4806 1904 4860 veritatis

337 4878 554 4944 testium
593 4893 612 4925 ι
643 4876 757 4930 sive
792 4884 1124 4944 martyrum,
1160 4873 1467 4944 Renum],
1503 4875 1602 4939 17;
1636 4890 1735 4929 nec
1765 4891 1900 4944 opus

336 4943 618 5008 pluribus,
663 4960 785 4997 cum
840 4943 1198 5012 liquidissittte
1253 4943 1394 4997 infra
1445 4955 1678 5013 exponat
1714 4945 1775 4997 16
1806 4943 1899 5013 106

332 5015 584 5084 Σωτῆρος
615 5016 892 5084 ποτήριον,
922 5029 940 5062 ι
979 5013 1284 5071 Servatoris
1307 5012 1930 5084 ipoculuimt‘Psal.cxv),

331 5083 596 5136 denotare
628 5083 924 5152 martyrum
949 5094 1199 5149 mortem,
1228 5083 1354 5152 quia
1379 5092 1596 5151 propter
1622 5084 1897 5139 Christum

333 5152 687 5223 Servatorem
711 5163 941 5223 mortem
959 5162 1241 5220 oppetunt.
1265 5152 1408 5207 Idem
1433 5153 1740 5222 significant
1767 5170 1901 5223 prte-

331 5223 510 5275 seutia
549 5220 752 5274 verba:
783 5239 800 5271 ι
832 5221 1087 5274 Poculum
1135 5223 1392 5277 salutaris
1430 5220 1700 5276 nominari
1748 5220 1898 5275 mar-

333 5294 560 5360 tyrium.
604 5308 623 5342 ι
654 5288 914 5360 Origenes
941 5301 1097 5344 tract.
1128 5295 1195 5346 1‘2
1226 5292 1414 5345 Matth.
1445 5293 1629 5344 multis
1657 5293 1758 5345 hoc
1786 5303 1898 5345 tra-

334 5359 433 5415 tlit.
457 5361 686 5430 Gregor.
716 5359 893 5428 Magn.
921 5360 1012 5423 lib.
1039 5376 1096 5414 ιιι
1134 5363 1367 5430 Dialog.,
1413 5371 1697 5430 postquam
1738 5363 1897 5413 verba

333 5431 574 5485 Christi:
617 5449 634 5482 ι
676 5431 908 5484 Potestis
941 5431 1122 5486 bibere
1152 5434 1410 5496 calicem,
1463 5449 1482 5481 ι
1519 5441 1653 5496 etc.,
1697 5431 1895 5494 attulit,

337 5501 520 5555 addit:
553 5522 570 5552 ι
599 5501 739 5566 Quid
773 5508 953 5564 autem
989 5501 1175 5554 calicis
1211 5515 1442 5569 nomen,
1479 5500 1579 5553 nisi
1632 5503 1898 5569 passionis

338 5572 581 5635 poculum
610 5570 878 5640 signat?)
908 5569 1158 5624 Clemens
1182 5571 1332 5640 Alex.
1378 5568 1592 5640 Pwdug.
1615 5568 1650 5623 l.
1687 5586 1727 5633 ι,
1760 5587 1808 5624 c.
1842 5570 1895 5633 6,

337 5640 474 5712 p._7_7
503 5660 516 5693 :
550 5637 1084 5712 Τὴείσυμπλήρωσιν
1110 5639 1206 5712 r106
1253 5639 1382 5691 ἰδίου
1409 5637 1896 5712 πάθουςγποτῄριον

338 5709 566 5781 κέκληκε
596 5709 1072 5781 καταχρηστικῶς,
1103 5711 1191 5762 ὅτε
1240 5711 1451 5761 ἐκπιεῖν
1483 5711 1574 5762 καὶ
1619 5709 1896 5764 ἐκτελέσαι

342 5779 494 5845 μόνον
530 5783 692 5852 ἐχρῆν
721 5779 870 5834 αὑτό.
909 5800 926 5832 ι
960 5782 1196 5851 Propriae
1233 5781 1497 5850 passionis
1534 5784 1893 5848 complemen-

2020 4190 2132 4235 tum
2156 4182 2379 4236 abusive
2405 4181 2658 4250 poculum
2700 4179 3010 4250 appellavit,
3045 4178 3265 4250 quando
3286 4191 3406 4250 eam
3440 4178 3587 4250 hau-

2018 4251 2128 4321 rire
2167 4261 2221 4306 et
2246 4246 2505 4321 perlicere
2537 4252 2709 4306 solum
2734 4246 3111 4319 oportebat.)
3167 4246 3295 4300 Vide
3329 4246 3590 4301 Basiliam

2017 4319 2070 4373 in
2099 4319 2299 4374 Psalm.
2322 4336 2466 4374 cxvr.

2013 4459 2042 4511 δ
2087 4390 2200 4511 (lg)
2245 4390 2529 4444 Δυνατόν.
2585 4389 2642 4442 1η
2707 4403 2808 4443 ms.
2867 4385 3057 4440 codice
3110 4383 3304 4438 vitiose
3367 4383 3589 4454 legitur,

2044 4475 2138 4511 υντ
2171 4476 2218 4510 ν.

2044 4460 2218 4512 υντόν.

1936 4499 1982 4559 D
2013 4499 2552 4650 *νέξὲῑῑΣυγ-καθιεῖ.
2587 4527 2719 4582 Cod.
2753 4541 2858 4581 ms.
2897 4538 3182 4595 perperam
3225 4522 3428 4590 habet,
3460 4541 3590 4594 συγ-

2005 4616 2075 4650 κα
2137 4616 2191 4650 τι.

2005 4616 2075 4650 κα

2075 4616 2191 4740 διξειὶ
2233 4667 2364 4722 Ἐπὶ
2397 4666 2501 4740 τῇ.Δ
2523 4667 2832 4740 Legeutlum
2865 4665 3100 4740 videtur,
3127 4664 3219 4740 ἐπὶ
3243 4663 3380 4740 Θεῷ.

2074 4735 2187 4808 (l7)
2239 4740 2328 4808 Οὐ,
2366 4737 2516 4792 κατὰ
2548 4737 2655 4790 τὸν
2682 4735 2867 4808 αὑτὸν
2892 4736 3101 4808 τοίνυν
3128 4735 3269 4808 ἐστί
3302 4735 3397 4788 καὶ
3435 4736 3586 4808 κατὰ

1999 4805 2235 4863 δειλίαν
2259 4806 2462 4876 λέγειν
2490 4808 2576 4869 τὸ,
2604 4805 2817 4872 Πάτερ,
2847 4809 2899 4859 ει
2923 4805 3202 4861 δυνατόν.
3230 4805 3400 4874 Negat
3431 4805 3585 4860 Chri-

2001 4888 2144 4932 stum
2177 4879 2448 4940 timuisse,
2478 4894 2601 4931 cum
2629 4876 3022 4942 deprecaretur
3047 4876 3291 4930 calicem.
3322 4876 3413 4928 Sic
3447 4886 3580 4930 tom.

2001 4948 2099 5034 ult.
2138 4947 2380 5034 llllfmgl.
2403 4948 2562 5034 πχὴν
2593 4945 2860 5034 σωτήριον
2899 4946 3208 5034 οἰκονομίαν
3231 4945 3424 5034 ,οὐκέτι
3455 4945 3583 5034 μέλ-

1998 5019 2130 5082 λειν,
2160 5017 2280 5070 οὐδὲ
2312 5013 2588 5086 βραδύνειν
2607 5056 2621 5080 ,
2658 5013 2770 5086 ἀλλο
2804 5015 2878 5086 ὡς
2905 5017 2938 5085 ἡ
2965 5013 3188 5086 δύναμις
3231 5015 3430 5086 ἰσχύειν
3458 5013 3583 5086 ἤθει

1999 5088 2114 5140 λεν⁶
2135 5088 2194 5140 οὐ
2222 5084 2599 5155 δειλι⁷ῶν,-ὼς
2629 5084 2830 5155 οἴονταί
2859 5084 3000 5149 τινες
3033 5084 3140 5138 τῶν
3172 5085 3244 5155 μὴ
3275 5084 3580 5155 νοησάντων

2000 5157 2126 5211 τίνα
2170 5157 2366 5227 τρόπον
2400 5153 2564 5227 ,εἶπεν
2589 5173 2602 5187 ο
2643 5153 2873 5227 Πάτερ,
2914 5158 2966 5227 sl
2998 5153 3315 5227 δυνατόν,
3357 5153 3579 5227 inspexi-

2001 5228 2145 5279 Οέτω
2175 5224 2241 5279 τὸ
2258 5225 2544 5297 ποτήριον
2564 5224 2758 5287 τοῦτο,
2885 5225 3022 5280 ἀλλὰ
3041 5224 3463 5297 θαρῤαλεώτατα
3489 5226 3580 5278 ἐπὶ

1999 5297 2094 5349 τὸν
2120 5297 2302 5364 ἀγῶνα
2327 5296 2712 5366 ἀποδυόμενος.
2737 5313 2754 5343 ι
2782 5296 2962 5350 Saluta
2975 5311 3086 5366 rem
3113 5295 3578 5366 dispensationem

2003 5381 2100 5421 nec
2142 5362 2348 5419 irritam
2395 5367 2512 5420 fieri
2536 5362 2638 5418 'aut
2673 5369 2951 5419 retardare
2992 5365 3188 5427 voluit,
3223 5363 3316 5414 sed
3363 5376 3460 5427 pro
3503 5362 3581 5412 vi-

2001 5437 2086 5489 rili
2119 5436 2392 5488 ellicacem
2426 5451 2568 5498 esse,
2602 5451 2705 5488 non
2739 5435 2935 5487 timens
2962 5435 3044 5502 (ut
3079 5431 3580 5502 nonnullippinanf

2002 5515 2112 5568 tur,
2153 5523 2260 5558 non
2297 5506 2661 5574 intelligentes
2681 5519 2784 5574 qua
2815 5498 3028 5574 ratione
3055 5500 3288 5574 dixerit;
3327 5498 3504 5574 Pater,
3532 5499 3581 5574 si

1999 5576 2242 5645 possibile
2269 5586 2378 5638 est,
2415 5568 2645 5628 trEnseat
2679 5568 2819 5645 calix
2865 5570 3345 5645 iste)_,_sed__plena
3382 5568 3578 5620 liducia

2001 5639 2065 5697 ad
2102 5655 2388 5700 certamen
2427 5660 2546 5697 sese
2581 5643 2892 5705 acringens.
2934 5639 3131 5694 r'ldetn
3163 5641 3257 5692 lib.
3287 5654 3360 5692 vn
3396 5647 3580 5690 contra

2002 5714 2230 5775 Celsum,
2263 5730 2410 5767 num.
2457 5715 2526 5763 ε-ῑὸ
2553 5731 2565 5764 :
2597 5712 2708 5762 Οὐκ
2741 5710 2808 5780 ἦν
2834 5705 2926 5762 06v
2953 5710 3094 5762 κατὰ
3124 5711 3213 5764 τὸν
3246 5709 3352 5762 ἀπὸ
3385 5723 3581 5780 καρτε-

2003 5785 2122 5851 ρίας
2154 5784 2301 5854 παρᾶ
2342 5787 2459 5845 ταῖς
2492 5780 2705 5850 μάστιξι
2737 5775 3121 5849 σιωπήσαντα,
3153 5779 3247 5836 καὶ
3278 5780 3384 5834 ἀπὸ
3413 5775 3577 5845 πραόο
