3988 6156
451 303 555 364 599

1919 293 2078 352 ORIG
2089 291 2242 348 ENIS

3593 294 3697 348 600

451 423 581 493 quid
636 420 802 492 igitur
837 436 936 477 nos
985 421 1151 477 lateat
1203 418 1302 473 hoc
1346 418 1486 484 loco,
1521 417 1996 474 demonstrativun

2114 411 2297 465 τοῦτο’
2344 430 2361 462 ι
2397 411 2492 464 καὶ
2537 408 2645 464 ἀπὸ
2683 410 2932 481 ἀνδρείας
2975 411 3205 479 φάσκειν
3229 427 3241 440 ·
3279 429 3298 461 ‹
3351 411 3473 465 Ἐὰν
3511 431 3692 485 παρα⁹

449 513 648 571 calicis
668 527 967 584 pronomen
986 512 1126 582 quod
1156 527 1186 566 a
1220 512 1393 568 tribus
1423 511 2014 583 evangelistisexpres—

450 619 572 662 sum
592 613 699 671 est,
726 604 1065 661 observabis.
1093 601 1378 658 Matthaeus
1403 602 1549 658 enim
1577 602 1800 672 scripsit
1830 601 2014 656 dicen-

451 708 560 755 tem
592 699 876 754 Dominum
905 713 919 750 :
959 715 978 747 ι
1024 694 1183 749 Pater
1210 695 1304 758 mi,
1340 693 1385 750 si
1410 693 1668 764 possibile
1698 701 1803 760 est,
1833 699 2013 746 trans-

449 799 540 847 eat
581 805 611 844 a
653 773 748 842 me
770 787 909 842 calix
940 787 1044 840 iste
1067 786 1154 851 7°;
1196 803 1215 837 ι
1249 784 1424 840 Lucas
1453 799 1626 840 vero:
1666 802 1686 835 ι
1726 783 1921 847 Pater,
1963 783 2009 837 si

447 882 551 944 vis,
586 877 819 932 transfer
857 876 1083 931 calicem
1116 875 1281 930 istum
1313 889 1342 928 a
1379 889 1464 928 me
1491 874 1535 904 ⁷⁷
1565 890 1580 938 ;
1611 892 1630 925 ι
1673 872 1888 927 Marcus
1918 888 2013 926 au-

450 979 556 1024 tem
594 982 610 1021 :
645 986 664 1020 (
705 967 856 1022 Abba
907 965 1104 1032 Pater,
1142 965 1326 1019 omnia
1377 963 1473 1018 tibi
1522 963 1800 1031 possibilia
1841 971 2005 1029 sunt;

449 1061 680 1116 transfer
715 1059 938 1114 calicem
988 1058 1133 1111 hunc
1173 1071 1201 1108 a
1247 1069 1335 1109 me
1356 1053 1420 1106 ⁷⁸.
1455 1072 1474 1106 ι
1513 1051 1649 1108 Vide
1697 1053 1894 1123 igitur,
1939 1068 2006 1106 an

442 1166 565 1205 cum
607 1163 769 1204 omne
817 1147 1135 1217 martyrium
1168 1154 1394 1199 vocetur
1443 1143 1511 1198 ab
1544 1142 1634 1198 illo
1661 1144 2007 1215 martyrium,

441 1254 763 1311 quacunque
789 1254 854 1294 ex
885 1251 1050 1293 causa
1083 1237 1210 1292 hinc
1241 1237 1568 1296 discederet.
1600 1235 1784 1292 dicere
1801 1237 2004 1306 possis,

438 1347 547 1387 non
591 1346 766 1400 genus
801 1329 1049 1398 martyrii
1095 1342 1218 1384 eum
1271 1341 1573 1394 recusasse,
1601 1343 1723 1382 cum
1756 1327 1961 1383 diceret
1990 1346 2000 1380 :

442 1442 464 1476 ι
492 1424 758 1478 Transeat
777 1438 808 1475 a
833 1435 920 1476 me
949 1419 1085 1476 calix
1121 1419 1220 1473 iste
1248 1437 1266 1470 ι
1289 1419 1721 1489 (dixissetenim,
1741 1421 2006 1475 Transeat

437 1529 468 1568 a
502 1528 588 1568 me
612 1510 809 1582 calix),
845 1511 938 1564 sed
973 1509 1112 1563 forte
1148 1510 1383 1576 speciem
1429 1509 1578 1563 illam
1609 1509 1893 1578 refugisse.
1938 1510 2006 1563 Et

434 1602 657 1657 attende
685 1615 753 1654 an
788 1599 893 1653 dici
927 1599 1101 1667 possit
1129 1597 1464 1652 Salvatorem
1496 1600 1696 1664 varias,
1728 1608 1786 1653 ut
1815 1599 1889 1652 ita
1915 1601 2004 1654 di-

433 1705 577 1754 cam,
609 1690 841 1743 calicum
871 1689 1244 1757 inSpicientem
1279 1689 1508 1758 species,
1538 1697 1592 1742 et
1637 1703 1757 1756 quae
1791 1702 1856 1743 ex
1889 1705 1999 1745 uno

433 1796 649 1853 quoque
666 1791 1044 1850 sequerentur,
1065 1796 1367 1851 eorumque
1387 1781 1716 1836 differentias
1731 1781 1994 1836 altissima

433 1875 669 1944 quadam
703 1874 973 1943 sapientia
1008 1875 1525 1943 deprehendentem,
1555 1874 1697 1928 hanc
1722 1889 1821 1944 per
1849 1889 1998 1929 mar-

433 1967 630 2036 tyrium
667 1967 846 2020 exitus
879 1966 1119 2035 speciem
1150 1981 1433 2022 recusasse
1455 2010 1469 2032 ,
1502 1975 1554 2022 et
1579 1968 1740 2023 aliam
1769 1968 2000 2024 fortasse

430 2055 733 2125 graviorem
766 2057 930 2110 tacite
958 2056 1292 2124 postulasse,
1333 2067 1390 2112 ut
1417 2072 1513 2126 per
1561 2059 1726 2114 alium
1769 2060 1996 2116 calicem

430 2146 792 2203 universalius
836 2147 1052 2216 aliquod
1082 2157 1137 2202 et
1167 2148 1233 2202 ad
1275 2149 1458 2217 plures
1491 2152 1806 2221 pertingens
1833 2153 1996 2207 bene-

428 2233 612 2290 ficium
654 2238 965 2305 perﬁceret.
1007 2237 1164 2303 Quod
1210 2248 1271 2293 ut
1315 2239 1465 2295 fieret
1509 2242 1747 2296 nondum
1801 2258 1998 2298 conce-

426 2327 592 2384 debat
643 2329 947 2398 sapientior
1005 2330 1281 2386 voluntate
1330 2331 1453 2386 Filii
1504 2334 1754 2390 voluntas
1791 2335 1992 2402 Patris,

423 2417 587 2472 aliter
615 2433 679 2472 ac
710 2419 926 2473 videbat
971 2419 1243 2487 Salvator,
1286 2421 1368 2474 via
1402 2431 1455 2476 et
1482 2424 1671 2478 ordine
1710 2441 1796 2480 res
1821 2427 1993 2480 admi-

422 2508 734 2564 nistrantis.
763 2510 963 2579 Aperte
995 2521 1173 2564 autem
1215 2512 1268 2565 in
1305 2512 1534 2567 Psalmis
1570 2514 1867 2572 Salvatoris
1898 2533 1994 2572 ca-

424 2596 500 2650 lix
534 2608 832 2668 martyrum
853 2615 1001 2654 mors
1023 2610 1123 2656 est.
1153 2601 1333 2668 Quare
1351 2605 1434 2658 his
1457 2605 1672 2660 verbis:
1705 2623 1722 2656 ι
1755 2605 1993 2662 Calicem

425 2687 682 2742 salutaris
723 2689 1026 2758 accipiam,
1059 2699 1113 2746 et
1147 2707 1340 2769 nomen
1377 2695 1587 2748 Domini
1635 2696 1924 2763 invocabo,
1967 2716 1987 2749 ι

424 2778 730 2834 subduntur
771 2782 875 2837 ista
919 2797 934 2834 :
988 2801 1006 2835 ι
1042 2782 1288 2838 Pretiosa
1335 2786 1386 2838 in
1441 2798 1733 2856 conspectu
1778 2788 1993 2844 Domini

423 2884 573 2924 mors
589 2881 902 2926 sanctorum
921 2873 1035 2940 ejus
1054 2874 1196 2928 7"”.
1225 2894 1241 2927 ι
1268 2875 1510 2932 Pretiosa
1537 2879 1700 2948 igitur
1722 2881 1878 2936 nobis
1897 2881 1993 2936 ad-

421 2960 572 3012 venit
599 2976 769 3027 mors,
808 2973 865 3016 ut
898 2965 1104 3019 sanctis
1145 2964 1270 3029 Dei,
1309 2981 1409 3021 nec
1444 2968 1534 3021 illo
1567 2969 1823 3038 indignis,
1865 2987 1990 3026 cum

2113 502 2344 573 τάξηται
2383 503 2468 554 ἐπ’
2508 501 2608 571 ἐμὲ
2644 500 2982 573 παρεμϐολὴ,
3013 502 3075 554 οὐ
3099 501 3464 572 φοϐηθήσεται
3496 505 3528 573 ή
3555 522 3696 577 καρο

2113 593 2202 647 δία
2234 609 2356 662 μου.
2401 611 2420 643 ι
2453 591 2666 662 Μήποτ’
2696 587 2788 644 οῦν
2813 590 3050 662 λανθάνῃ
3076 607 3130 642 τι
3158 592 3304 660 ἡμᾶς
3330 593 3388 644 ὲν
3421 589 3498 662 τῷ
3518 593 3690 664 τόπῳ,

2114 685 2208 740 καὶ
2246 684 2560 754 ἐπιστήσεις
2591 682 2670 753 τῷ
2714 683 2858 753 παρά
2897 684 3010 745 τοῖς
3049 682 3225 752 τρισὶν
3269 681 3539 754 εἰρημένῳ
3580 684 3694 736 δει-

2112 777 2287 843 κτικῷ
2307 777 2400 830 τοῦ
2434 776 2715 847 ποτηρίου.
2759 775 2816 826 '0
2853 773 2948 843 μὲν
2975 773 3084 843 γὰρ
3109 771 3386 836 Ματθαῖος
3417 772 3693 844 ἀνέγραψε

2111 869 2334 937 λέγοντα
2365 869 2455 920 τὸν
2488 866 2688 938 Κύριον
2713 883 2725 895 ·
2761 885 2779 916 ι
2819 865 3027 934 Πάτερ,
3064 865 3112 915 εί
3151 863 3370 916 δυνατόν
3393 864 3526 928 ἐστι,
3558 881 3694 935 παρ⁹

2110 959 2309 1012 ἐλθέτω
2351 960 2441 1013 ἀπ’
2469 958 2599 1028 ἐμοῦ
2626 957 2686 1010 τὸ
2717 957 2971 1026 ποτήριον
2998 954 3171 1007 τοῦτο
3192 971 3206 985 ·
3250 973 3268 1005 ι
3297 957 3325 1008 6
3355 954 3413 1007 δὲ
3441 956 3654 1018 Λουκᾶς
3673 975 3687 986 ·

2116 1069 2133 1100 ι
2175 1050 2359 1119 Πάτερ
2383 1089 2396 1112 ,
2439 1051 2485 1100 εί
2524 1047 2732 1118 βούλει,
2768 1051 3071 1118 παρένεγκε
3112 1045 3172 1098 τὸ
3225 1046 3482 1118 ποτήριον
3515 1047 3692 1100 τοῦτο

2109 1143 2202 1194 ἀπ’
2237 1141 2369 1212 ἐμοῦ
2392 1157 2404 1170 ο
2451 1161 2468 1192 ι
2507 1141 2535 1192 6
2573 1140 2632 1192 δὲ
2664 1140 2888 1211 Μάρκος
2913 1156 2925 1168 ·
2966 1157 2984 1190 t
3040 1138 3239 1202 Ἀϐϐἄ,
3275 1139 3304 1190 ό
3347 1140 3569 1209 Πατήρ·
3607 1141 3691 1192 δυ-

2107 1235 2242 1288 νατά
2291 1251 2371 1286 σοι
2419 1233 2612 1288 πάνταο
2643 1232 2947 1303 παρένεγκε
2988 1232 3046 1285 τὸ
3080 1233 3336 1302 ποτήριον
3385 1232 3559 1285 τοῦτο
3593 1235 3688 1286 ἀπ’

2106 1326 2261 1396 ἐμοῦ.
2299 1346 2316 1375 ι
2359 1327 2499 1396 Ὅρα
2531 1325 2708 1377 τοίνυν
2741 1327 2787 1376 εί
2833 1323 3096 1388 δύνασαι,
3133 1323 3336 1386 παντὸς
3383 1325 3687 1398 μαρτυρίου

2106 1417 2225 1472 καθ’
2254 1417 2534 1471 ὁποιανοῦν
2574 1416 2843 1488 πρόφασιν
2877 1415 3054 1480 ἐξόδου
3089 1416 3390 1486 μαρτυρίου
3423 1415 3691 1487 καλουμέ-

2105 1526 2228 1573 νου,
2273 1507 2430 1560 τοῦτο
2477 1508 2746 1576 φάσκειν,
2798 1509 2878 1560 ὅτι
2921 1507 2983 1559 οὐ
3033 1505 3092 1559 τὸ
3134 1507 3288 1574 γένος
3335 1505 3428 1558 τοῦ
3481 1524 3685 1578 μαρτυ-

2108 1601 2222 1672 ρίου
2254 1600 2364 1670 (18)
2393 1602 2706 1670 παρῃτεῖτο,
2748 1599 2918 1668 λέγων
2945 1617 2958 1629 ο
3002 1618 3018 1650 ι
3057 1598 3378 1669 Παρελθέτω
3422 1600 3518 1652 ἀπ’
3551 1601 3688 1670 ἐμοῦ

2103 1692 2164 1745 τὸ
2195 1692 2449 1762 ποτήριον
2481 1691 2638 1743 τοῦτο
2669 1709 2686 1740 ι
2723 1689 2945 1759 (ἔφασκε
2981 1689 3087 1758 γὰρ
3109 1689 3194 1753 ἂν,
3238 1689 3562 1759 Παρελθέτω
3592 1691 3684 1744 ἀπ’

2105 1783 2238 1854 ἐμοῦ
2292 1784 2350 1836 τὸ
2393 1784 2707 1853 ποτήριον),
2745 1781 2878 1835 ἀλλά
2921 1781 3059 1852 τάχα
3101 1782 3160 1835 τὸ
3210 1777 3348 1845 εἶδος
3388 1783 3530 1836 τόδε.
3577 1785 3686 1837 Καὶ

2106 1875 2342 1944 πρόσχες
2361 1913 2376 1934 ,
2405 1875 2451 1925 εί
2481 1872 2702 1926 δυνατὸν
2732 1871 3000 1942 ἐνορῶντα
3028 1873 3118 1926 τὸν
3145 1873 3377 1943 Σωτῆρα
3401 1876 3512 1938 τοῖς
3549 1874 3684 1927 εῖδε-

2106 1982 2188 2018 σιν
2210 2005 2223 2028 ,
2262 1965 2327 2017 ἵν’
2353 1963 2525 2026 οὕτως
2552 1964 2801 2034 ὀνομάσω
2818 2003 2832 2027 ,
2876 1962 2983 2014 τῶν
3017 1963 3288 2033 ποτηρίων
3307 2003 3320 2027 ,
3357 1966 3451 2016 καὶ
3473 1968 3590 2029 τοῖς
3617 1965 3683 2017 δι’

2101 2057 2332 2110 ἕκαστον
2391 2056 2702 2126 γενομένοις
2734 2055 2832 2118 ἂν,
2880 2055 2972 2108 καὶ
3015 2055 3498 2126 καταλαμϐάνοντα
3545 2058 3684 2128 μετά

2101 2165 2244 2212 τινος
2289 2146 2597 2217 βαθυτάτης
2625 2147 2814 2215 σοφίας
2857 2145 2954 2208 τὰς
2985 2145 3267 2218 διαφορὰς,
3301 2147 3420 2199 τόδε
3454 2148 3516 2199 τὸ
3545 2144 3680 2210 εἶδος

2099 2242 2197 2311 τῆς
2221 2240 2400 2303 ἐξόδου
2420 2238 2802 2309 παραιτεῖσθαι
2829 2237 2922 2291 τοῦ
2949 2237 3268 2309 μαρτυρίου,
3290 2236 3425 2292 ἄλλα
3454 2238 3510 2290 δὲ
3539 2238 3679 2307 τάχα

2101 2332 2396 2404 βαρύτερον
2425 2334 2594 2383 αἰτεῖν
2648 2329 2982 2399 λεληθότως,
3030 2330 3116 2382 ἵνα
3159 2328 3592 2400 καθολικώτερόν
3630 2333 3680 2383 τι

2100 2424 2192 2477 καὶ
2235 2422 2328 2476 ἐπὶ
2361 2421 2576 2484 πλείους
2621 2419 2818 2488 φθάνον
2847 2419 3191 2490 εὐεργέτημα
3218 2416 3422 2488 ἀνυσθῇ
3461 2418 3529 2470 δι’
3568 2421 3679 2471 ἐτέ⁴

2102 2533 2192 2587 ρου
2225 2513 2502 2583 ποτηρίου.
2543 2511 2716 2580 Ὅπερ
2748 2510 2956 2562 οὐδέπω
2991 2505 3057 2578 ἦν
3091 2507 3303 2578 θέλημα
3332 2508 3424 2560 τοῦ
3461 2509 3677 2582 ﬂat-(.6;

2095 2603 2346 2673 γενέσθαι
2364 2601 2664 2672 σοφώτερον
2686 2600 2836 2670 παρά
2852 2600 2912 2651 τὸ
2937 2599 3180 2669 βούλημα
3195 2598 3287 2652 τοῦ
3306 2598 3510 2669 Υἱοῦ,(1
3526 2600 3676 2668 {Dicat

2098 2698 2225 2766 παρ’
2255 2695 2282 2747 ὃ
2317 2693 2460 2764 ἐώρα
2489 2695 2515 2746 6
2545 2692 2734 2763 Σωτὴρ
2756 2731 2769 2755 ,
2801 2689 2908 2759 ὁδῷ
2941 2690 3034 2742 καὶ
3079 2689 3231 2753 τάξει
3264 2689 3676 2758 οἰκονομοῦντος

2095 2787 2162 2841 τὰ
2195 2785 2512 2857 πράγματα.
2539 2782 2732 2852 Σαφῶς
2759 2783 2816 2834 δέ
2847 2783 2904 2834 ἐν
2936 2780 3185 2850 Ψαλμοῖς
3213 2781 3274 2833 τὸ
3305 2780 3396 2832 τοῦ
3423 2781 3675 2851 Σωτῆρος

2095 2881 2350 2951 ποτήριον
2385 2881 2412 2930 6
2433 2877 2538 2931 τῶν
2568 2875 2859 2947 μαρτύρων
2888 2874 3001 2944 (20)
3041 2875 3155 2928 ἐστὶ
3186 2874 3433 2938 θάνατος.
3465 2877 3667 2946 Διόπερ

2095 2968 2191 3040 τῷ,
2231 2987 2247 3020 t
2286 2969 2550 3037 Ποτήριον
2587 2965 2852 3035 σωτηρίου
2879 2965 3139 3035 λήψομαι,
3169 2966 3342 3018 καὶτὸ
3367 2965 3540 3036 ὄνομα
3572 2969 3675 3019 Κυ-

421 3065 529 3102 non
589 3055 898 3118 communi,
954 3065 1010 3108 ut
1063 3056 1135 3109 ita
1176 3057 1398 3122 dicam,
1450 3069 1504 3113 et
1565 3061 1764 3126 pietate
1825 3077 1991 3117 vacua

2105 3062 2214 3130 ρίου
2245 3058 2662 3127 ἐπικαλέσομαι,
2693 3077 2709 3107 ι
2738 3057 3148 3129 ἐπιφέρεταιτό·
3177 3076 3193 3107 ι
3221 3057 3410 3125 Τίμιος
3433 3059 3674 3110 ἐναντίον

422 3149 622 3200 morte.
696 3143 788 3197 sed
865 3145 1063 3198 eximia
1117 3145 1226 3198 -illa
1304 3145 1648 3215 defungimur
1704 3163 1824 3218 qum
1863 3166 1988 3219 pro-

419 3239 541 3296 pter
615 3232 985 3288 Christianam
1059 3237 1376 3306 religionem
1452 3238 1815 3310 pietatemque
1887 3243 1986 3297 in-

421 3321 447 3372 f
479 3334 614 3376 rtur.

2097 3151 2301 3223 Κυρίου
2335 3151 2368 3203 6
2403 3149 2629 3212 θάνατος
2656 3148 2762 3201 τῶν
2799 3149 2960 3201 ὁσίων
2991 3149 3177 3201 αὑτοῦ.
3207 3169 3223 3198 ι
3265 3148 3456 3218 Τίμιος
3493 3150 3673 3202 τοίνυν

2097 3247 2226 3314 ἡμῖν
2276 3242 2564 3314 ἐπέρχεται
2613 3239 2878 3303 Θάνατος,
2929 3239 3004 3302 ὼς
3045 3241 3211 3302 ὁσίοις
3261 3239 3356 3291 τοῦ
3396 3239 3532 3291 Θεοῦ
3586 3240 3674 3293 καὶ

2092 3337 2192 3389 οὐκ
2226 3334 2483 3399 ἀναξίοις,
2516 3336 2613 3387 οὐκ
2651 3334 2707 3387 ἐν
2736 3331 2812 3401 τῷ
2847 3332 3042 3395 κοινὸν,
3076 3332 3141 3384 ἵν’
3185 3331 3354 3395 οὕτως
3398 3332 3670 3403 ὀνομάσω,

419 3417 509 3469 καὶ
536 3420 702 3491 ἀργὸν
731 3421 1036 3481 θεοσεϐείας
1064 3424 1288 3477 θάνατον
1320 3425 1626 3490 ἀποθανεῖν,
1659 3427 1795 3482 ἀλλά
1827 3447 1968 3494 τινος
1994 3431 2286 3502 ἐξαίρετον,
2309 3431 2401 3483 τὸν
2426 3429 2514 3483 διά
2535 3429 2957 3497 Χριστιανισμὸν
2984 3428 3075 3480 καὶ
3105 3428 3402 3480 εὐσέϐειαν.

491 3514 580 3569 50.
628 3515 1034 3572 Meminerimus
1056 3519 1222 3572 etiam
1257 3533 1353 3572 nos
1387 3536 1659 3588 peccasse,
1689 3539 1786 3577 nec
1819 3525 1978 3596 293

421 3619 582 3670 posse
639 3610 1010 3664 remissionem
1081 3620 1425 3677 peccatorum
1491 3614 1608 3666 sine
1654 3615 1984 3682 Baptismate

420 3698 624 3765 accipi:
655 3714 752 3754 nos
785 3712 963 3755 autem
1014 3701 1166 3768 juxta
1200 3703 1543 3773 evangelicas
1601 3706 1744 3775 leges
1788 3709 1980 3760 iterum

489 3835 538 3867 ⁷⁸
570 3837 761 3892 Matth.
799 3855 947 3906 xxvr,
976 3838 1066 3894 39.
1140 3839 1182 3869 ⁷⁷
1217 3839 1351 3894 Luc.
1373 3856 1512 3903 XXII.
1537 3842 1625 3896 4⁸2-

417 3986 579 4040 τητος
611 3968 789 4043 πάντα
819 3971 1152 4043 ὑπομένοντα
1178 3970 1246 4043 τὰ
1275 3973 1433 4043 ,παρὰ
1463 3972 1571 4043 τῶν
1615 3973 1989 4042 ἐμπαιζὸντων

418 4039 834 4111 προσαγόμενοι,
881 4039 1158 4111 εἰρηκέναι
1192 4041 1299 4111 ἀπὸ
1326 4039 1604 4108 ἀγεννείας
1651 4039 1750 4111 ’(ὼς
1793 4044 1991 4095 οἴονταί

414 4109 578 4180 τινες)
617 4109 710 4162 καὶ
752 4110 839 4175 τὸ,
865 4109 1078 4177 Πάτερ,
1113 4114 1165 4164 εὶ
1187 4109 1470 4163 δυνατόν.
1507 4129 1524 4161 ι
1560 4109 1674 4175 Qui
1697 4113 1856 4178 igitur
1882 4127 1991 4178 pra:

415 4181 738 4234 fortitudine
772 4182 939 4234 Iacuit
965 4184 1015 4233 in
1046 4181 1333 4249 supplicio,
1360 4181 1450 4248 qui
1478 4181 1656 4234 omnia
1688 4182 1786 4234 sibi
1818 4197 1845 4234 a
1874 4182 1988 4234 suis

415 4251 751 4305 derisoribns
777 4250 980 4304 inﬂicta
1006 4251 1282 4314 sustinuit,
1312 4251 1356 4303 is
1387 4264 1493 4302 non
1530 4265 1640 4317 prae
1665 4251 1896 4316 ignavia,
1933 4259 1991 4303 ut

413 4321 706 4388 epinantur
733 4320 1000 4384 nonnulli,
1037 4321 1172 4374 dixit
1204 4320 1348 4374 istud
1377 4336 1392 4374 :
1434 4319 1596 4373 Pater
1621 4360 1636 4384 ,
1663 4322 1707 4372 si
1738 4321 1982 4386 possibile

411 4400 506 4443 est.
540 4411 558 4442 ι
581 4389 724 4443 idem
751 4393 952 4458 passim
973 4391 1234 4454 inculcat,
1257 4391 1383 4458 quia
1411 4390 1778 4457 nequissimus
1795 4389 1986 4444 Celsus

413 4461 611 4527 sacpius
640 4461 740 4514 hoc
775 4461 980 4526 objicit.
1009 4461 1109 4512 Adi
1140 4460 1261 4514 libr.
1297 4476 1333 4512 ll
1366 4473 1548 4513 contra
1579 4459 1808 4518 Celsum,
1840 4475 1988 4513 num.

412 4527 517 4586 24,
565 4528 638 4581 ‘25
678 4547 690 4581 :
741 4529 1074 4597 Epiphanius
1112 4529 1162 4581 in
1211 4529 1538 4593 Anc/torale,
1581 4530 1697 4582 ait:
1742 4530 1799 4580 Ὁ
1824 4529 1999 4581 εἰπὼν

413 4597 643 4668 πρὸ-τοῦ
680 4597 859 4668 θανεῖν
894 4599 1039 4668 περι
1077 4597 1305 4668 θανάτου
1330 4597 1493 4668 ,ᾲκᾶν
1537 4598 1726 4668 διάγτὸ
1756 4599 1830 4668 μὴ
1859 4601 1996 4650 ὑπο-

414 4663 683 4736 ληφθῆναι
716 4665 952 4736 ψευστὴν
970 4663 1174 4736 ἀύτὸν,
1196 4667 1295 4717 οὐκ
1319 4666 1548 4736 ἠδυνατο
1576 4663 1830 4730 εὔξασθαί
1855 4684 1996 4736 παρ-

414 4734 587 4785 ελθεῖν
623 4734 700 4804 *τὸ
742 4734 1019 4804 ποτήριον,
1045 4735 1179 4787 ἀλλὰ
1204 4735 1554 4804 προκαλεῖται
1587 4736 1675 4786 διά
1703 4736 1796 4787 τοῦ
1825 4734 2000 4788 τοιοῦ-

412 4819 507 4854 του
538 4802 736 4871 τρόπου
771 4802 1178 4856 τὸνάντίδικον
1197 4845 1211 4867 ,
1245 4802 1331 4857 ἵνα
1353 4844 1366 4866 ,
1398 4806 1606 4856 ἐκείνου
1641 4804 1998 4867 ὑπολαϐόντος

412 4871 641 4943 δεδιέναι
688 4872 778 4943 τὸν
821 4873 1047 4943 Σωτῆρα
1095 4873 1185 4924 τὸν
1241 4872 1500 4943 θάνατον,
1552 4876 1802 4943 ἐπαγάγῃ
1850 4874 1998 4943 αὐτῷ

414 4941 642 5012 θάνατον
687 4941 767 5012 εἰς
813 4941 1091 5012 ,σωτηρίαν
1137 4945 1248 5004 τοῖς
1287 4941 1578 5012 θνήσκουσι
1619 4941 1705 4994 διὰ
1727 4941 1823 5010 τῆς
1853 4941 1998 4995 οἶκοι

414 5010 627 5080 νομίας.
673 5027 691 5059 ι
725 5009 824 5074 Qui
861 5009 987 5080 ante
1015 5020 1242 5063 mortem
1279 5009 1415 5064 dixit
1461 5013 1527 5064 de
1571 5021 1745 5065 morte
1777 5009 1883 5080 (vel
1924 5014 1995 5066 ob

415 5077 518 5132 hoc
557 5081 729 5146 ipsum
763 5093 830 5131 ne
852 5077 1354 5144 deprehenderetur
1387 5081 1640 5144 mendax)
1680 5077 1793 5133 non
1816 5083 1994 5148 potuit

413 5148 662 5218 precari,
705 5156 762 5200 ut
809 5148 1067 5200 transiret
1117 5149 1404 5215 poculum,
1460 5149 1552 5202 sed
1603 5163 1856 5215 provorat
1900 5165 1997 5218 per

412 5219 559 5271 hunc
617 5219 836 5270 modum
877 5231 1052 5288 suum
1101 5219 1470 5270 adversarium
1515 5233 1706 5285 :quo,
1755 5220 1846 5272 illo
1872 5222 1994 5288 opi-

413 5299 581 5340 nante
628 5288 825 5340 timere
873 5285 1212 5340 Salvatorem
1260 5297 1532 5349 mortem,
1581 5289 1856 5341 induceret
1892 5285 1992 5357 ipsi

414 5366 671 5418 mortem,
699 5359 762 5408 ad
805 5357 1036 5409 salutem
1072 5357 1467 5419 morientibus,
1505 5372 1603 5424 per
1638 5359 1993 5426 dispensatio-

413 5441 555 5479 nem.
589 5443 606 5475 ι
651 5427 1038 5485 Wers'remus.

485 5494 597 5564 (l8)
647 5497 727 5547 Οὐ
775 5496 840 5549 τὸ
887 5495 1064 5564 γένος
1113 5493 1220 5547 τοῦ
1243 5495 1594 5562 μαρτιφίου,
1649 5506 1754 5549 ctc.
1798 5497 1995 5551 Confer

415 5577 534 5627 qua:
568 5565 786 5632 scripsit
821 5565 916 5618 lib.
955 5581 991 5617 ll
1023 5575 1207 5617 contra
1243 5564 1488 5626 Celsum,
1521 5582 1666 5622 num.
1701 5567 1769 5620 25
1801 5579 1854 5622 cl
1896 5568 1988 5623 lib.

417 5643 490 5682 vn
521 5643 710 5685 contra
739 5635 1012 5695 eumdem,
1046 5650 1173 5686 num
1227 5633 1314 5688 55.

487 5698 602 5769 (l9)
627 5697 764 5756 Vide
791 5701 882 5756 lib.
915 5717 955 5756 Il
983 5701 1310 5773 Origeuian.,
1350 5720 1403 5774 q.
1431 5705 1482 5758 ‘2.

1703 3844 1750 3875 ⁷⁸
1782 3843 1948 3898 Marc.
1981 3862 2092 3911 xw,
2126 3848 2214 3902 36.

2171 3523 2530 3596 Ὑπομνησθῶ
2538 3541 2636 3595 μεν
2651 3523 2708 3576 δὲ
2723 3523 2817 3576 καὶ
2833 3516 2905 3576 ὧν
2929 3523 3221 3592 ἠμαρτήκα
3229 3539 3346 3591 μεν·
3365 3523 3457 3574 καὶ
3476 3521 3564 3574 ὅτι
3580 3523 3674 3576 οὐκ

2091 3617 2236 3670 ἔστιν
2270 3617 2459 3686 ἄφεσιν
2494 3616 2903 3686 ἁμαρτημάτων
2942 3614 3111 3684 χωρὶς
3140 3613 3525 3684 Βαπτίσματος
3563 3614 3657 3666 λα-

2091 3709 2203 3764 ϐεῖν
2227 3709 2338 3780 (21)
2357 3725 2370 3738 ·
2410 3708 2502 3761 καὶ
2533 3709 2614 3760 ὅτι
2646 3706 2744 3758 οὐκ
2769 3705 2884 3758 ἐστι
2915 3704 3134 3758 δυνατὸν
3169 3704 3308 3758 κατὰ
3337 3707 3460 3768 τοὺς
3490 3706 3656 3772 εὐαγ-

2290 3847 2409 3879 τΜο
2439 3845 2579 3899 Psal.
2611 3861 2734 3909 cxv,
2767 3846 2851 3898 l3.

2168 3978 2278 4047 (9.0)
2313 3978 2657 4050 Μαρτύρων.
2689 3977 2744 4032 ln
2781 3978 2967 4033 codice
2994 3992 3097 4032 ms.
3144 3986 3399 4048 corrupte
3447 3979 3666 4050 legitur,

2098 4049 2430 4119 μαρτυρίων.

2167 4115 2294 4186 (21)’
2329 4120 2449 4170 Οὐκ
2512 4115 3430 4188 ἕστινᾲᾶςρξσινΠάμαρτημάτων
3488 4121 3666 4187 χωρίς

2096 4185 2515 4256 Βαπτίσματος
2541 4186 2770 4256 λαϐεῖν,
2787 4185 3174 4256 ΤειθιιιΙΙίιιηυε,
3197 4185 3274 4241 De
3298 4190 3462 4254 bapt.,
3490 4185 3541 4243 ὁ.
3565 4185 3662 4244 ΕΞ

2108 4275 2124 4306 ι
2167 4255 2546 4310 Ρτιεεειοίὺίιιιι·
2576 4255 2776 4309 nemini
2808 4255 2923 4308 sine
2948 4255 3218 4324 baptismo
3239 4269 3552 4325 competere
3583 4277 3664 4313 sa-

2102 4329 2303 4397 lutem_._
2326 4343 2392 4380 ex
2423 4326 2512 4380 illa
2548 4326 2780 4378 maxime
2807 4327 3251 4397 pronuntiatione
3295 4329 3535 4390 Domini,
3576 4330 3661 4397 qni

2100 4398 2176 4448 ait
2204 4415 2216 4448 :
2253 4393 2372 4447 Nisi
2403 4406 2556 4447 natus
2587 4410 2652 4446 ex
2684 4411 2819 4462 aqua
2841 4395 2956 4461 quis
2980 4397 3096 4456 erit,
3124 4412 3224 4448 non
3257 4397 3408 4449 habel
3432 4393 3610 4454 vitam;
3641 4416 3656 4448 υ

2099 4465 2440 4525 Ambrosius,
2477 4463 2515 4518 Ι.
2552 4462 2629 4516 De
2652 4467 2737 4526 iis,
2768 4465 2856 4532 qui
2887 4466 3147 4532 mysteriis
3179 4466 3479 4528 initiantur,
3511 4483 3562 4520 c.
3595 4469 3658 4521 κίε

2106 4553 2124 4581 ι
2174 4535 2358 4588 Credit
2399 4534 2562 4585 etiam
2620 4535 3042 4586 catechumenus
3088 4535 3139 4587 in
3187 4550 3403 4587 crucem
3452 4535 3657 4590 Domini

2099 4602 2250 4666 .lcsu,
2280 4618 2383 4670 qua
2410 4611 2463 4654 et
2489 4605 2600 4672 ipse
2623 4604 2904 4669 signatur;
2941 4605 3054 4669 sed,
3089 4605 3190 4658 nisi
3223 4605 3528 4672 baptizatus
3552 4609 3661 4660 fue-

2099 4675 2170 4726 rit
2197 4673 2247 4723 in
2290 4673 2508 4724 nomine
2541 4671 2713 4724 Patris
2743 4681 2796 4724 et
2825 4671 2944 4724 Filii
2975 4682 3030 4726 et
3072 4671 3308 4741 Spiritus
3343 4675 3538 4740 sancti,
3576 4690 3660 4729 re-

2100 4741 2412 4813 missionem
2466 4755 2572 4813 non
2618 4750 2794 4810 potest
2842 4744 3089 4810 accipere
3128 4753 3518 4813 peccatorum,
3565 4760 3659 4798 nec

2099 4810 2356 4876 spiritalis
2407 4812 2592 4877 gratia.-
2627 4826 2819 4863 munus
2858 4813 3094 4865 haurire.
3128 4810 3164 4865 “›
3203 4813 3451 4866 Remittit
3483 4825 3656 4868 tamen

2100 4881 2223 4933 alibi
2270 4881 2335 4931 de
2373 4880 2473 4931 hoc
2516 4883 2690 4946 rigere
2731 4882 3048 4935 Ambrosius
3096 4882 3366 4940 Consolat.
3411 4886 3477 4938 de
3519 4887 3657 4937 obitu

2111 4947 2504 5022 Valentiniani,
2541 4965 2685 5004 num.
2720 4949 2779 5003 5-1
2813 4969 2824 5001 :
2868 4967 2886 4999 ι
2911 4952 3103 5022 iAudio
3134 4967 3228 5007 vos
3260 4952 3444 5006 dolere
3469 4995 3486 5020 ,
3524 4953 3659 5022 quod

2099 5018 2506 5089 ltoitaccepel'il
2532 5029 2872 5072 sacramenta
2910 5018 3478 5089 Baptisniatis.Dicite
3508 5018 3656 5084 mihi,

2099 5088 2227 5157 quid
2265 5086 2409 5138 aliud
2455 5087 2506 5139 in
2539 5090 2693 5142 nobis
2729 5097 2808 5141 est
2837 5086 3114 5152 voluntas,
3145 5093 3246 5144 nisi
3277 5093 3515 5157 petitio?
3546 5093 3655 5147 Non

2099 5156 2264 5209 habet
2292 5171 2419 5225 ergo
2453 5159 2704 5225 gratiam,
2737 5173 2896 5225 quam
2925 5156 3292 5214 desideravit?
3327 5161 3444 5215 Non
3477 5165 3653 5224 habet,

2097 5241 2256 5293 quam
2307 5227 2595 5300 poposcit?
2638 5228 2798 5300 Certe
2848 5229 3288 5300 quiapoposcit,
3323 5236 3557 5300 accepit.
3601 5232 3654 5284 Si

2098 5308 2395 5365 martyres,
2443 5297 2531 5362 qui
2565 5297 2935 5350 catechumeni
2973 5297 3200 5364 fuerint,
3233 5316 3330 5355 suo
3361 5297 3658 5356 abluuntur

2099 5367 2394 5433 sanguine,
2427 5375 2481 5418 et
2511 5366 2656 5418 hunc
2689 5379 2782 5417 sua
2814 5367 2982 5433 pietas
3027 5368 3198 5422 abluit
3243 5382 3296 5423 et
3324 5373 3593 5423 voluntas.
3631 5387 3649 5418 ι

2095 5435 2386 5502 Augustin.
2417 5434 2454 5488 l.
2495 5450 2544 5486 tv
2591 5445 2730 5487 cont.
2764 5434 3030 5491 Donatist.
3059 5476 3073 5500 ,
3121 5455 3168 5492 c.
3210 5438 3282 5492 2‘2
3315 5458 3328 5493 :
3382 5458 3402 5489 ‹
3440 5438 3653 5494 Invenio

2097 5517 2210 5576 non
2229 5515 2432 5576 tantum
2467 5505 2767 5576 passionem
2799 5520 2894 5572 pro
2921 5509 3136 5560 nomine
3158 5508 3386 5573 Christi,
3410 5512 3482 5571 id,
3510 5508 3649 5576 quod

2098 5588 2164 5644 ex
2199 5574 2466 5639 baptismo
2497 5574 2712 5636 deerat,
2746 5589 2904 5640 posse
2943 5577 3223 5644 supplere;
3263 5580 3357 5631 sed
3394 5574 3555 5631 etiam
3589 5579 3654 5630 fi-

2097 5643 2215 5693 dem
2253 5644 2770 5710 conversionemque
2800 5643 3067 5710 cordis,’si
3102 5647 3240 5700 forte
3274 5651 3340 5701 ad
3373 5649 3650 5702 celebran-

2097 5710 2222 5763 dum
2273 5711 2592 5780 mysterium
2638 5711 2898 5783 Baptismi
2949 5715 3001 5769 in
3052 5717 3320 5785 angustiis
3352 5728 3648 5786 temporum
