3988 6156
425 299 532 356 6θό

1870 270 2225 365 |ORIGENI§

3582 282 3684 335 606

427 424 556 470 tur:
592 432 610 465 ι
639 413 719 468 Eu
751 414 978 468 dilectus
1001 427 1152 467 meus
1178 411 1423 480 loquitur
1454 412 1584 464 mihi
1609 428 1622 464 :
1649 411 1841 481 Surge,
1887 426 1986 464 ven

2120 429 2138 459 ι
2191 409 2565 480 Ἀποκρίνεται
2590 407 2717 480 γὰρ,
2741 406 2923 476 φησὶν,
2949 405 3227 474 ἀδελφιδός
3268 420 3389 474 μου,
3421 402 3518 456 καὶ
3539 402 3685 470 λέγει

428 507 606 561 vicina
633 519 775 571 mea,
822 504 1054 559 formosa
1087 519 1227 568 mea,
1261 503 1508 557 columba
1544 518 1694 567 mea;
1719 501 1830 568 jam
1855 503 1999 555 enim

429 597 604 650 hiems
638 596 874 658 transiit,
936 594 1108 648 imber
1135 594 1270 648 abiit
1313 603 1369 648 et
1429 595 1651 648 recessit
1673 593 1740 647 3‘.
1771 612 1788 644 ›
1822 593 1887 646 Ει
1909 609 2003 648 vos

429 688 606 741 adlmc
643 686 966 740 meministis
991 701 1096 740 non
1141 686 1307 740 aliter
1330 685 1517 738 audire
1542 700 1638 740 vos
1659 701 1812 750 posse
1836 687 1999 742 illud:

433 797 454 829 ε
482 777 666 832 llicms
689 777 921 840 transiit,
949 795 968 827 ι
995 776 1098 830 nisi
1117 786 1435 845 praesentem
1458 778 1600 831 hanc
1628 787 1999 847 tempestatem

427 868 642 922 fortiter
703 874 1137 935 constanterque
1189 869 1579 922 sustinueritis.
1630 868 1764 923 Cum
1820 868 1998 924 autem

428 959 708 1013 transierit
744 961 922 1014 hiems
955 968 1008 1013 et
1033 959 1204 1013 imber
1255 960 1562 1024 recesserit,
1585 960 1745 1015 liores
1781 977 2002 1030 appare-

423 1049 575 1103 bunt.
611 1066 630 1099 ι
669 1047 908 1103 Plantati
959 1049 1104 1102 enim
1161 1049 1212 1102 in
1271 1049 1430 1105 domo
1481 1050 1722 1119 Domini,
1754 1053 1806 1106 in
1849 1053 2000 1109 atriis

423 1139 612 1195 domus
645 1141 734 1195 Dei
763 1140 930 1193 nostri
955 1140 1224 1194 florebunt
1255 1142 1323 1196 ⁸⁵.
1356 1161 1373 1193 ι

490 1431 581 1486 52.
617 1430 748 1484 Illud
769 1430 932 1486 etiam
961 1430 1234 1495 novimus,
1262 1443 1384 1484 cum
1429 1428 1582 1483 nobis
1597 1426 1751 1484 Jesus
1779 1443 1999 1497 persua-

419 1523 554 1576 serit
599 1522 736 1576 idola
791 1532 847 1575 et
886 1521 1110 1585 impium
1156 1521 1448 1573 multorum
1516 1520 1742 1573 deorum
1793 1518 1996 1574 cultum

423 1612 755 1680 relinquere,
807 1613 1041 1667 suadere
1098 1611 1254 1666 nobis
1309 1610 1668 1665 idololatriam
1721 1611 1996 1664 inimicum

421 1717 530 1757 non
569 1717 748 1771 posse,
779 1706 872 1757 sed
907 1716 1100 1772 cogere
1139 1700 1290 1755 velle.
1325 1700 1399 1754 Ea
1433 1716 1596 1755 causa
1627 1709 1710 1755 est
1740 1715 1838 1755 cur
1870 1701 1993 1754 talia

425 1794 479 1848 in
513 1810 609 1849 eos
641 1804 896 1850 exerceat
919 1796 969 1847 in
1003 1809 1138 1864 quos
1180 1804 1421 1864 potestas
1459 1793 1559 1861 ipsi
1604 1792 1782 1856 datur,
1817 1801 1872 1845 et
1911 1791 1998 1846 vel

420 1895 687 1956 martyres
717 1902 812 1941 eos
849 1887 940 1956 qui
980 1896 1282 1952 tentantur,
1303 1884 1517 1950 etliciat,
1549 1885 1634 1939 vel
1668 1883 2003 1939 idololatras.

419 1976 576 2046 Sche
602 1978 764 2032 etiam
817 1993 961 2033 nunc
990 1979 1165 2032 dicit:
1207 1996 1224 2028 ι
1252 1976 1375 2031 llaec
1419 1976 1598 2030 omnia
1626 1976 1718 2030 tibi
1753 1975 1910 2040 dabo,
1955 1975 1998 2028 si

417 2069 614 2122 cadens
637 2068 949 2133 adoraveris
983 2083 1067 2122 me
1090 2068 1166 2121 ⁸⁸.
1200 2086 1221 2120 ι
1245 2067 1548 2122 Caveamus
1573 2066 1740 2136 igitur
1766 2081 1830 2120 ne
1859 2065 1998 2120 idola

418 2159 664 2215 colamus
735 2175 994 2228 unquam,
1029 2167 1086 2214 et
1135 2174 1234 2212 nos
1285 2157 1566 2212 dzemoniis
1615 2155 1991 2223 subjiciamus;

418 2250 558 2305 idola
593 2257 738 2306 enim
771 2259 896 2306 sunt
924 2250 1169 2322 gentium
1196 2249 1482 2305 daemonia.
1509 2247 1677 2314 Quale
1701 2259 1784 2302 est
1815 2258 1997 2301 autem

416 2341 725 2411 relinquere
760 2357 922 2398 suave
952 2341 1152 2398 Christi
1188 2342 1374 2411 jugum
1404 2351 1458 2395 et
1497 2341 1614 2395 levo
1653 2355 1790 2394 onus
1841 2340 1980 2406 ejus,

414 2440 475 2487 ut
505 2447 602 2487 nos
648 2433 840 2488 iterum
873 2434 1175 2488 da’monum
1201 2434 1332 2503 jugo
1375 2445 1747 2502 supponamus
1777 2439 1831 2484 et
1863 2445 1994 2498 gnta

414 2523 621 2577 vissimi
675 2524 883 2592 peccati
939 2531 1219 2594 portemus
1273 2537 1433 2586 onus,
1487 2521 1650 2589 idque
1706 2530 1992 2588 postquam

412 2615 769 2681 cognovimus
823 2613 1061 2669 cinerem
1105 2627 1226 2669 esse
1275 2629 1372 2670 cor
1419 2612 1580 2668 idolis
1637 2611 1990 2667 servientium

409 2705 806 2775 vitamqueluto
828 2705 1122 2776 turpiorem
1138 2706 1187 2738 ⁸⁷
1206 2701 1621 2774 diximusquepa
1635 2713 1742 2756 tres
1776 2712 1990 2755 nostros

408 2791 543 2846 falsa
601 2795 856 2851 habuisse
889 2795 1159 2863 sculptilia
1192 2803 1249 2850 et
1286 2813 1306 2846 ¢
1363 2809 1470 2850 non
1517 2807 1638 2849 esse
1683 2793 1738 2846 in
1782 2791 1863 2847 eis
1894 2790 1988 2860 qui

407 2883 593 2950 pluant
617 2883 680 2936 ⁸⁸.
722 2899 742 2936 3

2107 516 2228 570 μοι·
2276 500 2528 564 Ἀνάστα,
2565 498 2688 552 ἐλθὲ
2719 501 2751 568 ἡ
2786 497 3014 569 πλησίον
3048 514 3169 567 μου,
3195 495 3332 564 καλή
3369 511 3490 564 μου,
3524 509 3687 564 περι-

2107 591 2273 661 στερά
2323 608 2456 660 μου·
2512 592 2593 644 ὅτι
2639 589 2749 642 ίδού
2798 592 2826 642 6
2873 587 3078 659 χειμὼν
3113 585 3415 656 παρῆλθεν·
3470 588 3498 638 ό
3530 583 3689 648 ὑετὸς

2103 681 2364 751 ἀπῆλθεν,
2386 681 2652 752 ἐπορεύθη
2676 681 2872 751 ἐαυτῷ.
2911 700 2928 732 ι
2962 681 3071 733 Καὶ
3098 680 3255 749 ὑμεῖς
3275 678 3354 730 ἔτι
3379 676 3683 748 μέμνησθε,

2102 772 2183 824 ὅτι
2206 772 2304 825 οὐκ
2331 772 2503 835 ἄλλως
2530 771 2678 825 ἔστιν
2702 771 2931 825 ἀκοῦσαι
2954 769 3068 834 τοῦ,
3104 788 3122 820 ‹
3166 770 3224 820 Ὁ
3247 767 3452 838 χειμὼν
3477 767 3688 836 παρῆλ-

2102 861 2212 925 θεν,
2248 882 2264 913 ι
2303 864 2396 915 ἐὰν
2434 862 2507 933 μὴ
2543 863 2632 916 τὸν
2669 863 2912 934 παρόντα
2945 860 3187 932 χειμῶνα
3226 859 3551 932 ἐρρωμένως
3589 859 3688 911 καὶ

2102 953 2334 1015 εὐτόνως
2369 953 2727 1023 ἁγωνίσησθε.
2763 952 2919 1006 Μετά
2948 953 3005 1006 δὲ
3035 953 3096 1005 τὸ
3133 950 3421 1022 παρελθεῖν
3452 948 3544 1002 τὸν
3572 965 3688 1018 χει-

2104 1043 2280 1113 μῶνα,
2324 1045 2416 1097 καὶ
2447 1045 2539 1098 τὸν
2565 1045 2719 1098 ὑετὸν
2749 1045 3023 1108 ἀπελθεῖν,
3057 1044 3152 1096 καὶ
3192 1040 3526 1114 πορευθῆναι
3559 1043 3690 1095 ἑαυ-
3755 1056 3762 1058 ·

2099 1134 2197 1204 τῷ,
2239 1134 2306 1188 τὰ
2345 1134 2479 1207 ἄνθη
2510 1135 2806 1206 ὀφθήσεται
2828 1153 2840 1165 °
2887 1153 2905 1186 ι
2941 1135 3342 1205 Πεφυτευμένοι
3375 1134 3484 1204 γὰρ
3517 1135 3575 1186 ἐν
3603 1133 3686 1203 τῷ

2099 1225 2231 1294 οἴκῳ
2265 1225 2357 1276 τοῦ
2384 1226 2608 1296 Κυρίου,
2633 1229 2689 1280 ἐν
2718 1231 2839 1289 ταῖς
2866 1226 3052 1290 αὐλαῖς
3076 1225 3169 1279 τοῦ
3193 1223 3327 1278 Θεοῦ
3351 1224 3506 1294 ἡμῶν
3529 1223 3686 1291 ἐξαν-

2100 1315 2343 1387 θήσουσι.
2379 1335 2398 1367 ›

2169 1425 2280 1479 Καὶ
2325 1425 2485 1479 τοῦτο
2531 1426 2586 1478 δὲ
2637 1428 2995 1499 γινώσκομεν,
3042 1429 3124 1481 ὅτι
3167 1427 3488 1490 πεισθέντας
3532 1427 3685 1498 ἡμᾶς

2099 1515 2204 1568 ὑπὸ
2246 1516 2417 1587 Ἰησοῦ
2455 1517 2776 1573 καταλιπεῖν
2823 1519 2892 1573 τὰ
2922 1519 3114 1573 εἴδωλα
3143 1519 3239 1572 καὶ
3266 1519 3360 1572 τὸν
3388 1519 3682 1571 πολυθεοα-

2099 1609 2330 1680 θεότητα
2361 1609 2492 1681 ('26),
2550 1614 2734 1666 πεῖσαι
2776 1612 2876 1682 μὲν
2910 1612 2938 1664 6
2969 1611 3160 1682 ἐχθρὸς
3194 1611 3255 1663 οὐ
3289 1610 3510 1664 δύναται
3543 1612 3684 1682 πρὸς

2099 1701 2166 1753 τὸ
2211 1701 2637 1773 είδωλολατρεῖν,
2699 1703 2987 1772 βιάσασθαι
3042 1703 3098 1755 δὲ
3147 1701 3412 1773 βούλεται.
3456 1704 3564 1755 Καὶ
3591 1703 3684 1756 διὰ

2104 1791 2262 1844 τοῦτο
2307 1793 2426 1846 καθ’
2451 1787 2524 1847 ὧν
2561 1793 2826 1863 λαμϐάνει
2869 1793 3133 1858 ἐξουσίαν,
3182 1795 3396 1864 ἐνεργεῖ
3426 1793 3680 1846 τοιαῦτα·

2105 1883 2199 1936 καὶ
2227 1883 2344 1953 ἤτοι
2373 1884 2655 1954 μάρτυρας
2686 1884 2717 1954 ἢ
2748 1884 3134 1954 εἰδωλολάτρας
3171 1887 3386 1956 ποιήσει
3410 1885 3534 1946 τοὺς
3564 1902 3688 1936 πει-

2105 1972 2454 2045 ραζομένους.
2483 1974 2750 2038 Πολλάκις
2780 1975 2835 2027 δὲ
2867 1976 2960 2028 καὶ
2992 1975 3086 2028 νῦν
3111 1976 3288 2044 λέγει’
3327 1995 3344 2027 ι
3380 1976 3566 2029 Ταῦτά
3597 1993 3684 2028 σοι

2103 2065 2280 2118 πάντα
2317 2064 2492 2129 δώσω,
2527 2065 2620 2118 ἐὰν
2655 2065 2833 2119 πεσὼν
2869 2069 3252 2139 προσκυνήσῃς
3279 2084 3388 2138 μοι.
3425 2087 3442 2118 ι
3475 2069 3687 2139 Προσέο

2100 2173 2284 2225 χωμεν
2317 2151 2431 2222 οὖν,
2464 2157 2675 2226 μήποτε
2699 2156 3268 2228 είδωλολατρήσωμεν,
3303 2157 3397 2210 καὶ
3426 2161 3536 2221 τοῖς
3567 2158 3685 2211 δαι-

2103 2246 2304 2317 μονίοις
2327 2247 2552 2310 ἐαυτούς
2581 2247 2958 2320 ὑποτάξωμενο
2993 2248 3061 2301 τά
3087 2249 3194 2319 γὰρ
3219 2247 3413 2302 εἴδωλα
3440 2249 3548 2319 (27)
3571 2249 3683 2302 τῶν

2098 2332 2266 2387 ἐθνῶν
2312 2334 2582 2404 δαιμόνια.
2636 2331 2759 2388 Οἷον
2799 2336 2855 2388 δέ
2898 2339 3012 2389 ἐστι
3045 2338 3125 2400 τὸ,
3174 2339 3540 2392 καταλιπόντα
3588 2340 3682 2392 τὸν

2097 2426 2331 2498 χρηστὸν
2357 2427 2596 2498 Χριστοῦ
2625 2427 2786 2496 ζυγὸν
2811 2430 2904 2482 καὶ
2925 2430 2984 2482 τὸ
3001 2430 3234 2502 ἐλαφρὸν
3253 2430 3417 2484 αὐτοῦ
3439 2433 3676 2502 φορτίον,

2097 2517 2258 2570 πάλιν
2288 2519 2480 2571 ἑαυτὸν
2506 2519 2796 2574 ὑποϐαλεῖν
2829 2519 2976 2592 ζυγῷ
3007 2521 3296 2592 δαιμόνων,
3329 2523 3425 2575 καὶ
3459 2523 3678 2593 φορτίον

2095 2606 2358 2683 βαστάξαι
2409 2609 2721 2682 βαρυτάτης
2764 2612 3058 2683 ἁμαρτίας,
3112 2614 3249 2683 μετὰ
3293 2614 3354 2666 τὸ
3383 2615 3678 2682 ἐγνωκέναι

2093 2701 2262 2771 ἡμᾶς,
2281 2700 2362 2752 ὄτι
2393 2699 2584 2764 σποδὸς
2607 2700 2715 2771 (28)
2738 2703 2771 2773 ἠ
2793 2701 2989 2772 καρδία
3016 2702 3124 2755 τῶν
3145 2701 3382 2766 εἰδώλοις
3403 2702 3683 2774 λατρευόν-

2089 2807 2218 2854 των,
2269 2793 2361 2862 καὶ
2409 2792 2540 2845 πολὺ
2565 2792 2672 2863 (29)
2719 2793 3045 2866 ἀτιμότερος
3091 2798 3119 2847 6
3173 2794 3286 2864 βίος
3326 2795 3525 2858 αὐτῶν,
3580 2798 3676 2848 καὶ

2094 2881 2233 2952 μετά
2253 2883 2312 2934 τὸ
2334 2883 2613 2954 εἰρηκέναι
2641 2885 2673 2953 ὴ
2682 2886 2786 2954 μᾶς
2817 2885 2891 2948 ὡς
2923 2884 3089 2956 ψευδῆ
3115 2887 3411 2958 ἐκτήσαντο
3435 2889 3483 2939 oi.
3509 2889 3676 2940 πατέ-

2094 2990 2183 3043 ρες
2209 2973 2363 3044 ἡμῶν
2387 2973 2598 3039 εἴδωλα,
2626 2976 2720 3028 καὶ
2753 2994 2771 3026 ι
2801 2977 2900 3028 οὐκ
2924 2976 3068 3031 ἔστιν
3089 2979 3148 3030 ἐν
3173 2978 3623 3048 αὐτοῖςιύετίζειν.
3653 2999 3670 3031 ι

477 3061 569 3116 '55.
605 3059 721 3116 Non
749 3061 880 3116 olim
918 3069 1126 3117 tantum
1157 3072 1391 3119 statuam
1441 3077 1663 3118 auream
1703 3060 1984 3116 Nabucho-

2167 3063 2242 3115 Οὐ
2276 3063 2443 3117 πάλαι
2482 3064 2638 3132 μόνον
2673 3064 2793 3135 ἵστη
2827 3063 2925 3136 τὴν
2954 3069 3160 3137 χρυσῆν
3190 3067 3372 3120 εἰκόνα
3402 3067 3677 3138 Ναϐουχο-

408 3153 647 3207 donosor
677 3153 875 3219 erexit,
906 3167 1084 3222 neque
1109 3163 1237 3209 tunc
1274 3155 1447 3210 solum
1493 3154 1738 3217 Ananim,
1779 3153 1986 3206 Azarize

2095 3152 2332 3223 δονόσορο
2391 3153 2510 3206 οὐδὲ
2547 3155 2667 3207 τότε
2720 3156 2878 3225 μόνον
2931 3156 3147 3225 ἠπείλει
3186 3157 3264 3227 τῷ
3318 3157 3535 3228 Ἀνανία
3583 3161 3676 3212 καὶ

408 3252 465 3297 et
487 3243 688 3298 Misaeli
709 3243 946 3299 minatus
971 3255 1056 3300 est
1072 3260 1184 3311 eos,
1207 3246 1259 3299 ni
1281 3247 1598 3310 adorarent,
1628 3245 1678 3298 in
1711 3244 1984 3298 caminum

407 3335 551 3404 ignis
623 3335 979 3407 injiciendos;
1055 3338 1148 3392 sed
1203 3346 1257 3392 et
1310 3353 1455 3391 nunc
1503 3337 1642 3390 alius
1696 3335 1984 3390 Nabucho-

405 3422 642 3481 donosor
703 3428 844 3482 idem
884 3429 1014 3484 dicit
1066 3430 1222 3485 nobis
1261 3430 1349 3498 qui
1407 3429 1701 3482 transimus
1754 3436 1809 3481 et
1859 3440 1987 3481 vere

403 3515 610 3572 Hebraei
678 3534 882 3575 sumus.
945 3519 1052 3576 Nos
1114 3529 1296 3575 autem
1356 3529 1415 3575 ut
1480 3520 1757 3575 cmlestem
1804 3533 1982 3573 rorem

399 3611 750 3678 experiamur
786 3612 877 3680 qui
907 3627 1121 3667 omnem
1161 3627 1190 3664 a
1243 3611 1400 3668 nobis
1445 3613 1619 3683 ignem
1669 3612 1984 3678 exstinguat

403 3711 461 3754 ct
487 3703 812 3772 praecipuam
838 3705 1035 3760 anima:
1075 3713 1278 3760 nostra:
1309 3714 1515 3775 partem
1539 3713 1767 3768 recreet,
1795 3717 1982 3757 sacros

403 3791 528 3844 illos
570 3793 843 3849 imitemur
872 3794 1120 3863 juvenes.
1160 3793 1327 3849 Forte
1363 3806 1418 3848 et
1467 3808 1610 3848 nunc
1644 3808 1739 3848 vos
1780 3794 1982 3848 alteros

403 3879 773 3936 Mardoclueos
819 3883 992 3937 Aman
1040 3885 1274 3939 adorare
1309 3898 1369 3938 se
1408 3884 1583 3948 volet;
1631 3883 1723 3937 sed
1786 3883 1979 3936 dicite:

405 3989 426 4022 ι
467 3969 582 4024 Non
612 3986 806 4040 ponam
838 3973 1060 4041 gloriam
1091 3975 1373 4029 hominum
1410 3990 1571 4042 supra
1595 3974 1826 4042 gloriam
1876 3958 1968 4026 Dei

400 4064 585 4120 Israel.
627 4086 646 4120 ι
666 4066 992 4122 Evertamus
1023 4067 1116 4120 Bel
1147 4067 1312 4121 verbo
1337 4067 1452 4133 Dei,
1475 4065 1636 4136 295
1659 4067 1976 4120 draconem-

469 4242 515 4273 “
549 4241 702 4297 Cant.
739 4259 796 4309 tt,
827 4242 914 4299 10.
989 4243 1038 4275 ⁸⁵
1062 4242 1184 4298 Psal
1221 4257 1323 4312 xei,
1398 4243 1486 4299 14.

1562 4245 1606 4276 ⁸⁸
1637 4243 1828 4299 Matth.
1871 4260 1946 4310 tv,
1976 4247 2028 4302 9.

2111 3244 2338 3315 Ἀζαρία
2382 3247 2478 3298 καὶ
2519 3247 2771 3318 Μισαὴλ,
2806 3249 2855 3300 εί
2896 3247 2969 3319 μὴ
3005 3250 3459 3321 προσκυνήσαιεν,
3507 3252 3678 3320 ἐμϐα-

2091 3334 2202 3388 λεῖν
2227 3334 2426 3398 αὐτοὺς
2460 3339 2539 3400 είς
2563 3338 2662 3408 τὴν
2690 3338 2919 3408 κάμινον
2950 3338 3043 3391 τοῦ
3068 3341 3256 3412 πυρός·
3292 3340 3426 3394 ἀλλά
3460 3342 3551 3395 καὶ
3579 3342 3675 3395 νῦν

2090 3429 2119 3480 6
2151 3428 2623 3501 Ναϐουχοδονόσορ
2660 3431 2726 3484 τὰ
2767 3431 2906 3484 αὐτά
2936 3433 3084 3502 λέγει
3113 3436 3264 3504 ἡμῖν,
3298 3437 3411 3498 τοῖς
3450 3453 3674 3507 περατι-

2091 3521 2206 3583 κοῖς
2238 3509 2333 3572 καὶ
2365 3520 2640 3590 ἀληθινοῖς
2683 3522 2974 3594 Ἑϐραίοις.
3016 3524 3176 3578 Ἀλλά
3211 3528 3389 3596 ἡμεῖς,
3427 3527 3512 3580 ἵνα
3549 3528 3671 3597 δρό-

2092 3627 2185 3663 σου
2214 3613 2466 3683 οὐρανίου
2499 3613 2868 3685 πειραθῶμεν,
2903 3615 3264 3689 σϐεννυούσης
3300 3620 3407 3670 πᾶν
3434 3618 3542 3690 πῦρ
3576 3621 3671 3689 ἀφ’

2092 3703 2270 3772 ἡμῶν,
2316 3705 2411 3756 καὶ
2455 3706 2876 3777 καταψυχούσης
2909 3707 3065 3778 ἡμῶν
3087 3707 3148 3761 τὸ
3175 3710 3520 3780 ἡγεμονικὴν,
3550 3714 3674 3775 τοὺς

2087 3795 2268 3864 ἱεροὺς
2291 3795 2532 3859 ἐκείνους
2563 3797 2950 3868 μιμησὼμεθα.
2975 3800 3201 3870 Μήποτε
3219 3801 3313 3854 καὶ⁸
3330 3800 3424 3854 νῦν
3447 3804 3474 3854 ό
3500 3803 3554 3854 Ἀ
3564 3803 3672 3871 μὰν

2087 3885 2217 3956 θέλῃ
2241 3887 2366 3949 τοὺς
2392 3888 2771 3959 Μαρδοχαίους
2795 3891 2940 3961 ὑμᾶς
2973 3894 3347 3964 προσκυνῆσαι
3368 3894 3534 3964 αὐτῷ’
3557 3894 3670 3947 ἀλλ’

2088 3974 2246 4044 ὑμεῖς
2283 3975 2469 4030 εἴπατε
2493 3995 2504 4007 ·
2545 3999 2563 4028 ι
2605 3980 2679 4031 Οὐ
2713 3980 2860 4051 θήσω
2891 3981 3046 4047 δόξαν
3087 3982 3388 4053 ἀνθρώπων
3416 3985 3671 4055 ὑπεράνω

2083 4062 2239 4134 δόξης
2283 4065 2417 4118 Θεοῦ
2469 4068 2704 4140 Ἰσραήλ.
2746 4087 2764 4120 ›
2810 4070 2913 4122 Τὸν
2956 4069 3065 4141 Βὴλ
3099 4070 3176 4141 τῷ
3219 4071 3360 4141 λόγῳ
3400 4072 3492 4124 τοῦ
3534 4072 3669 4125 Θεοῦ

2105 4247 2150 4278 ⁸⁷
2172 4247 2296 4317 Sap.
2327 4262 2417 4314 xv,
2450 4247 2534 4302 10.
2612 4249 2656 4280 ⁸⁸
2685 4246 2883 4302 Jerem.
2913 4264 3032 4316 xtv,
3055 4249 3148 4304 29..

467 4421 579 4490 (26)
617 4427 1192 4505 Πολυθεραθεότητα.
1243 4423 1363 4505 [lno
1401 4425 1665 4505 vocabulo
1699 4427 1975 4505 eleganter

2095 4427 2488 4505 l‘lteodqr‘etus,
2509 4437 2641 4505 tom.
2665 4428 2948 4505 lV,_scrm.
2983 4431 3036 4495 5,
3062 4447 3114 4501 p.
3140 4432 3244 4488 506
3273 4452 3284 4487 :
3312 4434 3425 4487 Οὐκ
3449 4429 3541 4488 οὖν
3573 4435 3666 4505 μό-

394 4490 665 4565 integram
693 4490 1419 4564 complectitur‘sententiam
1450 4511 1466 4550 :
1493 4499 1635 4564 quod
1659 4499 1749 4565 qui
1777 4490 1975 4552 [uitullus

395 4561 529 4630 deos
560 4563 760 4628 colunt,
815 4561 1026 4617 nullum
1067 4580 1254 4617 revera
1290 4561 1690 4630 cnlanlaldeo,’
1714 4567 1750 4621 Ι.
1786 4583 1798 4619 1
1831 4579 1971 4620 coul.

395 4628 557 4706 Qels.,
602 4637 822 4706 ttumJ,
866 4633 1024 4686 ἄθεον
1057 4633 1644 4706 πολυθεότηταλῐὶάθιιι
1666 4628 1971 4690 multorum

399 4697 646 4771 deorum,
683 4699 790 4753 Deo
821 4713 1081 4771 carentem
1113 4697 1515 4771 appellavitalu
1563 4706 1706 4758 hunc
1753 4722 1971 4759 sensum

395 4766 1009 4842 éthenagorasLchut.
1040 4766 1384 4838 pro'Christ”
1414 4789 1444 4842 p
1492 4774 1580 4835 2-1,
1608 4777 1683 4826 ait
1709 4775 1774 4825 de
1800 4777 1975 4842 poetis

396 4833 751 4913 graecorum:
790 4839 884 4901 Τίς
898 4833 1013 4913 ἢούκ
1040 4833 1116 4913 ’ἂν
1149 4845 1274 4904 τοὺς
1309 4833 1538 4905 ἐπὶ’τοίς
1575 4833 1840 4906 ’τοιούτοις
1870 4846 1972 4913 μύ-

395 4903 509 4983 θοις
529 4903 830 4983 μριλοθέους,
861 4910 1057 4978 μᾶλλον
1078 4911 1134 4964 δὲ
1159 4903 1370 4976 ἀθέους,
1401 4913 1500 4982 τῆς
1520 4903 1773 4983 ἀμαθίας
1809 4903 1976 4967 κοίτα-

398 4973 705 5051 μέμςᾲαιτπ
749 4998 770 5051 ι
811 4973 941 5051 Quis
974 4996 1102 5034 vero
1141 4998 1244 5051 non
1287 4973 1636 5051 ι-ἁιιιιιίέξιιριδωι
1668 4973 1856 5037 eorum
1889 4986 1972 5036 in-

395 5046 635 5103 scitiam,
683 5047 772 5114 qui
810 5047 935 5100 dum
989 5051 1100 5103 suis
1130 5050 1330 5105 fabulis
1365 5046 1589 5105 deorum
1635 5069 1692 5106 se
1729 5066 1973 5107 amantes

395 5123 702 5184 monstrare
746 5118 956 5184 volunt,
991 5121 1225 5173 maxime
1256 5137 1312 5174 se
1345 5122 1520 5175 nullos
1569 5123 1697 5176 deos
1747 5127 1972 5177 credere

395 5183 718 5261 produnt?)
757 5183 1110 5254 Prudentius,
1137 5190 1174 5240 Ι.
1210 5206 1270 5254 tt,
1299 5202 1441 5244 coul.
1479 5193 1875 5261 Symmachum,
1907 5197 1971 5247 de

395 5263 576 5308 mente
616 5257 905 5311 atheorum
935 5276 947 5311 :

429 5412 561 5486 Hcce
590 5423 762 5482 putat,
788 5431 897 5469 esse
931 5415 1093 5468 Deum
1127 5415 1363 5480 nullum;
1401 5434 1621 5486 namque
1645 5421 1816 5471 omnia
1847 5423 1970 5474 verti

367 5504 377 5555 ,ς
429 5484 674 5555 ρᾳεὶὁιιδ,
711 5498 758 5537 et
795 5487 938 5540 nullo
973 5487 1068 5538 sub
1113 5488 1336 5554 prwside
1372 5490 1508 5540 secta
1536 5484 1722 5541 rotari.

433 5551 548 5624 I_I_oc
582 5554 683 5605 iter
712 5551 1121 5624 haudquaquam
1162 5573 1348 5624 magno
1380 5559 1683 5611 discrimine
1711 5561 1869 5612 distat

435 5619 593 5696 Iliaca
626 5625 740 5685 viis,
783 5619 910 5696 quos
943 5619 1027 5678 vos
1057 5619 1266 5690 teritis,"
1287 5629 1376 5694 qui
1419 5645 1632 5680 uum'ua
1676 5630 1860 5692 multa,

439 5685 502 5738 Et
536 5685 807 5761 portentu;
836 5694 1001 5750 Deum
1043 5685 1328 5767 summum,
1366 5713 1668 5765 numerosa,
1697 5685 1919 5768 putatis.

2080 4515 2160 4572 νοι
2193 4515 2254 4566 γε
2285 4498 2729 4572 ἄθεοιιΔιαγόρας
2757 4500 2785 4550 6
2813 4498 3078 4572 Μιλήσιος
3103 4520 3156 4557 κ.
3192 4521 3240 4555 τ.
3276 4521 3323 4558 ε.
3355 4498 3665 4558 παντάπασι

2079 4565 2277 4644 (fama;
2293 4568 2380 4644 pi}
2396 4565 2554 4644 Δεἶναι
2578 4565 2734 4644 θεοὺς
2751 4587 2775 4644 '_
2798 4565 3042 4624 ἀλλὰκαὶ
3065 4574 3210 4643 Ὅμη
3223 4591 3330 4644 ρος,
3357 4576 3451 4626 καὶ
3492 4576 3665 4627 Ἠσίο-

2075 4637 2184 4714 δος,
2223 4637 2317 4714 καῖ
2356 4641 2408 4689 αἱ
2439 4638 2552 4714 τῷν
2594 4639 2896 4714 φιλοσόφων
2921 4637 3260 4714 συμμορίαι,
3314 4646 3664 4714 παμπόλλους

2074 4706 2178 4826 (μὲν
2221 4706 2356 4759 θεῶν
2401 4706 2862 4789 μυθολογήσαντες
2910 4706 3202 4781 ὁρμαθοῧς,
3239 4706 3662 4786 ἀνδραποδώδεις

2106 4777 2131 4826 ἐ
2161 4792 2333 4826 τινας.
2379 4778 2473 4826 καὶ
2515 4779 2704 4826 παθων
2735 4780 3090 4826 ἀνθωηπείων
3129 4784 3510 4826 ἀπηεεῇναντςθ
3546 4785 3662 4826 δώ-

2106 4777 2131 4828 έ
2161 4778 2477 4854 τινας,υκαῖ
2515 4777 2704 4831 παθῶν
2735 4777 3090 4854 ἀνθρωπείων
3129 4777 3510 4854 ἀποφήναντες
3546 4777 3662 4837 δούὲ

2077 4845 2244 4924 λους..
2265 4865 2283 4896 ι
2325 4846 2438 4900 Non
2468 4850 2650 4924 itaque
2677 4849 2772 4902 soli
2805 4845 2949 4904 aihei
2989 4853 3220 4924 habendi
3249 4845 3375 4907 sunt
3404 4845 3662 4924 Diagoras
3723 4877 3726 4880 ·

2077 4915 2340 4993 him-sius,
2386 4925 2515 4983 ctc.,
2560 4915 2697 4972 deos
2728 4933 2863 4993 esse
2891 4923 3112 4993 penitus
3151 4915 3532 4993 abuegantcsv:
3566 4926 3659 4979 sed

2076 4984 2345 5063 Humerus
2394 4997 2676 5063 przcterca,
2731 4999 2792 5063 et
2825 4984 3120 5063 l-lesiodus,
3150 5002 3204 5046 et
3237 4984 3456 5049 familia:
3490 4996 3658 5063 philo-

2079 5055 2396 5130 sophorum,
2420 5060 2510 5125 qui
2543 5058 2740 5130 multos
2763 5059 2987 5113 deorum
3007 5062 3229 5115 ordines
3252 5063 3473 5117 fabulati
3490 5055 3654 5130 'sunt;

2079 5135 2128 5175 ct
2163 5125 2354 5177 horum
2401 5129 2688 5191 quosdam,
2727 5131 3116 5198 mancipiorum
3156 5132 3349 5196 instar,
3387 5125 3651 5186 humana;

2074 5209 2193 5268 rum
2234 5199 2708 5268 perturbationum
2760 5214 2949 5252 servos
2979 5215 3101 5254 esse
3152 5206 3592 5268 pronuntiarunt.
3632 5223 3654 5255 ›

2082 5263 2731 5338 ΧίιιοιιῃιιμῇΑροίοῃειίεἱ
2755 5269 2956 5323 advers.
2975 5263 3333 5338 gent.,-Clem.
3358 5275 3655 5338 Alexand.,

2074 5331 2284 5386 Μίι-ίιιιὶἱ
2308 5331 3004 5406 Folio},Tertull.,Arnob.',
3024 5331 3135 5394 etc.
3161 5340 3540 5400 Wcrsremus.

2145 5424 2265 5503 (27‘).
2304 5425 2384 5479 Τὰ
2411 5427 2521 5503 γὰρ
2552 5426 2789 5503 εἴδωλα,
2827 5439 2937 5484 ctc.
2997 5431 3385 5490 Tertulliauus.
3433 5435 3511 5488 De
3533 5454 3641 5503 spe-

2074 5499 2314 5556 ctaculis,
2366 5512 2415 5550 c.
2457 5499 2566 5550 12;
2605 5515 2623 5546 ι
2668 5497 2724 5550 In
2769 5511 3104 5554 mortuormn
3161 5505 3326 5558 idolis
3379 5497 3647 5560 daemonia

2074 5566 2400 5618 consistunt.
2433 5587 2450 5617 ι
2487 5567 2866 5626 Wmsrsmus.

2295 5636 2546 5710 {node-Te.
2583 5636 2828 5710 Meudose
2855 5640 3018 5710 codex
3053 5658 3177 5708 ms.,
3202 5642 3380 5710 ποδός.

2149 5704 2479 5773 (‘39)110Jt}.
2524 5707 2688 5777 Lego,
2731 5705 2923 5779 πηλοῦ.
