3988 6156
185 326 191 332 ’
263 325 388 381 605

1394 322 1846 379 EXHOBTATIO
1878 321 1970 375 AD
2003 287 2440 375 M'ARTYRlUM.

3451 314 3555 370 606

261 446 762 518 καταστρέψωμεν
792 445 926 518 (50),
951 437 1045 500 καὶ
1077 446 1167 498 τὸν
1197 445 1464 517 δράκοντα
1491 446 1628 516 μετά
1656 446 1748 499 τοῦ
1781 448 1861 500 Δαι

1982 461 2089 514 que
2129 460 2249 498 cum
2311 442 2527 496 Daniele
2576 439 2910 504 occidamus,
2949 447 3010 495 ut
3045 440 3112 493 ad
3187 451 3282 494 ora
3335 435 3550 492 leonum

264 536 402 607 νιὴλ
455 537 892 607 ἀποκτείνωμεν,
942 537 1049 601 ἵνα,
1103 536 1332 605 στόμασι
1377 536 1604 589 λεόντων
1650 537 1880 607 πλησιά-

263 626 504 690 ζοντες,
549 628 715 696 μηδὲν
755 628 849 680 ἀπ’
879 626 1057 679 αὑτῶν
1099 625 1288 678 παθεῖν
1317 625 1663 696 δυνηθῶμεν·
1706 627 1878 696 μόνων

262 719 383 770 τῶν
401 719 607 770 αἰτίων
624 721 752 788 ἡμῖν
774 719 865 771 τοῦ
886 719 1147 789 παρόντος
1165 717 1370 786 ἀγῶνος
1387 718 1878 788 καταϐρωθησομέ-

259 826 380 860 νων
407 808 530 861 ὑπὸ
562 809 669 861 τῶν
698 812 843 880 ἡμᾶς
872 809 945 880 μὴ
976 811 1284 882 δυναμένων
1314 813 1600 864 καταπιεῖν
1627 809 1872 861 λεόντων.

339 903 469 953 Καὶ
499 901 658 954 τοῦτο
683 901 739 954 δὲ
772 905 1365 974 παρατηρήσωμεν,ὄτι
1385 903 1483 954 οὑκ
1515 905 1571 955 ἐν
1601 905 1710 966 τοῖς
1740 905 1875 977 πρὸς

256 993 403 1054 τοὺς
481 991 714 1055 πολλοὺς
763 991 940 1060 λόγοις
1001 992 1069 1046 τά
1126 994 1252 1063 περὶ
1307 994 1604 1064 μαρτυρίου
1663 1010 1876 1065 προφη-

257 1084 508 1137 τεύεται
551 1083 656 1136 ὑπὸ
701 1083 794 1136 τοῦ
852 1085 1123 1157 Σωτῆρος,
1151 1085 1263 1138 ἀλλ’
1309 1089 1366 1138 ἐν
1397 1088 1508 1148 τοῖς
1566 1085 1701 1156 πρὸς
1749 1089 1872 1150 τοὺς

257 1175 645 1237 ἀποστόλους.
676 1176 1079 1246 Προειρημένου
1109 1177 1214 1247 γάρ
1239 1194 1252 1206 ·
1290 1195 1308 1227 ι
1347 1176 1578 1240 Τούτους
1611 1179 1733 1239 τοὺς
1770 1177 1872 1229 δώ-

255 1265 404 1320 δεκα
442 1267 770 1320 ἀπέστειλεν
792 1269 820 1319 ὁ
861 1267 1088 1338 Ἰησοῦς,
1119 1268 1491 1338 παραγγείλας
1517 1269 1698 1331 αὑτοῖς
1719 1286 1731 1298 ·
1780 1269 1874 1330 Εἰς

254 1357 387 1411 ὁδὸν
432 1359 614 1411 ἐθνῶν
645 1358 718 1430 μὴ
751 1359 1043 1429 ἀπέλθητε,
1083 1379 1101 1409 ι
1139 1361 1232 1413 καὶ
1262 1360 1328 1413 τά
1358 1361 1484 1429 ἑξῆς
1505 1377 1517 1389 ·
1557 1361 1874 1430 ἐπιφέρεται

254 1449 356 1501 τό·
403 1467 424 1500 ι
472 1451 788 1522 Προσέχετε
842 1450 949 1503 ἀπὸ
986 1453 1094 1503 τῶν
1132 1451 1460 1522 ἀνθρώπων·
1497 1451 1873 1522 παραδώσουσι

255 1540 378 1611 γὰρ
417 1541 578 1610 ὑμᾶς
623 1543 702 1604 εἰς
748 1543 1018 1619 συνέδρια,
1051 1544 1145 1595 καὶ
1175 1546 1232 1596 ἐν
1272 1545 1390 1606 ταῖς
1417 1547 1756 1611 συναγωγαῖς
1781 1544 1874 1596 αὑ-

255 1632 377 1684 τῶν
423 1630 872 1701 μαστιγώσουσιν
891 1619 1049 1703 ’ὑμᾶς
1067 1650 1080 1663 ·
1113 1635 1205 1687 καὶ
1234 1635 1326 1686 ἐπὶ
1359 1635 1632 1704 ἡγεμόνας
1662 1637 1752 1687 καὶ
1779 1635 1873 1704 βα-

255 1723 448 1786 σιλεῖς
483 1723 789 1794 ἀχθήσεσθε
828 1724 1013 1778 ἕνεκεν
1044 1725 1177 1796 ἐμοῦ
1221 1727 1301 1789 είς
1359 1726 1655 1798 μαρτύριον
1689 1728 1871 1790 αὑτοῖς

256 1813 363 1864 καὶ
399 1787 558 1876 τοῖς.-
581 1787 808 1867 ἔθνεσιν.
845 1815 1012 1868 Ὅταν
1071 1787 1127 1868 δὲ
1174 1787 1570 1886 παραδώσωσιν
1598 1817 1760 1886 ὑμᾶς,
1794 1787 1866 1887 μη
1900 1787 1941 1840 Β

261 1905 692 1975 μεριμνήσητε,
725 1906 860 1970 πῶς,
884 1905 916 1976 ἢ
943 1907 995 1959 τί
1028 1906 1285 1978 λαλήσετε
1303 1925 1316 1939 ·
1349 1909 1410 1960 οὑ
1435 1907 1541 1979 γὰρ
1566 1909 1721 1978 ὑμεῖς
1746 1910 1866 1961 ἐστε

255 1995 310 2046 οἱ
340 1993 668 2057 λαλοῦντες,
702 1995 834 2048 ἀλλά
866 1997 926 2049 τὸ
951 1997 1176 2068 Πνεῦμα
1202 1998 1294 2051 τοῦ
1326 2000 1558 2070 Πατρὺς,
1586 2000 1646 2052 τὸ
1673 2000 1868 2053 λαλοῦν

256 2086 321 2137 ἐν
363 2085 530 2153 ὑμῖν.
564 2086 883 2157 Παραδώσει
925 2089 980 2141 δέ
1021 2089 1246 2159 ἀδελφὸς
1269 2091 1490 2160 ἀδελφὸν
1512 2094 1591 2154 είς
1617 2091 1865 2156 θάνατον,

257 2175 367 2229 καὶ
432 2176 623 2249 πατὴρ
681 2179 865 2233 τέκνον
889 2197 902 2210 ·
941 2181 1034 2234 καὶ
1072 2183 1536 2254 ἐπαναστήσονται
1577 2184 1742 2238 τέκνα
1775 2185 1865 2237 ἐπὶ

255 2268 483 2334 γονεῖς,
523 2269 615 2320 καὶ
647 2267 1048 2324 θανατώσουσιν
1085 2272 1280 2336 αὐτοὺς
1300 2313 1313 2336 ,
1344 2274 1438 2326 καὶ
1463 2273 1649 2326 ἔσεσθε
1678 2274 1865 2344 μισού-

260 2375 438 2428 μενοι
477 2359 578 2413 ὑπὸ
608 2359 827 2414 πάντων
854 2361 941 2414 διὰ
970 2362 1030 2414 τὸ
1053 2361 1219 2432 ὄνομά
1256 2381 1353 2433 μου
1376 2381 1389 2393 ·
1426 2365 1453 2416 ὁ
1482 2364 1866 2435 δὲ’ὑπομείνας

254 2449 347 2510 είς
375 2447 565 2515 τέλος,
595 2444 748 2512 οὗτος
774 2450 1096 2520 σωθήσεται.
1131 2451 1295 2504 Ὅταν
1325 2453 1381 2504 δέ
1410 2452 1674 2506 διώκωσιν
1722 2455 1866 2523 ὑμᾶς

254 2535 322 2587 ἐν
361 2539 438 2605 τῇ
490 2538 642 2590 πόλει
683 2538 879 2610 ταύτῃ,
911 2538 1138 2606 φεύγετε
1170 2542 1249 2602 εἰς
1278 2541 1377 2611 τὴν
1407 2544 1598 2613 ἐτέραν
1620 2561 1631 2572 ·
1667 2544 1770 2596 κᾶν
1802 2547 1866 2595 ἐκ

251 2625 490 2692 ταύτης
547 2625 802 2690 διώκωσι,
840 2627 1068 2694 φεύγετε
1107 2630 1182 2690 εἰς
1214 2630 1312 2699 τὴν
1344 2630 1524 2702 ἀλλην.
1556 2633 1725 2702 Ἀμὴν
1757 2633 1865 2703 γὰρ

254 2715 428 2782 λέγω
481 2715 632 2785 ὑμῖν,
663 2717 722 2768 οὑ
757 2716 829 2786 μὴ
877 2715 1121 2769 τελέσετε
1147 2718 1243 2780 τὰς
1283 2720 1465 2783 πόλεις
1493 2721 1583 2772 τοῦ
1630 2723 1862 2793 Ἰσραὴλ,

257 2803 382 2866 ἓως
418 2803 490 2856 ἂν
516 2803 644 2877 ἔλθῃ
673 2806 700 2857 ό
729 2806 857 2869 Υἱὸς
915 2807 1007 2859 τοῦ
1047 2807 1352 2879 ἀνθρώπου.
1391 2829 1407 2860 ι
1445 2812 1554 2864 Καὶ
1585 2812 1614 2863 ό
1652 2814 1866 2877 Λουκᾶς

255 2893 323 2946 δὲ
356 2893 594 2947 τοιαῦτα
623 2897 960 2967 ἀναγράφει·
1004 2917 1022 2948 ι
1055 2899 1220 2952 Ὅταν
1249 2901 1305 2952 δὲ
1339 2900 1575 2971 φέρωσιν
1600 2903 1743 2973 ὑμᾶς
1772 2905 1863 2956 ἐπὶ

257 2984 371 3047 τάς
444 2987 784 3055 συναγωγὰς,
817 2989 911 3040 καὶ
964 2988 1062 3052 τὰς
1088 2991 1261 3062 ἀρχὰς
1290 2993 1422 3063 (51),
1444 2993 1536 3045 καὶ
1581 2993 1680 3057 τὰς
1709 2993 1860 3060 ἐξου-

263 3075 421 3139 σίας,
471 3075 543 3147 μὴ
579 3079 947 3150 μεριμνήσητε
998 3079 1114 3144 πῶς
1145 3082 1552 3154 ἀπολογήσησθε
1619 3083 1652 3154 ἥ
1699 3083 1752 3136 τί
1785 3083 1929 3165 ei—C

265 3184 421 3236 πητε
443 3183 456 3196 ·
493 3167 552 3219 τὸ
577 3168 685 3239 γὰρ
725 3169 876 3237 ἅγιον
920 3171 1145 3242 Πνεῦμα
1182 3173 1379 3238 διδάξει
1424 3168 1586 3246 ὑμᾶς,
1613 3173 1648 3228 ἂ
1673 3175 1756 3229 δεῖ
1781 3178 1859 3230 εἰ-

263 3261 420 3310 πεῖν.
458 3278 476 3310 ι
501 3259 610 3313 Καὶ
645 3260 760 3330 μεθ’
790 3262 988 3333 ἐτερα·
1027 3283 1044 3313 ι
1082 3264 1254 3317 Θέσθε
1279 3261 1370 3318 οῦν
1401 3268 1479 3328 εἰς
1508 3266 1608 3329 τὰς
1632 3267 1858 3338 καρδίας

265 3347 435 3418 ὑμῶν
492 3351 565 3420 μὴ
621 3352 850 3423 μελετᾷν
891 3353 1323 3426 ἀπολογηθῆναι·
1380 3354 1490 3424 ἐγὼ
1541 3357 1650 3428 γὰρ
1704 3356 1858 3410 δώσω

270 3441 412 3510 ὑμῖν
445 3442 620 3512 στόμα
651 3443 743 3496 καὶ⁵
772 3445 983 3513 σοφίαν,
1078 3446 1138 3497 οὑ
1162 3447 1477 3516 δυνήσονται
1524 3449 1854 3515 ἀντιστῆναι,

266 3532 301 3602 ἢ
337 3532 621 3585 ἀντειπεῖν
653 3534 854 3598 πάντες
884 3537 931 3588 οἱ
958 3537 1318 3608 ἀντικείμενοι
1365 3538 1512 3607 ὑμῖν.
1546 3538 1860 3610 Παραδοθή-

270 3623 440 3676 σεσθε
489 3623 545 3675 δὲ
593 3623 685 3677 καὶ
719 3625 823 3677 ὑπὸ
853 3627 1073 3694 γονέων,
1106 3628 1199 3680 καὶ
1227 3627 1523 3696 συγγενῶν,
1546 3628 1637 3681 καὶ
1667 3628 1855 3697 φίλων,

271 3715 369 3767 καὶ
421 3715 700 3794 ἀδελφῶν·
734 3717 827 3770 καὶ⁵
872 3717 1270 3771 θανατώσουσιν
1305 3718 1364 3783 ἐξ
1397 3718 1578 3789 ὑμῶν·
1610 3720 1700 3772 καὶ
1738 3720 1856 3772 ἐσε-

273 3803 368 3858 σθε
397 3806 714 3877 μισούμενοι
737 3809 842 3861 ὑπὸ
865 3810 1077 3862 πάντων
1092 3809 1179 3862 διὰ
1199 3810 1258 3861 τὸ
1273 3809 1443 3880 ὄνομά
1467 3828 1587 3881 μου·
1617 3813 1707 3864 καὶ¹
1737 3811 1856 3882 θρὶξ

273 3896 339 3948 ἐκ
369 3898 474 3968 τῆς
515 3898 758 3969 κεφαλῆς
785 3899 936 3970 ὑμῶν
977 3902 1037 3953 οὑ
1073 3901 1146 3972 μὴ
1177 3902 1464 3973 ἀπόληται.
1513 3903 1599 3954 Ἐν
1627 3905 1690 3973 τῇ
1720 3903 1855 3954 ὑπο-

275 3987 412 4056 μονῇ
465 3985 618 4055 ὑμῶν
647 3987 914 4057 κτήσεσθε
951 3988 1048 4052 τὰς
1079 3989 1256 4058 ψυχὰς
1282 3990 1452 4060 ὑμῶν.
1492 4011 1509 4042 ι
1542 3991 1775 4044 Τοιαῦτα
1799 3991 1854 4045 δέ

272 4078 368 4130 καὶ
395 4079 424 4130 ὁ
458 4077 686 4148 Μάρκος
717 4079 881 4148 φησίν
900 4095 913 4109 ·
951 4097 969 4129 ι
1011 4081 1177 4134 Ὅταν
1204 4081 1258 4132 δὲ
1286 4081 1488 4150 ἄγωσιν
1512 4083 1655 4151 ὑμᾶς
1676 4099 1853 4153 παρα-

270 4167 530 4235 διδόντες,
571 4171 642 4243 μὴ
678 4172 1108 4241 προμεριμνᾶτε,
1141 4172 1273 4243 μηδὲ
1302 4173 1671 4244 προμελετᾶτε
1695 4191 1706 4204 ·
1739 4173 1850 4226 ἀλλ’

271 4261 300 4314 ὃ
333 4262 429 4316 ἐὰν
473 4261 598 4332 δοθῇ
635 4262 761 4332 ὑμῖν
824 4262 1005 4332 ἐκείνῃ
1039 4264 1104 4332 τῇ
1133 4260 1270 4333 ὥρᾳ,
1313 4265 1483 4314 ἐκεῖνο
1512 4262 1754 4315 λαλεῖτε·
1790 4266 1850 4316 οὑ

270 4353 380 4424 γάρ
439 4356 564 4407 ἐστε
609 4355 766 4424 ὑμεῖς
806 4355 854 4406 οἱ
897 4353 1200 4416 λαλοῦντες,
1237 4354 1374 4407 ἀλλά
1419 4355 1482 4407 τὸ
1529 4355 1752 4425 Πνεῦμα
1792 4356 1850 4408 τὸ

1982 539 2303 594 accedentes
2339 535 2470 588 nihil
2492 536 2557 588 ab
2591 534 2670 588 eis
2703 533 2808 602 pati
2837 533 3126 599 possimus,
3157 532 3250 586 sed
3277 531 3308 585 ii
3345 538 3549 583 tantmn

1982 631 2071 698 qui
2114 629 2270 697 hujus
2310 629 2465 684 nobis
2514 627 2831 681 certaminis
2859 640 3034 680 causa:
3059 633 3205 688 sunt,
3245 624 3312 678 ab
3358 622 3548 676 iisdem

1980 720 2346 789 deglutiantur
2395 717 2641 772 leonibus
2682 716 2772 785 qui
2816 716 3077 770 devorare
3125 730 3224 768 nos
3263 729 3366 767 non
3425 727 3549 782 pos-

1979 821 2124 866 ευιιι.

2049 902 2135 956 54.
2155 899 2512 956 Observemus
2533 901 2634 953 hoc
2652 899 2838 964 etiam,
2854 913 2974 966 qua:
2989 898 3056 951 ad
3085 893 3402 965 martyrium
3424 907 3548 963 per-

1978 995 2168 1058 liuent,
2188 1009 2253 1048 ea
2281 1008 2384 1046 non
2419 993 2484 1046 iis
2503 992 2844 1044 sermonibus
2871 989 3190 1059 prmdixisse
3210 985 3543 1040 Salvatorem

1975 1101 2109 1154 quos
2148 1086 2213 1140 ad
2259 1084 2474 1153 vulgum
2529 1083 2804 1145 habebat,
2838 1082 2931 1136 sed
2962 1096 3098 1149 quos
3139 1080 3204 1133 ad
3241 1079 3540 1149 apostolos.

1975 1179 2265 1246 Postquam
2292 1177 2435 1232 enim
2465 1175 2670 1231 dictum
2699 1182 2782 1228 est
2811 1189 2825 1226 :
2873 1191 2889 1223 ι
2915 1171 3022 1226 llos
3065 1172 3347 1225 duodecim
3395 1172 3546 1225 misit

1974 1270 2131 1325 Jesus
2156 1309 2170 1334 ,
2225 1267 2542 1336 praecipiens
2577 1277 2630 1320 et
2669 1266 2890 1321 dicens:
2923 1263 2979 1318 ln
3011 1264 3150 1317 viam
3201 1263 3436 1334 gentium
3479 1279 3548 1318 ne

1977 1359 2220 1413 abieritis
2247 1359 2316 1392 ⁸⁸·
2339 1399 2354 1424 ,
2388 1379 2406 1410 ι
2443 1369 2498 1412 et
2531 1358 2736 1426 reliqua
2773 1372 2788 1420 ;
2833 1355 2936 1409 hoc
2977 1354 3197 1409 additur
3230 1372 3244 1409 :
3298 1373 3315 1404 ι
3351 1354 3547 1408 Cavete

1976 1461 2152 1504 autem
2184 1449 2252 1502 ab
2278 1449 2630 1512 hominibus;
2669 1448 2886 1501 tradent
2912 1446 3055 1499 enim
3090 1461 3181 1499 vos
3213 1446 3265 1498 in
3299 1445 3546 1499 conciliis

1975 1551 2027 1594 et
2046 1542 2098 1594 in
2125 1540 2418 1610 synagOgis
2445 1540 2557 1594 suis
2584 1539 2930 1608 llagellabunt
2950 1553 3084 1602 vos;
3117 1546 3172 1591 et
3194 1538 3259 1590 ad
3287 1537 3546 1604 praesides

1974 1645 2029 1691 et
2056 1637 2120 1689 ad
2147 1649 2302 1703 reges
2347 1633 2614 1688 ducemini
2661 1641 2884 1701 propter
2924 1645 3046 1695 me,
3075 1630 3126 1683 in
3177 1629 3542 1686 testimonium

1976 1726 2079 1782 illis
2104 1736 2157 1780 et
2179 1724 2450 1795 gentibus.
2480 1724 2615 1778 Cum
2648 1734 2831 1777 autem
2863 1723 3079 1776 tradent
3109 1737 3228 1785 vos,
3261 1722 3428 1776 nolite
3451 1737 3544 1775 co-

1971 1817 2144 1886 gitare
2177 1817 2448 1885 quomodo
2483 1824 2576 1868 aut
2614 1815 2743 1884 quid
2772 1813 3067 1883 loquamini
3099 1834 3112 1868 :
3142 1814 3361 1866 dabitur
3397 1812 3540 1867 enim

1969 1905 2123 1960 vobis
2147 1907 2199 1959 in
2241 1906 2330 1959 illa
2378 1907 2512 1960 hora
2554 1904 2681 1972 quid
2732 1904 3051 1971 loquamini.
3101 1903 3217 1958 Non
3256 1907 3398 1956 enim
3447 1918 3541 1956 vos

1969 2000 2100 2053 estis
2137 1998 2225 2066 qui
2261 1997 2564 2066 loquimini,
2597 1996 2690 2050 sed
2721 1995 2959 2063 Spiritus
3005 1995 3181 2050 Patris
3223 1996 3406 2060 vestri,
3449 1997 3538 2062 qui

1969 2089 2209 2158 loquitur
2235 2089 2286 2141 in
2331 2089 2502 2142 vobis.
2544 2086 2744 2140 Tradet
2773 2096 2954 2140 autem
3001 2084 3168 2138 frater
3207 2085 3429 2140 fratrem
3483 2087 3536 2139 in

1969 2190 2221 2244 mortem,
2252 2188 2305 2234 et
2333 2188 2488 2247 pater
2513 2177 2710 2241 lilium;
2739 2185 2794 2231 et
2827 2177 3108 2246 insurgent
3135 2176 3226 2229 lilii
3256 2178 3308 2230 in
3335 2192 3538 2245 paren-

1967 2279 2072 2335 tes,
2107 2279 2161 2324 et
2205 2280 2378 2325 morte
2400 2285 2492 2325 eos
2537 2268 2770 2323 allicient
2796 2287 2810 2334 ;
2840 2278 2894 2323 et
2934 2268 3089 2322 eritis
3124 2268 3249 2323 odio
3289 2269 3539 2323 omnibus

1969 2372 2186 2433 propter
2233 2378 2430 2418 nomen
2478 2377 2684 2427 meum;
2730 2361 2818 2430 qui
2869 2370 3048 2414 autem
3107 2361 3537 2429 perseveraverit

1968 2469 2136 2522 usque
2167 2455 2218 2506 in
2258 2456 2438 2519 finem,
2471 2453 2558 2508 hic
2589 2452 2768 2507 salvus
2792 2450 2918 2505 erit.
2953 2451 3087 2505 Cum
3128 2459 3303 2502 autem
3349 2465 3538 2518 persc-

1968 2552 2202 2610 quentur
2222 2559 2317 2598 vos
2340 2546 2392 2598 in
2422 2545 2642 2598 civitate
2669 2545 2789 2611 ista,
2821 2543 2985 2610 fugite
3013 2543 3063 2596 in
3096 2541 3255 2596 aliam
3277 2558 3293 2605 ;
3315 2550 3369 2594 et
3397 2539 3442 2593 si
3470 2554 3538 2593 ex

1966 2631 2069 2685 hac
2102 2647 2194 2684 vos
2226 2632 2489 2700 persecuti
2534 2631 2753 2697 fuerint,
2788 2631 2955 2700 fugite
2984 2631 3035 2684 in
3067 2630 3313 2684 alteram.
3359 2630 3532 2683 Amen

1968 2720 2090 2774 dico
2123 2721 2294 2786 vobis,
2327 2736 2432 2774 non
2466 2721 2916 2776 consummabilis
2945 2721 3192 2775 civitates
3225 2719 3409 2784 Israel,
3439 2720 3528 2773 do-

1968 2827 2065 2867 nec
2095 2812 2274 2867 veniat
2303 2811 2470 2867 Filius
2506 2812 2742 2867 hominis
2770 2813 2838 2864 δ’.
2864 2832 2883 2865 ι
2913 2811 3083 2867 Lucas
3125 2812 3290 2867 etiam
3334 2811 3532 2866 similia

1966 2901 2191 2956 scribit:
2229 2921 2247 2952 ι
2270 2902 2402 2956 Cum
2435 2913 2613 2957 autem
2642 2903 2891 2957 inducent
2923 2917 3018 2956 vos
3052 2902 3105 2956 in
3136 2917 3438 2973 synagogas
3466 2911 3520 2955 et

1965 2991 2311 3060 magistratus
2334 3001 2387 3046 et
2419 3000 2736 3060 potestates,
2757 2993 2921 3048 nolite
2958 2994 3172 3048 solliciti
3218 3008 3335 3047 esse
3367 2992 3529 3059 quale

1965 3078 2046 3132 vel
2068 3078 2196 3145 quid
2219 3081 2589 3148 respondeatis
2612 3091 2704 3134 aut
2727 3083 2850 3151 quid
2876 3083 3104 3138 dicatis:
3127 3083 3357 3152 Spiritus
3379 3083 3525 3136 enim

1963 3178 2184 3223 sanctus
2232 3169 2445 3224 docebit
2476 3187 2570 3227 vos
2615 3173 2744 3240 quid
2773 3183 3021 3242 Oporteat
3065 3189 3160 3229 vos
3204 3176 3382 3229 dicere
3407 3175 3475 3228 '°.
3505 3193 3524 3226 ι

1962 3259 2030 3313 Et
2065 3269 2183 3328 post
2215 3261 2355 3314 alia:
2409 3280 2426 3311 ι
2455 3262 2641 3316 Ponite
2673 3279 2802 3331 ergo
2826 3264 2876 3317 in
2903 3265 3151 3318 cordibus
3181 3266 3378 3319 vestris
3418 3281 3524 3319 non

1959 3351 2319 3418 prmmcditari
2348 3352 2798 3419 quemadmodum
2824 3355 3216 3421 respondeatis.
3246 3354 3357 3423 Ego
3382 3356 3526 3408 enim

1960 3443 2097 3495 dabo
2121 3443 2273 3497 vobis
2301 3457 2362 3497 os
2393 3453 2448 3496 et
2469 3444 2790 3513 sapientiam
2840 3446 2928 3499 cui
2962 3461 3066 3498 nun
3103 3455 3356 3513 poterunt
3387 3447 3528 3498 resi-

1959 3542 2102 3586 stere
2124 3543 2178 3587 et
2203 3533 2572 3587 contradicere
2598 3548 2782 3587 omnes
2806 3534 3100 3586 adversarii
3126 3535 3525 3588 vestri.’l‘rade-

1960 3623 2090 3675 mini
2138 3631 2316 3676 autem
2352 3638 2381 3676 a
2413 3622 2752 3691 parentibus,
2784 3631 2839 3675 et
2870 3620 3147 3686 fratribus,
3180 3631 3232 3674 et
3263 3623 3527 3690 cognatis,

1959 3720 2011 3767 et
2037 3713 2263 3778 amicis;
2289 3722 2343 3767 et
2373 3721 2546 3767 morte
2576 3712 2809 3766 allicient
2831 3727 2895 3766 ex
2922 3713 3110 3778 vobis;
3149 3723 3202 3766 et
3225 3713 3381 3766 eritis
3404 3714 3527 3766 odio

1957 3803 2206 3858 omnibus
2245 3813 2463 3871 propter
2500 3819 2694 3858 nomen
2720 3818 2931 3869 memn;
2969 3813 3024 3858 et
3063 3805 3290 3874 capillus
3331 3805 3396 3860 de
3437 3820 3528 3859 ca-

1957 3898 2064 3963 pite
2090 3905 2273 3949 vestro
2307 3911 2410 3949 non
2444 3896 2664 3964 peribit.
2695 3896 2749 3949 ln
2781 3897 3037 3965 patientia
3072 3907 3250 3950 vestra
3285 3899 3528 3966 posside-

1955 3987 2082 4041 bilis
2112 3986 2318 4040 animas
2343 3996 2554 4042 vestras
2582 3988 2650 4041 ⁸⁸.
2689 4007 2708 4038 ι
2748 3987 2955 4042 Similia
2991 3997 3044 4042 et
3073 3988 3285 4043 Marcus
3320 3990 3524 4044 habet:

1961 4095 1978 4127 ι
2010 4078 2074 4131 Ει
2104 4092 2223 4131 cum
2257 4076 2506 4131 duxerint
2537 4093 2630 4131 vos
2661 4077 2956 4142 tradentes,
3008 4079 3171 4132 nolite
3199 4081 3522 4147 prmcogita-

1954 4184 2012 4223 re
2038 4169 2164 4238 quid
2195 4168 2526 4237 loquamini;
2559 4168 2653 4222 sed
2686 4169 2826 4236 quod
2872 4170 3056 4223 datum
3090 4170 3244 4222 vobis
3281 4167 3435 4222 fuerit
3473 4169 3524 4221 in

1954 4260 2040 4314 illa
2072 4262 2225 4325 hora,
2255 4261 2304 4313 id
2334 4259 2646 4328 loquimini;
2683 4275 2786 4313 non
2819 4261 2962 4312 enim
2995 4276 3088 4313 vos
3129 4261 3263 4314 estis
3302 4260 3526 4327 loquen-

1957 4360 2055 4412 tes,
2090 4350 2182 4402 sed
2213 4348 2450 4417 Spiritus
2478 4359 2717 4402 sanctus.
2757 4348 2958 4400 Tradet
2987 4358 3164 4402 autent
3201 4348 3372 4403 frater
3413 4350 3526 4403 fra-

273 4442 448 4511 ἅγιον.
470 4443 785 4514 Παραδώσει
801 4444 856 4496 δὲ
887 4443 1110 4512 ἀδελφὸς
1135 4445 1358 4512 ἀδελφὸν
1385 4447 1461 4507 εἰς
1486 4443 1730 4509 θάνατον,
1756 4447 1849 4497 καὶ

1965 4455 2090 4495 [rem
2116 4441 2169 4493 in
2203 4449 2450 4503 mortem,
2479 4447 2532 4492 et
2563 4448 2717 4507 pater
2751 4439 2919 4490 lilium
2946 4456 2960 4506 ;
2985 4448 3039 4492 et
3066 4450 3398 4508 consurgent
3429 4441 3522 4496 filii

272 4535 458 4606 πατὴρ
485 4533 670 4586 τέκνον
687 4552 698 4562 ·
726 4533 819 4586 καὶ
846 4535 1308 4604 ἐπαναστήσονται
1341 4535 1504 4587 τέκνα
1534 4536 1625 4587 ἐπὶ
1652 4539 1845 4602 γονεῖς,

274 4625 364 4676 καὶ
416 4624 818 4679 θανατώσουσιν
867 4626 1079 4689 αύτούς.
1117 4627 1226 4678 Καὶ
1289 4625 1473 4678 ἔσεσθε
1534 4617 1847 4696 μισούμενοι

271 4714 377 4768 ὑπὸ
403 4717 618 4771 πάντων
650 4717 738 4770 διὰ
771 4717 832 4770 τὸ
857 4717 1027 4788 ὄνομά
1059 4735 1178 4788 μου.
1237 4717 1294 4769 Ὀ
1327 4718 1383 4771 δέ
1425 4716 1723 4788 ὑπομείνας
1768 4719 1846 4781 είς

271 4805 444 4871 τέλος,
477 4802 628 4871 οὗτος
667 4808 990 4879 σωθήσεται.
1031 4828 1049 4860 ›
1098 4811 1208 4863 Καὶ
1256 4810 1426 4863 ταῦτα
1476 4809 1532 4861 δὲ
1577 4809 1724 4881 παρὰ
1768 4809 1846 4881 τῷ

271 4895 534 4970 Ματθαίῳ
575 4901 668 4953 ἐπὶ
724 4899 1022 4971 μαρτύριον
1081 4899 1494 4970 προτρεπόμενα
1523 4940 1535 4964 ,
1581 4901 1641 4952 οὑ
1709 4900 1846 4970 πρὸς

272 4988 524 5062 ἄλλουςῆ
553 4995 676 5055 τοὺς
703 4993 908 5046 δώδεκα
932 4993 1177 5064 εἴρηται·
1209 4986 1282 5044 ὧν
1313 4986 1527 5046 ἀκούειν
1547 4993 1692 5062 ἡμᾶς
1723 4993 1845 5062 δεή-

273 5095 374 5146 σει,
412 5085 470 5134 ἐν
503 5081 580 5151 τῷ
608 5083 824 5135 ἀκούειν
851 5083 1142 5154 ἐσομένους
1173 5083 1431 5150 ἀδελφοὺς
1449 5082 1556 5134 τῶν
1588 5083 1846 5136 ἀκουσάν-

272 5187 376 5224 των
425 5173 737 5225 ἀποστόλων
779 5174 870 5226 καὶ
914 5174 1232 5237 ἀποστόλοις
1273 5173 1847 5244 συγκαταριθμηθησο-

276 5261 486 5329 μένους.
525 5261 604 5313 Τά
635 5261 692 5314 δὲ
722 5261 861 5330 ρητά
889 5262 1058 5325 οὕτως
1076 5263 1206 5332 ἔχει·
1249 5281 1267 5314 ι
1304 5264 1396 5332 Μὴ
1438 5262 1704 5332 φοϐηθῆτε
1735 5263 1845 5316 ἀπὸ

275 5350 377 5406 τῶν
405 5353 832 5407 ἀποκτεινόντων
861 5353 920 5406 τὸ
945 5353 1123 5423 σῶμα,
1164 5355 1262 5424 τὴν
1299 5355 1353 5406 δὲ
1384 5353 1559 5424 ψυχὴν
1589 5355 1660 5424 μὴ
1688 5354 1846 5408 δυνα-

341 5513 613 5567 ⁸¹¹“Μξιιιίι.
644 5511 771 5575 Χ,5.
849 5512 893 5543 ⁸9
923 5510 1052 5564 Ibid.
1094 5512 1276 5566 17-24.

1957 4535 2008 4586 in
2048 4539 2318 4602 parentes,
2354 4539 2407 4582 et
2449 4539 2623 4582 morte
2668 4529 2900 4584 allicient
2949 4547 3065 4586 θος.
3111 4530 3175 4583 Ει
3202 4531 3354 4584 eritis
3397 4532 3522 4585 odio

1953 4623 2202 4677 omnibus
2229 4630 2445 4690 preptcr
2470 4636 2663 4673 nomen
2691 4621 3006 4688 meum.Qui
3038 4632 3217 4676 autent
3245 4624 3519 4677 sustinue-

1951 4717 2022 4769 rit
2056 4713 2108 4766 in
2167 4713 2348 4775 linem,
2395 4711 2484 4765 hic
2522 4711 2704 4766 salvus
2743 4713 2940 4766 erit”.
2978 4731 2998 4764 ι
3058 4713 3150 4767 lla:
3202 4730 3418 4785 quoque
3455 4717 3520 4770 ad

1953 4805 2270 4876 martyriqu
2313 4804 2722 4858 adhortationes
2750 4819 2869 4872 qua:
2900 4806 3041 4873 apud
3077 4805 3384 4861 Matthzeum
3419 4809 3519 4862 ha-

1951 4899 2170 4960 bentur,
2218 4911 2320 4949 non
2353 4895 2418 4949 ad
2457 4895 2591 4948 alios
2617 4909 2780 4964 quam
2817 4896 2880 4949 ad
2909 4896 3194 4951 duodecim
3245 4903 3519 4967 apostolos

1950 4988 2105 5042 facta:
2123 5000 2273 5042 sunt:
2301 5003 2434 5056 quas
2460 4989 2644 5042 audire
2661 4989 2826 5062 296
2854 5005 2952 5044 nos
2974 4992 3246 5060 oportebit
3273 5010 3286 5054 ;
3313 4995 3518 5047 erimus

1949 5083 2115 5143 enim,
2141 5080 2182 5134 si
2214 5096 2304 5136 eas
2330 5081 2679 5145 audierimus,
2713 5083 3078 5151 apostolorum
3112 5085 3200 5154 qui
3227 5087 3517 5139 audierunt

1952 5174 2176 5238 fratres,
2207 5182 2261 5226 et
2303 5174 2563 5242 apostolis
2603 5176 3141 5230 connumerabimur.
3182 5177 3298 5244 Ipsa
3336 5185 3514 5229 autem

1950 5265 2114 5316 verba
2149 5264 2226 5317 sic
2265 5264 2493 5318 habent:
2540 5283 2558 5315 ι
2589 5263 2762 5319 Nolite
2796 5267 2986 5320 timere
3015 5283 3110 5321 eos
3137 5269 3226 5335 qui
3258 5267 3517 5320 occidunt.

1952 5369 2170 5424 corpus,
2220 5357 2454 5409 animam
2491 5364 2668 5411 autem
2703 5373 2806 5411 non
2850 5367 3075 5424 possunt
3108 5359 3377 5421 occidere,
3420 5355 3516 5408 sed

1379 5514 1423 5544 9°
1450 5511 1583 5566 Luc.
1617 5527 1714 5578 xu,
1748 5512 1834 5576 11,

2026 5515 2069 5547 ⁹¹
2099 5514 2226 5569 Luc.
2249 5513 2572 5578 “514-20.
2649 5515 2694 5545 ⁹¹
2726 5513 2894 5566 Marc.
2922 5528 3043 5574 xm,
3083 5513 3168 5577 ll,
3203 5512 3290 5579 12,
3322 5507 3410 5564 13.

488 5648 1022 5722 ΚαταστρέξῖἮμεν.
1064 5649 1198 5722 Male
1227 5652 1392 5703 codex
1423 5667 1547 5712 lll5.,
1575 5649 2019 5722 καταθρένζιωμεν,

351 5718 459 5788 (51)
515 5718 743 5789 Ἀρκάς.
784 5719 877 5774 Pils.
919 5720 1177 5790 ταραχάς,
1217 5722 1373 5774 male.
