3988 6156
414 249 520 304 607

1900 239 2226 299 ORIGENIS

3567 233 3674 290 608

419 371 598 441 potius
641 368 828 424 timete
867 380 989 420 eum
1017 364 1106 434 qui
1147 369 1326 433 potest
1359 371 1413 415 et
1445 361 1679 415 animam
1713 369 1768 416 et
1799 373 1998 430 corpus

2127 356 2285 411 ιένων
2331 355 2669 411 ἀποκτεῖναι.
2701 353 2977 426 Φοϐηθῆτε
3019 353 3075 405 δὲ
3105 350 3301 423 μᾶλλον
3327 351 3417 403 τὸν
3448 343 3683 421 δυνάμεὲ

421 463 644 533 perdere
667 460 720 514 in
750 459 1048 529 gehennam
1077 455 1142 508 ’³.
1176 473 1194 505 ι
1250 454 1377 508 Post
1407 453 1522 508 hate
1555 468 1654 508 nos
1695 452 1852 508 docet
1889 453 1992 507 Do-

424 555 604 608 minus
632 552 894 606 neminem
929 546 1131 615 absque
1160 545 1503 614 providentia
1537 545 1720 599 divina
1750 546 1815 599 ad
1847 559 1990 598 mar-

427 647 547 715 tyrii
593 652 865 699 certamen
899 638 1203 709 pervenire.
1260 636 1474 691 Dicitur
1500 637 1646 691 enim
1687 654 1700 690 :
1742 653 1761 688 ι
1806 635 1996 691 Nonne

425 733 528 786 duo
553 743 794 793 passeres
825 741 944 780 asse
979 734 1234 789 veneunt,
1268 736 1322 782 et
1356 741 1496 780 unus
1525 742 1588 779 ex
1628 725 1734 780 illis
1766 741 1872 779 non
1902 741 1992 780 ca-

424 826 514 873 det
538 832 699 886 super
729 824 926 870 terram
955 816 1072 872 sine
1101 816 1263 870 Patre
1281 817 1384 884 .qui
1415 816 1468 870 in
1497 817 1648 871 caelis
1673 817 1795 872 est?
1821 816 1996 870 Vestri

424 921 600 966 autem
641 908 820 979 capilli
846 909 1040 976 capitis
1069 923 1262 963 omnes
1305 908 1578 962 numerati
1623 917 1769 962 sunt.
1821 907 2000 963 Nolite

423 1017 551 1070 ergo
576 999 809 1054 timere:
849 998 1034 1051 multis
1073 997 1386 1065 passeribus
1427 997 1681 1053 meliores
1714 998 1846 1052 estis
1879 1013 1996 1052 vos.

423 1089 612 1146 Omnis
647 1103 776 1158 ergo
808 1088 900 1156 qui
940 1087 1291 1142 conﬁtebitur
1330 1102 1416 1142 me
1446 1102 1632 1142 coram
1668 1087 2000 1155 hominibus,

333 1175 336 1177 ’
425 1180 722 1236 conﬁtebor
752 1191 806 1235 et
827 1194 927 1251 ego
957 1194 1084 1234 eum
1113 1194 1296 1234 coram
1324 1179 1485 1233 Patre
1517 1191 1635 1232 meo
1663 1179 1756 1247 qui
1785 1179 1840 1232 in
1890 1193 2003 1234 coe—

427 1271 491 1326 lis
513 1281 629 1336 est;
658 1269 751 1340 qui
783 1278 963 1325 autent
1012 1268 1288 1338 negaverit
1327 1282 1413 1323 me
1442 1282 1630 1322 coram
1662 1266 2000 1328 hominibus.

425 1361 637 1428 negabo
680 1369 734 1414 et
764 1374 863 1428 ego
897 1373 1020 1414 eum
1056 1373 1242 1412 coram
1275 1356 1437 1411 Patre
1471 1372 1591 1410 meo
1626 1358 1718 1426 qui
1751 1358 1803 1412 in
1851 1359 2006 1414 ctelis

426 1452 624 1506 ροισι.»
646 1451 907 1505 Eumdem
936 1449 1136 1504 habent
1159 1462 1377 1503 sensum
1403 1459 1459 1501 et
1491 1462 1612 1517 qua:
1637 1449 1778 1517 apud
1803 1448 2006 1503 Lucam

428 1555 594 1599 sunt:
628 1562 646 1594 ι
677 1543 808 1596 Dico
838 1551 1015 1594 autem
1069 1541 1228 1595 vobis
1249 1541 1442 1592 amicis
1475 1541 1611 1593 meis
1640 1557 1653 1594 :
1678 1540 1758 1594 Ne
1805 1550 2009 1594 terrea-

432 1635 561 1688 mini
613 1635 681 1687 ab
714 1634 798 1687 his
838 1633 928 1701 qui
976 1631 1232 1686 occidunt
1279 1646 1500 1700 corpus,
1527 1639 1723 1700 etpost
1755 1631 1869 1685 hmc
1902 1647 2007 1684 non

2095 469 2188 504 vov
2224 449 2402 521 ψυχὴν
2433 448 2526 502 καὶ
2554 447 2712 518 σῶμα
2738 446 3003 500 ἀπολέσαι
3025 447 3082 500 ἐν
3108 445 3304 514 γεέννῃ
3324 485 3336 496 .
3375 463 3393 494 ι
3420 445 3531 496 Καὶ
3552 444 3686 514 ἑξῆς

2098 541 2310 604 τούτοις
2338 541 2579 594 διδάσκει
2624 540 2771 608 ἡμᾶς
2798 539 2826 590 ὁ
2867 536 3091 605 Κύριος,
3122 535 3197 598 ὡς
3235 535 3334 588 οὐκ
3376 534 3504 588 ἄνευ
3552 553 3689 604 προ-

2097 634 2246 696 νοίας
2272 632 2491 703 ἔρχεταί
2522 648 2606 693 τις
2632 629 2725 683 ἐπὶ
2755 629 2846 682 τὸν
2881 628 2975 680 τοῦ
3008 627 3308 698 μαρτυρίου
3346 626 3550 694 ἀγῶνα.
3576 626 3688 680 Λέ-

2097 742 2254 793 γεται
2295 724 2404 795 γάρ
2426 739 2437 751 ·
2487 742 2506 774 ι
2545 722 2679 791 Οὐχὶ
2711 720 2805 773 δύο
2833 718 3088 791 στρουθία
3123 717 3235 788 (52)
3269 718 3530 789 ἀσσαρίου
3570 737 3691 770 πω-

2101 818 2293 882 λεῖται,
2322 817 2416 869 καὶ
2447 814 2506 868 ἐν
2537 812 2596 878 ἐξ
2632 813 2813 868 αὐτῶν
2835 813 2895 866 οὐ
2930 813 3173 864 πεσεῖται
3197 812 3277 873 εἰς
3305 810 3400 880 τὴν
3422 811 3528 879 γῆν
3557 811 3689 864 ἄνευ

2098 908 2194 961 τοῦ
2234 906 2449 978 Πατρὸς
2494 905 2587 958 τοῦ
2615 907 2672 958 ἐν
2702 908 2813 967 τοῖς
2850 904 3127 976 οὐρανοϊς;
3156 901 3308 972 ὑμῶν
3332 901 3389 953 δέ
3415 903 3470 953 αἱ
3503 901 3692 971 τρίχες

2101 1001 2199 1070 τῆς
2236 999 2481 1069 κεφαλῆς
2513 1000 2684 1052 πᾶσαι
2713 989 3083 1068 ἠριθμημέναι
3111 994 3248 1047 εἰσί.
3275 993 3366 1064 Μὴ
3389 987 3480 1046 οὖν
3504 994 3692 1063 φοϐεῖ-
3721 1015 3728 1018 ·

2105 1091 2233 1144 σθε·
2265 1089 2474 1144 πολλῶν
2520 1089 2818 1160 στρουθίων
2861 1088 3146 1158 διαφέρετε
3205 1088 3376 1158 ὑμεῖς.
3431 1088 3548 1150 Πᾶς
3592 1083 3694 1141 οὖν

2104 1181 2252 1243 ὅστις
2295 1179 2618 1251 ὁμολογήσει
2644 1179 2702 1231 ἐν
2730 1177 2854 1248 ἐμοὶ
2882 1176 3187 1248 ἔμπροσθεν
3216 1176 3320 1230 τῶν
3364 1175 3694 1247 ἀνθρώπων,

2107 1271 2426 1341 ὁμολογήσω
2453 1268 2607 1338 κάγὼ
2636 1270 2693 1321 ἐν
2721 1267 2872 1338 αὐτῷ
2893 1267 3199 1339 ἔμπροσθεν
3227 1267 3319 1319 τοῦ
3344 1267 3563 1338 Πατρός¹
3586 1285 3695 1337 μου

2109 1361 2202 1413 τοῦ
2243 1362 2300 1413 ἐν
2331 1362 2580 1432 οὐρανοῖς
2600 1376 2614 1390 ο
2653 1361 2802 1421 ὅστις
2825 1359 2869 1412 δ’
2890 1358 2956 1413 ἂν
2984 1358 3364 1430 ἀπαρνήσηταί
3391 1375 3457 1428 με
3487 1358 3696 1430 ἐμπροα

2110 1451 2236 1504 σθεν
2257 1452 2364 1505 τῶν
2387 1451 2482 1504 ἀνθ
2493 1450 2712 1522 ρώπων,
2734 1452 3120 1522 ἀπαρνήσομαι
3141 1451 3300 1502 αὐτὸν
3317 1449 3471 1517 κάγὼ
3488 1451 3701 1522 ἐμπρο-

2113 1545 2235 1597 σθεν
2269 1544 2363 1596 τοῦ
2407 1543 2626 1613 Πατρός
2659 1559 2759 1612 μου
2787 1541 2878 1594 τοῦ
2909 1543 2967 1593 ἐν
2994 1542 3260 1612 οὐρανοῖς.
3297 1561 3314 1591 ι
3365 1542 3701 1612 Ἰσοδυναμεῖ

2110 1635 2166 1687 δὲ
2201 1634 2408 1697 τούτοις
2423 1634 2490 1686 τὰ
2515 1633 2665 1704 παρά
2706 1632 2782 1702 τῷ
2804 1633 2986 1701 Λουκᾷ
3003 1649 3014 1661 ·
3055 1651 3074 1681 ι
3113 1631 3298 1683 Ταῦτα
3325 1632 3380 1684 δὲ
3405 1633 3544 1699 λέγω
3566 1633 3703 1702 ὑμῖν

435 1729 633 1781 habent
663 1726 893 1795 amplius
918 1724 1045 1793 quid
1076 1724 1300 1778 faciant.
1331 1724 1623 1779 Ostendam
1649 1733 1831 1778 autem
1857 1725 2009 1778 vobis

2127 1729 2225 1788 τοῖς
2272 1725 2444 1794 φίλοις
2479 1741 2607 1794 μου·
2639 1723 2730 1794 Μὴ
2771 1722 3044 1793 φοϐηθῆτε
3096 1722 3205 1774 ἀπὸ
3230 1721 3334 1774 τῶν
3363 1723 3709 1774 ἀποκτεινόν-

434 1832 593 1886 quem
627 1816 897 1881 timeatis;
937 1815 1119 1869 timete
1143 1830 1265 1870 eum
1292 1815 1384 1883 qni
1409 1823 1698 1884 postquam
1724 1815 2008 1877 occiderit,

434 1907 599 1962 habet
630 1914 955 1977 potestatem
1003 1905 1253 1959 mittendi
1283 1906 1334 1958 in
1369 1907 1713 1975 gehennam:
1755 1907 1828 1959 ita
1886 1905 2011 1960 dico

437 1999 610 2064 vobis,
645 2001 790 2053 hunc
832 2001 1036 2052 timete.
1095 1998 1289 2053 Nonne
1336 2001 1574 2068 quinque
1623 2014 1873 2068 passeres
1918 2013 2012 2052 ve-

439 2099 607 2143 neunt
635 2089 908 2157 dipondio,
927 2099 979 2142 ct
1003 2105 1143 2143 unus
1171 2105 1238 2143 ex
1269 2090 1377 2146 illis
1408 2106 1512 2143 non
1543 2098 1628 2144 est
1651 2092 1704 2144 in
1733 2089 2011 2146 oblivione

439 2195 622 2236 coram
660 2180 800 2234 Deo?
829 2178 934 2234 Sed
969 2191 1025 2235 et
1054 2181 1234 2250 capilli
1262 2183 1458 2250 capitis
1489 2183 1655 2238 vestri
1685 2198 1874 2237 omnes
1910 2200 2010 2236 ott-

441 2269 633 2325 merati
667 2280 812 2326 sunt.
844 2268 1020 2327 Nolite
1049 2286 1177 2342 ergo
1209 2274 1398 2327 timere
1425 2291 1438 2326 :
1473 2274 1658 2328 multis
1704 2275 2017 2344 passeribus

443 2365 612 2434 pluris
640 2366 772 2420 estis
801 2381 916 2420 vos.
975 2365 1103 2420 Dico
1132 2376 1312 2420 autem
1342 2365 1496 2420 vobis
1527 2384 1541 2420 :
1572 2366 1760 2422 Omnis
1784 2371 2017 2437 quicun-

442 2472 545 2524 que
569 2457 850 2513 confessus
875 2457 1035 2512 fuerit
1064 2473 1150 2513 me
1179 2473 1364 2512 coram
1398 2459 1730 2525 hominibus,
1759 2469 1812 2512 et
1835 2460 2030 2514 Filius.

445 2549 681 2602 hominis
714 2548 1064 2613 conﬁtebitur
1098 2549 1250 2602 illunt
1287 2564 1470 2604 coram
1505 2551 1714 2620 angelis
1746 2552 1839 2606 Dei
1871 2568 1884 2615 ;
1916 2554 2005 2621 qui

445 2652 627 2694 autem
681 2642 960 2710 negaverit
991 2655 1078 2694 me
1133 2655 1319 2696 coram
1355 2642 1686 2705 hominibus,
1737 2645 2024 2712 negabitur

445 2748 625 2788 coram
659 2733 860 2802 angelis
899 2734 994 2788 Dei
1025 2735 1092 2790 ⁸⁵.
1132 2754 1150 2786 ι
1193 2735 1260 2790 Ει
1292 2735 1398 2790 alio
1436 2736 1486 2790 itt
1525 2737 1679 2792 loco:
1722 2757 1740 2788 ι
1764 2737 1896 2791 Nam
1932 2739 2020 2806 qui

446 2839 532 2878 me
554 2826 830 2880 erubuerit
853 2836 908 2880 et
940 2843 1088 2882 meos
1119 2843 1425 2892 sermones,
1471 2828 1616 2884 hunc
1657 2829 1822 2884 Filius
1850 2831 2025 2883 homi-

450 2917 532 2968 nis
558 2919 841 2972 erubescet
880 2933 1001 2971 cum
1033 2921 1237 2972 venerit
1274 2920 1325 2972 in
1355 2921 1637 2987 majestate
1669 2936 1788 2986 sua,
1821 2928 1874 2973 et
1919 2921 2022 2972 Pa-

449 3008 572 3073 tris,
601 3017 653 3060 et
684 3019 992 3062 sanctorum
1029 3011 1342 3078 angelorum
1374 3013 1440 3064 9“.
1480 3031 1496 3062 ι
1544 3012 1644 3076 Qui
1675 3029 1770 3067 nos
1815 3014 2020 3068 interﬁ-

453 3097 623 3159 ciunt,
649 3097 811 3150 vitam
843 3099 1087 3166 corporis
1113 3101 1408 3172 occidunt(
1439 3103 1543 3155 tale
1575 3111 1658 3156 est
1681 3105 1823 3158 enim
1855 3105 1980 3158 illud
2009 3122 2023 3160 :

458 3183 638 3238 Nolite
687 3187 870 3240 timere
904 3205 992 3241 eos
1051 3189 1140 3259 qui
1187 3191 1431 3244 occidunt
1483 3209 1713 3260 corpus;
1760 3196 1900 3264 quod
1937 3197 2027 3249 iis-

455 3277 577 3330 dem
642 3279 817 3332 verbis
855 3296 883 3332 a
923 3280 1173 3333 Matthaco
1203 3293 1257 3334 et
1299 3298 1328 3335 a
1377 3281 1518 3334 Luca
1551 3286 1750 3338 dictum
1777 3297 1856 3340 est
1895 3287 1936 3354 ),
1978 3297 2032 3339 ct

463 3374 740 3435 postquam
772 3380 967 3435 corpus
989 3367 1300 3434 occiderint,
1333 3389 1351 3422 ι
1374 3371 1628 3433 animam,
1661 3389 1678 3421 ι
1708 3375 1807 3426 etsi
1838 3377 2018 3439 velint,

467 3476 485 3507 ι
508 3457 752 3512 occidere
773 3473 877 3510 non
903 3469 1158 3527 possunt;
1183 3461 1277 3515 sed
1299 3477 1400 3516 nec
1420 3462 1623 3518 habent
1641 3466 1870 3536 amplius
1893 3469 2019 3536 quid

465 3549 686 3608 faciant.
722 3571 741 3603 ι
777 3551 1054 3618 Quomodo
1079 3554 1223 3607 enim
1249 3555 1424 3610 occidi
1453 3566 1633 3626 posset
1662 3560 1844 3613 anima
1873 3577 2031 3629 quam

456 3643 570 3710 ipsa
611 3642 882 3698 confessio
924 3646 1108 3700 vivere
1140 3647 1303 3711 facit;
1341 3663 1465 3703 cum
1513 3659 1757 3705 mutuum
1793 3653 1841 3706 ei
1883 3656 2034 3708 testi-

461 3735 696 3786 monium
755 3735 844 3788 det
886 3736 975 3804 qui
1025 3752 1122 3790 nos
1161 3739 1226 3790 ad
1277 3741 1600 3810 martyrium
1653 3743 1795 3811 apud
1842 3745 2032 3797 Isaiam

459 3821 709 3874 hortatur
743 3834 796 3876 et
824 3825 956 3892 ipse,
988 3834 1041 3878 et
1089 3826 1257 3882 Filius
1295 3827 1432 3897 ejus,
1468 3831 1554 3883 ιιὺί
1608 3833 1864 3900 scriptum
1904 3844 1984 3888 est
2018 3824 2050 3888 :-

469 3929 485 3958 ι
520 3909 708 3964 Estote
746 3914 871 3965 mihi
908 3924 1092 3977 testes,
1135 3929 1187 3968 et
1221 3933 1318 3985 ego
1359 3920 1511 3972 testis
1562 3921 1824 3976 Dominus
1871 3925 2035 3989 Deus,

461 4012 517 4054 et
544 4001 687 4057 Puer
717 4017 866 4057 mens
911 4020 1067 4074 quem
1105 4007 1239 4077 elegi
1270 4010 1338 4064 97.
1377 4029 1394 4061 ›
1424 4011 1488 4063 Ει
1523 4012 1626 4066 hoc
1655 4016 1901 4081 observa,
1934 4034 2036 4070 non

461 4095 635 4148 servis
657 4093 806 4161 Jesn,
836 4096 926 4149 sed
957 4096 1148 4150 amicis
1169 4098 1283 4165 ejus
1312 4099 1492 4152 datum
1521 4114 1641 4155 esse
1665 4114 1991 4174 ρι’ωορριιιιιι
2023 4127 2034 4161 :

467 4207 484 4236 ι
525 4185 599 4241 Ne
626 4188 940 4242 terreamini
971 4189 1037 4242 ab
1082 4190 1164 4244 his
1187 4191 1276 4258 qui
1307 4192 1799 4263 occidnntcorpns,
1832 4208 1886 4251 et
1920 4213 2042 4267 post

463 4279 576 4333 haec
605 4294 708 4332 non
738 4279 936 4333 habent
957 4279 1119 4349 297
1153 4280 1380 4349 amplius
1413 4284 1540 4350 qttid
1571 4283 1770 4339 faciant
1795 4289 1858 4340 ⁸⁸.
1896 4310 1913 4340 ι
1944 4292 2038 4345 Ti-

2113 1834 2222 1870 των
2253 1817 2313 1868 τὸ
2353 1815 2535 1886 σῶμα,
2568 1815 2664 1868 καὶ
2697 1814 2833 1884 μετὰ
2861 1813 3035 1867 ταῦτα
3069 1813 3141 1884 μὴ
3173 1813 3401 1883 ἐχόντων
3449 1814 3707 1882 περισσό-

2114 1910 2272 1980 τερόν
2294 1927 2344 1961 τι
2376 1909 2616 1978 ποιῆσαι.
2653 1907 2948 1970 ’Υποδείξω
2987 1906 3044 1957 δὲ
3081 1906 3209 1976 ὑμῖν
3237 1905 3358 1958 τίνα
3387 1904 3659 1973 φοϐηθῆτε
3688 1921 3701 1931 ο

2117 1999 2388 2070 φοϐηθῆτε
2433 1999 2525 2052 τὸν
2577 1997 2716 2069 μετά
2757 1997 2815 2049 τὸ
2862 1998 3175 2049 ἀποκτεῖναι
3215 1995 3408 2066 ἔχοντα
3453 1993 3708 2060 ἐξουσίαν

2117 2092 2373 2163 ἐμϐαλεῖν
2412 2095 2492 2154 εἰς
2543 2091 2787 2158 γέενναν.
2821 2090 2929 2142 Ναὶ
2957 2089 3099 2157 λέγω
3128 2090 3275 2159 ὑμῖν,
3311 2087 3496 2140 τοῦτον
3530 2087 3707 2156 φοϐη-

2120 2185 2272 2254 θῆτε.
2309 2184 2443 2254 Οὐχὶ
2477 2184 2638 2236 πέντε
2671 2181 2925 2254 στρουθία
2980 2180 3074 2232 δύο
3109 2179 3387 2250 ἀσσαρίων
3418 2178 3705 2239 πωλεῖται,

2121 2278 2214 2329 καὶ
2243 2277 2299 2330 ἓν
2326 2275 2385 2340 ἐξ
2410 2276 2586 2328 αὐτῶν
2607 2276 2707 2328 οὐκ
2729 2275 2874 2326 ἔστιν
2902 2272 3320 2343 ἐπιλελησμένον
3353 2270 3580 2324 ἐνώπιον
3607 2270 3710 2324 τοῦ

2123 2367 2292 2433 Θεοῦς
2325 2367 2459 2422 ἀλλά
2481 2368 2573 2421 καὶ
2605 2369 2658 2419 αἱ
2701 2365 2885 2436 τρίχες
2931 2365 3027 2435 τῆς
3066 2363 3306 2434 κεφαλῆς
3337 2362 3488 2432 ὑμῶν
3532 2364 3708 2414 πᾶσαι

2122 2460 2473 2531 ἠρίθμηνται.
2520 2459 2611 2529 Μὴ
2657 2453 2748 2510 οὖν
2788 2456 3090 2526 φοϐηθῆτε’
3139 2454 3349 2507 πολλῶν
3406 2453 3708 2521 στρουθίων

2123 2551 2425 2622 διαφέρετε.
2463 2551 2622 2617 Λέγω
2662 2549 2717 2602 δὲ
2752 2550 2912 2618 ὑμῖν·
2949 2549 3066 2610 Πᾶς
3094 2548 3152 2609 ὃς
3189 2545 3252 2599 ἂν
3295 2545 3600 2616 ὁμολογήσῃ
3647 2546 3710 2596 ἐν

2125 2644 2246 2712 ἐμοὶ
2289 2639 2596 2712 ἔμπροσθεν
2625 2639 2732 2692 τῶν
2766 2637 3089 2710 ἀνθρώπων,
3129 2639 3222 2690 καὶ
3264 2640 3292 2689 ὁ
3325 2637 3452 2700 Υἱὸς
3491 2637 3581 2689 τοῦ
3615 2639 3710 2688 άν-

2127 2731 2344 2805 θρὼπου
2371 2732 2693 2802 ὁμολογήσει
2722 2733 2778 2782 ἐν
2815 2729 2962 2800 αὺτῷ
2997 2729 3302 2801 ἔμπροσθεν
3325 2728 3432 2780 τῶν
3457 2728 3710 2796 ἀγγέλων

2125 2823 2216 2876 τοῦ
2238 2820 2403 2874 Θεοῦ’
2434 2824 2462 2875 ὁ
2495 2821 2552 2874 δὲ
2593 2821 2971 2892 ἀρνησάμενός
3006 2837 3071 2890 με
3108 2817 3336 2871 ἐνώπιον
3359 2817 3466 2870 τῶν
3496 2818 3710 2888 ἀνθρώ⁴

2129 2913 2726 2984 πων,ἀπαρνηθήσεται
2749 2912 2976 2966 ἐνώπιον
2991 2912 3100 2964 τῶν
3131 2911 3373 2979 ἀγγέλων
3397 2909 3490 2962 τοῦ
3501 2911 3659 2963 Θεοῦ.
3686 2930 3706 2961 ι

2129 3007 2238 3060 Καὶ
2270 3007 2326 3058 ἐν
2350 3004 2492 3074 ἄλλῳ
2520 3005 2698 3075 τόπῳο
2745 3022 2762 3054 t
2807 3006 2902 3066 Ὃς
2934 3004 3041 3073 γὰρ
3067 3003 3325 3073 αἰσχυνθῇ
3360 3019 3426 3072 με
3465 3003 3556 3054 καὶ
3585 3003 3715 3064 τοὺς

2133 3097 2296 3165 ἐμοὺς
2328 3095 2536 3164 λόγους,
2557 3094 2742 3147 τοῦτον
2773 3096 2801 3147 ὁ
2833 3092 2959 3154 Υἱὸς
2982 3093 3072 3144 τοῦ
3106 3092 3392 3162 ἀνθρώπου
3422 3095 3716 3162 ἐπαισχυν-

2133 3188 2376 3258 θήσεται,
2405 3189 2529 3240 ὅταν
2553 3186 2677 3257 έλθῃ
2703 3188 2758 3238 ἐν
2777 3187 2840 3255 τῇ
2881 3185 3007 3257 δόξῃ
3024 3184 3210 3249 αὑτοῦ,
3244 3185 3336 3237 καὶ
3362 3184 3451 3236 τοῦ
3480 3185 3714 3256 Πατρὶς,

2134 3279 2362 3332 καὶτῶν
2420 3280 2590 3346 ἁγίων
2643 3278 2907 3346 ἀγγέλων.
2974 3297 2991 3327 ι
3037 3279 3099 3328 Oi
3156 3276 3504 3346 ἀναιροῦντες
3545 3279 3712 3346 ἡμᾶς,

2135 3371 2385 3441 σώματος
2415 3370 2559 3441 ζωὴν
2588 3369 2995 3423 ἀποκτείνουσι·
3030 3368 3287 3438 (τοιοῦτον
3321 3368 3428 3438 γάρ
3465 3370 3578 3420 ἐστι
3624 3369 3712 3420 τό·

2133 3461 2229 3529 Μὴ
2266 3460 2564 3529 φοϐηθῆτε
2601 3460 2720 3514 ἀπὸ
2759 3460 2878 3513 τῶν
2911 3462 3390 3514 ἀποκτεινόντων
3423 3461 3485 3512 τὸ
3523 3459 3717 3528 σῶμα,

2136 3557 2326 3618 αὐταῖς
2349 3555 2557 3619 λέξεσιν
2596 3555 2699 3606 ὑπὸ
2730 3552 3007 3606 Ματθαίου
3037 3553 3130 3604 καὶ
3163 3553 3346 3604 Λουκᾶ
3382 3551 3722 3621 εἰρημένον),

2137 3648 2231 3699 καὶ
2268 3646 2404 3716 μετὰ
2436 3647 2495 3699 τὸ
2529 3648 2847 3699 ἀποκτεῖναι
2881 3644 2940 3696 τὸ
2975 3642 3152 3713 σῶμα,
3191 3643 3293 3696 κᾶν
3325 3642 3567 3706 θέλωσιν,
3596 3662 3613 3692 ι
3657 3643 3716 3694 οὐ

2137 3737 2387 3790 δύνανται
2437 3738 2536 3807 τὴν
2583 3736 2759 3806 ψυχὴν
2806 3737 3157 3788 ἀποκτεῖναι*
3213 3732 3326 3786 ἀλλ’
3372 3733 3493 3786 οὐδὲ
3536 3732 3719 3801 έχουσι

2143 3829 2532 3900 περισσότερόν
2570 3846 2621 3880 τι
2655 3829 2911 3898 ποιῆσαι.
2952 3847 2970 3878 ›
3009 3826 3132 3889 Πῶς
3164 3826 3271 3897 γὰρ
3308 3825 3527 3879 δυνατὸν
3560 3827 3718 3877 sua..-

2145 3921 2361 3992 ρεθῆναι
2397 3921 2572 3992 ψυχὴν
2616 3922 2706 3973 ὑπ’
2735 3921 2902 3991 αὐτῆς
2928 3921 3025 3990 τῆς
3059 3919 3343 3990 ὁμολογίας
3373 3916 3722 3986 ζωοποιηθεί-

2145 4027 2277 4074 σαν;
2332 4009 2862 4082 άντιμαρτυροῦντος
2890 4009 3023 4079 αὐτῇ
3061 4009 3173 4078 (55)
3206 4007 3299 4059 τοῦ
3346 4005 3722 4077 προ-τρεπομέο

2144 4117 2235 4152 νου
2288 4103 2437 4172 ἡμᾶς
2489 4104 2582 4155 ἐπὶ
2621 4102 2679 4154 τὸ
2735 4101 3030 4172 μαρτύριον
3085 4102 3143 4152 ἐν
3213 4098 3288 4169 τῷ
3348 4099 3563 4168 Ἡσαΐᾳ,
3628 4099 3722 4150 καὶ

2145 4191 2238 4245 τοῦ
2287 4193 2481 4256 Παιδὸς
2514 4191 2698 4257 αὐτοῦ,
2762 4192 2891 4246 ἔνθα
2917 4191 3259 4262 γέγραπται·
3295 4210 3312 4241 ι
3349 4190 3575 4242 Γένεσθέ
3623 4207 3713 4258 μοι

2152 4285 2444 4357 μάρτυρες,
2481 4284 2636 4354 κάγὼ
2668 4286 2877 4356 μάρτυς
2909 4285 3110 4354 Κύριος
3147 4285 3174 4335 ὁ
3201 4282 3365 4344 Θεὸς,
3401 4283 3493 4333 καὶ
3526 4285 3553 4334 ὁ
3585 4283 3722 4344 Παῖς

464 4369 691 4423 mendus
728 4379 815 4423 est
845 4369 1008 4439 igitur
1030 4388 1048 4420 ι
1081 4369 1170 4439 qui
1201 4379 1380 4438 petest
1403 4380 1457 4425 et
1489 4373 1723 4428 animam
1745 4384 1800 4429 et
1836 4393 2020 4446 corpu:

2145 4377 2201 4430 ὃν
2236 4376 2582 4448 ἐξελεξάμην.
2629 4397 2646 4428 ›
2690 4377 2801 4429 Καὶ
2839 4375 2994 4428 τοῦτο
3019 4375 3075 4428 δὲ
3109 4375 3290 4446 τήρει,
3319 4374 3399 4425 ὅτι
3429 4374 3489 4425 οὐ
3517 4373 3721 4435 δούλοις

462 4461 685 4528 perdere
715 4462 767 4515 in
795 4462 1116 4530 gehennam.
1154 4480 1173 4513 ι
1215 4461 1308 4515 llic
1335 4463 1477 4514 enim
1511 4465 1675 4531 solus,
1709 4485 1727 4518 ι
1750 4480 2034 4540 postquam

464 4554 745 4616 occiderit,
771 4563 1089 4620 potestatem
1115 4555 1275 4609 habet
1295 4559 1545 4612 mittendi
1573 4562 1624 4613 in
1651 4563 1980 4629 gehennam.
2012 4587 2031 4619 ι

466 4642 530 4692 Et
575 4642 789 4708 quidem
855 4642 1107 4697 immittet
1149 4659 1241 4696 eos
1286 4644 1377 4712 qui
1423 4661 1710 4714 corporum
1760 4654 2038 4710 occisores

468 4732 764 4797 timuerint,
795 4748 893 4786 nec
923 4734 1196 4786 tin'nterint
1227 4750 1346 4789 eum
1381 4755 1398 4787 ‹
1431 4738 1518 4805 qui
1551 4748 1729 4807 potest
1762 4757 1959 4812 corpus
1984 4756 2041 4801 et

468 4825 702 4878 animant
757 4828 984 4894 perdere
1030 4829 1081 4882 in
1135 4831 1458 4900 gehennam,
1511 4842 1564 4885 et
1589 4835 1705 4903 qui,
1754 4846 2036 4906 postquam

468 4915 747 4981 occiderit,
773 4926 1094 4984 potestatem
1124 4923 1284 4976 habet
1311 4922 1553 4975 mittendi
1581 4925 1630 4976 in
1657 4926 1980 4992 gehennam.
2013 4949 2032 4982 ι

471 5007 626 5072 Quod
653 5009 698 5062 si
749 5007 986 5076 cujusvis
1033 5012 1255 5066 alterius
1306 5013 1499 5082 capitis
1541 5016 1722 5083 capilli
1762 5021 2035 5074 numerati

469 5107 616 5161 sunt,
647 5109 702 5154 et
731 5114 916 5153 eorum
951 5103 1196 5158 videlicet
1231 5106 1318 5175 qui
1351 5116 1569 5174 propter
1605 5105 1788 5162 Jesum
1817 5112 2038 5165 exscin-

470 5193 692 5258 duntur,
725 5191 1102 5248 conﬁtebimur
1141 5195 1332 5251 Filium
1356 5197 1450 5252 Dei
1484 5216 1666 5254 coram
1698 5201 1828 5266 Deo,
1857 5212 1912 5256 et
1945 5204 2042 5256 ho-

473 5283 728 5350 minibus,
781 5293 838 5339 et
869 5301 978 5340 non
1023 5288 1148 5353 diis,
1183 5299 1238 5343 ut
1269 5291 1413 5346 vices
1451 5293 1604 5350 nobis
1648 5295 1916 5348 retribuat
1954 5295 2044 5350 ille

544 5403 591 5436 ’³
621 5403 808 5458 Matth.
841 5418 896 5466 ι,
920 5402 1009 5457 28.

477 5479 607 5533 Luc.
645 5491 741 5538 xu,
776 5475 830 5527 4.

547 5592 655 5658 (52)
687 5593 990 5659 Στρουθία.
1017 5591 1113 5646 Ms.
1146 5591 1444 5661 στρουθίου,
1476 5593 1681 5647 vitiose.

544 5661 653 5729 (35)
687 5662 1019 5718 Wctsteuius
1048 5663 1331 5734 legendum
1364 5672 1515 5732 putat
1542 5664 1702 5717 αὑτοῦ
1723 5704 1736 5729 ,
1779 5663 1870 5720 sed
1896 5672 2036 5717 stare

1087 5401 1134 5434 “
1167 5402 1295 5457 ibid.
1329 5404 1515 5458 29-54.
1593 5406 1635 5438 ⁵⁸
1668 5405 1798 5461 Luc.
1828 5422 1924 5471 xu,
1954 5406 2066 5463 4-8.

2145 4467 2236 4520 τοῦ
2282 4468 2476 4537 Ἰησοῦ,
2506 4468 2639 4520 ἀλλὰ
2676 4467 2845 4536 φίλοις
2876 4467 3038 4520 αὐτοῦ
3072 4466 3279 4519 δέδοται
3316 4466 3500 4536 ἐντολή
3524 4483 3536 4494 ·
3574 4484 3591 4514 ι
3629 4466 3718 4534 Μὴ

2148 4559 2415 4630 φοϐηθῆτε
2437 4559 2541 4611 ἀπὸ
2568 4558 2672 4611 τῶν
2714 4559 3136 4612 ἀποκτεινόντων
3167 4558 3226 4610 τὸ
3258 4557 3433 4627 σῶμα,
3461 4557 3556 4609 καὶ
3587 4555 3721 4618 μετά

2145 4651 2322 4704 ταῦτα
2344 4652 2416 4722 μὴ
2433 4651 2662 4722 ἐχόντων
2677 4652 3061 4723 περισσότερόν
3072 4668 3123 4703 τι
3142 4651 3379 4720 ποιῆσαι.
3404 4669 3422 4699 ι
3457 4647 3718 4718 Φοϐητέον

2146 4743 2456 4796 τοίνυνιτδν
2475 4741 2768 4812 δυνάμενον
2812 4743 2906 4795 καὶ
2934 4742 3112 4814 ψυχὴν
3147 4743 3238 4794 καὶ
3273 4741 3430 4810 σῶμα
3460 4739 3717 4792 ἀπολέσαι

2147 4834 2203 4885 ἐν
2229 4832 2420 4905 γεέννῃ
2443 4850 2455 4863 ·
2493 4853 2510 4884 ›
2533 4827 2687 4896 οὗτος
2717 4833 2824 4904 γὰρ
2860 4834 3037 4904 μόνος,
3073 4851 3091 4885 ι
3126 4832 3262 4904 μετά
3290 4832 3349 4884 τὸ
3381 4833 3716 4892 ἀποκτεῖναι,

2147 4926 2259 4997 ἔχει
2297 4926 2541 4991 ἐξουσίαν
2583 4925 2835 4995 ἐμϐαλεῖν
2867 4927 2944 4988 εἰς
2986 4925 3227 4994 γέενναν.
3288 4944 3306 4977 ι
3343 4924 3453 4977 Καὶ
3497 4922 3720 4993 ἐμϐαλεῖ

2147 5035 2210 5086 γε
2241 5019 2365 5082 τοὺς
2396 5017 2728 5088 φοϐηθέντας
2757 5017 2863 5070 ἀπὸ
2890 5016 2996 5070 τῶν
3017 5017 3441 5070 ἀποκτεινόντων
3460 5015 3522 5067 τὸ
3543 5013 3717 5084 σῶμα,

2149 5110 2242 5162 καὶ
2270 5111 2397 5173 τοὺς
2438 5110 2511 5180 μὴ
2539 5109 2873 5179 φοϐηθέντας
2911 5126 2930 5158 ι
2969 5108 3058 5160 τὸν
3089 5107 3383 5178 δυνάμενον
3414 5107 3506 5162 καὶ
3543 5106 3716 5177 ψυχὴν

2150 5204 2243 5256 καὶ
2271 5203 2428 5272 σῶμα
2458 5202 2719 5255 ἀπολέσαι
2750 5203 2807 5252 ἐν
2838 5201 3050 5270 γεέννῃ,
3083 5199 3175 5252 καὶ
3199 5199 3288 5252 τὸν
3319 5198 3457 5268 μετὰ
3485 5198 3546 5250 τὸ
3583 5199 3720 5251 ἀπο-

2149 5296 2352 5346 κτεῖναι
2401 5292 2591 5362 ἔχοντα
2643 5289 2891 5356 ἐξουσίαν
2921 5288 3178 5359 ἐμϐαλεῖν
3209 5291 3288 5351 εἰς
3319 5289 3560 5357 γέενναν.
3603 5308 3620 5339 ι
3655 5283 3728 5340 Εἴ

2141 5409 2186 5440 ³⁸
2216 5408 2342 5464 Luc.
2377 5425 2449 5472 ιιι,
2481 5409 2570 5463 26.
2645 5413 2688 5442 ³⁷
2719 5411 2821 5465 lsa.
2859 5427 2987 5464 xutt
3010 5453 3023 5477 ,
3065 5415 3150 5470 10.
3227 5416 3272 5446 ⁸⁸
3301 5415 3486 5469 Matth.
3519 5434 3578 5480 χ,
3606 5417 3712 5484 28;

2142 5604 2319 5674 potest
2344 5596 2500 5664 αὐτῇ.
2537 5596 2734 5650 Ibidem
2766 5598 3022 5674 mentlpse
3049 5598 3103 5652 in
3133 5598 3314 5654 codice
3345 5601 3712 5670 manuscripto

2145 5668 2401 5733 scriptum
2431 5673 2511 5719 cst
2545 5668 3062 5738 προτετρεπομένου.
