3988 6156
219 284 338 337 609

1353 277 1804 334 EXIIORTATIO
1841 279 1932 332 AD
1967 277 2406 335 MARTYRIUM.

3414 284 3565 371 61?),

219 418 385 463 τινος
422 402 488 453 δὲ
527 401 684 455 ἄλλου
734 402 830 473 τῆς
878 400 1121 471 κεφαλῆς
1154 402 1207 454 αἱ
1250 400 1435 471 τρίχες
1470 401 1838 471 ἠριθμημέναι

1950 416 2108 468 quem
2142 401 2370 455 confessi
2398 401 2620 465 erimus,
2654 417 2776 455 cum
2816 401 3163 456 confitebitur
3187 417 3287 457 nos
3328 418 3513 459 coram
3566 398 3569 399 ⁷

218 492 366 553 εἰσὶ,
417 491 696 554 κάκείνοις
726 492 987 560 δηλονότι,
1019 495 1129 553 τοῖς
1185 490 1272 542 διὰ
1326 490 1415 542 τὸν
1453 491 1656 559 Ἰησοῦν
1705 493 1841 543 ἀπο-

219 583 623 652 τεμνομένοις,
646 583 1051 657 ὁμολογήσομεν
1104 584 1161 633 ὲν
1193 582 1269 651 τῷ
1299 581 1433 651 Υἰῷ,
1462 581 1554 634 τοῦ
1573 580 1727 644 Θεοῦ,
1749 582 1843 634 xui

1952 493 2059 545 Deo
2089 502 2143 545 et
2192 491 2351 546 Patre
2378 507 2475 546 suo
2515 502 2566 545 et
2608 493 2953 547 confitebitur
2981 497 3033 547 in
3073 493 3226 548 caelis
3254 508 3378 549 eum
3426 497 3517 565 qui

1949 596 2009 635 se
2040 584 2093 633 in
2136 592 2274 635 terra
2318 583 2598 638 confessus
2631 583 2812 637 fuerit.

223 674 341 744 τῶν
402 673 736 747 ἀνθρώπων,
787 676 878 727 xui
909 675 968 727 οὑ
999 674 1136 726 θεῶν
1168 672 1478 743 ἔμπροσθεν
1506 672 1638 742 (54),
1669 674 1733 725 ἵν’
1768 674 1914 741 ἡμᾶς
1943 674 2238 743 ἀμείψηται
2284 677 2312 727 ὁ
2350 675 2719 744 ὁμολογηθεὶς,
2751 676 3085 747 ὁμολογήσας
3115 679 3260 748 ἡμᾶς
3312 679 3524 750 ἔμπρο⁶

223 765 363 817 σθεν
410 764 513 817 τοῦ
548 764 706 828 Θεοῦ,
734 765 827 815 xui
854 764 1063 832 Πατρδς
1096 764 1310 824 ἑαυτοῦ,
1348 764 1441 816 καὶ
1477 762 1815 832 ὁμολογήσας
1858 762 1947 813 τὸν
2000 764 2407 834 ὁμολογήσαντα
2435 766 2597 817 αὑτὸν
2634 766 2726 818 ἐπὶ
2757 768 2858 835 γῆς
2902 769 3064 831 αὐτὸς
3090 771 3145 821 ἐν
3170 772 3435 841 οὐρανοῖς.

299 860 409 923 Τίς
443 860 493 911 δ’
523 859 609 923 ἂν,
642 859 995 930 λογισάμενος
1022 860 1090 911 τὰ
1119 859 1360 921 τοιαῦτα,
1381 859 1480 909 οὑκ
1512 855 1846 926 ἐπιφθέγξη-

219 970 316 1006 ται
353 953 427 1005 τὸ
461 952 819 1005 ἀποστολικὸν
855 953 1048 1014 ἐκεῖνο,
1081 952 1169 1002 τό·
1208 970 1225 1001 ι
1256 951 1369 1003 Οὑκ
1405 949 1530 1013 ἄξια
1569 947 1636 1001 τά
1662 946 1843 1018 παθή-

224 1062 389 1115 ματα
426 1044 526 1096 τοῦ
562 1044 655 1098 νῦν
671 1042 862 1113 καιροῦ
887 1044 1022 1113 πρὸς
1036 1044 1133 1114 τήν
1153 1043 1443 1113 μέλλουσαν
1466 1040 1620 1107 δόξαν
1637 1042 1845 1093 ἀποκα-

225 1136 526 1205 λυφθῆναι
559 1138 636 1200 είς
668 1138 849 1206 ήμᾶς;
889 1155 906 1186 ›
930 1136 1053 1197 Πῶς
1077 1135 1258 1205 γάροὺ
1282 1133 1458 1203 πολλῷ
1495 1132 1691 1201 μείζων
1712 1135 1843 1201 ὁμο-

220 1226 429 1294 λογίας
458 1228 563 1297 τῆς
586 1226 891 1297 ἔμπροσθεν
918 1226 1012 1278 ἀνθ
1023 1224 1216 1291 ρώπων
1236 1227 1268 1294 ή
1298 1223 1604 1294 ἔμπροσθεν
1620 1223 1713 1275 τοῦ
1729 1225 1840 1275 Πα-

219 1319 362 1389 τρδς
392 1318 692 1389 ὁμολογία;
724 1318 846 1379 Πῶς
868 1317 911 1368 δ’
930 1318 988 1369 οὑ
1020 1315 1141 1368 καθ’
1160 1315 1463 1389 ὑπερϐολὴν
1497 1314 1839 1384 ὑπερέχουσα

219 1409 331 1477 τῆς
370 1410 476 1461 ἐπὶ
502 1412 606 1480 γῆς
639 1408 957 1479 ὁμολογίας,
996 1408 1063 1479 ἢν
1092 1408 1365 1477 μάρτυρες
1393 1405 1716 1477 ὁμολογοῦσι
1749 1405 1863 1469 τὸνζ

222 1503 361 1555 Υίδν
378 1500 488 1556 τοῦ
503 1502 659 1567 Θεοῦ,
675 1504 729 1555 ὲν
745 1504 805 1554 οὑ
814 1505 991 1573 ρανοῖς
1005 1500 1096 1553 τοῦ
1114 1499 1534 1571 ὁμολογηθέντος
1556 1498 1839 1568 ὀμολογία;

216 1593 453 1663 Λογισὰ
471 1611 627 1663 μενος
648 1594 703 1646 δέ
724 1611 807 1656 τις
828 1593 1166 1665 ἀρνήσασθαι
1187 1592 1490 1663 ἔμπροσθεν
1509 1591 1617 1644 τῶν
1639 1588 1843 1660 ἀνθρώ-

2019 858 2108 911 35.
2150 858 2283 923 Quis
2310 868 2490 912 autem
2520 859 2630 912 haec
2659 870 2947 925 reputans,
2977 861 3104 914 illud
3131 866 3373 931 Apostoli
3403 883 3511 920 non

1948 949 2281 1003 exclamabit
2315 966 2329 1003 :
2370 967 2388 999 ι
2419 947 2535 1002 Νοη
2568 959 2692 1003 sunt
2726 951 3009 1020 condignae
3039 954 3318 1020 passiones
3353 957 3516 1022 hujus

1952 1043 2212 1109 temporis
2248 1044 2313 1093 ad
2351 1040 2595 1095 futuram
2639 1041 2866 1112 gloriam
2914 1058 3035 1111 une
3081 1046 3411 1100 revelabitur
3460 1049 3511 1101 in

1953 1134 2109 1187 nobis
2140 1133 2184 1164 ’θ
2215 1133 2238 1186 ?
2267 1152 2284 1184 ι
2318 1134 2437 1200 Quo
2480 1144 2636 1203 pacto
2681 1135 2824 1188 enim
2868 1150 2971 1188 non
3028 1136 3182 1206 longe
3231 1139 3402 1205 major
3447 1142 3517 1195 sit

1949 1224 2295 1279 confessione
2326 1241 2446 1293 qua:
2476 1240 2658 1280 coram
2688 1226 3001 1281 hominibus
3034 1227 3121 1291 ﬁt,
3158 1229 3246 1283 illa
3275 1245 3393 1299 quae
3423 1248 3516 1287 co-

1951 1329 2064 1367 ram
2096 1315 2254 1371 Palre
2283 1316 2413 1371 fiet!
2459 1316 2738 1383 Quomodo
2767 1318 3165 1373 confessionem
3214 1336 3317 1389 qua
3367 1339 3514 1377 mar—

1948 1414 2093 1475 tyres
2129 1406 2182 1460 in
2217 1417 2359 1461 terra
2391 1408 2589 1462 Filium
2629 1408 2718 1462 Dei
2754 1409 3101 1473 confitentur,
3132 1412 3295 1481 longo
3341 1414 3515 1468 inter-

1949 1496 2093 1552 Vallo
2141 1514 2251 1553 non
2306 1500 2653 1570 superaverit
2703 1500 3006 1565 confessio,
3058 1518 3217 1571 quam
3267 1504 3312 1558 is
3352 1520 3510 1574 quem

1949 1588 2182 1643 confessi
2215 1598 2376 1654 sunt,
2405 1592 2458 1644 in
2504 1591 2661 1646 caelis
2692 1592 2935 1645 reddet?
2967 1590 3022 1645 Si
3056 1594 3176 1661 quis
3212 1603 3391 1649 autem
3426 1610 3516 1649 ne-

217 1704 372 1749 πων,
389 1684 906 1755 ὑπομιμνησκέσθω
934 1683 1025 1737 τοῦ
1051 1682 1295 1752 ἀψευδῶς
1321 1682 1581 1745 εἰπόντος·
1607 1700 1626 1733 ι
1650 1682 1838 1749 ’Δπαρ-

1951 1694 2079 1747 gare
2110 1695 2292 1734 coram
2323 1682 2637 1737 hominibus
2666 1683 2871 1749 cogitat
2891 1722 2905 1747 ,
2938 1684 3246 1738 meminerit
3274 1683 3390 1752 ejus
3420 1686 3510 1753 qui

220 1781 483 1850 νήσομαι
516 1776 671 1845 κάγὼ
688 1776 845 1830 αὑτὸν
862 1774 1166 1847 ἔμπροσθεν
1191 1773 1284 1828 τοῦ
1302 1774 1514 1845 Πατρός
1538 1791 1639 1843 μου
1670 1772 1761 1825 τοῦ
1782 1774 1839 1825 ἐν

221 1872 523 1941 οὐρανοῖς.
551 1888 569 1921 ι
602 1869 720 1921 Ἔτι
738 1868 792 1920 δὲ
819 1870 912 1921 xui
935 1867 1091 1920 τοῦτο
1114 1867 1436 1938 θεωρητέον,
1460 1868 1541 1918 ὅτι
1562 1868 1589 1918 ὁ
1608 1864 1703 1934 μὲν
1719 1866 1841 1934 ὁμο·
1864 1864 1870 1870 ’

220 1962 418 2030 λογῶν
456 1964 514 2013 ὲν
544 1960 620 2030 τῷ
640 1958 752 2029 Υίῷ
784 1958 1089 2030 ἔμπροσθεν
1125 1957 1232 2011 τῶν
1273 1956 1593 2029 ἀνθρώπων,
1622 1956 1683 2008 τὸ
1715 1958 1839 2008 ὅσον

221 2053 314 2119 ἐφ’
348 2050 563 2120 ἐαυτῷ,
594 2052 868 2119 συνίστησι
899 2049 1343 2121 Χριστιανισμὸν,
1378 2049 1471 2100 xui
1496 2047 1585 2101 τὸν
1626 2046 1839 2115 πατέρα

222 2146 269 2195 Χ
282 2141 677 2214 ριστιανισμοῦ
705 2141 915 2207 τούτου,
962 2142 1043 2210 ἐφ’
1070 2137 1143 2193 ὧν
1189 2141 1468 2211 ὁμολογεῖ·
1500 2141 1528 2191 ὁ
1560 2139 1616 2191 δὲ
1651 2136 1841 2208 ὁμολο-

222 2234 516 2304 γούμενος
561 2233 665 2286 ὑπὸ
708 2230 802 2284 τοῦ
850 2232 1029 2302 πάσης
1069 2232 1297 2295 κτίσεως
1350 2231 1695 2301 πρωτοτόκου
1745 2228 1839 2281 xui

221 2324 331 2377 τοῦ
360 2323 501 2376 Υἰοῦ
535 2324 628 2377 τοῦ
661 2323 968 2395 ἀνθρώπου,
1005 2322 1318 2375 συνίσταται
1348 2321 1437 2374 διὰ
1458 2322 1557 2390 τῆς
1580 2320 1672 2372 τοῦ
1703 2318 1833 2372 Υἱοῦ

222 2414 330 2467 τοῦ
368 2414 536 2481 Θεοῦ,
572 2416 667 2468 xui
696 2413 789 2466 τοῦ
816 2413 945 2465 Υίοῦ
974 2412 1067 2464 τοῦ
1114 2411 1402 2481 ἀνθρώπου
1431 2412 1737 2481 ὁμολογίας,
1763 2410 1839 2480 τῷ

221 2509 286 2558 ὲν
320 2508 391 2558 οὑ
404 2509 587 2577 ρανοῖς
620 2506 795 2575 Πατρλ.
822 2506 917 2557 xui
948 2508 1058 2565 τοῖς
1083 2503 1333 2571 ἀγγέλοις
1362 2503 1454 2555 τοῦ
1483 2502 1637 2555 Θεοῦ.
1665 2504 1839 2575 Εἴπερ

221 2596 285 2648 δὲ
332 2616 350 2645 ι
388 2597 495 2663 οὑχ
522 2597 549 2645 6
575 2593 763 2646 ἑαυτὸν
808 2593 1135 2644 συνιστάνων
1186 2592 1388 2653 ἐκεῖνος
1431 2592 1545 2643 ὲστι
1600 2592 1839 2661 δόκιμος,

223 2687 358 2738 ἀλλ’
396 2686 462 2736 ὃν
491 2686 518 2736 6
544 2684 748 2754 Κύριος
784 2682 1080 2751 συνίστησι,
1132 2700 1149 2732 ι
1188 2680 1305 2744 πῶς
1336 2682 1396 2734 οὑ
1452 2682 1556 2752 χρὴ
1605 2683 1842 2751 νομίζειν

231 2775 396 2828 εἶναι
448 2774 687 2844 δόκιμον,
741 2774 831 2826 τὸν
881 2773 1026 2837 ἄξιον
1076 2772 1331 2842 κριθέντα
1364 2772 1462 2842 τῆς
1488 2771 1622 2842 πρὸς
1660 2772 1750 2825 τὸν
1786 2774 1841 2825 ὲν

230 2868 511 2939 οὐρανοῖς
568 2867 784 2937 Πατέρα
835 2866 1052 2935 καὶτῆς
1092 2865 1227 2935 πρὸς
1284 2865 1409 2927 τοὺς
1452 2864 1715 2931 ἀγγέλους
1749 2864 1840 2916 τοῦ

226 2959 382 3013 Θεοῦ
430 2959 771 3022 συστάσεωςς
824 2958 886 3009 Εἰ
939 2957 995 3009 δὲ
1046 2956 1266 3026 δόκιμος
1297 2956 1405 3026 (55)
1443 2952 1617 3019 οὗτος,
1651 2957 1746 3010 καὶ
1787 2956 1838 3010 οἱ

228 3049 623 3122 παραπλήσιοι
662 3047 828 3119 αὑτῷ,
858 3047 951 3110 οὓς
982 3066 1000 3097 ι
1040 3048 1114 3110 ὡς
1131 3046 1331 3119 χρυσὸν
1357 3048 1414 3100 ὲν
1436 3047 1787 3121 χωνευτηρίῳ
1809 3064 1830 3099 ι

230 3147 361 3206 ταῖς
402 3141 654 3212 βασάνοις
670 3141 761 3193 xui
791 3143 908 3203 ταῖς
942 3138 1247 3205 ὲξετάσεσιν
1271 3158 1288 3189 ι
1315 3139 1631 3209 ἐδοκίμασεν
1666 3141 1693 3191 ὁ
1727 3138 1837 3191 Κύ-

236 3251 383 3305 ριος,
417 3232 509 3286 καὶ
542 3232 619 3294 ὡς
652 3228 1027 3301 ὁλοκάρπωμα
1069 3230 1256 3293 θυσίας
1291 3227 1680 3300 προσεδέξατο’
1726 3247 1745 3280 ι
1782 3228 1835 3280 τί

236 3324 348 3395 χρὴ
392 3323 571 3392 λέγειν
602 3323 730 3393 περὶ
759 3322 866 3374 τῶν
911 3320 1269 3391 ἐλεγχθέντων
1304 3322 1362 3373 ἐν
1402 3323 1469 3391 τῇ
1504 3319 1718 3389 καμίνῳ
1744 3317 1834 3370 τοῦ

238 3414 582 3486 πειρασμοῦ,
617 3414 709 3466 xui
743 3413 1153 3484 ἀρνησαμένων,
1187 3411 1281 3473 οὓς
1308 3410 1383 3473 ὡς
1414 3410 1703 3479 ἀδοκίμους
1734 3410 1834 3478 ἀρ-

239 3512 421 3561 νεῖται
456 3506 763 3578 ἔμπροσθεν
791 3504 883 3559 τοῦ
934 3508 991 3558 ὲν
1015 3506 1265 3576 οὐρανοῖς
1304 3500 1535 3573 Πατρὸς,
1565 3502 1658 3553 καὶ
1701 3497 1835 3551 ὲνώ-

239 3618 367 3652 πιον
418 3599 526 3652 τῶν
575 3597 821 3667 ἀγγέλων
853 3595 958 3659 ετοῦ
1001 3594 1157 3660 Θεοῦ,
1196 3595 1224 3646 6
1258 3594 1348 3646 τὸν
1380 3590 1528 3655 ἄξιον
1558 3592 1837 3662 ἀρνήσεως

244 3693 417 3762 ἀρνοὺ
428 3708 587 3763 μενος
606 3707 620 3754 ;

314 3786 432 3837 Καὶ
474 3783 535 3835 οὑ
573 3782 726 3852 μόνον
759 3797 821 3848 γε
870 3778 1005 3849 πρὸς
1048 3777 1108 3829 τὸ
1152 3775 1226 3846 μὴ
1266 3772 1601 3845 ἀρνήσασθαι
1635 3774 1835 3840 ἀγωνι-

246 3877 426 3939 στέον,
455 3874 593 3929 ἀλλά
619 3873 711 3925 xui
735 3872 869 3942 πρὸς
898 3871 958 3923 τὸ
995 3869 1128 3940 μηδὲ
1143 3870 1239 3939 τὴν
1264 3868 1437 3938 ἀρχὴν
1460 3865 1832 3936 αἰσχυνθῆναι,

242 3967 601 4037 νομιζόμενον
666 3964 815 4034 παρὰ
870 3965 982 4024 τοῖς
1039 3960 1336 4031 ἀλλοτρίοις
1389 3956 1523 4012 Θεοῦ
1574 3956 1834 4027 αἰσχύνης

245 4059 375 4126 ἄξια
406 4059 667 4129 πάσχειν·
703 4058 797 4109 xui
856 4055 1087 4126 μάλιστα
1118 4055 1165 4105 εἰ
1204 4051 1481 4115 δοξασθεὶς
1523 4052 1615 4104 xui
1642 4049 1837 4103 ἀποδε-

246 4152 397 4220 χθεὶς
437 4151 542 4205 ὑπὸ
570 4150 832 4203 πλείστων
865 4149 1004 4201 ὅσων
1038 4146 1263 4207 πόλεων,
1296 4142 1389 4196 νῦν
1412 4143 1651 4213 ὡσπερεὶ
1694 4159 1835 4211 πομ-

248 4243 458 4309 πεύεις,
487 4242 656 4313 αἴρων
689 4240 781 4292 τὸν
811 4237 1042 4306 σταυρὸν
1077 4235 1171 4289 τοῦ
1211 4234 1405 4303 Ἰησοῦ,
1450 4233 1560 4303 ίερὲ
1599 4232 1833 4302 Ἀμϐρό-

1945 1784 2069 1824 vere
2097 1772 2235 1825 dixit
2265 1788 2280 1825 :
2314 1791 2333 1823 ι
2368 1771 2589 1843 Negabo
2618 1782 2672 1828 ct
2697 1788 2798 1843 ego
2826 1788 2949 1827 emn
2977 1790 3160 1829 coram
3198 1775 3359 1829 Patre
3392 1792 3511 1829 meo

1946 1861 2036 1926 qui
2071 1862 2122 1916 in
2154 1863 2308 1917 eoelis
2340 1873 2445 1918 est.
2475 1882 2493 1915 ›
2526 1864 2662 1920 Illud
2691 1866 2853 1918 etiam
2887 1868 3237 1934 spectandum
3266 1876 3347 1922 est
3376 1885 3387 1921 :
3418 1869 3509 1935 qui

1946 1951 2149 2005 Filium
2187 1968 2370 2006 coram
2396 1953 2708 2009 hominibus
2755 1955 3063 2021 confitetur,
3111 1958 3509 2020 Christianam,

1947 2053 2211 2113 quantum
2244 2046 2294 2098 in
2328 2060 2386 2100 se
2416 2055 2499 2100 est
2523 2087 2538 2111 ,
2567 2048 2880 2118 religionem
2908 2052 3279 2116 commendat,
3310 2061 3364 2106 et
3391 2053 3510 2121 ejus

1947 2136 2232 2205 religionis
2276 2146 2560 2205 parentem
2602 2153 2763 2206 quam
2826 2141 3135 2195 conﬁtetur.
3181 2144 3347 2208 Quem
3383 2160 3512 2197 vero

1947 2228 2235 2279 confitetur
2261 2228 2663 2295 primogenitus
2707 2231 2885 2301 qmnis
2928 2243 3196 2285 creaturm
3241 2240 3295 2286 et
3341 2232 3510 2287 Filius

1943 2314 2216 2380 hominis,
2251 2318 2671 2372 commendatur
2698 2333 2795 2387 per
2835 2319 3031 2374 Filium
3083 2322 3177 2376 Dei
3217 2331 3270 2376 et
3315 2324 3508 2376 Filium

1944 2406 2185 2462 hominis
2214 2409 2352 2477 apud
2381 2408 2665 2464 cwlestem
2712 2408 2930 2463 Patrem
2959 2419 3016 2464 et
3045 2412 3264 2482 angelos
3289 2411 3405 2466 Dei.
3451 2413 3506 2465 Si

1946 2505 2126 2551 autem
2158 2516 2177 2548 ι
2208 2515 2315 2553 non
2349 2500 2438 2568 qui
2464 2502 2707 2568 seipsum
2738 2502 3084 2556 commendat
3114 2503 3203 2557 ille
3248 2503 3510 2567 probatus

1944 2600 2068 2653 est,
2125 2591 2219 2644 sed
2268 2606 2429 2659 quem
2478 2593 2621 2647 Deus
2669 2596 3015 2650 commendat
3048 2597 3062 2626 ¹
3093 2613 3107 2650 :
3140 2615 3157 2647 ι
3186 2597 3309 2665 quis
3353 2596 3507 2650 illum

1944 2681 2229 2748 probatum
2291 2698 2396 2736 non
2444 2694 2665 2739 censeat
2715 2687 3055 2757 qui-dignus
3098 2686 3374 2755 judicatus
3428 2698 3512 2743 est

1944 2773 2316 2827 commendari
2366 2776 2507 2842 apud
2555 2777 2832 2831 caelestem
2879 2777 3095 2833 Patrem
3136 2788 3191 2833 et
3231 2780 3369 2848 apud
3415 2795 3513 2832 an-

1943 2862 2093 2930 gelos
2130 2863 2269 2916 Dei?
2302 2864 2458 2931 Quod
2492 2866 2535 2921 si
2568 2868 2832 2935 probatus
2866 2877 2949 2923 est
2980 2879 3035 2923 et
3070 2869 3188 2934 ille,
3222 2878 3274 2923 et
3314 2872 3406 2938 qui
3438 2871 3511 2923 si-

1945 2954 2098 3009 miles
2136 2955 2213 3010 illi
2261 2966 2387 3011 sunt
2406 2995 2421 3021 ,
2450 2972 2586 3027 quos
2609 2977 2627 3010 (
2651 2970 2908 3028 tanquam
2933 2975 3126 3014 aurum
3156 2961 3208 3014 in
3239 2960 3458 3016 fornace
3484 2981 3505 3014 ι

1943 3045 2228 3107 tormentis
2269 3054 2325 3099 et
2374 3049 2771 3115 quaestionibus
2796 3068 2814 3100 ι
2850 3049 3104 3119 probavit
3147 3051 3408 3106 Dominus
3455 3062 3511 3106 et

1939 3136 2093 3202 quasi
2130 3136 2437 3192 holocausti
2485 3138 2720 3194 hostiam
2768 3142 2979 3209 accepit
3007 3142 3027 3172 '
3053 3156 3066 3192 :
3094 3160 3113 3193 ι
3138 3142 3267 3210 quid
3302 3146 3367 3197 de
3402 3143 3511 3197 illis

1938 3225 2222 3281 dicendum
2256 3235 2341 3282 est
2375 3229 2466 3296 qui
2504 3230 2556 3282 in
2594 3232 2915 3285 tentationis
2956 3233 3175 3287 fornace
3213 3233 3507 3287 examinati

1939 3328 2307 3386 negaverunt,
2337 3334 2475 3387 quos
2507 3329 2566 3374 ut
2589 3324 2853 3391 reprobos
2878 3338 3063 3377 coram
3098 3323 3263 3378 Patre
3289 3324 3501 3378 caelesti

1936 3419 1990 3463 et
2027 3424 2207 3463 coram
2239 3410 2450 3479 angelis
2495 3412 2586 3468 Dei
2628 3423 2788 3483 negat
2834 3414 2923 3469 ille
2963 3416 3056 3483 qui
3104 3417 3388 3484 negatione
3428 3413 3509 3467 di-

1936 3516 2099 3568 gnum
2132 3514 2292 3571 negat
2318 3504 2341 3556 ?

2010 3764 2099 3819 56.
2154 3765 2260 3820 Nec
2294 3780 2359 3820 eo
2396 3774 2603 3819 tantum
2637 3765 2954 3821 certandum
2986 3774 3071 3819 est
3104 3780 3170 3820 ne
3214 3781 3503 3835 negemus,

1935 3858 2028 3912 sed
2054 3872 2124 3913 ne
2149 3858 2374 3912 omnino
2396 3857 2786 3911 erubescamus
2804 3895 2818 3919 ,
2843 3871 2965 3911 cum
2996 3856 3089 3911 Dei
3119 3859 3301 3913 hostes
3328 3862 3501 3930 turpia

1935 3951 2045 4020 pati
2081 3964 2180 4005 nos
2208 3950 2563 4015 existimant,
2594 3957 2649 4002 et
2694 3947 2933 4003 maxime
2963 3948 3127 4019 298
3156 3950 3200 4005 si
3242 3964 3363 4004 cum
3409 3958 3464 4004 tu
3487 3991 3503 4015 ,

1941 4057 2099 4097 sacer
2124 4040 2379 4096 Ambrosi
2407 4080 2421 4103 ,
2452 4039 2700 4110 plurimis
2728 4041 3043 4096 civitatibus
3071 4041 3369 4095 honorifice
3399 4043 3502 4095 ha-

1933 4136 2081 4190 bitus
2119 4142 2174 4189 et
2203 4143 2463 4203 exceptus
2499 4133 2577 4187 sis
2599 4175 2615 4199 ,
2657 4148 2801 4187 nunc
2832 4134 2883 4186 in
2918 4147 3112 4201 pompa
3147 4148 3246 4187 ceu
3280 4134 3502 4188 victima

1933 4226 2162 4281 ducaris
2189 4235 2412 4297 portans
2443 4239 2659 4280 crucem
2690 4223 2821 4280 Jcsu
2852 4239 3082 4295 eumque
3127 4239 3363 4293 sequens
3408 4225 3500 4293 qui

251 4354 353 4401 σιε,
384 4337 481 4391 xui
532 4331 843 4388 ἀκολουθῶν
886 4327 1055 4398 αὐτῷ,
1104 4325 1397 4398 προάγοντι
1429 4323 1521 4375 ἐπὶ
1560 4323 1831 4394 ἡγεμόνας

1942 4327 1988 4371 te
2021 4318 2088 4371 ad
2115 4318 2377 4386 praesides
2426 4324 2482 4370 et
2528 4330 2685 4385 reges
2727 4315 3033 4385 praecedat,
3084 4322 3143 4368 ut
3173 4323 3347 4369 tecum
3388 4315 3505 4384 ipse

252 4432 345 4483 xui
401 4427 659 4500 βασιλεῖς,
713 4424 819 4486 ἵνα,
873 4421 1033 4485 αὑτός
1079 4435 1160 4471 σοι
1206 4414 1623 4487 συμπορευθεὶς,
1673 4414 1836 4477 αὑτός

254 4533 334 4569 σοι
368 4516 446 4587 δῷ
483 4516 577 4568 xui
611 4512 782 4581 στόμα
809 4510 900 4564 xui
939 4508 1149 4578 σοφίαν,
1184 4506 1279 4559 καὶ
1310 4504 1393 4558 σοὶ
1441 4504 1517 4574 τῷ
1544 4521 1836 4573 συναγωνιο-

257 4612 353 4680 στῇ
382 4606 572 4671 αὑτοῦ,
624 4604 1001 4677 Πρωτὸκτητε,
1054 4600 1147 4654 xui
1180 4596 1661 4670 συμμαρτυροῦσιν
1703 4598 1833 4666 ἡμῖν

257 4695 925 4770 (56),‹τοῖςάναπληροῦσι
956 4692 1025 4746 τά
1053 4693 1403 4763 ὑστερήματα
1433 4688 1538 4743 τῶν
1578 4688 1836 4758 παθημά-

258 4807 362 4844 των
388 4793 481 4845 τοῦ
508 4789 763 4862 Χριστοῦ,
802 4807 819 4840 ι
860 4787 956 4840 σὺν
989 4786 1120 4855 ἡμῖν
1147 4785 1376 4853 γένηται
1417 4774 1513 4833 Exi
1545 4780 1638 4833 τὸν
1664 4780 1841 4851 παρὰ-

257 4879 433 4933 δεισον
479 4880 572 4933 τοῦ
627 4877 796 4944 Θεοῦ,
852 4874 1204 4937 ὑποδεικνὺς,
1253 4872 1396 4935 πῶς·
1427 4870 1493 4925 ἂν
1548 4870 1832 4942 διαδὺσητε

265 4988 285 5021 ι
324 4972 390 5026 τά
422 4972 685 5044 χερουϐἱμ
709 4971 804 5024 xui
830 4969 927 5041 τὴν
954 4967 1210 5037 φλογίνην
1241 4965 1534 5037 ῥομφαίαν,
1560 4963 1657 5034 τὴν
1684 4980 1836 5035 στρε-

262 5066 500 5134 φομένην
551 5064 645 5115 xui
687 5061 1059 5130 φυλάσσουσαν
1101 5059 1197 5128 τὴν
1230 5057 1348 5112 ὁδὸν
1386 5055 1480 5109 τοῦ
1532 5054 1687 5120 ξύλου
1734 5056 1832 5124 τῆς

1937 4406 2201 4462 incedens
2241 4407 2356 4474 ipse
2401 4418 2463 4459 os
2495 4402 2590 4457 tibi
2631 4403 2724 4458 det
2754 4414 2807 4458 et
2834 4403 3155 4473 sapientiam
3185 4420 3201 4470 ;
3237 4402 3333 4459 tibi
3367 4418 3502 4472 quo—

1937 4514 2041 4569 que
2068 4497 2383 4553 certaminis
2409 4496 2649 4565 ejusdem
2681 4496 2853 4561 socio,
2874 4495 3204 4561 Protoctete,
3237 4504 3291 4549 et
3324 4503 3504 4549 vester

1937 4591 1989 4644 in
2020 4588 2286 4659 martyrio
2310 4602 2539 4642 consors
2568 4605 2587 4637 ι
2619 4588 2708 4656 qui
2738 4584 3048 4653 adimpletis
3073 4600 3135 4639 ea
3160 4599 3281 4653 quae
3310 4584 3504 4639 desunt

1938 4681 2249 4749 passionum
2300 4678 2509 4735 Christi
2544 4679 2566 4711 ³
2596 4700 2615 4732 υ
2646 4679 2926 4733 vobiscum
2972 4677 3046 4731 sit
3085 4677 3150 4729 ad
3191 4676 3500 4744 paradisum

1941 4773 2032 4828 Dei
2058 4812 2075 4838 ,
2107 4772 2397 4827 ostendens
2431 4771 2703 4840 quomodo
2750 4767 3142 4839 pertranseatis
3171 4785 3189 4818 ‹
3219 4767 3499 4821 cherubim

1936 4874 1993 4921 et
2024 4865 2341 4919 ﬂammeum
2385 4863 2621 4931 gladium
2675 4869 2839 4927 atque
2882 4857 3192 4913 versatilem
3236 4866 3291 4913 et
3316 4866 3500 4913 custo-

1937 4960 2177 5014 dientem
2207 4957 2350 5010 viam
2384 4955 2513 5025 ligni
2546 4956 2667 5007 vita:
2699 4952 2743 5007 ⁸.
2774 4970 2793 5004 ι
2825 4951 2949 5006 litae
2979 4952 3123 5005 enim
3157 4951 3318 5005 ambo
3342 4991 3358 5016 ,
3395 4950 3498 5003 etsi

1940 5050 2082 5101 viam
2126 5045 2253 5115 ligni
2297 5046 2427 5106 vita:
2465 5042 2809 5109 custodiunt,
2854 5041 2978 5096 ideo
3021 5042 3375 5108 custodiunt,
3434 5054 3502 5094 ne

336 5237 790 5301 "Rom.vm,l8.
867 5236 885 5267 ¹
919 5236 956 5289 ιι
992 5237 1118 5292 Cor.
1149 5252 1201 5302 ιι,
1238 5234 1325 5291 18.
1402 5235 1424 5265 ’
1452 5232 1577 5301 Sap.
1609 5248 1691 5296 ιιι,
1722 5230 1777 5286 6.

1942 5230 2110 5284 ηυιοες.
2151 5242 2188 5290 I,
2217 5226 2307 5279 24.
2385 5225 2407 5256 ’⁵
2434 5225 2639 5279 Genes.
2677 5238 2763 5286 ιιι,
2796 5220 2891 5275 24.

335 5403 445 5472 (54)
477 5400 587 5455 Kal
638 5400 710 5451 οὐ
762 5395 911 5450 θεῶν
957 5395 1311 5463 ἔμπροσθεν.
1342 5392 1510 5447 Vocat
1557 5391 1617 5444 οὑ
1652 5389 1826 5472 θεοὺς,

271 5464 367 5547 τιοῇ
428 5464 606 5551 deos,
662 5488 799 5543 idola
861 5488 1120 5551 gentium.
1184 5485 1449 5539 llebraicc
1499 5464 1825 5543 D’H‘TNNB,

273 5559 412 5616 Isaize
444 5578 563 5631 cap.
594 5557 914 5631 xxxvrr,__l9.
960 5555 1160 5610 Confer
1207 5554 1493 5607 Deuteron.
1529 5568 1703 5613 χχχιι,
1742 5551 1825 5617 l7,

272 5634 360 5684 ctl
395 5628 524 5685 Cur;
559 5649 614 5692 χ,
651 5631 740 5683 20.
777 5628 1198 5682 Ἧετετιιειηιυε.

338 5704 443 5769 (ὖὸ)
477 5704 540 5754 El
578 5700 644 5752 δὲ
672 5701 931 5767 δόκιμος.
966 5697 1018 5749 ln
1059 5712 1159 5750 ms.
1185 5694 1356 5757 deest,
1388 5693 1455 5743 εἰ.

2007 5410 2118 5479 (56)
2150 5406 2678 5479 Συμμαρτιιοοῦσιν
2710 5405 2870 5473 ἡμῖν.
2920 5403 3065 5471 Lego
3097 5391 3502 5479 συμμαρτυρξῖιν

1936 5476 2081 5552 ὑμῖν.
2101 5476 2380 5533 Praeterea
2410 5491 2606 5552 moneo
2634 5476 2945 5552 frequenter
2977 5486 3062 5552 nte
3094 5480 3299 5546 mutare
3339 5477 3502 5552 III-ll:

1938 5532 2319 5615 trepretatione
2372 5560 2529 5599 voces
2585 5532 2748 5613 ἡμᾶς,
2800 5543 2950 5609 ἡμῖν,
3014 5536 3296 5615 ήμῶν,-ξιι
3346 5532 3502 5615 ὑμεῖς

1936 5606 2100 5689 ὑμεῖς,
2129 5620 2254 5688 ὑμῖν
2289 5615 2459 5689 ὑμῶν,
2503 5625 2558 5666 et
2598 5606 2712 5689 vice
2743 5606 2919 5671 verita,
2956 5609 3163 5676 quoties
3211 5606 3261 5660 id
3314 5609 3500 5656 sensus

1937 5682 2269 5744 cbuuuodior
2300 5682 2576 5751 requirere
2612 5682 2840 5733 videtur.
