3988 6156
465 247 562 304 (ill

1944 241 2267 299 ORIGENIS

3616 243 3755 297 612

465 367 592 435 quis
619 364 875 435 indignus
907 366 1051 419 illam
1082 375 1429 436 pertranseat
1464 374 1519 421 et
1550 366 1618 420 ad
1661 365 1866 432 lignum
1910 365 2033 418 vita:

2141 360 2300 432 ζωῆς.
2344 379 2362 412 ι
2399 360 2582 414 Ταῦτα
2613 361 2722 432 γὰρ
2768 360 3069 432 ἀμφότερα,
3105 362 3155 413 εἰ
3192 361 3286 413 καὶ
3319 360 3580 429 φυλάσσει
3623 364 3755 432 τὴν

468 459 671 512 audeat
703 461 990 512 accedere.
1023 457 1336 512 Flumineus
1369 458 1514 512 enim
1553 458 1766 526 gladius
1793 471 1886 510 eos
1918 471 2040 524 pro-

469 548 678 602 hibebit
708 550 798 616 qui
833 567 852 600 ι
875 564 1038 616 super
1077 548 1492 602 fundamentum
1523 549 1664 616 quod
1695 547 1928 616 positum
1957 554 2041 599 est

466 637 651 693 Iesum
695 639 964 692 Christum
996 640 1556 708 supermdiﬁeaverint
1609 639 1774 709 ligna,
1819 638 2037 700 fenum,

449 734 561 802 _aut
587 726 836 792 stipulam
867 725 890 756 ⁵
921 745 939 777 ι
973 738 1026 779 et
1055 727 1196 794 quod
1227 728 1465 782 maxime
1498 723 1739 782 omnium
1769 735 1821 781 et
1851 727 1916 779 ad
1952 741 2043 780 ac-

468 815 800 868 cendendum
845 824 903 870 et
946 817 1013 869 ad
1059 817 1491 872 comburendum
1545 819 1799 873 idoneum
1831 831 1943 885 est,
1977 818 2040 870 li-

466 920 664 973 gnum,
713 915 773 958 ut
818 906 890 958 ita
938 906 1155 975 loquar,
1202 909 1538 978 negationis;
1585 909 1864 963 cherubim
1912 924 2040 962 vero

465 1011 559 1048 eos
602 996 690 1062 qui
727 997 798 1049 ita
831 999 1129 1065 comparati
1164 1013 1268 1051 non
1297 1009 1423 1052 sunt
1448 1008 1506 1052 ut
1533 1015 1561 1052 a
1589 997 1836 1053 ﬂammeo
1862 999 2038 1066 gladio

464 1097 847 1149 coerceantur,
881 1103 1004 1141 cum
1041 1089 1176 1141 nihil
1211 1089 1602 1143 a-dilieaverint
1644 1091 1784 1158 quod
1830 1091 1927 1159 ipsi
1960 1090 2036 1144 af~

463 1179 574 1233 fine
603 1179 712 1244 sit,
745 1181 1048 1248 suscipicnt
1080 1191 1135 1234 et
1167 1182 1470 1251 perducent
1501 1183 1565 1236 ad
1599 1182 1802 1252 lignum
1836 1183 1958 1236 vita:
1985 1190 2039 1234 et

465 1271 530 1324 ad
561 1286 622 1325 ea
651 1274 834 1326 omnia
867 1287 991 1340 quae
1022 1272 1282 1340 plantavit
1316 1275 1459 1329 Deus
1494 1275 1545 1327 in
1579 1275 1790 1328 oriente
1835 1275 2036 1344 produ-

465 1364 651 1433 xitque
684 1365 748 1418 de
783 1365 944 1418 humo
973 1365 1014 1419 °.
1046 1363 1173 1419 Jesu
1202 1375 1382 1421 autem
1413 1367 1517 1420 iter
1547 1367 1822 1420 vobiscum
1854 1367 1918 1420 ad
1947 1382 2039 1434 pa-

465 1454 708 1506 radisum
741 1453 998 1516 faciente,
1029 1455 1390 1509 conlemnetis
1413 1468 1720 1522 serpentem
1741 1457 1830 1523 qui
1865 1457 2036 1510 victus

465 1553 551 1597 est
593 1553 649 1596 et
693 1545 960 1597 contritus
1003 1544 1102 1598 sub
1153 1545 1379 1613 pedibus
1432 1545 1561 1600 Jesu
1587 1586 1601 1609 ,
1645 1555 1699 1598 et
1736 1561 1831 1616 per
1863 1547 2034 1616 ipsum

467 1633 632 1688 etiam
666 1634 764 1688 sub
794 1634 1021 1702 pedibus
1054 1637 1282 1689 vestris:
1315 1654 1333 1686 ι
1363 1650 1484 1689 cum
1530 1636 1739 1689 dederit
1767 1638 1924 1690 nobis
1950 1653 2038 1704 po—

2142 453 2260 504 όδὸν
2289 451 2382 504 τοῦ
2415 451 2571 516 ξύλου
2609 453 2706 522 τῆς
2743 452 2905 522 ζωῆς,
2945 451 3224 519 φυλάσσει,
3257 453 3340 503 ἵνα
3388 452 3576 522 μηδεὶς
3607 455 3758 506 ἀνά-

2145 541 2258 608 ξιος
2290 545 2568 614 ἐπιτραπῇ
2603 544 2700 614 τὴν
2741 544 2909 613 αὐτὴν
2942 543 3161 595 διελθὼν
3194 543 3365 596 ἐλθεῖν
3399 545 3492 596 ἐπί
3541 544 3602 596 τὸ
3645 544 3754 609 Et}-

2141 635 2231 687 λον
2260 635 2359 704 τῆς
2393 634 2556 705 ζωῆς.
2598 637 2664 686 Ἡ
2701 637 2799 704 μὲν
2833 636 2936 707 γάρ
2979 635 3200 706 φλογίνη
3235 637 3476 705 ῥομφαία
3512 636 3752 701 καθέξει

2148 743 2166 774 ι
2201 725 2327 786 τοὺς
2363 724 2890 792 ἐποικοδομήσαντας
2923 721 3001 792 τῷ
3027 722 3259 791 κειμένῳ
3286 721 3520 792 θεμελίῳ
3554 721 3748 792 Ἰησοῦ

2141 813 2361 885 Χριστῷ
2391 813 2541 879 ξύλα,
2575 813 2842 884 ἢχόρτον,
2873 812 2904 882 ἢ
2934 812 3204 882 καλάμην,
3241 831 3258 862 ι
3292 813 3387 864 καὶ
3438 812 3498 863 τὸ
3541 811 3748 864 εὐκαυ·

2143 907 2392 958 στότατον
2421 906 2513 956 καὶ
2545 904 2636 956 ἐπὶ
2666 904 2848 956 πλεῖον
2880 904 3164 972 καιόμενον
3193 902 3349 967 ξύλον
3385 903 3498 972 τῆς,
3535 904 3598 954 ἵν’
3629 903 3741 954 οὖ-

2140 1014 2247 1059 τως
2299 996 2571 1066 ὀνομάσω,
2604 997 2918 1066 ἀρνήσεωςο
2968 995 3034 1048 τά
3074 995 3130 1047 δὲ
3179 995 3443 1065 χερουϐὶμ
3489 996 3614 1058 τοὺς
3661 997 3741 1048 οὐ

2140 1091 2450 1160 πεφυκότας
2489 1089 2806 1160 κρατεῖσθαι
2856 1088 2959 1140 ὑπὸ
2994 1089 3090 1158 τῆς
3125 1087 3380 1158 φλογίνής
3427 1088 3736 1159 ῥομφαίας,

2137 1183 2214 1252 τῷ
2267 1181 2430 1252 μηδὲν
2476 1181 2731 1249 συγγενὲς
2794 1180 2928 1250 αύτῇ
2985 1179 3430 1249 ιξικοδομηκέναι,
3492 1180 3737 1250 παραλαμ-

2139 1273 2321 1336 ϐόντα,
2345 1271 2706 1344 παραπέμψει
2729 1270 2820 1322 ἐπὶ
2842 1270 2903 1322 τὸ
2929 1271 3027 1340 τῆς
3053 1269 3199 1338 ζωῆς
3224 1268 3398 1332 ξύλον,
3416 1271 3511 1322 καὶ
3548 1271 3739 1323 πάντα

2139 1365 2175 1418 ἀ
2210 1364 2502 1433 ἐφύτευσεν
2530 1365 2558 1416 6
2590 1363 2721 1426 Θεὸς
2762 1365 2818 1415 ἐν
2846 1364 2962 1424 ταῖς
2993 1361 3298 1426 ἀνατολαῖς,
3333 1362 3426 1414 καὶ
3461 1362 3731 1425 ἐξανέτει-

2137 1455 2226 1508 λεν
2260 1458 2324 1509 ἐκ
2351 1457 2449 1526 τῆς
2473 1457 2594 1525 γῆς.
2637 1453 2811 1524 Ἰησοῦ
2851 1453 2908 1506 δέ
2942 1453 3311 1516 συνοδεύοντος
3346 1456 3475 1523 ὑμῖν
3509 1455 3601 1506 ἐπὶ
3632 1455 3736 1508 τὸν

2137 1550 2481 1621 παράδεισον,
2526 1550 2964 1618 καταφρονήσετε
3010 1547 3100 1600 τοῦ
3150 1547 3325 1616 ὄφεως
3370 1551 3734 1619 νενικημένου

2139 1642 2231 1694 καὶ
2266 1641 2640 1711 συντριϐέντος
2671 1640 2777 1692 ὑπὸ
2807 1641 2932 1702 τοὺς
2961 1639 3136 1708 Ἰησοῦ
3179 1639 3368 1703 πόδας,
3398 1641 3494 1694 καὶ
3536 1641 3600 1692 δι’
3629 1643 3740 1694 afa-

472 1733 724 1778 testatetn
757 1723 1002 1778 ealcandi
1035 1741 1199 1794 super
1231 1735 1514 1794 serpentes
1553 1734 1608 1780 et
1646 1726 1957 1794 scorpiones
1984 1735 2035 1782 et

2141 1733 2231 1785 τὸν
2267 1733 2374 1803 (57)
2401 1705 2496 1784 καὶ
2525 1731 2630 1784 ὑπὸ
2685 1732 2810 1794 τοὺς
2842 1705 3174 1801 ἡμετέρους·
3217 1750 3236 1781 ι
3271 1731 3562 1794 δεδωκότος
3594 1734 3738 1800 ἡμῖν

466 1830 629 1882 super
646 1831 859 1870 omnem
888 1817 1144 1872 virtutem
1169 1817 1410 1884 inimici,
1438 1827 1494 1872 ut
1515 1817 1650 1872 nihil
1674 1819 1829 1874 vobis
1851 1834 2037 1874 eorum

467 1916 660 1962 noceat
712 1908 754 1959 ⁷.
791 1921 810 1958 5

535 2089 625 2143 57.
664 2089 850 2157 Neque
895 2088 1059 2156 igitur
1108 2088 1390 2156 negandus
1437 2094 1520 2142 est
1565 2086 1740 2141 Filius
1779 2085 1907 2150 Dei,
1941 2100 2042 2140 nec

466 2181 872 2235 erubescendus
917 2179 1067 2243 ipse,
1111 2188 1204 2232 aut
1253 2193 1539 2232 sermones
1573 2177 1734 2247 ejus;
1786 2179 1879 2231 sed
1910 2177 2040 2230 illud

468 2271 800 2326 audiendum
847 2277 931 2323 est
960 2284 974 2322 :
1009 2289 1026 2321 ι
1060 2269 1162 2335 Qui
1211 2268 1490 2340 negaverit
1535 2285 1621 2323 me
1654 2283 1838 2322 coram
1871 2268 2036 2321 homi-

465 2359 656 2428 nibus,
695 2362 904 2430 negabo
938 2370 992 2414 et
1023 2376 1124 2430 ego
1163 2375 1288 2414 eum
1342 2375 1524 2413 coram
1571 2358 1735 2414 Patre
1784 2375 1903 2413 meo
1948 2359 2039 2428 qui

465 2453 518 2506 in
545 2453 698 2506 caelis
731 2463 814 2506 est
847 2453 904 2517 3;
937 2472 956 2505 ι
983 2462 1038 2507 et
1066 2453 1197 2505 illud
1225 2468 1240 2506 :
1277 2469 1295 2503 ι
1329 2451 1473 2505 Nam'
1493 2451 1584 2521 qui
1636 2467 1722 2506 me
1763 2451 2042 2506 erubuerit

462 2556 520 2599 et
547 2561 695 2600 meos
729 2559 1044 2608 sermones,
1073 2547 1217 2599 hunc
1248 2543 1415 2598 Filius
1446 2543 1681 2598 hominis
1711 2543 2039 2608 erubescet,

465 2653 586 2692 cum
633 2639 846 2692 venerit
895 2639 948 2692 in
995 2638 1164 2707 gloria
1215 2652 1348 2702 sua,
1389 2645 1443 2690 et
1486 2637 1694 2700 Patris,
1737 2644 1792 2690 et
1821 2645 2041 2690 sancto-

465 2743 585 2781 rum
619 2729 932 2800 angelorum
1001 2729 1022 2760 ’
1051 2746 1066 2795 ;
1106 2747 1124 2780 ι
1152 2737 1208 2782 et
1237 2743 1251 2781 :
1293 2745 1312 2780 ι
1344 2727 1502 2784 Jesus
1532 2728 1791 2783 sustinuit
1823 2742 2039 2781 crucem

467 2820 793 2874 confusione
842 2828 1180 2890 contempta,
1231 2830 1395 2890 atque
1445 2821 1566 2874 ideo
1598 2821 1651 2874 in
1683 2819 1910 2874 dextera
1943 2818 2039 2872 Dei

466 2911 617 2964 sedet
651 2911 740 2963 "2
775 2929 794 2962 ι
829 2919 883 2965 et
933 2911 1235 2966 imitatores
1277 2910 1392 2978 ejus
1437 2911 1756 2965 confusione
1796 2919 2042 2964 contem»

2142 1821 2387 1888 ἐξουσίαν
2433 1827 2620 1876 πατεῖν
2672 1823 2857 1876 ἐπάνω
2915 1824 3088 1890 ὄφεων
3131 1823 3226 1876 καὶ
3283 1825 3578 1894 σκορπίων,
3633 1826 3736 1876 καὶ

2142 1919 2233 1970 ἐπὶ
2281 1919 2458 1970 πᾶσαν
2483 1918 2581 1986 τὴν
2611 1916 2839 1985 δύναμιν
2870 1915 2962 1968 τοῦ
2992 1914 3210 1985 ἐχθροῦ,
3239 1915 3327 1968 ἴνα
3371 1915 3537 1985 μηδὲν
3582 1917 3736 1986 ὑμᾶς

2146 2011 2260 2082 (58)
2292 2011 2468 2063 αὐτῶν
2501 2010 2754 2080 ἀδικήσῃ.
2791 2027 2809 2060 ι

2212 2104 2338 2157 οῦτ⁹
2368 2101 2459 2158 οῦν
2489 2105 2750 2177 ἀρνήτέον
2781 2104 2872 2157 τὸν
2926 2103 3054 2157 Υἱὺν
3085 2103 3180 2156 τοῦ
3231 2103 3388 2169 Θεοῦ,
3416 2102 3540 2156 οῦτε
3578 2105 3737 2157 ἐπαι-

2144 2197 2394 2267 σχυντέον
2420 2197 2604 2258 αὐτὸν,
2634 2197 2665 2266 ἢ
2695 2196 2819 2260 τοὺς
2847 2193 3038 2263 λόγους
3075 2195 3261 2260 αὑτοῦ,
3288 2195 3403 2249 ἀλλ’
3434 2197 3733 2250 ἀκουστέον

2141 2288 2324 2340 τοῦδε·
2365 2305 2383 2337 ι
2419 2288 2606 2351 Ὅστις
2654 2286 2698 2338 δ’
2742 2285 2806 2338 ἂν
2841 2286 3232 2357 ἀπαρνήσεταί
3293 2304 3359 2356 με
3418 2287 3736 2358 ἔμπροσθεν

2141 2383 2248 2433 τῶν
2279 2379 2598 2451 ἀνθρώπων,
2629 2381 3014 2451 ἀπαρνήσομαι
3047 2379 3200 2448 κάγὼ
3227 2380 3389 2433 αὐτὸν
3415 2381 3728 2452 ἔμπροσθεν

2142 2471 2234 2524 τοῦ
2263 2471 2475 2543 Πατρός
2516 2489 2615 2542 μου
2667 2470 2759 2523 τοῦ
2815 2474 2871 2524 ἐν
2916 2475 3030 2534 τοῖς
3077 2472 3364 2542 οὐρανοῖς·
3405 2491 3423 2523 ι
3458 2471 3553 2525 καὶ
3596 2472 3727 2524 τοῦ’

2149 2584 2166 2615 ι
2212 2567 2306 2628 Ὃς
2339 2565 2445 2635 γὰρ
2474 2565 2538 2617 ἂν
2571 2563 2903 2634 ἐπαισχυνθῇ
2954 2563 3054 2634 ἐμὲ
3103 2564 3198 2616 καὶ
3233 2565 3356 2627 τοὺς
3397 2565 3563 2634 ἐμοὺς
3593 2566 3727 2633 (59),

2140 2656 2327 2709 τοῦτον
2357 2659 2385 2709 6
2425 2656 2550 2718 Υἱὸς
2593 2655 2687 2708 τοῦ
2722 2654 3010 2726 ἀνθρώπου
3059 2657 3570 2726 ἐπαισχυνθήσεται,
3595 2659 3732 2710 ὅταν

2141 2747 2267 2819 ἔλθῃ
2322 2750 2376 2800 ἐν
2424 2751 2491 2818 τῇ
2533 2747 2658 2818 δόξῃ
2703 2747 2888 2811 αὐτοῦ,
2939 2749 3032 2800 καὶ
3078 2746 3172 2800 τοῦ
3203 2748 3435 2820 Πατρὸς,
3473 2750 3567 2801 καὶ
3616 2748 3732 2802 τῶν

2141 2840 2310 2907 ἁγίων
2343 2840 2621 2908 ἀγγέλων·
2659 2858 2677 2890 ι
2713 2842 2808 2893 καὶ
2843 2857 2860 2889 ι
2893 2841 2921 2892 6
2963 2839 3167 2910 Ἰησοῦς
3196 2840 3251 2892 δέ
3281 2857 3410 2892 ποτε
3464 2840 3730 2910 ὑπέμεινε

2145 2930 2398 3001 σταυρὸν,
2427 2929 2688 3000 αἰσχύνης
2710 2933 3148 3002 καταφρονήσας,
3165 2933 3258 2984 καὶ
3279 2931 3364 2985 διὰ
3384 2931 3541 2984 τοῦτο
3563 2931 3730 2985 ἐκάθ-

465 3008 558 3068 pta
590 2999 903 3053 assidebunt
937 3000 984 3052 ei
1012 3038 1027 3063 ,
1061 3011 1115 3055 ct
1145 3015 1266 3054 cum
1296 3015 1361 3056 eo
1405 3000 1708 3068 regnabant
1751 3000 1804 3052 in
1850 2999 2035 3066 caelis;

2147 3039 2256 3074 ισεν
2289 2999 2352 3074 ἐν
2399 2999 2552 3092 δεξιᾷ
2602 2999 2696 3074 τοῦ
2725 2999 2939 3074 Θεοῦ..)
2975 2999 3084 3075 Καὶ
3115 3023 3165 3075 οί
3199 3022 3434 3094 μιμηταὶ
3465 3022 3521 3074 δὲ
3559 3022 3729 3076 αὑτοῦ

467 3106 588 3144 cum
636 3106 741 3156 eo,
799 3091 1016 3158 inquam
1047 3131 1062 3155 ,
1118 3092 1207 3160 qui
1242 3109 1261 3142 ι
1295 3092 1443 3145 venit
1503 3106 1608 3145 non
1663 3106 1850 3158 pacem
1903 3093 2032 3144 mit-

469 3190 584 3233 tere
645 3179 698 3232 iu
763 3189 1008 3245 terram,
1075 3181 1170 3233 sed
1239 3180 1473 3250 gladium
1528 3180 1596 3234 “.
1637 3180 1823 3235 iCum
1890 3182 2032 3234 enim

472 3289 490 3320 ι
528 3270 681 3324 vivus
721 3269 792 3322 sit
839 3283 1018 3322 sermo
1065 3271 1157 3322 Dei
1204 3279 1258 3325 et
1309 3270 1500 3325 efﬁcax
1549 3280 1603 3326 et
1647 3271 2034 3339 penetrabilior

465 3361 610 3414 muni
665 3361 847 3430 gladio
892 3360 1116 3429 ancipiti
1165 3370 1220 3416 et
1269 3361 1584 3430 pertingens
1632 3377 1803 3430 usque
1843 3363 1909 3417 ad
1954 3362 2035 3415 di-

465 3453 728 3506 visionem
782 3453 979 3506 anima:
1031 3461 1086 3507 et
1135 3452 1401 3521 spiritus,
1451 3468 1771 3523 compagum
1821 3469 2035 3524 quoque

466 3559 529 3598 ac
558 3544 938 3608 medullarum,
972 3555 1025 3598 et
1053 3544 1319 3599 discrelor
1347 3545 1732 3615 cogitationum
1771 3555 1824 3601 et
1854 3547 2034 3600 inten-

465 3637 673 3690 tiouum
715 3637 895 3690 cordis
925 3637 971 3668 ¹³
1005 3652 1019 3700 ;
1054 3655 1071 3687 ι
1109 3636 1197 3690 hic
1229 3652 1370 3691 nunc
1403 3639 1640 3692 maxime
1684 3653 1872 3708 pacem
1915 3653 2035 3706 quae

467 3734 757 3794 exsuperat
819 3741 1036 3781 omnem
1098 3741 1321 3782 sensum
1382 3742 1547 3795 quam
1603 3728 1719 3783 suis
1775 3728 2035 3796 apostolis

466 3816 634 3886 299
665 3817 896 3884 reliquit,
935 3816 1216 3885 praemium
1265 3817 1549 3872 animabus
1583 3819 1786 3872 nostris
1836 3832 2037 3886 propo-

469 3908 580 3970 nit;
617 3906 852 3974 gladium
887 3917 1068 3960 autem
1121 3907 1269 3961 misit
1307 3909 1451 3963 inter
1486 3910 1776 3979 imaginem
1831 3911 2037 3964 terreni

467 4007 520 4050 et
569 3999 856 4067 imaginem
890 3999 1150 4064 caelestis,
1191 4011 1249 4054 ut
1293 4015 1413 4054 eum
1457 4001 1561 4054 hoc
1603 4011 1840 4069 tempore
1875 4001 2040 4055 etsie-

467 4099 603 4143 stem
651 4100 894 4144 nostrum
928 4091 1200 4145 hominem
1234 4093 1556 4162 susceperit,
1593 4109 1689 4148 nos
1719 4095 1912 4148 deinde
1953 4097 2040 4148 di--

465 4195 598 4248 gnos
628 4181 739 4251 jam
773 4198 876 4236 non
913 4183 1099 4247 dividi,
1131 4183 1296 4238 faciat
1332 4184 1552 4238 omnino
1601 4185 1873 4240 caelestes.
1919 4185 2035 4240 Nec

464 4275 695 4342 gladiqu
734 4287 943 4331 tantum
999 4277 1146 4330 venit
1193 4277 1409 4330 mittere
1459 4277 1511 4330 in
1562 4285 1758 4330 terram
1790 4317 1804 4341 ,
1859 4279 1951 4332 sed
1986 4286 2040 4330 et

2134 3112 2393 3184 αἰσχύνης
2430 3113 2914 3195 καταφρονοῦντες,
2947 3115 3397 3183 συγκαθεδοῦνται
3439 3115 3608 3185 αὐτῷ,
3631 3116 3730 3169 καὶ

2136 3205 2651 3276 συμϐασιλεύσουσιν
2697 3209 2754 3259 ἐν
2795 3209 2904 3268 τοῖς
2940 3207 3189 3277 οὐρανοῖς
3224 3207 3302 3277 τῷ
3330 3227 3348 3258 ι
3387 3207 3592 3261 ἐλθόντι
3627 3208 3727 3261 οὐκ

2135 3299 2361 3370 εἰρήνην
2395 3301 2486 3352 ἐπὶ
2511 3300 2608 3370 τὴν
2638 3300 2740 3368 γῆν
2771 3298 2973 3369 βαλεῖν,
3001 3300 3135 3352 ἀλλά
3178 3300 3466 3371 μάχαιραν.
3508 3319 3527 3351 ι
3572 3300 3727 3354 Ἐπεὶ

2135 3390 2242 3458 γὰρ
2263 3410 2280 3440 ι
2305 3391 2332 3442 6
2357 3390 2512 3458 λόγος
2527 3390 2620 3443 τοῦ
2642 3390 2776 3442 Θεοῦ
2802 3389 2908 3454 ζῶν
2930 3391 3023 3443 καὶ
3045 3393 3128 3443 ἐνε
3138 3391 3273 3462 ργὴς
3297 3392 3390 3444 καὶ
3412 3392 3727 3463 τομώτερος

2137 3482 2276 3552 ὑπὲρ
2322 3483 2500 3534 πᾶσαν
2560 3482 2832 3552 μάχαιραν
2882 3481 3153 3552 δίστομον,
3206 3483 3299 3534 καὶ
3354 3481 3729 3552 διικνούμενος

2136 3571 2261 3641 ἄχρι
2316 3571 2581 3642 μερισμοῦ
2638 3571 2816 3641 ψυχῆς
2865 3571 2958 3625 καὶ
3015 3572 3353 3641 πνεύματος,
3416 3572 3611 3643 ἁρμῶν
3664 3590 3726 3626 τε

2138 3664 2232 3715 καὶ
2280 3662 2511 3732 μυελῶν,
2550 3664 2643 3715 καὶ
2684 3663 2924 3734 κριτικὸς
2970 3663 3314 3734 ἐνθυμήσεων
3363 3663 3456 3716 καὶ
3509 3664 3726 3717 ἐννοιῶν

2138 3750 2396 3822 καρδίαςο
2435 3771 2452 3801 ι
2483 3744 2638 3816 οὗτος
2665 3752 2896 3822 μάλιστα
2922 3751 3014 3806 νῦν
3046 3754 3264 3824 εἰρήνην
3297 3753 3394 3822 μὲν
3427 3753 3524 3822 τὴν
3552 3752 3724 3823 ὑπερ·

2142 3842 2366 3912 έχουσαν
2423 3844 2602 3896 πάντα
2656 3843 2814 3908 νοῦν,
2881 3845 2946 3913 ἢν
3007 3845 3186 3912 ἀφῆκε
3244 3845 3356 3906 τοῖς
3408 3843 3726 3906 ἀποστόλοις

2143 3932 2360 3995 ἐαυτοῦ,
2411 3932 2661 4003 βραϐεύει
2694 3936 2814 3996 ταῖς
2861 3932 3059 4002 ψυχαῖς
3107 3932 3292 4003 ήμῶνο
3345 3933 3616 4004 μάχαιραν
3668 3931 3726 3984 δὲ

2141 4021 2300 4074 ἔϐαλε
2348 4021 2549 4091 μεταξὺ
2580 4023 2678 4092 τῆς
2720 4021 2813 4074 τοῦ
2843 4021 3026 4091 χοϊκοῦ
3071 4023 3276 4084 εἰκόνος
3306 4023 3398 4074 καί
3427 4022 3520 4074 τοῦ
3555 4024 3690 4073 ἐπου
3719 4058 3722 4061 -

2143 4114 2345 4186 ρανίου,
2393 4115 2458 4166 ἵν’
2491 4116 2583 4166 ἐπὶ
2613 4113 2706 4166 τοῦ
2763 4112 3026 4181 παρόντος
3067 4112 3156 4166 τὸν
3204 4114 3525 4184 ἐπουράνιον
3561 4111 3716 4182 ήμῶν

2145 4200 2496 4272 παραλαϐὼν,
2545 4201 2769 4271 ὕστερον
2802 4200 2982 4263 ἀξίους
3024 4200 3349 4270 γενομένους
3381 4199 3475 4252 τοῦ
3522 4201 3596 4271 μὴ
3647 4200 3723 4252 δι-

2141 4291 2502 4362 χοτομηθῆναι
2558 4293 2724 4362 ἡμᾶς,
2775 4291 2832 4354 ἐξ
2873 4289 3010 4342 ὅλων
3079 4293 3278 4363 ποιήσῃ
3345 4292 3718 4362 ἐπουρανίους.

465 4366 664 4434 ignem,
689 4367 754 4421 de
791 4385 895 4438 quo
927 4369 1106 4422 dixit:
1147 4386 1165 4420 ι
1193 4368 1331 4434 Quid
1369 4368 1490 4422 volo
1525 4369 1628 4422 nisi
1668 4379 1727 4422 ut
1760 4369 2030 4422 accenda-

2141 4383 2240 4435 Καὶ
2283 4382 2343 4433 ού
2391 4382 2550 4450 μόνον
2609 4382 2884 4451 μάχαιραν
2927 4376 3058 4450 ἦλθε
3106 4381 3284 4450 βαλεῖν
3332 4382 3424 4434 ἐπὶ
3467 4383 3565 4451 τὴν
3597 4382 3720 4451 γῆν,

467 4458 702 4510 tur”?!
752 4461 1096 4513 Accendatur
1144 4459 1308 4528 igitur
1355 4460 1444 4513 hic
1491 4461 1629 4529 ignis
1663 4470 1718 4515 et
1767 4461 1818 4514 in
1856 4461 2025 4525 vobis,

464 4547 744 4616 deleatque
775 4560 1017 4604 terrenas
1056 4566 1242 4604 omnes
1267 4561 1323 4605 et
1361 4555 1609 4620 corporis
1641 4554 1847 4607 amicas
1879 4552 2028 4621 cogi-

469 4640 715 4701 tationes,
743 4651 796 4694 et
825 4643 1092 4707 baptismo
1123 4657 1250 4708 quo,
1285 4658 1456 4710 usque
1490 4645 1616 4696 dum
1653 4643 2026 4710 perficeretur,

465 4731 842 4783 coarctabatur
869 4730 1048 4795 Jcsus,
1075 4731 1430 4787 libentissime
1463 4733 1837 4799 baptizemini.
1866 4734 1940 4785 Ac
1973 4744 2028 4785 tu

467 4821 685 4890 quidem
716 4823 806 4890 qui
836 4833 889 4876 et
918 4839 1140 4877 uxorem
1180 4824 1368 4889 habes,
1395 4833 1450 4876 et
1480 4823 1700 4886 liberos,
1729 4833 1783 4876 et
1812 4823 2026 4889 fratres,

465 4904 521 4964 et
564 4925 811 4974 sorores,
857 4925 1128 4968 memento
1185 4914 1341 4982 hujus
1390 4915 1696 4969 sermonis:
1739 4931 1757 4965 ι
1802 4916 1856 4968 Si
1911 4916 2033 4981 quis

464 5003 619 5053 venit
647 5003 712 5055 ad
754 5017 856 5067 me,
890 5015 944 5058 ct
983 5021 1086 5060 non
1134 5009 1248 5059 odit
1281 5017 1524 5074 patrem,
1569 5014 1624 5059 et
1675 5016 1938 5068 matrem,
1980 5015 2031 5059 et

466 5105 710 5155 uxorem,
738 5103 792 5146 et
823 5093 1041 5157 liberos,
1073 5107 1126 5150 et
1172 5096 1387 5161 fratres,
1431 5106 1485 5150 et
1519 5111 1759 5159 sorores,
1794 5113 1898 5149 non
1937 5113 2032 5164 po—

467 5192 571 5238 test
615 5199 764 5239 mcus
809 5200 928 5239 esse
973 5187 1374 5256 discipulus”;
1403 5207 1420 5239 ι
1461 5187 1621 5241 ambo
1654 5199 1835 5241 autem
1887 5189 2030 5242 illius

533 5322 554 5353 '
580 5323 592 5374 l
619 5322 741 5378 Cor.
773 5341 857 5383 Ill,
890 5323 969 5376 l2.
1069 5327 1088 5357 ⁶
1119 5325 1316 5379 Cenes.
1356 5341 1416 5388 It,
1450 5326 1504 5388 8,
1537 5325 1590 5378 9.

466 5391 506 5422 ¹¹
542 5391 728 5450 Matth.
755 5397 914 5458 x,51.
994 5397 1036 5426 ¹²
1069 5395 1230 5450 liehr.
1261 5411 1330 5460 tv,
1369 5399 1458 5449 12.
1536 5395 1579 5426 “
1615 5395 1743 5448 Luc.
1785 5411 1881 5461 xu,
1909 5398 1997 5451 49.

535 5530 647 5603 (57)
672 5537 883 5603 Αὐτόν.
919 5534 1082 5588 Forte
1116 5535 1418 5603 legendum,
1449 5531 1635 5587 αὑτοῦ.

684 5602 874 5675 ξηιᾶς.
908 5604 1070 5675 Forte
1099 5602 1398 5675 legendum,
1433 5608 1598 5675 ἡμᾶς.

536 5671 644 5740 (39)
681 5671 907 5741 Ἐμούς.
945 5674 1196 5745 Vulgatus
1237 5674 1393 5731 Luc-tr
1436 5671 1614 5729 textus
1655 5672 1874 5728 Graecus
1916 5682 2035 5740 post

1690 5327 1708 5355 ⁷
1734 5325 1863 5378 Luc.
1899 5343 1950 5388 Χ,
2001 5329 2085 5382 19.

2077 5401 2120 5432 ³⁸
2147 5403 2280 5460 Luc.
2313 5424 2421 5472 xw,
2452 5409 2542 5460 26.

2137 4471 2271 4524 ἀλλά
2295 4474 2386 4524 καὶ
2414 4471 2542 4542 πῦρ,
2576 4473 2700 4542 περὶ
2733 4467 2792 4524 οῦ
2825 4487 2985 4540 φησισ
3019 4490 3036 4521 ι
3066 4471 3216 4523 Θέλω
3249 4472 3296 4524 εί
3319 4471 3419 4542 ἤδη
3447 4472 3714 4542 ἀνήφθη.»

2150 4561 2466 4630 Ἀναφθήτω
2511 4561 2798 4631 τοιγαροῦν
2841 4561 2998 4613 τοῦτο
3045 4561 3106 4614 τὸ
3154 4562 3264 4633 πῦρ
3323 4563 3418 4614 καὶ
3463 4564 3520 4615 ἐν
3570 4563 3716 4631 ύμῖν,

2136 4652 2454 4720 ἐξαφανίςον
2491 4652 2667 4716 πάντα
2708 4653 2893 4721 γήϊνον
2920 4653 3012 4704 καὶ
3052 4651 3422 4722 φιλοσώματον
3463 4651 3717 4723 λογισμὸν

2138 4744 2290 4814 ὑμῶν
2311 4760 2322 4772 ·
2360 4744 2452 4796 καὶ
2483 4744 2543 4795 τὸ
2573 4743 2856 4813 βάπτισμα
2886 4744 3013 4814 περὶ
3036 4737 3095 4796 οὗ
3136 4743 3163 4793 6
3203 4741 3408 4810 Ἰησοῦς
3445 4741 3718 4812 συνείχετο

2134 4833 2240 4894 ἐως
2283 4831 2529 4902 τελεσθῇ,
2583 4831 2720 4901 μετά
2771 4831 2951 4901 πάσης
2996 4830 3302 4902 προθυμίας
3359 4830 3713 4899 βαπτίσασθε.

2137 4924 2247 4976 Καὶ
2280 4925 2347 4975 σὺ
2392 4925 2489 4993 μὲν
2522 4925 2549 4975 6
2579 4923 2716 4994 ἔχων
2765 4926 3016 4992 γυναῖκα,
3058 4923 3150 4975 καὶ
3187 4921 3374 4984 τέκνα,
3421 4923 3514 4974 καὶ
3569 4923 3717 4975 ἁδελ-

2139 5015 2270 5081 φοὺς
2291 5053 2304 5076 ,
2351 5015 2446 5066 καί
2481 5014 2735 5083 ἀδελφὰς,
2793 5015 3041 5085 μέμνησο
3093 5012 3218 5064 τοῦ·
3261 5030 3278 5062 ι
3309 5012 3379 5064 Εἴ
3399 5029 3480 5075 τις
3505 5013 3716 5082 ἔρχεται

2139 5103 2274 5172 πρὸς
2303 5106 2388 5174 μέ,
2421 5107 2514 5158 καὶ
2551 5107 2611 5158 ού
2651 5109 2798 5176 μισεῖ
2823 5107 2913 5158 τὸν
2946 5106 3178 5176 πατέρα,
3217 5103 3308 5156 καὶ
3345 5103 3440 5174 τὴν
3484 5104 3713 5174 μητέρα,

2138 5197 2230 5248 καὶ
2259 5196 2355 5266 τὴν
2381 5199 2632 5264 γυναῖκα,
2667 5199 2760 5250 καὶ
2793 5197 2862 5249 τά
2887 5196 3074 5259 τέκνα,
3119 5197 3210 5248 καὶ
3256 5197 3380 5258 τοὺς
3424 5194 3713 5262 ἀδελφοὺς,

2133 5344 2168 5420 ’1
2192 5335 2213 5366 ⁸
2245 5335 2531 5420 Matth.3_,
2565 5338 2651 5391 55.
2756 5339 2776 5370 ⁹
2804 5337 2934 5393 Luc.
2970 5353 3048 5405 ix,
3073 5336 3164 5390 26.
3258 5335 3298 5366 ¹⁰
3333 5335 3492 5391 llebr.
3530 5351 3627 5400 xu,
3657 5335 3712 5386 ‘2.
3753 5415 3758 5420 ι

3750 5428 3759 5521 ἓ

2142 5541 2308 5611 ἐμούς
2339 5541 2486 5594 addit
2525 5541 2735 5608 λόγους,
2768 5544 2860 5594 sed
2895 5543 3044 5596 deest
3090 5540 3251 5594 etiam
3293 5539 3344 5593 in
3378 5538 3567 5594 codice
3602 5552 3718 5590 ma-

2150 5614 2426 5680 nuscripto
2461 5611 2911 5681 Cantabrigiensi.
