3988 6156
237 217 346 271 615

1334 214 1779 269 EXI-lUR'lA'l'lU
1819 218 1907 265 AU
1941 210 2390 266 MAh'lYRlUM.

3389 221 3496 276 6-H

235 344 332 398 καὶ⁵
373 340 479 401 τὰς
526 339 776 410 ἀδελφὰς,
829 339 888 391 οὐ
918 337 1138 390 δύναταί
1176 354 1274 406 μου
1325 335 1569 407 μαθητὴς
1598 333 1768 389 εἶναι·
1803 356 1821 386 ι

1932 341 2298 388 mementote:
2342 350 2362 384 ι
2393 331 2448 386 Si
2485 333 2606 402 quis
2640 335 2788 390 venit
2827 337 2894 391 ad
2939 352 3047 402 me,
3090 346 3145 392 et
3193 353 3296 393 non
3333 340 3446 395 odit
3471 360 3491 394 ι

238 435 544 504 ἀμφότεροι
573 434 628 486 δὲ
657 432 780 485 τοῦ·
822 451 840 483 ι
873 431 939 483 Εἴ
963 449 1045 494 τις
1081 429 1294 500 ἔρχεται
1339 428 1479 498 πρὸς
1511 431 1596 498 μὲ,
1637 430 1728 482 καὶ
1758 430 1818 481 οὐ

239 527 392 595 μισεῖ
419 545 439 575 ι
494 524 631 594 πρὸς
670 525 781 586 τοῖς
835 522 1117 593 προτέροις
1167 540 1185 572 ‹
1214 520 1292 574 ἔτι
1338 522 1432 574 καὶ
1477 522 1576 591 τὴν
1627 520 1818 573 ἑαυτοῦ

234 613 436 684 ψυχὴν,
466 613 528 665 οὐ
561 610 782 664 δύναταί
829 627 928 681 μου
965 608 1210 680 μαθητὴς
1255 604 1409 662 εἶναι.
1440 627 1457 658 ι
1505 606 1641 659 Ἀλλ’
1680 607 1821 659 οὕτω

237 707 512 776 μισήσατε
532 705 654 775 ιτὴν
681 702 887 755 ἑαυτῶν
934 701 1129 771 ψυχὴν,
1167 702 1242 764 ὡς
1273 700 1359 753 διὰ
1386 699 1478 752 τοῦ
1512 701 1687 770 μισεῖν
1739 699 1821 759 εἰς

235 795 379 867 ζωὴν
432 795 655 849 αἰώνιον
713 794 1005 863 φυλάσσειν
1057 793 1246 864 αὐτήν.
1299 811 1317 842 ‹
1356 792 1414 843 '0
1456 789 1562 861 γὰρ
1623 789 1817 860 μισῶν,

235 885 389 960 (ῥησὶ,
427 887 531 958 τὴν
562 885 749 940 ἑαυτοῦ
782 886 958 957 ψυχὴν
997 887 1075 948 είς
1119 883 1262 956 ζωὴν
1309 882 1523 937 αἰώνιον
1557 883 1820 952 φυλάσσει

234 979 425 1047 αὑτήν.
451 997 470 1028 ι
519 976 727 1030 Οὐκοῦν
759 977 857 1047 τὴν
901 973 1077 1044 ψυχὴν
1122 972 1210 1026 διὰ
1261 972 1357 1044 τὴν
1414 972 1628 1027 αἰώνιον
1675 973 1819 1044 ζωὴν

236 1072 548 1142 μισήσατε,
614 1067 959 1138 πειθόμενοι,
1025 1056 1106 1119 ὅτι
1164 1066 1326 1120 καλὸν
1402 1065 1495 1118 καὶ
1548 1064 1821 1134 ὠφέλιμον

239 1164 396 1233 μῖσος
423 1160 670 1214 διδάσκει
697 1161 870 1230 μισεῖν
900 1160 928 1212 6
977 1158 1198 1229 Ἰησοῦς.
1235 1159 1444 1227 Ὥσπερ
1472 1156 1529 1209 δὲ
1559 1157 1698 1227 ὑπὲρ
1724 1155 1817 1208 τοῦ

238 1250 588 1320 φυλαχθῆναι
631 1249 710 1312 εἰς
758 1247 900 1314 ζωὴν
949 1247 1166 1300 αἰώνιον
1213 1247 1311 1318 τὴν
1352 1247 1528 1316 ψυχὴν
1567 1245 1819 1316 μισητέον

233 1343 364 1412 ἡμῖν
401 1343 561 1394 ἔσται
609 1340 797 1410 αὐτὴν,
839 1338 982 1392 οὕτω
1029 1341 1295 1407 γυναῖκα,
1339 1338 1432 1389 καὶ
1482 1337 1680 1400 τέκνα,
1730 1337 1823 1389 καὶ

232 1430 537 1498 ἀδελφοὺς,
587 1429 681 1482 καὶ
710 1425 945 1496 ἀδελφὰς
981 1425 1228 1496 μίσησον,
1259 1426 1287 1476 ὀ
1326 1425 1463 1494 ἔχων
1515 1425 1720 1488 ταῦτα,
1757 1424 1822 1479 ἵν’

231 1524 534 1596 ὠφελήσῃς
575 1521 702 1583 τοὺς
747 1519 1125 1590 μισουμένους,
1162 1517 1231 1569 δι’
1259 1515 1424 1570 αὐτοῦ
1454 1515 1547 1569 τοῦ
1586 1533 1820 1588 μεμιση-

1928 435 2124 495 praeter
2143 440 2304 495 supra
2329 428 2550 493 relatos,
2579 445 2598 478 ι
2623 428 2797 483 adhuc
2819 441 2994 484 autem
3015 437 3069 484 et
3091 430 3324 484 animam
3345 446 3498 486 suam

1930 532 2036 571 non
2095 527 2273 586 potest
2320 532 2474 572 meus
2523 532 2643 573 esse
2692 519 3052 589 discipulus.)
3105 519 3212 575 Sed
3261 523 3497 575 animam

1930 613 2163 660 vestram
2193 608 2270 661 sic
2293 609 2417 662 odio
2444 609 2661 672 habete,
2689 617 2746 662 ut
2774 625 2892 663 eam
2921 625 3016 678 per
3039 611 3218 664 odium
3247 611 3300 665 in
3331 613 3498 666 vitam

1927 707 2186 750 aeternam
2244 699 2618 752 custodiatis:
2669 716 2687 748 ι
2730 699 2832 765 Qui
2889 702 3034 754 enim
3089 702 3204 756 odit
3262 704 3496 757 animam

1929 801 2103 849 suam,
2134 788 2336 856 inquit,
2383 789 2435 841 in
2483 789 2648 843 vitam
2682 800 2941 844 aeternam
2973 793 3212 847 custodit
3240 809 3357 848 eam
3383 795 3444 850 “‘.
3473 814 3493 847 ι

1926 877 2177 932 Animam
2213 893 2345 949 ergo
2377 891 2599 949 propter
2627 881 2788 934 vitam
2824 890 3083 936 aeternam
3120 885 3245 939 odio
3278 887 3496 950 habete,

1923 969 2123 1024 bonum
2159 979 2213 1024 et
2267 971 2399 1026 utile
2445 973 2628 1027 odium
2683 987 2805 1028 esse
2850 977 3098 1042 persuasi
3149 978 3290 1045 quod
3339 976 3502 1033 Jesus

1923 1060 2099 1114 docet.
2137 1059 2288 1115 Sicut
2328 1070 2507 1116 autem
2532 1099 2548 1126 ,
2598 1063 2746 1117 ut'in
2780 1064 2946 1118 vitam
3011 1074 3270 1120 aeternam
3315 1077 3500 1124 custo-

1923 1152 2103 1207 diatur
2130 1155 2331 1220 anima,
2366 1155 2490 1210 odio
2524 1156 2680 1210 nobis
2711 1156 2957 1210 habenda
2988 1165 3094 1222 est,
3127 1159 3206 1211 sic
3248 1175 3498 1224 uxorem,

1923 1251 1979 1297 et
2019 1244 2238 1308 liberos,
2286 1255 2339 1300 et
2399 1247 2628 1314 fratres,
2673 1256 2730 1302 et
2779 1261 2996 1302 sorores
3041 1248 3166 1303 odio
3215 1250 3411 1305 habeto
3443 1261 3498 1306 tu

1923 1336 2014 1403 qui
2045 1335 2158 1390 haec
2190 1337 2379 1404 habes,
2413 1346 2470 1390 ut
2506 1338 2572 1392 iis
2599 1352 2731 1406 quos
2753 1337 2936 1393 oderis
2971 1339 3119 1394 utilis
3154 1340 3249 1404 sis,
3283 1356 3346 1396 eo
3379 1345 3498 1412 ipso

1929 1427 2072 1494 quod
2103 1427 2227 1482 odio
2259 1442 2354 1482 eos
2384 1429 2664 1494 habueris,
2708 1437 2932 1498 accepta
2966 1430 3103 1484 bene
3134 1430 3233 1485 eis'
3256 1430 3493 1488 faciendi

1917 1527 2214 1587 potestate,
2244 1518 2339 1571 Dei
2372 1519 2578 1573 scilicet
2605 1519 2813 1574 amicus
2845 1518 3040 1575 factus.

232 1617 390 1670 κέναι
429 1613 744 1686 παρρησίαν
770 1609 1166 1681 ἀναλαμϐάνων
1191 1609 1326 1680 πρὸς
1356 1609 1416 1662 τὺ
1444 1610 1747 1678 εὐεργετεῖν
1783 1610 1999 1674 αὐτοὺς,
2034 1610 2184 1680 φίλος
2213 1610 2501 1681 γενόμενος
2527 1610 2664 1681 Θεῷ.

303 1707 465 1776 ’Ἀμα
519 1703 576 1756 δὲ
631 1704 724 1757 καὶ
776 1703 1190 1774 ὑπομιμνήσκου
1247 1701 1342 1756 τοῦ
1408 1702 1703 1774 εὐξαμένου
1755 1704 1812 1758 ὲν
1845 1716 1887 1770 Β

231 1794 523 1866 Πνεύματι
557 1795 684 1864 περὶ
709 1793 910 1848 τέκνων
943 1794 1231 1865 μαρτύρων
1272 1791 1359 1846 διὰ
1387 1793 1483 1864 τὴν
1518 1795 1653 1866 πρὸς
1691 1794 1821 1848 Θεὸν

231 1886 462 1955 ἀγάπην
530 1885 706 1937 αὐτῶν
781 1883 1321 1955 καταλελειμμένων,
1365 1886 1460 1938 καὶ
1519 1886 1817 1956 φήσαντος·

237 1995 254 2026 ι
289 1977 660 2048 Περιποίησαι
715 1976 840 2038 τοὺς
903 1977 1052 2039 υἱοὺς
1113 1977 1221 2029 τῶν
1286 1975 1764 2046 τεθανατωμένων.
1797 1997 1816 2028 ι

230 2065 411 2118 Μόνον
449 2065 508 2120 δὲ
537 2064 663 2129 ἴσθι,
701 2082 719 2115 ι
753 2065 834 2117 ὅτι
861 2065 921 2117 ού
950 2065 1018 2118 τὰ
1044 2064 1210 2118 τέκνα
1250 2065 1347 2135 τῆς
1378 2066 1578 2136 σαρκὸς
1597 2105 1612 2128 ,
1651 2067 1821 2120 ταῦτα

230 2162 403 2218 τέκνα
446 2160 580 2215 Θεοῦ
601 2179 614 2192 ·
643 2181 661 2213 ι
705 2162 799 2215 καὶ
825 2162 906 2215 ὅτι
936 2160 1125 2232 ὥσπερ
1162 2161 1376 2230 λέγεται
1409 2165 1519 2225 τοῖς
1551 2162 1615 2215 ὲκ
1656 2161 1821 2233 σπέρ-

233 2270 410 2324 ματος
451 2253 698 2324 Ἀϐραὰμ
745 2253 896 2306 τότε·
938 2271 956 2304 ι
988 2248 1117 2306 Οἶδα
1166 2253 1248 2306 ὅτι
1304 2254 1524 2324 σπέρμα
1572 2253 1820 2325 Ἀϐραάμ

228 2347 396 2397 ἐστεο
425 2364 446 2396 ι
504 2346 595 2398 καὶ
643 2344 737 2398 τό³
771 2363 789 2395 ι
823 2347 885 2398 Εἰ
929 2345 1095 2399 τέκνα
1142 2342 1235 2396 τοῦ
1288 2344 1535 2414 Ἀϐραὰμ
1578 2341 1710 2416 ἦτε,
1752 2345 1820 2398 τὰ

229 2435 375 2505 ἔργα
408 2437 506 2489 τοῦ
543 2436 791 2505 Ἀϐραὰμ
837 2437 1094 2489 ἐποιεῖτε·
1126 2454 1144 2485 ι
1175 2435 1315 2489 οὕτω
1344 2437 1437 2488 καὶ
1471 2438 1582 2498 τοῖς
1612 2436 1820 2500 τέκνοις

230 2542 329 2578 σου
361 2526 715 2596 λεχθήσεταιυ
753 2522 902 2588 Οἶδα,
933 2527 1015 2577 ὅτι
1049 2525 1267 2594 σπέρμα
1303 2524 1624 2594 Ἀμϐροσίου
1660 2526 1782 2577 ἐστέ
1802 2542 1816 2555 ·

226 2618 331 2668 καὶ
358 2615 426 2667 τό
447 2630 460 2643 ’
490 2616 554 2666 Et
580 2615 744 2668 τέκνα
774 2613 867 2667 τοῦ
904 2613 1227 2684 Ἀμϐροσίου
1259 2614 1404 2676 ἐστὲ,
1433 2615 1528 2666 καὶ
1562 2613 1698 2684 ἔργα
1728 2613 1820 2666 τοῦ

242 2702 585 2773 Ἀμϐροσίου
645 2705 846 2756 ποιεῖτε
869 2719 882 2732 ·
937 2703 1031 2756 καὶ
1091 2703 1229 2773 τάχα
1287 2704 1602 2774 ποιήσουσι,
1652 2702 1822 2755 πλείω

229 2793 583 2864 ὠφελοῦντός
621 2811 712 2847 σου
739 2795 935 2858 αὐτοὺς
969 2793 1105 2865 μετὰ
1147 2795 1246 2866 τὴν
1277 2793 1530 2864 τοιαύτην
1571 2792 1748 2857 ἔξοδον
1785 2793 1818 2865 ἦ

230 2887 282 2938 εἰ
329 2885 647 2956 παρέμενες
686 2885 890 2948 αὐτοῖς.
936 2886 1068 2938 Τότε
1099 2885 1206 2956 γὰρ
1235 2888 1329 2938 καὶ
1383 2873 1819 2957 έπιστημονίκώ-

1998 1703 2089 1758 58.
2152 1703 2331 1758 Simul
2374 1702 2490 1771 ejus
2517 1711 2789 1758 memento
2838 1704 2928 1774 qui
2961 1705 3149 1760 orabat
3189 1705 3244 1761 in
3295 1705 3498 1777 Spiritu

1926 1809 2025 1864 pro
2072 1804 2370 1865 martyrum
2425 1796 2552 1850 ﬁliis
2599 1810 2735 1864 quos
2780 1796 2857 1850 illi
2919 1812 3019 1866 pro
3067 1813 3168 1852 suo
3213 1798 3264 1852 in
3328 1800 3498 1853 Deum

1925 1901 2110 1941 amore
2160 1887 2550 1956 reliquissent,
2595 1897 2648 1940 et
2704 1887 2916 1941 dicebat
2961 1904 2975 1941 :
3026 1907 3044 1939 ε
3082 1887 3309 1944 Posside
3355 1890 3495 1944 ﬁlios

1926 1977 2368 2032 mortiﬁcatorum
2396 1977 2458 2032 ¹⁶.
2482 1995 2502 2028 ›
2545 1976 2719 2032 Unum
2767 1986 2948 2032 autem
2996 1978 3098 2033 hoc
3148 1978 3306 2046 scito,
3341 1999 3360 2031 ι
3388 1996 3496 2035 non

1923 2070 2016 2138 qui
2052 2070 2143 2123 ﬁlii
2174 2080 2298 2123 sunt
2335 2069 2538 2134 carnis,
2571 2069 2668 2123 hos
2692 2083 2814 2124 esse
2847 2069 2983 2125 ﬁlios
3011 2071 3103 2124 Dei
3132 2071 3196 2137 ";
3223 2090 3243 2123 ›
3277 2079 3332 2125 et
3358 2073 3500 2127 sicut

1924 2169 2048 2214 trmc
2074 2161 2274 2214 dicitur
2305 2160 2372 2214 ad
2401 2175 2496 2214 eos
2525 2160 2614 2229 qui
2660 2159 2727 2214 de
2768 2161 2975 2215 semine
3002 2162 3275 2216 Abraham
3320 2173 3446 2217 sunt
3474 2181 3488 2217 :

1927 2269 1946 2302 :
1977 2252 2101 2306 Scio
2149 2252 2282 2322 quia
2331 2267 2518 2307 semen
2569 2253 2802 2307 Abrahae
2852 2253 3058 2315 estis,»
3110 2262 3207 2307 et:
3246 2273 3264 2306 :
3296 2255 3354 2308 Si
3403 2255 3497 2308 ﬁlii

1919 2343 2150 2399 Abrahae
2175 2345 2390 2409 essetis,
2419 2351 2581 2413 opera
2620 2343 2854 2398 Abrahae
2884 2342 3135 2400 faceretis
3159 2345 3203 2378 ¹⁸
3229 2363 3242 2399 :
3273 2365 3292 2398 ›
3329 2347 3409 2402 sic
3445 2358 3501 2401 et

1922 2433 2047 2488 ﬁliis
2090 2435 2200 2490 tuis
2249 2435 2452 2489 dictum
2502 2434 2759 2489 iri:Scio
2819 2435 2945 2503 quia
2996 2449 3178 2490 semen
3227 2437 3500 2492 Ambrosii

1921 2526 2074 2590 esus,
2103 2534 2157 2580 et
2185 2527 2230 2580 si
2263 2526 2357 2580 ﬁlii
2387 2526 2659 2581 Ambrosii
2705 2526 2863 2591 estis,
2891 2540 3056 2596 opera
3110 2528 3386 2582 Ambrosii
3421 2527 3502 2581 fa-

1922 2615 2068 2669 cite:
2099 2625 2155 2670 et
2195 2615 2433 2670 fortasse
2474 2615 2708 2682 facient,
2751 2617 2873 2686 plus
2917 2633 2947 2672 a
2983 2626 3038 2672 te
3066 2627 3190 2687 post
3231 2619 3497 2688 ejusmodi

1920 2705 2220 2761 discessum
2267 2707 2506 2774 adjuvati
2538 2722 2700 2776 quam
2732 2707 2779 2762 si
2821 2721 2942 2761 cum
2979 2708 3082 2762 illis
3116 2709 3496 2764 remansisses.

1923 2793 2074 2851 Scies
2099 2798 2244 2851 enim
2276 2807 2406 2852 tunc
2437 2797 2629 2853 melius
2673 2799 2942 2867 quomodo
2981 2799 3234 2868 diligendi
3281 2800 3410 2866 sint,
3439 2809 3496 2852 et

1926 2887 2252 2956 prudentius
2277 2902 2376 2958 pro
2407 2887 2516 2941 illis
2539 2889 2744 2951 orabis,
2775 2889 2823 2942 si
2850 2890 3170 2959 cognoveris
3205 2889 3341 2943 lilios
3372 2898 3493 2943 tuos

229 2993 398 3048 τερον
429 2976 564 3029 αὐτὰ
593 2978 920 3047 ἀγαπήσεις,
957 2977 1051 3030 καὶ
1086 2976 1446 3048 συνετώτερον
1480 2977 1607 3048 περ)⁹
1639 2977 1816 3030 αὐτῶν

1929 2992 2062 3044 esse,
2089 2993 2196 3033 non
2231 2993 2416 3033 semen
2449 2987 2680 3033 tantum.
2705 2980 2840 3034 lllud
2870 2996 3014 3035 nunc
3045 2982 3096 3034 in
3129 2996 3223 3036 ore
3257 2980 3491 3035 habeto:

233 3068 393 3141 εὔξῃ,
430 3068 523 3121 ἐὰν
556 3068 751 3139 μάθῃς,
783 3068 862 3121 ὅτι
893 3068 1058 3121 τέκνα
1091 3085 1184 3120 σου
1211 3069 1348 3132 ἐστὶ,
1377 3068 1471 3120 καὶ⁷
1506 3067 1566 3120 οὐ
1597 3068 1819 3139 σπέρμα

1929 3086 1947 3121 ι
1978 3068 2079 3136 Qui
2109 3077 2255 3122 amat
2287 3068 2453 3123 ﬁlium
2482 3079 2575 3122 aut
2604 3069 2766 3122 ﬁliam
2796 3069 2915 3138 plus
2933 3086 3097 3140 quam
3132 3087 3236 3134 me,
3271 3086 3374 3125 non
3404 3081 3488 3125 est

239 3161 429 3230 μόνον.
493 3159 620 3212 Ἀνὰ
667 3160 840 3230 στόμα
889 3157 984 3213 νῦν
1030 3158 1118 3229 ἔχε
1143 3159 1233 3212 τό·
1273 3175 1292 3209 ‹
1337 3157 1392 3210 Ὀ
1441 3158 1609 3226 φιλῶν
1646 3158 1822 3230 υἱὸνῆ

238 3250 520 3321 θυγατέρα
573 3251 710 3322 ὑπὲρ
749 3251 852 3321 ἐμὲ
901 3251 1000 3303 οὐκ
1043 3249 1157 3302 ἔστι
1191 3267 1290 3321 μου
1325 3248 1502 3313 ἄξιος·
1533 3266 1553 3300 ›
1588 3251 1682 3302 καὶ
1727 3250 1819 3302 τό·

243 3363 262 3394 ι
304 3344 362 3397 '0
393 3342 570 3415 εὑρὼν
615 3343 712 3414 τὴν
740 3343 916 3413 ψυχὴν
943 3340 1107 3394 αὑτοῦ
1160 3340 1410 3394 ἀπολέσει
1439 3341 1607 3411 αὐτήν
1627 3357 1640 3370 ·
1675 3341 1766 3394 καὶ
1797 3342 1825 3392 6

1923 3173 2011 3214 me
2035 3160 2283 3229 dignus.»
2311 3158 2410 3214 Et:
2439 3178 2457 3211 ι
2487 3159 2588 3225 Qui
2614 3161 2820 3216 invenit
2843 3163 3080 3216 animam
3105 3176 3281 3229 suam,
3310 3163 3497 3232 perdet

1922 3267 2074 3317 eam,
2121 3260 2176 3306 et
2213 3251 2305 3321 qui
2359 3251 2656 3322 perdiderit
2724 3252 2961 3308 animam
3012 3267 3202 3319 suam,
3255 3253 3514 3309 inveniet.

1922 3353 2041 3392 eam
2066 3339 2130 3392 ¹⁹.
2157 3357 2176 3390 ι

237 3436 515 3500 ἀπολέσας
561 3435 660 3505 τὴν
711 3433 890 3505 ψυχὴν
946 3431 1110 3486 αὑτοῦ
1171 3431 1356 3487 ἕνεκεν
1410 3429 1543 3502 ἐμοῦ
1597 3431 1816 3501 εὑρήσει
1846 3430 2032 3500 αὐτήν.
2071 3448 2090 3482 ι

311 3531 492 3584 Τόπον
536 3528 623 3580 διὰ
655 3527 754 3598 τῆς
785 3527 864 3589 εἰς
908 3525 971 3578 τὸ
1009 3523 1305 3596 μαρτύριον
1352 3523 1659 3595 προθυμίας
1704 3525 1822 3576 δότε

241 3622 318 3694 τῷ
363 3622 461 3676 τοῦ
510 3621 723 3692 Πατρὸς
752 3620 904 3690 ὑμῶν
956 3617 1258 3688 Πνεύματι,
1299 3614 1548 3668 λαλοῦντι
1588 3619 1698 3680 τοῖς
1737 3615 1824 3669 διὰ

243 3712 558 3766 θεοσέϐειαν
613 3709 1013 3782 παραδοθεϊσιν.
1053 3707 1178 3760 Ἐὰν
1225 3707 1402 3777 εἰδῆτε
1456 3707 1680 3769 ἑαυτοὺς
1733 3723 1824 3777 μι-

243 3806 560 3873 σουμένους,
593 3803 686 3855 καὶ
722 3800 1058 3871 βδελυκτοὺς,
1091 3800 1184 3852 καὶ
1234 3797 1449 3860 ἀσεϐεῖς
1483 3793 1622 3850 εἶναι
1670 3815 1823 3867 νομι-

241 3893 533 3964 ζομένους,
570 3894 692 3946 τότε
739 3891 1033 3946 ἀναλάϐετε
1063 3891 1123 3944 τό
1142 3909 1155 3920 ·
1195 3909 1213 3942 ι
1239 3888 1338 3943 Διὰ
1367 3889 1523 3943 τοῦτο
1558 3890 1586 3941 6
1618 3889 1820 3959 κόσμος

243 3985 384 4056 ὑμᾶς
420 3987 590 4057 μισεῖ,
620 3985 702 4041 ὅτι
743 3985 843 4036 οὐκ
871 3983 994 4035 ἐστὲ
1041 3984 1106 4035 ὲκ
1134 3980 1229 4034 τοῦ
1262 3981 1467 4050 κόσμου
1507 3980 1728 4033 τούτου·
1767 3981 1815 4032 εἰ

242 4076 347 4146 γὰρ
385 4071 486 4146 ἦτε
517 4076 580 4128 ὲκ
610 4073 702 4125 τοῦ
743 4072 950 4142 κόσμου
981 4069 1190 4135 τούτου,
1221 4071 1250 4122 6
1278 4070 1478 4138 κόσμος
1503 4068 1568 4121 ἂν
1602 4068 1660 4120 τὸ
1689 4067 1816 4120 ἴδιον

244 4167 432 4238 ἐφίλει.
465 4190 484 4220 ι
521 4168 755 4231 Πολλοὺς
800 4166 1133 4235 ὀνειδισμοὺς
1165 4163 1253 4216 διὰ
1284 4164 1518 4235 Χριστὸν
1550 4163 1642 4216 καὶ
1688 4163 1817 4214 πολ-

244 4258 366 4324 λοὺς
399 4261 697 4324 κινδύνους,
741 4259 801 4322 ἐξ
837 4250 897 4310 οὗ
931 4255 1347 4320 πεπιστεύκατε,
1396 4254 1816 4326 ὑπομείναντες,

247 4349 348 4413 ἓως
397 4351 586 4414 τέλους
624 4353 682 4405 ὲν
723 4348 801 4420 τῷ
854 4349 1144 4419 ὑπομένειν
1195 4347 1536 4419 προκόψατεο
1583 4366 1601 4398 ι
1633 4348 1752 4399 Ὅτι
1791 4349 1819 4400 6

250 4439 546 4512 ὑπομείνας
573 4443 652 4504 εἰς
694 4441 872 4505 τέλος,
911 4434 1066 4503 οὗτος
1112 4439 1434 4510 σωθήσεται.
1463 4457 1481 4488 ι
1521 4439 1685 4500 Ἰστε,
1718 4437 1819 4500 ὅτι,

2001 3522 2090 3577 '59.
2131 3519 2324 3577 Vestra
2358 3523 2423 3578 ad
2454 3521 2775 3592 martyrium
2824 3521 3106 3578 alacritate
3150 3523 3326 3580 locum
3375 3529 3499 3580 date

1932 3612 2163 3683 Spiritui
2214 3612 2392 3667 Patris
2441 3613 2608 3667 vestri
2651 3613 2743 3681 qui
2797 3612 3033 3682 loquitur
3084 3615 3149 3670 iis
3197 3617 3286 3685 qui
3335 3617 3500 3688 300

1935 3704 2158 3775 propter
2183 3704 2499 3772 religionem
2535 3704 2840 3759 traduntur.
2876 3705 2932 3759 Si
2967 3706 3208 3762 videritis
3246 3723 3341 3764 vos
3371 3714 3496 3764 odio

1929 3806 1984 3851 et
2042 3797 2433 3852 abominatioui
2487 3811 2632 3862 esse,
2684 3806 2739 3853 et
2787 3798 2980 3866 impios
3045 3801 3316 3869 reputari,
3370 3813 3498 3856 tunc

1933 3889 2064 3943 illud
2105 3889 2361 3958 suscipite
2392 3907 2406 3942 :
2451 3906 2470 3940 ι
2500 3889 2792 3958 Propterea
2822 3892 2938 3945 odit
2970 3906 3065 3945 vos
3105 3893 3336 3946 mundus
3368 3895 3494 3960 quia

1926 3981 1992 4034 de
2032 3979 2232 4034 mundo
2285 3994 2389 4034 non
2439 3979 2602 4044 estis;
2639 3979 2684 4034 si
2734 3980 2876 4035 enim
2928 3982 2993 4036 de
3029 3985 3229 4036 mundo
3277 3987 3491 4048 essetis,

1931 4072 2164 4126 mundus
2221 4071 2364 4140 quod
2400 4088 2556 4126 suum
2609 4081 2692 4126 est
2735 4072 2982 4142 diligeret
3004 4075 3070 4126 ὀ.
3105 4093 3123 4124 ι
3157 4074 3336 4128 Multis
3379 4075 3492 4142 jam

1926 4164 2276 4218 contumeliis
2315 4175 2536 4234 propter
2561 4163 2860 4227 Christum,
2893 4165 3073 4218 multis
3125 4165 3382 4231 periculis
3419 4173 3498 4216 to-

1928 4251 2139 4313 leratis,
2167 4269 2230 4306 ex
2264 4269 2373 4322 quo
2423 4256 2756 4318 credidistis,
2804 4267 2972 4320 usque
3001 4255 3067 4307 ad
3101 4254 3258 4306 ﬁnem
3308 4271 3496 4323 perse-

1930 4352 2184 4396 verantes
2215 4344 2266 4395 in
2301 4343 2557 4411 patientia
2599 4343 2848 4411 proﬁcite
2884 4359 2898 4396 :
2938 4360 2956 4393 ι
2987 4343 3087 4409 Qui
3121 4344 3266 4397 enim
3312 4361 3497 4413 perse-

1930 4433 2206 4486 veraverit
2240 4432 2290 4486 in
2331 4433 2512 4497 ﬁnem,
2544 4432 2632 4487 hic
2661 4433 2845 4488 salvus
2874 4435 2980 4488 erit
3001 4437 3067 4488 '1.
3093 4454 3112 4486 ›
3149 4434 3317 4490 Scitis
3353 4437 3497 4505 quod

251 4495 387 4584 κατὰ
429 4495 760 4602 τὸείΠέτρον
781 4549 795 4562 ο
895 4495 1310 4598 Ἀγαλλιάσεσθε
1342 4527 1517 4596 ὀλίγον
1565 4495 1690 4599 ἄρτι
1711 4566 1725 4590 ,
1774 4495 1822 4579 εί

1929 4525 2119 4579 Petrus
2151 4525 2263 4579 ait:
2301 4544 2319 4576 ι
2350 4524 2700 4580 Exsultabitis
2743 4525 3010 4580 modicum
3053 4541 3215 4590 nunc,
3246 4529 3290 4582 si
3329 4543 3494 4596 opor-

249 4617 361 4673 δέον
390 4623 527 4684 ἐστὶ,
575 4620 906 4692 λυπηθέντες
937 4621 994 4674 ἐν
1041 4618 1302 4681 ποικίλοις
1350 4619 1700 4688 πειρασμοῖς,
1733 4616 1820 4668 ἴνα

250 4707 308 4759 τὸ
352 4711 594 4780 δοκίμιον
638 4710 795 4781 ἡμῶν
836 4711 936 4780 τῆς
993 4709 1256 4772 πίστεως,
1307 4707 1441 4760 πολὺ
1496 4705 1821 4778 τιμιώτερον

249 4801 467 4870 χρυσίου
513 4800 606 4854 τοῦ
667 4800 1067 4869 ἀπολλυμένου,
1118 4799 1211 4852 καὶ
1255 4798 1344 4851 διὰ
1397 4799 1566 4870 πυρὸς
1619 4799 1820 4851 δεδοκι-

255 4893 550 4961 μασμένου,
581 4893 774 4963 εὑρεθῇ
806 4895 886 4955 εἰς
936 4891 1152 4945 ἔπαινον
1194 4890 1287 4943 καὶ
1332 4888 1485 4953 δόξαν
1518 4893 1613 4944 καὶ
1656 4891 1820 4960 τιμὴν

249 4981 304 5034 ἐν
352 4982 692 5049 ἀποκαλύψει
739 4983 912 5053 Ἰησοῦ
958 4982 1213 5054 Χριστοῦ.
1243 5002 1261 5033 ι
1309 4981 1466 5035 Ἀλλὰ
1497 4983 1557 5035 τὸ
1602 5001 1620 5032 ι
1648 4982 1820 5051 λυπη-

1929 4626 2024 4683 tet,
2056 4617 2365 4670 contristari
2412 4618 2464 4670 in
2502 4617 2668 4671 variis
2707 4619 3115 4683 tentationibus,
3151 4629 3209 4672 ut
3243 4621 3495 4689 probatio

1927 4719 2118 4762 νοείτω
2164 4707 2284 4762 ﬁdei
2322 4708 2488 4763 multo
2538 4710 2823 4777 pretiosior
2875 4725 3008 4764 auro
3057 4711 3198 4779 quod
3251 4712 3393 4780 perit
3444 4723 3496 4766 et

1926 4814 2020 4868 per
2054 4799 2228 4868 ignem
2265 4799 2541 4868 probatur,
2581 4801 2888 4854 inveniatur
2919 4803 2970 4855 in
3022 4802 3233 4857 laudem
3269 4814 3324 4858 et
3376 4806 3496 4874 glo-

1928 4891 2060 4942 riam
2089 4898 2143 4943 et
2191 4890 2449 4944 honorem
2488 4891 2539 4944 in
2591 4891 2920 4946 revelatione
2967 4892 3091 4948 Jesu
3137 4894 3343 4949 Christi
3373 4898 3438 4950 “.
3471 4916 3491 4948 ν

1923 4978 2027 5034 Sed
2084 4999 2102 5030 ι
2134 4982 2443 5034 contristari
2477 5001 2494 5034 ›
2553 4997 2650 5050 pro
2714 4981 3011 5036 «laborare
3042 5001 3061 5033 ›
3118 4987 3383 5052 accipite,
3435 5001 3495 5040 ut

251 5070 436 5137 θέντες
466 5091 484 5123 ι
521 5073 641 5126 ἀντὶ
672 5072 764 5124 τοῦ
799 5093 816 5124 ι
847 5077 1176 5145 πονήσαντες
1205 5095 1224 5125 ι
1267 5074 1560 5128 ἀκούσατε·
1610 5073 1686 5135 ὡς
1731 5073 1825 5142 δῆ-

1929 5071 2084 5124 etiam
2113 5084 2176 5122 ex
2212 5070 2304 5124 illo
2337 5070 2680 5126 manifestum
2727 5081 2852 5126 est:
2888 5090 2909 5124 ι
2956 5073 3013 5127 In
3063 5076 3282 5130 tristitia
3318 5078 3495 5145 paries

251 5162 338 5218 λον
378 5167 473 5220 καὶ
506 5166 570 5217 ὲκ
602 5163 727 5217 τοῦ·
763 5183 781 5214 ι
816 5167 904 5217 Ἐν
947 5166 1142 5230 λύπαις
1173 5165 1302 5239 τέξῃ
1348 5165 1529 5218 τέκνα.
1562 5183 1579 5214 ›
1613 5165 1686 5215 Οὐ
1717 5163 1824 5236 γὰρ

1929 5161 2148 5214 ﬁlios”.
2177 5179 2195 5211 ι
2240 5159 2354 5216 Νοη
2405 5164 2550 5217 enim
2603 5163 2825 5218 omnino
2857 5164 2908 5217 iu
2963 5166 3100 5218 tristi
3161 5168 3364 5219 doloris
3407 5168 3493 5220 af-

256 5256 467 5321 πάντως
493 5259 551 5310 ὲν
577 5257 722 5329 λύπῃ
745 5255 823 5326 τῷ
845 5256 1004 5309 πάθει
1031 5257 1202 5310 τίκτει
1232 5257 1388 5327 γυνὴ,
1414 5254 1548 5308 ἀλλὰ
1577 5257 1632 5307 ὲν
1658 5255 1822 5324 πόνῳ.

262 5363 278 5394 ε
301 5347 388 5420 Μὴ
416 5350 665 5417 ἀγαπᾶτε
692 5348 822 5419 γὰρ,
855 5349 1006 5417 φησὶ,
1034 5349 1125 5401 τὸν
1152 5350 1372 5418 κόσμον,
1406 5347 1536 5419 μηδὲ
1561 5347 1629 5400 τὰ
1659 5349 1715 5398 ἐν
1745 5345 1823 5416 τῷ

257 5437 458 5513 κόσμῳ.
501 5443 626 5498 Ἐάν
668 5459 752 5504 τις
798 5442 987 5511 ἀγαπᾷ
1031 5440 1120 5493 τὸν
1173 5441 1395 5509 κόσμον,
1446 5440 1545 5491 οὐκ
1595 5439 1741 5490 ἔστιν
1788 5439 1825 5501 ἡ,

1565 5578 1606 5609 ¹⁷
1633 5579 1790 5632 Rom.
1823 5594 1875 5630 1x
1897 5617 1912 5642 ,
1952 5578 2006 5631 8.

849 5652 1127 5725 “_Matth.
1158 5666 1214 5715 Χ,
1240 5649 1330 5705 22.
1409 5651 1451 5682 ²¹
1482 5648 1499 5702 l
1536 5647 1650 5704 Pet.
1684 5665 1719 5714 ι,
1749 5649 1802 5714 ti,
1846 5647 1896 5700 7.
1971 5648 2018 5678 ¹³
2053 5646 2191 5700 Gen.
2244 5661 2342 5712 ιιι,
2376 5649 2457 5698 lb’.

331 5580 373 5612 ¹⁸
395 5581 546 5636 Joan.
571 5599 670 5645 xu,
700 5584 791 5640 25.
873 5581 917 5613 ¹⁶
939 5579 1086 5634 Psal.
1114 5593 1316 5632 Lxmn
1337 5621 1352 5647 ,
1387 5579 1472 5631 Η.

263 5644 304 5678 ’θ
333 5648 486 5706 Joan.
536 5670 624 5720 xv,
660 5644 756 5710 l9.

1925 5250 2067 5305 fectu
2097 5253 2240 5321 parit
2281 5253 2494 5319 mulier,
2533 5255 2628 5307 sed
2667 5254 2721 5306 in
2766 5253 2971 5308 labore.
3010 5273 3027 5305 ι
3051 5255 3246 5316 Nolite,
3282 5256 3490 5322 inquit,

1930 5344 2154 5414 diligere
2186 5345 2475 5407 mundum,
2525 5360 2698 5414 neque
2725 5360 2787 5400 ea
2836 5361 2956 5414 quae
3005 5347 3058 5396 iu
3110 5347 3311 5399 mundo
3343 5356 3489 5399 sunt.

1931 5436 1988 5492 Si
2025 5439 2146 5506 quis
2183 5437 2355 5505 diligit
2391 5438 2674 5504 mundum,
2704 5451 2808 5490 non
2841 5447 2926 5490 est
2962 5435 3202 5492 charitas
3234 5437 3409 5490 Patris
3440 5437 3494 5490 in

2104 5576 2144 5606 ¹⁶¹
2175 5575 2332 5629 Joau.
2359 5592 2484 5640 vm,
2509 5576 2597 5641 57,
2632 5575 2722 5628 59.
2831 5574 2873 5607 "
2905 5570 3094 5627 Matth.
3138 5590 3194 5644 x,
3225 5575 3293 5629 57
3316 5581 3371 5630 et
3398 5570 3488 5627 59.
