3988 6156
486 260 592 314 6ὶό

1929 245 2253 306 ORIGENIS

3622 244 3717 300 616

487 385 580 435 eo;
623 370 875 438 quoniam
918 385 1078 425 omne
1112 371 1254 440 quod
1297 378 1379 424 est
1433 370 1483 423 in
1532 371 1752 432 mundo,
1785 371 2042 442 'eoneupi-

2155 367 2338 437 ἀγάπη
2385 365 2476 418 τοῦ
2530 364 2738 435 Πατρδς
2803 366 2860 416 ὲν
2910 363 3086 432 αὑτῴο
3141 364 3222 416 ὅτι
3280 365 3386 416 πᾶν
3432 363 3491 414 τὸ
3537 363 3595 415 ἐν
3647 365 3719 432 τῷ

485 462 691 516 scentia
727 464 906 514 carnis
950 471 1034 515 est
1063 469 1116 514 et
1162 461 1610 529 concupiscentia
1663 463 1949 518 oculorum
1999 475 2052 517 et

485 553 736 620 superbia
765 553 905 616 vita,
931 567 1048 620 qua:
1077 567 1181 604 non
1207 562 1288 606 est
1317 567 1384 605 ex
1415 551 1597 617 Patre,
1629 554 1723 607 sed
1755 569 1820 606 ex
1853 555 2052 608 mnudo

485 657 590 698 est.
626 645 688 697 Et
717 643 940 697 mundus
975 643 1194 707 transit,
1223 651 1278 697 et
1303 643 1742 711 concupiscentia
1786 643 1904 710 ejus
1930 643 1997 700 “.
2026 663 2045 695 ›

485 737 659 790 Nolite
689 736 849 803 igitur
880 750 942 788 ea
979 734 1204 802 diligere
1242 749 1368 802 qua;
1413 744 1715 798 transeunt,
1757 735 1852 788 sed
1893 735 2052 789 facile

483 829 812 880 voluntatem
847 826 959 890 Dei,
988 835 1045 879 ut
1074 827 1221 896 digiti
1253 827 1374 881 sitis
1403 842 1570 879 unum
1609 825 1722 879 fieri
1755 840 1880 879 cum
1914 825 2050 879 Filio

482 930 535 973 et
570 919 727 972 Patre
767 927 821 971 et
853 918 1053 986 Spiritu
1093 927 1282 971 sancto
1307 916 1459 984 juxta
1495 915 1796 970 Salvatoris
1829 930 2048 984 precem

480 1010 742 1064 dicentis:
779 1027 798 1059 ι
829 1010 984 1063 Sicut
1018 1023 1118 1078 ego
1151 1018 1205 1062 et
1239 1019 1293 1062 ttt
1323 1024 1488 1062 unum
1528 1023 1742 1071 sumus,
1778 1017 1836 1060 ut
1863 1017 1918 1062 et
1949 1009 2046 1076 ipsi

479 1102 533 1155 in
564 1102 718 1154 nobis
752 1116 916 1154 unum
959 1101 1066 1153 sint
1091 1101 1156 1152 ’⁵.
1186 1119 1205 1151 ι
1238 1099 1381 1164 Quot
1427 1114 1557 1152 vero
1600 1100 1714 1152 dies
1747 1099 2050 1153 lucrabitur

482 1193 529 1247 is
556 1193 644 1260 qui
675 1192 931 1245 dilexerit
964 1192 1226 1244 mundum
1255 1201 1307 1243 et
1337 1204 1396 1243 ea
1431 1206 1552 1260 quae
1584 1190 1636 1244 in
1671 1189 1873 1242 mundo
1903 1199 2044 1253 sunt,

482 1287 830 1353 animamque
860 1285 1136 1352 propriam
1166 1283 1361 1336 damno
1389 1281 1702 1336 aﬂeceritet
1734 1283 2046 1348 perdiderit,

443 1377 985 1442 -conscientiamque
1034 1373 1428 1429 circumtulerit
1476 1375 1776 1444 negationis
1843 1375 2048 1428 scelere

479 1469 623 1537 quod
664 1468 855 1530 quovis
901 1480 1066 1520 onere
1097 1465 1318 1534 gravius
1348 1474 1448 1529 est,
1479 1465 1829 1533 Oppressam?
1862 1465 2048 1519 Memi-

481 1562 721 1614 nerimus
760 1558 954 1629 singuli
987 1559 1202 1627 quoties
1237 1567 1412 1611 morte
1444 1558 1652 1625 vulgari
1702 1558 1924 1612 interire
1954 1573 2048 1624 pe-

482 1651 698 1704 riclitati
731 1650 930 1712 simus;
965 1648 1371 1714 cogitemusque
1400 1662 1525 1699 num
1557 1645 1696 1699 forte
1729 1646 1895 1700 simus
1923 1646 2043 1698 ideo

2155 458 2362 528 κόσμῳ,
2407 460 2438 527 ἡ
2481 455 2744 524 ἐπιθυμία
2789 455 2886 524 τῆς
2920 454 3138 526 σαρκὸς,
3175 455 3269 506 καὶ
3311 452 3576 522 ἐπιθυμία
3617 453 3719 506 τῶν

2153 544 2460 615 ὀφθαλμῶν,
2492 545 2586 597 καὶ
2635 547 2666 613 ἠ
2702 541 2989 605 ἀλαζονεία
3030 541 3124 594 τοῦ
3177 541 3287 611 βίου
3326 542 3424 593 οὑκ
3470 540 3617 592 ἔστιν
3661 543 3721 593 ἐκ

2151 635 2242 688 τοῦ
2279 635 2512 706 Πατρὸς,
2549 633 2660 686 ἀλλ’
2688 636 2752 685 ἐκ
2780 633 2871 685 τοῦ
2904 633 3109 702 κόσμου
3153 633 3286 684 ἐστί.
3323 633 3432 684 Καὶ¹
3461 634 3488 684 ὁ
3524 633 3721 701 κόσμος

2154 727 2456 797 παράγεται
2497 727 2652 796 καὶὴ
2699 725 2986 795 ἐπιθυμία.
3018 747 3036 776 ι
3090 728 3181 796 Μὴ
3226 721 3316 778 οὖν
3366 725 3615 792 ἀγαπᾶτε
3657 725 3724 776 τά

2151 815 2526 886 παραγόμενα,
2572 815 2727 876 ἀλλὰ,
2761 815 3040 878 ποιοῦντες
3091 815 3150 868 τὸ
3181 815 3392 885 θέλημα
3441 813 3534 866 τοῦ
3568 814 3720 874 Θεοῦ,

2151 906 2286 972 ἄξιοι
2338 907 2554 976 γίνεσθε
2586 906 2678 960 τοῦ
2715 907 2772 960 ἓν
2821 909 3072 976 γενέσθαι
3117 909 3234 978 ἅμα
3268 909 3380 981 Υίῷ
3414 910 3509 962 καὶ
3551 910 3722 979 Πατρὶ

2151 1001 2244 1052 καὶ
2279 1000 2416 1069 ἁγίῳ
2455 1000 2759 1070 Πνεύματι,
2805 1001 2946 1055 κατά
2991 1002 3090 1072 τὴν
3137 1001 3230 1054 τοῦ
3281 1002 3532 1074 Σωτῆρος
3563 1005 3722 1074 εὐχὴν

2149 1087 2424 1157 λέγοντος·
2468 1108 2485 1139 ι
2530 1089 2615 1151 Ὠς
2650 1089 2759 1157 ἐγὼ
2791 1091 2882 1142 καὶ
2919 1091 2983 1143 σὺ
3017 1090 3076 1142 ἓν
3103 1092 3290 1161 ἐσμεν,
3315 1091 3403 1143 ἵνα
3437 1093 3534 1144 καὶ
3576 1094 3723 1146 αὐτοὶ

2149 1181 2206 1233 ἐν
2233 1182 2362 1250 ἡμῖν
2389 1178 2447 1233 ἓν
2463 1174 2584 1232 ὦσι.
2617 1201 2633 1230 ι
2664 1181 2841 1243 Πόσας
2861 1181 2918 1234 δὲ
2953 1182 3044 1234 καὶ
3078 1182 3288 1252 ἡμέρας
3323 1181 3438 1234 ἔστι
3462 1183 3724 1254 κερδῆσαι

2149 1272 2514 1340 ἀγαπήσαντα
2551 1270 2639 1324 τὸν
2678 1266 2933 1339 κόσμονῆ
2970 1270 3038 1322 τὰ
3075 1271 3131 1322 ἐν
3160 1269 3238 1340 τῷ
3264 1271 3478 1342 κόσμῳ,
3511 1272 3602 1324 καὶ
3629 1272 3724 1343 τὴν

2149 1360 2340 1414 ἑαυτοῦ
2375 1361 2551 1431 ψυχὴν
2593 1360 2954 1432 ζημιούμενον
2989 1361 3021 1431 ἢ
3058 1361 3384 1424 ἀπολλύντα,
3427 1365 3520 1415 καὶ
3571 1380 3724 1434 περι-

2148 1453 2378 1523 φέροντα
2411 1452 2648 1515 συνειδὸς
2681 1452 3013 1523 βαρούμενον
3048 1453 3185 1524 ὑπὲρ
3214 1455 3430 1525 φορτίον
3461 1453 3598 1525 βαρὺ
3632 1456 3725 1508 καὶ

2148 1543 2252 1596 ὑπὸ
2285 1544 2384 1615 τῆς
2421 1545 2702 1615 ἀρνήσεως
2742 1543 3064 1613 πτώματο;;
3092 1543 3572 1616 -Ὑπομνησθῶμεν
3601 1545 3727 1597 ἕκα-

2149 1653 2294 1700 στος,
2347 1636 2540 1699 ὁσάκις
2585 1635 2880 1688 ἀποθανεῖν
2931 1636 3020 1688 τὸν
3069 1636 3246 1688 κοινὸν
3297 1635 3524 1689 θάνατον
3578 1640 3724 1690 ἐκιν-

482 1743 683 1795 servati
728 1739 1030 1810 ut‘prOprio
1063 1735 1326 1803 sanguine
1355 1736 1524 1789 abluti
1553 1745 1606 1790 et
1634 1736 1781 1790 omni
1825 1750 2042 1804 peccato

2146 1727 2387 1791 δύνευσε,
2436 1728 2530 1781 καὶ
2576 1726 2950 1796 λογισώμεθα,
2993 1728 3202 1798 μήποτε
3262 1727 3350 1779 διὰ
3394 1726 3550 1779 τοῦτο
3599 1730 3725 1798 ἐτη-

485 1833 725 1886 mundati
774 1835 914 1902 apud
957 1833 1176 1887 creleste
1209 1831 1378 1885 altare
1406 1845 1529 1885 eum
1583 1829 1650 1882 iis
1681 1829 1769 1897 qui
1802 1828 2047 1882 similiter

484 1926 828 1988 certaverint,
859 1940 1270 1980 conversemur.

554 2201 640 2256 40.
681 2201 834 2267 Quod
864 2201 910 2256 si
949 2202 1069 2270 quis
1111 2217 1304 2272 magno
1334 2203 1456 2257 vitae
1492 2217 1677 2257 amore
1721 2201 1900 2255 vietus
1951 2206 2045 2253 aut

483 2294 725 2348 laborum
775 2294 1130 2362 impatientia,
1169 2303 1263 2348 aut
1296 2294 1638 2348 sermonibus
1679 2292 1770 2360 qui
1809 2300 1933 2360 apte
1977 2291 2043 2343 ad

479 2385 929 2455 persuadendum,
958 2387 1246 2439 videantur
1289 2386 1354 2437 ab
1418 2385 1484 2438 iis
1530 2384 1634 2437 dici
1684 2383 1775 2450 qui
1829 2397 1926 2435 nos
1975 2380 2046 2433 ad

480 2478 746 2532 deteriora
778 2489 1040 2532 conantur
1075 2477 1354 2542 inducere,
1398 2491 1563 2529 unum
1610 2476 1773 2529 Deum
1819 2472 2047 2542 ejusque

479 2569 749 2623 Christum
783 2569 1098 2637 negaverit,
1151 2566 1430 2622 confessus
1481 2576 1660 2621 autem
1716 2566 1879 2620 fuerit.
1932 2565 2043 2619 da:-

481 2663 655 2714 monia
685 2669 778 2715 aut
820 2659 1086 2724 fortunas,
1117 2659 1255 2713 scito
1288 2659 1462 2724 illum,
1495 2660 1585 2728 qtti
1619 2667 1776 2728 parat
1813 2657 2044 2712 damoni

483 2767 723 2807 mensam
749 2763 802 2806 et
850 2753 1076 2806 fortunae
1113 2751 1294 2805 vinum
1330 2753 1552 2816 miscet,
1606 2752 1893 2820 reliquisse
1935 2751 2042 2804 Do-

480 2844 711 2906 minum,
739 2853 791 2898 et
819 2859 938 2897 eum
981 2847 1180 2900 montis
1213 2845 1389 2899 sancti
1433 2844 1552 2911 ejus
1597 2845 1795 2900 oblitus
1827 2845 1915 2909 sit,
1954 2857 2044 2897 re-

481 2935 826 3000 prehensioni
861 2936 936 2989 illi
977 2935 1278 3004 subjectum
1317 2937 1381 2990 iri
1412 2952 1574 3005 quam
1621 2937 1792 2992 Isaias
1827 2937 2046 3007 scripsit

2150 1817 2415 1890 ρήθημεν,
2459 1819 2565 1883 ἵνα,
2611 1819 3003 1889 βαπτισάμενοι
3036 1817 3114 1888 τῷ
3145 1818 3354 1871 ἑαυτῶν
3388 1819 3581 1889 αἵματι
3633 1821 3729 1872 καὶ

2147 1909 2577 1981 άπολουσάμενοι
2627 1911 2807 1962 πᾶσαν
2853 1909 3148 1979 ἁμαρτίαν,
3184 1909 3334 1980 παρὰ
3374 1909 3450 1979 τῷ
3476 1913 3532 1962 ὲν
3562 1912 3729 1981 ούρα-

2146 2001 2255 2062 νοῖς
2287 1997 2654 2070 θυσιαστηρίῳ
2694 1999 2791 2061 τὰς
2825 1997 3106 2068 διατριϐὰς
3145 1998 3284 2068 μετά
3323 1998 3430 2053 τῶν
3481 2017 3727 2068 συναγω-

2146 2089 2452 2160 νισαμένων
2479 2088 2852 2160 ποιησώμεθα.

2215 2203 2279 2256 Εἰ
2305 2202 2361 2255 δέ
2392 2220 2476 2265 τις
2507 2203 2688 2266 ἐνδοὺς
2716 2204 2822 2256 ἀπὸ
2852 2201 3048 2273 πολλῆς
3079 2202 3372 2270 φιλοζωῖας
3401 2203 3434 2272 ἢ
3463 2202 3562 2270 τῆς
3589 2203 3727 2272 πρὸς

2145 2292 2268 2356 τοὺς
2312 2293 2505 2357 πόνους
2540 2293 2828 2365 μαλακίας,
2861 2293 2893 2364 ἢ
2923 2293 3030 2346 τῶν
3063 2292 3431 2363 νομιζομένων
3476 2293 3726 2356 πιθανῶς

2147 2383 2514 2456 προσάγεσθαι
2563 2386 2667 2439 ὑπὸ
2716 2384 2823 2438 τῶν
2869 2385 3274 2440 ἀναπειθόντων
3325 2388 3469 2456 ἡμᾶς
3514 2387 3604 2437 ἐπὶ
3654 2385 3731 2438 τὰ

2147 2476 2398 2548 χείρονα,
2443 2461 2735 2548 ἀρνήσαιτο
2776 2476 2872 2546 μὲν
2919 2477 2980 2530 τὸ
3013 2474 3149 2529 εἶναι
3192 2477 3285 2529 ἕνα
3317 2477 3448 2528 Θεὸν
3494 2478 3587 2529 καὶ
3630 2475 3731 2530 τὸν

2146 2567 2380 2639 Χριστὸν
2425 2567 2611 2634 αὑτοῦ,
2662 2569 2993 2638 ὁμολογήσαι
3041 2567 3097 2620 δὲ
3143 2568 3393 2638 δαιμόνια
3439 2570 3471 2638 ἣ
3519 2568 3724 2638 τύχας·

2149 2657 2298 2724 ἵστω,
2331 2659 2411 2712 ὅτι
2456 2652 2639 2722 οὗτος,
2687 2659 2991 2729 ἐτοιμάζων
3030 2658 3108 2728 τῷ
3160 2658 3377 2728 δαίμονι
3424 2659 3727 2730 τράπεζαν,

2146 2751 2239 2804 καὶ
2271 2750 2492 2822 πληρῶν
2517 2752 2583 2821 τῇ
2613 2749 2752 2822 τύχῃ
2790 2752 3074 2822 κέρασμα,
3118 2750 3442 2820 ἐγκατέλιπε
3479 2752 3684 2822 Κύριον
3710 2770 3724 2782 ·

2146 2841 2239 2895 κα)⁹
2270 2841 2749 2912 ἐπιλανθανόμενος
2775 2841 2868 2894 τοῦ
2897 2843 3055 2911 ὅρους
3085 2842 3196 2912 (40)
3218 2841 3312 2895 τοῦ
3341 2843 3500 2910 ἀγίου
3529 2842 3727 2907 αὑτοῦ,

2143 2931 2351 2995 τούτοις
2381 2937 2492 2995 τοῖς
2524 2934 2762 3003 ἐλέγχοις
2795 2933 3162 2997 ὑποκείσεται,
3195 2933 3288 2998 οὒς
3336 2934 3560 2997 Ἡσαΐας
3602 2934 3734 2987 τοῦ-

481 3026 534 3078 in
575 3027 713 3081 hunc
749 3029 963 3082 modum
991 3046 1003 3081 :
1043 3047 1060 3078 ι
1087 3027 1190 3082 Vos
1225 3037 1406 3084 autem
1437 3029 1529 3096 qui
1557 3029 1925 3099 dereliquistis
1958 3044 2042 3085 me

2145 3041 2235 3078 τον
2265 3024 2355 3079 τὸν
2393 3025 2591 3096 τρόπον
2629 3025 2901 3096 ἀνέγραψε
2923 3043 2934 3053 ·
2973 3045 2991 3076 ‹
3035 3025 3225 3095 Ὑμεῖς
3255 3027 3311 3079 δὲ
3343 3028 3390 3080 οἱ
3439 3028 3732 3095 ἐγκαταλι-

478 3128 532 3168 et
569 3116 718 3171 obliti
762 3117 894 3170 estis
944 3117 1144 3170 montis
1190 3117 1362 3171 sancti
1407 3117 1547 3182 mei,
1587 3125 1642 3172 et
1686 3119 1888 3186 paratis
1933 3118 2046 3173 dte-

479 3208 622 3259 moni
671 3222 937 3270 mensam,
967 3216 1020 3260 et
1057 3207 1292 3276 impletis
1323 3208 1551 3262 fortuna:
1592 3209 1895 3278 potionem;
1944 3225 2046 3280 ego

475 3297 631 3367 301
666 3298 872 3352 tradam
901 3311 995 3352 vos
1029 3298 1081 3352 in
1109 3297 1382 3368 gladium;
1413 3314 1599 3353 omnes
1637 3301 1687 3353 in
1721 3300 2047 3354 mactatioae

477 3389 700 3454 cadetis,
730 3391 856 3458 quia
905 3390 1096 3444 vocavi
1133 3405 1228 3444 vos
1261 3398 1314 3444 et
1352 3407 1457 3444 non
1488 3391 1778 3456 obedistis;
1835 3393 2044 3447 locutus

477 3495 616 3547 sum,
675 3490 730 3533 et
777 3483 1203 3551 contempsistis,
1237 3492 1290 3536 et
1320 3480 1526 3537 fecistis
1579 3483 1776 3536 malum
1813 3484 1863 3538 in
1913 3499 2045 3538 con-

475 3581 659 3638 spectu
695 3586 838 3637 meo,
865 3583 921 3628 et
972 3589 1091 3643 qua!
1147 3576 1394 3630 nolebam
1433 3575 1691 3642 elegistis.
1757 3575 2044 3644 Propterea

476 3663 589 3716 ha3c
618 3663 748 3718 dicit
777 3665 1036 3721 Dominus
1069 3684 1080 3719 :
1117 3665 1258 3721 Ecce
1287 3669 1378 3736 qui
1411 3668 1656 3722 serviunt
1706 3668 1837 3722 mihi
1883 3681 2041 3721 man-

477 3748 778 3816 ducahnnt;
809 3769 905 3809 vos
932 3764 1107 3810 autem
1135 3758 1417 3822 esurietis;
1468 3773 1597 3812 ecce
1650 3759 1739 3826 qui
1798 3759 2045 3814 serviunt

481 3839 611 3891 mihi
641 3840 1006 3911 laetabuntur;
1043 3863 1140 3902 vos
1194 3857 1372 3902 autem
1427 3850 1863 3918 confnntlemini;
1914 3867 2045 3907 ecce

477 3930 567 4000 qui
596 3933 837 3988 serviunt
867 3937 995 3990 mihi
1027 3939 1374 3993 exsultabunt
1399 3940 1451 3993 in
1485 3941 1686 4005 laetitia,
1727 3957 1821 3996 vos
1861 3951 2041 3996 autem

477 4020 784 4077 clarnabitis
817 4033 1036 4093 propter
1063 4026 1302 4080 dolorem
1343 4028 1546 4092 cordis,
1575 4037 1627 4082 et
1662 4037 1884 4096 propter
1908 4043 2038 4083 con-

476 4111 752 4166 tritionem
787 4114 1009 4182 spiritus
1046 4116 1344 4176 ulnlabitis.
1376 4117 1714 4186 Reiinquetis
1759 4117 1902 4171 enim
1947 4135 2043 4172 no-

474 4217 596 4258 men
625 4219 805 4259 meum
839 4205 890 4261 in
919 4209 1259 4264 saturitatem
1301 4210 1491 4267 electis
1533 4211 1702 4277 meis;
1735 4224 1827 4264 vos
1862 4219 2038 4266 autem

474 4295 762 4350 interﬁciet
831 4297 1168 4355 Dominus".
1216 4321 1235 4354 ι
1271 4302 1376 4357 Sed
1410 4303 1457 4356 si
1503 4302 1858 4372 intelligentes
1919 4316 2038 4371 quae

2149 3115 2340 3178 πόντες
2386 3133 2452 3185 με
2503 3117 2592 3168 καὶ
2649 3115 3127 3186 ἐπιλανθανόμενοι
3179 3117 3240 3169 τὸ
3293 3117 3418 3187 ὅρος
3464 3117 3525 3169 τὸ
3569 3118 3730 3188 άγιόν

2150 3223 2273 3276 μου,
2324 3207 2416 3258 καὶ
2462 3206 2838 3276 ὲτοιμάζοντες
2887 3207 2964 3277 τῷ
3007 3208 3218 3276 δαίμονι
3274 3208 3574 3279 τράπεζαν,
3628 3212 3732 3264 καὶ

2147 3297 2476 3368 πληροῦντες
2515 3299 2578 3368 τῇ
2609 3301 2748 3370 τύχῃ
2790 3298 3062 3368 κέρασμα,
3092 3297 3201 3362 ἐγὼ
3235 3299 3540 3370 παραδώσω
3581 3301 3731 3370 ὑμᾶς

2145 3389 2223 3450 είς
2259 3387 2549 3458 μάχαιραν.
2587 3388 2791 3450 Πάντες
2829 3389 2886 3440 ἐν
2925 3390 3104 3457 σφαγῇ
3150 3387 3432 3440 πεσεῖσθεο
3478 3389 3559 3441 ὅτι
3596 3389 3730 3442 ἐκά-

2143 3481 2274 3532 λεσα
2301 3481 2462 3549 ὑμᾶς,
2494 3479 2587 3531 καὶ
2611 3479 2708 3548 οὑχ
2747 3478 3091 3548 ὑπηκούσατε
3113 3495 3126 3506 ·
3161 3478 3414 3549 ἐλάλησα,
3459 3480 3553 3533 κα)⁸
3579 3497 3729 3550 παρ-

2145 3569 2432 3640 ηκούσατεο
2481 3570 2573 3622 καὶ
2619 3571 2907 3640 ἐποιήσατε
2935 3570 2996 3622 τὸ
3041 3571 3276 3640 πονηρὸν
3310 3571 3543 3625 ἐναντίον
3580 3589 3677 3642 μου
3706 3589 3720 3601 ·

2144 3661 2239 3712 καὶ
2269 3660 2305 3714 ἃ.
2333 3661 2433 3713 οὑκ
2465 3659 2759 3730 ἐϐουλόμην
2790 3660 3124 3726 ἐξελέξασθε.
3157 3661 3255 3714 Διά
3290 3662 3446 3715 τοῦτο
3477 3663 3601 3715 τάδε
3634 3663 3727 3716 λέ-

2143 3768 2227 3818 γει
2249 3750 2466 3822 Κύριος
2505 3751 2635 3804 Ἰδοὺ
2665 3753 2712 3804 οἱ
2749 3751 3088 3815 δουλεύοντές
3124 3769 3213 3822 μοι
3241 3752 3523 3820 φάγονται·
3565 3753 3727 3823 ὑμεῖς

2143 3843 2200 3896 δὲ
2247 3843 2546 3896 πεινάσετε.
2594 3841 2720 3895 Ἰδοὺ
2745 3843 2793 3893 οἱ
2818 3842 3154 3906 δουλεύοντές
3199 3859 3286 3912 μοι
3320 3843 3726 3915 εὐφρανθήσον-

2143 3951 2258 3989 ται·
2318 3935 2476 4003 ὑμεῖς
2527 3933 2585 3986 δὲ
2630 3935 3072 4005 αἰσχυνθήσεσθε.
3134 3935 3260 3988 Ἰδοὺ
3300 3937 3346 3988 oi
3386 3935 3728 3999 δουλεύοντές

2147 4043 2234 4096 μοι
2284 4024 2696 4092 ὰγαλλιάσονται
2731 4027 2787 4077 ἐν
2817 4024 3157 4097 εὐφροσύνῃ·
3219 4026 3377 4095 ὑμεῖς
3415 4025 3472 4077 δὲ
3515 4027 3725 4096 κεκρά-

2142 4114 2297 4182 ξεσθε
2329 4114 2416 4167 διὰ
2443 4113 2531 4166 τὸν
2560 4113 2717 4164 πόνον
2750 4114 2848 4182 τῆς
2885 4112 3111 4184 καρδίας
3129 4154 3142 4175 ,
3183 4113 3276 4165 καὶ
3299 4113 3405 4166 ἀπὸ
3431 4114 3725 4184 ωντριῦἧς

2143 4207 2446 4278 πνεύματος
2504 4204 2779 4270 όλολύξετε
2803 4221 2816 4234 ·
2873 4203 3224 4272 καταλείψετε
3285 4203 3393 4276 γάρ
3442 4204 3502 4257 τὸ
3550 4205 3727 4276 ὄνομά

2144 4314 2243 4366 μου
2289 4299 2370 4360 εἰς
2427 4295 2739 4365 πλησμονὴν
2795 4297 2905 4358 τοῖς
2967 4293 3240 4358 ἐκλεκτοῖς
3283 4310 3412 4362 μου·
3461 4294 3605 4364 ὑμᾶς
3661 4294 3724 4348 δὲ

471 4385 542 4440 sit
572 4401 754 4443 mensa
785 4386 1019 4457 Domini,
1063 4392 1352 4461 participes
1402 4393 1520 4462 ejus
1545 4407 1666 4448 esse
1691 4392 1933 4455 velimus,
1975 4391 2036 4444 il-

2145 4393 2315 4446 ἀνελεῖ
2343 4390 2563 4461 Κύριος.
2599 4407 2618 4441 ι
2659 4388 2814 4445 Ἀλλά
2843 4390 2938 4441 καὶ
2960 4387 3117 4457 εἴπερ
3145 4387 3407 4452 νοοῦντες,
3439 4388 3523 4450 τίς
3550 4390 3583 4459 ἡ
3622 4387 3722 4442 τοῦ

471 4476 558 4530 lud
584 4494 796 4548 quoque
849 4483 1155 4537 noverimus
1193 4501 1208 4536 :
1243 4501 1263 4533 ι
1301 4484 1413 4538 Νοιι
1449 4485 1670 4553 potestis
1697 4497 1894 4538 mensa:
1927 4482 2035 4536 Do-

472 4569 602 4621 mini
647 4571 935 4638 participes
989 4587 1132 4639 esse,
1167 4582 1221 4627 et
1264 4589 1462 4629 mensae
1510 4573 1971 4628 daemoniorum".
2011 4589 2030 4622 ι

471 4657 603 4723 Quis
631 4670 808 4715 autem
827 4662 996 4716 lilium
1031 4663 1252 4717 tonitrui
1303 4663 1560 4718 Joannem
1589 4665 1815 4718 audiens
1843 4665 2032 4718 dicen-

475 4758 580 4802 tem
611 4765 625 4800 :
667 4768 686 4802 ι
723 4751 911 4806 Omnis
945 4752 1037 4820 qui
1089 4761 1248 4821 negat
1289 4752 1509 4816 Filium,
1558 4767 1656 4807 nec
1686 4753 1898 4807 Patrem
1931 4755 2030 4808 ha-

473 4839 595 4903 bet;
627 4840 715 4906 qui
735 4841 1025 4896 coulltetur
1046 4840 1263 4906 Filium,
1291 4841 1572 4897 etPatrem
1599 4842 1759 4896 habet
1779 4842 1824 4872 ’⁸
1843 4881 1858 4909 ,
1891 4861 1909 4894 ι
1931 4858 2036 4896 non

472 4925 723 4981 formidet
755 4943 813 4983 se
848 4929 1208 4985 Christianum
1251 4946 1354 4985 non
1389 4946 1509 4984 esse
1541 4931 1720 4986 dicere
1747 4939 1804 4983 et
1839 4944 2034 4998 negare

471 5016 686 5084 Filium,
719 5027 776 5072 ut
815 5020 960 5073 illum
997 5024 1245 5090 negando
1270 5037 1367 5076 nec
1397 5021 1612 5075 Patrem
1637 5022 1865 5076 habeat?
1898 5022 2031 5088 Quis

469 5111 648 5182 potius
681 5127 787 5168 non
838 5121 1048 5180 qumrat
1073 5121 1128 5167 et
1160 5112 1414 5182 Operibus
1454 5122 1508 5166 et
1561 5114 1743 5169 verbis
1781 5128 1840 5168 se
1867 5112 2025 5167 ϐίη-ξι

536 5311 578 5343 ³⁸
611 5309 1020 5373 lJoan.tt.15,
1057 5306 1256 5372 16,17.

462 5558 490 5608 ὅ
536 5486 668 5556 (40)
722 5485 830 5540 Τοῦ
900 5484 1095 5553 ὄρους.
1149 5485 1384 5556 Legebat
1439 5485 1794 5549 Wetstenius,
1894 5487 2020 5548 τοὺς

496 5574 644 5608 ρους.

495 5574 644 5628 rosc-

537 5627 645 5697 til)
674 5627 986 5695 Νοοῦντες,
1020 5627 1109 5693 τίς
1142 5627 1176 5694 ἡ
1211 5626 1317 5680 τοῦ
1354 5626 1574 5694 Κιιρίου
1603 5623 1872 5694 τράπεζα.
1903 5626 2029 5680 Vnde

1333 5309 1375 5338 ⁸⁵
1407 5306 1561 5363 Joau.
1599 5325 1730 5372 xvn,
1763 5309 1854 5374 2!,
1887 5309 1980 5363 ‘22.
2016 5309 2032 5381 |
2067 5311 2113 5342 ²⁰
2135 5311 2258 5366 lsai.
2285 5325 2410 5375 uv,
2440 5311 2630 5366 “45.

2138 4483 2342 4554 Κυρίου
2389 4478 2636 4551 τράπεζα
2687 4480 2818 4550 (41),
2875 4480 3120 4550 μετέχειν
3171 4480 3342 4550 αὑτῆς
3395 4479 3716 4551 βουλόμεθα,

2137 4573 2492 4642 γινώσκωμεν
2524 4573 2604 4636 τὸ,
2638 4590 2655 4622 r
2692 4571 2762 4624 υὺ
2790 4570 3017 4624 δύνασθε
3043 4571 3243 4642 Κυρίου
3282 4571 3558 4643 τραπέζης
3589 4588 3720 4641 μετ-

2136 4663 2300 4733 έχειν,
2340 4664 2435 4716 καὶ
2464 4661 2740 4733 τραπέζης
2777 4662 3085 4732 δαιμονίων.
3124 4681 3142 4712 ι
3172 4662 3266 4724 Τίς
3286 4662 3343 4713 δὲ
3363 4660 3716 4724 άκούσαςτοῦ

2134 4754 2233 4823 τῆς
2267 4753 2494 4824 βροντῆς
2527 4751 2643 4805 υἱοῦ
2697 4753 2940 4806 Ἰωάννου
2965 4753 3239 4822 λέγοντος·
3278 4772 3295 4803 r
3338 4754 3498 4816 Πᾶςὸ
3523 4752 3717 4824 ἀρνού-

2139 4862 2297 4915 μενος
2331 4845 2422 4897 τὸν
2452 4844 2578 4896 Υίὸν
2634 4843 2754 4897 οὑδὲ
2794 4843 2884 4896 τὸν
2925 4843 3144 4915 Πατέρα
3202 4842 3343 4914 ἔχει·
3386 4845 3414 4896 ό
3444 4843 3500 4895 δὲ
3527 4843 3717 4912 ὁμολο-

2133 4935 2245 5004 γῶν
2273 4935 2365 4988 τὸν
2398 4935 2524 4987 Υἱὸν
2563 4934 2656 4987 καὶ
2691 4935 2782 4988 τὸν
2814 4935 3033 5006 Πατέρα
3079 4934 3190 5004 ἔχει
3216 4951 3229 4964 ο
3269 4953 3286 4984 ι
3322 4935 3382 4986 οὑ
3413 4933 3717 5004 φοϐηθήσε-

2131 5043 2221 5077 ται
2251 5025 2338 5078 διά
2363 5025 2456 5077 τοῦ
2501 5025 2678 5094 λέγειν
2716 5026 2788 5096 μὴ
2825 5021 2961 5078 εἶναι
2998 5025 3338 5095 Χριστιανὸς,
3379 5025 3715 5096 ἀρνήσασθαι

2130 5115 2221 5168 τὸν
2253 5117 2400 5180 Υίὸν,
2447 5118 2503 5169 ἐν
2526 5116 2605 5187 τῷ
2635 5115 2918 5187 ἀρνεῖσθαι
2967 5117 3146 5181 αὑτὸν,
3189 5117 3288 5186 οὑχ
3320 5117 3454 5184 ἕξων
3483 5117 3573 5170 τὸν
3593 5117 3711 5171 Πα-

2708 5313 2752 5344 ²⁷
2776 5311 2939 5368 ICur.
2971 5325 3028 5376 Χ,
3058 5312 3150 5365 21.
3227 5311 3272 5342 ’⁸
3299 5310 3319 5365 l
3342 5309 3498 5365 Joan.
3529 5325 3589 5373 tt,
3619 5309 3712 5365 ‘25.

2126 5486 2412 5562 O_r_igenem
2447 5487 2542 5562 li_b_.
2566 5557 2576 5562 _
2599 5502 2716 5562 vtu,
2753 5487 2952 5543 Contra
2986 5487 3233 5562 Celsugn',
3269 5505 3422 5562 num.
3470 5491 3567 5562 24,
3616 5493 3714 5562 25,

2128 5558 2214 5610 ubi
2252 5569 2438 5611 contra
2473 5557 2895 5627 idolothylorum
2934 5573 3109 5621 esum,
3143 5558 3320 5627 locum
3353 5559 3544 5614 l’aulil
3577 5557 3716 5622 Cor.

2141 5642 2257 5692 vm,
2292 5626 2530 5695 pluribus
2555 5625 2729 5698 urget.
2763 5629 2861 5682 Adi
2892 5627 3131 5698 ejusdem
3170 5625 3262 5681 lib.
3303 5644 3450 5682 num.
3476 5631 3568 5686 50.
