3988 6156
266 261 376 318 617
1394 253 1844 318 ΕΧΙῙΟΒΤΑΤΙΟ

2001 251 2442 309 MARTYRIUM.
3454 253 3558 310 6l3

263 374 399 446 τέρα
426 388 442 438 ;
477 372 596 426 Καὶ
622 371 704 435 τίς
740 371 841 426 οὐκ
867 372 932 427 ἂν
957 373 1298 445 προτραπείη
1331 371 1608 444 ὁμολογῶν
1654 372 1761 444 (42)
1799 371 1855 424 τὺ

1968 371 2202 426 stianum
2223 385 2343 425 esse
2360 369 2631 434 conﬁteri,
2651 377 2704 423 ct
2731 378 2787 423 ιιι
2801 368 3016 424 Patrem
3047 370 3282 426 habeat?
3301 372 3392 442 qui
3410 387 3554 428 enim

263 459 403 519 εἶναι
438 464 772 536 Χριστιανὸς
815 464 994 535 ἔργοις
1038 466 1133 519 καὶ
1171 465 1369 534 λόγοις,
1402 465 1490 520 ἵνα
1513 465 1608 518 καὶ
1637 465 1727 518 τὸν
1755 465 1855 517 Πα-

1976 459 2323 526 conﬁtentur,
2352 460 2568 516 Patrem
2592 463 2810 518 habent.

261 557 396 627 τέρα
427 556 532 628 ἔχῃ
561 574 575 622 ;
605 559 654 611 οί
684 557 791 628 γὰρ
819 557 1202 629 ὁμολογοῦντες
1231 557 1410 628 ἔχουσι
1441 557 1532 612 τὸν
1558 557 1798 629 Πατέρα.

331 647 396 701 Εί
429 648 892 720 μεταϐεϐήκαμεν
924 669 942 700 ‹
966 650 1030 703 ἐκ
1052 649 1144 702 τοῦ
1173 649 1404 703 θανάτου
1435 651 1514 713 είς
1537 648 1636 722 τὴν
1668 648 1816 720 ζωὴν
1847 669 1865 701 ι

261 737 348 792 διὰ
373 737 473 792 τοῦ
504 741 936 813 μεταϐεϐηκέναι
977 739 1084 794 ἀπὸ
1130 741 1388 804 ἀπιστίας
1417 743 1498 804 είς
1534 741 1716 795 πίστιν
1742 783 1756 808 ,
1795 740 1869 812 μὴ

260 829 672 903 θαυμάζωμεν,
705 833 752 886 εἰ
779 835 927 903 μισεῖ
953 834 1099 902 ἡμᾶς
1125 835 1152 886 ὁ
1175 833 1376 904 κόσμος
1401 833 1531 904 (45).
1557 832 1742 895 Οὐδεὶς
1762 830 1870 903 γὰρ

2045 638 2137 692 4-1.
2193 636 2350 691 Sita
2403 645 2580 692 morte
2631 637 2982 692 transivimus
3029 639 3097 692 ad
3148 639 3317 694 vitam
3337 641 3463 706 ","D
3491 657 3559 697 eo

1973 732 2116 801 quod
2145 733 2213 785 ab
2249 731 2566 785 inﬁdelitate
2596 731 2663 784 ad
2699 730 2860 795 ﬁdem
2917 731 3328 800 transierimus;
3360 750 3428 789 ne
3455 734 3558 788 mi-

1973 835 2156 875 remur
2185 820 2227 875 si
2270 834 2368 873 nos
2387 820 2501 873 odit
2529 819 2779 874 mundus.
2812 819 2980 874 Nemo
3021 823 3162 876 enim
3205 823 3294 893 qui
3324 839 3354 877 a
3386 833 3560 880 morte

1972 915 2038 968 ad
2077 913 2242 967 vitam
2275 927 2380 966 non
2418 911 2734 975 transierit,
2765 912 2861 967 sed
2892 916 3216 969 remanserit
3269 915 3322 969 in
3357 929 3554 984 morte,

1973 1021 2066 1060 eos
2092 1019 2280 1059 amare
2340 1010 2521 1074 potest
2543 1004 2634 1072 qui
2678 1006 3011 1060 transierunt
3039 1022 3067 1060 a
3093 1009 3381 1065 tenebrosa
3410 1025 3558 1066 mor-

262 924 338 997 μὴ
379 922 635 995 μεταϐὰς
659 925 724 977 ἐκ
753 922 845 976 τοῦ
875 922 1103 978 θανάτου
1139 927 1219 988 εἰς
1245 923 1341 994 τὴν
1391 923 1554 994 ζωὴν,
1592 923 1727 977 ἀλλὰ
1782 922 1870 994 μὲ-

256 1031 364 1068 νων
389 1016 452 1068 ἐν
474 1013 558 1084 τῷ
587 1013 822 1086 θανάτῳ,
871 1014 1092 1070 δύναται
1127 1018 1347 1086 ἀγαπᾷν
1388 1016 1514 1078 τοὺς
1564 1014 1870 1086 μεταϐεϐη-

257 1106 427 1168 κότας
457 1103 574 1158 ἀπὸ
603 1106 881 1175 σκοτεινῆς
906 1106 1005 1177 τῆς
1036 1104 1129 1160 τοῦ
1189 1106 1450 1169 θανάτου,
1484 1105 1548 1158 ἵν’
1587 1105 1763 1169 οὕτως
1808 1108 1866 1157 ὀ-

254 1196 506 1268 νομάσω,
539 1197 738 1260 οἰκίας.
761 1197 848 1250 ἐπὶ
874 1196 940 1250 τὰ
960 1197 1358 1269 πεπληρωμένα
1385 1196 1790 1268 οἰκοδομήματα
1805 1197 1868 1249 ἐκ

253 1287 421 1340 λίθων
467 1285 694 1351 ζώντων
745 1286 922 1356 φωτὸς
969 1288 1136 1359 ζωῆς.
1187 1308 1205 1340 ι
1247 1288 1417 1360 ’Υπὲρ
1463 1289 1619 1360 ἡμῶν
1674 1289 1868 1361 ἔθηκεν

267 1377 484 1450 Ἰησοῦς
514 1379 618 1450 τὴν
649 1378 826 1450 ψυχήν
847 1397 860 1409 ·
893 1399 909 1432 ι
938 1381 1208 1450 καὶὴμεῖς
1227 1376 1319 1433 οὖν
1344 1380 1525 1450 Θῶμεν
1553 1380 1741 1452 αὐτὴν,
1769 1381 1868 1435 οὐκ

253 1472 369 1545 ἐρῶ
400 1473 553 1541 ὑπὲρ
587 1472 772 1536 αὐτοῦ,
803 1472 915 1526 ἀλλ’
952 1474 1090 1544 ὑπὲρ
1117 1473 1324 1528 ἑαυτῶν
1349 1489 1362 1504 °
1397 1469 1551 1544 οἶμαι
1579 1474 1624 1527 δ’
1647 1476 1729 1528 ὅτι
1762 1477 1866 1531 κᾶν

250 1565 396 1638 ὑπὲρ
424 1565 551 1619 τῶν
584 1567 642 1618 ἐν
660 1563 737 1635 τῷ
768 1564 1051 1637 μαρτυρίῳ
1072 1564 1230 1635 ἡμῶν
1269 1564 1861 1636 οἰκοδομηθησομένων.

262 1657 495 1728 Ἐνέστη
563 1659 693 1727 ἡμῖν
737 1658 926 1728 καιρὸς
965 1655 1307 1727 Χριστιανῶν
1359 1658 1696 1727 καυχήσεων.
1731 1679 1748 1709 ι
1789 1661 1862 1711 Οὐ

255 1750 419 1818 μόνον
488 1749 626 1820 γὰρ,
712 1750 846 1820 φησὶ
867 1793 881 1817 ,
938 1749 1072 1803 ἀλλὰ
1120 1751 1213 1803 καὶ
1259 1747 1597 1820 καυχώμενοι
1639 1753 1696 1803 ἐν
1739 1755 1857 1817 ταῖς

253 1839 508 1910 θλίψεσιν
536 1859 548 1871 ·
586 1841 784 1906 εἰδότες
812 1843 892 1895 ὅτι
921 1842 954 1912 ἡ
983 1840 1162 1912 θλίψις
1214 1842 1490 1913 ὑπομονὴν
1521 1842 1857 1914 κατεργάζε-

251 1949 374 1985 ται*
402 1933 440 2004 ἡ
465 1931 528 1986 δὲ
563 1932 808 2003 ὑπομονὴ
852 1931 1112 2004 δοκιμήνο
1145 1935 1177 2004 ἢ
1215 1933 1271 1986 δέ
1304 1933 1502 2006 δοκιμὴ
1546 1934 1735 1989 ἐλπίδα
1759 1952 1772 1964 ·
1823 1936 1856 2005 ἡ

252 2022 310 2077 δὲ
340 2023 508 2088 ἐλπὶς
542 2024 601 2077 ού
648 2022 994 2094 καταισχύνει
1016 2041 1031 2054 ο
1065 2043 1082 2074 ι
1117 2024 1274 2095 μόνον
1301 2041 1320 2074 ι
1347 2026 1379 2095 ἡ
1413 2027 1598 2097 ἀγάπη
1616 2025 1708 2079 τοῦ
1722 2024 1856 2079 Θεοῦ

254 2117 586 2188 ἐκκεχύσθω
614 2120 671 2172 ἐν
693 2123 812 2183 ταῖς
836 2119 1080 2192 καρδίαις
1127 2120 1283 2191 ήμῶν
1311 2121 1398 2174 διά
1420 2123 1514 2174 τοῦ
1544 2121 1860 2193 Πνεύματος

253 2209 442 2276 ἁγίου.
479 2227 499 2260 ι
526 2209 736 2274 Παῦλος
763 2211 861 2282 μὲν
887 2210 1111 2280 λεγέτωι
1139 2231 1156 2262 ι
1179 2211 1240 2264 Ei
1267 2213 1406 2266 κατά
1433 2213 1717 2285 ἄνθρωπον
1735 2213 1860 2285 ἐθη-

255 2302 584 2372 ριομάχησα
605 2304 662 2355 ἐν
708 2303 939 2373 Ἐφέσῳ·
963 2322 981 2355 ι
1011 2305 1168 2375 ἡμεῖς
1189 2305 1245 2358 δέ
1271 2323 1290 2356 ι
1327 2306 1390 2358 Ei
1414 2305 1554 2358 κατὰ
1577 2305 1859 2376 ἄνθρωπον

250 2391 544 2464 ἀνῃρέθην
578 2394 635 2446 ἐν
667 2393 944 2465 Γερμανίᾳ
971 2394 1100 2463 (44).
1131 2411 1150 2443 ι

325 2483 394 2534 Ei
434 2501 456 2532 ‹
509 2482 690 2545 καθὼς
718 2484 1122 2554 περισσεύειτά
1147 2485 1443 2555 παθήματα
1479 2487 1572 2540 τοῦ
1601 2487 1860 2559 Χριστοῦ,

246 2571 403 2625 οὕτω
431 2573 530 2625 διὰ
545 2573 639 2625 τοῦ
661 2575 895 2643 Χριστοῦ
926 2574 1237 2645 περισσεύει
1259 2578 1350 2628 καὶ
1369 2578 1403 2646 ἡ
1431 2577 1775 2649 παράκλησις
1793 2619 1809 2645 ,
1839 2600 1856 2631 ›

248 2662 664 2731 προθυμότατα
716 2663 1144 2735 παραδεξώμεθα
1172 2665 1241 2719 τὰ
1271 2669 1506 2738 Χριστοῦ
1545 2670 1862 2742 παθήματα,

251 2751 356 2806 καὶ
391 2768 464 2803 πε
474 2754 813 2823 ρισσευσάτω
837 2757 895 2808 ἐν
917 2757 1067 2826 ἡμῖν,
1093 2756 1250 2829 εἴπερ
1273 2759 1575 2830 ὀρεγόμεθα
1600 2763 1864 2834 περισσῆς

253 2843 688 2916 παρακλήσεως,
719 2847 784 2918 ἢν
807 2848 1007 2913 πάντες
1034 2850 1133 2920 μὲν
1159 2851 1207 2902 οἱ
1232 2851 1554 2918 πενθοῦντες
1581 2856 1864 2928 παρακλη-

254 2931 553 3004 θήσονται,
601 2938 743 3008 τάχα
791 2939 848 2991 δὲ
897 2940 996 2993 οὐκ
1028 2939 1222 3011 ἐπίσης
1244 2958 1258 2971 ·
1289 2943 1338 2994 εἰ
1367 2943 1475 3015 γὰρ
1507 2945 1704 3017 ἐπίσης
1733 2942 1802 3018 ἦν
1829 2949 1862 3019 ἡ

1973 1100 2063 1162 tis,
2096 1107 2154 1152 ut
2185 1098 2258 1152 ita
2289 1098 2498 1162 dicam,
2544 1095 2704 1150 domo
2728 1098 2795 1151 ad
2817 1099 3047 1153 mdiﬁcia
3081 1100 3214 1156 lucis
3263 1103 3387 1158 vitae
3418 1103 3560 1160 rivis

1971 1203 2038 1244 ex
2078 1188 2344 1257 lapidibus
2375 1188 2661 1258 completa.
2693 1205 2714 1240 ι
2758 1188 2863 1245 Pro
2907 1191 3062 1246 nobis
3096 1194 3274 1262 posuit
3310 1196 3554 1250 animam

1971 1296 2120 1335 suam
2143 1282 2187 1313 ³ο
2224 1299 2265 1332 ι.
2308 1279 2488 1347 Jesus,
2526 1291 2580 1335 et
2605 1296 2703 1336 nos
2731 1283 2896 1352 igitur
2929 1299 3192 1353 ponamus
3241 1301 3388 1352 eam,
3444 1305 3552 1344 non

1973 1373 2148 1427 (licam
2189 1389 2287 1444 pro
2319 1374 2456 1443 ipso,
2487 1377 2582 1429 sed
2614 1391 2714 1444 pro
2745 1375 2925 1442 nobis,
2987 1371 3182 1446 opinor’
3235 1387 3416 1433 autem
3457 1396 3556 1448 pro

1973 1467 2040 1520 iis
2068 1467 2157 1536 qui
2197 1471 2459 1542 martyrio
2490 1480 2679 1524 nostro
2701 1469 3000 1524 aediﬁcandi
3031 1480 3180 1524 sunt.
3209 1471 3376 1526 Adest
3396 1473 3556 1530 nobis

1973 1568 2181 1630 tempus
2210 1561 2520 1618 Christiane
2567 1562 2858 1634 gloriandi.
2891 1561 3146 1618 Aitenim
3181 1581 3194 1617 :
3235 1582 3252 1615 ι
3292 1562 3408 1619 Non
3466 1580 3556 1620 so-

1971 1650 2078 1704 lum
2109 1661 2327 1715 autem,
2389 1658 2482 1709 sed
2527 1665 2581 1709 et
2625 1655 2921 1726 gloriamur
2976 1654 3030 1708 in
3086 1655 3552 1726 tribulationibus,

1965 1743 2370 1812 scientcs'quia
2417 1744 2692 1798 tribulatio
2745 1745 3062 1814 patientiam
3118 1753 3404 1815 operatur;
3461 1762 3557 1818 pa-

1961 1831 2147 1885 tientia
2170 1841 2350 1887 autcm
2379 1834 2795 1902 probationem;
2843 1834 3094 1903 probatio
3141 1845 3322 1890 autem
3355 1850 3506 1903 spem
3533 1852 3549 1900 ;

1959 1936 2084 1988 spes
2115 1936 2243 1976 vero
2283 1939 2388 1978 non
2434 1925 2740 1980 confundit.
2777 1944 2795 1977 ι
2831 1925 3063 1980 Tantum
3103 1945 3122 1978 ι
3161 1928 3403 1983 charitas
3452 1927 3552 1984 Dei

1961 2016 2157 2072 diffusa
2239 2015 2310 2070 sit
2376 2017 2430 2070 in
2506 2018 2767 2072 cordibus
2864 2019 3064 2073 nostris
3123 2034 3219 2088 per
3283 2021 3550 2087 Spiritum

1961 2120 2212 2166 sanctum
2230 2109 2297 2166 ³⁸.
2339 2128 2358 2160 ι
2399 2106 2594 2162 Paulus
2625 2107 2843 2177 quidem
2877 2108 3026 2162 dicat
3061 2126 3076 2162 :
3116 2128 3134 2160 ι
3166 2109 3220 2164 Si
3247 2113 3548 2166 secundum

1963 2199 2242 2260 hominem
2261 2203 2328 2255 ad
2346 2200 2550 2256 bestias
2566 2201 2798 2270 pugnavi
2828 2199 3027 2270 Ephesi
3043 2202 3091 2232 ³²
3119 2216 3135 2266 ;
3168 2221 3186 2254 ι
3206 2218 3306 2258 nos
3323 2212 3504 2258 autem
3529 2221 3546 2259 ε

1969 2314 1987 2348 ι
2018 2295 2076 2350 Si
2110 2294 2410 2350 secundum
2440 2292 2716 2348 hominem
2744 2291 2958 2346 occisus
2984 2307 3103 2347 sum
3128 2293 3544 2354 inGcrmauia.»

2033 2476 2300 2548 30242.
2321 2476 2377 2531 Si
2409 2493 2428 2526 ι
2466 2477 2610 2530 sicut
2635 2473 2910 2527 abundant
2930 2472 3207 2540 passiones
3223 2474 3448 2542 Christi,
3477 2477 3548 2532 ita

1965 2583 2061 2639 per
2090 2570 2366 2624 Christum
2406 2568 2647 2622 abundat
2689 2569 2988 2623 consolatio
3013 2569 3108 2630 ³³,ι
3168 2586 3378 2626 summa
3431 2575 3547 2626 ala-

1967 2661 2163 2715 critate
2199 2645 2482 2730 passiones
2528 2659 2730 2714 Christi
2763 2661 3148 2730 suscipiamus,
3176 2673 3232 2717 et
3271 2665 3551 2719 abundent

1968 2755 2071 2811 illae
2097 2756 2149 2810 in
2180 2756 2354 2817 nobis,
2407 2755 2453 2809 si
2482 2755 2849 2810 abundantem
2889 2757 3314 2814 consolationem
3372 2775 3546 2829 appe-

1969 2845 2132 2900 timus
2161 2859 2323 2915 quam
2359 2854 2764 2914 consequentur
2794 2860 2987 2900 omnes
3017 2847 3112 2914 qui
3156 2846 3376 2917 lugent;
3406 2848 3550 2905 forte

1969 2951 2075 2992 non
2106 2952 2170 2991 ex
2197 2951 2353 3005 aequo
2381 2951 2396 2991 :
2425 2937 2470 2992 si
2492 2937 2636 2993 enim
2660 2937 2883 3007 aequalis
2910 2939 3208 2994 consolatio
3240 2950 3404 3006 esset,
3435 2957 3547 2997 non

257 3025 635 3098 παράκλησις,
664 3031 765 3083 οὐκ
795 3031 860 3084 ἂν
886 3031 1195 3104 ἐγέγραπτο
1219 3034 1280 3086 τό
1305 3050 1318 3063 ·
1363 3051 1381 3085 ι
1413 3035 1622 3102 Καθὼς
1669 3055 1855 3110 περισ-

1968 3037 2110 3085 esset
2144 3031 2444 3097 scriptum:
2481 3046 2500 3080 ι
2537 3026 2686 3083 Sicut
2717 3029 2997 3084 abundant
3041 3031 3323 3098 passiones
3346 3033 3546 3089 Christi

256 3115 420 3173 σεύει
476 3118 546 3172 τὰ
603 3121 1039 3194 παθήματαιτοῦ
1077 3124 1314 3196 Χριστοῦ
1366 3127 1447 3190 είς
1493 3129 1661 3199 ἡμᾶς,
1694 3131 1849 3184 οὕτω

259 3208 581 3278 περισσεύει
610 3212 701 3264 καὶ
733 3213 766 3282 ἡ
797 3211 1138 3283 παράκλησις
1169 3213 1347 3284 ἡμῶν.
1385 3217 1447 3268 Οἱ
1473 3219 1716 3269 κοινωνοὶ
1743 3217 1850 3270 τῶν

259 3300 635 3372 παθημάτων,
671 3303 812 3357 κατὰ
843 3304 940 3373 τὴν
970 3304 1257 3374 ἀναλογίαν
1286 3306 1394 3358 τῶν
1421 3307 1757 3378 παθημάτων
1779 3304 1852 3362 ὧν

262 3394 371 3446 εἰσι
401 3396 650 3447 κοινωνοὶ
679 3396 815 3467 πρὸς
837 3396 1091 3467 Χριστὸν,
1123 3399 1368 3450 κοινωνοὶ
1401 3399 1611 3454 ἔσονται
1636 3401 1728 3453 καὶ
1756 3402 1854 3471 τῆς

265 3485 670 3556 παρακλήσεως
690 3503 704 3516 ο
736 3485 772 3540 ἂ
797 3487 890 3540 καὶ
925 3486 1222 3558 μανθάνετε
1288 3487 1395 3541 ἀπὸ
1421 3488 1514 3542 τοῦ
1561 3507 1853 3543 πεπιστευ-

268 3575 450 3643 μένως
493 3575 562 3630 τὰ
589 3561 813 3630 τοιαῦτα
843 3577 1092 3646 λέγοντος
1116 3596 1130 3609 ·
1168 3599 1187 3630 ι
1221 3579 1454 3650 Οἴδαμεν
1490 3579 1617 3651 γὰρ,
1647 3581 1722 3644 ὡς
1746 3598 1859 3634 κοι-

265 3671 424 3722 νωνοί
454 3671 577 3722 ἐστε
609 3669 717 3722 τῶν
765 3670 1123 3743 παθημάτων,
1152 3671 1294 3725 οὕτω
1325 3673 1420 3725 καὶ
1446 3673 1542 3742 τῆς
1572 3672 1859 3744 παρακλή-

265 3775 422 3823 σεως.
456 3779 476 3812 ι
509 3761 642 3831 Φησὶ
664 3761 720 3814 δέ
745 3761 832 3814 διὰ
860 3762 1136 3833 προφήτου
1161 3764 1188 3815 ὁ
1213 3763 1346 3826 Θεός
1371 3779 1385 3794 ·
1419 3783 1436 3813 ι
1466 3763 1656 3834 Καιρῷ
1687 3762 1859 3833 δεκτῷ

265 3849 552 3921 ἐπήκουσά
572 3868 684 3912 σου,
711 3853 802 3906 καὶ
825 3854 880 3905 ἐν
904 3853 1086 3924 ἡμέρᾳ
1111 3853 1380 3925 σωτηρίας
1404 3853 1676 3926 ἐϐοήθησά
1705 3871 1806 3907 σοι.
1834 3874 1853 3906 ι

264 3940 423 4006 Ποῖος
452 3937 547 3995 οῦν
590 3943 747 4007 ἄλλος
799 3944 1190 4013 εὐπρόσδεκτος
1237 3943 1428 4017 καιρὸς
1458 3945 1490 4017 ἢ
1526 3946 1613 3999 ὅτε
1641 3944 1729 3998 διὰ
1760 3947 1860 4016 τὴν

261 4029 489 4096 εῐςϋεὸν
503 4037 558 4088 ἐν
574 4036 792 4106 Χριστῷ
812 4035 1091 4089 εὐσέϐειαν
1108 4037 1212 4088 ὑπὸ
1232 4036 1473 4108 φρουρὰν
1493 4037 1862 4109 πομπεύοντες

257 4124 318 4178 ἐν
332 4126 410 4197 τῷ
443 4126 654 4198 κόσμῳ,
689 4129 784 4180 καὶ
816 4126 1236 4198 θριαμϐεύοντες
1271 4127 1468 4198 μᾶλλον
1493 4128 1638 4198 ἥπερ
1665 4129 1862 4198 θριαμ-

263 4215 564 4290 ϐευόμενοι,
589 4217 911 4290 ἀπαγόμεθα
938 4235 952 4283 ;
984 4219 1045 4272 Οἱ
1084 4217 1192 4288 γάρ
1224 4218 1281 4272 ἐν
1318 4217 1539 4288 Χριστῷ
1589 4217 1862 4289 μάρτυρες

265 4311 726 4366 συναπεκδύονται
775 4312 923 4382 αύτῷ
970 4312 1069 4375 τὰς
1116 4309 1290 4383 ἀρχὰς
1333 4311 1426 4364 καὶ
1463 4311 1561 4374 τὰς
1592 4310 1860 4388 ἐξουσίας,

347 4452 391 4484 ⁸⁵
415 4448 577 4505 Joan.
615 4467 670 4513 ν,
702 4448 790 4503 24.
859 4449 903 4481 ³ο
937 4449 1136 4505 lJoan.
1167 4465 1249 4512 Ill,
1284 4446 1368 4503 16.
1446 4446 1487 4478 ³¹
1514 4447 1668 4503 Rom.
1695 4462 1747 4513 ν,
1771 4447 1855 4512 5,4

1968 4489 1975 4503 .
2053 4447 2100 4480 ⁸³
2130 4446 2144 4500 l
2173 4445 2298 4501 Cor.
2334 4464 2421 4515 xv,
2449 4449 2540 4503 '52.
2619 4448 2664 4480 ³³
2693 4449 2733 4503 ΙΙ
2759 4449 2884 4505 Cor.
2905 4463 2946 4516 1,
2972 4449 3030 4504 5.

268 4516 311 4552 ³⁸
342 4519 381 4575 ιι
436 4521 563 4573 Cor.
609 4538 684 4584 γι,
761 4521 831 4586 2;
897 4521 1169 4585 lsa.xux,
1198 4521 1253 4574 8.

1954 3121 2006 3175 in
2038 3120 2231 3184 nobis,
2263 3119 2342 3173 sic
2379 3118 2618 3173 abundat
2657 3127 2713 3173 et
2763 3121 3067 3177 consolatio
3130 3132 3338 3180 nostra.
3384 3143 3405 3177 ι
3441 3126 3542 3194 Qui

1955 3213 2087 3268 socii
2121 3211 2432 3280 passionum
2483 3221 2630 3278 sunt,
2669 3215 3019 3283 proportione
3050 3217 3368 3286 passionum
3405 3234 3548 3288 quas

1955 3319 2078 3359 cum
2107 3303 2328 3357 Christo
2381 3305 2727 3371 partiuntur,
2767 3305 2899 3360 socii
2934 3315 3096 3361 erunt
3124 3316 3179 3363 et
3205 3310 3544 3366 consolatio-

1956 3397 2061 3451 nis.
2098 3393 2222 3450 llzrc
2251 3395 2318 3450 ab
2349 3395 2437 3449 illo
2465 3396 2675 3451 discitis
2704 3397 2797 3466 qui
2821 3398 3157 3454 conﬁdenter
3182 3401 3319 3455 dixit
3343 3419 3356 3455 :
3382 3420 3401 3454 ι
3427 3403 3547 3459 Sci-

1956 3485 2084 3540 licet
2115 3487 2257 3553 quod
2292 3486 2431 3540 sicut
2465 3487 2599 3541 socii
2631 3483 2944 3556 passionum
3003 3489 3158 3555 estis,
3190 3492 3271 3546 sic
3295 3492 3448 3548 eritis
3485 3502 3545 3548 et

1958 3577 2346 3633 consolationis
2361 3578 2428 3634 ³⁵.
2464 3597 2483 3630 ι
2508 3579 2601 3632 Ait
2632 3587 2812 3632 autem
2847 3595 2944 3648 per
2986 3581 3304 3650 prophetam
3359 3582 3541 3639 Deus:

1966 3687 1985 3720 ι
2017 3668 2285 3737 Tempore
2307 3681 2532 3738 accepto
2557 3670 2810 3724 exaudiri
2837 3680 2911 3735 te,
2933 3673 3068 3726 etin
3095 3672 3183 3727 die
3206 3673 3398 3729 salutis
3443 3676 3544 3729 ad-

1955 3759 2069 3826 juvi
2103 3751 2154 3814 te
2169 3759 2236 3816 ³³.
2268 3780 2287 3812 ›
2321 3759 2600 3824 Quodnam
2632 3761 2796 3833 igitur
2841 3762 2985 3819 aliud
3027 3773 3238 3834 tempus
3267 3767 3545 3835 acceptius

1961 3865 2123 3919 quam
2145 3865 2269 3905 cum
2302 3857 2520 3921 propter
2550 3862 2791 3907 nostram
2825 3867 2955 3923 erga
3009 3853 3177 3908 Deum
3223 3857 3279 3910 in
3327 3855 3544 3913 Christo

1963 3942 2216 4013 pietatem
2262 3943 2364 3998 sub
2422 3944 2720 3998 custodiam
2778 3944 2832 3998 in
2887 3959 3080 4016 pompa
3118 3944 3432 4003 incedentes
3487 3949 3542 4003 in

1963 4034 2199 4097 mundo,
2259 4034 2352 4088 sed
2405 4035 2804 4106 triumphantes
2876 4035 3056 4106 potius
3117 4053 3280 4107 quam
3357 4041 3544 4095 trimu-

1961 4127 2136 4195 phati,
2199 4126 2565 4183 abducimur?
2617 4129 2884 4200 Martyres
2941 4131 3089 4184 enim
3151 4129 3356 4186 Christi
3415 4146 3540 4186 cum

1965 4217 2081 4287 ipso
2105 4219 2412 4287 exspoliant
2450 4220 2792 4290 principatus
2825 4228 2880 4274 et
2912 4230 3232 4290 potestates,
3263 4223 3402 4292 cum]
3424 4222 3542 4290 ipso

1965 4311 2300 4381 triumphant
2355 4311 2498 4376 illos,
2530 4319 2591 4365 ut
2633 4325 2756 4365 cum
2793 4311 2928 4366 socii
2973 4312 3175 4367 fuerint
3226 4313 3540 4382 passionum

3109 4449 3152 4482 ”
3249 4448 3405 4517 lbid.,
3483 4452 3536 4508 7.

336 4664 451 4737 (42)
500 4662 1026 4737 'Oyolorrbtj._l_.ego
1050 4662 1351 4737 duetorem.
1376 4661 1639 4737 Isidorus
1668 4660 1848 4737 Qrig.,
1881 4666 1926 4722 D
1951 4670 2005 4737 et
2030 4661 2296 4737 doctrina
2316 4675 2539 4737 operum
2571 4669 2752 4737 nostra
2773 4668 3048 4737 c_onslant.
3093 4679 3112 4713 ι
3149 4660 3333 4737 Talem
3369 4663 3539 4737 ﬁnisse

265 4735 303 4792 l.
336 4731 508 4799 ru,c.
544 4731 634 4798 l5,
686 4731 739 4804 ρ.
779 4733 916 4804 1007
943 4731 1008 4786 z'r
1046 4731 1169 4804 Non
1194 4747 1254 4787 se
1292 4732 1550 4804 glorietur
1576 4731 1843 4804 Christiaf

269 4821 424 4868 num,
452 4804 542 4872 qui
576 4800 768 4859 nomen
824 4803 1004 4864 habet.
1051 4812 1106 4856 et
1149 4800 1438 4857 facta—non
1499 4802 1684 4855 habet.
1738 4800 1842 4872 Ubi

268 4870 671 4928 autemhomen
703 4881 947 4927 secutum
981 4872 1141 4925 fuerit
1193 4887 1349 4940 opus,
1398 4872 1703 4925 certissime
1753 4870 1843 4924 ille

267 4954 353 4996 est
390 4940 743 5012 Christianus.
784 4943 1113 5012 iiPraepouiAt
1162 4942 1431 5012 Origenes
1452 4941 1592 4994 facta
1624 4941 1841 5012 _verbis.

269 5013 364 5066 Sic
398 5011 772 5076 Athenagoras
795 5011 916 5079 Leg.
939 5027 1032 5078 pro
1051 5009 1248 5066 Christ.
1265 5009 1348 5079 'p.
1374 5010 1462 5077 14,
1483 5012 1547 5064 de
1565 5010 1800 5064 ethnicis
1827 5028 1841 5063 :

279 5082 392 5135 ’Λεί
425 5098 480 5134 τι
512 5079 1502 5152 ἐργάσασθαι-ἐπιθυμοῦντες,-κακδν,
1532 5079 1725 5149 τέχνην
1763 5079 1850 5132 λό-

267 5169 398 5222 γων,
443 5148 575 5222 καὶζ
594 5151 694 5202 οὐκ
757 5148 1012 5222 ἐπίδειξιν
1024 5148 1236 5222 ἔργων,
1262 5150 1324 5204 τὸ
1356 5148 1847 5222 πρᾶγμαπεποιη-

272 5218 440 5292 μένοι.
481 5239 502 5274 ι
539 5219 688 5292 Cum
712 5232 926 5286 semper
965 5218 1166 5292 aliquid
1195 5218 1690 5292 cperaricupiant,
1733 5218 1846 5273 rem

273 5288 468 5345 malum
493 5289 728 5343 artiﬁcio
768 5288 1034 5358 sermonis
1063 5288 1264 5358 absque
1290 5289 1471 5357 operis
1499 5289 1846 5358 demo-nstra—

273 5360 416 5414 tione
467 5361 694 5414 faciunt.
750 5375 770 5408 ι
833 5357 904 5406 De
955 5355 1279 5412 Christianis
1326 5355 1456 5411 itero
1491 5374 1504 5409 :
1538 5357 1612 5409 υύ
1656 5355 1847 5424 λόγους

270 5426 805 5500 διαμνημονεύουσιν,
836 5424 970 5478 ἀλλά
1003 5426 1228 5496 πράξεις
1253 5427 1462 5494 ἀγαθὰς
1492 5425 1848 5500 ἐπιδεικνύου-

276 5497 376 5553 σιν.
433 5497 616 5554 (Non
673 5511 957 5552 sermones
1006 5509 1458 5557 commemorant.
1514 5497 1608 5548 sed
1677 5497 1846 5550 bonas

275 5571 612 5632 operationcs
671 5567 984 5636 ostendunt.
1022 5585 1042 5616 ›
1074 5565 1138 5636 ljlt
1169 5581 1220 5632 p.
1249 5567 1312 5636 41
1349 5583 1362 5618 :
1404 5567 1480 5636 Οὐ
1530 5564 1725 5636 μελέτῃ
1752 5564 1841 5636 λό-

274 5649 402 5704 γων.
441 5637 554 5693 ἀλλ’
608 5634 860 5702 ἐπιδείξει
900 5637 992 5690 καὶ
1028 5634 1344 5704 διδασκαλία
1386 5634 1562 5705 ἔργων
1597 5635 1666 5687 τὰ
1698 5634 1838 5705 ἠμέ-

275 5719 419 5778 sapa.
463 5727 482 5760 ι
521 5708 635 5764 Non
668 5723 796 5762 cura
852 5721 1184 5769 sermonum,
1245 5705 1336 5761 sed
1380 5706 1839 5762 demonstratione

593 5803 868 5863 ΡΛτιιοι..
913 5802 1029 5864 Gn.
1060 5802 1184 5864 ΧΙ.

1951 4732 2236 4800 Origenem
2267 4733 2424 4800 docet
2453 4731 2751 4800 Gregprius
2783 4731 3220 4800 Thaumaturgus
3245 4773 3258 4794 ,
3290 4733 3342 4787 in
3367 4733 3536 4788 Pane-

1951 4796 2130 4873 gyrico
2157 4817 2176 4855 :
2205 4801 2316 4870 Ούχ
2340 4799 2514 4873 οῦτῳς
2555 4796 2710 4873 οὗτος
2741 4799 2808 4853 τὰ
2836 4801 2963 4873 περὶ
2989 4796 3196 4873 ἀρετῶν
3225 4802 3354 4872 ἡμῖν
3395 4803 3536 4871 διεξ-

1950 4869 2036 4942 ῄει
2062 4871 2238 4956 λόγοις
2257 4869 2400 4956 ’ἐπι
2427 4871 2481 4922 δὲ
2513 4869 2600 4956 τὰ.
2625 4871 2761 4956 ἕρνγα
2813 4869 3042 4956 μᾶλλονξ
3058 4869 3356 4956 παρεκάλει
3380 4892 3394 4905 σ

1952 4939 2250 5022 παρεκάλει
2303 4940 2463 5021 πλέον
2515 4939 2890 5022 τοῖςξέργοιζς,
2985 4939 3089 5023 οἷς.
3113 4939 3318 5010 ἔλεγεν.
3346 4962 3386 5024 ⁸ι
3436 4945 3538 4998 Iste

1956 5011 2256 5091 (Origenes)
2290 5011 2447 5091 nobis
2478 5012 2792 5091 doctrinam
2811 5012 2878 5066 de
2911 5013 3534 5091 ιἰιξιιιιιΙηιξφςρίιοανίι,

1957 5080 2064 5139 non
2096 5080 2176 5134 sic
2223 5080 2455 5150 (scilicet
2509 5089 2568 5134 ut
2609 5081 2890 5149 gentilium
2947 5080 3300 5151 philosophi),
3335 5085 3428 5137 sed
3468 5087 3533 5136 ad

1955 5165 2117 5218 Opera
2157 5151 2337 5222 potius
2386 5152 2708 5206 exhortatus
2739 5161 2841 5213 est,
2878 5162 2932 5205 et
2969 5155 3137 5222 magis
3185 5154 3302 5204 suis
3356 5153 3535 5218 operi-

1956 5223 2056 5290 lms
2083 5221 2406 5290 exhortatus
2429 5231 2534 5284 est,
2566 5236 2727 5290 quam
2791 5222 2971 5276 dictis.
3021 5241 3039 5273 ›
3061 5221 3228 5290 Ὼιιαι
3248 5224 3536 5290 conﬁrmat

1954 5289 2240 5354 Eusebius,
2268 5288 2412 5344 Hist.
2445 5288 2600 5352 εει-1.,
2629 5291 2665 5344 1.
2694 5307 2765 5352 rt,
2791 5307 2836 5344 c.
2879 5292 2934 5352 5,
2966 5300 3019 5344 ct
3051 5289 3277 5356 Mccph.
3319 5288 3530 5343 Callist.

1955 5358 2103 5411 Hist.
2135 5361 2285 5422 πει..
2316 5361 2351 5412 Ι.
2390 5375 2442 5426 v,
2471 5377 2520 5415 c.
2545 5359 2602 5416 4.
2633 5359 3010 5416 Wsrsramus.

2025 5429 2136 5500 (45)
2171 5429 2232 5483 '0
2262 5425 2508 5500 κόσμος.
2539 5430 2678 5484 Male
2699 5431 2749 5483 in
2773 5432 2962 5484 codice
2995 5426 3367 5497 manuscripto
3394 5425 3533 5481 scri-

1951 5508 2217 5572 pttnuest
2245 5502 2273 5551 ό
2298 5500 2505 5572 κύριος.

2022 5568 2132 5639 (44)
2174 5569 2276 5623 Ἐν
2316 5564 2639 5638 Γερμανίᾳ.
2683 5565 2815 5622 Vide
2849 5564 3293 5635 Origcnianorum
3341 5565 3435 5620 lib.
3488 5576 3531 5628 ι,

1949 5652 2068 5709 cap.
2093 5641 2150 5708 5,
2178 5654 2325 5693 num.
2361 5641 2416 5692 4.

3174 5782 3255 5847 20
