3988 6156
385 267 490 322 619

1814 256 2148 317 ΟΒΙΕΕΝΙΞ

3546 259 3652 316 6ἒο

387 387 526 455 ejus,
561 386 641 443 sic
673 391 730 442 et
757 384 812 440 in
847 383 911 441 iis
942 397 1062 455 quae
1087 381 1336 452 patiendo
1375 381 1590 438 fortiter
1619 383 1808 454 gessit,
1835 399 1958 453 par-

2070 381 2156 434 καὶ
2213 377 2731 450 συνθριαμϐευουσιν
2751 418 2764 442 ,
2793 378 2868 440 ῶς
2899 376 3143 431 κοινωνοὶ
3173 376 3284 430 τῶν
3311 374 3652 447 παθημάτων

387 495 494 538 tem
527 481 787 547 habeant;
815 480 956 533 inter
976 492 1098 547 quae
1131 474 1373 531 facinora
1405 485 1459 530 et
1483 475 1610 530 illud
1652 486 1736 532 est
1763 478 1957 530 trium—

387 577 586 645 phasse
613 572 941 644 principatus
967 577 1022 623 et
1051 575 1382 636 potestates;
1412 581 1548 636 quos
1593 568 1742 623 brevi
1783 570 1958 623 victos

384 679 441 723 et
469 664 761 722 debellatos
795 658 1065 715 videbitis.
1097 656 1229 726 Quae
1249 667 1430 714 autem
1462 660 1566 714 alia
1594 660 1816 730 perinde
1843 660 1956 714 dies

385 758 578 813 salutis
625 763 707 811 est
757 767 822 808 ac
861 751 951 805 illa
1003 765 1110 820 qua
1165 749 1291 804 hinc
1319 750 1410 805 tali
1441 753 1602 806 modo
1653 751 1957 807 exceditis?

385 851 491 906 Sed
522 850 763 909 obsecro,
807 862 826 896 ε
864 843 1068 899 nemini
1109 843 1232 899 date
1261 843 1424 898 ullam
1456 842 1810 900 offensionem
1833 884 1848 908 ,
1900 854 1958 898 ut

383 960 489 1000 non
526 943 861 1010 vituperetur
903 939 1302 1004 ministerium;
1354 939 1450 994 sed
1488 939 1540 993 in
1565 939 1818 996 omnibus
1870 953 1959 994 ex-

382 1035 613 1092 hibeatis
642 1033 1003 1102 vosmetipsos
1057 1031 1200 1087 sicut
1233 1032 1330 1088 Dei
1387 1030 1668 1086 ministros
1705 1032 1758 1086 in
1789 1031 1955 1085 multa

380 1126 698 1200 patientia“
718 1166 734 1192 ,
764 1144 784 1177 ι
809 1125 1087 1180 dicentes:
1109 1141 1128 1174 ‹
1152 1122 1219 1177 Ει
1247 1139 1391 1180 nunc
1415 1138 1532 1194 quae
1557 1132 1642 1178 est
1676 1131 1957 1192 exspecta-

381 1226 453 1278 tio
471 1220 626 1277 mea?
651 1231 831 1272 nonne
865 1216 1124 1271 Dominus
1139 1213 1220 1267 ³⁷Ὶ
1248 1234 1268 1267 ι
1299 1214 1543 1270 Scienles
1581 1233 1600 1266 ι
1626 1214 1820 1268 multas
1837 1229 1958 1270 esse

379 1314 754 1369 tribulationes
769 1310 1036 1380 iustorum
1057 1306 1130 1362 ἐς
1157 1325 1279 1360 ›-‹
1300 1309 1353 1362 in
1375 1306 1787 1362 necessitatibus
1805 1347 1819 1372 ,
1846 1325 1864 1359 ι
1899 1315 1958 1360 ut

378 1407 537 1478 quasi
574 1402 944 1460 necessariam
990 1400 1147 1456 nobis
1190 1398 1581 1456 beatitudinem
1626 1408 1954 1468 repetamus;

382 1518 402 1550 ‹
440 1498 496 1552 in
534 1493 934 1565 anguSIiis”,.r
977 1500 1033 1545 ut
1063 1500 1291 1561 angusta
1331 1500 1588 1558 arctaque
1621 1490 1729 1543 vita
1759 1489 1958 1544 indesi-

379 1599 572 1646 nenter
601 1584 946 1649 incedentes‘,
987 1585 1055 1639 ad
1088 1584 1253 1640 vitam
1284 1585 1679 1653 perveniamus.
1724 1580 1780 1634 Si
1823 1595 1956 1650 Opus

378 1685 472 1748 sit,
513 1680 869 1736 exhibeamus
897 1691 996 1734 nos
1022 1695 1039 1727 ‹
1074 1676 1128 1732 in
1156 1675 1455 1738 laboribus,
1521 1673 1577 1726 in
1643 1671 1862 1740 vigiliis,
1903 1679 1958 1725 et

381 1779 434 1829 in
464 1771 745 1844 jejuniis"o
781 1789 795 1826 :
836 1787 958 1823 ι-ι
983 1781 1111 1824 ecce
1141 1768 1284 1822 enim
1315 1765 1609 1828 Dominus,
1662 1771 1716 1817 et
1750 1777 1958 1817 merces

382 1869 436 1922 in
471 1881 631 1921 manu
661 1863 796 1935 ejus,
824 1870 883 1918 ut
910 1859 1102 1916 reddat
1129 1857 1418 1928 unicuique
1442 1855 1736 1912 secundum
1791 1868 1957 1922 opera

383 1959 563 2016 sua“.
600 1975 619 2010 ι

425 2130 542 2196 45.
573 2140 728 2194 Nunc
771 2135 1116 2192 ostendamus
1164 2145 1263 2186 nos
1303 2126 1587 2184 scientiam
1647 2137 1744 2194 per
1793 2135 1958 2192 opera

383 2233 626 2290 scientiae
651 2229 1031 2286 convenientia
1075 2223 1468 2294 concupivisse.
1502 2218 1692 2273 Omnis
1738 2217 1960 2272 castitas

381 2323 823 2388 manifesteturin
849 2321 1002 2377 nobis
1033 2338 1046 2375 :
1075 2328 1134 2374 ut
1162 2315 1484 2388 Ionganimis
1508 2310 1734 2376 Deifilii,
1761 2318 1815 2362 et
1845 2307 1960 2361 lon-

382 2418 616 2489 ganimis
644 2415 846 2472 Christi
877 2413 1095 2476 fratres,
1123 2407 1588 2478 longanimitatem
1621 2403 1673 2455 in
1707 2399 1960 2454 omnibus

381 2488 499 2577 qua:
545 2507 699 2562 nobis
743 2504 1038 2566 accidunt,
1081 2499 1436 2556 exhibeamus
1479 2512 1493 2549 :
1537 2514 1556 2546 ι
1609 2488 1960 2560 Longanimis

385 2602 530 2656 enim
562 2601 645 2654 vir
679 2596 882 2652 multus
935 2595 988 2648 in
1041 2590 1349 2664 prudentia,
1389 2583 1744 2659 pusillanimis
1782 2591 1959 2636 autem

384 2692 542 2746 valde
600 2686 912 2758 imprudens
931 2683 999 2740 δ’.
1041 2703 1058 2734 ι
1097 2681 1154 2737 Si
1208 2687 1421 2750 Oportet
1478 2691 1536 2732 se
1578 2672 1962 2732 commendare

390 2802 408 2835 ι
444 2798 542 2853 per
576 2795 723 2834 arma
758 2777 984 2846 justitite
1023 2789 1053 2829 a
1100 2773 1304 2829 dextris
1330 2783 1433 2825 eta
1459 2767 1696 2825 sinistris
1711 2765 1789 2829 ἠς
1817 2783 1836 2817 ι
1869 2763 1960 2834 qui

383 2872 883 2930 commendavimus
931 2867 1294 2937 nosmetipsos
1329 2884 1348 2917 ι
1393 2878 1492 2934 per
1519 2861 1744 2932 gloriam
1782 2877 1799 2910 ι
1854 2871 1960 2926 qua

384 2980 662 3036 nunquam
696 2963 822 3018 elati
853 2974 1058 3023 sumus,
1088 2971 1235 3012 nunc
1267 2973 1287 3008 ι
1332 2954 1612 3010 infamiam
1640 2970 1660 3004 ι
1698 2952 1963 3021 patienter

386 3062 649 3122 feramus,
677 3070 739 3110 ac
767 3055 890 3108 licet
917 3071 936 3103 ‹
971 3051 1166 3105 bonam
1201 3047 1398 3101 famam
1428 3065 1446 3098 ι
1481 3044 1728 3099 moribus
1758 3041 1961 3096 nostris

383 3151 566 3208 meriti
597 3149 766 3203 simus
795 3153 850 3198 et
879 3139 1152 3197 consecuti
1172 3137 1237 3203 “,
1262 3139 1554 3205 irrogatam
1579 3136 1643 3188 ab
1667 3133 1826 3203 303
1863 3133 1964 3186 im-

383 3248 492 3320 piis
509 3265 528 3298 ι
556 3241 834 3299 infamiam
859 3257 876 3290 ι
898 3237 1283 3292 sustineamus.
1305 3232 1576 3287 Prmterea
1615 3229 1658 3284 si
1687 3242 1744 3284 ut
1765 3248 1784 3280 ε
1809 3243 1965 3283 vera-

385 3351 476 3392 ces
517 3354 536 3388 ι
578 3347 676 3388 nos
703 3328 882 3385 mirati
911 3332 1036 3382 sunt
1063 3324 1098 3378 ii
1125 3324 1217 3393 qui
1237 3322 1522 3377 veritatem
1552 3329 1737 3375 amant
1769 3338 1781 3374 :
1821 3333 1965 3374 nunc

385 3443 508 3482 cum
539 3426 771 3481 dicimur
811 3437 830 3471 ι
869 3416 1104 3484 seducti,
1146 3433 1165 3467 ι
1199 3415 1496 3470 rideamus.
1539 3412 1620 3468 Ob
1652 3410 1820 3466 multa
1852 3409 1965 3478 qui-

385 3521 488 3575 bus
513 3513 726 3573 liberati
755 3523 941 3566 sumus
990 3506 1227 3580 pericula
1256 3504 1409 3560 multi
1444 3519 1540 3558 nos
1570 3504 1677 3557 Deo
1709 3520 1730 3553 ι
1771 3501 1960 3572 cogni-

388 3621 473 3666 tos
509 3629 527 3661 ›
562 3623 681 3663 esse
703 3606 956 3660 dixerunt
983 3619 998 3670 ;
1028 3613 1170 3656 nunc
1203 3597 1296 3667 qui
1326 3595 1486 3663 volet,
1519 3595 1665 3650 dicat
1691 3608 1788 3646 nos
1825 3612 1844 3644 ι
1885 3594 1963 3662 ig-

387 3711 563 3766 notos,
593 3714 765 3753 reum
817 3695 958 3748 forte
1011 3690 1184 3759 magis
1248 3687 1644 3758 cognoscimur.
1702 3685 1964 3739 Ferentes

386 3794 552 3862 igitur
577 3805 694 3860 qua:
719 3788 1054 3856 contingunt,
1090 3782 1484 3852 (“castigamnn
1520 3779 1612 3834 sed
1642 3793 1744 3832 non
1775 3776 1967 3830 morti-

391 3885 656 3946 ticamur,
722 3897 740 3928 ι
797 3886 854 3932 et
909 3895 929 3928 ι
997 3874 1242 3929 tristibus
1291 3871 1655 3928 assimilatnur
1691 3868 1783 3938 qui
1839 3883 1962 3938 gau-

391 3974 598 4027 demus.
632 3990 650 4022 ι

462 4063 551 4117 44.
597 4063 690 4119 Αἰι
725 4057 925 4114 alicubi
958 4054 1160 4111 Paulus
1191 4053 1257 4107 ad
1290 4066 1384 4107 cos
1412 4052 1504 4121 qui
1533 4052 1600 4106 ab
1631 4051 1786 4106 initio
1816 4051 1964 4121 passi

390 4166 584 4222 erant,
611 4154 914 4210 cohortans
944 4161 1039 4203 eos
1068 4157 1126 4200 ut
1152 4147 1205 4200 in
1237 4144 1412 4215 prima
1443 4143 1534 4198 illa
1563 4143 1819 4212 patientia
1850 4156 1967 4211 pcr-

389 4253 740 4308 sevcrarent,
785 4252 841 4298 et
887 4239 1124 4297 secunda
1177 4235 1417 4308 pericula
1469 4242 1694 4305 pmpter
1738 4235 1962 4288 verbum

390 4342 487 4397 Dei
517 4341 679 4411 illata
719 4336 974 4393 ferrent:
1009 4351 1028 4384 ι
1055 4329 1519 4387 Rememoramini
1553 4325 1816 4398 pristinos
1849 4327 1964 4382 dies

2058 468 2221 523 αὑτοῦ
2255 470 2549 540 γινόμενοι,
2577 467 2717 521 οὑτω
2736 465 2954 521 καὶτῶν
2978 468 3035 520 ὲν
3059 469 3172 530 τοῖς
3203 465 3524 536 παθήμασιν
3540 464 3653 538 (45)

2059 560 2224 616 αὑτοῦ
2273 559 2774 631 ἀνδραγαθημάτων
2799 576 2812 589 ·
2848 558 2907 623 ἐξ
2939 551 3013 611 ὧν
3058 558 3172 610 ἐστι
3220 557 3315 611 καὶ
3352 557 3412 608 τὸ
3456 555 3656 628 θριαμ-

2059 652 2250 705 ϐεῦσαι
2273 650 2373 713 τὰς
2404 650 2599 720 ἀρχὰς,
2635 649 2727 704 καὶ
2755 648 2854 714 τὰς
2904 647 3152 713 ἐξουσίας
3171 662 3189 679 ·
3224 648 3290 710 ἃς
3329 649 3445 718 μετ’
3476 648 3656 716 ὀλίγον

2058 740 2251 810 ὄψεσθε
2309 739 2700 810 νενικημένας,
2742 739 2836 791 καὶ
2880 738 3296 809 κατισχυμένας.
3338 737 3476 791 Ποία
3520 739 3654 810 ἄλλη

2057 830 2228 894 οὕτως
2259 831 2439 903 ἡμέρα
2473 831 2746 902 σωτηρίας
2775 831 2851 893 ὠς
2881 830 3062 901 ἡμέρα
3089 829 3188 899 τῆς
3209 829 3464 899 τοιαύτης
3495 830 3656 901 ἡμῶν

2058 923 2307 979 ἐντεῦθεν
2356 925 2710 994 ἀπαλλαγῆς;
2775 921 2936 975 Ἀλλὰ
2993 921 3296 993 παρακαλῶ
3318 958 3338 987 ,
3394 942 3412 974 ι
3489 925 3657 994 μηδε-

2062 1019 2191 1089 μίαν
2242 1016 2352 1088 (46)
2394 1018 2452 1070 tv
2488 1017 2676 1087 μηδενὶ
2713 1016 2847 1068 δῶτε
2889 1014 3203 1086 προσκοπήν
3229 1052 3248 1078 ,
3285 1015 3371 1067 ἵνα
3412 1015 3488 1086 μὴ
3544 1034 3657 1085 μω-

2063 1112 2206 1182 μηθῇ
2254 1114 2287 1182 ἡ
2337 1110 2610 1173 διακονία,
2667 1108 2801 1162 ἀ).λά
2852 1110 2909 1161 tv
2964 1109 3127 1160 παντὶ
3181 1108 3406 1170 ἑαυτοὺς
3463 1109 3660 1179 cuni]-

2061 1202 2225 1256 σασθε
2258 1201 2389 1273 (47),
2420 1202 2495 1265 ὡς
2517 1201 2650 1254 Θεοῦ
2671 1200 2904 1253 διάκονοι
2931 1199 2986 1250 tv
3015 1199 3258 1268 ὑπομονῇ
3286 1196 3476 1267 πολλῇ,
3516 1216 3534 1248 ›
3560 1197 3652 1250 λέ-

2059 1311 2244 1363 γοντες
2265 1311 2277 1324 ·
2307 1313 2325 1344 t
2363 1293 2479 1346 Νῦν
2506 1293 2562 1346 δὲ
2583 1291 2666 1354 τίς
2696 1294 2729 1362 ἡ
2765 1291 3008 1362 ὑπομονὴ
3039 1306 3175 1360 μου;
3209 1289 3330 1358 οὑχ¹ι
3354 1288 3590 1358 Κύριοςς
3629 1308 3651 1340 ›

2059 1385 2390 1457 πειθόμενοι,
2418 1404 2435 1436 ι
2459 1386 2540 1438 ὅτι
2557 1382 2744 1437 πολλαὶ
2771 1385 2825 1436 αἱ
2844 1382 3047 1452 θλίψεις
3064 1381 3171 1433 τῶν
3183 1379 3406 1433 δικαίων
3430 1395 3444 1407 ·
3460 1380 3656 1430 ι-ιὲν

2059 1479 2349 1546 ἀνάγκαις,
2386 1495 2404 1527 ›
2438 1476 2502 1529 ἵν’
2530 1477 2607 1539 ὡς
2639 1473 2940 1542 ἀναγκαίαν
2987 1475 3119 1543 ἡμῖν
3147 1471 3243 1542 τὴν
3275 1470 3656 1540 μακαριότητα

2060 1570 2440 1640 ἀναιτήσωμεν
2466 1583 2478 1596 ⁸
2503 1585 2519 1617 ι
2541 1568 2597 1620 ἐν
2621 1564 3020 1636 στενοχωρίαις,
3053 1582 3070 1614 ι
3097 1563 3190 1615 κα)⁸
3211 1561 3306 1632 τὴν
3346 1561 3537 1632 στενὴν
3559 1561 3656 1615 καὶ

2058 1659 2425 1730 τεθλιμμένην
2455 1656 2876 1728 ἀπαραλείπτως
2924 1655 3254 1717 ὁδεύσαντες,
3296 1655 3649 1722 καταντήσω-

1991 1727 2030 1780 B
2063 1768 2159 1822 μεν
2450 1727 2614 1819 ζωήν.
2657 1747 2780 1799 Ἐὰν
2808 1745 2924 1799 δέον
2955 1741 3011 1818 ᾗ,
3040 1746 3393 1815 συστήσωμεν
3421 1745 3656 1806 ἑαυτοὺς

2066 1861 2085 1895 t
2110 1845 2165 1896 tv
2189 1841 2395 1903 κόποις,
2429 1840 2523 1892 καὶ
2565 1839 2622 1890 tv
2656 1835 3016 1906 ἀγρυπνίαις,
3054 1835 3146 1888 καὶ
3186 1837 3241 1886 ὲν
3295 1834 3589 1905 νηστείαις.
3627 1855 3648 1885 ι

2059 1953 2154 1985 -‹
2215 1933 2345 1985 Ἰδοὺ
2377 1931 2485 2001 γὰρ
2517 1928 2721 2000 Κύριος
2742 1968 2756 1991 ,
2786 1928 2878 1980 καὶ
2917 1928 2945 1979 ὁ
2985 1926 3172 1996 μισθὸς
3204 1926 3260 1977 ἐν
3289 1923 3430 1996 χειρὶ
3460 1924 3652 1988 αὑτοῦ,

2061 2023 2350 2080 ἀποδοῦναι
2385 2022 2618 2090 ἑκάστῳ,
2651 2019 2726 2082 ὡς
2751 2017 2818 2071 τὰ
2854 2017 2990 2088 ἔργα
3021 2013 3186 2067 αὑτοῦ
3219 2017 3353 2067 ἐστι.
3393 2034 3411 2064 ι

2132 2139 2244 2193 Νῦν
2276 2136 2557 2206 δείξωμεν,
2599 2135 2680 2186 ὅτι
2712 2130 2910 2200 γνῶσιν
2954 2127 3042 2181 διὰ
3081 2127 3216 2198 ἔργα
3258 2126 3536 2196 πρέποντα
3582 2127 3652 2195 τῇ

2060 2232 2259 2302 γνώσει
2305 2228 2667 2298 ὲποθήσαμεν.
2710 2225 2864 2276 Πᾶσα
2916 2220 3146 2290 ἁγνότης
3200 2219 3563 2289 φανερωθήτω
3592 2220 3652 2270 ὲν

2062 2324 2192 2395 ἡμῖν
2218 2336 2231 2349 ο
2261 2319 2378 2391 ,ὼςη
2410 2313 2761 2387 μακροθύμου
2811 2309 2944 2363 Θεοῦ
2981 2311 3104 2374 υίοὶ,
3156 2311 3250 2362 καὶ
3295 2308 3651 2379 μακροθύμω

2061 2410 2298 2486 Χριστοῦ
2327 2408 2563 2477 ἀδελφοὶ,
2595 2403 3103 2476 μακροθυμὴσωμεν
3125 2402 3182 2452 tv
3211 2402 3345 2452 πᾶσι
3371 2402 3483 2461 τοῖς
3512 2415 3653 2469 συμ-

2063 2506 2325 2559 ϐαίνουσι.
2367 2520 2385 2551 ‹
2421 2498 2680 2568 Μακρόου
2691 2514 2788 2566 μος
2820 2495 2926 2566 γὰρ
2943 2495 3080 2564 ἀνὴρ
3103 2492 3269 2554 πολὺς
3291 2493 3349 2543 tv
3367 2493 3643 2560 φρονήσεν

2062 2595 2090 2646 ὁ
2116 2595 2172 2648 δὲ
2198 2591 2511 2660 ὀλιγόψυχος
2545 2586 2778 2658 ἰσχυρῶς
2809 2585 3018 2656 ἄφρων.
3059 2603 3076 2635 ι
3103 2583 3164 2636 EE
3193 2583 3274 2635 δεῖ
3304 2581 3493 2634 ἑαυτὸν
3529 2598 3652 2633 συν-

2067 2683 2274 2738 ιστάναι
2309 2701 2327 2732 ε
2365 2681 2453 2734 διὰ
2479 2679 2586 2732 τῶν
2613 2677 2791 2730 ὅπλων
2820 2675 2918 2744 τῆς
2953 2673 3294 2742 δικαιοσύνης
3321 2671 3428 2724 τῶν
3459 2670 3650 2736 δεξιῶν

2064 2779 2156 2830 καὶ
2182 2772 2483 2847 ἀριστερῶν
2507 2787 2522 2802 ⁸
2564 2790 2582 2822 ι
2622 2770 2984 2839 συστήσαντες
3012 2764 3235 2826 ἑαυτοὺς
3264 2783 3281 2814 ι
3312 2763 3400 2815 διὰ
3417 2761 3595 2831 δόξης,
3626 2782 3642 2812 ι

2063 2870 2157 2923 καὶ
2187 2867 2261 2938 μὴ
2291 2863 2658 2936 χαυνωθέντες
2679 2861 2765 2912 ἐπ’
2792 2859 2949 2930 αὑτῇ,
2977 2857 3071 2911 νῦν
3099 2857 3157 2909 δὲ
3191 2875 3210 2912 ‹
3244 2855 3345 2923 τὴν
3375 2854 3598 2924 ἀτιμίαν
3623 2871 3642 2904 ι

2064 2958 2473 3029 ὑπομείνωμεν·
2526 2952 2639 3006 ἀλλ’
2676 2953 2722 3003 εί
2763 2950 2857 3003 καὶ
2894 2968 2911 2999 t
2947 2946 3219 3018 εὐφημίας
3261 2965 3278 2997 ι
3313 2944 3476 3008 ἀξίως
3517 2946 3648 2996 tm-

2063 3048 2427 3118 λιτευσάμεθα
2452 3046 2545 3100 καὶ
2574 3042 2988 3115 εὑφημήθημεν,
3037 3038 3129 3092 νῦν
3163 3039 3219 3090 δὲ
3254 3038 3354 3106 τῆς
3391 3036 3498 3089 ἀπὸ
3538 3035 3649 3086 τῶν

2063 3141 2336 3198 δυσσεϐῶν
2365 3159 2382 3190 ‹
2414 3137 2720 3207 δυσφημίας
2760 3153 2779 3185 ι
2830 3130 3210 3201 ἀνασχώμεθα.
3248 3130 3368 3182 Ἔτι
3407 3127 3463 3180 δὲ
3492 3128 3537 3179 εἰ
3573 3127 3650 3189 ὡς

2071 3252 2090 3286 t
2129 3232 2346 3303 ἀληθεῖς
2395 3250 2412 3281 ι
2460 3228 2610 3299 παρὰ
2653 3230 2766 3288 τοῖς
2814 3223 3163 3293 φιλαλήθεσιν
3211 3217 3648 3290 ὲθαυμάσθημεν,

2065 3325 2160 3380 νῦν
2189 3324 2281 3376 ἐπὶ
2311 3321 2388 3392 τῷ
2425 3319 2676 3388 λέγεσθαι
2702 3318 2850 3388 ἡμᾶς
2873 3334 2890 3365 ‹
2917 3312 3217 3366 πλανᾶσθαι
3255 3330 3272 3361 ι
3310 3309 3647 3378 γελάσωμεν.

2079 3417 2202 3469 Ἐπὶ
2238 3414 2450 3476 πολλοῖς
2492 3410 2756 3472 κινδύνοις
2803 3408 2894 3476 ἀφ’
2933 3399 3007 3460 ὧν
3054 3403 3417 3476 ὲρρύσθημεν,
3468 3401 3652 3454 πολλοὶ

2065 3499 2217 3556 εἷπον
2256 3502 2401 3571 ἡμᾶς
2429 3499 2534 3551 ἀπὸ
2564 3496 2694 3549 Θεοῦ
2719 3515 2737 3546 ι
2767 3492 3221 3563 ὲπιγινώσκεσθαι
3247 3491 3355 3561 (48)
3375 3531 3388 3555 ,
3439 3510 3456 3542 ι
3495 3489 3588 3542 νῦν
3623 3492 3651 3542 ὁ

2069 3576 2385 3663 βουλόμενος
2429 3587 2630 3658 λεγέτω
2675 3591 2822 3658 ἡμᾶς
2871 3607 2888 3639 ι
2943 3585 3270 3655 ἀγνοεῖσθαι,
3303 3603 3321 3635 ι
3370 3584 3456 3636 ὅτε
3509 3582 3652 3651 τάχα

2072 3685 2270 3756 μᾶλλον
2298 3681 2787 3753 ὲπιγινωκσόμεθα.
2839 3679 3096 3749 Φέροντες
3134 3677 3263 3745 γοῦν
3306 3677 3374 3729 τὰ
3421 3674 3654 3745 συμϐαί-

2071 3794 2250 3840 νοντα,
2287 3795 2305 3826 ‹
2344 3772 2711 3843 παιδευόμεθα
2745 3771 2861 3841 μὲν,
2891 3770 2951 3822 οὑ
2988 3767 3360 3838 θανατούμεθα
3384 3766 3472 3818 δέ·
3511 3785 3529 3816 ι
3556 3764 3653 3816 καὶ

2071 3864 2404 3936 ὁμοιούμεθα
2439 3882 2458 3914 (
2493 3860 2851 3931 λυπουμένοις
2916 3859 2965 3910 οἱ
2995 3858 3294 3928 χαίροντες.
3334 3876 3351 3908 ι

2139 4045 2275 4114 Φησί
2309 4059 2412 4096 που
2445 4044 2473 4096 ὁ
2502 4041 2712 4105 Παῦλος
2745 4039 2852 4112 (49)
2895 4037 3030 4108 πρὸς
3065 4037 3190 4098 τοὺς
3228 4037 3286 4087 tv
3331 4037 3468 4105 ἀρχῇ
3520 4035 3656 4086 ὑπο-

2073 4138 2400 4209 μείναντας,
2434 4133 2763 4206 παρακαλῶν
2814 4130 3009 4192 αὐτοὺς
3061 4127 3367 4189 ἀκολούθως
3410 4129 3474 4195 τῇ
3514 4143 3654 4196 προ-

2068 4228 2201 4300 τέρα
2233 4228 2476 4298 ὑπομονῇ
2533 4225 2718 4295 φέρειν
2767 4221 3043 4285 κινδύνους
3083 4219 3368 4290 δευτέρους
3406 4219 3528 4279 τοὺς
3565 4216 3659 4269 διὰ

2068 4323 2158 4375 τὸν
2212 4321 2400 4389 λόγον’
2455 4337 2472 4369 ‹
2526 4313 3031 4386 Ἀναμιμνήσκεσθε
3107 4311 3163 4364 δὲ
3234 4309 3329 4372 τὰς
3389 4308 3655 4378 πρότερον

388 4439 446 4490 in
477 4434 673 4503 quibus
711 4427 1004 4487 illuminati
1037 4439 1289 4496 magnum
1323 4431 1607 4479 certamen
1635 4418 1962 4476 sustinuistis

2070 4415 2301 4487 ἡμέρας,
2359 4415 2417 4465 ὲν
2460 4405 2547 4474 αἷς
2595 4407 2952 4478 φωτισθέντες
3000 4403 3196 4474 πολλὴν
3249 4401 3468 4470 ἄθλησιν
3518 4401 3655 4452 ὑπε-

392 4527 715 4595 passionum
747 4539 762 4589 ;
797 4529 852 4576 et
883 4521 934 4574 in
967 4518 1140 4572 altero
1171 4516 1391 4586 quidem
1421 4512 1732 4585 opprobriis
1763 4520 1820 4565 et
1865 4509 1964 4562 tri-

392 4615 761 4674 bulationibus
813 4609 1188 4681 spectaculum
1243 4607 1413 4672 facti;
1465 4606 1521 4659 in
1570 4604 1743 4659 altero
1784 4610 1965 4656 autem

394 4709 530 4763 socii
563 4707 747 4760 taliter
773 4702 1220 4758 conversantium
1247 4697 1448 4753 eﬂ'ecti.
1482 4695 1616 4749 Nam
1647 4702 1702 4748 et
1732 4691 1967 4746 vinculis

393 4798 663 4866 compassi
689 4797 843 4862 estis,
867 4805 922 4849 et
946 4794 1190 4864 rapinam
1215 4790 1480 4845 bonorum
1513 4794 1818 4839 vestrorum
1844 4796 1968 4836 cum

396 4890 593 4960 gaudio
622 4887 940 4956 suscepistis
961 4926 975 4952 ,
1006 4891 1398 4956 cognoscentes
1425 4893 1522 4933 vos
1549 4877 1750 4930 habere
1782 4872 1972 4927 melio-

398 4997 512 5036 rem
543 4991 597 5034 et
629 4985 937 5032 manentem
969 4974 1335 5034 substantiam
1363 4972 1416 5025 in
1450 4967 1625 5024 ccelis.
1660 4963 1834 5020 Nolite
1865 4961 1968 5015 ita-

396 5087 502 5143 que
530 5069 785 5124 amittere
812 5066 1201 5124 conﬁdentiam
1238 5070 1484 5117 vestram
1505 5098 1520 5124 ,
1549 5071 1670 5127 quac
1709 5063 1964 5122 magnam

2073 4509 2293 4580 μείνατε
2329 4503 2697 4574 παθημάτωψ
2749 4499 2904 4552 τοῦτο
2953 4499 3051 4569 μὲν
3102 4495 3422 4563 ὀνειδισμοῖς
3468 4509 3528 4544 τε
3561 4491 3658 4544 καὶ

2070 4599 2283 4668 ouem
2316 4592 2738 4666 θεατριζόμενοι,
2770 4589 2926 4642 τοῦτο
2957 4588 3013 4641 δὲ
3045 4587 3288 4639 κοινωνοὶ
3327 4583 3432 4635 τῶν
3482 4580 3657 4643 οὑτως

2070 4681 2564 4756 ἀναστρεφομένων
2595 4679 2947 4750 γενηθέντες·
2997 4677 3089 4730 καὶ
3140 4675 3247 4746 γὰρ
3295 4677 3406 4735 τοῖς
3439 4671 3657 4740 δεσμοῖς
3739 4728 3742 4730 ν

2074 4774 2520 4845 συνεπαθήσατε*
2569 4772 2662 4825 καὶ
2713 4771 2812 4840 τὴν
2852 4767 3106 4839 ἁρπαγὴν
3151 4767 3259 4818 τῶν
3303 4762 3658 4833 ὑπαρχόντων

2077 4867 2229 4938 ὑμῶν
2280 4865 2416 4936 μετὰ
2456 4865 2628 4934 χαρᾶς
2673 4858 3065 4932 προσεδέξασθε
3097 4897 3111 4920 ,
3173 4854 3530 4925 γινώσκοντες
3573 4853 3658 4904 ὅτι

2076 4961 2363 5032 κρείττονα
2393 4956 2543 5026 ἔχετε
2583 4953 2814 5025 ὓπαρξιν
2862 4954 2918 5003 tv
2959 4951 3206 5020 οὐρανοῖς
3232 4948 3325 5001 καὶ
3368 4946 3654 5018 μένουσαν.

2073 5052 2165 5121 Μὴ
2199 5048 2508 5119 ἀποϐάλητε
2540 5043 2631 5100 οῦν
2678 5044 2776 5115 τὴν
2815 5041 3123 5112 παρρησίαν
3172 5039 3325 5110 ὑμῶν
3378 5039 3497 5108 ἥτις
3546 5035 3662 5105 ἔχει

464 5213 510 5247 ³⁸
535 5213 574 5267 ll
609 5211 736 5267 Cor.
773 5225 848 5276 Vi,
885 5208 938 5262 '5.
1015 5207 1057 5238 ³⁷
1091 5205 1232 5260 Psal.
1266 5199 1610 5276 xxxvnt,‘48.‘_
1644 5197 1701 5276 ﬁ”
1730 5195 1875 5251 Psal.
1902 5211 1962 5276 ξι

2071 5234 2083 5254 .
2275 5189 2323 5276 ξ’
2354 5188 2398 5276 In!
2431 5188 2556 5276 (for.
2589 5201 2676 5251 v1,
2704 5181 2758 5237 4.
2834 5180 2880 5212 ⁴⁰
2911 5179 3047 5235 Ibid.
3083 5179 3136 5232 5.
3219 5177 3262 5209 δι
3298 5177 3398 5232 lsa.
3435 5190 3523 5239 xc,
3554 5173 3620 5226 10
3641 5191 3691 5238 ;.

393 5258 736 5355 Αροέξκῖεῖίξ
763 5258 848 5336 te:
888 5258 974 5318 ’λι
997 5258 1158 5332 Prov.
1186 5258 1297 5342 χίν,
1329 5275 1418 5328 29.
1485 5258 1543 5301 ἠ
1569 5269 1610 5323 n
1638 5268 1765 5324 Cor.
1800 5281 1874 5330 Vl,
1902 5267 1955 5319 7.
2030 5264 2077 5295 ιι
2106 5261 2242 5317 Ibid.
2273 5260 2326 5326 8,
2359 5258 2417 5325 9,
2445 5258 2530 5312 to.

465 5426 577 5501 (45)
612 5424 986 5495 Παθήμασιν.
1017 5418 1198 5476 Codex
1231 5432 1331 5472 ms.
1359 5415 1521 5470 habet
1547 5412 1799 5483 πάθησιν,
1826 5424 1975 5464 men-

394 5501 580 5641 ἀοῖιῗίξ)
610 5567 933 5641 Μηδεμίαν.
969 5562 1099 5641 Μαι..
1127 5557 1413 5632 μηδεμίας,
1437 5555 1608 5641 'malri.

473 5625 584 5705 (47)
619 5641 663 5689 Σ
671 5625 1034 5701 ὐσὲήσασθε.
1057 5625 1646 5705 Μέησυστῃμάσασθ-ε,
1673 5635 1973 5705 perperam:

406 5693 710 5774 l’uulo'post
734 5693 1014 5775 legendum
1044 5693 1272 5763 videtur,
1299 5693 1566 5764 λέγοντες,
1587 5695 1696 5749 Καὶ
1720 5693 1814 5746 νῦν
1840 5693 1920 5754 τίς
1944 5693 1975 5760 ἡ

2077 5404 2860 5547 υμῖιῧῖἴήὲξτῖγινώσκεσθαι.
2912 5464 3203 5532 Perperam
3268 5473 3369 5514 ms.
3393 5496 3409 5524 ,
3461 5453 3667 5510 ἐστινὼς-

2050 5545 2054 5549 ’
2081 5545 2325 5600 σκεσθαι.

2153 5592 2466 5686 (libidinem
2486 5625 2603 5686 που
2633 5611 2665 5662 ό
2692 5607 2949 5670 Παῦλος.
2977 5601 3110 5686 Y‘ide
3143 5609 3294 5655 notas
3323 5597 3387 5653 ad
3415 5592 3672 5662 Origenis

2083 5673 2302 5757 epistol.
2341 5673 2407 5737 a'd
2441 5682 2779 5742 Africanum,
2815 5692 2963 5731 num.
2999 5673 3052 5727 9.
