3988 6156
420 244 518 299 651

1889 239 2209 296 ORIGENIS

3574 234 3687 288 652

419 363 565 433 quod
591 364 831 420 animam
862 373 1054 436 gravat
1080 373 1136 420 et
1175 373 1368 420 onerat
1398 373 1634 420 mentem
1675 364 1966 420 sollicitam

2067 358 2461 431 ημακαριότητι
2499 357 2800 412 ἀνάπαυσιν
2854 355 3326 427 ἀναπαυσὼμεθα·
3377 352 3469 407 τὸν
3517 353 3682 407 αὐτὸν

421 454 659 510 vinculis
700 455 906 511 absolvi
933 463 986 511 et
1020 455 1202 510 carnis
1224 467 1288 510 ac
1321 454 1605 525 sanguinis
1634 453 1830 509 ﬂuctus
1863 469 1993 509 eva-

421 543 574 611 dere,
609 555 666 600 ut
697 561 819 600 cum
859 545 1074 600 Christo
1109 540 1236 598 Jesu
1261 545 1478 616 propria
1505 545 1866 600 beatitudinis
1907 559 1996 598 re-

419 637 549 704 quie
578 635 939 707 perfruamur,
972 635 1145 704 ipsum
1169 635 1389 691 omnino
1413 650 1510 706 per
1540 637 1718 691 omnia
1750 633 1992 690 Verbum

423 727 603 781 vivum
634 734 967 796 Spectantes,
994 725 1061 779 ab
1105 725 1220 796 ipso
1252 724 1501 790 enutriti,
1532 728 1666 781 mire
1693 727 1901 780 variam
1937 729 1990 782 in

420 814 539 882 ipso
569 815 887 884 sapientiam
921 815 1463 885 comprehendentes,
1499 818 1565 870 ab
1602 817 1714 887 ipsa
1755 816 1992 871 Veritate

418 905 715 972 informati,
743 916 798 960 et
839 920 867 958 a
901 920 1030 959 vero
1070 914 1126 959 et
1159 907 1495 962 indelicienti
1523 909 1766 964 scientiae
1789 910 1992 964 lumine

416 1007 599 1052 mente
650 996 908 1051 illustrati
952 998 1019 1051 ad
1072 997 1164 1050 illa
1205 999 1504 1067 spectanda
1557 1016 1677 1070 quae
1732 1016 1832 1070 per
1861 1002 1990 1056 illud

413 1087 595 1142 lumen
645 1089 1034 1158 conSpicabilia
1068 1101 1219 1157 sunt,
1271 1090 1342 1145 iis
1397 1091 1568 1163 oculis
1600 1108 1739 1163 quos
1771 1093 1987 1149 Domini

409 1190 739 1251 prmceptum
763 1183 1215 1256 rilluntinaverit?
1437 1159 1464 1198 ⁸

479 1273 570 1327 48.
622 1273 831 1328 Dudum
870 1273 996 1330 Jesu
1045 1292 1331 1332 sermones
1376 1278 1685 1334 audivimus
1728 1288 1786 1333 et
1815 1280 1986 1336 multo

408 1362 524 1432 jam
579 1372 827 1435 tempore
885 1380 955 1422 ex
1007 1365 1288 1436 Evangelii
1351 1371 1674 1442 prmscripto
1721 1372 1980 1438 viximus,

405 1455 913 1526 aedificavimusque
953 1459 1111 1514 nobis
1150 1474 1339 1516 omnes
1399 1463 1642 1518 domum.
1691 1463 1794 1520 Ubi
1854 1481 1984 1521 vero

407 1546 884 1615 azdifieaverimus,
934 1565 1000 1603 an
1037 1569 1054 1602 ‹
1080 1565 1242 1622 supra
1277 1562 1486 1622 petram
1515 1573 1535 1608 ι
1574 1563 1627 1611 et
1679 1555 1984 1612 loderimus

406 1638 463 1693 in
500 1637 708 1706 altum;
747 1653 816 1693 an
856 1656 1021 1710 super
1048 1658 1272 1699 arenam
1313 1665 1331 1698 ι
1357 1647 1477 1702 sine
1503 1648 1858 1703 fundamento
1875 1649 1974 1716 ⁵⁵,ι

405 1742 652 1798 praesens
682 1733 934 1786 ostendet
980 1743 1280 1791 certamen.
1317 1736 1487 1793 Instat
1512 1739 1656 1792 enim
1688 1748 1980 1808 tempestas

409 1835 430 1869 ‹
459 1818 644 1876 ferens
678 1821 912 1892 pluviam
960 1832 1014 1878 et
1054 1822 1272 1880 ﬂumina
1329 1837 1385 1883 et
1426 1829 1706 1896 ventos",
1733 1849 1751 1882 ι
1789 1829 1895 1894 vel,
1922 1841 1980 1884 ut

401 1909 584 1966 Lucas
613 1921 796 1978 vocat,
836 1933 854 1966 ι
880 1915 1288 1972 inundationem
1307 1919 1387 1986 ⁸²;
1417 1939 1435 1972 ι
1475 1930 1529 1975 et
1562 1921 1675 1974 hmo
1708 1922 1847 1976 illisa
1875 1923 1976 1976 do-

400 2003 536 2067 mui,
574 2004 656 2057 vel
712 2021 820 2059 nou
870 2018 1124 2077 poterunt
1170 2024 1288 2063 eam
1341 2026 1582 2074 movere,
1611 2021 1665 2065 et
1688 2023 1974 2081 propterea

399 2108 509 2148 non
537 2094 696 2148 cadet
723 2095 939 2161 domus,
977 2087 1176 2168 quippe
1206 2117 1224 2149 ι
1263 2115 1428 2169 supra
1455 2112 1666 2168 petram
1693 2102 1973 2158 Christum

399 2183 658 2252 fundata;
688 2206 707 2239 ι
746 2189 830 2242 vel
875 2189 1090 2244 aedilicii
1144 2190 1481 2246 debilitatem
1540 2202 1773 2263 arguent
1829 2196 1973 2262 quod

395 2274 639 2332 instante
693 2281 982 2336 occasione
1035 2292 1288 2350 corruet;
1342 2283 1488 2354 quod
1530 2285 1791 2339 anostris
1833 2285 1973 2340 ahsit

393 2367 658 2426 aediliciis.
683 2370 780 2424 Est
803 2375 945 2426 enim
970 2374 1263 2429 admodum
1291 2393 1311 2426 ‹
1340 2391 1532 2448 magna
1554 2394 1572 2428 ι
1605 2376 1660 2432 in
1684 2377 1972 2447 negatione

399 2479 418 2511 ι
449 2461 635 2528 ruina;
667 2481 686 2515 ι
723 2463 830 2528 vel,
871 2475 928 2518 ut
956 2464 1135 2520 Lucas
1159 2466 1259 2532 ait,
1296 2486 1315 2518 ‹
1343 2467 1540 2524 fraetio
1568 2484 1763 2540 magna
1789 2487 1806 2520 ι
1840 2470 1972 2523 mdi-

391 2550 498 2604 ficii
523 2552 669 2620 quod
711 2551 1066 2609 fundamento
1097 2565 1272 2611 caret.
1305 2557 1673 2624 Quamobrem
1704 2575 1805 2614 nos
1842 2575 1968 2629 pre-

391 2656 582 2696 cemur
619 2653 676 2698 ut
709 2645 1078 2700 assimilemur
1109 2666 1127 2699 ι
1154 2649 1274 2704 viro
1302 2652 1536 2720 sapienti
1583 2654 1678 2723 qui
1725 2655 1967 2710 aedifica-

387 2735 467 2788 vit
521 2737 738 2791 domum
780 2753 932 2793 suam
981 2756 1143 2811 supra
1177 2752 1388 2813 petram
1413 2745 1482 2802 ⁸³.
1511 2763 1530 2796 ›
1573 2743 1769 2801 Veniat
1811 2747 1963 2802 enim

388 2828 456 2881 ad
489 2828 594 2883 tale
622 2829 910 2886 aedilicium
962 2833 1210 2888 immissa
1241 2853 1259 2886 ‹
1289 2850 1318 2889 a
1350 2837 1725 2904 spiritualibus
1774 2841 1966 2910 nequi-

389 2919 478 2973 tiae
509 2921 562 2974 in
597 2921 910 2978 cwlestibus
933 2943 952 2976 ι
989 2925 1197 2994 pluvia,
1234 2935 1328 2980 aut
1365 2925 1590 2982 [lumina
1617 2930 1963 2985 inimicorum

382 3019 696 3074 nostrorum
729 3031 746 3063 ι
777 3014 1186 3084 principatuut‘n
1227 3025 1282 3070 et
1309 3027 1668 3086 potestatum,
1700 3039 1718 3072 ι
1747 3031 1841 3074 aut
1876 3039 1896 3073 ι
1927 3039 1955 3076 a
1986 3041 2028 3098 ο

384 3103 576 3158 mundi
606 3108 910 3162 rectoribus
963 3110 1314 3164 tenebrarum
1358 3110 1550 3164 barum
1575 3129 1593 3162 ι
1623 3113 1774 3167 venti
1802 3128 1961 3183 aspe-

384 3194 512 3249 ri“.
537 3205 631 3251 aut
667 3197 954 3253 inundatio
990 3201 1478 3256 subterrancorum
1530 3203 1844 3271 spirituum,
1874 3219 1960 3259 se-

382 3301 488 3354 que
523 3287 734 3343 illidant
764 3290 994 3344 mt‘liﬁcio
1029 3301 1216 3366 nostro
1245 3307 1408 3363 supra
1441 3301 1650 3362 petram
1689 3292 1953 3350 fundato:

382 3390 461 3444 ut,
503 3395 610 3433 non
660 3382 820 3436 modo
863 3397 969 3437 non
999 3382 1148 3451 lapsa
1181 3384 1342 3438 domo
1387 3393 1594 3451 nostra,
1640 3387 1734 3440 sed
1780 3400 1849 3440 ne
1891 3387 1959 3442 ab

379 3473 538 3528 initio
568 3475 791 3543 quidem
835 3490 1124 3539 concussa,
1159 3477 1268 3530 vim
1298 3477 1479 3545 petius
1512 3489 1755 3532 nostram
1788 3492 1956 3548 expe-

378 3567 616 3633 riantur,
659 3582 822 3637 quam
873 3582 1030 3622 suam
1088 3567 1348 3622 inferant.
1396 3569 1552 3625 Dicat
1595 3572 1762 3626 etiam
1795 3588 1958 3626 unus-

375 3658 609 3728 quisque
678 3669 927 3715 nostrum
1008 3659 1359 3716 adversarios
1425 3663 1957 3730 percuticusnSic

376 3763 584 3820 pugno.
616 3766 724 3806 nou
756 3753 915 3822 quasi
947 3768 1130 3808 aerem
1163 3754 1548 3810 verberans”.
1571 3774 1591 3807 ι

447 3841 615 3912 308
637 3842 731 3898 49.
788 3843 1061 3899 Praeterea
1125 3845 1564 3916 quandoquidem
1623 3849 1802 3902 (exiit
1860 3852 1952 3918 qui

377 3933 618 3987 seminat
658 3936 1011 4003 seminare”,
1035 3955 1054 3988 ι
1092 3937 1526 3993 demonstremus
1562 3925 1796 3994 animam
1850 3957 1955 3995 ηο-

375 4029 545 4075 stram
574 4036 760 4076 semen
788 4024 905 4092 ejus
931 4025 1254 4093 suscepisse,
1291 4042 1394 4079 non
1423 4036 1479 4081 ut
1509 4029 1600 4098 qui
1631 4045 1788 4085 secus
1807 4031 1951 4086 viam

373 4122 521 4179 sunt,
556 4129 741 4186 neque
787 4123 846 4168 ut
885 4124 1125 4186 petrosa,
1154 4131 1329 4187 nequc
1393 4127 1453 4172 ut
1516 4119 1706 4189 spinae,
1735 4123 1829 4177 sed
1895 4133 1954 4177 ut

373 4212 521 4258 terra
553 4205 715 4260 bona.
755 4204 810 4260 Si
847 4207 1016 4277 igitur
1041 4223 1218 4278 neque
1249 4223 1406 4266 secus
1445 4211 1612 4278 viam,
1647 4228 1822 4282 neque
1853 4230 1948 4268 su-

369 4309 466 4364 per
491 4298 676 4366 spinas
705 4298 849 4353 venit
877 4315 1060 4354 sermo
1094 4298 1243 4366 Jesu,
1271 4311 1536 4370 quantmn
1575 4303 1629 4357 in
1664 4304 1821 4359 nobis
1843 4314 1945 4370 est,

368 4386 421 4440 in
461 4387 690 4444 Domino
730 4391 1114 4463 gloriabimur‘.
1162 4392 1540 4449 Intelleximus
1616 4396 1765 4452 enim
1814 4413 1946 4453 ver-
1983 4373 2029 4428 Β

367 4477 495 4532 bum
515 4480 583 4536 ⁸⁷.
626 4481 808 4546 Quare
839 4483 1015 4558 malus
1046 4499 1154 4539 non
1198 4489 1382 4556 rapuit
1429 4489 1574 4557 quod
1608 4491 1945 4547 seminatum

365 4579 450 4624 est
480 4570 533 4623 in
571 4573 830 4629 cordibus
871 4577 1096 4633 nostris.
1132 4576 1288 4642 Quod
1320 4587 1502 4633 autem
1559 4595 1725 4651 super
1761 4584 1948 4653 spinas

365 4661 695 4716 seminatum
727 4679 833 4718 non
867 4666 960 4731 sit,
996 4668 1154 4722 multi
1191 4669 1352 4724 nobis
1394 4679 1562 4726 testes
1589 4682 1755 4727 erunt
1789 4684 1947 4743 quot-

362 4760 500 4822 quot
521 4752 709 4808 videm
747 4770 924 4826 neque
951 4759 1134 4812 saaculi
1170 4758 1329 4814 istius
1355 4761 1807 4830 sollicitudinem,
1849 4781 1947 4821 ne—

360 4842 771 4915 que‘fallaciam
800 4847 1136 4915 divitiarum,
1167 4864 1347 4918 neque
1370 4852 1678 4920 voluptates
1704 4856 1831 4909 vitae
1849 4871 1946 4925 po-

365 4936 533 4991 tuisse
569 4936 840 4993 obsistere
873 4941 1042 4995 verbo
1103 4942 1196 4997 Dei
1254 4945 1464 4999 nostris
1527 4926 1582 5000 in
1651 4947 1942 5005 animabus

361 5036 642 5098 suscepto.
670 5029 960 5100 Reliquum
987 5047 1071 5089 est
1108 5046 1168 5088 ut
1199 5037 1445 5091 dubitent
1473 5038 1721 5095 homines
1754 5057 1822 5096 an
1853 5059 1942 5098 su-

360 5136 458 5191 per
481 5132 721 5190 petrosa,
750 5137 818 5176 an
849 5124 904 5177 in
937 5133 1139 5180 terram
1174 5130 1370 5184 bonam
1397 5133 1736 5198 pervenerit,
1763 5149 1939 5203 quan-

357 5225 475 5276 tum
507 5213 559 5266 in
595 5214 751 5270 nobis
807 5214 930 5282 fuit,
968 5221 1196 5274 verbum
1230 5222 1348 5278 Dei.
1378 5224 1510 5281 Orta
1547 5235 1625 5281 est
1659 5228 1806 5280 enim
1838 5227 1935 5282 tri-

427 5357 758 5445 ':}uc:.v_t_,
903 5364 995 5420 49.
1073 5368 1118 5445 '_‘
1149 5367 1340 5445 Matth.
1364 5388 1467 5445 vlt,
1500 5375 1593 5428 25.
1672 5376 1718 5407 ⁵¹
1747 5375 1882 5432 Luc.
1907 5393 1984 5445 vt,
2023 5381 2112 5441 68.

355 5441 432 5493 ιι,
459 5429 550 5483 ac.
628 5431 675 5463 ια
707 5434 900 5489 Matth.
931 5452 1052 5504 xm,
1081 5437 1138 5494 δ.
1212 5440 1258 5472 ετ
1297 5429 1465 5507 una;
1488 5444 1573 5499 l9.

567 5542 957 5625 gurgforte
981 5549 1109 5617 leg..
1146 5549 1335 5625 οςῦτοῦ,
1364 5552 1470 5625 vel,
1508 5554 1564 5625 ἐν
1593 5553 1761 5625 αὐτῷ.

424 5610 536 5685 361)
561 5611 670 5691 Ιςαὶ
697 5612 992 5691 διίιῌτοῦτο
1011 5610 1277 5691 ἆεσεῖται
1352 5622 1700 5691 οὶκιάὡεςο,
1713 5610 1815 5678 καὶ
1838 5625 1944 5680 διά·

353 5681 515 5730 τοῦτο
547 5681 620 5750 μὴ
654 5686 956 5755 πεσεῖταιή
988 5689 1231 5745 0121a.”
1263 5681 1409 5748 enim
1442 5681 1715 5764 postulare
1739 5696 1930 5752 viden-

2097 451 2234 513 ὅλως
2258 449 2325 502 δι’
2356 449 2490 504 ὅλων
2515 448 2756 521 ἔμψυχον
2779 448 2950 517 Λόγον
2976 446 3432 517 θεωροῦντες,καὶ
3455 445 3549 498 ἀπ’
3575 443 3684 500 αὖε

2094 541 2187 594 τοῦ
2221 542 2566 614 τρεφόμενοι,
2596 541 2691 594 καὶ
2722 540 2820 612 τὴν
2854 538 3002 610 αὐτῷ
3033 538 3144 608 (60)
3179 537 3556 609 ποικιλοτάτην
3591 553 3685 592 σο-

2096 631 2224 700 φίαν
2255 629 2784 700 καταλαμϐάνοντες,
2826 628 2919 681 καὶ
2950 626 3274 696 τυπούμενοι
3313 622 3418 678 ὑπὸ
3447 625 3543 695 τῆς
3579 626 3682 679 αὐ-

2092 722 2431 794 τοαληθείας,
2463 722 2557 774 καὶ
2591 724 2648 775 ἐν
2682 719 2820 789 φωτὶ
2852 717 2930 788 τῷ
2963 717 3154 788 ἀληθεῖ
3191 717 3284 770 καὶ⁵
3323 717 3544 788 ἀλήκτῳ
3576 717 3678 787 τῆς

2093 813 2346 882 γνώσεως
2385 815 2478 866 τὸν
2519 811 2643 866 νοῦν
2684 813 3186 884 καταλαμπόμενοι,
3233 811 3370 882 πρὸς
3400 810 3501 878 τὴν
3547 807 3674 862 θέαν

2091 901 2199 954 τῶν
2245 903 2310 956 δι’
2359 902 2566 956 ἐκείνου
2616 902 2710 955 τοῦ
2753 903 2928 971 φωτὸς
2962 901 3283 973 θεωρεῖσθαι
3329 899 3668 970 πεφυκότων,

2092 993 2197 1048 ὑπὸ
2229 993 2518 1064 ὀφθαλμῶν
2548 994 2926 1064 φωτιζομένων
2957 994 3060 1047 ὑπὸ
3093 994 3191 1064 τῆς
3221 991 3317 1046 τοῦ
3355 991 3558 1064 Κυρίου
3583 992 3669 1044 ἐν-

2088 1099 2246 1155 τολης
2267 1102 2281 1150 ;

2073 1213 2082 1217 ⁸
2160 1237 2335 1290 Πάλαι
2353 1237 2666 1308 ἠκούσαμεν
2686 1237 2794 1290 τῶν
2829 1236 3002 1309 Ἰησοῦ
3030 1236 3223 1305 λόγων,
3249 1236 3343 1290 καὶ
3366 1235 3466 1306 ἤδη
3492 1233 3666 1305 πολλῷ

2086 1325 2263 1398 χρόνῳ
2314 1325 2394 1396 τῷ
2448 1325 2762 1396 Εὐαγγελίῳ
2812 1324 3302 1396 πεπολιτεύμεθα,·
3330 1325 3422 1380 καὶ¹
3467 1325 3668 1388 πάντες

2085 1415 2516 1487 ᾠκοδομήσαμεν
2541 1416 2754 1478 ἑαυτοῖς
2774 1415 2968 1470 οἰκίαν.
3000 1415 3110 1469 Ποῦ
3137 1416 3192 1468 δὲ
3211 1415 3661 1498 ᾠκοδομήσαμεν,

2088 1505 2315 1575 πότερον
2337 1523 2354 1555 ι
2380 1505 2471 1557 ἐπὶ
2487 1505 2587 1576 τὴν
2604 1504 2807 1577 πέτραν
2835 1525 2854 1556 ι
2881 1505 3182 1574 σκάψαντες
3199 1507 3292 1560 καὶ
3315 1505 3660 1576 βαθύναντες,

2085 1591 2236 1662 ἣέπὶ
2268 1592 2367 1663 τὴν
2393 1593 2574 1662 ἄμμον
2610 1611 2629 1643 ι
2670 1593 2836 1664 χωρὶς
2869 1593 3139 1664 θεμελίου,
3179 1614 3198 1646 ›
3229 1597 3256 1646 ὁ
3287 1593 3474 1664 παρὼν
3505 1593 3662 1660 δείξει

2082 1776 2362 1847 ποταμοὺς
2390 1777 2484 1830 καὶ
2516 1778 2748 1848 ἀνέμους
2788 1796 2834 1842 ι,
2879 1778 2937 1850 ἢ,
2971 1777 3046 1841 ὡς
3078 1780 3106 1831 ό
3139 1779 3354 1842 Λουκᾶς
3386 1779 3661 1850 ὀνομάζει,

2086 1886 2104 1919 ι
2147 1867 2480 1940 πλήμμυραν
2508 1885 2523 1900 ο
2554 1889 2574 1923 ›
2597 1871 2690 1923 καὶ
2723 1870 2913 1934 ταῦτα,
2961 1870 3341 1943 προσρήξαντα
3378 1874 3472 1942 τῇ,
3495 1874 3659 1943 οἰκίᾳ,

2078 1961 2198 2031 ἦτοι
2226 1961 2326 2014 οὐκ
2366 1960 2574 2031 ἰσχύσει
2610 1961 2866 2016 σαλεῦσαι
2900 1962 3089 2034 αὐτὴν,
3123 1965 3217 2015 καὶ
3259 1963 3345 2016 διὰ
3377 1964 3534 2017 τοῦτο
3567 1983 3663 2018 πε-

2079 2055 2250 2106 σεῖται
2281 2055 2314 2123 ἡ
2355 2055 2501 2107 οἰκία
2526 2054 2658 2124 (61),
2706 2054 2800 2108 ἆτε
2832 2073 2852 2106 ι
2893 2055 2984 2107 ἐπὶ
3015 2055 3115 2124 τὴν
3145 2055 3352 2125 πέτραν
3399 2057 3491 2109 τὸν
3532 2059 3660 2127 Χρι-

2079 2140 2201 2194 στὸν
2233 2141 2668 2212 τεθεμελιωμένη
2687 2159 2699 2172 ·
2739 2162 2756 2194 ι
2851 2143 3055 2212 ἐλέγξει
3083 2142 3143 2197 τὸ
3170 2145 3365 2218 σαθρὸν
3391 2147 3491 2216 τῆς
3520 2150 3659 2200 οἱκοο

2074 2230 2242 2302 δομῆς
2282 2232 2370 2284 διὰ
2400 2233 2500 2304 τῆς
2532 2235 2885 2304 ἐνεστηκυίας
2926 2237 3249 2306 προφάσεως
3283 2238 3660 2307 συμπεσουμέ-

2073 2340 2190 2394 νης·
2254 2325 2391 2395 ὅπερ
2452 2326 2620 2396 ἀπείη
2677 2324 2783 2378 τῶν
2841 2328 3124 2398 ἡμετέρων
3178 2329 3653 2399 οἰκοδομημάτωνί

2079 2431 2096 2464 ι
2133 2413 2360 2485 Μεγάλη
2403 2435 2422 2467 ι
2456 2415 2564 2486 γάρ
2600 2417 2804 2488 σφόδρα
2834 2420 2866 2487 ἡ
2904 2420 2963 2471 ἐν
3001 2419 3230 2490 ἀρνήσει
3259 2439 3276 2471 ι
3305 2421 3532 2486 πτῶσις,
3559 2441 3576 2471 ι
3601 2422 3653 2492 ἦ,

2071 2503 2147 2568 ὡς
2175 2506 2387 2571 Λουκᾶς
2417 2525 2569 2578 φησι,
2611 2528 2628 2560 ι
2675 2512 2814 2580 μέγα
2849 2511 2910 2562 τὸ
2941 2511 3128 2583 ῥῆγμα
3173 2529 3190 2560 ι
3224 2511 3324 2580 τῆς
3364 2513 3532 2583 χωρὶς
3565 2513 3652 2567 τοῦ
3688 2511 3692 2514 ”

2072 2596 2318 2668 θεμελίου
2347 2601 2653 2672 οἰκοδομῆς.
2695 2604 2893 2673 Διόπερ
2936 2605 3098 2674 ἡμεῖς
3143 2603 3452 2674 εὐχώμεθα,
3482 2607 3568 2658 ἵνα
3603 2609 3656 2659 ό-

2072 2690 2389 2762 μοιωθῶμεν
2443 2712 2460 2745 ι
2512 2694 2664 2765 ἀνδρὶ
2705 2695 2972 2766 φρονίμῳ,
3008 2696 3156 2759 ὅστις
3187 2696 3536 2768 ᾠκοδόμησεν
3563 2698 3655 2750 αὑ-

2066 2781 2160 2835 τοῦ
2195 2782 2292 2854 τὴν
2329 2785 2506 2839 οἰκίαν
2548 2788 2640 2839 ἐπὶ
2687 2788 2786 2858 τὴν
2830 2787 3055 2858 πέτραν.
3090 2806 3110 2839 ι
3159 2788 3369 2842 Ἠκέτω
3414 2789 3525 2860 γάρ
3563 2789 3653 2841 ἐπὶ

2066 2876 2290 2947 τοιαύτῃ
2330 2875 2582 2947 οἰκοδομῇ
2624 2879 2657 2948 ἠ
2703 2897 2720 2928 ‹
2775 2878 2883 2932 ἀπὸ
2913 2878 3021 2930 τῶν
3068 2881 3126 2931 ἐν
3165 2882 3276 2942 τοῖς
3315 2879 3651 2950 ἐπουρανίοις

2066 2965 2449 3034 πνευματικῶν
2489 2963 2588 3038 τῆς
2623 2968 2887 3039 πονηρίας
2926 2987 2943 3020 ι
2984 2968 3173 3040 βροχὴ,
3275 2971 3512 3040 ποταμοὶ
3537 2970 3640 3022 τῶν

2062 3054 2271 3126 ἐχθρῶν
2310 3057 2440 3126 ἡμῖν
2489 3076 2507 3107 ι
2555 3059 2738 3129 ἀρχῶν
2768 3062 2863 3114 καὶ
2903 3060 3179 3126 ἐξουσιῶν,
3204 3080 3222 3112 ι
3254 3062 3352 3130 ῆοί
3371 3081 3391 3113 ι
3418 3063 3527 3116 ἀπὸ
3547 3063 3648 3117 τῶν

2063 3143 2517 3218 κοσμοκρατόρων
2539 3145 2632 3198 τοῦ
2666 3147 2890 3210 σκότους
2913 3147 3102 3202 τούτου
3132 3167 3150 3200 ι
3179 3149 3371 3221 ἄνεμοι
3395 3150 3645 3224 σκληροὶ,

2061 3234 2094 3305 ἢ
2121 3232 2429 3305 πλήμμυρα
2457 3235 2564 3289 τῶν
2595 3238 2964 3308 καταχθονίων
2987 3240 3326 3310 πνευμάτων,
3356 3241 3452 3293 καὶ
3487 3258 3650 3311 προσ-

2062 3325 2413 3396 ρηγνύτωσαν
2453 3328 2677 3391 ἑαυτοὺς
2705 3331 2768 3398 τῇ
2807 3329 2898 3382 ἐπὶ
2947 3329 3044 3399 τὴν
3086 3330 3288 3401 πέτραν
3317 3331 3475 3401 ἡμῶν
3508 3335 3647 3386 οἰκο-

2058 3416 2229 3489 δομῇ·
2272 3418 2359 3471 ἵνα
2401 3419 2475 3490 μὴ
2525 3418 2686 3489 μόνον
2716 3420 2854 3490 πρὸς
2884 3420 2944 3473 τὸ
2981 3421 3054 3491 μὴ
3089 3424 3293 3487 πεσεῖν,
3336 3421 3472 3475 ἀλλά
3517 3424 3648 3494 μηδὲ

2061 3506 2400 3580 σαλευθῆναι.
2453 3508 2550 3580 τὴν
2580 3509 2750 3583 ἀρχὴν
2774 3511 2872 3581 τὴν
2903 3513 3098 3577 οἰκίαν,
3122 3512 3334 3567 πάθωσι
3366 3515 3563 3586 μᾶλλον
3587 3517 3645 3570 τὸ

2059 3599 2148 3667 ὑφ’
2185 3599 2340 3670 ἡμῶν
2374 3601 2653 3672 ἐνεργοῦν,
2692 3602 2836 3673 ἤπερ
2871 3602 3130 3674 δράσωσι.
3181 3606 3290 3658 Καὶ
3329 3606 3535 3675 λεγέτω
3580 3626 3640 3677 γε

2057 3689 2315 3761 ἑκάτερος
2363 3691 2519 3762 ἡμῶν
2577 3691 2833 3762 πλήσσων
2885 3693 2951 3747 τὰ
2996 3696 3365 3768 ἀντικείμενα·
3411 3717 3430 3750 (
3492 3699 3640 3752 Οῦτω

2057 3783 2330 3849 πυκτεύω,
2364 3785 2439 3849 ὡς
2463 3787 2562 3841 οὐκ
2589 3787 2726 3858 ἀέρα
2758 3788 2946 3860 δέρων.
2986 3809 3005 3842 ι

2139 3876 2300 3930 Ἀλλά
2327 3879 2419 3932 καὶ
2439 3880 2560 3933 ἐπεὶ
2599 3900 2618 3932 ι
2646 3882 2869 3953 ἐξῆλθεν
2895 3885 2922 3935 ὁ
2952 3884 3191 3954 σπείρων
3211 3883 3304 3937 τοῦ
3329 3888 3587 3958 σπείρειν,
3613 3903 3630 3938 ι

2053 3968 2336 4040 δείξωμεν,
2370 3973 2452 4025 ὅτι
2479 3975 2511 4045 ὴ
2547 3972 2692 4046 ψυχὴ
2719 3977 2875 4047 ἡμῶν
2901 3976 3059 4030 ἔλαϐε
3095 3979 3184 4031 τὸν
3213 3979 3412 4047 σπόρον
3445 3979 3632 4032 αὐτοῦ’

2053 4060 2164 4114 οὔθ’
2187 4063 2262 4127 ὡς
2290 4065 2338 4117 οἱ
2361 4064 2510 4136 παρά
2539 4067 2636 4136 τὴν
2653 4067 2792 4133 ὁδὸν,
2823 4067 2936 4121 οὗθ’
2955 4069 3030 4133 ὼς
3056 4069 3126 4122 τά
3150 4068 3417 4142 πετρώδη,
3436 4070 3636 4136 οὔθ’ὡς

2053 4155 2107 4206 αἱ
2136 4154 2383 4222 ἄκανθαι,
2413 4157 2526 4210 ἀλλ’
2543 4158 2617 4220 ὡς
2646 4159 2678 4229 ὴ
2707 4158 2882 4230 ἀγαθὴ
2917 4161 3006 4231 γῆ.
3033 4161 3094 4214 Et
3116 4161 3212 4231 μὲν
3236 4156 3328 4214 οῦν
3347 4160 3469 4215 οὔτε
3488 4162 3634 4232 παρά

2050 4245 2148 4316 τὴν
2163 4245 2300 4310 ὁδὸν,
2320 4246 2443 4301 οὔτε
2464 4249 2554 4302 ἐπὶ
2573 4249 2668 4312 τάς
2683 4248 2922 4312 ἀκάνθας
2939 4247 3100 4320 ἦλθεν
3117 4251 3310 4320 ὁλόγος
3321 4251 3414 4304 τοῦ
3443 4251 3630 4324 Ἰησοῦ,

2056 4335 2118 4388 τὸ
2136 4337 2258 4390 ὅσον
2285 4338 2369 4408 ἐφ’
2388 4342 2537 4411 ἡμῖν,
2562 4341 2620 4392 ἐν
2642 4341 2832 4413 Κυρίῳ
2861 4342 3268 4413 καυχησόμεθα.
3314 4345 3632 4414 Συνήκαμεν

2057 4424 2166 4496 γὰρ
2191 4426 2300 4481 τῶν
2333 4428 2662 4499 λεγομένων.
2683 4430 2880 4504 Διόπερ
2908 4434 2936 4485 ὁ
2970 4433 3204 4505 πονηρὸς
3220 4434 3316 4503 οὐχ
3338 4435 3554 4504 ἥρπασε
3570 4434 3629 4487 τὺ

2055 4517 2402 4587 ἐσπαρμένον
2433 4519 2490 4570 ἐν
2517 4521 2636 4583 ταῖς
2669 4520 2914 4592 καρδίαις
2947 4521 3124 4594 ἡμῶν.
3165 4524 3284 4576 Ὅτι
3312 4523 3368 4576 δὲ
3393 4525 3513 4578 οὐδὲ
3541 4525 3630 4577 ἐπὶ

2051 4606 2152 4669 τάς
2191 4607 2430 4673 ἀκάνθας
2479 4610 2716 4682 ἐσπάρη,
2777 4611 2960 4666 πολλοὶ
3009 4616 3138 4685 ἡμῖν
3201 4619 3625 4688 μαρτυρήσουσι,

2053 4694 2409 4767 θεωροῦντες,
2455 4699 2535 4753 ὅτι
2569 4698 2692 4753 οὔτε
2725 4702 2757 4772 ἡ
2788 4701 2882 4755 τοῦ
2919 4703 3112 4768 αἰῶνος
3141 4705 3329 4758 τούτου
3367 4707 3626 4780 μέριμνα,

2047 4787 2170 4840 οῦτε
2203 4790 2234 4859 ἡ
2269 4790 2363 4842 τοῦ
2398 4790 2626 4844 πλούτου
2663 4793 2868 4864 ἀπάτη,
2904 4795 3026 4848 οὔτε
3056 4799 3111 4849 αί
3149 4797 3243 4850 τοῦ
3288 4798 3403 4867 βίου
3445 4799 3629 4868 ἡδοναὶ

2045 4878 2355 4949 δεδύνηνται
2401 4883 2689 4952 ἐμποδίσαι
2721 4885 2798 4955 τῷ
2827 4887 2884 4938 ἐν
2911 4890 3030 4951 ταῖς
3064 4887 3262 4959 ψυχαῖς
3295 4890 3451 4962 ἡμῶν
3485 4893 3625 4964 λόγῳ

2045 4969 2138 5021 τοῦ
2173 4968 2327 5023 Θεοῦ.
2363 4971 2561 5025 Λοιπόν
2595 4976 2708 5027 ἐστι
2737 4977 2864 5040 τοὺς
2889 4977 3209 5048 ἀνθρώπους
3235 4979 3620 5050 ἀμφιϐάλλειν,

2043 5057 2267 5130 πότερον
2309 5061 2400 5114 ἐπὶ
2449 5063 2517 5116 τὰ
2547 5064 2817 5135 πετρώδη,
2856 5066 2889 5136 ἢ
2932 5068 3024 5119 ἐπὶ
3047 5068 3146 5138 τὴν
3189 5068 3358 5139 καλὴν
3401 5065 3533 5140 ἦλθε
3565 5071 3624 5123 τὸ

2044 5148 2165 5201 ὅσον
2191 5150 2273 5218 ἐφ’
2299 5153 2430 5220 ἡμῖν
2454 5153 2482 5204 ὁ
2503 5152 2596 5205 τοῦ
2618 5153 2752 5207 Θεοῦ
2779 5155 2952 5224 λόγος.
2976 5156 3170 5224 Γέγονε
3198 5157 3306 5228 γὰρ
3329 5158 3507 5228 θλῖψις
3533 5160 3622 5212 καὶ

2041 5236 2276 5311 διωγμὸς
2319 5242 2407 5296 διὰ
2446 5244 2535 5297 τὸν
2566 5244 2743 5314 λόγον,
2788 5246 2879 5299 καὶ
2921 5247 3110 5319 ἐνέστη
3157 5249 3349 5320 καιρὸς
3380 5249 3617 5320 μεγάλου

2214 5387 2260 5420 ⁸³
2290 5388 2478 5445 Matth.
2518 5407 2612 5457 vtt,
2653 5391 2746 5447 24.
2825 5393 2871 5424 δι
2900 5393 3041 5464 Eph.
3072 5409 3148 5458 vt,
3193 5394 3278 5448 12.
3356 5393 3402 5426 ⁸⁵
3434 5395 3454 5450 l
3490 5394 3612 5451 Cor.

2043 5570 2131 5618 tur
2158 5567 2323 5621 verba
2355 5566 2548 5622 Matth.
2581 5583 2677 5633 vn,
2714 5569 2781 5624 55
2808 5587 2823 5625 :
2848 5570 2949 5626 οὐκ
2974 5570 3156 5634 ἔπεσε,
3191 5590 3211 5621 ‹
3233 5585 3338 5624 non
3363 5573 3564 5628 cecidit
3593 5590 3608 5626 :

2035 5645 2155 5691 erat
2177 5638 2318 5692 enim
2350 5637 2574 5694 fundata
2605 5655 2772 5714 super
2803 5651 3034 5712 petram.
3062 5661 3080 5694 ι
3120 5641 3500 5702 Wers'rrzmos.

2011 1699 2056 1754 Β
2085 1682 2251 1753 ἀγών.
2316 1684 2602 1756 Ἐνέστηκε
2645 1686 2754 1758 γάρ
2796 1685 3003 1756 χειμὼν
3048 1705 3067 1737 ‹
3117 1685 3297 1758 φέρων
3333 1687 3533 1758 βροχὴν
3573 1688 3665 1742 καὶ
3741 1722 3744 1724 -
