3988 6156
209 5704 221 5730 ἲ

257 320 370 376 655

1375 306 1824 365 EXHORTATIO
1853 307 1945 361 AD
1981 307 2424 365 MARTYRIUM.

3433 317 3536 373 654

259 438 606 513 πειρασμοῦ,
630 439 720 492 ὅτε
747 440 775 492 ὁ
811 437 908 510 μὲν
935 437 1028 491 ἐπὶ
1058 435 1126 490 τά
1155 435 1408 508 πετρώδη
1442 434 1672 504 σπαρεὶς
1700 433 1838 502 ἐλέγ“

1959 431 2168 486 bulatio
2217 440 2273 486 et
2326 432 2640 501 persecutio
2685 438 2909 502 propter
2934 433 3182 500 verbum,
3215 442 3270 488 et
3317 440 3529 502 tempus

228 537 440 603 ’χεται,
480 531 579 584 καὶ
613 533 661 584 οἱ
697 529 772 602 μὴ
805 528 1228 601 ὲμϐαθύναντες,
1272 527 1407 598 μηδὲ
1441 526 1600 598 μέχρι
1635 526 1726 581 τοῦ
1763 526 1858 596 βά-

256 623 388 685 θους
429 622 540 692 τῆς
592 621 771 693 ψυχῆς
815 619 1246 692 παραδεξάμενοι
1291 619 1382 671 τὸν
1435 617 1660 688 Ἰησοῦν.
1707 619 1764 672 '0
1802 619 1857 672 δὲ

256 713 469 776 συνιεὶς
505 712 598 766 τὸν
629 712 785 781 λόγον
814 713 1173 783 καρποφορεῖ,
1203 709 1297 763 καὶ
1327 710 1545 779 κατέχει
1579 710 1669 764 τὸν
1701 710 1855 779 λόγον

256 806 424 878 μέχρι
462 806 659 869 τέλους
700 807 756 858 ὲν
801 807 1042 877 ὑπομονῇ
1093 804 1261 858 ποιῶν
1309 805 1850 858 ἑκατονταπλασίονα.

263 896 580 968 Ἀκοῦομεν
613 897 722 969 γὰρ
765 898 884 952 τίνα
925 898 1188 969 τρόπονή
1229 897 1418 969 Γραφὴ
1459 899 1698 971 παριστᾷ
1727 899 1853 960 τοὺς

251 987 360 1058 μὲν
401 990 466 1040 ὲν
500 988 679 1060 καιρῷ
722 988 953 1058 θλίψεως
990 989 1023 1061 ἢ
1058 987 1297 1058 διωγμοῦ
1339 988 1852 1059 σκανδαλιζομένους

253 1081 397 1152 μετά
426 1081 494 1134 τὺ
524 1085 585 1136 ἐν
616 1085 759 1157 χαρᾷ
781 1083 958 1138 δοκεῖν
994 1083 1390 1155 παρειληφέναι
1418 1083 1486 1137 τὰ
1518 1084 1648 1152 ἆγια
1679 1084 1853 1156 μαθή-

250 1190 424 1243 ματα,
470 1176 574 1227 καὶ
615 1175 1132 1247 σκανδαλιςομένους
1171 1176 1248 1247 τῷ
1279 1177 1352 1246 μὴ
1382 1176 1522 1246 ἔχειν
1549 1177 1744 1240 αὐτοὺς
1773 1177 1853 1246 ρί-

245 1263 370 1326 ζαν,
402 1262 552 1317 ἀλλὰ
583 1264 719 1334 πρὸς
747 1265 934 1334 καιρὸν
956 1263 1252 1318 πιστεύειν.
1280 1265 1417 1334 Φησὶ
1448 1263 1557 1335 γὰρ
1585 1264 1724 1317 κατὰ
1755 1265 1851 1334 μὲν

243 1352 337 1405 τὸν
376 1352 702 1406 Μα·ιτθα”ίον⁸
741 1373 759 1404 ι
803 1354 862 1408 '0
896 1355 952 1407 δὲ
984 1355 1075 1407 ἐπὶ
1102 1353 1171 1407 τά
1209 1353 1460 1425 πετρώδη
1491 1355 1738 1426 σπαρεὶς,
1769 1348 1853 1407 οῦ-

244 1443 342 1507 τός
383 1446 548 1500 ἐστιν
583 1446 611 1498 6
641 1445 731 1500 τὸν
769 1445 924 1515 λόγον
951 1445 1184 1511 ἀκούων,
1221 1449 1314 1500 καὶ
1346 1447 1550 1511 εὐθέως
1589 1446 1726 1517 μετά
1754 1465 1852 1517 χαι

242 1541 352 1611 ρᾶς
391 1538 698 1610 λαμϐάνων
745 1539 940 1594 αὐτόν·
979 1539 1081 1592 οὑκ
1122 1539 1236 1609 ἔχει
1273 1538 1330 1591 δὲ
1370 1537 1525 1608 ῥίζαν
1559 1541 1616 1591 ἐν
1653 1538 1847 1609 ἐαυτῷ,

239 1634 388 1689 ἀλλά
417 1633 766 1708 πρόσκαιρός
791 1635 905 1686 ὲστι
929 1650 942 1663 ·
969 1617 1268 1704 γενομένης
1296 1632 1353 1685 δὲ
1384 1631 1614 1701 θλίψεως
1643 1632 1675 1703 ῆ
1699 1632 1850 1700 διωγ-

243 1726 353 1794 μοῦ
385 1727 484 1780 διὰ
520 1726 613 1780 τὸν
647 1726 824 1796 λόγον,
861 1725 1022 1789 εὐθὺς
1053 1724 1498 1789 σκανδαλίζεταιο
1543 1744 1560 1775 ι
1611 1724 1750 1778 κατά
1791 1725 1846 1778 δὲ

237 1817 337 1872 τὸν
363 1819 606 1890 Μάρκον
625 1834 638 1847 °
670 1837 687 1869 ι
717 1812 874 1872 Οὗτοί
901 1819 1038 1871 εἰσιν
1068 1819 1117 1870 οἱ
1146 1819 1238 1870 ἐπὶ
1264 1817 1331 1872 τὰ
1354 1816 1602 1889 πετρώδη
1625 1817 1844 1888 σπειρό-

241 1926 441 1980 μενοι·
496 1909 569 1973 οἳ,
621 1908 748 1962 ὅταν
787 1908 1060 1962 ἀκούσωσι
1097 1909 1188 1961 τὸν
1230 1908 1405 1978 λόγον,
1453 1906 1656 1966 εὐθέως
1710 1905 1847 1976 μετὰ

239 2004 429 2072 χαρᾶς
457 2000 816 2073 λαμϐάνουσι,
853 2001 948 2055 καὶ
980 2001 1079 2055 οὐκ
1112 2000 1294 2073 έχουσι
1328 2000 1482 2072 ῥίζαν
1513 2001 1571 2052 ὲν
1611 2001 1842 2064 ἑαυτοῖς,

238 2092 387 2146 ἀλλά
442 2091 771 2164 πρόσκαιροί
805 2093 972 2145 εἰσιν·
1027 2092 1163 2144 ἐπὰν
1195 2093 1494 2163 γενομένης
1536 2091 1766 2162 θλίψεως
1807 2093 1840 2164 ἢ

238 2181 499 2254 διωγμοῦ
547 2182 634 2236 διὰ
681 2183 772 2236 τὸν
810 2183 986 2252 λόγον,
1037 2184 1236 2247 εὐθέως
1289 2184 1759 2249 σκανδαλίζονται·
1818 2205 1836 2236 ι

238 2275 393 2330 κατά
427 2275 488 2328 δὲ
520 2275 614 2329 τὸν
640 2276 882 2329 Λουκᾶνο
916 2295 932 2326 ι
969 2277 1029 2329 0i
1058 2276 1114 2328 δὲ
1142 2277 1233 2329 ἐπὶ
1256 2278 1354 2348 τὴν
1383 2277 1608 2349 πέτραν,
1631 2277 1680 2330 οἳ
1713 2279 1841 2330 ὅταν

237 2366 554 2431 ἀκούσωσι,
589 2366 726 2438 μετά
757 2369 929 2438 χαρᾶς
961 2367 1204 2437 δέχονται
1235 2368 1326 2421 τὸν
1357 2368 1512 2437 λόγον
1533 2386 1547 2399 ·
1583 2371 1675 2424 καὶ
1699 2365 1840 2423 οῦτοι

237 2458 412 2528 ῥίζαν
435 2460 537 2512 οὐκ
563 2458 773 2529 ἔχουσιν
794 2477 806 2488 ·
836 2459 884 2512 οἳ
913 2460 1050 2529 πρὸς
1083 2460 1268 2531 καιρὸν
1300 2460 1630 2523 πιστεύουσι,
1663 2461 1754 2514 καὶ
1785 2463 1841 2514 ἐν

234 2549 436 2622 καιρῷ
491 2550 799 2620 πειρασμοῦ
857 2551 1201 2619 ἀφίστανται.
1256 2570 1274 2602 ι
1324 2552 1462 2622 Περὶ
1506 2551 1614 2603 τῶν
1662 2551 1842 2615 καλῶς

234 2641 770 2710 καρποφορούντων,
786 2641 1132 2704 διδάσκουσα,
1161 2641 1336 2710 λέγει·
1379 2661 1398 2692 ‹
1445 2643 1503 2696 'O
1536 2643 1590 2694 δὲ
1624 2643 1716 2696 ἐπὶ
1745 2644 1840 2714 τὴν

235 2729 431 2798 καλὴν
465 2730 568 2800 γῆν
609 2725 1047 2802 σπαρεὶςξυοῦτός
1079 2735 1224 2786 ἐστιν
1255 2736 1283 2786 6
1312 2733 1404 2786 τὸν
1435 2734 1590 2803 λόγον
1629 2733 1840 2788 ἀκούων

237 2818 345 2873 καὶ
381 2821 608 2882 συνιεὶς,
635 2820 690 2884 ὃς
739 2820 802 2891 δὴ
838 2825 1183 2894 καρποφορεῖ
1209 2825 1301 2877 καὶ
1330 2826 1491 2888 ποιεῖ,
1525 2825 1553 2877 ὁ
1584 2824 1683 2896 μὲν
1718 2826 1840 2878 έκα-

234 2913 360 2977 τὸν,
393 2913 426 2966 6
458 2914 516 2967 δὲ
548 2915 829 2986 ἑξήκοντα,
858 2919 886 2970 6
916 2918 973 2970 δὲ
1006 2919 1316 2989 τριάκοντα·
1351 2939 1370 2972 ι
1406 2921 1462 2990 ἦ’
1499 2939 1517 2971 ‹
1557 2920 1667 2972 Καὶ
1694 2914 1838 2973 οὗτοί

236 3007 392 3058 εἰσιν
437 3006 486 3058 οἱ
530 3006 622 3059 ἐπὶ
652 3007 750 3078 τὴν
779 3007 884 3078 γῆν
925 3008 1024 3080 τὴν
1057 3011 1227 3081 καλὴν
1275 3011 1594 3082 σπαρέντες,
1643 3012 1836 3074 οἵτινες

1966 538 2173 594 magna:
2213 523 2531 580 tentationis
2579 523 2766 592 instat,
2794 540 2902 594 quo
2943 527 3196 596 arguitur
3248 527 3339 597 qui
3370 543 3534 598 super

1955 626 2176 686 petrosa
2211 616 2512 673 seminatns
2551 627 2662 681 est,
2696 627 2750 672 et
2780 616 2870 687 qui
2905 603 3203 686 profundas
3255 634 3360 673 non
3405 634 3532 688 ege-

1957 716 2084 760 runt
2119 709 2351 776 radices,
2387 725 2486 765 nec
2516 723 2687 778 usque
2731 709 2798 763 ad
2853 710 3052 764 mentis
3106 710 3299 764 intima
3343 709 3528 764 Jesum

1955 808 2339 866 susceperunt.
2374 801 2475 866 Qui
2509 810 2689 856 autem
2722 801 2974 871 intelligit
3001 801 3249 870 verbum,
3289 802 3528 857 fructum

1953 889 2134 956 affert,
2168 899 2223 946 et
2267 891 2467 946 retinet
2505 893 2730 946 verbum
2762 907 2930 962 usque
2953 893 3018 946 ad
3054 893 3213 948 finem
3239 895 3292 948 in
3321 895 3530 962 patien-

1956 984 2051 1048 tia,
2085 983 2295 1036 faciens
2343 984 2725 1038 ceutesimum.
2761 985 3026 1039 Audimus
3058 986 3206 1039 enim
3247 987 3522 1056 quomodo

1954 1074 2235 1143 Scriptura
2268 1076 2422 1130 nobis
2448 1075 2704 1128 exhibeat
2737 1075 2860 1128 illos
2882 1075 2972 1146 qui
3002 1076 3054 1129 in
3078 1084 3323 1147 tempore
3349 1079 3527 1132 tribu-

1953 1164 2171 1219 lationis
2219 1173 2273 1218 et
2305 1166 2702 1234 persecutionis
2729 1165 3199 1229 scandalizantur,
3229 1174 3524 1236 postquam

1951 1271 2073 1309 cum
2111 1257 2306 1326 gaudio
2353 1266 2602 1310 sanctam
2660 1256 3010 1324 disciplinam
3059 1258 3367 1326 suscepisse
3421 1258 3524 1312 visi

1951 1357 2110 1410 sunt;
2145 1356 2201 1400 et
2226 1345 2347 1400 ideo
2376 1348 2826 1402 scaudalizantur
2847 1348 2991 1418 quod
3017 1349 3255 1402 radicem
3292 1365 3398 1404 non
3427 1350 3526 1403 ha-

1949 1440 2136 1502 beant,
2165 1439 2260 1494 sed
2293 1441 2361 1496 ad
2404 1449 2616 1509 tempus
2641 1441 2890 1496 credant.
2921 1439 3009 1493 Ait
3040 1443 3184 1495 enim
3224 1443 3523 1496 secundum

1950 1529 2261 1586 Matthteum
2292 1549 2306 1584 :
2336 1549 2355 1583 ι
2387 1532 2487 1598 Qui
2532 1540 2713 1586 autem
2761 1546 2927 1600 super
2952 1541 3170 1602 petrosa
3220 1533 3526 1589 seminatus

1949 1632 2054 1687 est,
2087 1623 2177 1678 hic
2212 1631 2296 1679 est
2352 1625 2444 1693 qui
2497 1625 2726 1679 verbum
2781 1627 2952 1693 audit,
2993 1636 3048 1680 ct
3097 1626 3356 1680 continuo
3395 1641 3523 1682 cum

1951 1722 2151 1789 gaudio
2176 1723 2378 1791 accipit
2431 1721 2595 1788 illud;
2648 1737 2754 1776 non
2785 1722 2950 1777 habet
2979 1732 3158 1777 autem
3207 1723 3260 1776 in
3289 1737 3348 1777 se
3376 1721 3522 1776 radi-

1948 1828 2093 1875 cem,
2120 1815 2213 1868 sed
2262 1822 2349 1870 est
2398 1813 2748 1883 temporalis;
2778 1815 2922 1869 facta
2953 1824 3136 1868 autem
3169 1814 3522 1870 tribulatione
3605 1841 3608 1844 λ

1947 1913 2000 1956 et
2019 1906 2405 1973 persecutione
2432 1917 2655 1974 prepter
2678 1906 2926 1970 verbum,
2954 1908 3217 1975 continuo
3243 1905 3522 1962 scandali-

1946 1997 2188 2050 zatur“.
2211 2016 2229 2049 ι
2268 1996 2577 2051 Secundum
2612 1997 2852 2051 Marcum
2883 2012 2897 2051 :
2931 2017 2949 2050 ι
2977 1998 3039 2052 lli
3067 2007 3194 2052 sunt
3239 1999 3330 2067 qui
3357 2013 3522 2069 super

1947 2099 2162 2158 petrnsa
2198 2091 2558 2156 seminantur,
2612 2091 2704 2159 qui
2758 2106 2880 2144 cum
2939 2091 3213 2146 audierint
3266 2093 3518 2157 verbum,

1945 2181 2132 2236 statim
2178 2196 2302 2236 cum
2337 2181 2534 2251 gaudio
2585 2182 2861 2251 accipiunt
2911 2182 3062 2249 illud,
3097 2192 3152 2238 et
3178 2199 3283 2238 non
3319 2184 3521 2238 habent

1945 2276 2190 2330 radicem
2220 2276 2274 2330 in
2325 2290 2408 2340 se,
2453 2276 2548 2329 sed
2588 2274 2930 2343 temporales
2981 2285 3140 2330 sunt:
3175 2275 3368 2330 deinde
3396 2285 3517 2330 orta

1944 2368 2297 2423 tribulatione
2329 2378 2386 2420 et
2440 2367 2829 2436 persecutione
2856 2359 3080 2436 prepter
3107 2368 3356 2432 verbum,
3386 2382 3520 2420 con-

1942 2460 2120 2513 festim
2160 2459 2726 2514 scandalizantur".i
2749 2457 3058 2517 Secundum
3089 2459 3290 2514 Lucam
3319 2460 3518 2514 :cNam

1943 2553 2036 2621 qni
2067 2568 2232 2621 supra
2287 2563 2518 2623 petram,
2547 2553 2638 2620 qui
2672 2567 2796 2606 cum
2824 2552 3103 2606 audierint
3148 2566 3271 2605 cum
3318 2553 3518 2621 gaudio

1945 2644 2247 2710 suscipiunt
2278 2644 2539 2708 verbum;
2566 2652 2620 2697 et
2647 2644 2701 2697 hi
2735 2643 2946 2697 radices
2997 2658 3104 2697 non
3143 2643 3381 2710 habent;
3423 2644 3517 2713 qui

1944 2729 2010 2782 ad
2049 2741 2260 2796 tempus
2287 2731 2539 2790 credunt.
2565 2740 2618 2784 et
2647 2731 2698 2784 in
2737 2739 2980 2799 tempore
3008 2733 3331 2787 tentationis
3359 2748 3519 2788 rece-

1941 2821 2160 2878 dunt“.
2193 2841 2212 2875 ι
2251 2821 2325 2875 De
2373 2822 2440 2875 iis
2486 2822 2576 2890 qui
2611 2825 2748 2877 bene
2781 2823 3017 2877 fructum
3047 2823 3285 2879 afferunt
3314 2825 3524 2882 docens

1941 2913 2018 2967 ait
2064 2914 2343 2983 Scriptura
2373 2932 2386 2968 :
2421 2933 2438 2966 ι
2462 2915 2562 2980 Qui
2593 2930 2721 2969 vero
2755 2916 2807 2967 in
2858 2924 3063 2970 terram
3112 2917 3310 2972 bonam
3360 2919 3518 2973 semi-

1941 3019 2100 3062 nalus
2151 3017 2260 3074 est,
2308 3007 2398 3060 hic
2434 3018 2516 3062 est
2551 3011 2640 3076 qui
2675 3009 2826 3062 audit
2882 2997 3128 3074 verbum,
3156 3017 3212 3062 et
3242 3009 3514 3078 intelligit,

240 3098 515 3152 ἀκούουσι
558 3099 649 3153 τὸν
683 3099 838 3169 λόγον
871 3102 965 3156 καὶ
997 3103 1367 3172 ἀποδέχονται,
1419 3105 1511 3157 καὶ
1558 3122 1833 3175 καρποφο-

1942 3107 1993 3153 et
2029 3098 2268 3152 fructum
2310 3097 2488 3170 affert,
2520 3111 2572 3154 et
2632 3098 2766 3152 facit
2815 3098 2953 3154 alius
2985 3100 3203 3168 quidem
3271 3101 3513 3154 centesi-

245 3187 346 3259 ροῦ
356 3204 444 3240 σιν
464 3188 522 3240 ἓν
541 3190 856 3261 τριάκοντα,
878 3191 972 3244 καὶ
993 3191 1048 3244 ἓν
1066 3191 1346 3262 ἐξήκοντα,
1365 3193 1456 3245 καὶ
1475 3192 1531 3244 ἒν
1557 3194 1748 3246 ἑκατόν
1768 3213 1780 3225 ·
1811 3213 1828 3245 ι

245 3281 306 3350 η’
339 3299 359 3330 ‹
402 3280 476 3332 Τὸ
506 3280 560 3333 δὲ
593 3283 672 3344 εἰς
704 3281 801 3352 τὴν
834 3283 1000 3352 καλὴν
1032 3284 1155 3352 γῆν,
1185 3275 1330 3336 οῦτοί
1361 3285 1517 3346 εἰσιν,
1551 3285 1744 3348 οἵτινες
1777 3287 1833 3338 ὲν

245 3365 452 3445 καρδίᾳ
485 3372 620 3444 καλῇ
659 3373 750 3426 καὶ
785 3374 962 3445 ἀγαθῇ
997 3374 1325 3437 ἀκούσαντες
1351 3375 1442 3427 τὸν
1467 3375 1643 3444 λόγον,
1677 3377 1834 3429 κατέ-

245 3480 408 3531 χουσι
443 3467 536 3519 καὶ
581 3465 1020 3536 καρποφοροῦσιν
1052 3467 1108 3519 ὲν
1151 3465 1416 3536 ὑπομονῇ.
1472 3485 1490 3516 ι
1540 3466 1699 3518 Κατά
1743 3468 1834 3520 τὸν

260 3547 588 3603 Ἀπόστολον
613 3548 706 3604 οὖν
729 3553 849 3604 ἐπεὶ
881 3571 899 3603 ‹
935 3553 1069 3604 Θεοῦ
1096 3552 1383 3624 γεώργιον,
1410 3553 1544 3606 Θεοῦ
1577 3556 1830 3626 οἰκοδομή

245 3635 396 3701 ὲστε,
431 3657 450 3690 ι
475 3640 738 3711 γεώργιον
762 3641 861 3712 μὲν
880 3643 937 3696 ἐν
952 3645 1018 3715 τῇ
1051 3644 1226 3716 ἀγαθῇ
1262 3647 1354 3715 γῇ,
1397 3645 1651 3717 οἰκοδομὴ
1683 3646 1739 3701 δὲ
1774 3649 1832 3700 έν

244 3733 311 3802 τῇ
344 3732 556 3803 πέτρα·
597 3735 673 3798 ὼς
705 3735 961 3807 οἰκοδομὴ
993 3735 1149 3800 Θεοῦ,
1184 3738 1395 3808 στῶμεν
1423 3740 1661 3794 ἄσειστοι
1696 3741 1832 3812 πρὸς

244 3824 336 3878 τὸν
369 3827 650 3896 χειμῶνα·
683 3829 778 3882 καὶ
811 3829 886 3893 ὠς
924 3829 1056 3883 Θεοῦ
1087 3830 1372 3903 γεώργιον,
1409 3834 1546 3905 μηδὲ
1581 3834 1691 3907 (62)
1736 3836 1830 3888 τοῦ

247 3918 489 3990 πονηροῦ
527 3919 918 3990 φροντίζωμεν,
953 3923 1090 3994 μήτε
1125 3922 1372 3993 θλίψεως,
1402 3925 1433 3996 ἢ
1461 3925 1700 3996 διωγμοῦ
1724 3927 1830 3980 τῶν

243 4005 332 4061 διὰ
366 4010 463 4064 τὸν
494 4008 1003 4082 λόγονσγινομένων,
1041 4015 1178 4085 μήτε
1218 4015 1318 4085 τῆς
1348 4016 1440 4094 τοῦ
1474 4019 1667 4083 αἰῶνος
1703 4019 1828 4072 τού-

244 4115 338 4153 του
370 4101 663 4173 μερίμνης,
697 4102 730 4173 ἢ
765 4103 864 4174 τῆς
895 4104 1110 4175 ἀπάτης
1136 4105 1227 4158 τοῦ
1256 4107 1507 4175 πλούτου,
1542 4109 1574 4180 ἢ
1604 4110 1710 4163 τῶν
1733 4112 1826 4165 τοῦ

248 4189 363 4259 βίου
406 4193 610 4264 ἡδονῶν
631 4212 643 4224 ·
681 4193 815 4248 ἀλλά
856 4194 1072 4248 πάντων
1104 4196 1306 4249 τούτων
1341 4194 1825 4269 καταφρονοῦντες,

246 4284 306 4338 τὸ
346 4286 655 4357 ἀμέριμνον
699 4288 798 4357 τῆς
842 4287 1032 4356 σοφίας
1070 4288 1288 4358 πνεῦμα
1319 4290 1697 4362 ἀναλάϐωμεν,
1735 4294 1829 4348 καὶ

247 4376 339 4428 ἐπὶ
362 4377 458 4432 τὸν
484 4378 752 4449 μηδαμῶς
776 4378 964 4449 ἔχοντα
985 4381 1201 4452 ἀπάτην
1229 4381 1454 4435 πλοῦτον
1487 4385 1823 4456 σπεύδωμεν,

240 4469 338 4521 ’καὶ
367 4469 462 4523 ἐπὶ
495 4470 612 4534 τὰς,
651 4471 716 4523 ἵν’
755 4470 925 4534 οὑτως
957 4471 1227 4542 ὀνομάσω,
1271 4474 1466 4543 ἡδονὰς
1511 4473 1605 4528 τοῦ
1649 4493 1826 4548 παρα-

245 4559 420 4616 δείσου
465 4563 563 4632 τῆς
593 4561 806 4634 τρυφῆς
843 4563 1227 4632 ἐπειγώμεθαο
1275 4564 1395 4618 καθ’
1438 4567 1666 4621 ἕκαστον
1718 4573 1826 4629 τῶν

244 4648 515 4704 ἐπιπόνων
560 4651 916 4724 λογιζόμενοι,
950 4653 1032 4706 ὅτι
1072 4673 1090 4705 ‹
1137 4654 1209 4706 Τὸ
1251 4655 1559 4726 παραυτίκα
1597 4659 1831 4733 ἐλαφρὸν

244 4739 344 4809 τῆς
395 4741 628 4811 θλίψεως
666 4743 822 4814 ἡμῶν
872 4743 994 4796 καθ’
1038 4745 1345 4817 ὑπερϐολὴν
1394 4748 1476 4811 εἰς
1527 4750 1831 4826 ὑπερϐολὴν

1940 3205 2108 3254 mum,
2141 3190 2281 3244 alius
2321 3201 2502 3245 autem
2555 3192 2986 3261 sexagesimum,
3018 3193 3162 3247 alius
3186 3207 3316 3249 vero
3347 3195 3514 3264 trige-

1937 3283 2190 3336 simum"
2217 3299 2229 3346 ;
2259 3301 2277 3332 ι
2320 3283 2400 3334 vel
2432 3300 2446 3336 :
2477 3301 2495 3334 ι
2523 3283 2586 3337 Ει
2632 3284 2687 3337 1ιί
2748 3293 2878 3338 sunt
2923 3285 3017 3353 qui
3080 3301 3246 3355 super
3309 3296 3514 3341 terram

1936 3376 2134 3429 bonam
2192 3377 2448 3432 seminati
2506 3387 2660 3443 sunt,
2717 3380 2810 3448 qui
2872 3378 3101 3433 audiunt
3154 3379 3401 3443 verbum,
3458 3390 3515 3436 et

1934 3469 2264 3532 suscipiunt,
2322 3482 2377 3526 et
2434 3470 2788 3536 frnctilicant,
2823 3486 3014 3524 -nnmn
3064 3472 3305 3541 triginta,
3345 3489 3512 3527 unum

1935 3559 2242 3626 sexaginta,
2277 3570 2330 3614 et
2355 3577 2520 3615 unum
2549 3570 2764 3615 centum
2791 3562 2858 3625 “,
2885 3581 2902 3612 ι
2941 3563 3025 3615 vel
3058 3579 3071 3615 :
3108 3581 3126 3614 ι
3153 3561 3306 3627 Quod
3333 3575 3514 3618 autem

1936 3649 1988 3703 in
2029 3658 2229 3703 terram
2282 3651 2500 3719 bonam,
2546 3652 2599 3705 hi
2654 3662 2780 3707 sunt
2817 3656 2906 3721 qui
2965 3654 3018 3707 in
3069 3655 3235 3708 corde
3274 3653 3416 3710 bono
3458 3663 3514 3711 et

1935 3741 2142 3810 optimo
2169 3743 2456 3797 audientes
2480 3746 2705 3797 verbum
2743 3745 2999 3810 retinent,
3027 3756 3082 3799 et
3111 3746 3349 3800 fructum
3373 3746 3510 3801 affe-

1933 3841 2062 3886 runt
2125 3834 2178 3886 in
2215 3835 2477 3904 patientia
2501 3835 2566 3891 ⁸³.
2592 3853 2610 3886 ι
2645 3835 2870 3899 Quando
2901 3836 3066 3906 igitur
3091 3836 3247 3906 juxta
3279 3838 3512 3909 Aposto-

1933 3922 2044 3978 lnm
2083 3945 2100 3976 ‹
2124 3925 2215 3979 Dei
2248 3926 2609 3995 agricultura,
2663 3927 2756 3982 Dei
2817 3930 3104 3986 mdilicatio
3138 3932 3291 3997 estis,
3318 3950 3336 3983 ι
3367 3932 3512 4001 agri-

1932 4017 2144 4071 cultura
2180 4017 2232 4071 in
2269 4027 2414 4072 terra
2451 4019 2616 4083 bona,
2657 4019 2946 4076 aediﬁcatio
2974 4036 3139 4091 super
3167 4032 3418 4092 petram;
3448 4032 3508 4076 ut

1930 4108 2218 4163 mdiﬁcatio
2247 4109 2360 4173 Dei,
2392 4117 2595 4166 stemus
2629 4111 2797 4182 309
2842 4113 3152 4168 inconcussi
3202 4113 3268 4165 ad
3307 4122 3511 4181 tempe-

1931 4210 2127 4254 statem
2164 4218 2177 4254 :
2215 4211 2273 4254 ut
2309 4200 2402 4256 Dei
2437 4203 2800 4272 agricultura,
2838 4218 3014 4272 neque
3044 4204 3110 4258 de
3147 4203 3388 4273 maligno
3411 4219 3508 4257 eu-

1932 4305 2135 4355 remus,
2195 4307 2374 4360 neque
2432 4294 2499 4347 de
2556 4293 2914 4348 tribulatione
2970 4304 3069 4349 aut
3123 4295 3510 4362 persecutione

1931 4394 2050 4448 qua:
2104 4393 2325 4450 propter
2357 4383 2584 4438 verbum
2618 4385 2855 4450 oriatur,
2889 4400 3067 4455 neque
3112 4387 3178 4442 de
3241 4388 3511 4442 sollicitu-

1931 4474 2059 4527 dine
2115 4475 2276 4539 hujus
2312 4477 2516 4544 saeculi,
2565 4493 2742 4548 neque
2791 4481 2858 4535 de
2917 4480 3135 4536 fallacia
3163 4480 3503 4547 divitiarum,

1929 4576 2022 4619 aut
2049 4567 2115 4621 de
2140 4568 2263 4622 vitae
2292 4569 2692 4638 voluptatibus;
2729 4573 2822 4628 sed
2853 4574 2934 4627 his
2974 4576 3226 4628 omnibus
3253 4585 3505 4629 contem—

1918 4658 2038 4734 ptis
2069 4658 2320 4726 spiritum
2355 4661 2638 4730 sapientia:
2666 4663 3038 4721 sollicitudine
3066 4675 3345 4722 carentem
3381 4680 3504 4721 sus-

1928 4749 2218 4819 cipiamus,
2251 4750 2574 4808 festinemus
2604 4755 2672 4809 ad
2704 4770 2796 4810 cas
2824 4756 3041 4813 divitias
3077 4773 3197 4828 qua:
3224 4755 3500 4812 fallaciam

246 4827 463 4882 αἰώνιον
494 4831 655 4905 βάρος
677 4832 832 4904 δόξης
866 4834 1262 4904 κατεργάζεται
1292 4837 1421 4907 ἡμῖν
1440 4854 1452 4868 ⁸
1487 4840 1832 4897 σκοπούντων

1943 4857 2037 4896 ιοιι
2084 4841 2307 4908 habent,
2353 4852 2411 4899 et
2442 4846 2508 4898 ad
2539 4846 2867 4917 voluptates,
2901 4859 2959 4903 ut
2999 4851 3069 4904 ita
3098 4827 3308 4914 dicam,
3335 4863 3498 4918 para-

243 4917 407 4988 ήμῶν
439 4922 500 4972 οὑ
533 4921 599 4975 τὰ
629 4922 951 4995 βλεπόμενα,
977 4922 1111 4977 ἀλλά
1139 4925 1207 4979 τά
1234 4926 1307 4996 μὴ
1342 4925 1662 5000 βλεπόμενα.
1701 4952 1718 4983 ι

1927 4934 2026 4990 disi
2060 4935 2379 4990 deliciarmn
2432 4952 2816 5008 properemus.
2854 4941 3197 5010 Reputemus
3224 4941 3276 4994 in
3311 4941 3502 5009 singu-

249 5009 316 5065 lis
342 5012 598 5065 zerumnis
633 5013 819 5070 istud:
850 5035 868 5067 ‹
899 5016 1050 5082 Quod
1082 5019 1136 5072 in
1173 5022 1424 5086 praesenti
1471 5031 1552 5076 est
1598 5037 2038 5082 mumentaneum
2089 5038 2145 5082 et
2195 5030 2316 5085 leve
2365 5032 2734 5088 tribulationis
2777 5009 2999 5102 nostrae,
3049 5049 3214 5104 supra
3275 5034 3498 5088 modum

249 5100 303 5156 in
342 5101 674 5158 sublimitate
706 5113 968 5158 aeternum
1000 5107 1184 5175 gloria:
1228 5109 1437 5178 pondus
1473 5123 1730 5182 operatur
1775 5115 1826 5170 in
1902 5118 2096 5183 nobis;
2145 5135 2254 5175 non
2304 5123 2800 5195 contemplantibus
2859 5100 3022 5184 nobis

249 5196 342 5250 sed
377 5212 500 5267 qure
535 5213 640 5250 non
675 5198 1004 5254 videntur“.
1035 5220 1070 5251 »η

318 5291 428 5344 Καὶ
469 5288 627 5343 τοῦτο
663 5291 720 5344 δὲ
764 5290 1137 5364 γινώσκωμεν,
1171 5296 1252 5349 ὅτι
1281 5296 1345 5349 τὸ
1376 5298 1664 5368 εἰρημένον
1692 5301 1819 5370 περὶ

250 5383 338 5437 τοῦ
383 5383 548 5438 ΙἈϐελ
579 5381 952 5454 ἀναιρεθέντος
985 5385 1089 5438 ὑπὸ
1123 5387 1213 5440 τοῦ
1255 5387 1699 5458 ἀνθρωποκτόνου
1727 5393 1821 5446 καὶ

329 5545 374 5616 ξδ
405 5542 595 5600 Matth.
623 5560 746 5611 xm,
779 5528 988 5616 2f),__2l_.
1095 5545 1309 5598 "Mare.
1340 5562 1413 5608 tv,
1446 5546 1532 5616 16,
1566 5549 1652 5604 17.

253 5611 297 5645 ⁸³
325 5613 452 5670 an.
481 5631 598 5679 vui,
634 5616 721 5670 15.
803 5615 848 5646 ⁸⁸
874 5612 912 5666 11
948 5614 1072 5669 Cor.
1109 5630 1182 5683 Iv,
1215 5615 1300 5681 17,
1336 5617 1421 5670 18.

320 5757 635 5832 (62)]11ηδέ.
672 5759 830 5832 Lego,
869 5762 1029 5834 μήτε.

1759 5551 1802 5582 ⁸ο
1830 5550 1961 5610 Luc.
1996 5571 2112 5622 vm,
2145 5556 2233 5612 l3.

3058 5143 3179 5198 qua:
3223 5127 3440 5181 videntu
3450 5137 3496 5187 r,

2000 5302 2089 5356 50.
2136 5303 2277 5357 lstud
2313 5305 2475 5358 etiam
2528 5307 2859 5368 noverimus,
2897 5308 3038 5375 quod
3077 5307 3279 5360 dictum
3313 5311 3396 5358 est
3430 5304 3497 5356 de

1927 5394 2059 5448 Abel
2088 5394 2156 5450 ab
2189 5395 2460 5450 homicida
2493 5409 2545 5450 et
2581 5400 2780 5469 injusto
2807 5399 2937 5453 Cain
2968 5398 3173 5459 occiso,
3218 5394 3284 5447 iis
3317 5393 3496 5448 omni-

2312 5558 2352 5591 “
2389 5556 2583 5614 Matth.
2621 5572 2752 5623 riu,
2785 5555 2875 5610 23.
2988 5553 3033 5584 "
3060 5549 3229 5607 Marc.
3274 5565 3353 5617 tv,
3394 5548 3485 5604 20.
