3988 6156
493 319 601 374 655

1415 310 1728 369 ΟΙΠΟΕΝΙΞ
1758 307 2204 366 EXHORTATIO
2244 307 2334 361 AD
2370 303 2810 361 MARTYBIUM.

3665 306 3776 363 656

494 435 600 492 bus
631 434 922 489 convenire
955 445 1182 502 quorum
1218 429 1416 499 injuste
1448 431 1670 498 sanguis
1710 429 1911 485 ellnsus
1958 438 2062 484 est.

2173 426 2358 479 ἀδίκου
2394 425 2534 479 Κάῖν
2575 422 2876 493 ἐφαρμόζει
2927 423 3111 488 πᾶσιν,
3162 416 3239 476 ὧν
3279 421 3479 484 ἀδίκως
3525 421 3771 494 ἐξεχύθη

493 521 627 578 Illud
655 525 831 579 enim:
872 542 890 572 ι
933 523 1044 576 Vox
1085 520 1364 588 sanguinis
1404 520 1591 575 fratris
1647 523 1722 576 tui
1763 522 1966 577 clamat
2003 515 2065 573 ad

2174 523 2234 573 τὸ
2253 513 2408 590 αἷμα.
2451 518 2523 570 Τὸ
2556 519 2682 588 γάρ·
2731 535 2748 566 ι
2784 515 2938 586 Φωνὴ
2973 515 3205 586 αἵματος
3249 514 3343 568 τοῦ
3392 516 3624 585 ἀδελφοῦ
3672 534 3771 571 σου

494 634 583 673 me
615 619 679 672 de
713 627 852 672 terra
883 615 946 680 θ’,
987 634 1005 665 ι
1050 614 1118 668 de
1163 613 1393 682 singulis
1424 628 1644 683 quoque
1679 613 1784 668 dici
1814 612 2069 681 martyri-

494 709 594 760 bus
619 707 970 767 arbitremur,
998 719 1229 773 quorum
1273 705 1554 772 sanguinis
1585 718 1689 757 vox
1725 703 1792 755 ad
1830 701 1997 756 Deum
2039 716 2071 755 e

495 809 636 852 terra
664 797 882 850 clamat.
913 795 1073 849 Forte
1107 795 1272 850 etiam
1306 804 1363 847 ut
1391 794 1630 862 pretioso
1652 792 1778 848 Jesu
1807 793 2070 862 sanguine

491 887 652 954 empti
687 901 894 946 sumus.
924 895 1203 954 postquam
1233 883 1390 938 Jesus
1413 884 1622 952 accepit
1659 901 1677 934 ι
1709 897 1905 937 nomen
1927 883 2068 950 quod

491 986 576 1030 est
610 991 776 1046 super
818 992 980 1032 omne
1017 991 1208 1029 nomen
1245 977 1314 1040 ⁸⁵,
1358 994 1376 1026 ι
1418 977 1498 1030 sic
1545 985 1599 1028 et
1648 975 1884 1044 pretioso
1921 990 2062 1027 mar-

493 1081 669 1140 tyrttm
722 1069 988 1138 sanguine
1038 1068 1257 1138 quidam
1293 1077 1581 1130 ementur;
1637 1081 1757 1120 cum
1806 1076 2071 1137 martyres

491 1161 665 1230 magis
697 1161 969 1215 exaltandi
1001 1162 1103 1215 sint
1143 1175 1304 1230 quam
1331 1159 1551 1212 exaltati
1588 1156 1844 1221 fuissent,
1874 1157 2068 1226 sijusti

491 1261 724 1311 tantum,
757 1267 860 1305 non
900 1252 1068 1304 etiam
1108 1260 1378 1320 martyres
1420 1249 1672 1304 fuissent.
1710 1249 1951 1317 Equum
1985 1261 2070 1303 est

488 1342 634 1396 enim
695 1340 1079 1394 exaltationem
1139 1342 1358 1409 proprie
1418 1342 1519 1393 diei
1565 1350 1793 1395 mortem
1844 1356 1965 1409 qua:
2016 1342 2068 1394 in

489 1432 754 1500 martyrio
784 1429 988 1495 obitur,
1015 1440 1073 1483 ut
1116 1445 1181 1483 ex
1214 1430 1305 1483 illo
1341 1439 1564 1498 apparet
1593 1446 1609 1485 :
1647 1447 1665 1480 ι
1705 1428 1760 1484 Si
1795 1433 2070 1486 exaltatus

488 1522 645 1576 fuero
697 1537 725 1575 a
785 1531 954 1586 terra,
984 1536 1177 1576 omnes
1226 1514 1441 1574 traham
1487 1522 1552 1574 ad
1595 1537 1681 1576 me
1725 1521 1898 1590 ipsum
1939 1522 2006 1578 ⁸⁷.
2045 1543 2063 1575 ι

489 1612 867 1667 Clariﬁcemus
919 1613 1089 1680 igitur
1141 1621 1194 1666 et
1247 1627 1345 1666 nos
1391 1612 1580 1668 Deum,
1645 1620 1823 1665 morte
1883 1621 2068 1666 nostra

491 1704 642 1757 illum
697 1703 1029 1769 exaltantes;
1082 1703 1516 1773 quandoquidem
1570 1703 1663 1772 qui
1706 1711 1915 1772 martyr
1959 1711 2065 1770 est,

490 1795 658 1848 Deum
690 1810 783 1848 sua
818 1805 990 1848 morte
1014 1795 1298 1849 clariﬁcat.
1331 1794 1482 1860 Quod
1513 1803 1568 1848 et
1599 1795 1770 1863 ipsum
1801 1810 1829 1847 a
1857 1792 2067 1850 Joanne

489 1886 776 1940 didicimus
818 1901 940 1939 cum
985 1887 1063 1938 ait
1099 1900 1114 1938 :
1153 1905 1171 1936 ι
1206 1885 1320 1940 Hoc
1350 1894 1530 1939 autem
1570 1885 1707 1938 dixit
1753 1885 2065 1953 signiﬁcans

487 1977 653 2046 310
707 1992 811 2041 qua
851 1986 1028 2030 morte
1078 1987 1227 2032 esset
1286 1977 1691 2032 clariﬁcaturus
1736 1977 1901 2030 Deum
1938 1977 2002 2032 ⁸⁸.
2038 1996 2057 2029 ι

488 2065 614 2121 “rec
646 2083 743 2138 pro
773 2067 1030 2122 facultate
1057 2083 1170 2122 mea
1200 2078 1259 2123 ut
1281 2070 1435 2124 licuit
1469 2069 1532 2123 ad
1559 2084 1654 2124 vos
1687 2070 1912 2138 scripsi;
1945 2083 2065 2139 quae

487 2162 641 2216 vobis
692 2176 886 2230 precor
953 2162 1021 2215 ad
1088 2178 1327 2231 praesens
1388 2171 1668 2216 certamen
1720 2161 1871 2215 utilia
1933 2162 2060 2216 sint.

487 2252 639 2318 Quod
683 2251 726 2304 si
780 2266 875 2305 vos
927 2253 1160 2305 maxime
1198 2266 1344 2306 nunc
1407 2259 1594 2318 utpote
1637 2249 1784 2320 digni
1814 2249 1902 2318 qui
1948 2249 2066 2317 pln-

488 2354 546 2393 ra
592 2356 622 2393 e
685 2340 887 2394 divinis
957 2342 1231 2410 mysteriis
1293 2339 1678 2409 perspiciatis,
1741 2337 1947 2406 majora
2010 2345 2064 2392 et

485 2431 814 2498 pretiosiora
873 2441 1035 2501 atque
1088 2433 1154 2485 ad
1187 2433 1524 2501 propositum
1585 2429 1886 2485 elIicaciora
1912 2445 2062 2483 asse-

485 2522 618 2587 cuti,
675 2527 790 2577 hazc
855 2533 914 2577 ιιι
963 2525 1197 2592 puerilia
1265 2533 1317 2578 et
1367 2523 1550 2577 tenuia
1610 2519 1950 2591 spreveritis;
2010 2519 2060 2572 id

487 2615 697 2669 accidet
753 2617 894 2684 quod
951 2632 1048 2685 ego
1111 2631 1328 2684 quoque
1355 2615 1506 2670 vobis
1549 2615 1804 2683 optarim.
1861 2613 2062 2683 Propo-

558 2730 606 2762 "
631 2730 765 2787 Gen.
799 2746 873 2796 tv,
909 2732 994 2793 i0,
1072 2732 1116 2762 δε
1151 2730 1345 2799 Philip.
1385 2746 1445 2796 ιι,
1474 2733 1527 2784 9.
1603 2731 1646 2761 ⁶⁷
1677 2727 1834 2784 Joan.
1879 2746 1980 2794 xn,
2012 2731 2104 2784 '52.

523 2824 672 2907 ~(63)
718 2824 841 2877 Ἐπὶ
874 2823 985 2892 τῆς
1019 2823 1152 2894 γῆς.
1208 2823 1522 2892 Legendum
1557 2823 1793 2889 videtur,
1823 2823 1930 2878 ἀπὸ
1964 2825 2062 2895 τῆς

626 2964 678 3035 4)-
709 2964 907 3035 Οὕτως
934 2963 1013 3028 τῷ
1035 2963 1206 3035 τιμίω
1237 2964 1434 3035 αἵματι
1450 2962 1581 3035 ἑτῶν
1595 2966 1908 3032 μαρτύρων
1929 2965 2066 3035 ἁγο-

479 3031 898 3122 ραὰθήσονται
951 3031 1128 3098 τινες.
1182 3033 1390 3122 Putavit
1439 3031 1700 3122 Origenes
1750 3031 2063 3114 sanguinem
2097 3067 2136 3122 Ο

490 3113 787 3174 martyrum
821 3118 925 3156 non
979 3117 1203 3174 perrse,
1250 3103 1354 3174 sed
1409 3118 1472 3174 ex
1514 3102 1724 3174 meritis
1782 3104 2064 3174 sanguinis

487 3171 716 3237 Christi,
752 3173 1139 3227 intercedendo
1171 3173 1596 3240 redemptionem
1636 3171 1907 3240 aliquibus
1930 3189 2064 3227 eon-

488 3242 654 3298 l‘erre.
690 3241 893 3297 Confer
926 3257 1045 3309 quae
1079 3241 1280 3310 scripta
1314 3251 1440 3294 sunt
1470 3241 1688 3295 homilia
1715 3242 1785 3296 24
1814 3242 1865 3296 in
1899 3242 2059 3298 Num.

489 3313 581 3367 his
606 3313 788 3368 verbis
826 3330 839 3366 :
893 3330 910 3362 ι
949 3311 1100 3377 Quod
1146 3312 1190 3365 si
1230 3327 1404 3380 agnus
1439 3310 1630 3380 quiiad
1667 3312 2061 3380 puriﬁcandqu

487 3383 742 3452 populum
781 3382 937 3436 datus
963 3392 1066 3447 est,
1119 3381 1184 3435 ad
1212 3379 1494 3448 personam
1526 3379 1776 3452 Domini,
1795 3392 1849 3435 et
1875 3383 2031 3436 Salva
2052 3412 2063 3421 -

487 3450 626 3506 toris
651 3452 821 3524 nostri
845 3452 1098 3524 refertur,
1130 3465 1468 3524 consequens
1489 3450 1702 3524 videtur
1721 3453 1864 3524 quod
1898 3454 2063 3524 etiam

488 3531 686 3577 cmtera
737 3521 993 3576 animalia
1028 3538 1147 3589 qua:
1199 3523 1402 3575 eisdem
1462 3521 1820 3589 pnrilicativis
1876 3523 2066 3576 usibus

489 3591 748 3654 deputata
785 3604 934 3657 sunt,
975 3591 1161 3647 referri
1197 3593 1433 3646 debeant
1472 3592 1724 3644 similiter
1757 3593 1823 3645 ad
1854 3592 2065 3660 aliquas

486 3676 766 3734 personas,
784 3678 914 3734 quae
939 3679 1035 3734 per
1063 3663 1313 3717 meritum
1344 3661 1624 3734 sanguinis
1654 3661 1856 3734 Christi
1874 3662 2065 3734 puriﬁ-

489 3731 722 3802 cationis
746 3731 952 3801 aliquid
992 3734 1230 3802 humano
1265 3731 1446 3802 generi
1484 3733 1800 3802 conferant.
1827 3732 1958 3785 Vide
1983 3747 2066 3802 er:

489 3814 559 3863 go
594 3815 662 3852 ne
695 3799 1006 3870 forteisicut
1043 3799 1302 3856 Dominus
1328 3811 1382 3854 et
1407 3800 1660 3854 Salvator
1679 3811 1886 3864 noster,
1909 3801 2062 3870 quasi

491 3880 662 3934 agnus
693 3869 760 3923 ad
789 3871 1114 3924 occisionem
1150 3873 1366 3935 ductus,
1404 3872 1533 3923 etin
1559 3871 1894 3924 sacriﬁcium
1925 3869 2062 3922 alta-

493 3936 568 4008 ris
591 3937 815 4008 ‘oblatus
844 3949 1188 4006 peccatorum
1237 3940 1610 3993 remissionem
1643 3941 1898 3993 universo
1927 3954 2066 4008 pra:-

489 4005 630 4060 stitit
665 4005 896 4062 mundo:
937 4009 1009 4060 ita
1041 4008 1286 4061 fortassis
1315 4017 1369 4060 et
1396 4017 1715 4062 caeterorum
1748 4005 2062 4062 sanctorum

488 4076 840 4147 acjustorum
869 4079 1088 4147 sanguis
1120 4077 1212 4146 qui
1242 4076 1442 4147 eﬁusus
1470 4086 1560 4147 est
1583 4092 1611 4129 a
1640 4079 1904 4146 sanguine
1932 4078 2066 4132 Abel

479 4143 612 4214 justi
653 4161 829 4218 usque
869 4151 937 4203 ad
974 4143 1295 4218 sanguinem
1331 4146 1616 4218 Zachariae
1658 4143 1928 4218 prophetae
1973 4148 2062 4216 qui

487 4217 812 4272 interfectus
845 4227 930 4273 est
972 4216 1110 4272 inter
1139 4217 1308 4271 adem
1342 4226 1396 4271 et
1441 4216 1648 4288 altare:
1691 4217 1918 4272 alterius
1947 4223 2064 4288 qni—

485 4288 605 4341 dem
639 4290 860 4359 sanguis
904 4290 1047 4344 sicut
1092 4288 1293 4352 vitulae,
1332 4287 1557 4359 alterius
1599 4290 1739 4359 sicut
1764 4289 1921 4354 hirci,
1964 4287 2063 4342 aut

484 4371 681 4426 caprae,
703 4356 795 4412 aut
832 4359 1060 4429 alicujus
1095 4359 1286 4413 hormn
1332 4356 1483 4429 fusus
1517 4367 1596 4412 est
1637 4357 1703 4412 ad
1731 4359 2060 4427 expiandum

2180 612 2281 680 βοᾷ
2320 610 2454 680 πρὸς
2482 610 2548 678 μὲ
2581 611 2644 660 ἐκ
2673 608 2772 676 τῆς
2810 607 2935 676 γῆς,
2979 626 2996 657 ι
3036 606 3346 676 νομίσωμεν
3382 605 3638 672 λέγεσθαι
3673 609 3773 661 καὶ

2174 720 2240 756 πε
2251 702 2302 772 ρ).
2333 702 2562 754 ἑκάστου
2589 700 2696 752 τῶν
2723 698 3034 769 μαρτύρων,
3056 691 3131 751 ὧν
3160 701 3192 768 ἡ
3225 696 3374 767 φωνὴ
3405 695 3498 748 τοῦ
3527 697 3771 768 αἵματος

2175 793 2272 863 βοᾷ
2304 792 2440 863 πρὸς
2483 791 2579 844 τὸν
2627 790 2758 844 Θεὸν
2807 790 2899 842 ἐπὶ
2949 790 3048 860 τῆς
3079 790 3181 859 γῆς
3223 787 3353 858 (65).
3389 789 3540 858 Τάχα
3565 789 3631 842 δὲ
3675 791 3768 842 καὶ

2173 884 2362 954 ὥσπερ
2390 884 2554 954 τιμίῳ
2584 883 2774 954 αἵματι
2808 882 2898 935 τοῦ
2943 881 3116 952 Ἰησοῦ
3143 880 3550 952 ἡγοράσθημεν,
3584 882 3767 952 Ἰησοῦ

2171 976 2430 1038 λαϐόντος
2468 995 2485 1026 ι
2519 975 2581 1027 τὸ
2611 976 2780 1046 ὄνομα
2811 973 2870 1026 τὸ
2906 974 3045 1046 ὑπὲρ
3075 975 3181 1026 πᾶν
3218 973 3410 1044 ὄνομα,
3443 992 3460 1024 ι
3483 972 3664 1038 οὕτως
3690 974 3770 1044 τῷ

2168 1069 2335 1138 τιμίῳ
2349 1068 2540 1138 αἵματι
2558 1066 2665 1119 τῶν
2685 1065 2976 1137 μαρτύρων
2989 1065 3453 1136 άγορασθήσονταί
3468 1082 3617 1128 τινες
3630 1065 3763 1135 (64)·

2171 1163 2265 1216 καὶ
2294 1161 2471 1216 αὐτῶν
2507 1161 2667 1213 πλέον
2693 1159 2834 1231 παρὸ
2871 1158 2981 1228 (65)
3011 1157 3304 1229 ὑψώθησαν
3337 1159 3402 1211 ἂν
3424 1157 3631 1212 δίκαιοι
3667 1159 3768 1229 μὲν

2170 1253 2470 1323 γενόμενοι,
2503 1251 2577 1322 μὴ
2619 1250 3066 1322 μαρτυρήσαντες
3097 1248 3172 1301 δέ’
3215 1249 3372 1318 λόγον
3395 1249 3503 1320 γάρ
3545 1249 3662 1319 ἔχει
3705 1250 3766 1302 τὸ

2174 1342 2317 1406 ἰδίως
2338 1342 2429 1394 τὸν
2447 1343 2505 1394 ὲν
2535 1340 2817 1411 μαρτυρίῳ
2841 1339 3071 1392 θάνατον
3095 1338 3303 1408 ὕψωσιν
3321 1338 3431 1412 (66)
3455 1339 3763 1394 καλεῖσθαί’

2169 1432 2245 1494 ὼς
2273 1431 2429 1501 δῆλον
2454 1434 2516 1483 ὲκ
2550 1429 2665 1483 τοῦ·
2703 1448 2722 1480 ι
2774 1429 2900 1484 Ἐὰν
2933 1429 3132 1499 ὑψωθῶ
3161 1430 3226 1482 ἐκ
3259 1427 3356 1500 τῆς
3391 1429 3515 1499 γῆς,
3555 1431 3765 1494 πάντας

2171 1518 2382 1572 ἑλκύσω
2425 1519 2561 1590 πρὸς
2614 1518 2870 1588 ἐμαυτόν.
2915 1538 2932 1568 ι
2963 1518 3287 1588 Δοξάσωμεν
3322 1514 3532 1572 οὖνκαὶ
3577 1521 3762 1591 ἡμεῖς,

2171 1608 2484 1680 ὑψώσαντες
2531 1609 2608 1680 τῷ
2647 1600 2855 1662 ἑαυτῶν
2901 1609 3118 1679 θανάτῳ
3160 1610 3252 1663 τὸν
3285 1610 3437 1663 Θεόνο
3476 1611 3714 1683 ἐπείπερ
3737 1613 3764 1664 ὁ

2175 1703 2466 1775 μαρτυρῶν
2503 1703 2580 1775 τῷ
2613 1701 2808 1756 ἑαυτοῦ
2843 1701 3055 1772 Θανάτῳ
3099 1703 3310 1768 δοξάζει
3339 1702 3450 1774 (67)
3483 1703 3577 1756 τὸν
3610 1704 3760 1757 Θεόν·

2171 1795 2306 1865 ὅπερ
2338 1793 2432 1846 καὶ
2465 1793 2596 1846 αὐτὸ
2617 1792 2724 1847 ἀπὸ
2765 1792 3017 1846 Ἰωάννου
3056 1793 3456 1864 μεμαθήκαμεν
3490 1794 3760 1858 εἰπόντος’

2177 1903 2195 1936 ι
2225 1883 2408 1937 Ταῦτα
2433 1885 2488 1937 δὲ
2520 1880 2660 1950 εἷπε,
2687 1884 2986 1954 σημαίνων,
3025 1885 3162 1955 ποίῳ
3187 1884 3402 1956 θανάτῳ
3425 1886 3644 1950 δοξάσει
3672 1887 3763 1940 τὸν

2170 1972 2477 2048 Θεόν(68).ι
2510 1972 2695 2026 Ταῦτά
2737 1991 2825 2043 μοι
2868 1973 3009 2026 κατὰ
3054 1974 3112 2026 τὸ
3145 1974 3386 2041 δυνατὸν,
3421 1976 3496 2039 ὡς
3540 1971 3658 2029 οἷόν
3704 1994 3760 2030 τε

2168 2060 2256 2136 ἦν,
2294 2065 2434 2135 πρὸς
2471 2067 2615 2135 ὑμᾶς
2641 2066 3030 2136 ὑπηγόρευται·
3065 2066 3206 2136 άπερ
3245 2065 3474 2137 εὔχομαι
3503 2069 3640 2139 ὑμῖν
3668 2087 3759 2138 γε-

2177 2158 2359 2211 νέσθαι
2376 2158 2511 2227 πρὸς
2551 2158 2641 2211 τὸν
2665 2158 2902 2228 παρόντα
2929 2158 3112 2226 ἀγῶνα
3134 2161 3398 2230 χρήσιμα.
3425 2161 3487 2214 Εἰ
3520 2162 3568 2214 δ’
3606 2164 3761 2232 ὑμεῖς

2177 2251 2410 2321 μάλιστα
2438 2248 2531 2303 νῦν
2566 2250 2642 2312 ὡς
2663 2249 2802 2316 ἄξιοι
2845 2250 3066 2304 πλείονα
3101 2250 3318 2320 βλέπειν
3356 2252 3465 2306 τῶν
3495 2254 3594 2306 τοῦ
3625 2255 3757 2308 Θεοῦ

2176 2339 2520 2414 μυστηρίων,
2586 2340 2807 2409 μείζονα
2858 2340 2950 2394 καὶ
2986 2339 3360 2413 πλο-υσιώτερα
3404 2344 3758 2416 καταλαμϐά-

2170 2450 2370 2497 νοντες,
2396 2434 2489 2486 καὶ
2521 2432 2657 2499 πρὸς
2686 2433 2748 2486 τὸ
2789 2434 3148 2504 προκείμενον
3181 2434 3588 2508 ἀνυσιμώτερα,
3637 2437 3755 2490 τού-

2168 2544 2276 2578 των
2309 2527 2384 2589 ὡς
2418 2525 2679 2579 παιδικῶν
2700 2526 2795 2579 καὶ
2832 2525 3071 2579 εὐτελῶν
3100 2529 3564 2599 καταφρονήσετε,
3608 2530 3758 2598 κάγὼ

2175 2617 2241 2670 ἂν
2265 2617 2325 2670 τὺ
2371 2617 2610 2670 τοιοῦτον
2645 2618 2769 2690 περ).
2798 2617 2952 2688 ὑμῶν
2984 2617 3268 2690 εὐξαίμηνο
3313 2619 3602 2691 πρόκειται
3654 2621 3756 2694 γὰρ

2184 2733 2227 2763 ⁶⁸
2265 2732 2421 2786 Joan.
2456 2748 2570 2797 xxi,
2595 2732 2680 2787 19.

2171 2826 2474 2892 censuisse,
2511 2827 2602 2895 qui
2647 2835 2823 2882 morte
2863 2841 2959 2881 sua
2996 2825 3278 2881 veritatem
3303 2827 3632 2896 obsignant:
3667 2830 3752 2884 sed

2172 2897 2226 2950 id
2257 2911 2359 2949 non
2383 2908 2700 2966 perpetuum
2734 2913 2853 2951 esse
2877 2898 3014 2966 apud
3045 2905 3260 2950 veteres
3288 2898 3612 2952 observavit
3641 2899 3757 2952 Svi-

2173 2981 2352 3038 cerus.
2384 2963 2501 3038 illli
2529 2966 2671 3038 enim
2711 2963 2980 3038 martyres
3023 2967 3292 3038 appellant
3335 2983 3348 3020 :
3392 2968 3446 3020 1ο
3481 2982 3608 3033 eos,
3667 2970 3754 3038 qui

2177 3035 2379 3106 atrocia
2425 3035 2638 3089 subiere
2678 3035 2965 3105 supplicia,
2992 3051 3023 3091 e
3060 3035 3256 3106 quibus
3289 3047 3468 3090 tamen
3509 3035 3752 3092 miracu-

2174 3104 2289 3158 lose
2353 3115 2481 3158 sunt
2541 3104 2790 3160 servati:
2859 3115 2916 3159 ut
2969 3104 3090 3159 tres
3125 3105 3353 3171 juvenes
3415 3107 3466 3160 in
3533 3107 3754 3162 fornace

2174 3173 2520 3244 Babylonica,
2576 3175 2705 3229 dicti
2749 3177 2801 3250 οἱ
2831 3177 2922 3250 -ὲν
2969 3175 3261 3250 Βαϐυλῶνι-
3294 3177 3579 3250 γενόμενοι
3621 3180 3753 3250 μάρ-

2172 3261 2414 3315 τυρεςη(
2453 3253 2720 3313 martyres
2749 3246 2800 3298 in
2831 3245 3106 3315 Babylone
3135 3245 3297 3310 facti,
3331 3266 3349 3297 ι
3395 3245 3463 3301 ab
3485 3245 3754 3302 Albanas.

2175 3313 2319 3385 orat.
2364 3313 2398 3366 5
2451 3323 2596 3368 cont.
2657 3313 2957 3379 Arianos;'
2992 3323 3044 3367 et
3101 3317 3152 3369 in
3203 3331 3400 3385 genere
3442 3332 3470 3368 a
3520 3316 3751 3385 Gregor.

2175 3382 2455 3448 Nazianz.,
2478 3393 2619 3438 orat.
2643 3385 2735 3447 20,
2769 3400 2891 3453 pag.
2927 3385 3053 3446 519,
3085 3382 3228 3439 tales
3251 3386 3596 3454 appellantur
3625 3382 3754 3452 ζῶν·

2171 3456 2648 3526 τεςλμάρτυρες,ᾴι
2690 3465 2958 3524 martyres
2999 3456 3142 3526 vivi;
3181 3474 3198 3506 ι
3228 3456 3337 3508 vid.
3375 3456 3666 3526 Chrysost.
3702 3459 3748 3511 in

2172 3521 2555 3596 Rsalinﬁxcvi;
2585 3524 2642 3577 2ο
2661 3521 2947 3596 martyres,
2986 3525 3076 3593 qui
3107 3525 3300 3578 fratres
3323 3535 3376 3578 et
3403 3521 3647 3596 aegrotos
3682 3528 3755 3580 vi-

2174 3593 2432 3664 sitabant,
2472 3593 2526 3646 in
2561 3595 2766 3664 morbis
2799 3596 3134 3664 contagiosis
3165 3593 3501 3664 praesertim;
3536 3597 3750 3651 consul.

2173 3661 2397 3728 Dionvs.
2425 3663 2779 3717 Alexandria.
2815 3666 2953 3732 apud
2973 3661 3175 3719 Euseb.
3199 3663 3344 3719 Hist.
3373 3661 3501 3718 eccl.
3527 3665 3626 3722 lib.
3656 3681 3749 3731 vn,

2174 3746 2221 3804 e_.
2258 3732 2359 3796 2'2;
2396 3735 2450 3786 5°
2496 3734 2588 3799 qui
2631 3743 2897 3804 martyres
2935 3735 2990 3788 in
3029 3749 3251 3789 carcere
3273 3735 3610 3804 visitabam;
3645 3737 3748 3790 vid.

2175 3799 2461 3855 Constitut.
2502 3801 2725 3873 apostol.
2769 3799 2806 3856 Ῑ.
2843 3819 2895 3867 v,
2938 3820 2988 3860 c.
3019 3805 3071 3866 1,
3105 3820 3159 3873 p.
3205 3803 3346 3870 912;
3381 3804 3441 3858 4ο
3471 3806 3562 3872 qui
3593 3799 3748 3860 iidem

2174 3884 2359 3942 veram
2389 3871 2738 3938 conﬁtentur,
2776 3883 2830 3926 et
2861 3871 3118 3942 operibus
3154 3874 3308 3929 bonis
3341 3889 3405 3928 ac
3442 3871 3563 3928 vita:
3593 3876 3747 3929 inno-

2173 3941 2348 4011 centia
2379 3956 2497 4011 eam
2539 3942 2754 3996 elucere
2782 3941 3019 4006 faciunt;
3065 3945 3206 4011 apud
3246 3944 3417 3998 Clem.
3450 3943 3747 3998 Alexandr.

2174 4009 2371 4081 Stroni.
2418 4010 2452 4065 Ι.
2492 4026 2565 4077 Iv,
2598 4027 2650 4081 p.
2680 4011 2808 4076 550,
2863 4023 2918 4066 et
2960 4009 3335 4081 Chrysostom’.
3390 4014 3539 4068 hom.
3583 4015 3642 4069 fl
3700 4016 3749 4068 in

2175 4079 2345 4146 Epist.
2375 4082 2454 4153 ad,
2481 4079 2682 4153 Hebr"?
2703 4093 2832 4136 tom.
2865 4081 2956 4148 1V,
2986 4099 3039 4153 p.
3074 4079 3214 4149 195;
3241 4083 3299 4137 5°
3328 4084 3420 4151 qui
3479 4083 3744 4141 bonorum

2175 4151 2552 4223 temporalium
2605 4151 3292 4223 privationempatienter,
3326 4154 3549 4210 ferunt:
3612 4154 3745 4223 apud

2171 4218 2456 4293 Qhrysost.
2500 4218 2656 4293 hom.
2710 4221 2763 4276 in
2827 4222 2869 4276 ll
2913 4223 2980 4276 ad
3011 4218 3188 4288 _(ior.,
3228 4239 3280 4292 p.
3331 4223 3464 4289 5‘6;
3519 4218 3748 4293 denique

2171 4289 2228 4343 6°
2257 4289 2345 4364 qui
2376 4291 2532 4356 mori,
2555 4306 2729 4364 quam
2751 4293 2976 4364 magicis
2994 4293 3202 4364 artibus
3227 4289 3292 4347 ad
3323 4289 3742 4364 recuperandam

2173 4363 2464 4434 sanitatem
2489 4362 2591 4434 uti,
2624 4362 3024 4434 malunt.__Vid.
3053 4362 3520 4434 QIIrysostOIiium,
3558 4363 3740 4419 homil.

485 4421 586 4494 pro
618 4421 773 4502 parte
819 4421 999 4502 aliqua
1038 4429 1314 4502 pOpulum.
1365 4448 1383 4481 ι
1422 4428 1501 4502 Et
1529 4430 1690 4498 paulo
1719 4421 1876 4502 post:
1911 4447 1930 4502 ι
1972 4430 2063 4484 Sic
2098 4421 2141 4473 Ῑ)
2170 4429 2205 4483 5
2233 4439 2405 4502 contr.
2439 4421 2675 4502 Judaios,
2709 4443 2840 4502 tom.
2873 4432 3041 4502 V|,-p.
3073 4421 3196 4487 365'.
3222 4421 3618 4486 'Wsrsrsmus.

482 4510 616 4562 ergo
655 4498 976 4572 [ortassis’et
1004 4498 1050 4554 si
1077 4501 1194 4572 quis
1225 4508 1304 4572 est
1336 4500 1669 4572 angelorum
1709 4498 2060 4572 ,οωιθδιίιιιιιέ

484 4578 591 4638 que
639 4568 932 4634 virtutum,
963 4579 1056 4622 aut
1111 4570 1153 4622 si
1188 4569 1599 4638 quisjustorum
1652 4568 1930 4624 hominum
1982 4571 2062 4622 vel

483 4635 646 4708 etiam
684 4646 1006 4708 sanctorum
1055 4635 1446 4706 prophetarum
1493 4650 1657 4708 atque
1689 4640 2062 4708 apostolorum

485 4704 577 4770 qui
610 4705 824 4760 enixius
854 4704 1175 4762 interveniat
1216 4721 1316 4775 pro
1350 4704 1592 4776 peccatis
1623 4704 1903 4762 hominum
1935 4723 1948 4759 :
1978 4709 2066 4761 hic

484 4785 584 4838 pro
616 4776 1064 4843 repropitiatione
1099 4777 1280 4831 divina
1309 4777 1458 4830 velut
1503 4779 1670 4841 aries,
1703 4787 1798 4830 aut
1841 4778 2062 4841 vitulus,

485 4851 579 4894 aut
612 4843 817 4909 hircus,
851 4847 1064 4900 oblatus
1095 4859 1217 4900 esse
1254 4847 1579 4900 sacrilicinm
1626 4847 1694 4899 ob
1729 4846 2068 4914 puriﬁcatio-

485 4917 836 4984 nem_p0pulo
871 4914 1265 4984 impetrandam
1299 4918 1470 4984 accipi
1503 4925 1702 4984 potest.
1739 4934 1757 4966 ι

558 4981 672 5051 (65)
699 4983 811 5055 Καὶ
835 4981 1032 5038 αὐτῶν
1055 4982 1246 5055 πλέον
1271 4981 1448 5053 παρό,
1479 4981 1585 5040 etc.
1613 4983 1836 5040 Videtur
1864 4986 2065 5055 aliquid

486 5051 693 5127 deesse.
736 5053 879 5124 Lego
911 5055 1004 5127 καὶ
1030 5053 1210 5127 αυτ-ῶν
1254 5051 1413 5127 πλέον
1450 5055 1904 5127 ὑψωθησομένων,
1956 5051 2064 5121 ἴέΙ,

483 5120 976 5195 ὑψωθεντωνπαρὸ
998 5125 1291 5195 ὑψώθησαν
1323 5126 1406 5191 ἄν,
1436 5120 1540 5180 etc.

551 5192 667 5266 (66)
706 5192 926 5266 Τὸνᾷἐνί
955 5192 1256 5265 μαρτυριῳ
1281 5195 1550 5266 ,θάνατον
1577 5199 1834 5266 ὕψωσιν.
1868 5195 2066 5252 Locum

480 5261 770 5337 J‘oan_.'xu,
814 5264 904 5329 5‘2,
945 5261 1011 5319 de
1036 5261 1402 5337 crucilixione
1427 5261 1639 5323 Christi
1674 5269 2070 5337 interpretatur

483 5333 924 5408 CyrillusﬂAlex.
954 5335 1262 5408 inﬂatena
1301 5337 1354 5408 in
1410 5339 1512 5392 hoc
1541 5350 1704 5408 caput
1737 5356 1752 5392 :
1815 5333 1936 5392 ἆντὶ
1972 5336 2066 5390 τοῦ

485 5404 863 5478 σταυρωθῆναι
919 5405 1009 5478 ea“
1036 5403 1335 5478 ὑψωθῆναι-
1371 5423 1524 5477 φησι,
1593 5403 1624 5461 «⁷
1658 5423 1756 5478 pro
1802 5407 2066 5475 cruciﬁgi.

484 5474 889 5548 ιιιβῑιςωίίψτῑ.
922 5495 957 5548 [Α
973 5476 1037 5530 Et
1061 5477 1092 5528 Ἰ
1110 5475 1360 5548 heophyl.
1385 5474 1459 5532 ad
1483 5474 1730 5533 eumdem
1753 5479 1952 5548 locum,
1973 5474 2067 5530 ἐὰν

486 5542 685 5610 ὑψωθῶ
742 5545 834 5615 ἐπὶ.
866 5546 959 5600 τοῦ
1016 5542 1330 5615 sca-a906,}
1375 5548 1421 5604 si
1480 5549 1754 5604 exaltatus
1805 5547 1960 5604 fuero
2010 5549 2066 5602 in

485 5628 667 5667 crure.
701 5632 720 5664 ι
763 5614 1138 5674 Ws'rsremus.

541 5682 668 5762 ⁸(β’ῗ)
711 5682 1112 5762 ’ριιιαρτυρᾱιν-
1152 5687 1233 5752 τῷ
1266 5689 1486 5746 ἑαυτοῦ
1535 5686 1770 5758 θανάτῳ
1812 5689 2062 5755 δοξάζει.

491 5748 714 5804 \‘idctur
747 5748 1010 5824 Origenes
1062 5748 1440 5818 illos-tantum
1492 5748 1790 5834 martyruiu
1850 5748 2069 5818 nomine

2246 4498 2357 4570 (68)
2399 4501 2588 4572 Ταῦτα
2619 4501 2685 4553 δὲ
2713 4499 2841 4555 εἷπε
2875 4498 3187 4572 σημαίνων
3217 4503 3365 4569 ποίῳ
3398 4503 3630 4567 θανάτῳ
3657 4501 3747 4554 δο-

2171 4569 2345 4642 ξάσει
2370 4571 2674 4642 τὸνᾼΘεόιν.
2706 4569 2992 4642 Origeneiu
3029 4573 3322 4642 Scriptura:
3357 4589 3526 4626 sacrae
3557 4574 3745 4625 callen-

2171 4639 2436 4693 tissimum
2474 4639 2664 4711 fuisse,
2699 4639 2951 4696 omnibus
2991 4639 3228 4699 constat.
3278 4641 3498 4696 ltllCl‘llll
3546 4642 3739 4711 sapius

2170 4711 2460 4776 (memoria
2487 4710 2646 4782 lorte
2677 4711 2910 4782 lapsum)
2954 4715 3297 4768 combinasse
3340 4713 3552 4766 diversa
3584 4710 3742 4772 dicta,

2168 4793 2340 4845 eaque
2365 4780 2632 4844 retulisse,
2661 4780 2793 4835 ac'si
2821 4780 3252 4852 un'ogeodemque
3278 4783 3393 4837 loco
3425 4783 3742 4852 scriptagex-

2169 4856 2400 4909 starent,
2438 4851 2900 4906 observaruntCl.
2934 4849 3240 4908 Huctius‘et
3265 4849 3590 4907 llalliiixius.
3612 4850 3740 4912 Hoc,

2172 4917 2272 4992 nisi
2331 4917 2512 4985 fallor,
2569 4921 3000 4992 (:_0II(iflﬂtIﬂl_el
3043 4925 3330 4991 praesentia
3373 4924 3554 4977 verba.
3611 4920 3738 4975 Nam

2168 4989 2329 5042 .luan.
2399 5003 2517 5052 xu,
2583 4989 2684 5056 55,
2730 4989 3004 5059 'scriptnm
3045 4989 3133 5046 est
3183 5011 3196 5047 :
3255 4991 3425 5046 Τοῦτο
3458 4992 3514 5045 δὲ
3566 4992 3740 5057 ἔλεγε,

2170 5059 2456 5134 σημαίνωνΔ
2484 5060 2621 5130 ποίῳ
2669 5060 2883 5131 θανάτῳ
2915 5062 3156 5134 ἤμελλεν,
3171 5063 3554 5133 ἀποθνήσκειν,
3583 5082 3600 5114 ι
3637 5060 3746 5112 Hoc.

2171 5142 2300 5180 vero
2349 5131 2505 5202 dixit,
2572 5141 2628 5184 ut
2679 5131 3014 5202 signiﬁcaret
3072 5148 3179 5202 qua
3235 5131 3407 5187 morte
3450 5135 3740 5188 moriturus

2169 5206 2332 5273 esset.
2374 5218 2391 5249 ι
2424 5201 2565 5254 Nihil
2610 5204 2684 5273 fin
2734 5201 2826 5273 his
2856 5203 2938 5273 ‘de
2995 5201 3434 5273 gloriﬁcationet
3463 5204 3571 5258 Sed
3615 5213 3739 5273 ita].

2171 5268 2262 5333 19,
2300 5270 2351 5324 in
2391 5285 2447 5324 re
2477 5272 2666 5337 simili,
2693 5268 3098 5326 dicitChristus
3119 5268 3186 5328 de
3216 5283 3390 5327 morte
3415 5271 3556 5327 Petri
3579 5291 3591 5325 :
3613 5269 3742 5324 Τοῦ-

2171 5355 2230 5415 το
2259 5339 2336 5415 ’δὲ
2394 5339 2534 5415 εξπε,
2597 5340 2880 5415 σημαίνων
2935 5341 3072 5415 ποίῳ
3128 5343 3344 5415 θανάτῳ
3399 5343 3609 5415 δοξάσει.
3654 5340 3741 5393 τὸν

2171 5410 2341 5484 Θ-εόν,
2368 5429 2386 5461 ι
2419 5411 2530 5466 Iloc
2565 5410 2690 5466 vero
2717 5411 2874 5484 dixit,
2902 5410 3217 5482 signiﬁcans
3238 5410 3347 5484 qua
3375 5423 3549 5484 morte
3580 5413 3740 5466 Deum

2173 5481 2578 5552 glnrilicaturus
2601 5494 2762 5536 esset.
2798 5502 2815 5533 ι
2843 5481 3208 5552 Quapropter,
3230 5481 3274 5539 si
3303 5484 3428 5536 talia
3449 5485 3501 5537 in
3526 5483 3739 5538 Patrum

2173 5551 2393 5620 scriptis
2426 5561 2742 5618 occurrant,
2793 5568 2898 5606 non
2928 5551 3114 5607 statim
3167 5554 3596 5608 existimandum
3639 5557 3738 5612 est,

2175 5637 2358 5676 nostra
2396 5625 2727 5691 exemplaria
2763 5638 2883 5678 esse.
2914 5635 3190 5690 corrupta,
3236 5623 3318 5678 vel
3370 5624 3556 5677 Patres
3587 5622 3740 5675 aliter

2174 5692 2395 5766 legisse;
2428 5694 2550 5762 quia
2588 5707 3104 5766 schentiiiiero,noii
3137 5695 3378 5762 inspecto
3403 5695 3610 5759 codice,
3636 5704 3740 5744 mer

2175 5762 2397 5817 moi-iter
2429 5767 2591 5817 verba
2627 5765 2946 5818 recitarunt.
2979 5762 3355 5819 WL-‘rs'raxius.
