3988 6156
370 231 481 291 διε

1336 230 1667 288 ΟΒΚὲΕΝΙΞ
1703 228 1777 287 IN
1809 230 2061 289 LIBROS
2097 231 2379 292 CONTRA
2417 231 2693 290 ωειδοΜ

3488 254 3499 259 ε
3542 230 3655 286 6“

376 350 606 406 crimina
645 348 858 419 objecta
888 347 1018 404 nihil
1052 347 1352 419 respondit,
1383 348 1583 420 quippe
1610 349 1702 417 qui
1730 364 1960 418 persua-

2066 351 2143 415 δὲ,
2162 352 2319 406 οὐδὲν
2343 351 2679 423 ἁπεκρίνατο
2691 350 2824 422 ('70),
2846 350 3166 422 πειθόμενος
3192 349 3370 404 πάντα
3401 348 3493 404 τὸν
3535 349 3654 419 βίον

377 457 497 495 smn
515 441 748 497 habebat
769 450 877 496 tota
902 442 1010 495 vita
1043 455 1142 495 sua
1166 439 1439 510 rebusque
1463 439 1610 494 inter
1632 438 1845 495 Iudaeos
1869 456 1962 510 ge-

377 535 481 588 stis
509 534 701 588 melius
728 534 858 587 falsa
888 532 1198 587 testimonia
1230 532 1387 595 dilui,
1418 539 1474 585 et
1493 531 1725 584 crimina
1751 532 1960 599 repelli,

376 642 539 696 quam
569 626 612 680 si
654 626 775 679 ullis
817 640 876 678 se
908 624 1260 678 sermonibus
1301 624 1656 681 defendisset.
1685 625 1767 681 Tu
1808 640 1958 692 vero,

377 720 466 789 pie
506 701 775 779 Ambrosi,
805 714 991 769 nescio
1023 728 1131 782 qua
1171 729 1341 769 causa
1364 715 1605 772 volueris
1637 732 1726 772 me
1774 716 1960 787 depel-

379 810 490 863 lere
521 806 818 862 calumnias
850 813 906 860 et
931 804 1372 871 criminationes,
1412 820 1550 876 quas
1587 816 1778 863 contra
1805 808 1962 862 Chri-

380 903 590 957 stianos
610 899 1083 967 Ecclesiarumque
1118 897 1277 953 fidem
1310 899 1517 968 scripto
1533 898 1720 954 Celsus
1741 901 1913 956 edidit
1943 917 1957 954 :

378 993 531 1061 quasi
563 1006 655 1046 eas
688 1000 876 1060 aperte
928 1007 1032 1045 non
1066 990 1188 1045 falsi
1240 991 1635 1045 convincerent
1669 1005 1760 1046 res
1806 992 1959 1061 ipsae,

377 1098 479 1135 nec
504 1096 598 1136 eas
622 1082 902 1135 obtereret
929 1081 1175 1134 doctrina
1226 1081 1420 1150 quovis
1457 1081 1666 1150 scripto
1692 1092 1958 1151 praestan-

377 1174 504 1235 tior,
538 1181 592 1226 et
618 1187 738 1241 qua:
767 1186 833 1225 ue
870 1171 1091 1239 quidem
1138 1171 1244 1225 illis
1295 1171 1465 1225 ullam
1514 1174 1957 1241 probabilitatem

376 1265 659 1334 relinquit,
692 1278 799 1333 qua
829 1264 1124 1332 quidquam
1157 1263 1354 1317 virium
1386 1265 1643 1320 habeant.
1680 1264 1800 1319 Jam
1826 1281 1958 1321 vero

375 1356 560 1413 Jesum
590 1357 853 1420 tacuisse,
884 1370 1008 1410 cum
1044 1354 1176 1410 falsa
1206 1364 1397 1410 contra
1434 1357 1583 1410 illum
1613 1359 1754 1413 dicta
1801 1357 1925 1413 testi
1945 1388 1960 1400 -

379 1449 561 1503 monia
603 1457 749 1509 sunt,
782 1448 916 1502 satis
950 1446 1003 1500 in
1035 1446 1286 1515 praesenti
1315 1449 1588 1502 constabit
1619 1463 1684 1503 ex
1715 1447 1956 1504 Matthaai

378 1539 581 1601 verbis,
613 1539 815 1606 quibus
839 1536 951 1590 fere
976 1536 1173 1591 similia
1206 1535 1430 1604 scripsit
1459 1535 1694 1592 Marcus.
1719 1536 1957 1592 Matthtei

377 1631 542 1685 verba
584 1630 702 1683 haec
732 1638 896 1682 sunt:
929 1645 948 1678 ι
992 1626 1253 1697 Princeps
1294 1638 1475 1681 autem
1507 1627 1851 1683 sacerdotum
1903 1639 1959 1683 et

2064 443 2257 496 ἑαυτοῦ
2287 444 2380 497 καὶ
2406 442 2506 506 τὰς
2529 445 2589 498 ἐν
2630 442 2907 507 Ἰουδαίοις
2932 440 3158 514 πράξεις
3190 441 3475 513 κρείττους
3493 456 3656 509 γεγο-

2062 535 2207 588 νέναι
2254 535 2440 604 φωνῆς
2489 534 2822 604 ἐλεγχούσης
2868 533 2969 604 τὴν
3005 532 3504 604 ψευδομαρτυρίαν,
3553 533 3656 588 καὶ

2060 625 2258 692 λέξεων
2291 625 2746 695 ἀπολογουμένων
2784 625 2923 696 πρὸς
2953 624 3053 687 τὰς
3075 624 3433 696 κατηγορίας.
3470 623 3544 676 Σὺ
3577 622 3654 687 δ’,

2059 711 2104 772 ὦ
2122 717 2336 787 φιλόθεε
2374 717 2685 790 Ἀμόρόσιε,
2714 718 2815 771 οὐκ
2843 714 2937 770 οἶδ’
2959 719 3110 780 ὅπως
3143 716 3280 788 πρὸς
3301 715 3402 779 τὰς
3433 714 3655 768 Κέλσου

2061 809 2204 862 κατά
2244 809 2586 882 Χριστιανῶν
2615 811 2673 863 ὲν
2708 809 3101 881 συγγράμμασι
3148 806 3651 878 ψευδομαρτυρίας,

2057 901 2275 972 καὶτῆς
2312 901 2548 963 πίστεως
2580 900 2688 954 τῶν
2725 899 3062 969 Ἐκκλησιῶν
3097 900 3155 952 ὲν
3194 897 3386 968 βιϐλίῳ
3414 914 3654 968 κατηγο-

2065 991 2204 1062 ρίας,
2238 990 2539 1061 ἐϐουλήθης
2571 993 2720 1062 ἡμᾶς
2755 987 3200 1060 ἀπολογήσασθαι
3220 1004 3233 1017 '
3264 987 3339 1051 ὡς
3373 988 3475 1040 οὐκ
3496 987 3654 1050 ὄντος

2061 1082 2324 1153 ἐναργοῦς
2370 1083 2591 1153 ἐλέγχου
2636 1084 2693 1134 ὲν
2744 1084 2857 1144 τοῖς
2917 1081 3226 1151 πράγμασι,
3275 1079 3370 1132 καὶ
3426 1079 3654 1132 πάντων

2068 1172 2412 1243 γραμμάτων
2449 1172 2557 1245 (71)
2595 1172 2905 1243 κρείττονος
2942 1171 3124 1239 λόγου,
3158 1168 3253 1223 τοῦ
3285 1187 3344 1222 τε
3381 1168 3485 1233 τὰς
3515 1168 3654 1238 ψευ-

2061 1264 2429 1335 δομαρτυρίας
2455 1263 2829 1332 ἀφανίζοντος,
2872 1265 2967 1316 καὶ
2984 1265 3102 1325 ταῖς
3126 1260 3486 1333 κατηγορίαις
3514 1261 3652 1333 μηδὲ

2060 1356 2425 1425 πιθανότητα,
2461 1357 2542 1418 είς
2581 1355 2640 1407 τὸ
2676 1354 2933 1408 δύνασθαί
2975 1372 3028 1407 τι
3075 1353 3281 1417 αὐτὰς,
3328 1353 3645 1418 ἐνδιδόντος.

2062 1448 2198 1518 Περὶ
2226 1447 2281 1499 δὲ
2311 1446 2406 1499 τοῦ
2443 1445 2620 1518 Ἰησοῦ
2659 1447 2741 1499 ὅτι
2765 1445 2977 1499 ἐσιώπα
3007 1446 3646 1518 ψευδομαρτυρούμενος,

2063 1541 2222 1610 ἀρκεῖ
2247 1540 2339 1591 ἐπὶ
2370 1537 2464 1591 τοῦ
2496 1538 2761 1610 παρόντος
2786 1537 2853 1591 τὰ
2883 1538 3162 1592 Ματθαίου
3190 1536 3548 1608 παραθέσθαι·
3578 1537 3648 1590 τά

2062 1635 2171 1706 γὰρ
2200 1632 2623 1704 ἰσοδυναμοῦντα
2653 1632 2799 1704 αύτῷ
2822 1636 2850 1686 ὁ
2881 1632 3106 1706 Μάρκος
3132 1632 3190 1701 ἔγ
3203 1632 3389 1703 ραψεν.
3419 1632 3572 1702 Ἔχει
3590 1631 3648 1685 δὲ

380 1734 543 1774 onme
592 1719 885 1773 concilium
943 1720 1261 1787 quzerebant
1330 1719 1527 1773 falsutn
1590 1717 1958 1774 testimonium

2066 1725 2235 1787 οὕτως
2261 1727 2294 1794 ή
2316 1722 2409 1777 τοῦ
2439 1724 2718 1777 Ματθαίου
2739 1725 2901 1791 λέξις
2936 1745 2954 1775 ι
2992 1724 3121 1777 Ὀδὲ
3150 1724 3437 1795 ἀρχιερεὺς
3464 1724 3557 1776 καὶ⁵
3586 1723 3647 1776 τὸ

379 1819 571 1864 contra
605 1807 816 1874 Jesum,
845 1818 903 1861 ut
933 1823 1059 1862 eum
1104 1811 1264 1863 morti
1315 1810 1618 1875 traderent,
1651 1819 1707 1865 et
1737 1825 1844 1864 non
1874 1809 1958 1863 in-

381 1907 669 1964 venerunt,
696 1914 819 1953 cum
842 1898 994 1952 multi
1025 1899 1142 1954 falsi
1173 1907 1336 1955 testes
1357 1904 1745 1958 accessissent.
1767 1902 1961 1960 Novis-

381 1993 518 2046 sime
561 2001 743 2047 autem
800 1992 1124 2047 accedentes
1167 1994 1274 2047 duo
1306 1993 1598 2049 dixerunt:
1635 1994 1737 2050 Hic
1775 1997 1956 2051 dixit:

379 2081 610 2136 Possum
648 2084 931 2138 destruere
980 2083 1237 2151 templum
1294 2085 1411 2152 Dei,
1454 2096 1509 2141 et
1544 2097 1670 2156 post
1716 2088 1956 2155 triduum

383 2173 748 2229 retediﬁcare.
805 2176 871 2230 Et
920 2193 1152 2250 surgens
1201 2179 1456 2247 princeps
1509 2182 1852 2235 sacerdotum
1883 2181 1961 2235 ait

381 2268 457 2322 illi
487 2285 502 2322 :
536 2266 678 2322 Nihil
712 2270 1007 2339 respondes
1039 2271 1107 2325 ad
1153 2285 1241 2334 ea,
1289 2285 1410 2340 quae
1458 2270 1545 2324 isti
1583 2272 1872 2326 adversum
1907 2279 1961 2326 te

380 2362 796 2417 testificantur?
826 2362 981 2419 Jesus
1019 2373 1199 2420 autem
1231 2365 1529 2419 tacebat".
1565 2385 1583 2418 ι
1613 2364 1720 2420 Sed
1746 2374 1800 2420 et
1826 2365 1960 2419 nihil

376 2453 730 2524 respondisse
768 2454 905 2510 falsa
930 2456 1160 2510 crimina
1192 2456 1603 2527 objicientibus,
1641 2459 1754 2511 lucc
1804 2458 1959 2512 testi-

378 2546 568 2601 monio
598 2556 729 2602 sunt
759 2563 773 2599 :
815 2566 834 2598 ι
863 2547 1024 2603 Jesus
1070 2558 1251 2602 autem
1284 2550 1439 2604 stetit
1476 2559 1602 2603 ante
1650 2550 1958 2619 praesidem,

380 2646 439 2692 et
468 2638 833 2709 interrogavit
856 2655 980 2695 eum
1007 2642 1197 2698 dicens
1224 2656 1238 2694 :
1268 2641 1347 2695 Tu
1389 2657 1448 2697 es
1478 2655 1575 2695 rex
1608 2641 1961 2697 Judaeorum?

383 2728 528 2785 Dicit
565 2730 644 2785 illi
688 2730 850 2788 Jesus
882 2748 894 2783 :
934 2732 1011 2787 Tu
1048 2733 1228 2795 dicis.‘.
1253 2733 1319 2787 Et
1367 2749 1491 2789 cum
1540 2742 1898 2789 accusaretur
1927 2749 1958 2788 a

378 2824 714 2893 principibus
741 2829 1085 2903 sacerdotum
1116 2838 1173 2881 et
1207 2829 1532 2891 senioribus,
1568 2829 1705 2883 nihil
1730 2844 1959 2899 respon-

377 2914 477 2969 dit.
518 2914 671 2971 Tune
702 2918 836 2971 dicit
882 2917 959 2972 illi
992 2917 1200 2973 Pilatus
1236 2936 1251 2973 :
1291 2918 1408 2974 Non
1447 2919 1605 2975 audis
1626 2930 1828 2989 quanta
1864 2920 1962 2974 ad-

375 3020 599 3060 xersum
654 3017 707 3062 te
753 3009 943 3062 dicunt
1004 3010 1350 3065 testimonia?
1398 3011 1466 3065 Et
1516 3027 1624 3066 non
1680 3013 1961 3082 respondit

380 3095 449 3146 ad
491 3094 657 3147 ullum
701 3098 952 3164 verbum,
1003 3098 1079 3153 ita
1113 3110 1172 3154 ut
1219 3101 1518 3156 miraretur
1548 3115 1750 3171 praeses
1794 3102 1960 3158 vehe-

381 3194 597 3239 menter
627 3185 696 3240 ".
733 3205 749 3237 ι

449 3410 508 3466 2.
562 3411 739 3482 Atque
782 3411 946 3467 etiam
973 3423 1112 3483 erat,
1153 3416 1298 3488 quod
1333 3416 1418 3473 vel
1455 3418 1807 3475 mediocriter
1836 3435 1964 3492 pru-

381 3503 572 3558 dentes
599 3504 1026 3575 admirarentur,
1055 3510 1146 3576 qui
1169 3508 1302 3565 falso
1333 3521 1618 3565 accusatus
1648 3526 1706 3566 se
1734 3512 1849 3582 ipse
1872 3514 1963 3568 de-

380 3592 638 3658 fendere,
670 3594 982 3664 nulliusque
1010 3598 1235 3653 sceleris
1267 3613 1416 3654 reum
1458 3616 1517 3653 se
1544 3602 1958 3669 demonstrare;

377 3685 470 3751 qui
504 3685 627 3740 vita:
658 3702 769 3741 sua:
796 3688 984 3743 laudes
1018 3691 1360 3761 virtutesque
1394 3708 1524 3748 vere
1557 3695 1773 3750 divinas
1820 3711 1963 3766 pra:-

380 3775 568 3831 dicare
592 3787 824 3845 poterat,
853 3797 961 3850 quo
988 3783 1128 3836 viam
1155 3784 1326 3853 judici
1371 3786 1436 3839 ad
1487 3786 1783 3853 :equiorem
1835 3803 1964 3842 sen-

382 3867 613 3920 tentiam
649 3871 911 3938 aperiret,
948 3887 1071 3927 eum
1106 3876 1224 3929 haec
1269 3892 1375 3930 non
1429 3878 1601 3949 316
1647 3879 1806 3934 modo
1852 3895 1960 3936 non

384 3957 603 4027 fecisse,
631 3962 724 4015 sed
758 3963 921 4015 etiam
956 3966 1273 4032 despexisse
1293 3979 1350 4020 et
1388 3983 1588 4038 magno
1613 3971 1796 4025 animo
1832 3986 1965 4026 con-

385 4051 672 4120 tempsisse
722 4061 1094 4107 accusatores.
1149 4054 1284 4108 Nam
1314 4054 1498 4111 Iesum
1549 4074 1580 4112 a
1621 4059 1803 4127 judice
1847 4061 1987 4116 sine’

384 4142 538 4199 mo'ra
574 4147 961 4201 absolvendum
1009 4146 1216 4216 fuisse,
1265 4149 1310 4205 si
1359 4150 1488 4219 quid
1534 4152 1599 4206 ad
1633 4152 1962 4222 propulsan~

382 4235 480 4288 das
525 4236 942 4293 criminationes
985 4238 1240 4305 dixisset,
1281 4241 1631 4310 perspicuum
1675 4252 1852 4299 estex
1898 4245 1964 4300 iis

380 4341 501 4397 qua:
535 4327 741 4386 Pilatus
783 4330 986 4387 dixisse
1013 4342 1391 4387 memoratur:
1436 4352 1455 4384 ι
1487 4336 1656 4401 Quem
1686 4337 1848 4392 vultis
1895 4353 1963 4393 ex

382 4420 595 4475 duobus
619 4422 888 4477 dimittam
940 4425 1133 4480 vobis?
1166 4424 1496 4493 Barabbam,
1526 4444 1593 4482 an
1630 4428 1836 4495 Jesum,
1866 4431 1958 4500 qui

382 4512 584 4566 dicitur
600 4513 851 4572 Christus
871 4518 953 4570 7‘?
973 4538 992 4570 ι
1015 4519 1079 4573 Ει
1106 4534 1171 4574 ex
1198 4522 1281 4575 bis
1311 4536 1434 4592 qua:
1456 4524 1705 4590 proxime
1724 4539 1960 4593 sequun-

383 4611 474 4657 tur
517 4620 530 4658 :
575 4625 591 4655 ι
628 4605 851 4663 Sciebat
882 4610 1027 4663 enim
1079 4613 1222 4678 quod
1277 4627 1373 4681 per
1412 4614 1671 4669 invidiam
1708 4618 1960 4672 tradidis-

384 4703 511 4747 sent
539 4699 755 4757 eum".
793 4717 812 4750 ι
841 4700 1003 4756 Jesus
1035 4702 1203 4771 igitur
1225 4718 1440 4773 semper
1465 4704 1614 4761 falsis
1635 4709 1961 4763 testimoniis

384 4785 698 4854 premitur;
723 4799 777 4842 et
793 4778 928 4860 'quia
967 4807 1183 4861 semper
1208 4794 1352 4848 inest
1377 4794 1691 4850 hominibus
1729 4797 1957 4862 malitia,

2065 1816 2336 1888 συνέδριον
2372 1815 2597 1887 ἐζήτουν
2628 1816 3099 1889 ψευδομαρτυρίαν
3124 1816 3263 1870 κατά
3301 1818 3395 1870 τοῦ
3446 1815 3642 1887 Ἰησοῦ,

2060 1890 2645 1968 ὅπως’θανατὼσωσιν
2691 1905 2878 1967 αὐτὸν,
2923 1906 3019 1960 καὶ
3067 1906 3168 1976 οὐχ
3214 1898 3395 1977 εὗρον,
3436 1905 3643 1959 πολλῶν

2061 1996 2466 2068 προσελθόντων
2505 1994 2982 2069 ψευδομαρτύρων.
3016 1997 3280 2066 ’Ύστερον
3317 1997 3374 2050 δὲ
3419 1996 3645 2069 προσελ-

2062 2088 2244 2152 θόντες
2275 2087 2388 2151 δύο,
2423 2085 2592 2143 εἶπον·
2616 2083 2783 2153 Οὗτος
2812 2088 2936 2160 ἔφη’
2957 2089 3201 2160 Δύναμαι
3221 2088 3525 2143 καταλῦσαι
3551 2090 3643 2142 τὸν

2062 2179 2189 2233 ναὸν
2221 2179 2316 2233 τοῦ
2350 2179 2505 2246 Θεοῦ,
2549 2181 2643 2234 καὶ
2682 2179 2771 2232 διὰ
2811 2181 2976 2252 τριῶν
3007 2180 3230 2252 ἡμερῶν
3269 2181 3639 2252 οἰκοδομῆσαι.

2061 2273 2173 2325 Καὶ¹
2218 2272 2457 2336 ἀναστὰς
2495 2274 2525 2324 ό
2574 2274 2886 2344 ἀρχιερεὺς,
2922 2268 3074 2326 εἶπεν
3102 2273 3271 2344 αὐτῷ’
3301 2275 3466 2327 οὐδὲν
3507 2276 3642 2328 ἀπο-

2062 2364 2246 2437 κρίνῃ,
2287 2367 2371 2419 ὅτι
2424 2359 2568 2420 οὗτοί
2609 2383 2702 2419 σου
2755 2365 3302 2443 καταμριρτυροῦσιν;
3357 2366 3417 2419 ὐ
3445 2366 3504 2419 δὲ
3541 2367 3644 2437 ’1η-

2064 2454 2190 2519 σοῦς
2230 2454 2460 2512 ἐσιώπα.
2499 2476 2517 2508 ι
2565 2457 2723 2511 ’Λλλά
2761 2458 2875 2521 καὶ,
2918 2458 2999 2511 ὅτι
3030 2460 3131 2512 οὐκ
3172 2458 3501 2526 ἀπεκρίνατο
3533 2457 3643 2528 (7‘2)

2062 2550 2554 2621 κατηγορούμενος,
2579 2553 2803 2607 τοιαῦτα
2833 2555 3161 2625 γέγραπται⁸
3201 2571 3219 2603 ι
3260 2553 3317 2605 '0
3343 2552 3400 2605 δὲ
3439 2551 3645 2623 Ἰησοῦς

2062 2638 2193 2710 ἔστη
2232 2640 2540 2711 ἔμπροσθεν
2579 2643 2671 2696 τοῦ
2705 2645 3004 2716 ἡγεμόνος,
3044 2648 3138 2700 καὶ
3166 2644 3518 2716 ὲπερώτησεν
3558 2644 3647 2697 αύ-

2062 2729 2174 2795 τὺν,
2225 2729 2398 2798 λέγων
2419 2749 2431 2760 ·
2469 2733 2542 2801 Σὺ
2583 2729 2634 2787 εἴ
2661 2736 2689 2787 ό
2723 2734 2977 2805 βασιλεὺς
3004 2735 3112 2789 τῶν
3161 2735 3458 2800 Ἰουδαίων;
3496 2736 3554 2790 Ὀ
3588 2735 3646 2789 δὲ

2076 2823 2281 2896 Ἰησοῦς
2315 2825 2420 2896 ἔφη
2446 2827 2612 2897 αὐτῷ’
2647 2830 2718 2882 Σὺ
2754 2830 2952 2898 λέγεις.
2984 2832 3095 2885 Καὶ
3124 2834 3182 2884 ὲν
3216 2830 3293 2901 τῷ
3324 2833 3649 2902 κατηγορεῖ-

2065 2913 2188 2967 σθαι
2217 2915 2377 2969 αύτδν
2403 2916 2510 2969 ὑπὸ
2542 2916 2651 2971 τῶν
2673 2919 2974 2991 ἀρχιερέων
3009 2921 3102 2973 καὶ
3132 2920 3516 2993 πρεσϐυτέρων
3552 2922 3647 2974 ού-

2063 3006 2151 3060 δὲν
2188 3008 2541 3079 ἀπεκρίνατο.
2583 3010 2715 3063 Τότε
2757 3010 2904 3080 λέγει
2963 3013 3111 3084 αὑτῴ
3152 3014 3182 3064 ό
3228 3013 3492 3077 Πιλάτος’
3532 3014 3649 3073 Οὐκ

2064 3100 2284 3164 ἀκούεις
2317 3102 2459 3156 πόσα
2491 3121 2586 3156 σου
2624 3105 3176 3178 καταμαρτυροῦσιν;
3217 3107 3329 3159 Καὶ
3366 3107 3467 3160 οὐκ
3508 3108 3646 3160 ἀπε-

2064 3192 2229 3265 κρίθη
2272 3193 2419 3264 αὐτῷ
2463 3195 2598 3266 πρὸς
2640 3197 2790 3250 οὐδὲν
2838 3198 3009 3268 ῥῆμα,
3043 3197 3183 3251 ὥστε
3227 3197 3526 3270 θαυμάζειν
3555 3200 3649 3253 τὸν

2063 3286 2306 3356 ἡγεμόνα
2331 3287 2467 3340 λίαν.
2504 3308 2522 3338 ι
2623 3324 2631 3334 ι

2136 3423 2244 3476 Καὶ
2274 3424 2383 3495 γὰρ
2428 3424 2538 3495 (75)
2573 3424 2900 3497 θαυμασμοῦ
2939 3426 3089 3491 ἄξιον
3124 3423 3192 3501 ἦν
3234 3429 3386 3501 παρὰ
3410 3432 3523 3493 τοῖς
3554 3432 3650 3484 καὶ

2069 3514 2303 3586 μετρίως
2344 3519 2560 3585 φρονεῖν
2596 3516 2915 3588 δυναμένοις
2951 3519 3014 3572 τὸ
3041 3520 3132 3573 τὸν
3174 3523 3650 3594 κατηγορούμενον

2064 3605 2159 3657 καὶ
2185 3605 2819 3679 ψευδομαρτυρούμενον,
2853 3610 3153 3681 δυνάμενον
3181 3613 3649 3686 ἀπολογήσασθαι,

2066 3703 2160 3756 καὶ
2184 3705 2531 3776 παραστῆσαι
2566 3707 2755 3760 ἑαυτὸν
2778 3707 2951 3762 οὐδενὶ
2972 3709 3153 3780 ἔνοχον
3183 3710 3505 3784 ἐγκλήματι,
3552 3715 3652 3768 καὶ

2066 3794 2315 3866 ἐγκώμια
2340 3796 2434 3849 τοῦ
2469 3799 2664 3851 ἑαυτοῦ
2709 3799 2819 3870 βίου
2868 3800 3160 3866 διεξελθεῖν
3211 3806 3305 3858 καὶ
3354 3806 3460 3859 τῶν
3499 3807 3654 3862 δυνά-

2069 3904 2246 3958 μεων,
2285 3889 2361 3952 ὡς
2389 3889 2494 3941 ἀπὸ
2532 3890 2667 3944 Θεοῦ
2705 3893 3046 3967 γεγένηνται,
3085 3897 3171 3949 ἵνα
3211 3897 3284 3969 δῷ
3310 3899 3388 3971 τῷ
3416 3899 3648 3971 δικαστῇ

2065 3976 2181 4029 ὁδὸν
2208 3976 2301 4030 τοῦ
2331 3981 2670 4057 χρηστότερα
2702 3986 2828 4054 περὶ
2852 3985 3013 4038 αὐτοῦ
3041 3987 3444 4060 ἀποφήνασθαι,
3487 3990 3653 4044 τοῦτο

2070 4066 2169 4137 μὲν
2206 4068 2280 4138 μὴ
2309 4072 2684 4143 πεποιηκέναι,
2712 4078 3254 4150 καταπεφρονηκέναι
3289 4080 3365 4144 δὲ,
3404 4081 3497 4134 καὶ
3548 4098 3651 4152 με-

2066 4158 2355 4229 γαλοφυῶς
2380 4163 2824 4236 ὑπερεωρακέναι
2858 4171 2986 4233 τοὺς
3014 4171 3371 4243 κατηγόρους.
3405 4175 3526 4227 Ὅτι
3559 4175 3642 4239 δὲ,

2065 4253 2114 4305 εί
2144 4252 2542 4324 ἀπελογήσατο,
2574 4257 2842 4315 ἀπέλυσεν
2860 4260 2925 4313 ἂν
2947 4262 2976 4313 ό
3004 4261 3284 4334 δικαστὴς,
3311 4264 3446 4336 μηδὲ
3467 4266 3652 4320 διστά-

2069 4362 2167 4408 σας
2199 4346 2332 4418 (74),
2378 4347 2470 4401 τὸν
2507 4349 2735 4419 Ἰησοῦν,
2777 4351 2934 4423 δῆλον
2965 4355 3029 4406 ἐκ
3070 4355 3179 4408 τῶν
3219 4357 3649 4429 ἀναγεγραμμέ-

2067 4454 2171 4490 νων
2202 4440 2330 4509 περὶ
2367 4439 2555 4505 αὑτοῦ,
2598 4445 2655 4493 ἐν
2689 4436 2772 4505 οἷς
2803 4440 2922 4495 εἶπε
2943 4462 2957 4507 ’ρ
2990 4466 3008 4497 ι
3043 4448 3174 4501 Τίνα
3210 4449 3389 4504 θέλετε
3421 4452 3527 4505 τῶν
3555 4452 3651 4507 δύο

2069 4528 2324 4581 ἀπολύσω
2357 4531 2521 4601 ύμῖν;
2568 4531 2673 4585 Τὸν
2713 4533 3024 4605 Βαραϐϐᾶν,
3046 4538 3093 4608 νῆ
3133 4539 3339 4611 Ἰησοῦν
3373 4542 3463 4596 τὸν
3495 4543 3651 4613 λεγό-

2071 4636 2229 4690 μενον
2250 4623 2518 4691 Χριστόνς
2554 4644 2572 4675 ι
2605 4626 2835 4690 καὶτοῦ,
2859 4628 2935 4692 ὡς
2961 4630 3214 4703 ἐπιφέρει
3251 4635 3365 4705 ('75)
3387 4639 3419 4705 ή
3456 4637 3647 4708 Γραφὴ

2065 4710 2315 4780 λέγουσα·
2348 4733 2367 4765 ι
2412 4713 2564 4783 ’ῌδει
2597 4718 2724 4790 γὰρ,
2758 4720 2838 4774 ὅτι
2861 4721 2949 4773 διά
2982 4722 3174 4792 φθόνον
3200 4726 3517 4796 παρέδωκαν
3551 4730 3645 4782 αύ-

2066 4802 2178 4856 τόν.
2211 4821 2230 4854 »
2279 4803 2484 4874 Ἰησοῦς
2513 4806 2600 4862 ἀεὶ
2638 4807 3187 4883 ψευδομαρτυρεῖται,
3233 4816 3329 4869 καὶ
3360 4816 3459 4871 οὐκ
3499 4816 3650 4871 ἔστιν

356 5038 361 5051 ο
456 5021 502 5052 ”
535 5018 725 5075 Matth.
756 5037 902 5087 χιιι-ι,
933 5023 1026 5089 59,
1056 5024 1145 5092 60,
1178 5025 1267 5094 61,
1295 5025 1386 5094 62,
1421 5026 1510 5081 63.
1590 5029 1635 5060 ⁷ο
1661 5028 1858 5089 Matllt.
1903 5046 1960 5086 xx

2066 5000 2558 5102 ,tt,ts,15,tt.
2632 5039 2958 5097 “lbid.t7.
3029 5044 3366 5102 “Ibidis.

386 5184 531 5239 liano
559 5185 652 5256 qui
698 5202 844 5243 nunc
872 5199 955 5245 est
1007 5190 1252 5246 ecclesiae
1306 5195 1640 5250 eathedralis
1681 5197 1959 5254 Parisien-

386 5259 481 5335 sis,
506 5257 879 5335 2_Vaticanis,
919 5261 1184 5335 e_t_tril)-us
1221 5258 1566 5335 Anglicanis.
1603 5265 1662 5321 In
1688 5270 1810 5327 cod.
1851 5270 1957 5335 lie-

386 5327 480 5405 g_io_
529 5328 724 5405 titulus
770 5339 894 5405 est:
942 5329 1253 5405 ᾮριγένους
1294 5327 1390 5405 τόῦ
1452 5337 1763 5405 σοφωτάτου
1817 5328 1957 5393 κατά

383 5396 593 5519 Iliaco:
630 5398 726 5453 τοῦ
770 5396 1099 5455 ἀθεωτάτου.
1155 5403 1214 5456 In
1256 5404 1376 5460 aliis
1413 5425 1428 5462 :
1474 5396 1777 5480 Ὡριγένους
1817 5410 1957 5465 κατά

499 5483 561 5519 σο
598 5507 613 5519 .

466 5481 613 5522 Ασυυ.

606 5537 788 5618 (iudex
823 5540 1045 5618 Begius,
1080 5544 1426 5618 ἀπεκρίνετο.

454 5607 571 5690 (ἹΙᾸ
602 5607 992 5690 ξρᾳμμὰτῶν.
1023 5607 1113 5690 Sic
1144 5607 1335 5672 omnes
1366 5619 1487 5675 libri
1519 5622 1648 5677 editi
1674 5632 1729 5679 et
1761 5638 1951 5679 manu—

384 5680 595 5744 scnpti.
619 5680 848 5738 Guietus
888 5688 1146 5754 malebat,
1183 5691 1550 5760 πραγμάτων.

2158 5202 2273 5282 ’ἵὲλ
2291 5204 2486 5282 ϐοείοιςΔ
2516 5207 2698 5282 “03.,
2726 5209 3071 5282 ἀπεκρίνετο.
3114 5212 3282 5269 Paulo
3326 5223 3450 5282 post
3479 5214 3646 5275 idem.

2232 5271 2575 5358 ἔμπροσθεν.
2600 5271 2788 5358 *Δίες-ε,
2826 5271 3046 5358 ’ἐστάθη
3102 5271 3434 5358 ἔμπροσθεν.
3499 5271 3647 5339 Infra

2067 5344 2222 5424 itlel_n_
2235 5344 2405 5424 code'x
2443 5349 2789 5424 liegnuodb‘év
2811 5344 3160 5424 ἀπεκρίνετο.

2293 5417 2345 5496 in
2373 5415 2561 5496 codice
2594 5419 2762 5484 Regio
2793 5420 2943 5475 deest
2965 5415 3094 5496 γάρ.

2038 5507 2045 5514 ο
2137 5486 2252 5552 (74)
2294 5487 2615 5554 Διστάσας,
2660 5500 2805 5545 recte
2856 5486 3054 5549 omnes
3097 5496 3257 5552 codd.
3314 5511 3447 5551 mss.
3500 5493 3647 5549 Male

2067 5566 2195 5626 vero
2211 5555 2585 5623 'lloeschelius,
2608 5559 2922 5626 διαστάσας.

2137 5625 2398 5706 (75)]ξῴ
2431 5628 2558 5706 rm},
2603 5630 2682 5696 ὡς
2735 5625 3031 5703 ἐπιφέρει.
3062 5634 3207 5706 Lego
3260 5652 3382 5692 cum
3421 5633 3648 5704 Guieto,
3690 5688 3718 5697 ..

2064 5697 2172 5749 κάκ
2194 5697 2290 5750 τοῦ
2321 5697 2349 5748 ὃ
2377 5698 2643 5768 ἐπιτέρει.
