3988 6156
252 251 364 313 845

1711 246 2115 306 ΡΒᾸΞΡΛΤΙΟᾙ

3421 236 3526 294 648

250 376 365 439 δτε,
407 373 618 436 κακίας
653 370 820 445 οῦσης
853 372 913 426 ἐν
962 369 1290 444 ἀνθρώποις,
1337 369 1398 423 οὗ
1435 371 1844 441 κατηγορεῖται.

1950 376 2166 432 semper
2186 368 2498 415 accusatur.
2536 346 2673 412 Silet
2705 352 2928 425 quidem
2974 355 3040 409 ad
3078 355 3194 409 haec
3226 354 3525 422 hodieque,

249 467 365 524 Kal.
399 468 573 530 αὐτὸς
616 468 712 538 μὲν
751 467 844 520 καὶ
877 466 972 520 νῦν
1011 466 1189 534 σιωπᾷ.
1220 464 1357 534 πρὸς
1397 463 1592 524 ταῦτα,
1623 462 1718 515 καὶ
1745 462 1844 513 οὐκ

248 561 622 633 ἀποκρίνεται
659 561 758 632 μὲν
803 559 890 614 διά
923 560 1124 629 φωνῆς,
1180 557 1525 625 ἀπολογεῖται
1568 557 1626 608 δὲ
1673 557 1729 607 ὲν
1767 555 1846 624 τῷ

249 653 354 726 βίῳ
381 651 498 707 τῶν
522 652 764 723 γνησίων
785 650 977 705 ἑαυτοῦ
1003 649 1278 721 μαθητῶν,
1308 649 1600 718 κεκραγὸτι
1641 646 1711 700 τὰ
1731 646 1846 699 δια-

248 744 518 816 φέροντα,
562 741 658 795 καὶ
697 741 876 810 πάσης
911 738 1386 810 ψευδομαρτυρίας
1419 737 1532 790 ὄντι
1554 736 1843 806 κρείττονι,

245 835 496 904 ἐλέγχων
520 833 618 887 καὶ
649 833 966 903 ἀνατρέπων
977 832 1073 895 τάς
1100 829 1572 901 ψευδομαρτυρίας
1599 828 1691 881 καὶ
1713 845 1846 881 κατ-

245 925 508 996 ηγορίας.

315 1014 530 1085 Τολμῶ
562 1015 659 1084 μὲν
689 1005 782 1065 οῦν
810 1013 903 1066 καὶ
938 1013 1102 1081 φημὶ,
1126 1013 1207 1065 ὅτι
1238 1012 1305 1081 ἢν
1331 1010 1500 1077 ἀξιοῖς
1519 1008 1846 1082 ποιήσασθαι

243 1107 398 1175 ἡμᾶς
451 1104 778 1172 ἀπολογίαν,
824 1103 1082 1156 ὑπεκλύει
1123 1104 1220 1173 τὴν
1267 1104 1322 1154 ὲν
1367 1103 1478 1164 τοῖς
1525 1101 1846 1171 πράγμασιν

243 1196 582 1264 ἀπολογίαν,
614 1195 705 1248 καὶ
733 1196 830 1265 τὴν
855 1196 1092 1264 ἐπιφανῆ
1127 1197 1239 1257 τοῖς
1269 1195 1369 1246 οῦκ
1395 1193 1738 1262 ἀναισθήτοις
1767 1191 1852 1244 δύ-

243 1304 416 1357 ναμιν
468 1287 571 1340 τοῦ
613 1287 818 1357 Ἰησοῦ·
857 1287 1006 1356 ὅμως
1047 1286 1114 1348 δ’,
1149 1287 1235 1338 ἵνα
1268 1286 1343 1356 μὴ
1385 1283 1630 1354 δοκῶμεν
1674 1284 1850 1336 ὀκνεῖν

244 1378 388 1447 πρὸς
414 1378 484 1430 τὸ
520 1377 809 1448 ἐπιταχθὲν
830 1377 935 1430 ὑπὸ
967 1375 1082 1439 σοῦ,
1126 1374 1506 1446 πεπειράμεθα
1549 1373 1852 1446 ὑπαγορεῦ-

244 1484 371 1530 σαι,
411 1467 567 1521 κατὰ
598 1469 696 1540 τὴν
736 1467 1014 1541 παροῦσαν
1038 1467 1286 1537 δύναμιν,
1321 1467 1458 1537 πρὸς
1490 1467 1718 1520 ἕκαστον
1743 1466 1851 1519 τῶν

245 1560 358 1612 ὑπὸ
402 1560 623 1614 Κέλσου
661 1561 1083 1631 γεγραμμένων,
1115 1560 1178 1612 τὸ
1209 1559 1374 1628 φανὲν
1404 1561 1533 1630 ἡμῖν
1579 1557 1688 1632 (76)
1723 1561 1852 1612 ἀνα-

242 1652 558 1721 τρεπτικὸν
587 1651 696 1704 τῶν
721 1651 908 1704 πιστὸν
930 1651 1118 1704 οὐδένα
1143 1650 1454 1720 δυναμένων
1479 1653 1651 1704 σεῖσαι
1679 1650 1850 1720 λόγων

1951 471 2050 510 nec
2097 453 2390 522 quidquam
2441 464 2574 507 voce
2625 449 2942 516 respondet,
2987 449 3085 504 sed
3137 461 3523 517 germanorum

1948 546 2068 616 ejus
2104 544 2498 614 discipulorum
2527 541 2639 596 vita
2667 540 2997 596 defenditur.
3026 539 3150 593 Haec
3173 539 3340 604 enim,
3361 537 3526 593 falso-

1951 651 2070 691 rum
2107 637 2321 690 teSIium
2363 633 2590 702 perfidia
2632 631 2882 697 validior,
2912 629 3050 684 falsa
3083 629 3396 684 testimonia
3431 643 3526 683 ca-

1951 728 2292 795 lumniasque
2321 725 2592 796 redarguit
2627 732 2790 793 atque
2817 721 3030 777 evertit.

2024 988 2079 1042 '5.
2110 988 2472 1055 Quamobrem
2506 985 2783 1040 affirmare
2818 1001 2921 1041 non
2953 987 3144 1042 dubito
3177 1001 3338 1055 quam
3367 1000 3394 1038 a
3442 1001 3527 1039 me

1951 1081 2318 1135 defensionem
2354 1081 2533 1148 parari
2555 1079 2814 1147 postulas,
2839 1093 2902 1131 ea
2933 1079 3080 1132 illam
3109 1077 3382 1131 debilitari
3405 1092 3527 1146 quae

1922 1235 1926 1239 ,
1955 1176 2116 1227 rebus
2151 1183 2204 1226 et
2233 1173 2392 1227 factis
2420 1179 2657 1233 constat,
2695 1169 2965 1238 simulque
3009 1171 3155 1222 illam
3183 1168 3310 1224 Jesu
3342 1179 3530 1237 poten-

1955 1265 2083 1317 tiam
2115 1279 2234 1332 qum
2266 1280 2370 1317 non
2401 1264 2624 1316 ontuino
2661 1263 2895 1330 stupidis
2941 1261 3228 1315 evidenter
3276 1271 3526 1330 apparet.

1957 1357 2163 1410 Tamen
2202 1369 2268 1410 ne
2301 1365 2389 1408 tua
2415 1355 2566 1424 jussa
2597 1355 2898 1406 detrectare
2925 1352 3129 1416 videar,
3159 1361 3386 1406 conatus
3405 1367 3523 1406 sum

1954 1464 2050 1518 pro
2089 1449 2295 1503 viribus
2339 1448 2406 1502 ad
2453 1448 2664 1516 singula
2706 1461 2824 1516 qua:
2864 1444 3054 1499 Celsus
3085 1444 3308 1511 objecit,
3350 1445 3402 1499 id
3444 1461 3529 1500 re-

1953 1538 2220 1605 spondere
2245 1538 2388 1606 quod
2439 1553 2501 1591 ea
2537 1546 2784 1592 evertere
2811 1537 2984 1591 visum
3013 1543 3139 1602 est;
3171 1535 3384 1588 tametsi
3421 1551 3526 1590 nou

1953 1630 2191 1682 arbitror
2234 1629 2402 1682 ullmn
2437 1643 2467 1682 e
2511 1628 2756 1682 fidelibus
2808 1641 2931 1682 esse
2982 1627 3073 1695 qui
3131 1625 3352 1695 scriptis
3411 1625 3530 1695 ejus

246 1714 452 1795 αὐτοῦ.
488 1742 603 1794 Καὶ
637 1742 710 1813 μὴ
744 1743 826 1812 εἴη
865 1759 926 1810 γε
959 1742 1247 1814 εὑρεθῆναί
1273 1714 1413 1806 τινα,
1439 1741 1692 1812 τοιαύτην
1708 1714 1844 1794 ἀνει-

1953 1721 2284 1774 eommoveri
2311 1729 2498 1788 queat.
2527 1718 2660 1771 Nam
2686 1718 2972 1787 prohibeat
2992 1717 3133 1772 Deus
3158 1725 3216 1771 ut
3239 1717 3527 1786 quisquam

244 1835 473 1905 ληφότα
497 1835 719 1905 ἀγάπην
752 1835 846 1888 τοῦ
882 1835 1017 1887 Θεοῦ
1058 1837 1115 1887 ὲν
1151 1833 1374 1906 Χριστῷ
1411 1833 1607 1905 Ἰησοῦ,
1644 1833 1718 1896 ὡς
1745 1834 1849 1886 ὑπὸ

243 1923 363 1978 τῶν
393 1924 664 1995 ῥημάτων
710 1923 916 1976 Κέλσου
942 1924 975 1994 ἦ
1001 1942 1143 1987 τινος
1174 1923 1282 1977 τῶν
1323 1925 1523 1995 ὁμοίων
1576 1923 1849 1994 σεισθῆναι

243 2016 348 2068 τὴν
377 2017 706 2087 προαίρεσιν
729 2017 892 2069 αὐτοῦ
914 2017 926 2068 l
969 2017 1025 2068 Ὁ
1041 2016 1098 2068 δὲ
1125 2016 1335 2080 Παῦλος
1367 2017 1534 2087 μυρία
1556 2017 1655 2069 ὅσα
1680 2032 1848 2068 κατα-

244 2106 435 2175 λέγων
472 2107 540 2161 τὰ
563 2108 790 2162 εἰωθότα
814 2107 1065 2179 χωρίζειν
1099 2108 1206 2161 άπὸ
1229 2109 1327 2178 τῆς
1356 2109 1575 2185 ἀγάπης
1600 2107 1692 2160 τοῦ
1713 2107 1848 2178 Χρι-

246 2199 384 2251 στοῦ
424 2201 521 2252 καὶ
548 2200 767 2269 ἀγάπης
793 2199 886 2252 τοῦ
905 2199 1036 2252 Θεοῦ
1063 2200 1121 2253 ὲν
1144 2199 1360 2271 Χριστῷ
1398 2199 1592 2271 Ἰησοῦ,
1615 2192 1690 2252 ὧν
1713 2199 1847 2252 πάν-

243 2306 365 2341 των
420 2291 688 2361 κρείττων
719 2287 788 2362 ἦν
822 2293 855 2361 ἡ
890 2293 947 2344 ὲν
989 2291 1137 2361 αὐτῷ
1167 2292 1378 2361 ἀγάπη,
1409 2289 1564 2358 λόγον
1593 2289 1655 2342 οὑ
1683 2289 1846 2342 κατέ-

246 2381 430 2446 ταξεν
455 2383 511 2433 ὲν
533 2386 646 2444 τοῖς
674 2381 995 2453 χωρίζουσι-θ
1011 2399 1024 2411 ·
1070 2382 1306 2451 πρόσχες
1326 2379 1456 2449 γὰρ,
1479 2381 1559 2432 ὅτι
1585 2379 1847 2449 πρότερον

246 2471 362 2540 μέν
399 2489 566 2541 φησιν
590 2489 602 2502 ’
640 2491 656 2522 ι
695 2472 790 2534 Τίς
818 2473 961 2540 ἡμᾶς
987 2473 1210 2542 χωρίσει
1239 2473 1346 2524 ἀπὸ
1379 2473 1478 2540 τῆς
1511 2472 1730 2540 ἀγάπης
1752 2472 1846 2523 τοῦ

241 2563 506 2634 Χριστοῦ
543 2564 692 2632 (77);
735 2562 931 2630 θλίψις,
976 2563 1010 2630 ἦ
1051 2562 1398 2632 στενοχωρία,
1438 2563 1471 2632 ἢ
1507 2561 1778 2629 διωγμὸς,
1813 2562 1845 2631 ἦ

240 2654 446 2723 λιμὸς,
477 2655 510 2723 ἦ
540 2653 834 2723 γυμνότης,
865 2654 898 2724 ἦ
931 2653 1194 2715 κίνδυνος,
1218 2653 1250 2723 ἢ
1273 2653 1546 2725 μάχαιρα;
1580 2651 1849 2722 (καθάπερ

245 2744 603 2814 γέγραπται.
639 2744 760 2796 ’Ότι
788 2744 971 2798 ἕνεκεν
1014 2742 1108 2795 σοῦ
1131 2741 1503 2813 θανατούμεθα
1535 2745 1714 2796 πᾶσαν
1753 2743 1849 2813 τὴν

245 2835 504 2905 ἡμέραν,
554 2836 908 2905 ἐλογίσθημεν
943 2836 1020 2898 ὡς
1049 2835 1297 2906 πρόϐατα
1326 2834 1757 2906 σφαγῆς.)Ἀλλά
1790 2837 1848 2888 ὲν

243 2926 478 2990 τούτοις
519 2929 684 2980 πᾶσιν
732 2928 1117 2998 ὑπερνικῶμεν
1172 2927 1260 2980 διὰ
1311 2925 1404 2978 τοῦ
1458 2928 1847 2998 ἀγαπήσαντος

1955 1811 2046 1876 sit,
2093 1811 2208 1879 qui,
2256 1821 2541 1879 postquam
2577 1818 2781 1863 tantam
2819 1809 3046 1876 adeptus
3077 1817 3160 1862 est
3205 1809 3529 1863 charitatem

1955 1901 2050 1954 Dei
2079 1901 2129 1954 in
2161 1899 2554 1966 ChristoJesu,
2590 1900 2770 1954 verbis
2796 1899 2942 1954 Celsi
2974 1898 3158 1967 ejusve
3210 1900 3465 1954 similium
3498 1915 3530 1954 a

1953 1993 2233 2061 pr0posito
2271 1991 2537 2046 dimoveri
2591 1991 2780 2059 possit.
2824 1991 2904 2043 Ae
2936 2005 3111 2058 neque
3161 1989 3355 2044 Paulus
3387 1991 3532 2046 inter

1953 2081 2269 2135 innumeras
2306 2080 2430 2134 illas
2482 2095 2593 2146 res,
2645 2095 2764 2148 quae
2795 2080 2931 2134 alios
2959 2096 2984 2133 a
3015 2080 3285 2136 eharitato
3324 2083 3528 2138 Christi

1951 2183 2006 2226 et
2039 2187 2067 2226 a
2103 2173 2372 2226 eharitate
2400 2172 2492 2226 Dei
2529 2187 2646 2241 quae
2671 2184 2753 2225 est
2776 2172 2826 2224 in
2861 2171 3081 2228 Christo
3114 2171 3240 2226 Jesu
3270 2189 3526 2243 separare

1951 2265 2150 2332 solent,
2198 2265 2293 2321 sed
2323 2280 2444 2334 quae
2486 2275 2840 2334 superaverat
2865 2264 2974 2330 illa,
3003 2279 3108 2333 qua
3140 2265 3251 2333 ipse
3280 2267 3528 2330 ardebat,

1951 2359 2211 2423 eharitas,
2252 2372 2563 2413 sermonem
2613 2371 2715 2411 non
2748 2357 3044 2411 recensuit.
3102 2357 3339 2410 Atlverte
3375 2358 3523 2410 enim

1953 2449 2102 2502 illum
2126 2450 2360 2518 primum
2409 2450 2593 2503 dicere
2620 2465 2633 2500 :
2673 2466 2692 2499 ‹
2723 2450 2855 2515 Quis
2891 2463 2988 2504 uos
3014 2448 3297 2517 separabit
3342 2464 3369 2500 a
3399 2449 3532 2501 cha-

1953 2542 2114 2595 ritate
2141 2541 2388 2596 Christi?
2420 2541 2502 2593 An
2535 2539 2852 2594 tribulatio?
2883 2555 2951 2593 au
2983 2539 3273 2609 angustia?
3308 2555 3374 2592 an
3407 2552 3534 2607 per-

1951 2631 2196 2684 secutio?
2225 2647 2292 2684 an
2325 2630 2538 2684 fames?
2578 2648 2646 2683 an
2681 2630 2944 2684 nuditas?
2984 2646 3051 2684 an
3084 2630 3383 2698 periculum
3408 2631 3432 2683 ἲ
3459 2645 3528 2684 an

1952 2721 2206 2792 gladius?
2237 2721 2398 2792 (sicut
2421 2723 2684 2791 scriptum
2713 2732 2796 2776 est
2823 2741 2836 2775 :
2883 2721 3018 2788 Quia
3050 2731 3268 2792 propter
3304 2730 3354 2775 te
3383 2737 3532 2775 mor-

1955 2811 2228 2864 tilicamur
2249 2819 2358 2864 tota
2383 2812 2497 2876 die;
2524 2811 2778 2864 aestimati
2799 2827 2985 2866 sumus
3002 2811 3283 2866 sicutoves
3300 2811 3532 2866 occisio-

1954 2901 2084 2969 nis.)
2115 2901 2220 2956 Sed
2242 2905 2292 2956 in
2317 2903 2401 2957 his
2419 2903 2673 2958 omnibus
2705 2903 3140 2973 superviucimus
3166 2914 3385 2973 promer
3404 2919 3528 2959 eum

244 3018 432 3088 ἡμᾶς.
473 3037 490 3068 ι
527 3017 790 3088 Δεύτερον
937 2993 1065 3072 ἄλλο
1110 3017 1297 3088 τάγμα
1344 2993 1690 3088 ἐκτιθέμενος
1736 3017 1844 3070 τῶν

1950 2995 2040 3062 qui
2071 2993 2258 3048 dilexit
2288 3009 2386 3048 nos
2407 2994 2470 3050 ⁷³.
2503 3014 2522 3046 ι
2552 2994 2803 3051 Secundo
2824 2996 2944 3050 loco
2959 2997 3388 3060 enumeratalia,
3409 3011 3531 3066 quae

251 3111 586 3178 πεφυκότων
613 3111 862 3182 χωρίζειν
888 3111 1013 3173 τοὺς
1035 3111 1463 3181 ἀνερματίστους
1486 3111 1544 3163 ὲν
1569 3109 1848 3181 θεοσεϐείᾳ

249 3199 436 3270 λέγει’
470 3221 487 3253 t
525 3202 831 3272 Πέπεισμαι
853 3201 982 3274 γὰρ,
1006 3203 1089 3254 ὅτι
1113 3200 1236 3254 οὔτε
1275 3199 1523 3264 θάνατος,
1554 3199 1676 3253 οὕτε
1711 3202 1844 3271 ζωὴ,

253 3290 392 3344 οὔτε
415 3293 657 3360 ἄγγελοι,
688 3292 811 3346 οῦτε
843 3293 1036 3364 ἀρχαὶ,
1070 3291 1194 3345 οὒτε
1226 3291 1527 3358 ἐνεστῶτα,
1555 3290 1678 3345 οὔτε
1724 3293 1850 3362 μέλ-

253 3381 446 3443 λοντα,
479 3379 602 3434 οῦτε
631 3381 910 3450 δυνάμεις,
945 3380 1070 3433 οὔτε
1095 3380 1314 3451 ὕψωμα,
1353 3379 1477 3433 οὔτε
1513 3381 1694 3451 βάθος,
1725 3381 1848 3435 οὔτε

253 3487 344 3534 τις
381 3470 558 3534 κτίσις
599 3470 760 3540 ἑτέρα
795 3471 1080 3541 δυνήσεται
1119 3472 1270 3540 ἡμᾶς
1314 3470 1546 3540 χωρίσαι
1585 3471 1697 3540 (78)
1741 3472 1871 3523 ἀπὸ·

253 3561 360 3633 τῆς
392 3563 612 3633 ἀγάπης
633 3561 728 3614 τοῦ
764 3562 923 3626 Θεοῦ,
942 3561 1041 3632 τῆς
1073 3563 1130 3614 ὲν
1161 3560 1382 3632 Χριστῷ
1428 3559 1601 3632 Ἰησοῦ
1628 3559 1704 3631 τῷ
1734 3563 1848 3614 Κυ-

260 3651 366 3723 ρίῳ
399 3655 431 3723 ἡ
443 3653 576 3723 μῶν.
622 3672 640 3704 ι

367 3743 482 3796 Καὶ
529 3741 744 3814 ἀληθῶς
788 3742 936 3810 ἄξιον
1000 3742 1098 3812 μὲν
1147 3745 1295 3814 ἡμᾶς
1347 3741 1710 3813 σεμνύνεσθαι
1755 3741 1846 3793 ἐπὶ

257 3832 443 3902 θλίψει
487 3834 560 3904 μὴ
607 3834 932 3904 χωριζούσῃ,
971 3834 1004 3904 ἢ
1053 3837 1165 3896 τοῖς
1207 3835 1336 3904 ἑξῆς
1383 3835 1520 3905 αὐτῇ
1568 3833 1846 3902 κατειλεγ-

259 3925 470 3994 μένοις,
513 3927 631 3994 οὐχ)¹
669 3925 724 3977 δὲ
765 3926 976 3979 Παῦλον
1004 3925 1099 3979 καὶ
1137 3927 1264 3988 τοὺς
1292 3927 1640 3991 ἀποστόλους,
1673 3928 1767 3980 καὶ
1796 3927 1848 3978 εἴ

254 4031 341 4078 τις
371 4016 600 4078 ἐκείνοις
627 4017 815 4084 γέγονε
853 4016 1250 4086 παραπλήσιος,
1280 4017 1366 4071 διά
1407 4017 1468 4070 τὸ
1493 4019 1631 4070 πάνυ
1678 4018 1844 4088 ὑπερ-

255 4104 378 4159 άνω
420 4108 527 4160 τῶν
557 4107 811 4160 τοιούτων
858 4103 1016 4172 εἷναι,
1054 4108 1281 4176 λέγοντα
1321 4107 1400 4160 τό·
1457 4127 1474 4159 t
1520 4110 1606 4162 Ἑν
1636 4109 1843 4172 τούτοις

258 4198 432 4251 πᾶσιν
479 4197 859 4270 ὑπερνικῶμεν
911 4197 998 4251 διὰ
1035 4197 1126 4251 τοῦ
1177 4199 1558 4268 ἀγαπήσαντος
1608 4199 1774 4267 ἡμᾶς’
1817 4217 1836 4248 ›

257 4289 402 4361 ὅπερ
442 4289 623 4360 μεῖζον
654 4290 769 4342 ἐστὶ
798 4288 892 4342 τοῦ
929 4286 1124 4355 νικᾷν.
1155 4290 1218 4340 Ei
1259 4288 1314 4340 δὲ
1353 4287 1432 4340 δεῖ
1472 4289 1566 4340 καὶ
1610 4288 1839 4340 ἀποστό-

253 4379 388 4444 λους
411 4383 784 4453 σεμνύνεσθαι,
824 4381 897 4452 μὴ
926 4378 1325 4452 χωριζομένους
1352 4381 1459 4433 ἀπὸ
1485 4380 1586 4448 τῆς
1621 4379 1841 4448 ἀγάπης

257 4474 353 4528 τοῦ
403 4475 537 4528 Θεοῦ
584 4477 682 4546 τῆς
720 4477 777 4527 ὲν
825 4473 1046 4545 Χριστῷ
1086 4472 1258 4544 Ἰησοῦ
1302 4471 1378 4542 τῷ
1424 4471 1612 4541 Κυρίῳ
1657 4469 1839 4540 ήμῶν,

261 4565 606 4636 σεμνύνοιντο
660 4564 746 4626 ἂν,
795 4566 876 4617 ὅτι
913 4565 1036 4617 οὔτε
1073 4564 1298 4626 θάνατος
1345 4561 1476 4632 (79),
1525 4560 1649 4612 οὕτε
1703 4559 1838 4630 ζωὴ,

257 4656 382 4709 οῦτε
405 4656 643 4726 ἄγγελοι,
671 4657 793 4710 οὗτε
827 4657 1011 4728 ἀρχαὶ,
1044 4654 1166 4708 οῦτε
1198 4671 1254 4706 τι
1295 4653 1401 4705 τῶν
1447 4650 1572 4722 ἑξῆς
1617 4651 1838 4704 δύναται

259 4747 456 4809 αὐτοὺς
479 4751 708 4820 χωρίσαι
741 4747 850 4801 ἀπὸ
885 4748 986 4818 τῆς
1007 4746 1229 4815 ἀγάπης
1269 4744 1379 4817 (80)
1405 4743 1498 4796 τοῦ
1535 4740 1694 4807 Θεοῦ,
1739 4742 1838 4811 τῆς

1951 3100 2141 3154 parum
2168 3086 2358 3140 firmos
2385 3086 2436 3138 in
2465 3087 2665 3154 pietate
2689 3088 3008 3156 plerumque
3039 3097 3324 3156 separant:
3353 3106 3370 3138 ι
3396 3090 3531 3144 (Ier-

1953 3184 2036 3230 tus
2065 3191 2184 3230 sum
2208 3176 2375 3242 enim,
2402 3177 2595 3246 inquit,
2627 3178 2750 3246 quia
2784 3193 2957 3248 neque
2989 3192 3154 3243 mors,
3191 3193 3367 3248 neque
3393 3180 3526 3244 vita,

1951 3281 2126 3337 neque
2154 3268 2330 3338 angeli
2355 3307 2370 3333 ,
2409 3283 2585 3338 neque
2629 3270 2994 3338 principatus,
3032 3284 3205 3339 neque
3239 3271 3521 3336 instantia,

1948 3373 2124 3427 neque
2148 3359 2352 3425 futura,
2396 3375 2572 3431 neque
2595 3370 2914 3428 potestates,
2953 3376 3128 3430 neque
3157 3361 3408 3425 altitudo,
3430 3375 3526 3416 ne-

1947 3464 2054 3518 que
2088 3449 2439 3518 profundum,
2479 3464 2656 3520 neque
2709 3461 2967 3505 creatura
3029 3451 3133 3503 alia
3191 3451 3392 3519 poterit
3425 3467 3524 3506 nos

1949 3553 2207 3608 separare
2237 3557 2265 3593 a
2301 3542 2576 3597 charitate
2624 3543 2716 3596 Dei
2761 3556 2880 3610 qua:
2925 3549 3006 3596 est
3056 3543 3107 3594 iu
3137 3541 3360 3596 Christo
3391 3539 3522 3597 Jetu

1948 3631 2180 3684 Domino
2209 3639 2396 3684 nostro
2419 3631 2486 3685 ⁷⁸.
2517 3649 2535 3682 ι

2017 3722 2070 3776 4.
2095 3724 2170 3776 Ac
2199 3737 2296 3776 nos
2325 3722 2541 3790 quidem
2575 3721 2802 3790 gloriari
2852 3736 3069 3790 mquum
3119 3721 3308 3787 fuerit,
3341 3721 3384 3776 si
3420 3737 3520 3776 nec

1951 3813 2254 3878 tribulatio,
2310 3828 2410 3865 nec
2460 3812 2561 3866 alia
2616 3828 2736 3882 quae
2797 3823 2919 3880 post
2968 3812 3114 3866 illam
3163 3825 3520 3868 numerantur

1945 3905 2109 3974 317
2134 3904 2496 3968 incommoda,
2549 3920 2646 3958 nos
2680 3905 2944 3971 avellant;
2988 3921 3090 3959 non
3125 3906 3253 3959 item
3299 3905 3522 3959 Paulum

1945 4007 1999 4050 et
2028 3995 2322 4063 apostolos,
2357 4005 2447 4047 aut
2479 3995 2522 4048 si
2552 3996 2673 4062 quis
2723 3994 2858 4049 alius
2909 3995 3016 4050 illis
3064 3997 3234 4050 evasit
3278 3996 3476 4050 similis
3502 4035 3518 4060 ,

1947 4098 2238 4157 propterea
2267 4089 2408 4157 quod
2440 4087 2508 4142 sit
2537 4088 2621 4142 his
2649 4089 2809 4141 rebus
2838 4087 2994 4155 longe
3040 4087 3287 4156 superior
3314 4087 3404 4155 qui
3435 4087 3520 4140 di-

1945 4181 2054 4234 cit:
2081 4199 2100 4232 ι
2127 4181 2181 4234 lu
2207 4181 2292 4236 his
2318 4181 2567 4235 omnibus
2596 4181 3028 4248 supervincimus
3051 4187 3271 4247 propter
3289 4181 3412 4231 eum
3433 4179 3522 4244 qui

1943 4271 2136 4325 dilexit
2183 4287 2280 4326 nos
2326 4273 2394 4334 7';
2466 4290 2484 4322 ι
2537 4271 2676 4338 quod
2727 4270 2907 4338 majus
2961 4279 3042 4322 est
3092 4283 3252 4336 quam
3299 4269 3519 4320 vincere.

1875 4371 1915 4422 ο
1945 4362 2100 4428 Quod
2138 4362 2181 4415 si
2215 4362 2486 4430 apostolos
2538 4359 2758 4428 gloriari
2804 4367 3072 4427 oporteat,
3104 4359 3244 4426 quod
3271 4373 3300 4410 a
3331 4359 3512 4412 chapi—

1953 4465 2063 4508 tate
2099 4455 2189 4508 Dei
2236 4468 2357 4521 qua:
2400 4462 2481 4506 est
2521 4452 2571 4503 in
2624 4449 2839 4504 Christo
2888 4447 3016 4502 Jesu
3061 4449 3284 4501 Domino
3335 4458 3522 4504 nostro

1950 4559 2057 4598 non
2084 4552 2440 4611 separentur;
2475 4541 2616 4595 laudi
2649 4541 2890 4609 profecto
2909 4541 3166 4592 ducerent
3193 4555 3252 4592 se
3283 4553 3310 4592 a
3333 4539 3517 4591 chari-

1951 4646 2062 4689 tate
2092 4635 2188 4689 Dei
2220 4650 2340 4703 qua:
2371 4645 2458 4688 est
2513 4635 2564 4688 in
2610 4632 2826 4686 Christo
2877 4630 3002 4685 Jesu
3047 4629 3278 4683 Domino
3332 4639 3520 4682 nostro

1948 4741 2126 4796 neque
2185 4735 2378 4790 morte,
2436 4736 2612 4790 neque
2661 4722 2798 4787 vita,
2842 4735 3014 4789 neque
3060 4718 3283 4790 angelis,
3341 4734 3516 4787 neque

331 4903 378 4943 υ
412 4903 562 4955 Rom.
602 4919 717 4965 vnt,
746 4902 835 4965 55,
863 4901 952 4967 56,
988 4900 1078 4953 '57.
1153 4898 1198 4930 ⁷⁸⁵
1221 4897 1353 4954 Ibid.
1391 4897 1485 4962 .58,
1521 4897 1610 4951 59.
1687 4894 1734 4925 ⁷⁸
1772 4893 1844 4946 Ro

1970 4902 2088 4951 vrtl,
2129 4885 2218 4940 57.

338 5037 448 5108 (76)
497 5037 682 5106 Ἡμῖν.
725 5037 815 5093 Sic
856 5040 960 5108 duo
1003 5035 1162 5108 codd.
1191 5032 1441 5108 _Y:_tt_icani
1492 5040 1546 5108 et
1601 5029 1823 5108 Il‘egius,

267 5098 392 5161 libri
421 5098 602 5160 autem
633 5118 796 5177 antea
823 5107 972 5177 editi,
1003 5107 1155 5177 ὑμῖνἶ
1191 5102 1398 5177 Ibidem
1422 5101 1590 5177 code}
1625 5098 1829 5177 Regius

264 5191 318 5231 et
353 5189 464 5231 tres
507 5175 826 5242 Anglicani,
863 5176 972 5228 τῶν
1015 5170 1203 5228 πιστὸν
1238 5172 1446 5225 οὐδένα.
1501 5170 1675 5233 Alias,
1715 5170 1829 5219 τῶν

264 5265 316 5300 π.
346 5248 473 5300 πῶν
493 5247 703 5300 οὐδένα.

339 5317 452 5386 (77)
491 5315 766 5384 Χριστοῦ.
789 5313 865 5367 ita
895 5313 1060 5369 codex
1081 5312 1312 5386 Regiusl
1336 5309 1524 5386 sicque
1550 5305 1832 5386 legendum

269 5375 380 5440 tum
425 5375 456 5442 ὁ
500 5375 647 5440 textu
678 5399 856 5446 sacro,
889 5393 1001 5435 tum
1037 5399 1100 5436 ex
1136 5375 1252 5449 ipso
1277 5375 1508 5448 Origene
1541 5375 1704 5446 paulo
1744 5390 1834 5428 suo

269 5472 465 5522 pertus.
492 5455 650 5513 Libb.
681 5456 808 5508 editi
846 5455 1044 5506 habent
1075 5450 1232 5503 Θεοῦ.

329 5509 440 5598 (78)
458 5509 731 5594 Χῖορίσαι.
755 5525 829 5578 Ita
848 5538 1036 5598 mones
1055 5538 1182 5574 mss.
1203 5509 1832 5598 aliamztgpiiatvfaitlp

269 5580 597 5662 postrotuues
624 5613 751 5649 mss.
769 5604 830 5662 et
860 5595 1190 5662 Spencerus,
1217 5589 1249 5657 ἢ
1275 5580 1524 5662 τοῖςξξιῆς
1546 5581 1702 5662 αὐτῇ,
1724 5580 1842 5632 Ilm-

269 5658 520 5734 achelius,
546 5667 704 5738 ἢτοῖς
721 5666 778 5732 ἐξ
801 5660 867 5736 ἧς
897 5658 1056 5732 αὐτῇ,
1079 5662 1331 5716 mendose
1375 5658 1630 5710 GcleniUs
1661 5668 1827 5720 tmer-

1932 5040 2056 5093 pres
2074 5037 2168 5092 pro
2184 5022 2319 5093 αὐτῇ
2337 5021 2550 5093 videtur
2567 5019 2761 5085 legisse
2781 5017 2945 5070 αὐτοῦ
2960 5055 2986 5093 ,_
3002 5031 3122 5093 nam
3142 5017 3326 5093 vertit,
3351 5037 3368 5070 ι
3382 5019 3474 5093 ibi;
3490 5037 3508 5071 ι

1933 5087 2026 5149 sed
2048 5087 2210 5146 lectio
2227 5087 2391 5143 αὐτοῦ
2425 5091 2551 5143 mihi
2578 5103 2680 5142 nou
2713 5087 3086 5155 requearridet
3109 5103 3173 5140 ac
3199 5087 3509 5144 Boherello.

2001 5163 2122 5231 (79)
2156 5160 2295 5231 Tres
2314 5159 2623 5231 Anglicani,
2651 5157 2739 5208 ὅτε
2767 5155 2891 5231 ρῦτε
2915 5155 3165 5231 θάνατος.

2007 5225 2120 5304 (80)
2163 5228 2304 5282 Ἀπὸ
2333 5225 2441 5304 τῆξ
2469 5225 2726 5304 ἀγᾴπῃς.
2765 5227 2840 5278 Ita
2873 5226 3154 5304 legendum
3187 5239 3253 5304 ex
3278 5225 3511 5304 Origene

1939 5295 2124 5366 supra,
2148 5295 2399 5369 quamvis
2426 5312 2524 5349 vox
2544 5297 2650 5348 ἀπό
2678 5299 2730 5348 in
2757 5297 3009 5369 omnibus
3031 5295 3228 5369 nostris
3257 5310 3385 5347 mss.
3417 5295 3511 5347 de-

1941 5361 2230 5426 sideretur.
2259 5367 2424 5420 Paulo
2461 5375 2581 5435 post
2613 5382 2708 5433 pro
2732 5364 2910 5417 τοίνυν
2949 5364 3009 5435 ού
3035 5361 3349 5435 συμνήὸρμαι,
3378 5373 3508 5435 etc._.

1939 5442 2109 5495 codex
2150 5430 2474 5492 Oxonieusis
2519 5430 2710 5489 tertius
2738 5436 2920 5495 habet,
2946 5433 3007 5482 οὐ
3045 5430 3260 5492 σύνοιδα
3292 5433 3389 5500 μὲν
3435 5430 3510 5500 τῷ

1937 5508 2311 5570 πιστεύσαντι,
2369 5517 2500 5567 etr.,
2549 5505 2742 5558 Guieto
2796 5501 3508 5570 scribendumridebatur,

1937 5583 1997 5632 οὐ
2049 5579 2226 5632 τοίνυν
2276 5567 2567 5644 συνήδομαι
2600 5573 2674 5642 τῷ
2730 5569 3100 5644 πιστεύσαντι.
3131 5569 3236 5644 εἰς·
3277 5567 3508 5637 Χριστὸν
3557 5627 3562 5632 ,

1937 5651 2127 5713 οὕτως,
2150 5650 2223 5712 ὡς
2242 5636 2496 5698 δύνασθαι
2516 5636 2833 5710 σαλευθῆναι
2862 5637 3025 5690 αὑτοῦ
3056 5637 3149 5709 τὴν
3176 5636 3376 5697 πίστιν,
3402 5645 3504 5690 etc.
