3988 6156
462 248 564 302 σιτ

1463 243 1787 300 ORIGENIS
1820 240 1888 297 IN
1923 241 2174 298 LIBROS
2209 241 2492 299 CONTRA
2527 243 2806 299 CELSUM

3641 252 3748 309 643

462 364 885 435 principatibus,
918 379 1093 436 neque
1119 362 1242 418 aliis
1276 377 1399 433 qum
1438 371 1764 431 sequuntur,
1801 376 2025 432 separar

2150 364 2208 416 ὲν
2238 361 2460 433 Χριστῷ
2494 359 2668 432 Ἰησοῦ
2700 361 2778 432 τῷ
2815 361 3008 433 Κυρίῳ
3055 361 3233 433 ἡμῶν.
3265 363 3455 417 Τοίνυν
3480 367 3545 419 οὐ
3578 372 3746 440 συνή-

467 472 650 525 posse.
685 457 868 523 Quare
917 457 1048 510 mihi
1101 468 1444 522 nequaquam
1496 453 1734 522 placeret
1778 455 1843 509 is.
1891 455 2052 522 cujus

464 551 598 604 fides
629 550 680 602 in
709 548 984 603 Christum
1016 553 1110 597 aut
1156 545 1376 610 scriptis
1415 542 1578 605 Celsi,
1619 545 1712 613 qui
1760 543 2050 599 defunctus

457 640 787 711 jampridem
842 639 984 692 hanc
1008 636 1175 690 vitam
1206 635 1393 689 vivere
1419 635 1610 701 desiit,
1665 647 1763 688 aut
1801 637 1902 689 alia
1936 651 2050 690 ser-

465 733 640 784 monis
673 729 1058 798 probabilitate
1105 727 1344 782 subverti
1389 736 1594 795 posset.
1649 725 1761 780 Nec
1793 728 1908 781 scio
1938 742 2049 796 quo

462 821 582 877 loco
631 820 919 876 habendus
951 819 1039 874 ille
1085 827 1250 880 esset,
1306 817 1392 872 cui
1445 819 1647 886 scripta
1681 832 1816 888 Opus
1841 830 2046 883 essent,

460 912 657 979 quibus
693 926 752 965 se
793 911 1060 966 adversus
1084 909 1226 965 Celsi
1255 918 1446 962 contra
1481 908 1831 965 Christianos
1863 910 2050 963 crimi-

459 1003 711 1058 nationes
736 1003 998 1066 muniret,
1023 1007 1297 1055 averteret
1318 1015 1380 1053 ea
1407 1013 1527 1068 qum
1564 999 1719 1052 ﬁdem
1742 1002 2048 1055 convellere

459 1105 708 1167 possunt,
741 1105 797 1150 et
831 1097 883 1148 in
909 1104 992 1150 'ea
1030 1109 1151 1149 sese
1188 1092 1561 1147 confirmaret.
1611 1092 1866 1148 Attamen
1919 1095 2045 1162 quia

463 1189 580 1242 Iieri
617 1196 796 1257 potest
825 1195 883 1240 ut
913 1187 966 1240 in
999 1185 1156 1254 vulgo
1197 1183 1436 1239 ﬁdelium
1469 1185 1817 1254 reperiantur
1849 1185 2047 1255 quibus

456 1280 625 1335 exitio
653 1293 774 1336 esse
801 1286 1025 1348 possent
1057 1277 1197 1331 Celsi
1237 1275 1436 1345 scripta
1459 1315 1473 1340 ,
1526 1275 1688 1329 saluti
1741 1285 1920 1330 autem
1954 1277 2047 1332 de-

455 1369 661 1433 fensio,
715 1383 837 1437 quae
890 1367 1120 1422 dilueret
1161 1367 1304 1421 Celsi
1337 1366 1640 1420 calumnias
1686 1374 1739 1420 et
1779 1366 2047 1420 stabiliret

453 1462 781 1525 veritatem;
829 1458 992 1513 statui
1032 1466 1123 1512 tua
1151 1457 1300 1524 jussa
1330 1473 1640 1528 capessere,
1676 1457 2046 1526 scriptumque

452 1553 601 1624 quod
643 1553 708 1606 ad
739 1565 824 1605 me
853 1550 1052 1604 misisti
1087 1550 1409 1606 confutare:
1440 1551 1584 1620 quod
1636 1551 1856 1619 quidem
1911 1551 2046 1606 scri-

452 1655 604 1714 ptum
632 1644 752 1698 licet
785 1643 1113 1698 iuscribatur
1160 1657 1188 1694 a
1239 1641 1395 1697 Celso
1427 1641 1613 1697 Sermo
1649 1657 1831 1704 verus,
1873 1641 2045 1696 nemi-

2152 451 2312 522 δομαι
2353 451 2431 522 τῷ
2458 450 2809 504 πιστεύσαντι
2834 453 2913 514 εἰς
2945 453 3200 523 Χριστὸν,
3223 453 3299 516 ὡς
3327 451 3588 510 δύνασθαι
3644 476 3744 511 σα-

2151 540 2407 610 λευθῆναι
2465 542 2628 594 αὐτοῦ
2686 540 2784 612 τὴν
2832 540 3014 595 πίστιν
3056 544 3160 595 ὑπὸ
3196 544 3430 610 Κέλσου,
3475 547 3573 600 τοῦ
3621 552 3742 607 οὐδὲ

2153 633 2464 704 κοινοτέραν
2490 631 2632 703 ζωὴν
2660 632 2859 696 ζῶντος
2901 635 2958 685 ἐν
2993 633 3302 704 ἁνθρωποις
3328 636 3429 697 ἔτι,
3471 638 3588 691 ἀλλ’
3637 642 3736 714 ἤδη

2151 727 2247 780 καὶ
2286 725 2454 778 πάλαι
2478 723 2706 796 νεκροῦο
2750 725 2784 796 ἦ
2823 742 2967 788 τινος
3001 725 3358 798 πιθανότητος
3391 729 3573 798 λόγου.
3624 735 3740 788 Οὐκ

2149 811 2268 868 οἴδα
2308 815 2353 867 δ’
2401 817 2458 868 ὲν
2498 816 2637 885 ποίῳ
2679 815 2921 884 τάγματι
2972 815 3291 884 λογίσασθαι
3335 820 3440 890 χρὴ
3482 820 3576 874 τὸν
3619 822 3736 875 δεό-

2153 923 2313 976 μενον
2349 907 2520 974 λόγων
2551 907 2661 976 (8|)
2693 908 2829 979 πρὸς
2855 908 2924 961 τά
2948 909 3159 962 Κέλσου
3209 909 3352 964 κατά
3392 914 3735 983 Χριστιανῶν

2151 995 2474 1066 ἐγκλήματα
2508 999 2564 1049 ὲν
2601 997 2822 1065 βιϐλίοις
2865 999 3352 1071 ἀναγραφομένων,
3377 1003 3484 1055 τῶν
3525 1003 3736 1059 ἀποκα-

2151 1085 2446 1139 θιστάντων
2477 1086 2636 1140 αὐτὸν
2679 1087 2787 1140 ἀπὸ
2827 1087 2920 1141 τοῦ
2969 1090 3111 1143 κατά
3147 1091 3245 1162 τὴν
3276 1093 3457 1147 πίστιν
3502 1099 3732 1168 σεισμοῦ

2148 1177 2240 1229 ἐπὶ
2281 1177 2343 1230 τὸ
2375 1177 2565 1247 στῆναι
2598 1179 2655 1230 ἐν
2695 1179 2854 1249 αὐτῇ.
2886 1181 3078 1250 Ὅμως
3107 1181 3151 1234 δ’
3176 1185 3298 1237 ἐπεὶ
3341 1186 3398 1238 ἐν
3425 1184 3503 1255 τῷ
3537 1188 3732 1259 πλήθει

2146 1267 2256 1320 τῶν
2289 1269 2561 1323 πιστεύειν
2587 1269 2957 1340 νομιζομένων
2986 1272 3256 1343 εὑρεθεῖεν
3289 1275 3354 1328 ἄν
3385 1293 3534 1341 τινες
3559 1280 3732 1332 τοιοῦ-

2145 1376 2247 1417 τοι.
2271 1359 2346 1422 ὡς
2379 1360 2695 1413 σαλεύεσθαι
2746 1362 2842 1432 μὲν
2892 1363 2986 1416 καὶ
3027 1365 3429 1436 ἀνατρέπεσθαι
3479 1369 3589 1422 ὑπὸ
3624 1372 3730 1426 τῶν

2146 1451 2355 1504 Κέλσου
2401 1452 2764 1524 γραμμάτων,
2803 1453 3200 1525 θεραπεύεσθαι
3237 1458 3295 1510 δὲ
3332 1460 3436 1512 ὑπὸ
3475 1462 3580 1532 τῆς
3619 1462 3726 1534 (82)

2150 1543 2288 1614 πρὸς
2319 1543 2459 1596 αὺτά
2488 1544 2806 1613 ἀπολογίας,
2847 1545 2939 1598 ἐὰν
2967 1547 3064 1617 ἔχῃ
3097 1551 3419 1622 χαρακτῆρά
3446 1571 3570 1604 τινα
3593 1554 3724 1607 καθ-

2147 1635 2421 1708 αιρετικὸν
2453 1635 2559 1688 τῶν
2597 1635 2827 1702 Κέλσου,
2886 1639 2980 1692 καὶ
3018 1640 3116 1710 τῆς
3144 1642 3398 1713 ἀληθείας
3441 1663 3723 1714 παραστα-

453 1753 578 1792 nem
609 1746 788 1790 tamen
814 1742 970 1804 puto,
1014 1733 1058 1788 si
1096 1735 1259 1788 modo
1303 1734 1354 1786 in
1391 1733 1731 1803 philos0phia
1774 1733 2026 1789 tantulum

2139 1733 2289 1784 τικδν
2317 1731 2386 1784 τὰ
2426 1731 2717 1803 λεγόμενα⁶
2773 1733 3138 1805 ἐλογισάμεθα
3185 1738 3476 1808 πεισθῆναί
3513 1759 3610 1794 σου
3659 1746 3720 1813 τῇ

451 1829 708 1899 profecit,
735 1828 875 1882 hanc
901 1825 978 1879 illi
1007 1825 1221 1879 laudem
1258 1841 1650 1879 concessurum
1681 1825 1815 1879 fore.

2143 1823 2456 1895 προστάξει,
2498 1825 2593 1877 καὶ
2634 1824 3006 1895 ὑπαγορεῦσαι
3047 1827 3184 1898 πρὸς
3231 1828 3259 1880 ὃ
3311 1828 3570 1899 ἔπεμψας
3597 1835 3723 1903 ἡμῖν

454 1920 828 1993 σύγγραμμα·
864 1919 1000 1992 ὅπερ
1027 1919 1127 1972 ούκ
1180 1915 1334 1990 οἶμαί
1366 1937 1488 1972 τινα
1534 1919 1641 1973 τῶν
1680 1921 1737 1972 ὲν
1771 1919 2080 1991 φιλοσοφίᾳ,
2115 1918 2217 1974 κᾶν
2261 1920 2349 1973 ἐπ’
2389 1919 2566 1988 ὀλίγον
2630 1921 3041 1993 προκοψάντων,
3097 1925 3538 1989 συγκαταθέσθαι
3589 1925 3721 1981 εἶναι

448 2019 634 2087 λόγον
658 2015 853 2085 ἀληθῆ
895 2016 1028 2087 (85),
1058 2017 1134 2080 ὡς
1172 2017 1485 2087 ἐπέγραψεν
1517 2019 1545 2071 ό
1575 2017 1804 2080 Κέλσος.

519 2113 574 2168 5.
603 2113 748 2169 Sane
793 2112 1014 2176 Paulus,
1049 2113 1135 2167 cui
1187 2129 1294 2168 uon
1347 2113 1550 2167 latebat
1600 2113 1770 2167 multa
1811 2127 1935 2168 esse
1976 2113 2030 2166 in

447 2207 796 2278 philosolihia
827 2205 1138 2260 Grmcorum
1169 2223 1273 2260 nou
1301 2208 1720 2274 contemnenda,
1757 2208 1862 2261 imo
1886 2223 2032 2277 quze,

450 2299 666 2353 tametsi
717 2298 880 2363 falsa,
943 2297 1126 2368 specie
1181 2309 1360 2352 tamen
1427 2299 1546 2353 veri
1601 2300 1785 2355 multis
1849 2300 2032 2355 fucum

445 2391 634 2444 facere
687 2392 915 2458 possint,
950 2391 1029 2445 sic
1079 2391 1145 2444 de
1193 2391 1300 2446 illis
1348 2391 1635 2461 loquitur:
1672 2410 1691 2443 ι
1731 2390 1924 2445 Videte
1959 2408 2030 2448 ne

445 2482 574 2549 quis
601 2497 696 2536 vos
728 2481 963 2550 decipiat
999 2494 1095 2550 per
1123 2481 1523 2550 philosophiam
1552 2489 1606 2535 et
1632 2482 1850 2536 inanem
1875 2481 2031 2534 falla-

445 2574 610 2636 ciam,
647 2572 946 2627 secundum
999 2572 1348 2626 traditionem
1395 2572 1702 2636 hominum,
1733 2574 2031 2627 secundum

444 2665 710 2719 elementa
742 2663 957 2728 mundi,
989 2674 1042 2717 et
1085 2679 1188 2716 non
1249 2665 1544 2718 secundum
1591 2662 1869 2718 Christum
1899 2664 1966 2719 ⁷⁸.
2005 2683 2025 2716 ι

449 2755 517 2809 Et
547 2771 780 2810 cernens
826 2756 880 2809 iu
927 2756 1272 2821 sermonibus
1324 2757 1602 2826 sapientiae
1637 2755 1797 2822 hujus
1840 2757 2028 2810 mundi

441 2847 616 2900 videri
657 2848 916 2917 quiddam
970 2846 1343 2916 magnificum,
1388 2848 1525 2901 dixit
1578 2848 2028 2917 philosophorum

444 2937 660 2991 illorum
693 2952 980 2992 sermones
1012 2952 1132 2990 esse
1167 2955 1184 2988 ι
1226 2938 1526 2991 secundum
1553 2938 1826 2993 elementa
1865 2937 2031 3006 hujus

446 3029 658 3082 mundi.
702 3047 721 3080 ι
751 3029 820 3080 At
848 3026 988 3081 Celsi
1021 3027 1223 3095 scripta
1265 3043 1425 3080 uerno
1456 3041 1605 3080 sana:
1639 3027 1839 3080 mentis
1878 3028 2031 3081 dixe—

447 3119 520 3172 rit
550 3133 672 3171 esse
721 3135 740 3168 ‹
780 3117 1077 3171 secundum
1128 3117 1397 3171 elementa
1448 3118 1610 3187 hujus
1659 3118 1866 3173 mundi.
1905 3137 1924 3169 ι
1961 3118 2030 3171 Ει

444 3209 536 3262 illa
577 3208 795 3276 quidem
827 3208 1274 3276 philosophorum
1305 3209 1531 3276 scripta,
1586 3209 1730 3279 quod
1766 3210 2024 3278 quiddam

442 3299 607 3351 fallax
633 3309 687 3352 et
712 3299 1015 3368 captiosum
1051 3312 1162 3365 ιιι-ω
1195 3313 1253 3354 se
1307 3298 1503 3361 ferant,
1536 3318 1554 3350 ‹
1596 3300 1812 3354 inanem
1866 3300 2025 3354 falla-

2218 2111 2278 2163 Ὀ
2309 2111 2405 2181 μὲν
2439 2104 2530 2164 οῦν
2564 2107 2796 2171 Παῦλος,
2838 2107 3083 2172 συνιδὼν,
3113 2109 3194 2162 ὅτι
3232 2109 3377 2163 ἐστὶν
3418 2111 3479 2163 ὲν
3510 2110 3718 2180 φιλοσο-

2137 2201 2235 2271 φία
2261 2199 2512 2270 ἑλληνικῇ
2538 2199 2637 2251 οὐκ
2667 2197 3112 2270 εὐκαταφρόνητα
3130 2201 3241 2260 τοῖς
3265 2198 3480 2262 πολλοῖς
3499 2198 3712 2263 πιθανὰ,

2137 2292 2477 2363 παριστάντα
2507 2291 2569 2344 τὸ
2604 2290 2798 2360 ψεῦδος
2827 2291 2902 2354 ὡς
2941 2291 3198 2362 ἀλήθειαν
3233 2291 3370 2363 (84),
3417 2294 3587 2362 φησὶν
3633 2294 3715 2345 ἐπ’

2134 2383 2363 2446 ἐκείνοις
2387 2383 2446 2436 τό
2466 2399 2479 2412 ·
2527 2401 2545 2434 ι
2579 2382 2813 2434 Βλέπετε
2843 2381 2915 2452 μή
2942 2399 3026 2443 τις
3056 2381 3199 2451 ὑμᾶς
3230 2381 3381 2434 ἔσται
3409 2384 3436 2435 ὁ
3474 2382 3713 2449 συλαγω-

2133 2475 2246 2545 γῶν
2271 2475 2356 2528 διὰ
2380 2475 2480 2545 τῆς
2513 2473 2827 2543 φιλοσοφίας
2864 2474 2957 2526 καὶ
2984 2473 3150 2542 κενῆς
3175 2472 3408 2543 ἀπάτης,
3441 2473 3592 2527 κατὰ
3621 2472 3713 2542 τὴν

2133 2567 2431 2638 παράδοσιν
2476 2566 2588 2618 τῶν
2641 2563 2966 2635 ἀνθρώπων,
3016 2563 3158 2616 κατά
3211 2563 3280 2615 τὰ
3325 2566 3569 2633 στοιχεῖα
3621 2563 3711 2616 τοῦ

2133 2660 2362 2730 κόσμου,
2403 2658 2496 2710 καὶ
2537 2656 2597 2708 οὐ
2643 2654 2786 2708 κατά
2827 2653 3080 2726 Χριστόν.
3122 2673 3141 2704 ι
3178 2654 3287 2706 Καὶ
3324 2653 3468 2724 ὀρῶν
3505 2656 3566 2706 ἐν
3604 2656 3710 2716 τοῖς

2131 2751 2312 2818 λόγοις
2334 2749 2432 2820 τῆς
2459 2746 2553 2800 τοῦ
2583 2746 2790 2816 κόσμου
2823 2744 3014 2814 σοφίας
3039 2743 3438 2814 ὲμφαινόμενόν
3471 2762 3529 2798 τι
3557 2744 3709 2816 μέγε-

2133 2843 2245 2906 οος,
2295 2838 2446 2894 εἶπεν
2472 2837 2609 2892 εἶναι
2647 2838 2774 2900 τοὺς
2801 2836 2990 2904 λόγους
3018 2836 3126 2889 τῶν
3166 2835 3468 2906 φιλοσόφων
3509 2855 3530 2887 ‹
3577 2836 3707 2890 κατά

2129 2934 2198 2988 τὰ
2238 2935 2475 3003 στοιχεῖα
2509 2930 2620 3001 (85)
2665 2928 2758 2982 τοῦ
2807 2929 3036 3000 κόσμου.
3073 2947 3091 2978 ι
3136 2928 3323 2990 Οὐδεὶς
3350 2927 3406 2980 δὲ
3448 2927 3564 2981 τῶν
3592 2927 3707 2982 νοῦν

2129 3027 2361 3096 ἐχόντων
2406 3025 2573 3094 φήσαι
2603 3022 2668 3075 ἂν
2702 3021 2794 3074 καὶ
2824 3022 2891 3074 τά
2913 3020 3121 3073 Κέλσου
3154 3038 3172 3070 ι
3204 3018 3344 3072 κατά
3368 3019 3437 3073 τά
3470 3021 3706 3090 στοιχεῖα

2129 3117 2221 3169 τοῦ
2259 3116 2463 3186 κόσμου
2502 3134 2518 3164 ι
2541 3110 3075 3186 εἷναιγεγραμμένα.
3101 3113 3348 3165 Κάκείνα
3382 3112 3502 3178 μὲν,
3521 3110 3707 3182 ἔχοντά

2127 3227 2179 3262 τι
2207 3209 2504 3279 ἀπατηλὸν,
2536 3209 2629 3261 καὶ
2669 3226 2688 3258 ι
2728 3207 2888 3278 κενὴν
2930 3205 3147 3276 ἀπάτην
3193 3225 3212 3257 ›
3252 3206 3524 3276 ὠνόμασε,
3573 3205 3704 3276 τάχα

2127 3302 2266 3374 πρὸς
2288 3299 2692 3371 ἁντιδιαστολὴν
2737 3300 2952 3370 ἀπάτης
2980 3300 3124 3362 τινὸς
3147 3301 3208 3351 οὐ
3237 3299 3400 3368 κενῆς
3421 3315 3434 3329 ·
3471 3301 3540 3370 ἢν
3583 3301 3704 3353 θεω-

441 3393 582 3444 ciam
625 3410 644 3442 ι
677 3390 936 3453 vocavit;
974 3389 1117 3444 forte
1159 3400 1218 3444 ut
1267 3390 1409 3442 illam
1439 3391 1504 3444 ab
1532 3391 1634 3444 alia
1680 3391 1894 3446 fallacia
1936 3393 2016 3446 di-

2136 3397 2304 3467 ρήσας
2351 3395 2378 3446 ὁ
2415 3393 2703 3464 Ἱερεμίας,
2738 3391 3002 3462 ἐτόλμησε
3059 3389 3196 3460 πρὸς
3240 3389 3371 3442 Θεὸν
3399 3392 3578 3444 εἰπεῖν
3609 3390 3700 3442 τό⁶

441 3483 746 3553 stingueret
773 3499 894 3551 qua:
931 3496 1037 3535 non
1072 3489 1157 3535 est
1181 3481 1382 3545 inanis,
1423 3497 1697 3552 quamque
1729 3485 1780 3536 iu
1832 3485 2016 3539 animo

439 3575 647 3632 habens
676 3572 968 3634 Jeretuias.
1003 3574 1114 3628 Deo
1156 3575 1338 3628 dicere
1367 3589 1531 3627 ausus
1559 3584 1640 3628 est
1670 3592 1683 3626 :
1719 3594 1738 3625 ‹
1778 3576 2017 3631 Seduxi-

438 3669 507 3723 sti
538 3683 645 3732 me,
679 3667 922 3731 Domine,
953 3676 1008 3720 et
1035 3665 1202 3736 318
1229 3667 1485 3720 seductus
1529 3680 1672 3728 sum,
1709 3664 1900 3719 fortior
1935 3681 2020 3720 me

437 3760 584 3813 fuisti
620 3770 674 3813 et
705 3758 979 3812 iuvaluisti
1013 3759 1083 3810 ⁷⁷.
1123 3776 1143 3811 ›
1179 3757 1402 3811 AtCelsi
1436 3756 1637 3824 scripta
1669 3757 1870 3810 nullam
1913 3757 2020 3810 fal-

437 3849 630 3903 laciam
670 3849 872 3902 habere
897 3849 1029 3901 mihi
1064 3849 1338 3913 videntur,
1375 3857 1539 3917 atque
1567 3850 1702 3904 adeo
1729 3865 1793 3903 ne
1823 3865 2017 3902 vanam

436 3942 680 4008 quidem,
742 3941 922 4008 qualis
953 3956 1141 3994 eorum
1170 3940 1612 4011 philOSOphorum
1641 3952 1750 4006 est,
1792 3943 1883 4009 qui
1931 3957 2020 3996 se-

433 4042 643 4088 ctarum
686 4041 938 4085 auctores
975 4031 1154 4096 fuere,
1196 4033 1399 4102 quique
1448 4036 1515 4088 ad
1552 4049 1642 4088 res
1693 4034 2006 4103 bujusmodi

503 4151 551 4185 ⁷⁸
578 4149 784 4206 Coloss.
835 4163 895 4213 rt,
939 4147 994 4202 8.
1062 4148 1106 4180 ⁷⁷
1137 4146 1334 4204 Jerem.
1365 4165 1458 4213 xx,
1490 4149 1542 4202 7.

502 4271 616 4340 (Si)
649 4271 875 4339 Λόγων.
909 4270 1002 4324 Sic
1025 4283 1214 4340 omnes
1245 4282 1402 4332 mss.,
1425 4276 1656 4340 excepto
1687 4265 1900 4323 Joliano
1923 4271 2016 4338 qui

432 4338 722 4408 utramque
747 4338 1063 4403 lectionem,
1089 4338 1247 4407 λόγου
1298 4349 1354 4392 et
1399 4354 1560 4407 supra
1602 4338 1796 4406 λόγων,
1829 4342 2008 4394 habet.

2131 3507 2150 3540 ι
2193 3487 2507 3558 Ἢπάτησάς
2541 3504 2628 3556 με,
2670 3484 2862 3554 Κύριε,
2897 3484 2991 3537 καὶ
3025 3481 3309 3554 ἠπατήθην
3330 3499 3343 3512 ·
3375 3484 3698 3556 ἐκράτησας,

2127 3583 2219 3635 καὶ
2267 3580 2556 3651 ὴδυνήθης.
2614 3599 2631 3630 ι
2689 3579 2769 3631 Τά
2817 3579 2874 3630 δὲ
2923 3578 3132 3631 Κέλσου
3188 3577 3438 3648 οὐδαμῶς
3493 3579 3701 3646 ἀπάτην

2129 3673 2270 3742 ἔχειν
2303 3689 2390 3742 μοι
2415 3673 2682 3740 φαίνεται,
2718 3670 2798 3722 διὸ
2835 3670 2956 3722 οὐδὲ
3008 3672 3204 3742 κενήνο
3256 3668 3444 3721 ὁποίαν
3491 3669 3606 3738 ἔχει
3639 3667 3700 3718 τὰ

2126 3763 2234 3816 τῶν
2267 3763 2508 3833 αἱρέσεις
2554 3763 2613 3814 ὲν
2646 3761 2933 3831 φιλοσοφία
2983 3759 3270 3831 πηξάντων
3319 3758 3431 3829 (86)
3469 3761 3565 3812 καὶ
3614 3757 3698 3808 τὸν

2125 3854 2248 3908 νοῦν
2295 3855 2355 3906 ού
2394 3853 2486 3906 τὸν
2509 3853 2740 3922 τυχόντα
2771 3853 2891 3904 κατ’
2922 3854 3107 3905 ἐκεῖνα
3155 3851 3544 3920 ἀνειληφότων.
3597 3848 3700 3901 Καὶ

2125 3945 2313 4015 ὥσπερ
2335 3944 2396 3996 οὐ
2424 3945 2484 3996 τὸ
2516 3944 2677 4014 τυχὸν
2695 3943 2819 4012 ,τῶν
2844 3943 3187 4014 ψευδομένων
3222 3945 3280 3995 ἐν
3311 3942 3698 4014 γεωμετρικοῖς

2125 4036 2440 4107 θεωρήμασι
2489 4035 3031 4106 ψευδογραφούμενόν
3061 4035 3170 4104 (87)
3220 4052 3303 4098 τις
3347 4034 3413 4087 ἂν
3450 4033 3619 4102 λέγοι,
3664 4028 3694 4098 ἢ

2123 4284 2224 4340 pro
2259 4283 2386 4340 vero
2419 4281 2676 4340 sermone
2705 4280 2798 4340 seu
2847 4279 2994 4340 vera
3018 4263 3280 4340 historia.
3335 4262 3689 4329 Quamobrem

2125 4335 2229 4394 imu
2287 4339 2425 4392 male
2469 4339 2608 4392 Celsi
2665 4336 2820 4405 λόγος
2863 4335 3070 4406 ἀληθής
3105 4335 3242 4406 verti
3294 4342 3470 4400 potest
3512 4350 3530 4382 ι
3574 4346 3689 4385 vera

431 4387 772 4466 ll'mscltelius
806 4422 996 4464 contra
1049 4387 1105 4463 iu
1160 4387 1306 4463 iequ
1361 4387 1561 4478 posuit,
1618 4387 1798 4476 λό’γουξ
1846 4420 1898 4462 et
1945 4412 2009 4463 ad

2140 4387 2372 4468 iistoria,
2411 4428 2432 4460 ι
2468 4419 2564 4460 aut
2593 4427 2610 4459 ι
2642 4387 2823 4460 serit";
2862 4387 3094 4478 verbs;
3130 4387 3621 4478 CarruttfiNNEutUs:

431 4498 582 4534 oram
611 4481 804 4547 λόγων.
843 4481 1009 4533 Paulo
1047 4491 1168 4549 post
1193 4490 1300 4534 tres
1338 4496 1495 4542 russ.,
1547 4480 1604 4532 ὲν
1641 4479 1842 4548 βίϐλοις
1881 4481 2013 4533 ἀνα-

432 4552 825 4622 γραφομένων,
846 4549 1038 4622 Caneri
1067 4566 1198 4622 cum
1220 4550 1398 4622 editis,
1434 4549 1745 4622 évﬁtmiorg
1773 4552 2015 4622 ἀναγρα-

435 4619 702 4689 φομένων.
755 4619 958 4689 l-uidem
1002 4628 1128 4672 ante
1177 4619 1660 4673 ἀποκαθιστάντων
1712 4632 1826 4674 tres
1882 4619 2011 4675 uiss.

434 4688 694 4742 uuiiltuut
722 4688 855 4753 τῶν,
899 4699 954 4740 et
992 4691 1109 4743 siue
1139 4702 1333 4743 sensus
1365 4690 1651 4758 diSpeudio
1686 4690 1878 4744 abesse
1917 4706 2011 4759 po-

440 4771 567 4813 IOSI.

505 4828 800 4900 (sat'mo
827 4829 1093 4900 tﬁgctc.
1125 4827 1214 4882 Sic
1242 4828 1348 4882 duo
1377 4825 1536 4900 codd:
1561 4826 1884 4900 Anglicani,
1915 4843 2014 4900 nec

433 4895 810 4952 aliter-'Gttieto
851 4895 1204 4952 scribendum
1243 4900 1476 4951 videtur.
1512 4895 1851 4959 Libb.’editi,
1903 4897 2012 4950 ἀπὸ

432 4969 552 5040 τῆς,
578 4981 686 5021 etc.
724 5037 733 5040 _
841 5018 856 5027 ,

507 5042 618 5109 (δῦ)
649 5037 843 5109 Λόγον
876 5035 1095 5104 ἀληθῆ.
1115 5038 1362 5109 Aliquam
1401 5036 1541 5092 forte
1577 5035 1844 5109 ambigure
1865 5036 2012 5091 vocis

431 5103 1004 5177 Mfog'siguilicatioui
1034 5103 1428 5160 Iuccufaﬂ‘erre
1454 5103 1846 5177 possitlujiaui
1884 5121 2012 5177 apo-

431 5174 584 5232 stasa:
609 5178 759 5231 l0cus
799 5179 850 5229 iu
878 5178 1040 5246 epist.
1067 5177 1132 5228 ad
1172 5178 1448 5228 Amerium
1483 5191 1606 5246 pag.
1635 5175 1772 5246 9.75.
1796 5174 2012 5246 Ἀνδρος

431 5249 569 5301 εἴπω
605 5247 769 5316 σοφοῦ
805 5245 993 5317 μῦθον,
1027 5245 1136 5317 εἴτε
1161 5246 1224 5317 δὴ
1254 5246 1409 5312 λόγον
1455 5245 1647 5315 ἀληθῆ.
1685 5263 1703 5294 ι
1742 5243 2012 5309 Sapientis

431 5315 710 5383 cujusdam
759 5315 863 5370 viri
917 5315 1180 5379 fabulam,
1214 5315 1302 5368 vel
1345 5319 1524 5384 potius
1575 5331 1759 5367 verum
1797 5330 2012 5384 sermo-

433 5381 577 5451 nem,
616 5407 634 5438 ι
672 5389 721 5441 id
762 5397 866 5451 est,
909 5401 1090 5439 veram
1116 5381 1425 5440 historiam.
1453 5385 1542 5438 Sic
1568 5384 1840 5436 Plutarch.
1872 5381 2014 5436 Con.

431 5459 693 5540 so!at._r_td
719 5458 963 5540 Apollon}.
992 5456 1130 5540 (lina).
1161 5457 1322 5540 ripe
1349 5454 1496 5540 παρξι
1524 5453 1773 5540 Πλάτωνι
1799 5453 2014 5540 Σωκρά-

429 5543 560 5604 της·
593 5529 790 5579 ’Ἄκουε
839 5525 983 5596 μάλα
1026 5524 1190 5579 καλοῦ
1239 5524 1517 5610 λκόιίουλ⁷ὂν
1559 5525 1623 5576 σὺ
1681 5524 1779 5593 μὲν
1832 5525 2012 5643 in?“

437 5595 623 5666 μυθον,
677 5595 787 5664 ὲγὼ
819 5596 875 5648 δὲ
921 5596 1110 5666 λόγον·
1144 5597 1219 5659 ὡς
1252 5594 1426 5666 ἀληθη
1458 5611 1567 5666 γαρ
1598 5594 1726 5666 ὄντα
1760 5609 1839 5644 σοι
1876 5592 1905 5666 λ
1939 5593 2013 5656 ξω

499 5664 674 5730 μέλλω
694 5662 895 5732 λέγειν.
939 5662 1039 5721 Ubi
1085 5667 1241 5735 λόγος
1271 5662 1553 5736 oppositus
1588 5664 1742 5734 μύθῳ
1767 5662 2010 5718 sumitur

2189 4478 2300 4550 (8i)
2329 4478 2513 4532 Codex
2541 4479 2703 4547 ch.,
2735 4474 3086 4548 παριστῶντα
3116 4475 3177 4528 τὸ
3223 4473 3419 4544 ψεῦδος
3459 4475 3538 4535 εἰς
3567 4471 3691 4540 ἀλή-

2117 4552 2289 4603 θειαν.

2187 4619 2300 4688 (δὸ)
2329 4616 2491 4671 Κατὰ
2513 4616 2583 4670 τὰ
2606 4615 2894 4688 στοιχεῖα.
2919 4615 3112 4688 Guleto
3135 4613 3689 4688 perperamqscribenn—

2115 4681 2242 4745 dum
2281 4681 2514 4748 videtur,
2550 4689 2643 4740 καὶ
2678 4681 3036 4755 τὰστοιχεῖα.
3076 4681 3247 4755 Paulo
3269 4694 3389 4750 post
3415 4686 3518 4738 duo
3534 4681 3682 4737 codd.

2122 4757 2364 4812 Vaticani
2405 4768 2457 4809 et
2492 4758 2710 4825 Regius,
2764 4754 2931 4827 φήσαι
2983 4755 3069 4808 ἄν.
3126 4754 3336 4822 Reliqui
3382 4770 3504 4809 cum
3561 4755 3683 4805 libb.

2115 4830 2297 4886 editis.
2325 4827 2547 4896 φήσειεν
2580 4827 2666 4881 ἄν.

2187 4893 2680 4968 (86)Πὴξάντων.
2706 4896 3008 4968 Dubitabat
3049 4895 3282 4950 Guictus
3322 4893 3684 4968 an__scriben-

2116 4963 2242 5019 duiu
2279 4963 2460 5035 'furet,
2521 4967 2887 5035 ποιησάντων,
2938 4977 2992 5018 at
3047 4969 3246 5018 frustra
3309 4963 3682 5018 sollicitaretur

2115 5051 2215 5088 vox
2250 5034 2560 5106 πηξάντων,
2593 5034 2714 5104 qua:
2761 5037 2922 5102 paulo
2967 5047 3088 5104 post
3131 5038 3292 5087 etiam
3328 5035 3605 5100 repetitur,
3635 5039 3683 5082 et

2115 5121 2218 5178 qua
2247 5107 2846 5178 optimedesignantur
2877 5115 3150 5178 sectarum
3191 5113 3462 5178 auctores.
3519 5173 3531 5178 _
3645 5167 3655 5178 .

2187 5176 2298 5246 (s7)
2345 5173 2974 5245 Ψευδοκοᾱρούμενον.
3025 5194 3044 5226 ι
3095 5175 3214 5237 Est,
3255 5174 3468 5246 opinor.
3519 5173 3680 5238 inquit

2116 5245 2464 5301 doctiSSitnus
2495 5247 2994 5316 Capperouuerius,
3051 5245 3445 5313 paralogismus
3475 5253 3680 5316 geome-

2115 5321 2281 5369 tricus
2310 5317 2401 5385 qui
2435 5312 2652 5370 veris'et
2683 5318 2956 5368 accuratis
2998 5312 3062 5367 in
3091 5317 3347 5382 speciem,
3385 5318 3487 5385 sed
3513 5312 3677 5385 τείρεα

2115 5385 2270 5439 falsis
2310 5380 2364 5439 et
2390 5386 2567 5439 minus
2609 5387 2879 5447 accuratis
2907 5380 3203 5454 figurarum
3236 5380 3678 5456 tleliueatiouihuS

2115 5456 2390 5508 innititur.
2437 5456 2578 5508 Idem
2630 5464 2850 5521 priestat
2903 5449 2969 5508 iu"
3002 5455 3296 5522 geometria
3331 5453 3472 5518 quod
3502 5449 3676 5522 scphi—

2113 5543 2226 5597 sitia
2255 5527 2304 5578 iu
2335 5518 3118 5597 dialecticis—.rFirmaripotest
3149 5527 3261 5597 lucc
3289 5522 3554 5597 esposttio
3573 5518 3678 5597 ulu-

2116 5596 2263 5649 ribus
2310 5610 2375 5647 ac
2413 5595 2632 5648 disertis
2684 5590 2993 5648 Aristotelis
3045 5593 3370 5646 testimoniis
3417 5605 3434 5644 ι
3483 5590 3676 5651 Topica,

2115 5681 2163 5718 c.
2203 5666 2254 5719 1.
2289 5662 2425 5718 Οὔτε
2461 5663 2566 5733 γὰρ
2593 5663 2652 5729 ἐξ
2687 5663 2904 5735 ἀληθῶν
2933 5663 3026 5717 καὶ
3053 5661 3284 5733 πρώτων
3319 5659 3680 5728 συλλογίζεται
