3988 6156
342 251 442 307 649

1552 247 1830 305 CONTRA
1858 242 2137 303 CELSUM
2178 244 2306 300 LIB.
2346 243 2388 296 l.

3493 246 3600 303 650

338 372 433 427 καὶ
457 369 763 440 ἀναγράφοι
797 366 1094 437 γυμνασίου
1119 367 1306 420 ἕνεκεν
1342 365 1436 418 τοῦ
1482 366 1590 418 ἀπὸ
1631 364 1884 419 τοιούτων
1904 381 1917 394 ·

2034 361 2301 432 ingenium
2327 375 2435 416 non
2479 357 2697 426 vulgare
2729 357 3043 416 attulerunt.
3075 357 3208 413 Nam
3242 361 3602 429 quemadmo-

332 460 510 522 οὕτως
546 456 900 528 παραπλήσια
942 451 1080 508 εἶναι
1114 453 1219 524 χρὴ
1242 455 1353 516 τοῖς
1393 451 1499 504 τῶν
1539 449 1776 520 αἱρέσεις
1817 466 1923 519 πη-

335 554 543 620 ’ξάντων
591 551 648 601 ὲν
681 548 968 618 φιλοσοφίᾳ
1007 547 1265 616 νοήμασι,
1297 544 1367 597 τὰ
1400 544 1666 615 μέλλοντα
1718 542 1920 613 ὁμοίως

341 643 569 704 ἐκείνοις
613 639 863 708 λέγεσθαι
914 656 932 689 ι
995 638 1157 708 κενὴν
1207 637 1424 705 ἀπάτην
1473 635 1564 688 καὶ
1627 635 1922 706 παράδοσιν

333 732 646 805 ἀνθρώπιον
681 730 820 784 κατά
846 729 915 782 τὰ
950 730 1187 797 στοιχεῖα
1211 727 1305 779 τοῦ
1343 727 1572 796 κόσμου.
1619 743 1636 775 ι

2029 455 2156 508 dum
2183 467 2289 507 non
2317 451 2618 522 quamlibet
2650 450 2839 504 falsam
2893 452 2944 503 in
2992 453 3341 521 geometricis
3373 455 3595 510 theore..

2015 545 2267 601 ﬁnalibus
2299 544 2746 615 propositionem,
2788 545 3212 613 pseudograplne
3247 547 3466 601 nomine
3499 564 3598 618 ap-

2030 637 2313 704 pellaverit
2365 636 2656 706 quispiam,
2701 647 2791 687 aut
2825 637 3154 692 describeret
3204 637 3270 691 iis
3292 639 3383 706 qui
3432 655 3493 694 se
3545 640 3599 695 in

2039 726 2144 779 hac
2173 727 2400 781 scientia
2441 735 2694 781 exercent
2716 744 2728 778 :
2751 725 2847 788 sic,
2876 737 2934 778 ut.
2958 740 3122 794 Opera
3149 727 3419 793 quaedam,
3453 729 3602 783 velut

347 841 541 880 eorum
571 825 664 892 qui
707 832 982 878 sectarum
1018 823 1071 875 in
1107 820 1444 889 philosOphia
1489 829 1740 888 parentes
1779 819 2021 889 fuerunt,
2071 836 2091 871 ι
2132 821 2312 876 inanis
2361 821 2575 875 fallacia
2623 831 2676 873 et
2722 819 2940 875 traditio
2977 820 3252 875 hominum
3301 823 3601 878 secundum

341 918 612 972 elementa
643 916 827 969 mundi
869 933 888 967 ι
922 913 1199 976 dicantur,
1233 922 1452 981 oportet
1486 922 1543 966 ut
1568 913 1756 967 eadem
1785 923 1901 967 arte
1922 915 2228 984 composita
2265 913 2491 966 fuerint.

414 1008 587 1061 Τοῦτο
611 1008 667 1060 δὲ
695 1007 754 1060 τὸ
776 1007 1077 1077 προοίμιον,
1099 1009 1237 1077 μετὰ
1256 1005 1316 1058 τὺ
1344 1002 1712 1076 ὑπαγορεῦσαι
1740 1006 1917 1061 πάντα

341 1100 413 1154 τά
456 1100 616 1170 μέχρι
640 1098 740 1169 τῆς
780 1098 929 1168 παρά
971 1094 1162 1167 Κέλσῳ
1204 1096 1314 1169 (88)
1349 1090 1441 1149 τοῦ
1485 1098 1740 1150 Ἰουδαίου
1785 1096 1922 1169 πρὸς

340 1192 434 1245 τὸν
471 1190 677 1259 Ἰησοῦν
691 1190 1149 1260 προσωποποιίας,
1177 1188 1351 1254 ἔδοξεν
1378 1192 1510 1260 ἡμῖν
1534 1190 1797 1261 προτάξαι
1821 1191 1921 1260 τῆς

341 1283 525 1355 ἀρχῆς
545 1299 558 1311 ·
588 1281 653 1334 ἵν’
679 1282 828 1352 αὐτῴ
857 1283 1266 1354 προεντυγχάνῃ
1298 1281 1325 1333 ὁ
1366 1283 1815 1352 ἀναγνωσόμενος
1855 1284 1924 1338 τὰ

342 1375 482 1444 πρὸς
536 1371 740 1424 Κέλσον
775 1374 903 1441 ἡμῖν
932 1371 1389 1442 ὑπαγορευθέντα,
1447 1374 1539 1426 καὶ
1583 1374 1685 1444 ἴδῃ,
1728 1375 1808 1427 ὅτι
1858 1372 1918 1428 οὐ

345 1465 491 1518 ’πάνυ
543 1465 753 1526 πιστοῖς
793 1463 1101 1532 γέγραπται
1155 1463 1216 1516 τὸ
1261 1464 1462 1533 βιϐλίον
1512 1465 1688 1529 τοῦτο,
1737 1466 1917 1538 ἀλλ’ἢ

341 1554 530 1606 τέλεον
561 1553 847 1621 ἀγεύστοις
886 1554 988 1623 τῆς
1022 1556 1098 1617 εἰς
1127 1553 1362 1624 Χριστὸν
1417 1556 1673 1621 πίστεως,
1713 1556 1745 1628 ἢ
1787 1554 1919 1622 τοῖς,

342 1647 424 1710 ὡς
449 1649 476 1700 6
521 1645 840 1708 Ἀπόστολος
885 1646 1187 1716 ὠνόμασεν,
1220 1666 1236 1697 ι
1280 1648 1593 1703 ἀσθενοῦσιν
1627 1651 1684 1702 ὲν
1722 1653 1787 1722 τῇ
1834 1651 1922 1702 πί-

344 1758 482 1794 στει.
538 1758 556 1790 ι
613 1735 747 1791 Εἶπε
800 1738 844 1791 δ’
885 1737 1087 1800 οὕτως’
1150 1759 1168 1789 ι
1221 1739 1322 1793 Τὸν
1380 1740 1425 1793 δ’
1479 1739 1806 1794 ἀσθενοῦντα
1852 1744 1918 1812 τῇ

343 1832 529 1886 πίστει
598 1829 1099 1900 προσλαμϐάνεσθε.
1163 1849 1180 1881 ι
1239 1830 1688 1901 ’Λπολογησάσθω
1750 1831 1806 1885 δὲ
1863 1830 1924 1884 τὸ

344 1920 650 1992 προοίμιον,
700 1920 780 1972 ὅτι
837 1917 972 1992 ἄλλῃ
1023 1919 1121 1989 μὲν
1169 1919 1423 1990 προθέσει
1469 1921 1567 1991 τὴν
1611 1921 1784 1992 ἀρχὴν
1817 1921 1924 1974 τῶν

345 2011 488 2083 πρὸς
522 2009 727 2064 Κέλσον
770 2010 1241 2081 ὖπηγορεύσαμεν,
1296 2011 1426 2083 ἄλλῃ
1474 2011 1529 2064 δὲ
1565 2011 1634 2064 τὰ
1662 2010 1797 2081 μετὰ
1825 2012 1924 2082 τὴν

343 2099 540 2169 ἀρχήν.
583 2098 860 2168 Πρότερον
907 2098 1003 2168 μὲν
1049 2099 1156 2170 γὰρ
1187 2101 1528 2171 ἐσκοποῦμεν
1575 2101 1922 2172 ὑποσημειώ-

346 2188 638 2242 σασθαιτὰ
670 2189 958 2258 κεφάλαια,
990 2191 1082 2242 καὶ¹
1113 2190 1199 2243 διὰ
1224 2191 1469 2262 βραχέων
1506 2191 1575 2244 τὰ
1614 2193 1748 2264 πρὸς
1785 2191 1924 2246 αὐτὰ

345 2279 637 2351 λεγόμενα,
663 2277 780 2335 εἶτα
805 2282 942 2353 μετὰ
972 2282 1131 2336 τοῦτο
1165 2284 1605 2353 σωματοποιῆσαι-
1630 2284 1720 2337 τὸν
1746 2283 1922 2352 λόγον·

345 2373 573 2444 ὓστερον
605 2374 648 2427 δ’
678 2375 816 2427 αὐτὰ
858 2374 927 2428 τὰ
962 2373 1261 2445 πράγματα
1302 2375 1572 2428 ὑπέϐαλεν
1609 2377 1763 2444 ἡμῖν,
1803 2393 1924 2444 φει-

342 2467 591 2536 δομένοις
622 2467 835 2537 χρόνου,
870 2465 1201 2535 ἀρκεσθῆναι
1239 2467 1335 2531 μὲν
1374 2468 1487 2528 τοῖς
1535 2466 1676 2518 κατὰ
1707 2465 1803 2536 τὴν
1831 2469 1928 2538 ἀρ-

347 2557 448 2627 χὴν
475 2556 647 2617 οὕτως
673 2555 1140 2624 ὑπαγορευθεῖσιν,
1174 2555 1226 2604 ἐν
1265 2555 1320 2607 δὲ
1360 2557 1474 2615 τοῖς
1503 2553 1650 2622 ἑξῆς,
1685 2554 1826 2607 κατά
1867 2554 1928 2608 τὸ

349 2645 576 2699 δυνατὸν
619 2648 774 2715 ἡμῖν,
823 2643 1212 2716 ωγγραφικῶς
1259 2644 1631 2712 ἀγωνίσασθαι
1678 2646 1815 2716 πρὸς
1859 2645 1930 2699 τὰ

351 2736 562 2789 Κέλσου
587 2737 709 2791 καθ’
734 2737 889 2808 ήμῶν
913 2736 1250 2807 ἐγκλήματα.
1280 2737 1480 2808 Διόπερ
1501 2737 1764 2808 -αίτοῦμεν
1800 2755 1930 2807 συγ-

351 2825 576 2897 γνώμην
620 2827 712 2879 sui.
736 2831 800 2898 τῇ
845 2829 986 2897 ἀρχῇ
1040 2827 1148 2878 τῶν
1197 2825 1334 2896 μετὰ
1361 2825 1420 2878 τὸ
1455 2827 1758 2896 προοίμιον.
1803 2827 1929 2880 Ἐὰν

349 2915 409 2970 δὲ
459 2917 532 2988 μὴ
573 2917 797 2987 κινηθῇς
841 2918 934 2970 καὶ
969 2916 1072 2968 ὑπὸ
1117 2916 1228 2970 τῶν
1276 2917 1401 2986 ἑξῆς
1447 2917 1928 2988 ὑπαγορευθέντων

349 3006 664 3078 ἀνυσίμως,
710 3007 806 3060 καὶ
855 3007 940 3057 ὲπῒ
981 3007 1164 3069 αὐτοῖς
1216 3006 1314 3076 τὴν
1361 3006 1552 3076 ὁμοίαν
1601 3007 1928 3078 συγγνώμην

350 3096 538 3160 αἰτῶν,
562 3095 872 3166 ἀναπέμπω
907 3111 986 3158 σε,
1026 3094 1120 3146 ἐάν
1155 3110 1262 3165 περ
1300 3094 1378 3146 ἔτι
1430 3094 1590 3165 θέλῃς
1619 3095 1686 3147 δι’
1722 3095 1926 3164 ὑπαγο-

355 3189 591 3260 ρεύσεων
632 3188 731 3251 τὰς
774 3186 955 3248 λύσεις
989 3202 1070 3239 σοι
1115 3185 1225 3239 τῶν
1269 3187 1478 3238 Κέλσου
1531 3187 1781 3254 γενέσθαι
1835 3187 1925 3241 λό-

351 3297 484 3348 γων,
514 3279 607 3331 ἐπί
648 3280 774 3340 τοὺς
802 3277 959 3347 ήμῶν
995 3275 1386 3346 συνετωτέρους
1419 3277 1512 3329 καὶ
1533 3276 1807 3341 δυνατοὺς,
1837 3277 1924 3331 διὰ

349 3371 546 3434 λέξεων
573 3370 665 3423 καὶ
710 3369 926 3439 βιϐλίων
960 3369 1281 3439 ἀνατρέπειν
1326 3369 1655 3438 δυναμένους
1689 3368 1757 3422 τὰ
1799 3369 1922 3422 καθ’

1957 1888 1998 1942 Β

2102 1007 2156 1062 6.
2213 1007 2333 1061 Jam
2364 1023 2428 1064 eo
2466 1024 2582 1060 utea
2619 1008 2732 1061 bazc
2792 1008 3037 1062 defensio
3096 1017 3446 1076 pervenerat,
3504 1010 3598 1066 ubi

2027 1097 2216 1153 Celsus
2244 1097 2485 1153 ludit-um
2516 1114 2637 1153 cum
2669 1097 2794 1152 .Iesu
2824 1097 3186 1166 disputantem
3220 1097 3448 1165 inducit,
3476 1117 3598 1155 cum

2029 1192 2082 1246 in
2113 1199 2348 1244 mentem
2379 1190 2526 1244 venit
2559 1191 2696 1242 hanc
2723 1189 3102 1243 Praafationem
3128 1199 3253 1243 ante
3281 1192 3464 1258 operis
3499 1193 3604 1246 ini-

2028 1283 2160 1336 tium
2191 1282 2494 1347 collocare;
2529 1289 2588 1334 ut
2616 1282 2706 1349 qui
2738 1282 2792 1336 in
2818 1281 2920 1336 hoc
2951 1295 3086 1348 opus
3113 1282 3387 1347 inciderit,
3418 1286 3602 1338 statim

2029 1390 2057 1428 a
2093 1373 2281 1428 limine
2312 1373 2583 1442 intelligat
2625 1375 2676 1427 id
2709 1389 2814 1428 non
2850 1374 3018 1428 fuisse
3047 1374 3294 1429 ﬁdelibus
3316 1376 3604 1431 elucubra-
3667 1388 3674 1395 '

2035 1476 2143 1519 tum
2169 1481 2182 1529 ;
2210 1465 2304 1519 sed
2339 1464 2425 1527 iis,
2463 1472 2552 1516 attt
2574 1464 2664 1533 qui
2697 1464 2818 1520 ﬁdei
2851 1464 2902 1518 in
2937 1467 3210 1520 Christum
3242 1478 3456 1536 gustum
3494 1484 3600 1522 non

2027 1556 2248 1620 habent,
2281 1563 2375 1608 aut
2402 1569 2537 1623 quos
2566 1574 2583 1605 ι
2617 1555 2862 1610 inﬁrmos
2890 1555 2943 1608 in
2973 1555 3078 1610 ﬁde
3121 1573 3140 1607 ›
3190 1565 3348 1609 vocat
3375 1557 3605 1626 Aposto—

2027 1645 2134 1711 lus,
2167 1646 2256 1700 ubi
2280 1645 2356 1700 ait
2388 1662 2401 1698 :
2434 1664 2452 1697 ι
2487 1645 2763 1699 luﬁrtnum
2812 1647 2864 1700 in
2893 1645 2997 1701 fide
3035 1647 3293 1702 assumite
3315 1647 3379 1702 ⁷⁸.
3421 1668 3441 1701 ι
3478 1647 3604 1706 Haec

2028 1733 2291 1791 Praefatio
2337 1750 2424 1791 me
2466 1737 2630 1790 etiam
2672 1735 2861 1790 lectori
2904 1737 3211 1802 excusabit,
3248 1739 3391 1807 quod
3441 1737 3603 1794 aliam

2037 1828 2212 1892 initio,
2249 1828 2409 1882 aliam
2454 1828 2506 1882 in
2544 1829 2897 1896 sequentibus
2936 1828 3220 1884 refellendi
3251 1831 3389 1886 Celsi
3439 1833 3605 1888 ratio-

2032 1935 2154 1973 uetn
2203 1930 2423 1974 secutus
2452 1921 2576 1973 sim.
2632 1918 2767 1973 Nam
2795 1919 3032 1988 primum
3085 1937 3265 1977 rerum
3317 1925 3518 1994 capita,
3551 1933 3608 1979 et

2031 2026 2150 2080 qum
2177 2010 2478 2064 contradici
2514 2021 2734 2080 possent
2783 2011 2974 2079 paucis
3010 2012 3272 2067 adnotare
3305 2015 3606 2069 constitue-

2039 2114 2173 2165 ram,
2204 2100 2320 2153 haec
2347 2101 2530 2154 omnia
2556 2109 2744 2169 postea
2777 2101 2829 2154 in
2881 2104 3147 2158 sermonis
3177 2104 3346 2159 veluti
3403 2120 3606 2174 corpus

2033 2191 2351 2246 redacturus
2402 2210 2416 2245 :
2468 2191 2664 2246 deinde
2707 2207 2838 2246 vero
2893 2207 2980 2247 res
3029 2193 3142 2262 ipsa
3179 2196 3389 2249 monuit
3435 2197 3606 2252 satius

2031 2284 2171 2351 fore,
2219 2285 2264 2339 si
2316 2284 2544 2352 tempori
2597 2276 2900 2352 parcerem,
2948 2294 3344 2355 contentusque
3387 2288 3453 2341 iis
3488 2303 3609 2355 qua:

2034 2376 2187 2430 initio
2235 2374 2375 2429 Celsi
2421 2373 2902 2428 criminationibus
2948 2373 3282 2442 objeceram,
3319 2375 3372 2428 in
3421 2391 3608 2431 conse-

2033 2465 2325 2534 quentibus
2359 2479 2458 2534 pro
2491 2465 2634 2518 virili
2681 2475 2869 2520 contra
2909 2479 3001 2519 eas
3055 2465 3416 2522 decertarem.
3461 2469 3610 2535 Qua-

2033 2565 2254 2625 propter
2295 2556 2549 2622 ignoscas
2577 2557 2738 2609 velim
2790 2558 2879 2621 iis,
2895 2571 3028 2625 quae
3063 2566 3184 2623 post
3227 2559 3372 2614 hanc
3399 2557 3608 2615 Prtefa-

2035 2647 2235 2700 tionem
2277 2647 2429 2700 initio
2455 2657 2598 2699 sunt.
2637 2644 2794 2711 Quod
2839 2648 2882 2701 si
2934 2662 3110 2716 neque
3139 2649 3232 2702 tibi
3270 2649 3474 2706 faciunt
3523 2667 3612 2708 sa-

2036 2737 2128 2799 tis,
2183 2751 2304 2806 quze
2351 2746 2686 2804 sequuntur;
2747 2735 2858 2789 illis
2897 2752 3112 2806 quoque
3151 2739 3380 2794 similem
3421 2750 3609 2811 petens

2034 2829 2277 2890 veniam,
2307 2827 2465 2880 mitto
2492 2838 2541 2880 te
2575 2828 2640 2880 ad
2676 2827 3052 2894 sapientiores,
3080 2839 3134 2884 et
3159 2831 3253 2898 qui
3287 2831 3443 2887 dictis
3475 2835 3611 2887 scri-

2037 2921 2253 2988 ptisque
2300 2917 2444 2971 illius
2493 2917 2730 2972 hominis
2761 2928 2951 2972 contra
2979 2934 3080 2973 nos
3106 2921 3412 2977 calumnias
3449 2923 3610 2978 refel-

2037 3007 2150 3058 lere
2178 3004 2415 3058 valeant.
2451 3004 2607 3072 Sapit
2637 3013 2818 3059 tamen
2849 3006 2939 3062 ille
2971 3008 3161 3076 magis,
3187 3010 3278 3077 qui
3316 3010 3446 3065 illud
3464 3011 3610 3068 Celsi

2033 3093 2198 3164 319
2223 3095 2480 3161 scriptum
2507 3097 2716 3164 legens,
2743 3095 3058 3155 defensione
3081 3103 3304 3158 omnino
3336 3120 3441 3160 non
3466 3107 3610 3162 indi-

1954 3216 1998 3278 ο
2036 3196 2147 3254 get,
2173 3186 2265 3240 sed
2297 3196 2466 3239 totum
2493 3197 2757 3254 quantum
2787 3200 2869 3243 est
2906 3194 3228 3249 contemnit.
3274 3197 3427 3262 Quod
3479 3199 3611 3254 sim-

2034 3277 2406 3346 plex'quisque
2435 3278 2606 3333 ﬁdelis
2631 3293 2728 3347 per
2758 3280 3154 3339 inhabitantcm
3179 3285 3231 3340 in
3259 3301 3318 3342 se
3344 3287 3607 3357 Spiritum

2032 3382 2138 3420 non
2175 3368 2450 3422 imtncrito
2475 3368 2623 3423 facit.

352 3461 508 3532 ἡμῶν
554 3460 648 3514 τοῦ
679 3461 888 3513 Κέλσου
929 3459 1266 3530 ἐγκλήματα.
1303 3459 1449 3528 Πλὴν
1498 3457 1718 3526 βελτίων
1740 3461 1768 3511 6
1805 3460 1940 3528 μηδὲ
1967 3461 2066 3531 τὴν
2119 3458 2294 3529 ἀρχὴν
2325 3457 2558 3527 δεηθεὶς,
2587 3459 2690 3514 κᾶν
2722 3461 2956 3531 ἐντυχὼν
2990 3463 3066 3533 τῷ
3094 3465 3301 3517 Κέλσου
3327 3468 3610 3538 συγγράμ-

355 3572 507 3624 ματι,
543 3555 642 3623 τῆς
679 3554 814 3624 πρὸς
850 3554 979 3607 αὐτὸ
1007 3553 1116 3624 (89)
1145 3551 1438 3620 ἀπολογίας
1459 3569 1472 3581 ·
1501 3551 1616 3605 ἀλλ’
1644 3553 2062 3623 ὑπερφρονήσας
2087 3553 2261 3606 πάντα
2295 3551 2363 3604 τὰ
2392 3553 2448 3603 ὲν
2483 3550 2559 3620 τῷ
2586 3551 2773 3622 βιϐλίῳ
2805 3555 2989 3620 αὐτοῦ,
3018 3555 3092 3620 ὡς
3121 3557 3213 3610 καὶ
3241 3557 3348 3610 ὑπὸ
3375 3559 3468 3612 τοῦ
3512 3548 3607 3614 τι)-

353 3647 541 3716 χόντος
589 3649 646 3701 ὲν
685 3646 906 3720 Χριστῷ
961 3645 1175 3714 πιστοῦ,
1229 3644 1318 3701 διὰ
1359 3646 1420 3702 τὸ
1457 3647 1515 3700 ἐν
1565 3645 1714 3719 αὐτῷ
1745 3647 1989 3720 Πνεῦμα,
2014 3647 2250 3718 εὒλόγως
2281 3647 2786 3722 καταφρονούμενα.

433 3788 482 3820 ⁷³
514 3787 670 3844 Rom.
708 3803 819 3857 xw,
850 3790 901 3844 1.

353 3936 384 4014 6
434 3931 840 4014 ψευδογραφῶν,
866 3931 988 4014 οῦτε
1028 3936 1087 3999 ἐξ
1119 3935 1429 4014 ’ἐνδόξων...ᾲ
1477 3936 1566 4012 Τῷ
1622 3941 1730 4013 γὰρ
1781 3944 1813 4014 ἢ
1858 3942 1924 3997 τὰ

399 4005 1042 4091 μικῦκλιαρπεριγράξειν
1073 4007 1144 4078 μὴ
1170 4009 1245 4091 ὡς
1276 4011 1374 4073 δεῖ,
1405 4012 1436 4081 ἦ
1468 4005 1732 4091 γραμμᾲς
1773 4005 1930 4091 τινας

394 4074 520 4152 γειν-
533 4075 612 4152 μὴ
646 4075 720 4138 ὡς
751 4074 815 4152 ἂν
851 4074 1163 4152 ἀχθείησαν,
1194 4079 1300 4152 τὸν,
1324 4074 1732 4152 παραλογίσμὺν
1764 4074 1932 4135 ποιεῖέ

356 4162 472 4218 ται,
507 4145 619 4198 lloc
663 4155 745 4218 est
793 4145 1086 4218 interprete
1118 4146 1342 4218 Boethio
1375 4145 1448 4201 ι’(
1486 4145 1619 4203 Nam
1636 4145 1825 4218 'neque
1859 4169 1924 4206 ex

356 4216 505 4268 veris
536 4214 1081 4286 etuprimisneolligit
1134 4217 1607 4285 pseudograpltus,
1667 4214 1840 4286 neque
1863 4236 1930 4274 ex

355 4283 802 4354 probabilibus...
830 4283 961 4335 Nam
993 4299 1059 4337 eo
1089 4287 1232 4352 quod
1280 4283 1370 4354 aut
1405 4283 1780 4342 sctnicirculos
1833 4291 1930 4343 de~

357 4353 572 4418 Scribit,
617 4369 722 4408 non
760 4364 819 4425 ιιι
866 4361 1103 4421 oportet,
1151 4364 1243 4425 aut
1285 4353 1460 4409 lineas
1504 4358 1714 4425 aliquas
1760 4360 1928 4421 ducit,

355 4438 465 4476 non
505 4433 563 4475 ut
590 4423 844 4476 ducenda:
876 4431 1021 4485 sunt,
1065 4424 1488 4491 paralogismtun
1537 4423 1690 4479 facit.
1730 4446 1749 4478 ι
1787 4428 1930 4481 Idem

357 4509 376 4546 ι
407 4491 688 4566 Sep/(istic.
723 4491 947 4566 eleuclt._,
979 4507 1097 4561 cap.
1138 4493 1196 4566 ii
1235 4495 1325 4566 ;'O
1363 4494 1418 4566 δὲ
1457 4497 1724 4566 ὲριστιχὸς
1754 4495 1929 4566 (alias,

356 4559 1262 4636 coeptartgcdgetnapaloytonxdg)
1289 4565 1403 4636 ἐστί
1437 4559 1553 4628 πως
1583 4559 1770 4629 οὕτως’
1793 4559 1931 4636 ἔχων

358 4633 500 4702 πρὸς
543 4633 634 4684 τὸν
666 4630 1020 4706 diuisit-buxeta,
1056 4632 1131 4706 ὡς
1177 4636 1204 4685 6
1236 4630 1612 4706 ψευδογρὰφος
1670 4630 1932 4706 πρὸς’τὸν

356 4699 748 4776 γεωμετρικόν.
919 4699 1027 4771 γὰρ
1057 4699 1370 4776 τῷνλανῖέτῶν
1485 4699 1795 4776 διαλεκτικῇ
1831 4723 1933 4776 πα-

355 4770 670 4844 ραλογίζει,
721 4770 970 4844 παθᾲπερ
1003 4770 1108 4844 καὶ
1231 4770 1604 4844 ψευὼγράφος
1661 4770 1794 4843 πρὸξ
1843 4775 1932 4827 τὸν

358 4839 701 4918 γεωμέτρην.
729 4839 886 4918 ’Ἀλλ’
922 4839 950 4892 6
985 4841 1081 4910 μὲν
1123 4841 1224 4918 οῦκ
1247 4839 1667 4918 ’ἐριστιὶιδςεὸτι
1707 4839 1794 4918 ἐκ-
1821 4845 1929 4896 τῶν

360 4909 546 4984 ᾀρχῷν
582 4909 676 4961 καὶ
689 4909 796 4984 τῶν
826 4909 1311 4984 συμπερασμάτων
1337 4912 1445 4984 τῶν
1479 4915 1583 4966 ὑπὸ
1617 4914 1712 4984 τὴν
1739 4915 1932 4983 τέχνην

358 4974 934 5054 ψευδογραφεξ...ιοῖον
959 4981 986 5030 6
1012 4974 1455 5054 τετραγωνισμὸς
1499 4986 1527 5035 6
1563 4974 1778 5054 μὲν”διά
1801 4974 1933 5035 ’τῶν

362 5044 644 5122 μηνίσκων
663 5047 768 5122 ⁸οὐκ
795 5049 1082 5122 ἐριστικός.
1109 5044 1229 5122 ξΗοό
1263 5044 1887 5122 (δέδιὐοιίθιηῚηιθνριὈιο
1915 5067 1930 5105 :

367 5115 386 5189 ᾗ
425 5115 931 5189 Contentiosav’ero
962 5119 1180 5186 (oratio)
1213 5131 1295 5172 est
1335 5115 1749 5189 quodammodo
1765 5126 1844 5176 sic
1875 5138 1934 5176 se

365 5185 574 5258 habens
597 5185 663 5258 ad
689 5185 1048 5258 dialecticam,
1077 5197 1135 5239 ut
1161 5185 1575 5258 pseudograplta
1619 5193 1684 5245 ad
1712 5207 1930 5258 geome-

364 5254 578 5310 tricam.
607 5253 743 5308 Nam
772 5269 838 5309 ex
863 5255 1065 5309 eisdem
1089 5253 1426 5314 contentiosa
1457 5253 1618 5328 atque
1650 5253 1933 5315 dialectica

2041 3944 2282 4012 captiose
2307 3941 2507 4012 decipit
2532 3951 2590 3995 ut
2620 3949 2671 3996 e‘t
2696 3939 3104 4012 pseudographa
3131 3941 3478 4010 geometrice.
3503 3943 3610 3998 Sed

2043 4013 2155 4068 hate
2179 4014 2393 4082 quidem
2426 4028 2528 4066 non
2566 4014 2899 4066 contentiosa
2930 4012 3052 4078 quia
3093 4025 3160 4065 ex
3221 4012 3501 4082 principiis
3551 4025 3609 4066 et

2033 4080 2476 4138 conclusionibus
2504 4097 2622 4150 qua:
2656 4093 2782 4136 sunt
2813 4082 2913 4136 sub
2937 4092 3074 4143 arte,
3105 4080 3600 4148 pseudographiam

2034 4152 2232 4206 facit...
2264 4165 2317 4206 ut
2346 4153 2680 4221 quadratura
2713 4152 2929 4221 quidem
2967 4165 3088 4221 qua:
3118 4151 3474 4221 per_lnnulas,
3503 4166 3606 4221 non

2034 4218 2393 4276 contentiosa.
2429 4241 2448 4272 ι
2486 4221 2794 4274 Notandum
2829 4219 3005 4272 obiter
3059 4220 3160 4271 hoc
3212 4218 3330 4271 loco
3374 4220 3609 4273 mentio-

1965 4325 2005 4377 υ
2034 4306 2156 4371 nent
2221 4293 2332 4344 ﬁeri
2360 4291 2455 4377 ‘de
2496 4299 2774 4350 tantopere
2824 4289 3108 4377 decantata
3158 4286 3244 4338 illa
3283 4288 3610 4377 ‘(i'i-I'CIlli,.llt

2035 4361 2206 4423 aiunt,
2231 4359 2588 4426 quadratura,
2625 4370 2788 4425 quam
2814 4364 3056 4426 veterum
3093 4356 3340 4426 nonnulli
3374 4374 3402 4410 a
3439 4373 3497 4412 se
3521 4359 3608 4412 in-

2034 4423 2261 4481 ventam
2294 4423 2658 4495 jactitabant.
2695 4426 2787 4495 sed
2839 4439 2908 4495 ex
2945 4423 3252 4495 Aristotele
3294 4436 3444 4493 patet
3487 4429 3608 4481 illos

2036 4498 2203 4552 tueris
2238 4494 2366 4562 usos
2400 4495 2566 4547 fuisse
2605 4494 3009 4560 paralogismis,
3045 4504 3118 4560 et,
3159 4503 3216 4548 ut
3261 4499 3327 4548 ad
3373 4512 3485 4550 rem
3527 4498 3606 4550 lo-

2033 4582 2192 4634 quar,
2219 4561 2332 4629 τοῖς
2355 4561 2942 4635 ψευδογραφουμένοις.
2973 4563 3166 4635 Alia_si
3213 4568 3368 4635 cupis
3394 4567 3607 4622 Aristo-

2036 4633 2157 4689 telis
2188 4633 2519 4704 testittmuia.
2544 4633 2793 4687 eumdem
2820 4635 2939 4686 vide
2967 4648 3060 4689 vltt
3095 4633 3297 4702 Topic.,
3333 4652 3453 4704 cap.
3481 4637 3504 4689 1
3555 4648 3610 4692 et

2037 4708 2124 4758 10.
2161 4706 2426 4759 Caeterum
2460 4701 2685 4774 Quietus
2721 4717 2825 4774 non
2857 4703 2998 4770 cepit
3043 4701 3186 4757 hunc
3236 4701 3487 4774 Origeitis
3535 4711 3606 4762 lo-

2036 4792 2166 4858 cuut
2187 4775 2275 4827 ubi
2337 4787 2433 4840 pro
2457 4770 3008 4858 ψευδογραφοῦμενον
3039 4775 3265 4858 putabat
3316 4770 3607 4858 légendum

2034 4843 2408 4913 ψευδογραφου
2418 4842 2615 4911 μένων,
2637 4855 2890 4909 tauquam
2907 4842 3173 4911 glossema
3188 4842 3610 4912 praecedentium

2034 4911 2141 4967 τῶν
2166 4911 2528 4982 ψευδομένων.

2112 5027 2222 5100 (88)
2268 5026 2504 5100 Κέλσῳ.
2558 5025 2647 5100 Sic
2691 5026 2850 5100 codd.
2891 5025 3068 5100 μεθ,
3104 5026 3367 5100 Joliantts,
3404 5025 3610 5100 etutluo

1997 5115 2001 5119 '
2040 5094 2325 5167 Anglicani
2353 5111 2582 5165 quorum
2609 5095 2769 5148 lectio
2795 5095 2993 5167 melior
3024 5097 3233 5150 videtur
3269 5098 3438 5149 altera
3466 5094 3609 5146 Κέλ-

2040 5165 2279 5234 σουηυιε
2310 5167 2363 5219 in
2400 5167 2521 5220 aliis
2545 5180 2672 5220 mss.
2703 5176 2757 5219 et
2793 5165 2922 5221 libb.
2956 5167 3113 5220 editis
3145 5167 3428 5235 reperitur.

2115 5259 2223 5330 (89)
2260 5259 2440 5314 Codex
2468 5257 2630 5330 Reg.,
2658 5257 2756 5329 τῆς
2780 5257 2915 5330 πρὸς
2944 5257 3135 5325 αὑτήν,
3170 5256 3327 5309 male.

1361 5483 2504 5525 ww.—

527 5756 790 5818 PATROL.
838 5757 952 5817 Gtt.
991 5754 1102 5816 ΧΙ.
