3988 6156
338 269 453 323 655

1565 267 1840 324 CONTRA
1879 264 2152 322 CELSUM
2189 265 2318 321 LIB.
2359 265 2401 319 Ῑ.

3513 278 3614 331 831

342 391 490 459 πρὸς
527 391 815 461 ἀλλήλους,
866 391 974 444 ἀπὸ
1025 391 1115 443 τοῦ
1153 390 1262 461 (92)
1293 391 1468 445 κοινοῦ
1535 391 1776 445 κινδύνου
1820 392 1913 459 ύφι

2045 388 2247 455 fuerit,
2271 399 2326 444 et
2353 388 2583 444 validior
2607 388 2770 460 320
2797 391 2866 446 sit
2892 392 3037 447 om‘nl
3070 406 3438 450 sacramento.
3469 399 3616 463 Quo-

341 483 662 552 σταμένην,
721 484 814 534 καὶ
873 482 1177 552 δυναμένην
1244 483 1544 554 ύπερόρκια
1592 483 1721 553 (95).
1788 483 1938 536 Ἐπεὶ

338 567 436 626 οὖν
492 572 597 626 τὸν
643 574 817 626 κοινὸν
854 575 1016 643 νόμον
1052 573 1290 645 θρυλλεῖ,
1329 575 1479 645 παρὰ
1535 576 1722 629 τοῦτον
1768 577 1938 644 λέγων

335 663 709 733 Χριστιανοῖς
740 665 838 728 τὰς
875 665 1166 736 συνθήκας,
1195 668 1410 720 λεκτέον
1447 667 1582 738 πρὸς
1618 667 1793 730 τοῦτο,
1834 669 1936 732 ὅτι,

332 754 540 828 ὥσπερ
575 756 631 808 εἴ
661 774 739 820 τις
774 757 923 828 παρά
969 759 1201 821 Σκύθαις
1233 761 1430 829 νόμους
1462 759 1732 828 ἀθέσμους
1755 758 1936 829 ἔχουσι

330 850 677 918 γενόμενος,
745 851 1141 920 ἀναχωρήσεως
1198 852 1270 920 μὴ
1307 850 1443 920 ἔχων
1518 852 1728 921 καιρὸν,
1789 851 1936 920 βιοῦν

331 943 471 1011 παρ’
513 943 750 1005 ἐκείνοις
785 944 1160 1011 ἀναγκάζοιτο,
1197 943 1431 1010 εὐλόγως
1457 944 1521 996 ἂν
1554 938 1702 1005 οὗτος
1731 943 1818 995 διὰ
1847 943 1935 995 τὸν

326 1034 436 1102 τῆς
465 1034 740 1105 ἀληθείας
773 1035 954 1105 νόμον,
1003 1035 1078 1098 ὡς
1120 1035 1255 1105 πρὸς
1293 1037 1418 1098 τοὺς
1452 1034 1662 1097 Σκύθας
1696 1052 1933 1105 παρανο-

332 1125 476 1193 μίαν
511 1124 654 1194 (94),
687 1125 779 1178 καὶ
835 1127 1106 1196 συνθήκας
1159 1126 1294 1196 πρὸς
1353 1127 1479 1188 τοὺς
1531 1125 1600 1178 τὰ
1651 1127 1790 1180 αὐτὰ
1838 1128 1935 1178 αύ-

325 1215 408 1285 τῷ
477 1216 820 1286 φρονοῦντας
880 1219 1096 1286 ποιήσαι
1148 1218 1212 1269 ἂν
1248 1217 1394 1287 παρᾶ
1417 1217 1483 1269 τὰ
1530 1217 1756 1280 ἐκείνοις
1790 1235 1936 1270 νενο-

334 1307 622 1376 μισμένα·
656 1307 825 1370 οὕτως
872 1310 997 1379 παρ’
1027 1309 1254 1379 ἀληθείᾳ
1290 1308 1587 1379 δικαζούσῃ
1623 1308 1731 1378 (95)
1760 1311 1807 1362 οἱ
1843 1309 1928 1360 v6-

329 1416 430 1468 μοι
471 1400 591 1451 τῶν
617 1399 801 1462 ἐθνῶν,
859 1401 908 1451 οἱ
957 1401 1082 1471 περὶ
1134 1399 1461 1468 ἀγαλμάτων
1496 1401 1588 1452 καὶ
1630 1401 1727 1471 τῆς
1770 1402 1932 1454 ἀθέου

325 1490 766 1560 πολυθεότητος,
797 1491 949 1560 νόμοι
982 1491 1087 1542 εἰσὶ
1115 1490 1354 1554 Σκυθῶν,
1391 1492 1482 1543 καὶ
1522 1491 1575 1543 εἴ
1615 1509 1667 1543 τι
1705 1493 1924 1544 Σκυθῶν

325 1581 733 1652 ἀσεϐέστερον.
773 1582 883 1634 Οὐκ
914 1582 1104 1648 ἄλογον
1132 1579 1223 1635 οὖν
1250 1582 1520 1652 συνθήκας
1553 1583 1706 1653 παρὰ
1737 1583 1803 1635 τὰ
1842 1602 1928 1635 νε-

325 1674 657 1742 νομισμένα
712 1678 906 1737 ποιεῖν,
936 1675 1032 1737 τὰς
1078 1675 1216 1745 ὑπὲρ
1248 1674 1526 1744 ἀληθείας.
1557 1676 1765 1747 ’Ὠσπερ
1792 1677 1920 1746 γὰρ,

2044 480 2192 532 niam
2231 479 2398 550 igitur
2425 479 2639 546 jactilat
2670 481 2943 549 publicam
2986 482 3154 551 legem
3176 523 3190 547 ,
3221 493 3275 539 et
3309 485 3452 539 illam
3491 489 3612 542 vio-

2045 569 2146 624 lari
2181 570 2313 625 dicit
2343 570 2784 626 Christianorum
2821 572 3146 641 foederibus,
3179 577 3610 646 respondendum

2046 673 2125 716 est
2153 703 2167 727 ,
2199 663 2655 730 quemadmodum
2686 665 2726 718 si
2760 666 2882 732 quis
2917 667 3055 733 apud
3097 666 3330 738 Scythas
3365 673 3607 738 peregri-

2046 769 2149 808 nus
2187 756 2279 823 qui
2319 756 2542 810 nefariis
2585 756 2793 826 legibus
2833 769 3078 822 utuntur,
3120 761 3318 814 nullam
3349 764 3470 817 inde
3496 765 3612 819 dis-

2040 846 2268 900 cedendi
2333 849 2678 902 occasionem
2725 851 3023 918 reperiret,
3083 863 3477 923 cogereturque
3525 858 3610 908 in-

2039 943 2121 990 ter
2151 951 2242 989 eos
2278 937 2487 1004 vivere,
2521 940 2566 992 is
2605 939 2850 1008 profecto
2887 952 2943 995 ut
2983 953 3168 1009 pareat
3203 943 3449 1000 veritatis
3481 947 3607 1016 legi,

2037 1044 2198 1096 quam
2231 1029 2308 1081 illi
2347 1031 2615 1083 nefariam
2651 1040 2872 1099 putant,
2899 1032 3021 1099 jure
3053 1051 3172 1088 cum
3203 1035 3270 1088 iis
3299 1039 3389 1104 qui
3420 1039 3608 1092 eadem

2037 1134 2220 1170 secum
2258 1120 2562 1184 sentirent,
2601 1119 2804 1174 fmdera
2836 1121 2997 1173 iniret
3038 1121 3242 1190 legibus
3282 1122 3606 1194 Scytharum

2037 1211 2202 1263 vetita
2243 1227 2256 1273 ;
2297 1212 2374 1265 sic
2417 1213 2560 1279 apud
2599 1213 2886 1266 veritatem
2923 1212 3162 1280 judicem
3203 1214 3326 1268 illas
3362 1217 3604 1283 gentium

2037 1299 2182 1368 leges
2217 1316 2337 1369 qua:
2381 1311 2680 1354 statuarum
2721 1303 2929 1356 cultum
2972 1304 3262 1368 sanciunt,
3296 1314 3349 1356 et
3383 1307 3604 1359 inducta

2041 1392 2265 1444 deorum
2309 1393 2654 1447 multitudine
2693 1394 2858 1448 Deum
2901 1409 2931 1448 e
2981 1397 3158 1448 medio
3197 1398 3416 1458 tollunt,
3461 1398 3605 1465 leges

2035 1497 2153 1537 esse
2191 1483 2517 1552 Scythicas,
2563 1494 2654 1537 aut
2693 1487 2736 1539 si
2779 1487 2906 1554 quid
2949 1497 3032 1539 est
3073 1487 3283 1556 legibus
3330 1490 3605 1558 Scythicis

2035 1575 2413 1644 irreligiosius.
2447 1576 2562 1630 Non
2596 1577 2759 1643 igitur
2790 1581 3086 1632 absurdum
3122 1588 3205 1633 est
3237 1580 3438 1635 ftedera
3471 1597 3606 1635 con-

2038 1678 2117 1724 tra
2164 1671 2310 1740 leges
2349 1671 2489 1724 inire
2527 1670 2773 1724 veritatis
2808 1671 3164 1725 defendendae
3209 1688 3394 1727 causa.
3450 1676 3603 1729 Sicut

326 1762 379 1812 sl
411 1761 570 1830 ὑπὲρ
632 1762 726 1814 τοῦ
770 1763 1027 1832 τύραννον
1095 1764 1432 1835 προλαϐόντα
1490 1765 1556 1816 τὰ
1591 1767 1686 1835 τῆς
1722 1768 1914 1830 πόλεως

2028 1763 2170 1815 enim
2203 1763 2248 1816 si
2281 1763 2370 1830 qui
2405 1762 2542 1815 clam
2579 1764 2785 1816 fmdera
2823 1762 2964 1816 inter
2995 1777 3053 1816 se
3082 1763 3283 1817 inirent
3317 1776 3376 1818 ut
3415 1776 3601 1836 tyran-

326 1851 563 1904 ἀνελεῖν
599 1852 870 1922 συνθήκας
901 1855 1044 1917 τινὲς
1075 1854 1182 1924 (96)
1218 1855 1457 1926 κρύϐδην
1492 1857 1787 1920 ἐποιοῦντο,
1825 1876 1925 1911 7.1--

325 1941 447 2007 λῶς
489 1942 557 1996 ἂν
587 1944 819 1998 ἐποίουνο
856 1946 996 1998 οὕτω
1020 1947 1082 2016 δὴ
1111 1948 1206 1999 καὶ
1247 1949 1580 2019 Χριστιανοὶ,
1605 1951 1925 2020 τυραννοῦν-

327 2051 431 2097 τος
470 2035 567 2087 τοῦ
625 2037 753 2107 παρ’
786 2039 968 2102 αὐτοῖς
1021 2039 1356 2108 καλουμένου
1407 2040 1651 2093 διαϐόλου
1705 2042 1922 2094 καὶτοῦ

326 2121 599 2187 ψεύδους,
639 2125 906 2196 συνθήκας
963 2128 1240 2181 ποιοῦνται
1277 2129 1426 2199 παρά
1460 2128 1527 2180 τὰ
1565 2131 1925 2200 νενομισμένα

329 2213 420 2283 τῷ
457 2215 686 2286 διαϐόλῳ
719 2217 859 2269 κατὰ
897 2215 989 2270 τοῦ
1023 2217 1290 2282 διαϐόλου,
1330 2221 1424 2272 καὶ
1484 2221 1622 2290 ὑπὲρ
1655 2220 1924 2292 σωτηρίας

328 2306 550 2376 ἐτέρων
581 2307 710 2376 (97),
745 2306 837 2369 οὓς
869 2307 933 2360 ἂν
964 2311 1148 2361 πεῖσαι
1182 2309 1484 2380 δυνηθῶσιν
1509 2311 1807 2380 ἀποστῆναι
1829 2311 1920 2363 τοῦ

328 2397 548 2450 ὡσανεὶ
577 2398 794 2451 Σκυθῶν
828 2398 919 2450 καὶ
943 2400 1204 2467 τυράννου
1236 2400 1422 2469 νόμου.

331 2550 608 2619 ϐηθέντες
639 2550 737 2612 τὰς
765 2548 1048 2617 βασάνους,
1090 2549 1154 2619 ἀς
1185 2548 1306 2610 τοὺς
1333 2549 1518 2614 ἁγίους
1567 2548 1791 2603 ἔϐλεπον
1820 2553 1923 2605 πά-

333 2617 580 2687 σχοντας
606 2658 619 2682 ,
667 2619 781 2705 τῶν
823 2617 1167 2705 στρατιωτιῶν
1196 2619 1469 2705 ὲπὶῇτοςδτο
1521 2619 1926 2705 παρορμώντων

391 2689 403 2703 9
491 2689 503 2705 ς
739 2704 742 2705 ,
843 2687 855 2700 ⁸
877 2704 892 2705 ἡ
1006 2703 1013 2705 ς
1077 2704 1082 2705 ,
1163 2685 1190 2705 9
1225 2703 1230 2705 ,
1295 2703 1298 2705 .
1439 2704 1444 2705 ,
1598 2701 1604 2705 .
1649 2691 1668 2704 υ
1903 2692 1915 2705 \

335 2685 569 2748 αὖτοὺς,
623 2685 1025 2755 κατεψεύσαντο
1075 2685 1231 2755 ἡμῶν
1281 2687 1544 2739 Θυέστεια
1590 2685 1776 2741 Sal-river
1832 2692 1926 2742 καὶ

338 2756 715 2826 Οἰδιποδείους
747 2756 939 2824 μίξεις,
972 2757 1064 2809 καὶ
1086 2758 1186 2808 ὅσα
1217 2758 1351 2826 μήτε
1384 2757 1580 2818 λαλεῖν,
1617 2761 1752 2826 μήτε
1787 2763 1924 2813 νοεῖν

337 2825 509 2893 θέμις
540 2829 689 2896 ἡμῖν,
724 2825 1029 2896 ἀλλὰμηδὲ
1081 2825 1375 2896 πιστεύειν,
1413 2826 1543 2896 εἴτι
1570 2825 1778 2880 τοιοῦτο
1811 2829 1926 2881 πώ-

336 2911 480 2968 ποτε
526 2895 1022 2968 πίαρὰγάνθρῴποις
1066 2895 1300 2968 ἐγένετο.
1377 2895 1592 2968 Τούτων
1749 2915 1922 2968 φημι-

337 2963 616 3035 σθέντων,’
631 2963 834 3028 πάντες
861 2963 1318 3034 ἀπεθηριώθησαν
1345 2967 1422 3027 είς
1457 2968 1622 3035 ἡμᾶς,
1654 2963 1922 3022 ὥστεκαὶ

336 3034 397 3086 εἴ
432 3053 573 3106 τινες
605 3035 663 3088 τὸ
697 3036 957 3106 πρότερον
989 3035 1052 3086 δι’
1083 3034 1400 3106 οἰκειᾷτητα
1424 3034 1766 3106 ἐμετρίαζον,
1799 3039 1920 3090 τότε

343 3104 598 3174 μεγάλως
649 3103 1022 3174 ἐχαλέπαινον,
1082 3103 1175 3176 καὶ
1223 3103 1526 3175 διεπρίοντο
1565 3103 1696 3158 ’καθ’
1737 3107 1911 3176 ήμῶν.

347 3194 365 3224 ε
399 3175 556 3240 Capti
606 3185 731 3226 sunt
780 3176 945 3226 etiam
1003 3174 1222 3240 quidam
1271 3174 1579 3226 noStrorum
1633 3174 1789 3228 servi
1817 3180 1911 3242 qui

339 3245 577 3310 gentiles
619 3251 808 3305 erant,
860 3245 1294 3310 quandoquidem
1337 3259 1537 3310 pneses
1584 3259 1684 3296 nos
1725 3259 1914 3300 omnes

339 3313 546 3380 requiri
580 3314 754 3379 palam
783 3314 1036 3379 iusserat.
1066 3313 1166 3378 Qui
1199 3314 1458 3364 dxemonis
1489 3314 1756 3380 impulsu,
1788 3331 1912 3368 cum

343 3391 617 3435 :orinenta
655 3382 1070 3437 reformidarent
1101 3395 1219 3448 qua}
1248 3390 1465 3433 sanctos
1509 3385 1714 3448 perpeti
1759 3385 1913 3437 vide-

344 3453 513 3514 liaut,
569 3453 830 3505 militibus
884 3454 949 3503 ad
1001 3452 1099 3502 hoc
1157 3451 1328 3515 ipsum
1383 3465 1477 3503 eos
1523 3451 1910 3518 incitantibus,

340 3518 646 3588 Thyesteas
685 3521 945 3588 quasdam
989 3535 1174 3573 cmuas
1210 3529 1261 3570 et
1297 3521 1536 3572 incestos
1558 3519 1748 3581 ()Edipi
1779 3537 1912 3574 con-

338 3590 595 3652 cubitus,
635 3603 684 3644 et
721 3592 824 3642 alia
855 3605 973 3658 quae.
1009 3606 1107 3642 nec
1145 3588 1389 3656 proloqui
1428 3588 1586 3641 nobis
1629 3604 1728 3642 nec
1768 3593 1914 3658 cogi-

338 3669 461 3711 tare
490 3659 567 3711 fas
592 3671 673 3713 est
696 3700 710 3723 ,
739 3675 800 3713 ac
829 3675 892 3711 ne
918 3660 1139 3711 credere
1163 3658 1376 3726 quidem
1415 3658 1747 3711 sustinemus
1774 3661 1913 3725 apud

337 3729 592 3781 homines
617 3746 850 3797 unquam
879 3737 1024 3795 gesta
1052 3729 1236 3787 fuisse.
1262 3728 1521 3782 adversus
1549 3743 1644 3780 nos
1669 3731 1914 3782 ementiti

337 3807 496 3851 sunt.
530 3798 626 3852 llis
655 3801 706 3850 in
739 3799 952 3864 vulgum
982 3801 1187 3864 sparsis
1219 3812 1409 3851 omnes
1441 3799 1698 3850 continuo
1730 3798 1780 3850 in
1815 3815 1912 3852 nos

335 3868 479 3919 adeo
501 3868 705 3920 efferati
734 3879 857 3920 sunt
885 3907 900 3929 ,
933 3877 989 3919 ut
1016 3869 1057 3920 si
1084 3871 1175 3934 qui
1205 3866 1348 3920 forte
1376 3868 1714 3934 cognationis
1745 3883 1911 3923 causa

337 3937 604 3990 moderati
631 3954 754 4004 erga
783 3953 882 3988 nos
913 3938 1170 3990 hactenus
1199 3937 1574 3998 exstitissent,
1608 3947 1733 3991 tunc
1758 3952 1914 3990 acer-

337 4007 569 4059 bissima
610 4006 979 4073 indignatione
1012 4008 1271 4058 commoti
1306 4010 1572 4059 adversus
1603 4021 1702 4059 nos
1742 4006 1911 4060 infre-

338 4078 718 4130 merent.»At
761 4076 1058 4127 Christiani
1108 4077 1288 4129 oscula
1345 4077 1650 4140 dederunt;
1703 4076 1908 4130 .lustin.

337 4144 498 4210 Apol.
539 4146 606 4208 2,
639 4161 761 4214 pag.
797 4146 864 4196 97
887 4185 901 4210 ,
941 4145 1046 4197 imo
1078 4161 1136 4197 se
1170 4156 1353 4197 mtuuo
1387 4146 1581 4212 fratres
1613 4155 1666 4196 et
1701 4162 1907 4199 sorores

338 4213 720 4282 appellarunt;
773 4214 1004 4267 Tertull.
1056 4215 1272 4280 Apolog.
1327 4230 1447 4280 cap.
1489 4214 1593 4274 59,
1637 4216 1908 4281 Athcnag.

338 4281 526 4350 Legat.
553 4323 566 4344 ,
600 4285 848 4338 Clemens
877 4323 892 4348 ,
932 4283 1127 4336 Strom.
1161 4300 1226 4345 v;
1267 4295 1431 4350 atque
1483 4283 1678 4337 exinde
1721 4286 1904 4335 forsan

341 4354 711 4407 calumniandi
758 4369 946 4406 ansam
994 4353 1185 4420 pagani
1231 4354 1594 4418 arripiebant.
1643 4352 1904 4406 Miraris?

339 4423 520 4475 dicam
559 4424 678 4477 tibi.
710 4423 1079 4481 Christianos,
1111 4425 1152 4476 si
1182 4424 1271 4491 qui
1306 4424 1542 4490 graviter
1573 4434 1897 4488 peccarunt,

343 4491 598 4546 Ecclesia:
656 4493 928 4561 pra-positi
984 4491 1180 4557 ejicere
1226 4495 1515 4552 solebant;
1563 4491 1671 4554 illi,
1717 4492 1900 4545 dolore

342 4565 626 4629 commoti,
659 4566 867 4616 veniam
898 4562 1226 4629 efﬂagitant,
1257 4572 1304 4615 cl
1341 4576 1398 4613 se
1427 4573 1549 4613 ante
1581 4576 1759 4629 genua
1793 4565 1900 4613 tra—

347 4639 487 4683 trum
529 4639 584 4685 et
625 4634 968 4686 sacerdotum
1014 4634 1175 4698 pedes
1214 4632 1478 4694 volvunt;
1518 4631 1643 4683 hinc
1675 4632 1900 4697 phrases

345 4701 654 4770 hujusmodi
684 4703 887 4770 passim
921 4702 1059 4768 apud
1094 4699 1496 4753 ecclesiasticos
1529 4709 1782 4753 auctores
1810 4715 1901 4751 oc-

341 4769 604 4833 currunt,
647 4769 854 4824 advolvi
887 4771 1236 4837 presbyteris,
1277 4780 1330 4822 et
1364 4770 1651 4822 uolutando
1699 4769 1899 4836 caligas

344 4842 571 4909 fratrum
604 4842 889 4908 detergere.
925 4838 1073 4893 Talis
1110 4850 1228 4891 erat
1271 4848 1513 4909 veterum
1554 4839 1896 4909 Christiano-

346 4907 464 4961 rum
495 4907 773 4975 disciplina
800 4925 816 4974 ;
851 4923 1013 4977 quam
1053 4917 1234 4961 tamen
1264 4908 1510 4962 Caecilius
1541 4909 1680 4974 apud
1727 4907 1898 4960 Minu-

347 4980 518 5039 tium,
555 4989 764 5046 arrepta
795 4995 859 5030 ex
889 4981 987 5032 hoc
1015 4981 1256 5046 corporis
1283 4989 1439 5046 gestu
1472 4978 1788 5038 occasione,
1821 4977 1899 5030 sic

346 5047 709 5100 calumniatus
737 5057 815 5100 est
843 5065 855 5098 :
889 5065 906 5097 ι
936 5048 1038 5100 Alii
1066 5088 1082 5112 ,
1123 5050 1330 5116 inquit,
1370 5062 1464 5100 eos
1505 5047 1689 5116 ferunt
1735 5046 1898 5116 ipsius

345 5118 606 5170 antistitis
639 5132 700 5168 ac
729 5119 1028 5169 sacerdotis
1074 5114 1256 5171 colere
1283 5117 1560 5184 genitalia.
1592 5134 1611 5166 ι
1640 5114 1771 5167 Vide
1802 5115 1897 5167 lti-

344 5188 566 5253 galtium
601 5191 667 5238 ad
701 5185 909 5237 Minutii
941 5189 1133 5238 locum.
1166 5186 1457 5250 Quartam,
1488 5185 1713 5237 Tertull.
1741 5184 1897 5250 Apol.

342 5272 468 5325 cap.
498 5256 607 5310 39:
643 5273 660 5304 ι
696 5255 817 5308 llaec
839 5256 1009 5325 coitio
1043 5256 1479 5309 Christianorum
1524 5255 1742 5325 merito
1766 5267 1898 5305 sane

345 5323 532 5382 illicita
553 5366 567 5386 ,
597 5327 641 5379 si
677 5324 879 5377 illicitis
909 5339 1042 5391 par;
1091 5327 1284 5378 merito
1315 5323 1622 5376 damnanda
1646 5359 1661 5384 ,
1701 5323 1744 5373 si
1793 5337 1897 5374 non

345 5397 622 5450 dissimilis
649 5395 980 5449 damnandis
1001 5435 1014 5456 ,
1052 5395 1098 5446 si
1126 5396 1246 5462 quis
1274 5397 1340 5448 de
1367 5409 1428 5446 ea
1462 5394 1709 5462 queritur
1737 5405 1803 5443 eo
1833 5393 1900 5442 ti-

347 5468 456 5519 tulo
478 5505 493 5529 ,
525 5482 631 5535 quo
659 5469 723 5519 de
749 5463 1077 5518 factionibus
1104 5460 1457 5535 querela__est.
1483 5460 1556 5529 (lu
1589 5460 1746 5525 cujus
1774 5475 1898 5526 per-

345 5531 862 5605 niciem-aliquando
888 5536 1240 5588 convenimus
1260 5534 1299 5605 ἱ)Δ
1316 5531 1428 5584 Hoc
1444 5544 1899 5605 _sumus_congre-

345 5607 454 5671 gati
476 5645 490 5668 ,
520 5601 745 5675 quodet
770 5605 1001 5672 dispersi
1031 5621 1044 5667 ;
1082 5605 1180 5658 hoc
1215 5602 1492 5664 universi,
1521 5601 1665 5675 quod
1697 5607 1749 5652 et
1781 5602 1898 5653 sin-

341 5677 484 5742 guli;
530 5672 796 5731 neminem
837 5677 1125 5741 laedentes,
1170 5675 1440 5727 nemiuem
1483 5672 1889 5725 contristantes.

2029 1870 2154 1908 num
2194 1856 2383 1907 urbem
2420 1855 2766 1908 invadentem
2803 1868 2832 1906 e
2863 1855 3042 1908 medio
3075 1856 3302 1918 tollant,
3344 1857 3418 1909 illi
3452 1867 3601 1912 recte

2030 1943 2315 2005 facerent;
2384 1944 2458 1996 ita
2524 1944 2871 2008 Christiani,
2935 1944 3146 2000 diabolo
3207 1948 3602 2016 mendacioque

2028 2037 2168 2105 apud
2195 2037 2342 2104 ipsos
2366 2035 2706 2105 tyrannidem
2739 2036 3126 2089 exercentibus
3146 2080 3158 2100 ,
3188 2038 3405 2099 merito,
3431 2041 3598 2093 etiam

2026 2127 2325 2196 perfractis
2357 2125 2559 2179 diaboli
2600 2126 2841 2194 legibus,
2877 2136 3067 2180 contra
3099 2129 3371 2181 diabolum
3420 2131 3595 2199 ipsum

2029 2220 2234 2274 fcedera
2281 2218 2501 2279 ineunt.
2549 2218 2735 2285 sicque
2785 2221 2913 2270 dant
2952 2233 3172 2286 operam
3211 2235 3397 2272 eorum
3431 2221 3594 2274 saluti

2026 2309 2223 2376 quibus
2265 2308 2580 2376 persuaderi
2630 2316 2850 2376 potest,
2901 2316 2958 2360 ut
2991 2309 3131 2362 hanc
3165 2309 3332 2363 veluti
3375 2310 3594 2380 Scytbi-

2025 2417 2143 2456 cam
2179 2409 2232 2455 et
2267 2401 2606 2471 tyrannicam
2643 2400 2812 2469 legem
2845 2400 3145 2454 excutiant.

2027 2555 2158 2609 Cum
2186 2554 2340 2621 probi
2365 2593 2380 2616 ,
2410 2568 2532 2607 cum
2561 2553 2689 2608 boni
2717 2560 2944 2615 coeunt,
2995 2566 3118 2605 cum
3163 2552 3272 2619 pii,
3301 2567 3422 2605 cum
3456 2556 3591 2608 casti

2027 2632 2445 2691 congregantur.
2486 2640 2592 2677 non
2627 2632 2711 2676 est
2743 2623 2906 2676 factio
2935 2622 3196 2684 dicenda,
3232 2624 3326 2675 sed
3359 2624 3529 2676 curia.
3563 2644 3584 2677 ι

2027 2693 2169 2745 Idem
2196 2731 2209 2752 ,
2241 2707 2362 2757 cap.
2393 2691 2463 2743 50
2491 2709 2506 2744 :
2537 2711 2553 2742 ι
2583 2692 2709 2744 Illuc
2737 2692 3091 2758 suspicientes
3115 2691 3445 2755 Christiani,
3479 2709 3595 2747 ma-

2027 2762 2188 2813 nibus
2221 2767 2512 2827 expansis,
2547 2763 2671 2830 quia
2716 2761 2998 2823 innocuis,
3036 2761 3211 2826 capite
3249 2762 3392 2812 nudo
3415 2801 3430 2820 ,
3463 2765 3588 2830 quia

2027 2844 2132 2882 non
2162 2831 2564 2895 erubescimus,
2601 2831 2836 2897 denique
2872 2830 2989 2881 sine
3025 2831 3328 2891 monitore,
3360 2832 3485 2898 quia
3519 2835 3585 2884 de

2026 2907 2246 2966 ρθςῑυιθ
2277 2914 2525 2961 Ol'lllllllS,
2559 2913 2842 2967 pl'CCllltleS
2876 2913 3059 2951 SlllllllS
3092 2913 3310 2966 semper
3343 2915 3441 2965 pl'O
3474 2916 3593 2953 om-

2026 2968 2186 3020 nibus
2215 2970 2680 3034 imperatoribus;
2721 2969 2886 3020 vitam
2931 2969 3033 3020 illis
3074 2967 3592 3038 prolixamgimpe-

2027 3038 2168 3089 rium
2218 3051 2504 3099 Securum,
2547 3039 2765 3090 domum
2818 3047 3028 3101 tutam,
3073 3039 3344 3091 exercitus
3385 3037 3586 3102 fortes,

2025 3113 2272 3158 senatum
2317 3107 2561 3170 fidelem,
2600 3106 2852 3174 populum
2894 3108 3147 3172 probum,
3188 3106 3374 3160 orbem
3435 3109 3590 3176 quie-

2021 3183 2542 3245 tum,_qu:ecunque
2580 3176 2816 3228 hominis
2861 3186 2913 3228 et
2953 3177 3184 3245 Caesaris
3223 3185 3346 3229 vota
3381 3190 3528 3231 sunt.
3565 3197 3584 3230 ι

2014 3243 2146 3297 ltem
2179 3243 2641 3314 ειιιειίιιιιε,“Αροι.
2681 3259 2754 3314 lli,
2789 3260 2910 3314 pag.
2947 3244 3032 3297 64.
3070 3244 3396 3301 SPENCERUS.

2087 3315 2198 3386 (92)
2237 3315 2387 3386 ⁸Ἀπὸ
2419 3313 2546 3375 τοῦ,
2583 3324 2685 3386 etc.
2720 3313 2893 3386 Lego,
2926 3313 3003 3376 ὡς
3034 3315 3140 3366 ἀπὸ
3172 3314 3266 3367 τοῦ
3291 3354 3304 3377 ,
3338 3325 3444 3369 etc.

2087 3383 2197 3454 (95)
2237 3383 2601 3452 ’Υπερίῖρκιω
2654 3385 2941 3454 Seldenus
2967 3388 3037 3454 De
3069 3387 3327 3450 synodi-iis
3363 3396 3588 3438 veterum

2017 3451 2611 3524 Hebr-reorum?legebat
2647 3454 2824 3519 primo
2857 3453 2994 3519 ὑπὲρ
3023 3453 3218 3521 ὅρκια,
3255 3455 3397 3520 quod
3432 3459 3586 3524 sequi

2015 3522 2220 3573 mavult
2254 3522 2606 3582 lloherellus,
2639 3537 2800 3587 quam
2835 3538 2956 3573 eum
3010 3524 3126 3589 ipso
3169 3534 3351 3588 postea
3395 3522 3588 3575 asseu-

2017 3590 2104 3642 tiri
2162 3590 2397 3644 Patricio
2437 3591 2596 3644 Junio
2648 3590 2787 3659 ὑπὲρ
2836 3590 2998 3659 ὄργια
3049 3591 3420 3643 substituenti.
3455 3609 3472 3642 ι
3505 3591 3589 3644 Fit

2014 3660 2191 3720 enim,
2226 3660 2401 3726 inquit
2429 3660 2776 3722 lloherellus,
2813 3674 3001 3726 parum
3043 3659 3332 3711 verisimile
3366 3659 3581 3713 Celsum

2017 3729 2223 3780 strenui
2271 3730 2473 3782 ethnici
2515 3739 2699 3795 partes
2745 3737 3032 3795 agentem,
3080 3729 3199 3793 ipso
3242 3728 3425 3779 statim
3459 3730 3584 3783 libri

2015 3796 2208 3856 initio,
2263 3797 2461 3851 Bacchi
2512 3799 2768 3865 mysteria
2805 3808 2861 3851 et
2894 3798 3334 3855 Christianorum
3385 3813 3585 3866 agapas

2013 3867 2201 3917 eodem
2232 3867 2392 3918 simul
2425 3869 2654 3920 crimine
2691 3869 2962 3920 involvere
2997 3868 3249 3919 voluisse.
3281 3884 3299 3916 δ

2087 3934 2194 4006 (94)
2236 3936 2326 4001 Ὡς
2362 3937 2510 4004 πρὸς
2542 3936 2684 4002 τοὺς
2711 3939 2942 4000 Σκύθας
2964 3937 3358 4005 παρανομίαν.
3392 3937 3586 3990 Guielo

2013 4002 2297 4073 legendum
2337 4002 2620 4060 videbatur
2651 4008 2745 4059 καὶ
2783 4007 2891 4059 τῶν
2938 4002 3157 4059 Σκυθῶν
3193 4002 3582 4076 ⁷παρανομίαν⁹

2016 4087 2069 4124 at
2107 4091 2234 4127 sana
2272 4079 2425 4128 nobis
2457 4080 2668 4129 videtur
2698 4088 2876 4129 textus
2909 4079 3078 4129 nostri
3111 4080 3295 4131 lectio.

2086 4145 2197 4214 (95)
2239 4146 2588 4213 Δικαζούσῃ.
2623 4146 2788 4201 Recte
2821 4146 3158 4199 llteschelius
3183 4161 3303 4198 cum
3332 4148 3585 4201 omnibus

2013 4230 2143 4268 mss.
2175 4217 2480 4282 Spencerus
2511 4232 2637 4268 vero
2665 4217 2712 4267 in
2742 4227 2884 4267 textu
2910 4255 2925 4277 ,
2952 4215 3263 4276 δικάζουσι,
3291 4216 3447 4266 male.
3477 4216 3584 4270 Ob-

2013 4293 2194 4335 servat
2229 4284 2546 4337 Boherellus
2582 4286 2706 4336 huic
2747 4284 2963 4336 lectioni
3003 4286 3132 4352 παρ’
3166 4283 3396 4351 ἀληθείᾳ
3417 4283 3578 4352 δικα-

2012 4353 2181 4422 ζούσῃ
2207 4391 2222 4413 ,
2255 4355 2487 4422 similem
2522 4354 2744 4422 alteram
2778 4369 2898 4405 esse
2930 4353 3016 4404 lib.
3062 4351 3145 4412 iv,
3178 4369 3327 4403 num.
3361 4351 3430 4404 24
3453 4391 3470 4418 ,
3503 4355 3581 4417 ὼς

2009 4423 2142 4490 πρὸς
2156 4421 2426 4490 ἀλήθειαν
2455 4421 2799 4484 δικάζουσιν.

2101 4491 2190 4559 96)
2232 4489 2574 4562 ll_tescltelitls
2610 4503 2664 4543 et
2714 4494 3059 4562 Speneerus:
3098 4489 3305 4562 Ὥσπερ
3339 4489 3480 4562 γὰρ,
3532 4495 3582 4545 εἰ

2007 4559 2147 4630 ὑπὲρ
2197 4559 2294 4611 τοῦ
2335 4559 2630 4630 τύραννον,
2686 4559 3024 4629 προλαϐόντα
3067 4559 3164 4620 τὰς
3229 4559 3329 4629 τῆς
3376 4559 3583 4625 πόλεως

2007 4628 2311 4700 συνθήκας,
2357 4628 2565 4682 ἀνελεῖν
2609 4628 2792 4700 τινες,
2829 4640 2934 4682 etc.
2975 4631 3105 4694 Quae
3135 4645 3255 4682 cum
3309 4633 3450 4684 laede
3485 4633 3582 4684 ad-

2010 4699 2226 4752 modum
2262 4701 2475 4752 turbala
2522 4702 2663 4760 sint,
2696 4699 2842 4752 facili
2887 4715 3080 4751 vocum
3116 4703 3577 4765 trauspositione,

2006 4780 2059 4822 et
2090 4769 2343 4821 u'mtando
2371 4768 2469 4830 τὰς
2501 4770 2551 4823 in
2585 4769 2689 4830 τά,
2726 4770 2937 4835 singula
2975 4769 3025 4821 in
3059 4785 3212 4821 suum
3266 4771 3444 4823 locum
3501 4786 3582 4825 re-

2007 4839 2218 4900 stituit,
2253 4847 2307 4890 et
2339 4841 2406 4890 ad
2455 4841 2798 4891 commodum
2831 4853 3047 4891 sensum
3080 4841 3355 4892 revocavit
3401 4838 3577 4895 Bobe-

2008 4908 2168 4959 rellus
2189 4922 2348 4974 quem
2376 4909 2426 4960 in
2459 4917 2606 4961 textu
2631 4909 2932 4974 sequimur,
2961 4907 3198 4974 neglecta
3225 4913 3391 4961 altera
3417 4927 3579 4976 quam

2007 4978 2257 5051 proponit
2299 4976 2564 5051 Guietus_,
2609 4978 2881 5051 lectione;
2923 4978 3151 5051 Ὥσπερ,
3169 4979 3297 5048 γὰρ,
3347 4979 3578 5051 eleaep

2003 5045 2386 5118 τοῦ-τύραννον
2431 5047 2772 5118 προλαϐόντα.
2809 5047 2908 5118 τὰς
2939 5049 3039 5117 τῆς
3069 5045 3275 5110 πτόλεως
3308 5045 3578 5118 συνθήκας

2006 5114 2243 5186 ἀνελεῖν,
2278 5115 2429 5186 τινὲς
2449 5116 2684 5186 κρύὸδην
2717 5114 3302 5186 συνθήκαςὲποιοῦντο
3323 5156 3336 5177 ,
3376 5114 3575 5179 καλῶς,

2005 5197 2112 5236 etc.
2148 5183 2344 5236 Ibidem
2394 5183 2730 5239 llce’schelius
2783 5190 2832 5238 in
2874 5183 3076 5250 'tevtu,
3107 5187 3384 5238 ἐποιοῦντο
3410 5226 3425 5248 ,
3478 5203 3579 5238 κα-

2005 5252 2124 5325 λῶς,
2157 5253 2221 5305 ἂν
2261 5254 2497 5307 ἐποίουν.
2545 5257 2884 5325 Spem-erus,
2919 5257 3157 5317 ἐποίουν,
3193 5256 3252 5306 τὸ
3293 5255 3468 5315 καλῶς
3511 5256 3580 5308 ἂν

2007 5324 2240 5376 ἐποίουν.

2078 5394 2184 5463 (97)
2237 5392 2502 5460 Ἑτέρων.
2561 5393 2653 5449 Sic
2698 5409 2884 5448 omnes
2931 5394 3294 5463 οοό‹1.ίιηεε.,
3337 5401 3579 5463 excepto

2005 5461 2214 5516 Joliano
2243 5466 2333 5532 qui
2370 5481 2421 5516 Ill
2460 5475 2611 5518 textu
2643 5467 2865 5533 quidem
2899 5462 3187 5533 curulibb.
3220 5461 3381 5513 editis
3414 5461 3580 5533 hauet

2007 5533 2228 5585 ἐκείνων
2249 5531 2510 5604 ,ίδθιινειό
2555 5531 2704 5586 oram
2752 5534 2972 5604 ἐτέρων.
3020 5531 3218 5583 Ibidem
3255 5541 3376 5604 tres
3414 5531 3576 5604 codd.

2003 5603 2382 5678 A_ng|ic:i_ui_et
2411 5603 2752 5678 Haascltelius
2787 5596 3117 5678 in'margine
3139 5640 3152 5659 ,
3184 5603 3277 5651 καὶ
3310 5596 3596 5678 τυράννου,

2003 5668 2190 5742 νόμόυ.
2225 5672 2439 5741 Reliqui
2477 5687 2599 5726 cum
2631 5674 2792 5725 editis
2813 5711 2826 5736 ,
2861 5670 2954 5722 καὶ
2987 5668 3266 5739 τυράννων
3295 5668 3484 5742 νόμου.
