3988 6156
422 289 529 346 655

494 413 550 471 2.
592 413 795 469 Deinde
822 414 896 468 ait
925 414 1210 470 barbaram
1235 429 1357 469 esse
1379 414 1699 470 Christianae
1727 413 1990 469 doctrina:
2018 419 2066 475 Α

427 507 736 576 originem;
774 521 880 575 qua
911 506 1100 575 procul
1135 506 1298 560 dubio
1327 505 1664 560 Judaismum
1703 507 1986 576 intelligit,

427 613 457 651 e
511 614 622 668 quo
677 608 930 667 tanquam
993 599 1318 666 appenditur
1366 598 1841 655 Christianismns.
1893 600 1991 654 Hic

431 688 618 742 saltem
661 689 802 741 hanc
848 696 1029 741 servat
1068 691 1380 756 aequitatem
1431 699 1488 742 ut
1533 689 1586 742 id
1618 690 1690 743 illi
1727 706 1828 743 non
1860 691 1988 744 vitio

430 786 622 832 vertat.
673 777 806 830 Nam
857 777 972 846 ipse
1006 778 1269 833 barbaros
1306 780 1485 833 laudat
1525 791 1584 832 ut
1613 781 1703 848 qui
1739 782 1985 849 dogmata

427 870 736 939 excogitare
786 871 1022 938 possint.
1070 870 1178 922 Sed
1224 871 1369 924 addit
1408 887 1513 924 non
1548 872 1682 925 alios
1712 887 1863 936 esse,
1899 875 1988 941 qui

427 959 616 1014 melius
633 958 837 1015 Graecis
857 961 1082 1015 inventa
1107 961 1465 1016 barbarorum
1490 961 1807 1030 dijudiccnt,
1830 979 1990 1033 argu—

427 1051 621 1106 mentis
647 1051 972 1107 confirment
994 1093 1008 1116 ,
1040 1053 1107 1106 ad
1135 1053 1351 1107 virtutis
1377 1067 1532 1107 usum
1562 1057 1986 1108 accommodent.

425 1141 502 1195 Ex
545 1141 664 1211 ejus
697 1143 859 1212 igitur
893 1143 1057 1196 dictis
1087 1143 1138 1196 id
1172 1143 1402 1211 primum
1445 1145 1511 1197 ad
1544 1145 1985 1200 Christianarum

425 1233 714 1288 veritatum
747 1233 1116 1288 defensionem
1147 1233 1509 1302 colligendum
1533 1274 1547 1298 ,
1593 1235 1636 1288 si
1676 1237 1797 1303 quis
1838 1235 1991 1289 Grae-

423 1325 628 1379 canicis
659 1326 960 1395 disciplinis
992 1325 1230 1379 imbutus
1261 1325 1314 1379 in
1351 1325 1527 1394 iisque
1557 1327 1893 1380 exercitatus
1921 1327 1987 1380 ad

424 1431 524 1471 nos
569 1416 884 1479 transierit,
933 1431 1055 1470 eum
1101 1431 1206 1471 non
1253 1415 1414 1470 modo
1442 1416 1813 1486 judicaturum
1859 1433 1986 1472 vera

423 1523 545 1561 esse
576 1523 695 1576 qua:
725 1508 1019 1572 credimus,
1075 1509 1166 1562 sed
1197 1509 1359 1562 etiam
1389 1509 1661 1562 rationum
1697 1511 1987 1564 momentis

424 1602 802 1665 firmaturum,
845 1601 1262 1667 additurumque
1303 1615 1365 1653 ea
1403 1616 1522 1669 quae
1567 1601 1758 1654 deesse
1793 1601 1984 1654 viden-

425 1702 532 1754 tur,
572 1700 632 1743 ut
669 1691 980 1745 Graecarum
1025 1690 1342 1744 scholarum
1385 1705 1536 1744 more
1572 1699 1624 1743 et
1657 1691 1862 1759 legibus
1892 1693 1983 1746 de-

423 1783 717 1836 monstrari
779 1792 1004 1851 queant.
1062 1782 1167 1836 Sed
1218 1779 1416 1850 adjicio
1478 1782 1780 1835 doctrinam
1828 1783 1984 1836 Chri-

420 1874 653 1926 stianam
695 1889 792 1927 sua
833 1875 1062 1942 quadam
1105 1873 1317 1942 propria
1355 1873 1564 1926 ratione
1603 1873 1984 1926 demonstrari.

421 1966 614 2018 Divina
649 1975 733 2020 est
771 1966 886 2019 haec
923 1965 1062 2019 ratio
1086 2007 1098 2028 ,
1130 1973 1184 2018 et
1221 1964 1290 2018 ad
1320 1979 1438 2018 eam
1474 1963 1787 2018 Graecorum
1821 1964 1987 2018 diale-

420 2057 555 2110 ctica
590 2071 657 2110 ne
687 2056 988 2124 comparari
1017 2055 1231 2123 quidem
1261 2062 1458 2125 potest.
1494 2053 1639 2107 Illam
1672 2055 1830 2108 sitam
1865 2069 1988 2110 esse

418 2149 577 2202 docet
619 2147 908 2217 Apostolus
934 2167 952 2198 ι
985 2148 1037 2200 iu
1083 2147 1398 2201 ostensione
1444 2145 1684 2216 Spiritus
1713 2155 1767 2200 et
1810 2147 1984 2201 virtu-

421 2240 488 2295 tis
519 2240 565 2272 "
593 2257 608 2305 ;
642 2258 661 2291 ι
695 2238 933 2309 Spiritus
956 2237 1195 2305 quidem,
1223 2244 1446 2306 propter
1474 2237 1807 2305 prophetias,
1841 2253 1977 2306 qua-

419 2345 538 2384 rum
567 2331 808 2385 omnium
839 2329 1206 2402 perspicuitas
1239 2337 1295 2382 et
1325 2328 1596 2383 evidentia
1626 2330 1872 2401 quemvis
1906 2328 1982 2384 le-

417 2431 622 2476 ctorcm
661 2422 990 2491 persuadere
1035 2431 1212 2489 potest
1259 2431 1318 2475 ut
1358 2437 1420 2476 ea
1460 2425 1758 2492 praesertim
1794 2427 1978 2478 credat

416 2510 534 2582 qua:
566 2513 633 2567 ad
659 2512 818 2582 321
853 2511 1131 2566 Christum
1160 2513 1433 2581 pertinent
1459 2531 1472 2578 ;
1507 2515 1723 2568 virtutis
1754 2527 1930 2568 autem
1953 2557 1968 2580 ,

416 2617 634 2675 propter
687 2604 988 2668 miracula,
1037 2619 1268 2673 quorum
1316 2605 1707 2673 patrandorum
1753 2607 1860 2665 vim
1908 2621 1972 2662 ac

1861 283 2180 352 ORIGENIS

3567 297 3668 355 656

2176 416 2329 487 Ἑξῆς
2386 409 2658 489 βάρϐαρόν
2694 427 2858 488 φησιν
2913 408 3118 471 ἄνωθεν
3167 411 3302 470 εἶναι
3357 416 3419 469 τὺ
3471 416 3666 488 δόγμα,

2092 508 2334 579 δηλονότι
2391 508 2482 562 τὸν
2531 509 2886 578 Ἰουδαῖσμὺν,
2930 502 2992 561 οὗ
3045 508 3474 578 Χριστιανισμὺς
3503 509 3668 579 ἤρτη-

2091 617 2200 652 ται.
2236 601 2345 652 Καὶ
2375 601 2736 670 εὐγνωμόνως
2795 597 2906 670 (98)
2937 615 3003 667 γε
3053 600 3152 651 οὑκ
3189 598 3438 662 ὀνειδίζει
3476 598 3567 651 ἐπὶ
3597 602 3663 669 τῇ

2093 693 2199 743 ἀπὸ
2226 691 2515 762 βαρϐάρων
2551 691 2690 761 ἀρχῇ
2747 689 2824 759 τῷ
2876 689 3039 759 λόγῳ,
3077 689 3312 742 ἐπαινῶν
3344 689 3420 752 ὡς
3454 689 3664 752 ἱκανοὺς

2091 784 2274 854 εὑρεῖν
2325 783 2572 852 δόγματα
2629 781 2756 844 τοὺς
2819 781 3141 853 βαρϐάρους.
3216 779 3545 851 Προστίθησι
3607 781 3662 833 δὲ

2090 875 2318 939 τούτοις,
2355 876 2436 928 ὅτι
2471 877 2656 946 κρῖναι
2719 876 2814 927 καὶ
2863 872 3263 944 βεϐαιώσασθαι
3291 873 3386 925 καὶ
3430 873 3662 942 ἀσκῆσαι

2092 966 2227 1034 πρὸς
2259 965 2460 1035 ἀρετὴν
2485 966 2551 1018 τὰ
2585 965 2690 1017 ὑπὸ
2723 963 3014 1035 βαρϐάρων
3067 962 3357 1034 εὑρεθέντα
3385 963 3664 1033 ἀμείνονές

2091 1059 2227 1108 εἰσιν
2263 1057 2540 1127 Ἕλληνες.
2579 1056 2734 1110 Τοῦτ’
2764 1052 2856 1109 οὖν
2888 1058 3017 1126 ἡμῖν
3045 1057 3191 1108 ἐστιν
3235 1056 3298 1107 ὲκ
3326 1053 3433 1108 τῶν
3458 1056 3550 1108 ὑπ’
3570 1055 3664 1107 αὐο

2089 1146 2180 1200 τοῦ
2209 1147 2516 1216 λεγομένων
2543 1149 2623 1210 εἱς
2653 1147 2948 1215 ἀπολογίαν
2989 1146 3118 1216 περὶ
3176 1144 3284 1199 τῶν
3318 1146 3374 1198 ὲν
3404 1147 3661 1216 Χριστια-

2090 1237 2265 1307 νισμῷ
2299 1237 2591 1307 κειμένων,
2624 1237 2791 1290 ὄντων
2827 1237 3062 1308 ἀληθῶν⁶
3087 1237 3170 1289 ὅτι
3196 1235 3304 1289 ἀπὸ
3338 1235 3660 1305 Ἑλληνικῶν

2090 1347 2171 1391 τις
2195 1329 2480 1398 δογμάτων
2532 1329 2624 1381 καὶ
2681 1329 2998 1398 γυμνασίων
3026 1326 3193 1381 ἐλθὼν
3236 1326 3328 1378 ἐπὶ
3359 1326 3454 1379 τὸν
3485 1325 3659 1393 λόγον,

2088 1418 2147 1469 σὺ
2217 1417 2374 1488 μόνον
2423 1417 2597 1488 κρίνοι
2644 1415 2710 1469 ἂν
2765 1415 2902 1470 αὐτὰ
2966 1415 3080 1485 (99)
3129 1415 3324 1486 ἀληθῆ,
3373 1414 3510 1468 ἀλλά
3571 1416 3662 1466 καὶ

2089 1511 2336 1579 ἀσκήσας
2371 1508 2779 1561 κατασκευάσαι
2813 1507 2900 1569 ἂν,
2935 1507 3030 1560 καὶ
3076 1509 3135 1560 τὸ
3186 1506 3375 1560 δοκοῦν
3429 1505 3658 1573 ἐλλιπὲς,

2089 1601 2163 1662 ὡς
2190 1600 2323 1672 πρὸς
2392 1599 2707 1670 Ἑλληνικὴν
2754 1597 3050 1661 ἀπόδειξιν,
3109 1596 3524 1668 ἀναπληρῶσαι,
3559 1614 3659 1650 κα-

2087 1691 2437 1754 τασκευάζων
2485 1692 2585 1762 τὴν
2616 1688 3046 1764 Χριστιανισμοῦ
3075 1688 3396 1759 ἀληθότητα.
3431 1689 3661 1743 Λεκτέον

2090 1785 2134 1837 δ’
2163 1785 2240 1837 ἔτι
2273 1784 2408 1853 πρὸς
2439 1781 2596 1836 τοῦτο
2627 1782 2724 1854 (l),
2780 1783 2860 1834 ὅτι
2885 1782 2998 1834 ἐστί
3049 1799 3132 1844 τις
3177 1780 3353 1833 οἰκεία
3393 1780 3658 1846 ἀπόδειξις

2088 1875 2182 1929 τοῦ
2215 1875 2396 1944 λόγου,
2430 1873 2679 1945 θειοτέρα
2709 1875 2860 1944 παρὰ
2881 1874 2979 1944 τὴν
3009 1873 3116 1926 ἀπὸ
3139 1871 3485 1940 διαλεκτικῆς
3543 1872 3656 1924 Ἐλ-

2089 1968 2333 2038 ληνικήν.
2395 1965 2610 2036 Ταύτην
2662 1965 2720 2018 δὲ
2766 1965 2861 2034 τὴν
2916 1964 3196 2034 θειοτέραν
3252 1965 3281 2016 ὁ
3344 1963 3656 2026 Ἀπόστολος

2086 2053 2341 2126 ὀνομάζει
2397 2073 2416 2105 ι
2465 2053 2737 2116 ἀπόδειξιν
2792 2053 3108 2124 Πνεύματος
3162 2053 3256 2107 καὶ
3309 2053 3653 2123 δυνάμεως»

2089 2148 2402 2217 Πνεύματος
2455 2146 2572 2215 μὲν,
2605 2144 2692 2197 διὰ
2730 2145 2828 2207 τὰς
2860 2145 3217 2216 προφητείας,
3250 2143 3441 2208 ἱκανὰς
3473 2161 3656 2196 πιστο-

2086 2240 2311 2309 ποιῆσαι
2344 2239 2436 2292 τὸν
2463 2239 2878 2309 ἐντυγχάνοντα,
2917 2237 3150 2308 μάλιστα
3181 2239 3262 2301 εἰς
3296 2237 3365 2291 τὰ
3415 2237 3543 2308 περὶ
3567 2235 3655 2289 τοῦ

2084 2328 2340 2402 Χριστοῦ·
2377 2329 2656 2399 δυνάμεως
2701 2329 2780 2392 δὲ,
2814 2329 2902 2381 διά
2931 2328 3028 2391 τὰς
3060 2329 3374 2400 τεραστίους
3405 2329 3656 2398 δυνάμεις

2084 2425 2151 2486 ἃς
2177 2420 2649 2476 κατασκευαστέον
2680 2419 2962 2488 γεγονέναι
2996 2421 3092 2473 καὶ
3123 2423 3187 2473 ὲκ
3215 2420 3424 2474 πολλῶν
3454 2421 3549 2490 μὲν
3568 2420 3654 2473 άλ-

2079 2517 2206 2577 λων,
2249 2514 2342 2567 καὶ
2391 2515 2455 2565 ὲκ
2507 2511 2600 2564 τοῦ
2657 2510 2777 2583 ἴχνη
2810 2511 2866 2564 δὲ
2923 2512 3100 2566 αὐτῶν
3159 2511 3238 2564 ἔτι
3289 2511 3556 2575 σώζεσθαι
3581 2511 3653 2583 (2)

2077 2607 2229 2677 παρά
2252 2606 2362 2667 τοῖς
2395 2602 2536 2662 κατά
2558 2602 2616 2659 τὸ
2643 2600 2886 2672 βούλημα
2911 2602 3003 2655 τοῦ
3034 2602 3193 2668 λόγου
3219 2601 3414 2672 βιοῦσι.

412 2711 731 2774 p0tcstatem
767 2714 933 2769 penes
986 2699 1320 2754 Christianos
1349 2713 1501 2764 esse,
1533 2714 1657 2754 cum
1717 2715 1785 2754 ex
1819 2701 2006 2756 multis
2039 2701 2184 2764 aliis,
2220 2709 2331 2753 tum
2371 2697 2497 2751 inde
2548 2696 2783 2750 maxime
2817 2693 3075 2762 eﬂicitur,
3136 2696 3279 2765 quod
3332 2709 3522 2751 eorum
3559 2695 3652 2752 ad-

417 2789 518 2845 huc
540 2789 816 2860 supersint
846 2788 1074 2858 vestigia
1101 2788 1239 2858 apud
1270 2801 1364 2843 eos
1385 2829 1400 2854 ,
1432 2789 1524 2858 qui
1551 2804 1616 2844 ex
1646 2789 1782 2863 legis
1810 2790 2138 2850 Christiana:
2173 2789 2458 2863 praeceptis
2485 2787 2650 2845 vitam
2685 2800 2837 2845 suam
2879 2799 3168 2860 moresque
3197 2787 3442 2862 exigunt.

461 2935 526 2966 ·⁷⁹
559 2936 577 2989 l
606 2935 729 2990 Cor.
766 2950 824 3000 ιι,
858 2934 913 2987 4.

487 3071 594 3142 (98)
633 3072 1058 3142 Εῠγνωμόνως.
1109 3071 1184 3123 Ita
1228 3079 1372 3126 recte
1416 3085 1605 3126 omnes
1637 3086 1770 3128 mss.
1824 3073 1972 3128 Alias

413 3141 706 3211 εὐγνώμως
727 3180 740 3203 ,
773 3141 933 3211 male.

484 3205 607 3282 (99f
631 3211 834 3282 Kplrgt
871 3205 946 3262 ἂν
986 3209 1154 3282 αὺτιὶ.
1187 3209 1261 3262 Ita
1307 3210 1469 3282 codd.
1512 3219 1622 3265 tres
1655 3211 1971 3282 Anglicani,

2084 3085 2205 3126 cum
2261 3082 2291 3122 a
2322 3067 2568 3121 daemone
2613 3064 3071 3134 praecipitaretur,
3106 3059 3382 3134 _libei3tus
3429 3069 3569 3134 est_;_
3597 3072 3651 3118 ct

2086 3139 2443 3210 quorumdam
2474 3130 2805 3210 propinquus
2841 3143 2894 3210 et
2932 3131 3219 3210 puertilu_s._
3246 3130 3312 3183 Et
3342 3132 3529 3210 quanti
3559 3132 3651 3210 ho-

2089 3201 2222 3264 iiesti
2242 3207 2342 3260 viri
2363 3205 2451 3273 (de
2478 3201 2784 3274 vulgaribus
2811 3201 2952 3258 enim
2983 3216 3087 3274 non
3116 3201 3523 3274 dicimusiauta
3546 3201 3651 3274 dae-

415 3268 613 3351 Re‘giu's
634 3268 738 3351 ,V'et
762 3279 1071 3351 Spencerus
1107 3279 1172 3351 in»
1192 3288 1340 3351 textu
1368 3297 1381 3344 ;
1416 3268 1771 3351 llmscheliusu
1788 3268 1968 3334 autem
1998 3288 2040 3344 c
2081 3278 2292 3351 moniis,
2322 3268 2412 3328 aut
2439 3268 3327 3351 νειιριῖι-(Ιἰηὶιιιιετθηλοάίξιιίευιιιἲ
3351 3269 3466 3336 Ipse
3487 3270 3649 3324 etiam

413 3347 536 3406 Cum
582 3349 803 3418 reliquis
856 3361 1025 3418 mss.,
1081 3349 1262 3418 κρίναι
1307 3347 1374 3402 ἂν
1420 3349 1577 3402 αὑτά.
1609 3349 1833 3404 Guietus
1876 3367 1973 3418 pro

409 3418 553 3542 )ag'ird
617 3417 965 3474 scribendum
1030 3417 1181 3486 putat
1237 3417 1400 3472 αὐτοῦ
1464 3428 1519 3472 et
1577 3419 1833 3473 subaudit
1881 3417 1974 3472 τὸν

429 3529 440 3542 .
473 3506 585 3542 γον.

429 3490 585 3543 ιόγον.

473 3506 710 3631 Sic
758 3557 917 3631 codd.
977 3557 1302 3631 Augiicani,
1342 3561 1448 3631 sed
1487 3558 1628 3631 μω).
1674 3558 1802 3612 editi
1851 3574 1973 3612 cum

410 3627 632 3700 reliquis
662 3642 792 3680 mss.
811 3627 1072 3700 ,λεκτέον
1100 3628 1157 3680 δέ
1185 3646 1237 3681 τι
1261 3628 1397 3700 πρὸς
1417 3628 1593 3700 τοῦτο.

479 3694 556 3768 (2)
593 3699 721 3750 Ἔτι
773 3694 1075 3768 σώζεσθαι.
1124 3700 1198 3768 ita
1248 3694 1352 3753 duo
1398 3699 1552 3753 codd.
1610 3697 1883 3768 Vaticani
1916 3706 1974 3753 et

413 3766 729 3835 Speucerus‘
753 3768 804 3835 in
832 3773 1008 3835 textu.
1040 3767 1251 3835 Reliqui
1282 3783 1410 3820 vero
1442 3784 1570 3821 mss.
1605 3778 1658 3820 et
1709 3766 1973 3820 l-lmsche-

409 3831 538 3894 lius,
572 3831 954 3896 ὲπισώζεσθαι.
987 3833 1124 3888 Just.
1168 3831 1321 3903 Apol.
1357 3852 1393 3896 ι,
1441 3852 1562 3903 pag.
1607 3836 1840 3889 45εΚα¹ι
1880 3837 1974 3889 νῦν

410 3908 475 3958 ὲκ
496 3903 605 3955 τῶν
636 3903 731 3974 ὑπ’⁸
754 3903 1202 3974 baptvxtvopévom
1217 3905 1403 3973 μαθεῖν
1435 3905 1677 3958 δύνασθε.
1700 3907 1976 3974 Δαιμονιο-

409 3973 646 4044 λήπτους
677 3971 783 4044 γὰρ
812 3971 1035 4044 πολλοὺς
1079 3971 1442 4044 κατάίπάντα
1485 3975 1574 4026 τὸν
1613 3971 1852 4044 κόσμονν
1882 3975 1975 4044 καὶ

408 4040 473 4097 ἐν’
494 4046 558 4114 τῇ
593 4041 832 4121 ὑμετέρᾳ
879 4040 1050 4120 πόλει,
1083 4041 1264 4121 πολλοὶ
1301 4041 1413 4121 τῶν
1460 4040 1738 4121 ἡμετέρων
1767 4042 1976 4121 ἀνθρω-

407 4109 557 4178 πωνῖ
582 4109 689 4189 τίὲν
723 4109 1082 4189 Χριστιανῶν,
1118 4109 1680 4189 ὲπρρκίζοντες’.κατὰ
1714 4111 1816 4189 ἡτοιῦ
1843 4109 1976 4189 ἐνό-

409 4199 575 4252 ματος
610 4179 790 4252 ,Ἰησοῦ
819 4180 1098 4252 Χριστοῦ,
1120 4179 1235 4252 τοῦ
1263 4179 1664 4252 σταυρωθέντος
1711 4181 1801 4252 ἐττί
1843 4182 1978 4233 Πον-

405 4249 520 4303 τίου
539 4249 789 4313 Πιλάτου,
808 4249 912 4303 ὑπὸ
932 4249 1039 4302 τῶν
1052 4249 1225 4303 ἄλλων
1247 4251 1462 4303 πάντων
1484 4249 1818 4319 ὲπορκιστῶν
1840 4289 1854 4312 ,
1883 4252 1977 4303 καὶ

406 4319 713 4392 ἐπᾳστῶνη
729 4321 840 4392 καὶμ
871 4319 1271 4390 φαρμακευτῶν
1293 4319 1393 4392 ιμὴ
1443 4319 1716 4392 ὶαθέλνταςΔ
1737 4319 1973 4392 ἰάσαντο,

408 4388 500 4444 καῖ
541 4389 619 4442 ἔτι
654 4389 746 4442 νῦν
790 4388 999 4452 ἰῶνται,
1043 4388 1442 4458 καταργοῦντες
1485 4390 1576 4441 καὶ
1631 4388 1976 4451 ὲκδιώκοντες

405 4463 528 4523 τοὺς
573 4459 896 4527 κατέχοντας
943 4461 1067 4521 τοὺς
1115 4459 1432 4529 ἀνθρώπους
1475 4459 1782 4529 δαίμοναςμ
1814 4477 1832 4509 ι
1861 4459 1974 4512 Hoc

410 4531 584 4597 ipsum
616 4543 682 4581 ex
712 4529 796 4580 his
839 4543 955 4597 qua:
998 4530 1096 4581 sub
1123 4528 1339 4596 aspectu
1372 4539 1550 4580 vestro
1587 4530 1736 4591 liunt,
1772 4528 1971 4581 intelli-

408 4596 537 4666 gere
569 4597 812 4664 potestis.
863 4596 1180 4665 Complures
1230 4598 1492 4663 siquidem
1535 4599 1834 4649 damuonum
1886 4598 1974 4648 iu-

413 4666 687 4731 temperiis
715 4675 994 4731 correptos
1028 4666 1276 4722 homines
1307 4680 1404 4732 per
1433 4667 1620 4717 orbem
1651 4680 1889 4728 omnem,
1923 4673 1976 4718 et

411 4737 550 4788 hmc
591 4740 824 4786 vestram
860 4733 1070 4795 urbem,
1103 4749 1240 4801 quos
1275 4732 1365 4787 alii
1405 4732 1767 4798 adjuratores,
1803 4741 1857 4786 et
1889 4734 1974 4784 in-

408 4811 716 4854 cantatores
744 4811 795 4852 ct
831 4802 1057 4854 venefici
1101 4803 1265 4855 vestri
1304 4816 1496 4854 curare
1527 4817 1629 4854 non
1660 4810 1973 4867 potuerunt,

410 4869 662 4939 permulti
717 4869 992 4922 hominum
1026 4881 1378 4939 nostrorum,
1424 4869 1852 4939 Christianorum
1895 4871 1977 4920 in-

408 4937 596 5006 quam,
636 4952 730 5003 per
765 4953 962 4990 nomen
1014 4938 1136 4992 .Iesu
1173 4940 1374 4993 Christi
1416 4937 1519 4990 sub
1574 4937 1764 4992 Pontio
1803 4938 1975 4990 Pilato

408 5005 652 5062 crucilixi
705 5005 1020 5074 adjurantes
1067 5015 1346 5067 sauaruut,
1397 5018 1562 5073 atque
1611 5009 1773 5059 etiam
1827 5024 1972 5060 unuc

407 5084 624 5137 sanant,
653 5085 998 5128 exarmautes
1026 5087 1189 5144 atque
1225 5077 1502 5142 exigentes
1547 5076 1613 5127 ab
1665 5076 1971 5128 hominibus

405 5162 500 5201 eos
530 5147 618 5213 qui
653 5145 770 5197 illos
807 5144 1150 5204 obsederunt,
1201 5146 1488 5199 daanzoues.
1512 5162 1530 5194 ι
1571 5145 1711 5196 Idem
1746 5145 1970 5211 Dialogo

405 5232 526 5269 cum
578 5213 872 5282 Tryphone,
909 5228 1028 5282 pag.
1069 5213 1193 5275 2.47,
1225 5213 1349 5273 502,
1387 5213 1510 5266 511.
1545 5213 1865 5266 Tertullian.
1901 5217 1969 5266 ad

405 5284 713 5350 Scapulam,
757 5297 877 5352 cap.
903 5284 938 5334 2
971 5299 984 5335 :
1019 5284 1340 5352 «Daemones
1387 5291 1558 5334 autem
1603 5298 1708 5335 non
1761 5292 1969 5335 tantum

407 5353 746 5422 respuimus;
775 5351 959 5406 verum
985 5361 1040 5406 et
1070 5351 1416 5422 revincimus,
1446 5362 1501 5405 et
1521 5351 1767 5422 quotidie?
1789 5354 1971 5404 tradu-

403 5420 602 5483 cinius,
637 5429 691 5474 et
725 5423 790 5475 de
819 5420 1126 5489 hominibus
1165 5420 1504 5486 expellimus,
1536 5421 1676 5474 sicut
1722 5421 1968 5489 plurimis

412 5495 603 5557 notum
627 5494 727 5557 est.
757 5505 776 5537 ›
803 5488 948 5540 Idem
989 5488 1186 5541 ibidem
1224 5503 1341 5557 cap.
1369 5489 1402 5542 4
1431 5507 1442 5541 :
1469 5510 1486 5540 ‹
1522 5491 1647 5544 llaec
1675 5488 1851 5548 omnia
1883 5498 1974 5553 tibi

410 5567 467 5626 et
495 5556 563 5610 de
595 5556 769 5626 ofﬁcio
804 5559 1012 5626 suggeri
1040 5567 1268 5626 possunt
1288 5556 1302 5618 ,⁷
1327 5567 1378 5612 et
1412 5560 1480 5612 ab
1513 5561 1714 5615 eisdem
1747 5566 1976 5622 advoca-

416 5625 617 5697 tis,_qni
653 5634 707 5679 et
729 5625 830 5694 ipsi
854 5625 1111 5683 beneficia
1144 5627 1347 5682 habent
1376 5629 1824 5697 Christianorum,
1850 5636 1975 5693 licet

411 5692 711 5750 acclament
749 5692 869 5764 quae
898 5697 1102 5755 volunt.
1143 5697 1279 5755 Nam
1310 5708 1364 5756 et
1399 5701 1679 5773 cujusdam
1707 5692 1966 5777 notarius,

2082 3343 2342 3409 Severus,
2396 3353 2548 3410 pater
2598 3339 3391 3410 Antonini,_Christianorum
3444 3354 3651 3410 memor

2082 3418 2214 3481 fuit;
2253 3407 2373 3467 nam
2397 3407 2459 3464 'et
2490 3411 2780 3481 Proculum
2810 3408 3200 3467 Christianum,
3229 3408 3321 3475 qui
3348 3407 3646 3481 Torpacion

2081 3477 2588 3553 cognominabatur,
2607 3479 2820 3534 Evodiaz
2847 3486 3270 3553 procuratorem,
3290 3477 3382 3553 qui
3407 3493 3532 3553 eum
3556 3493 3650 3553 per

2080 3545 2256 3612 oleum
2289 3550 2575 3613 aliquando
2609 3545 2909 3611 curaverat,
2949 3547 3254 3615 requisivit,
3283 3555 3337 3599 et
3364 3549 3416 3600 in
3449 3545 3646 3613 palatio

2082 3640 2179 3678 suo
2214 3621 2400 3675 habuit
2433 3633 2602 3686 usque
2634 3620 2700 3670 ad
2745 3628 2976 3672 mortem
3011 3617 3146 3686 ejus.
3172 3635 3190 3668 ι
3230 3617 3394 3686 Idem,
3422 3616 3474 3668 in
3509 3616 3648 3686 Αροο

2079 3694 2320 3761 logetico,
2357 3702 2476 3761 cap.
2510 3685 2780 3761 95_:_¢S_ed
2838 3687 3100 3739 hactenus
3144 3687 3339 3761 verba;
3377 3685 3488 3752 jam
3524 3685 3646 3738 hinc

2084 3755 2479 3817 dernonSIratio
2512 3757 2590 3810 rei
2622 3757 2810 3825 ipsius,
2837 3768 2939 3822 qua
2969 3755 3646 3825 ostqidemusuuaniesse

2082 3833 2365 3896 utriusque
2399 3822 2657 3896 nominis'
2682 3823 3275 3896 qu_alilatem._Edatur
3319 3823 3407 3896 bic
3449 3822 3644 3889 aliquis

2081 3901 2183 3958 sub
2217 3890 2581 3952 tribunalibus
2601 3890 2818 3956 vestris,
2837 3906 2995 3961 quem
3021 3890 3263 3946 daemone
3289 3891 3373 3958 agi
3401 3902 3640 3961 constet:

2081 3971 2266 4039 jussus
2312 3980 2341 4018 a
2375 3959 2950 4039 illiolilict_Ciiristiaiio
2989 3961 3131 4030 loqui
3162 3959 3514 4039 spiritusniile
3537 3970 3639 4013 tam

2081 4028 2140 4092 ἑο
2171 4028 2465 4090 daemonem
2495 4030 2838 4085 confitebitur
2864 4031 2930 4083 de
2959 4028 3109 4090 vero,
3129 4028 3289 4097 quam
3328 4028 3454 4082 alibi
3485 4031 3640 4083 deum

2082 4105 2151 4161 de
2198 4105 2351 4158 falso.
2403 4101 2581 4169 quue
2613 4101 2941 4164 producatur
2981 4098 3177 4168 aliquis
3224 4111 3290 4169 ex
3333 4099 3420 4161 iis,
3456 4099 3545 4166 qui
3579 4099 3644 4151 de

2083 4176 2183 4230 deo
2228 4174 2333 4242 pati
2369 4166 2775 4242 existinmntur,
2809 4169 2898 4242 qui
2946 4166 3400 4242 aris‘iuhalantes
3445 4182 3639 4242 numen

2084 4247 2148 4299 de
2181 4235 2368 4296 nidore
2401 4240 2732 4307 concipiunt,
2779 4238 2872 4306 qui
2899 4236 3182 4307 ructando
3225 4246 3504 4307 curantur,
3549 4235 3639 4307 qui

2083 4313 2384 4367 anhelando
2417 4304 2863 4376 profa'ntursista
2896 4305 3010 4376 ipsa
3047 4304 3491 4376 virgoctelestis,
3528 4305 3641 4376 plu-

2083 4383 2289 4435 viarum
2325 4372 2692 4446 pollicitatrix,
2743 4375 2845 4446 iste
2894 4375 3008 4446 ipse
3037 4372 3638 4446 Esculapiusimedici-

2084 4467 2272 4505 narum
2307 4443 2726 4507 demonstrator,
2779 4443 2883 4496 alia
2920 4443 3018 4496 die
3066 4445 3342 4498 morituris
3376 4443 3636 4497 Socordio

2081 4533 2133 4573 et
2166 4518 2427 4572 'l‘hanatio
2459 4527 2514 4570 et
2557 4513 2938 4576 Asclepiodoto
2993 4513 3115 4566 vita:
3159 4512 3634 4576 subministrator;

2085 4589 2183 4641 nisi
2214 4603 2271 4641 se
2305 4588 2574 4639 da-moncs
2606 4580 2843 4636 confessi
2886 4581 3104 4646 fuerint,
3140 4580 3448 4636 Christiano
3483 4596 3635 4634 men-

2008 4630 2050 4683 Β
2214 4630 2653 4715 iivoriwaudeutes,
2693 4652 2892 4720 ibidem
2925 4649 3068 4720 illius
3091 4630 3408 4704 'Cliristiani
3446 4666 3634 4720 proca-

2075 4725 2280 4779 cissimi
2313 4723 2630 4791 sanguinem
2663 4719 2892 4791 fundite.
2941 4719 3081 4791 Quid
3122 4719 3636 4791 istoioperelmani-

2074 4793 2298 4848 festius?
2330 4787 2456 4859 quid
2497 4791 2600 4843 hac
2643 4789 2959 4859 probatione
3012 4787 3261 4859 ﬁdelius?
3298 4789 3632 4859 Simplicitas

2075 4863 2324 4915 veritatis
2349 4857 2414 4913 in
2444 4860 2620 4912 medio
2654 4869 2767 4919 est;
2801 4858 2975 4910 virtus
3009 4857 3082 4910 illi
3116 4871 3209 4910 sua
3240 4859 3468 4923 assistit,
3501 4858 3632 4912 nihil

2075 4931 2334 4998 suspicari
2365 4929 2572 4982 licebit.
2602 4927 2776 4998 Magia
2801 4935 2893 4979 aut
2925 4925 3102 4998 aliqua
3129 4926 3391 4992 ejusmodi
3424 4927 3634 4998 fallacia

2075 4994 2193 5052 fieri
2231 5000 2443 5063 dicetis,
2491 4999 2534 5050 si
2581 4994 2722 5048 oculi
2777 4994 2944 5048 vestri
2978 4994 3034 5049 et
3081 5011 3239 5049 aures
3289 4997 3635 5063 permiserint

2073 5070 2246 5122 vobis.
2281 5069 2416 5132 Quid
2461 5074 2640 5118 autem
2677 5065 2821 5132 injici
2857 5074 3036 5131 potest
3073 5066 3334 5118 adversus
3379 5066 3452 5126 id,
3495 5065 3632 5132 quod

2073 5137 2378 5192 ostenditur
2409 5136 2548 5188 nuda
2597 5132 2984 5187 sinceritate?»
3016 5133 3151 5187 Vide
3181 5143 3234 5186 et
3261 5136 3507 5188 eumdem
3541 5149 3632 5186 cae

2078 5210 2192 5275 pite
2227 5207 2490 5273 vigesimo
2516 5207 2786 5275 septimo.
2820 5201 3014 5275 lnquii
3046 5214 3100 5257 et
3149 5203 3401 5275 Irenaeus,
3447 5203 3541 5275 lib.
3570 5217 3630 5265 ιι,

2071 5271 2191 5344 cap.
2234 5271 2324 5339 δι’,
2349 5276 2478 5328 edit.
2516 5273 2906 5326 Benedictinze:
2929 5289 2949 5321 ‹
2973 5271 3203 5344 Tantum
3240 5273 3439 5344 absunt
3474 5274 3542 5326 ab
3569 5286 3632 5324 eo

2073 5342 2436 5400 utunortuum
2475 5344 2734 5406 excitent,
2765 5343 3216 5408 quemadmodum
3253 5342 3509 5396 Dominus
3542 5356 3632 5394 ex-

2075 5417 2261 5468 citavit
2289 5427 2343 5466 et
2363 5413 2591 5481 apostoli
2622 5410 3064 5481 perorationem,
3095 5422 3152 5464 et
3184 5413 3234 5462 in
3272 5411 3631 5472 fraternitate,

2077 5485 2374 5553 saepissime
2403 5479 2847 5553 propter_aliquid
2876 5480 3260 5553 necessarium,
3289 5494 3374 5553 ea,
3399 5495 3518 5546 quae
3549 5487 3630 5533 est

2074 5551 2127 5606 in
2154 5549 2374 5622 quoquo
2420 5553 2558 5613 loco,
2607 5549 2846 5622 Ecclesia
2894 5550 3144 5622 universa
3199 5549 3510 5614 postulante
3537 5561 3632 5616 per

2064 5617 2324 5692 jejuiiium
2366 5632 2421 5675 et
2475 5618 2921 5692 supplicationem
2975 5617 3220 5692 multam,
3255 5627 3632 5692 reversus__est

2068 5684 2290 5762 spiritus
2338 5684 2664 5754 mortuo,_ct
2698 5688 2928 5744 donatus
2974 5697 3059 5743 est
3102 5690 3262 5743 homo
3291 5684 3631 5741 orationibus
