3988 6156
401 311 517 369 659

1898 305 2219 365 ORIGENIS

3543 304 3650 360 τω

399 430 767 503 Pythagoram
824 427 1067 495 aliosque
1113 425 1485 493 philosomios.
1534 423 1632 479 Cui
1679 425 1965 481 dicendum

2083 426 2260 495 κράτει
2289 421 2386 494 (3)⁸
2419 421 2639 477 ἐδύνατο
2671 421 2849 492 λέγειν
2883 422 2976 476 καὶ
3002 422 3077 486 ὡς
3107 421 3396 494 Πυθαγόρᾳ
3419 422 3522 494 (4),
3554 427 3647 477 καὶ

396 520 763 578 Athenienses
791 518 1076 574 confestim
1103 515 1265 586 323
1292 515 1611 582 paenituisse
1648 517 1732 572 sui
1772 518 1827 572 in
1863 516 1963 572 So-

398 622 604 667 cratem
634 609 910 674 facinoris,
936 619 1200 675 suumque
1228 606 1410 660 odium
1437 608 1660 662 omnino
1691 607 1960 676 posuisse,

396 702 849 775 quemadmodum
882 708 936 753 et
963 699 1051 752 alii
1079 674 1208 768 erga
1257 696 1647 768 Pythagoram,
1694 674 2007 769 isiquidem‘

397 837 706 893 credidistis
735 837 801 890 ab
833 836 987 889 initio
1020 835 1326 895 tradidisse.
1360 845 1414 888 et
1439 834 1833 890 incantationes
1861 836 1971 889 ral-

401 910 561 961 lidius
594 922 751 973 quam
780 921 879 959 vos
908 906 1202 973 peregisse,
1234 905 1345 973 sed,
1366 905 1596 970 posteris
1641 905 1966 958 incantatio-

400 979 484 1029 nis
518 972 670 1029 istius
715 984 770 1028 et
825 972 1221 1028 exSecratiouis
1270 972 1512 1026 officinas
1545 973 1762 1042 publice
1804 989 1970 1040 expo-

399 1046 633 1099 suisse.»
683 1044 914 1105 Arnob.,
964 1043 1056 1098 lib.
1094 1043 1406 1096 [Adversus
1458 1053 1652 1111 gentes,
1692 1058 1814 1111 pag.
1864 1045 1966 1101 15:

405 1116 790 1169 «Occursurus
848 1113 1074 1165 forsitan
1122 1113 1263 1165 alius
1310 1120 1393 1164 est
1441 1127 1562 1164 cum
1616 1113 1800 1166 multis
1850 1113 1971 1169 aliis

398 1183 750 1238 calumniosis
781 1182 889 1235 illis
918 1191 971 1235 et
1005 1181 1301 1250 puerilibus
1326 1181 1551 1233 vocibus
1586 1197 1599 1233 :
1630 1180 1815 1250 Magos
1848 1181 1966 1250 fuit,

399 1252 755 1305 clandestinis
788 1249 1015 1305 artibus
1041 1251 1220 1304 omnia
1274 1250 1362 1302 illa
1407 1250 1656 1319 perfecit,
1689 1249 1970 1319 {Egyptio4

402 1337 521 1374 rum
555 1336 617 1374 ex
649 1323 829 1391 adytis
869 1319 1185 1391 angelorum
1216 1318 1513 1391 potcn_tium
1550 1321 1767 1391 nomina
1797 1318 1851 1373 et
1883 1337 1970 1374 re-

402 1401 573 1459 motas
608 1387 819 1444 furatus
842 1396 926 1443 est
952 1387 1284 1459 disciplinas.
1312 1406 1330 1438 ι
1364 1387 1571 1459 Tertio,
1608 1390 1750 1441 unde
1778 1391 1972 1459 aliquis

402 1458 883 1514 insulsissimorum
920 1458 1247 1528 nebulonum
1280 1457 1646 1528 pervicaciam
1676 1457 1970 1528 redarg'nc-

403 1538 502 1591 ret,
553 1544 738 1583 eorum
790 1528 1046 1591 maxime,
1082 1527 1172 1594 qui
1226 1542 1284 1581 se
1337 1526 1554 1580 Christo
1605 1543 1749 1581 nunc
1797 1526 1969 1597 pares,

403 1613 546 1651 nunc
576 1597 979 1664 przestantiorcs
1006 1597 1355 1664 jactitabant,
1399 1610 1559 1661 quam
1606 1612 1671 1650 ex
1706 1599 1972 1651 virtutum

402 1663 709 1720 divinarum
759 1663 1219 1735 demonstratione
1248 1675 1302 1720 et
1351 1663 1975 1735 miraculorumﬂcopia?

403 1735 570 1801 lren.,
608 1735 702 1790 lib.
735 1750 774 1800 ι,
810 1750 926 1804 cap.
954 1735 1044 1796 25,
1078 1735 1144 1788 de
1168 1734 1607 1804 Carpocratianis
1638 1752 1651 1787 :
1691 1754 1709 1785 ι
1731 1734 1975 1790 Ηοδοιιω

407 1815 539 1865 tem,
590 1805 790 1871 inquit,
825 1801 887 1858 in'
910 1805 1053 1857 nullo
1103 1801 1428 1858 deminorari
1471 1820 1498 1855 a
1548 1801 1695 1858 Jesu.
1746 1807 1968 1861 Animas

405 1872 548 1926 enim
586 1874 823 1942 ipsorum
853 1889 918 1927 ex
948 1873 1135 1927 eadem
1163 1873 1572 1928 circumlatione
1601 1876 1963 1940 devenientes,

404 1951 462 1995 et
489 1944 611 1997 ideo
639 1944 887 1997 similiter
916 1952 1334 1996 contemnentes
1364 1942 1544 1995 mundi
1588 1943 1966 2009 fabricatores,

404 2013 591 2065 eadem
616 2013 805 2081 dignas
828 2013 1038 2066 habitas
1068 2026 1188 2065 esse
1218 2012 1435 2076 virtute,
1455 2022 1510 2064 et
1535 2027 1722 2065 rursus
1752 2013 1805 2065 in
1826 2015 1967 2067 idem

406 2082 579 2136 abire.
616 2080 827 2150 Siquis
869 2094 1049 2135 autem
1088 2081 1205 2149 plus
1243 2096 1405 2148 quam
1453 2081 1543 2134 ille
1582 2086 1971 2150 contempserit

404 2164 491 2215 ea,
514 2165 633 2216 qua:
655 2162 780 2205 sunt
807 2152 913 2212 hic.
932 2165 1089 2218 posse
1112 2150 1383 2202 meliorem
1414 2164 1575 2218 quam
1609 2150 1756 2203 illum
1775 2168 1914 2205 esse.
1942 2171 1963 2204 ι

405 2219 759 2287 Epiphanius,
790 2221 883 2273 lib.
920 2236 959 2285 ι,
1008 2221 1137 2273 baer.
1163 2219 1253 2282 27,
1281 2231 1335 2272 et
1361 2219 1594 2273 Irenzeus
1629 2220 1836 2283 itidem,
1872 2223 1965 2275 lib.

407 2305 467 2353 ιι,
500 2304 617 2356 cap.
659 2290 729 2345 32
759 2307 773 2342 :
812 2309 829 2339 ι
859 2288 1106 2342 Dicentes
1134 2298 1312 2356 autem
1340 2304 1398 2342 se
1423 2306 1488 2344 ex
1512 2294 1700 2356 eadem
1732 2290 1967 2344 circum-

406 2354 604 2412 latione
632 2374 756 2413 cum
788 2359 912 2413 Jesu
938 2359 1136 2411 habere
1158 2354 1371 2409 animas
1407 2361 1462 2407 et
1499 2355 1706 2410 similes
1740 2357 1790 2411 ei
1831 2372 1973 2417 esse,

406 2427 696 2494 aliquando
739 2439 919 2481 autem
968 2435 1026 2480 et
1075 2425 1349 2486 meliores,
1393 2426 1460 2479 ad
1491 2440 1654 2492 Opera
1699 2425 1966 2494 producti,

407 2511 525 2563 quze
560 2496 650 2550 ille
678 2498 744 2550 ad
771 2497 1056 2550 utilitatem
1090 2495 1368 2548 hominum
1392 2504 1447 2547 et
1478 2494 1787 2547 firmitatem
1822 2494 1967 2563 fecit,

408 2565 538 2618 nihil
574 2567 702 2629 tale,
752 2581 852 2620 nec
894 2564 1091 2628 simile,
1124 2578 1299 2631 neque
1328 2564 1622 2619 secundum
1654 2564 1878 2631 aliquid,
1917 2569 1967 2621 in

408 2636 865 2705 comparationem
900 2634 1042 2705 quod
1071 2635 1255 2686 venire
1298 2641 1495 2705 posset,
1532 2632 1971 2705 perficiet-eiure-

408 2701 691 2763 aluntur.)
733 2701 960 2770 Quarto,
1002 2702 1184 2756 forsan
1237 2703 1477 2757 nonnulli
1517 2705 1629 2757 hanc
1675 2701 1769 2755 Dei
1805 2703 1971 2758 bene-

402 2772 528 2843 ticia
561 2776 743 2829 animo
788 2789 978 2843 parum
1020 2783 1183 2843 grato
1223 2780 1569 2843 receperunt,
1609 2782 1662 2826 et
1692 2773 1968 2843 _singulari

408 2839 655 2913 Numinis
684 2839 1013 2913 benignitate
1027 2839 1190 2913 abusi
1216 2851 1360 2913 sunt,
1379 2841 1459 2894 vel
1481 2841 1742 2913 exigendo
1770 2839 1970 2913 tuerce-

410 2912 555 2983 dem,
589 2914 675 2983 vel
703 2929 800 2983 pro
816 2910 990 2983 'libitu
1019 2910 1335 2983 denegando
1368 2925 1545 2983 opem,
1574 2911 1970 2983 vellocupleli-

412 2980 510 3035 bus
542 2982 672 3037 solis
703 2980 1117 3044 benefaciendo,
1164 2981 1245 3033 vel
1304 2989 1465 3034 tanta:
1496 2981 1714 3032 virtutis
1742 2982 1971 3045 gloriam

410 3049 511 3119 sibi
561 3052 879 3107 vindicando
909 3066 924 3103 :
954 3050 1150 3119 quibus
1194 3050 1445 3103 omnibus
1488 3049 1626 3101 Deus
1669 3058 1973 3119 connnutus

2068 513 2246 577 ἄλλοις
2268 513 2592 583 φιλοσόφοις.
2623 513 2856 566 Λεκτέον
2881 511 2935 564 δὲ
2962 513 3096 584 πρὸς
3122 511 3295 577 τοῦτο,
3313 513 3393 565 ὅτι
3428 513 3648 568 ὲπὶΣω-

2070 606 2258 676 κράτει
2274 605 2347 676 (5)
2365 605 2462 674 μὲν
2490 603 2690 667 εὐθέως
2714 603 2982 674 Ἀθηναῖοι
3011 604 3469 675 μετενόησανμα).
3492 605 3646 657 οὐδὲν

2071 697 2399 769 παρέμεινεν
2435 698 2617 760 αὐτοῖς
2651 697 2780 768 περὶ
2817 694 2981 749 αὐτοῦ
3019 696 3235 768 πικρὸν,
3274 696 3384 748 οὐδ’
3414 697 3512 749 ἐπὶ
3537 697 3646 750 Πυ-

2069 850 2192 897 nos,
2247 834 2635 891 revelationum
2667 833 2999 889 charismata
3035 833 3245 893 sortita,
3275 845 3409 899 quas
3449 831 3502 884 in
3546 830 3646 886 Ec—

2072 905 2232 960 clesia
2266 907 2408 958 inter
2436 903 2713 957 Dominica
2748 903 3008 958 solemnia
3041 918 3134 972 per
3176 903 3413 972 existasin
3449 901 3505 953 in
3537 902 3645 972 spi—

2070 976 2177 1028 ritu
2223 975 2445 1043 patitur.
2498 981 2855 1027 conversatur
2904 970 3303 1043 cnm‘angelis,
3349 970 3647 1038 aliquando

2072 1041 2238 1098 etiam
2276 1058 2397 1096 cum
2432 1043 2680 1107 Domino,
2710 1054 2764 1097 et
2796 1044 2941 1095 videt
2989 1054 3044 1097 et
3087 1041 3238 1094 audit
3278 1049 3644 1106 sacramenta,

2071 1123 2123 1165 et
2156 1114 2514 1181 quorumdam
2545 1114 2706 1165 corda
2741 1113 3030 1177 dignoscit,
3063 1122 3118 1166 et
3164 1109 3462 1164 medicinas
3505 1109 3646 1165 desi-

2072 1181 2389 1235 derantibus
2415 1182 2709 1234 submittit.
2731 1199 2749 1231 ι
2781 1183 3055 1235 οδρεςοειι.

2144 1252 2220 1315 (3)
2252 1252 2347 1317 Ὠς
2375 1248 2687 1316 Σωκράτει.
2726 1250 2799 1304 Ea
2829 1252 3067 1317 intellige
3093 1249 3334 1318 pericula
3359 1249 3413 1303 in
3441 1263 3565 1317 qua
3589 1264 3659 1305 se.

2074 1320 2277 1387 intulit,
2323 1327 2381 1372 ut
2421 1319 2809 1373 Theraminem
2851 1334 2880 1372 a
2919 1321 3103 1374 Critiae
3136 1318 3360 1386 ejusque
3405 1319 3643 1372 militum

2074 1389 2259 1444 furore
2292 1388 2608 1443 defenderet
2643 1388 2847 1456 (Diod.,
2885 1389 2981 1442 lib.
3020 1389 3132 1456 xw)
3156 1405 3169 1453 ;
3196 1390 3306 1450 vel,
3348 1403 3474 1441 cum
3503 1388 3649 1443 solus

2075 1458 2331 1528 sullragia
2374 1468 2561 1511 contra
2599 1457 2767 1528 legem
2814 1458 2942 1511 ferri
2980 1458 3169 1523 vetuit,
3205 1457 3349 1528 quod
3395 1472 3462 1511 ex
3524 1458 3645 1511 odio

2075 1526 2269 1583 contra
2299 1529 2463 1582 duces
2489 1526 2724 1580 conﬂato
2748 1528 2962 1596 reliqui
2992 1542 3182 1581 omnes
3210 1527 3475 1596 Prytanes
3504 1542 3648 1596 sum-

2078 1613 2298 1667 mopere
2332 1596 2517 1667 conati
2546 1606 2675 1667 sunt
2719 1593 3017 1663 (Xenoph.,
3052 1596 3147 1649 lib.
3175 1611 3204 1667 ι
3231 1593 3375 1649 Hist.
3408 1593 3646 1667 Graec);

2078 1665 2314 1720 vel'cum
2347 1680 2405 1719 se
2452 1665 2673 1735 triginta
2704 1667 2954 1735 tyrannis
2999 1665 3401 1735 immorigerum
3432 1666 3648 1733 prasti-

2004 1763 2047 1821 Β
2078 1736 2169 1821 εἰει
2201 1734 2801 1821 "absterrita"?
2821 1734 3149 1821 ,ίιρξξειεξιηξι
3168 1737 3235 1821 at
3263 1734 3525 1821 ιμςηιιυέιξ
3548 1749 3647 1821 ξει-

2076 1806 2203 1871 pitis
2236 1818 2427 1873 pmnas
2459 1800 2738 1873 Salamine
2769 1800 2954 1857 eduxit
2984 1803 3177 1873 (Plato,
3201 1801 3422 1871 Apolog.
3453 1803 3649 1856 Socra-

2074 1874 2199 1940 tis);
2236 1872 2338 1936 vel,
2372 1888 2495 1927 cum
2548 1872 2881 1925 Alcibiadem
2931 1872 3181 1927 Patidaza:
3220 1873 3469 1926 saucium
3509 1882 3647 1926 stre-
3700 1919 3706 1926 .

2075 1957 2179 1996 nne
2211 1942 2449 2010 protexit
2480 1941 2779 2010 (Plutarch.
2813 1943 2864 1995 in
2888 1941 3177 2006 Alcibiade,
3210 1941 3361 1994 Plato
3390 1942 3445 1995 in
3478 1940 3650 1995 Char-

2075 1959 2179 1996 nne
2252 1959 2449 1996 ratexu
2480 1959 2779 2010 triuiarcn.
2813 1959 2864 1995 in
2888 1959 3177 2006 Atcwtaae,
3210 1959 3361 1994 rlato
3390 1959 3445 1995 tn
3478 1959 3646 1995 Utar-

2074 1959 2268 2083 midey;
2301 2010 2410 2083 vel,
2434 2025 2555 2083 cum
2584 2010 3014 2083 Xenophontem,
3037 2027 3175 2080 equo
3199 2010 3464 2078 dilapsqu
3496 2026 3646 2083 com-

2075 2080 2240 2135 missa
2272 2081 2335 2133 ad
2382 2080 2588 2133 Delium
2641 2094 2843 2149 pugna,
2896 2082 2949 2133 in
3004 2087 3262 2134 humeros
3309 2081 3559 2149 suscepit
3598 2090 3651 2133 et

2075 2150 2243 2202 multa
2272 2149 2508 2202 confecit
2542 2147 2737 2210 stadia,
2769 2159 2825 2202 ut
2866 2152 3113 2202 eumdem
3150 2149 3406 2201 liberaret
3432 2147 3647 2216 (Laert.

2076 2219 2130 2299 in
2162 2217 2394 2299 Socr'at"
2430 2218 2649 2299 Strabo,
2680 2218 2774 2296 lib.
2798 2218 2910 2299 _Ix)_;
2943 2220 3048 2281 vel,
3081 2234 3200 2299 cum
3229 2219 3456 2297 Anytus,
3492 2218 3650 2299 bicli—

2077 2295 2163 2341 tus
2195 2297 2249 2342 et
2279 2287 2459 2356 Lycon
2489 2288 2631 2341 lictis
2657 2286 2977 2357 criminibus
2998 2288 3247 2357 populum
3274 2286 3649 2357 cuncitabant,

2074 2366 2130 2427 et
2159 2354 2467 2427 innocentis
2499 2357 2660 2409 vitam
2703 2354 3041 2411 sustulerunt
3070 2354 3266 2427 ’(Ριειυ
3301 2366 3355 2410 et
3386 2354 3645 2425 Xen0pb.

2077 2424 2130 2477 in
2162 2426 2309 2490 Apol.
2324 2425 2362 2487 ).
2391 2424 2651 2478 Spsucsn.

2149 2495 2224 2566 (4)
2261 2495 2357 2559 Ὡς
2385 2495 2725 2566 Πυθαγόρᾳἒ
2758 2493 3058 2566 Plutarcb.,
3095 2493 3170 2547 De
3215 2493 3511 2566 Stoicorum
3555 2516 3638 2551 re-

2073 2560 2377 2635 pugqanttis
2535 2560 2641 2635 μὲν
2668 2560 2760 2635 οὖν
2789 2564 3100 2635 τὰῌτοιαῦτα
3134 2564 3514 2635 συμπτώματα
3538 2567 3650 2619 τῶν

2075 2632 2530 2706 mammatae)»
2558 2633 2786 2706 ἁνρρῶν,
2818 2631 2928 2687 οἷον
2957 2636 2988 2703 ὴ
3022 2631 3340 2706 Σῳκρᾷτους
3360 2631 3650 2706 καταδίκη,

2077 2703 2169 2773 καὶ
2191 2704 2219 2753 ὀ
2249 2703 2564 2772 Πυθαγόρου
2592 2702 2788 2766 ζῶντος
2818 2702 3157 2773 ἐμπρησμὸς
3179 2703 3281 2755 ὑπὸ
3322 2703 3431 2756 τῶν
3462 2702 3653 2758 Κυλώ-

2076 2772 2252 2843 νείοίν,
2292 2774 2382 2824 καὶ
2408 2774 2649 2843 Ζήνωνος
2678 2773 2781 2825 ὑπὸ
2814 2772 3060 2843 Δημύᾉου
3087 2773 3365 2843 τυράννου,
3401 2776 3496 2826 καὶ
3539 2776 3654 2826 Ἀνο

2076 2840 2339 2913 τιφῶντος
2364 2840 2479 2894 ὑπὸ
2507 2843 2801 2913 Διονυσίου,
2835 2840 3270 2913 στρεϐλουμένων
3312 2843 3645 2913 ἀναιρέσεις,

2077 2911 2169 2982 ἐπὶ
2197 2913 2449 2982 πιτύροις
2492 2909 2929 2982 παραπίπτουσιν
2967 2909 3310 2982 ἀπεικάζειν,
3338 2909 3470 2982 ὅσηζ
3504 2915 3652 2968 ἐστὶν

2078 2979 2357 3052 εὐχερείαξ
2390 2980 2483 3032 ὲῶ.
2535 2979 2692 3033 «lam
2731 2981 3034 3052 huiusmodi
3073 2979 3457 3052 praeclarorum
3501 2984 3650 3037 viro-

2085 3049 2596 3111 ru’ni'calamitates,
2626 3049 2801 3116 qualis
2829 3049 2930 3103 fuit
2961 3050 3350 3104 condemnatio
3383 3050 3648 3116 Socratis,

412 3118 613 3176 invitus
645 3121 874 3177 retrahit
917 3108 1036 3187 qua
1070 3119 1211 3189 ultro
1247 3119 1685 3189 communicavit.
1720 3118 1978 3188 Exempla
2006 3108 2048 3164 ε-
2082 3119 2227 3186 quod
2260 3108 2724 3189 Pythagorae'vivo
2757 3133 2784 3171 a
2816 3119 3070 3189 Cyloneis
3101 3130 3183 3172 est
3217 3118 3425 3171 illatum
3462 3108 3651 3175 inceno'

412 3205 509 3244 sua
560 3200 834 3245 vetustate
885 3188 1193 3243 veneranda
1242 3188 1285 3240 si
1339 3188 1609 3254 requiras,
1657 3187 1773 3253 lege
1813 3187 1983 3244 Athe-

411 3275 613 3323 nmum,
661 3261 753 3315 lib.
798 3275 895 3322 VII,
943 3273 993 3312 c.
1040 3259 1093 3321 l,
1149 3256 1501 3325 Deipnosoplt.
1555 3256 1609 3310 Si
1657 3259 1982 3324 recentiora,

410 3328 537 3385 vide
570 3329 788 3385 Petrum
821 3327 1060 3390 llalloix,
1106 3326 1181 3379 De
1219 3326 1563 3394 scriptoribus
1599 3327 1981 3395 Orientalibus,

412 3400 470 3454 in
512 3399 948 3455 adnotationibus
969 3399 1034 3451 ad
1068 3395 1246 3450 Vitam
1292 3395 1594 3466 Polycarpi.
1634 3397 1689 3450 Si
1729 3411 1854 3450 vero
1883 3398 1975 3452 du.

412 3471 578 3535 biles,
608 3483 787 3525 utrum
824 3467 964 3522 Deus
983 3469 1110 3521 'btec
1136 3466 1316 3536 sancti
1353 3466 1589 3533 Spiritus
1615 3467 1755 3520 dona
1785 3468 1984 3536 impiis,

416 3549 475 3612 ut
500 3534 601 3612 ego
644 3539 925 3612 supposui,
974 3546 1029 3612 et
1063 3534 1371 3612 infidelibus
1411 3536 1728 3612 _i_mpertitn_s
1771 3534 1875 3601 sit,
1898 3534 1986 3591 adi

414 3604 809 3681 philologor'u'm
835 3608 1149 3681 principem,
1175 3605 1389 3681 clariss.
1410 3604 1822 3681 Montacntium,
1845 3616 1986 3661 tomo

417 3673 593 3745 primo
620 3673 792 3748 partis
822 3673 1141 3748 posterioris
1168 3673 1450 3748 Originum
1479 3675 1985 3748 ecclesiasticarum,

416 3750 509 3814 qui
557 3745 650 3803 tibi
682 3745 940 3802 Ecclesiae
985 3746 1190 3799 lumina
1233 3745 1487 3814 praeferet
1519 3756 1573 3798 et
1603 3746 1804 3800 oll'usas
1835 3755 1988 3799 tene-

418 3816 546 3868 bras
570 3817 872 3884 dissipabit.
896 3816 1118 3877 Quinto,
1144 3825 1299 3868 aucta
1324 3815 1554 3884 scientia
1579 3825 1796 3869 cessant
1824 3816 1990 3884 mira-

419 3886 564 3936 iula.
601 3883 740 3937 lluic
783 3885 1022 3937 concinit
1064 3885 1254 3937 tritum
1295 3884 1424 3935 illud
1464 3883 1773 3938 Graecorum
1805 3903 1819 3938 :
1847 3883 1989 3936 Θαύ-

422 3970 569 4024 ματα
626 3952 848 4025 μώροις.
893 3952 1069 4025 ᾼτὶδιζ
1112 3953 1208 4007 lib.
1256 3968 1313 4025 ι,
1359 3951 1681 4025 Metapbys,
1903 3954 1985 4025 2:

423 4018 727 4095 ῗΑρχονὶταί
749 4024 845 4093 μὲν
873 4021 1000 4095 γᾴρ,
1037 4018 1225 4095 ὦὲπερ
1256 4018 1750 4095 εἴπομενίάέῖδίτρῦ
1784 4018 1991 4095 θαυμά-

420 4089 774 4158 ζείν”πάντεὲ;
814 4089 1060 4153 εἰοῦτως
1094 4089 1227 4158 ἔχει.
1283 4089 1539 4144 Veritatis
1586 4092 1795 4144 initium
1840 4089 1991 4144 l’lato

418 4167 613 4220 statuit
649 4164 928 4235 θαυμάσαι
960 4161 1029 4214 τὰ
1070 4161 1390 4283 πράγέιατα,
1436 4161 1487 4213 ἱιι
1528 4159 1808 4216 Tltetcteto.
1843 4161 1988 4216 Idem

418 4237 659 4283 nrmuinit
689 4236 940 4283 Matthias
971 4235 1028 4283 ἐν
1044 4235 1208 4283 Παοα
1248 4231 1439 4283 όσεσι·
1458 4229 1748 4283 Θαύμασον
1770 4230 1838 4282 τὰ
1860 4247 1988 4283 παο-

416 4237 659 4305 prtccipit
688 4229 953 4305 blatthias
971 4235 1028 4285 ἐν
1044 4229 1439 4305 Πάρᾳδόσεᾳι·
1458 4229 1748 4305 Θαιῦμασον
1770 4230 1838 4305 τα
1860 4247 1993 4299 παρ-

416 4298 566 4369 ὄντα,
586 4298 809 4377 ’βαθμὸν
862 4303 1050 4377 τοῦτον
1070 4298 1427 4377 πρῶτον-τῆς
1463 4298 1719 4377 ἐπέκεινα
1739 4298 1991 4377 γνώσεώς

419 4371 844 4448 ῥποτιθέμενοςη
871 4376 997 4448 Nec,
1034 4371 1241 4448 abludit
1268 4371 1637 4448 _Evangeliqm
1670 4373 1989 4448 “secundum

420 4446 676 4503 Hebraeos
700 4449 790 4501 :‘O
826 4446 1008 4516 θαυμά

419 4517 884 4588 ἁναπαυθήσεται.
922 4514 1613 4588 CletnsAleL,‘Slromqf.
1647 4514 1813 4588 Il._Ea
1843 4514 1989 4566 enim

422 4582 770 4652 documenta,
824 4602 943 4654 qua:
1001 4583 1423 4652 sapientioribus
1480 4582 1826 4647 sulfecet'int,
1882 4598 1988 4635 non

421 4659 499 4707 ita
535 4654 696 4708 facile
734 4655 925 4723 vulgus
972 4668 1003 4707 a
1044 4655 1318 4723 proposito
1346 4654 1743 4723 dimoverent,
1773 4662 1830 4705 at
1867 4667 1991 4705 raro

425 4739 753 4792 quemquam
801 4721 1055 4778 invenies
1089 4724 1162 4775 ita
1218 4721 1489 4792 stupidum
1542 4731 1597 4774 et
1645 4721 1988 4792 obduratum,

424 4790 581 4859 quin,
611 4792 740 4845 visis
771 4792 1062 4855 miraculis,
1095 4798 1253 4843 tanta:
1299 4790 1373 4845 rei
1396 4805 1625 4859 causam
1660 4790 1988 4855 exquireret,

425 4858 746 4929 agnosceret
794 4861 980 4925 Deum,
1026 4872 1079 4913 et
1130 4861 1300 4913 instar
1364 4858 1593 4925 Neptuni
1639 4859 1989 4922 exclamaret,

429 4928 587 4983 Hom.
620 4928 784 4982 Iliad.
813 4931 880 4990 N,
909 4944 962 4980 v.
986 4929 1076 4991 99,
1110 4929 1237 4982 lOO:

428 5000 494 5056 Ὦ
520 5000 718 5069 πόποι,
744 4997 785 5069 ἦ
801 4998 955 5068 μέγα
978 4999 1170 5069 θαῦμα
1190 4996 1310 5050 τόδ’
1338 4995 1730 5069 ὀφραλμοῖσιιτ
1754 4996 1989 5066 ὁρῶμαι,

427 5068 654 5133 Δεινόν,
682 5069 713 5122 ὃ
743 5066 945 5122 οὔποτ’
976 5068 1154 5135 ἔγωγε
1190 5067 1655 5133 τελευτήσεσθαι
1698 5066 1988 5134 ἔφασκον.

430 5135 487 5195 Si
517 5150 572 5196 et
611 5140 882 5209 praedictis
909 5138 1196 5206 adjicercm
1228 5154 1241 5189 :
1272 5147 1445 5200 sexto,
1465 5137 1644 5209 __Deum
1675 5137 1757 5209 bis
1800 5140 1992 5192 mediis

430 5206 683 5266 conatum
710 5224 830 5263 esse
853 5209 1238 5270 introductam,
1258 5216 1414 5274 prout
1439 5206 1554 5273 ejus
1579 5206 1789 5259 novitas
1810 5217 1993 5273 postu-

432 5282 607 5347 lavit,
659 5279 983 5347 religionem
1034 5274 1310 5347 stabilire;
1389 5277 1661 5347 septimo,
1704 5276 1994 5347 emendare

431 5344 651 5419 gentes;
684 5344 902 5419 octavo,
929 5349 980 5401 in
1016 5344 1347 5412 temporibus
1375 5346 1503 5419 dira:
1547 5344 1899 5419 immanitatis
1932 5346 1994 5397 li-

433 5414 584 5474 i'teles
611 5418 915 5483 consolari;
946 5426 1002 5470 et
1039 5429 1203 5477 nono,
1254 5416 1564 5469 eorumdem
1613 5414 1834 5466 sanitati
1869 5430 1995 5482 pro-

435 5492 704 5558 spexisse,
733 5504 859 5558 cum
889 5482 1194 5555 paucissimi
1250 5482 1468 5558 fuerint
1495 5482 1704 5551 litteris
1721 5483 1996 5537 saeculari-

436 5555 539 5612 bus
567 5559 766 5612 eruditi
800 5556 1018 5610 :l‘orsan
1047 5570 1077 5609 a
1111 5568 1242 5608 vero
1278 5568 1382 5609 non
1424 5555 1755 5617 aberrarem,
1798 5562 1994 5606 utcun-

437 5640 542 5693 que
579 5627 825 5694 judicent
865 5625 1158 5680 doctiores.
1202 5623 1521 5678 Tertulliani
1556 5624 1757 5694 locum
1797 5622 1994 5676 addam

439 5709 468 5746 c
499 5693 639 5749 libro
672 5695 746 5747 De
781 5696 977 5764 anima,
1005 5709 1125 5763 cap.
1170 5695 1204 5750 9
1232 5712 1245 5749 :
1283 5713 1301 5747 ι
1325 5694 1418 5750 Est
1463 5693 1623 5749 hodie
1661 5709 1817 5750 soror
1850 5695 1993 5762 apud

2087 3189 2253 3261 dium,
2292 3187 2433 3261 quod
2482 3187 2629 3261 Zeno
2665 3203 2694 3261 a
2737 3187 2959 3261 Denion
3008 3198 3263 3261 tyranno,
3299 3189 3591 3261 Antypbon
3622 3208 3652 3245 a

2089 3257 2345 3328 Dionysio
2388 3257 2687 3310 excruciati
2738 3257 3048 3324 perierunt;
3078 3257 3328 3328 conferre
3363 3257 3486 3312 cum
3533 3259 3652 3312 fur-

2084 3327 2295 3382 furibus
2329 3327 2706 3381 excidentibus
2733 3337 2949 3395 quanta:
2982 3328 3055 3381 sit
3094 3327 3352 3392 levitatis,
3385 3330 3539 3380 mitto
3569 3329 3655 3383 di-

2086 3411 2231 3450 cere.
2262 3416 2281 3448 ›
2337 3396 2634 3467 Meminere
2685 3396 2938 3467 Laertius
2976 3407 3032 3450 et
3083 3395 3278 3450 Snidas
3328 3398 3383 3449 in
3418 3396 3649 3467 Pythag.

2088 3478 2142 3519 et
2169 3467 2439 3520 Arnobius
2487 3466 2581 3520 lib.
2635 3464 2889 3535 tAContra
2922 3475 3127 3535 gentes;
3157 3464 3531 3535 Athenagoras
3567 3464 3654 3521 iti-

2087 3535 2208 3589 dem
2251 3535 2434 3605 Legat.
2484 3552 2579 3605 pro
2614 3533 2963 3605 Cbristianis;
3001 3536 3129 3605 item
3162 3533 3485 3605 Plutarchus
3517 3535 3654 3591 libro

2086 3605 2165 3658 De
2199 3602 2435 3660 Socratis
2462 3602 2633 3674 genio.
2651 3602 2847 3658 Snidas
2874 3619 3001 3659 vero
3027 3614 3083 3674 et
3111 3604 3355 3658 Laertius
3387 3604 3651 3670 referunt,

2087 3690 2153 3728 ex
2201 3673 2523 3729 auctoritate
2579 3674 2846 3737 aliorum,
2900 3688 3021 3726 eum
3077 3673 3401 3728 incolumem
3458 3676 3655 3730 exiisse

2087 3744 2272 3806 domo,
2331 3743 3100 3812 priusquamincenderetur;
3153 3744 3450 3812 contigisse
3502 3759 3651 3812 vero,

2089 3822 2148 3865 ut
2178 3813 2386 3882 fugiens
2415 3828 2602 3881 agrum
2646 3811 2785 3866 fabis
2819 3812 3034 3879 plenum
3068 3811 3349 3882 transiret,
3382 3813 3472 3864 ubi
3507 3811 3648 3881 cum,

2092 3881 2370 3947 religionis
2394 3898 2544 3951 ergo,
2590 3882 2943 3944 constitisset,
2978 3882 3043 3951 ab
3072 3881 3480 3950 insequentibus
3503 3898 3652 3937 com-

2091 3952 2392 4018 prehensus
2424 3950 2509 4004 est
2539 3961 2595 4005 et
2633 3951 2929 4019 iugulatus.
2964 3950 3069 4002 Alii
3101 3966 3222 4004 eum
3273 3950 3510 4007 lactione
3544 3952 3653 4007 Me-

2094 4021 2373 4092 tapontina
2421 4022 2625 4092 obiisse
2674 4020 2920 4092 tradunt,
2955 4029 3014 4072 ut
3044 4020 3379 4092 Porphyrius
3419 4022 3472 4073 in
3538 4021 3653 4076 Vita

2094 4088 2431 4160 Pythagorea.
2483 4091 2634 4143 Illum
2681 4090 2793 4154 alii,
2830 4099 3112 4157 postquam
3152 4088 3363 4152 donius,
3401 4091 3454 4143 in
3494 4106 3655 4160 quam

2092 4158 2404 4228 frequenter
2450 4168 2845 4222 convenerunt,
2897 4160 3225 4228 dellagraret
3270 4175 3336 4214 ex
3384 4158 3653 4226 incendio,

2091 4228 2331 4297 elapsum
2359 4230 2618 4294 referunt,
2639 4239 2799 4297 ponte
2827 4242 2893 4281 ex
2919 4229 3305 4293 discipulorum
3338 4232 3656 4296 corporibus

2093 4300 2345 4352 confecto
2373 4317 2386 4351 :
2410 4315 2531 4352 cum
2561 4315 2692 4352 vero
2721 4298 2828 4351 illis
2857 4313 2915 4351 se
2943 4300 3197 4351 orbatum
3230 4301 3478 4363 sentiret,
3510 4310 3654 4353 totus

2094 4368 2149 4437 in
2184 4370 2370 4424 dolore
2400 4370 2610 4437 positus
2642 4383 2827 4421 necem
2859 4367 2960 4419 sibi
2988 4369 3278 4422 conscivit.
3314 4369 3562 4422 Laertius
3590 4384 3654 4422 ex

1014 4461 1111 4508 σας
1142 4436 1470 4518 βασιλεύσει,
1498 4442 1591 4496 καὶ
1612 4443 1640 4494 ὁ
1666 4439 1979 4518 βασιλεύσας

2097 4436 2413 4518 μυτωῑνυσ
2439 4439 2605 4518 refert
2647 4452 2768 4518 eum
2818 4437 3213 4518 Agrigentinis
3237 4452 3393 4518 opem
3415 4440 3654 4518 ’tulisse;

2094 4508 2247 4561 illum
2284 4506 2431 4569 vero,
2476 4509 2698 4574 reliquis
2748 4507 2801 4558 in
2856 4508 3040 4573 fugam
3079 4508 3269 4571 versis,
3312 4509 3365 4559 in
3411 4506 3654 4560 labarum

2093 4591 2306 4649 campo,
2341 4593 2500 4649 quem
2538 4577 2833 4649 circumiit,
2881 4575 3214 4649 trucidatum
3260 4577 3426 4630 fuisse
3452 4576 3656 4649 (Laert.

2094 4648 2146 4697 in
2172 4644 2444 4716 Pytlmg.).
2466 4648 2539 4699 De
2571 4646 2687 4713 ejus
2719 4644 2973 4716 periculis
3003 4645 3153 4712 plura
3186 4648 3354 4700 babes
3372 4644 3511 4714 apud
3532 4646 3659 4700 Por-

2094 4718 2343 4783 phyrium
2373 4715 2513 4770 libro
2538 4716 2612 4768 De
2643 4716 2745 4768 vita
2766 4715 3105 4784 Pythagorw,
3135 4715 3354 4768 Suidam
3405 4726 3461 4767 et
3497 4716 3659 4769 Laer-

2096 4787 2260 4847 tium;
2299 4787 2423 4837 item
2451 4788 2588 4851 apud
2617 4784 3000 4847 Jambbcbum,
3025 4800 3149 4852 cap.
3169 4784 3368 4849 55,56.
3396 4784 3655 4839 Srsncsn.

2166 4853 2241 4923 (5)
2452 4853 2765 4921 Σωκράτει.
2814 4854 3064 4924 Laertius
3103 4856 3156 4924 in
3201 4856 3418 4907 Socrate
3449 4870 3466 4907 :
3503 4854 3658 4924 Ἀθη-

2093 4922 2230 4976 ναῖοι
2261 4922 2305 4974 δ’
2330 4923 2489 4987 εὐθὺς
2519 4925 2884 4993 μετέγνωσαν,
2917 4922 3058 4975 ὥστε
3105 4923 3317 4977 κλεῖσαι
3351 4925 3446 4976 καὶ
3472 4922 3659 4977 παλαῖ-

2095 5010 2261 5064 στρας
2287 4994 2378 5046 καὶ
2403 4995 2695 5064 γυμνάσια·
2723 4997 2816 5047 καὶ
2842 4996 2965 5056 τοὺς
2999 4995 3097 5063 μὲν
3123 4993 3513 5063 ἐφυγάδευσαν,
3548 4997 3659 5047 Με-

2092 5063 2237 5135 λίτου
2283 5064 2340 5116 δὲ
2385 5064 2609 5117 θάνατον
2651 5065 3016 5133 κατέγνωσαν.
3036 5064 3297 5135 Σωκράτη
3352 5065 3409 5116 δὲ
3460 5065 3659 5134 χαλκῆς

2093 5133 2299 5206 εἰκόνος
2324 5136 2666 5206 ἐτιμήσαντο,
2702 5137 2768 5206 ἣν
2806 5136 2997 5187 ἔθεσαν
3025 5135 3082 5185 ὲν
3113 5133 3190 5203 τῷ
3212 5133 3524 5206 (Πομπηΐῳ,
3559 5138 3660 5206 Λυ-

2095 5205 2292 5257 σίππου
2334 5204 2543 5277 ταύτην
2589 5204 3261 5277 ἐργασαμένουοψᾊνυτόν
3298 5221 3357 5256 τε
3396 5204 3658 5275 ἐπιδημή-

2095 5291 2263 5347 σαντα
2286 5274 2594 5347 αὑθημερὸν
2620 5274 2950 5347 ἐξεκήρυξαν
2994 5275 3408 5346 Ἥρακλεῐωται.
3442 5294 3462 5325 ι
3492 5274 3657 5347 Athe-

2095 5346 2376 5399 niensibus
2421 5346 2537 5415 ejus
2588 5347 2714 5399 lacti
2771 5357 2980 5398 tantum
3042 5347 3379 5412 pomitcntia:
3443 5346 3661 5415 incessit

2094 5430 2242 5485 mox,
2270 5424 2330 5467 ut
2361 5414 2640 5483 palaestras
2663 5424 2719 5469 et
2749 5417 3029 5485 gymnasia
3064 5416 3400 5478 clauderent,
3445 5426 3499 5467 et
3526 5414 3661 5467 alios

2094 5484 2306 5550 quidem
2359 5488 2573 5552 exsilio,
2618 5484 2859 5539 Melitum
2906 5500 3037 5538 vero
3092 5496 3265 5538 morte
3319 5488 3657 5539 damnarent.

2098 5553 2376 5626 socratem
2409 5571 2547 5626 terea
2582 5556 2819 5626 imagine
2855 5557 3066 5624 publice
3100 5555 3458 5626 honoravere,
3496 5568 3660 5624 quam

2097 5639 2125 5676 a
2153 5622 2384 5694 Lysippo
2417 5625 2618 5679 factam
2653 5622 2720 5679 in—
2744 5622 2892 5680 urbis
2925 5625 3284 5679 celeberrimo
3315 5625 3433 5679 loco
3463 5622 3661 5679 statue-

2097 5703 2242 5747 runt.
2273 5696 2517 5764 Auytum
2568 5696 2683 5766 ipsa
2714 5696 2821 5761 die,
2853 5698 2979 5752 dum
3008 5708 3233 5764 peregre
3283 5707 3448 5763 esset,
3492 5694 3658 5749 Uera-
