  <div class='ocr_page' id='page_1' title='image "/cluster/home/n/w/nwhite01/storage/ocr_20150623/11/mdp.39015013266690/344.png"; bbox 0 0 3988 6156; ppageno 0'>
   <div class='ocr_carea' id='block_1_1' title="bbox 413 307 510 363">
    <p class='ocr_par' dir='ltr' id='par_1_1' title="bbox 413 307 510 363">
     <span class='ocr_line' id='line_1_1' title="bbox 413 307 510 363; baseline -0.01 0"><span class='ocrx_word' id='word_1_1' title='bbox 413 307 510 363; x_wconf 74' lang='grc'><strong>661</strong></span> 
     </span>
    </p>
   </div>
   <div class='ocr_carea' id='block_1_2' title="bbox 1608 306 2453 365">
    <p class='ocr_par' dir='ltr' id='par_1_2' title="bbox 1608 306 2453 365">
     <span class='ocr_line' id='line_1_2' title="bbox 1608 306 2453 365; baseline -0.005 -1"><span class='ocrx_word' id='word_1_2' title='bbox 1608 309 1891 365; x_wconf 75' lang='lat' dir='ltr'><strong>CONTRA</strong></span> <span class='ocrx_word' id='word_1_3' title='bbox 1929 307 2202 365; x_wconf 80' lang='lat' dir='ltr'><strong>CELSUM</strong></span> <span class='ocrx_word' id='word_1_4' title='bbox 2238 308 2360 363; x_wconf 71' lang='grc' dir='ltr'><strong>[ΑΒ.</strong></span> <span class='ocrx_word' id='word_1_5' title='bbox 2413 306 2453 360; x_wconf 87' lang='lat' dir='ltr'><strong>l.</strong></span> 
     </span>
    </p>
   </div>
   <div class='ocr_carea' id='block_1_3' title="bbox 3574 302 3675 356">
    <p class='ocr_par' dir='ltr' id='par_1_3' title="bbox 3574 302 3675 356">
     <span class='ocr_line' id='line_1_3' title="bbox 3574 302 3675 356; baseline -0.02 0"><span class='ocrx_word' id='word_1_6' title='bbox 3574 302 3675 356; x_wconf 69' lang='lat'><strong>(.62</strong></span> 
     </span>
    </p>
   </div>
   <div class='ocr_carea' id='block_1_4' title="bbox 414 421 1971 502">
    <p class='ocr_par' dir='ltr' id='par_1_4' title="bbox 414 426 1971 502">
     <span class='ocr_line' id='line_1_4' title="bbox 414 426 1971 502; baseline -0.003 -19"><span class='ocrx_word' id='word_1_7' title='bbox 414 429 624 500; x_wconf 67' lang='grc' dir='ltr'>θαγτὲρςι</span> <span class='ocrx_word' id='word_1_8' title='bbox 770 430 832 482; x_wconf 86' lang='grc' dir='ltr'>Οἱ</span> <span class='ocrx_word' id='word_1_9' title='bbox 872 428 1002 498; x_wconf 76' lang='grc' dir='ltr'>γοῦν</span> <span class='ocrx_word' id='word_1_10' title='bbox 1031 427 1386 498; x_wconf 84' lang='grc' dir='ltr'>Πυθαγόρειοι</span> <span class='ocrx_word' id='word_1_11' title='bbox 1432 429 1524 480; x_wconf 75' lang='grc' dir='ltr'>ἐπὶ</span> <span class='ocrx_word' id='word_1_12' title='bbox 1551 427 1731 480; x_wconf 83' lang='grc' dir='ltr'>πλεῖον</span> <span class='ocrx_word' id='word_1_13' title='bbox 1765 426 1863 489; x_wconf 75' lang='grc' dir='ltr'><strong>τὰς</strong></span> <span class='ocrx_word' id='word_1_14' title='bbox 1891 426 1971 478; x_wconf 89' lang='grc' dir='ltr'><strong>δια</strong></span> 
     </span>
    </p>
   </div>
   <div class='ocr_carea' id='block_1_5' title="bbox 2083 421 3674 502">
    <p class='ocr_par' dir='ltr' id='par_1_5' title="bbox 2110 421 3674 500">
     <span class='ocr_line' id='line_1_5' title="bbox 2110 421 3674 500; baseline -0.004 -16"><span class='ocrx_word' id='word_1_15' title='bbox 2110 429 2451 500; x_wconf 83' lang='lat' dir='ltr'><strong>Pythagorici</strong></span> <span class='ocrx_word' id='word_1_16' title='bbox 2478 426 2568 482; x_wconf 91' lang='lat' dir='ltr'><strong>diu</strong></span> <span class='ocrx_word' id='word_1_17' title='bbox 2591 425 2807 481; x_wconf 84' lang='lat' dir='ltr'><strong>scholas</strong></span> <span class='ocrx_word' id='word_1_18' title='bbox 2842 424 3144 478; x_wconf 90' lang='lat' dir='ltr'><strong>habuerunt</strong></span> <span class='ocrx_word' id='word_1_19' title='bbox 3167 422 3219 476; x_wconf 89' lang='lat' dir='ltr'><strong>in</strong></span> <span class='ocrx_word' id='word_1_20' title='bbox 3246 437 3306 476; x_wconf 88' lang='lat' dir='ltr'><strong>ea</strong></span> <span class='ocrx_word' id='word_1_21' title='bbox 3337 421 3498 475; x_wconf 76' lang='lat' dir='ltr'><strong>italia:</strong></span> <span class='ocrx_word' id='word_1_22' title='bbox 3523 434 3674 489; x_wconf 88' lang='lat' dir='ltr'><strong>parte</strong></span> 
     </span>
    </p>
   </div>
   <div class='ocr_carea' id='block_1_6' title="bbox 413 520 1995 595">
    <p class='ocr_par' dir='ltr' id='par_1_6' title="bbox 413 520 1995 595">
     <span class='ocr_line' id='line_1_6' title="bbox 413 520 1995 595; baseline 0.001 -21"><span class='ocrx_word' id='word_1_23' title='bbox 413 521 606 591; x_wconf 78' lang='grc' dir='ltr'>τριϐὰς</span> <span class='ocrx_word' id='word_1_24' title='bbox 659 523 1057 591; x_wconf 76' lang='grc' dir='ltr'><strong>συνεστήσαντο</strong></span> <span class='ocrx_word' id='word_1_25' title='bbox 1094 523 1151 573; x_wconf 84' lang='grc' dir='ltr'><strong>ὲν</strong></span> <span class='ocrx_word' id='word_1_26' title='bbox 1203 520 1421 590; x_wconf 75' lang='grc' dir='ltr'>Ἰταλίᾳ,</span> <span class='ocrx_word' id='word_1_27' title='bbox 1466 523 1530 591; x_wconf 84' lang='grc' dir='ltr'>τῇ</span> <span class='ocrx_word' id='word_1_28' title='bbox 1573 521 1834 595; x_wconf 79' lang='grc' dir='ltr'><strong>κληθείσῃ</strong></span> <span class='ocrx_word' id='word_1_29' title='bbox 1881 525 1995 576; x_wconf 87' lang='grc' dir='ltr'><strong>Με-</strong></span> 
     </span>
    </p>
   </div>
   <div class='ocr_carea' id='block_1_7' title="bbox 411 612 1996 691">
    <p class='ocr_par' dir='ltr' id='par_1_7' title="bbox 411 612 1996 691">
     <span class='ocr_line' id='line_1_7' title="bbox 411 612 1996 691; baseline 0.001 -25"><span class='ocrx_word' id='word_1_30' title='bbox 411 614 554 687; x_wconf 76' lang='grc' dir='ltr'>γάλῃ</span> <span class='ocrx_word' id='word_1_31' title='bbox 583 613 786 666; x_wconf 73' lang='grc' dir='ltr'>Ἐλλάδι</span> <span class='ocrx_word' id='word_1_32' title='bbox 809 612 907 684; x_wconf 78' lang='grc'><strong>(7)·</strong></span> <span class='ocrx_word' id='word_1_33' title='bbox 932 613 1025 666; x_wconf 75' lang='grc' dir='ltr'><strong>ἐπὶ</strong></span> <span class='ocrx_word' id='word_1_34' title='bbox 1049 613 1105 666; x_wconf 80' lang='grc' dir='ltr'>δὲ</span> <span class='ocrx_word' id='word_1_35' title='bbox 1133 615 1476 691; x_wconf 80' lang='grc' dir='ltr'>Χριστιανοῖς</span> <span class='ocrx_word' id='word_1_36' title='bbox 1501 615 1532 683; x_wconf 87' lang='grc' dir='ltr'>ή</span> <span class='ocrx_word' id='word_1_37' title='bbox 1561 615 1843 684; x_wconf 86' lang='grc' dir='ltr'>Ῥωμαίων</span> <span class='ocrx_word' id='word_1_38' title='bbox 1869 617 1996 684; x_wconf 84' lang='grc' dir='ltr'>σύγ-</span> 
     </span>
    </p>
   </div>
   <div class='ocr_carea' id='block_1_8' title="bbox 411 704 1995 776">
    <p class='ocr_par' dir='ltr' id='par_1_8' title="bbox 411 704 1995 776">
     <span class='ocr_line' id='line_1_8' title="bbox 411 704 1995 776; baseline 0.003 -19"><span class='ocrx_word' id='word_1_39' title='bbox 411 705 609 774; x_wconf 81' lang='grc' dir='ltr'>κλητος</span> <span class='ocrx_word' id='word_1_40' title='bbox 641 705 823 775; x_wconf 79' lang='grc' dir='ltr'>βουλὴ,</span> <span class='ocrx_word' id='word_1_41' title='bbox 868 704 962 757; x_wconf 72' lang='grc' dir='ltr'><strong>καὶ</strong></span> <span class='ocrx_word' id='word_1_42' title='bbox 1001 707 1048 756; x_wconf 77' lang='grc' dir='ltr'>οἱ</span> <span class='ocrx_word' id='word_1_43' title='bbox 1095 705 1234 758; x_wconf 79' lang='grc' dir='ltr'>κατὰ</span> <span class='ocrx_word' id='word_1_44' title='bbox 1278 706 1467 776; x_wconf 82' lang='grc' dir='ltr'>καιρὸν</span> <span class='ocrx_word' id='word_1_45' title='bbox 1501 705 1758 774; x_wconf 78' lang='grc' dir='ltr'><strong>βασιλεῖς,</strong></span> <span class='ocrx_word' id='word_1_46' title='bbox 1805 709 1995 762; x_wconf 75' lang='grc' dir='ltr'>καὶτὰ</span> 
     </span>
    </p>
   </div>
   <div class='ocr_carea' id='block_1_9' title="bbox 412 797 1994 868">
    <p class='ocr_par' dir='ltr' id='par_1_9' title="bbox 412 797 1994 868">
     <span class='ocr_line' id='line_1_9' title="bbox 412 797 1994 868; baseline 0.003 -19"><span class='ocrx_word' id='word_1_47' title='bbox 412 797 797 868; x_wconf 76' lang='grc' dir='ltr'>στρατιωτικὰ,</span> <span class='ocrx_word' id='word_1_48' title='bbox 833 799 926 850; x_wconf 68' lang='grc' dir='ltr'><strong>καὶ</strong></span> <span class='ocrx_word' id='word_1_49' title='bbox 962 799 1009 849; x_wconf 86' lang='grc' dir='ltr'>οἱ</span> <span class='ocrx_word' id='word_1_50' title='bbox 1055 797 1237 868; x_wconf 82' lang='grc' dir='ltr'><strong>δῆμοι,</strong></span> <span class='ocrx_word' id='word_1_51' title='bbox 1270 799 1364 851; x_wconf 74' lang='grc' dir='ltr'><strong>καὶ</strong></span> <span class='ocrx_word' id='word_1_52' title='bbox 1407 800 1456 849; x_wconf 81' lang='grc' dir='ltr'>οἱ</span> <span class='ocrx_word' id='word_1_53' title='bbox 1487 798 1594 850; x_wconf 82' lang='grc' dir='ltr'><strong>τῶν</strong></span> <span class='ocrx_word' id='word_1_54' title='bbox 1636 800 1994 853; x_wconf 80' lang='grc' dir='ltr'>πιστευόντων</span> 
     </span>
    </p>
   </div>
   <div class='ocr_carea' id='block_1_10' title="bbox 409 875 1994 958">
    <p class='ocr_par' dir='ltr' id='par_1_10' title="bbox 409 875 1994 958">
     <span class='ocr_line' id='line_1_10' title="bbox 409 875 1994 958; baseline 0.003 -20"><span class='ocrx_word' id='word_1_55' title='bbox 409 890 695 954; x_wconf 76' lang='grc' dir='ltr'>συγγενεῖς</span> <span class='ocrx_word' id='word_1_56' title='bbox 724 875 1278 958; x_wconf 74' lang='grc' dir='ltr'>προσπολεμῆσαντες</span> <span class='ocrx_word' id='word_1_57' title='bbox 1307 886 1382 957; x_wconf 80' lang='grc' dir='ltr'>τῷ</span> <span class='ocrx_word' id='word_1_58' title='bbox 1415 887 1576 957; x_wconf 81' lang='grc' dir='ltr'>λόγῳ,</span> <span class='ocrx_word' id='word_1_59' title='bbox 1616 887 1894 942; x_wconf 81' lang='grc' dir='ltr'>ἐκώλυσαν</span> <span class='ocrx_word' id='word_1_60' title='bbox 1929 889 1994 942; x_wconf 86' lang='grc' dir='ltr'>ἂν</span> 
     </span>
    </p>
   </div>
   <div class='ocr_carea' id='block_1_11' title="bbox 407 978 1994 1050">
    <p class='ocr_par' dir='ltr' id='par_1_11' title="bbox 407 978 1994 1050">
     <span class='ocr_line' id='line_1_11' title="bbox 407 978 1994 1050; baseline 0.006 -21"><span class='ocrx_word' id='word_1_61' title='bbox 407 979 572 1031; x_wconf 70' lang='grc' dir='ltr'>αὑτὸν</span> <span class='ocrx_word' id='word_1_62' title='bbox 597 979 882 1047; x_wconf 80' lang='grc' dir='ltr'>νικηθέντα</span> <span class='ocrx_word' id='word_1_63' title='bbox 915 980 1018 1032; x_wconf 82' lang='grc' dir='ltr'><strong>ὑπὸ</strong></span> <span class='ocrx_word' id='word_1_64' title='bbox 1044 980 1140 1048; x_wconf 83' lang='grc' dir='ltr'><strong>τῆς</strong></span> <span class='ocrx_word' id='word_1_65' title='bbox 1165 979 1271 1032; x_wconf 76' lang='grc' dir='ltr'><strong>τῶν</strong></span> <span class='ocrx_word' id='word_1_66' title='bbox 1300 978 1567 1031; x_wconf 79' lang='grc' dir='ltr'>τοσούτων</span> <span class='ocrx_word' id='word_1_67' title='bbox 1603 979 1918 1050; x_wconf 75' lang='grc' dir='ltr'>ἐπιϐουλῆς,</span> <span class='ocrx_word' id='word_1_68' title='bbox 1947 985 1994 1036; x_wconf 80' lang='grc' dir='ltr'>ει</span> 
     </span>
    </p>
   </div>
   <div class='ocr_carea' id='block_1_12' title="bbox 411 1069 1994 1141">
    <p class='ocr_par' dir='ltr' id='par_1_12' title="bbox 411 1069 1994 1141">
     <span class='ocr_line' id='line_1_12' title="bbox 411 1069 1994 1141; baseline 0.003 -20"><span class='ocrx_word' id='word_1_69' title='bbox 411 1070 489 1140; x_wconf 74' lang='grc' dir='ltr'>μὴ</span> <span class='ocrx_word' id='word_1_70' title='bbox 520 1069 640 1141; x_wconf 76' lang='grc' dir='ltr'>θείᾳ</span> <span class='ocrx_word' id='word_1_71' title='bbox 687 1070 910 1140; x_wconf 81' lang='grc' dir='ltr'>δυνάμει</span> <span class='ocrx_word' id='word_1_72' title='bbox 941 1070 1017 1141; x_wconf 89' lang='grc'><strong>(8)</strong></span> <span class='ocrx_word' id='word_1_73' title='bbox 1065 1069 1374 1140; x_wconf 74' lang='grc' dir='ltr'>ὑπερέκυψε</span> <span class='ocrx_word' id='word_1_74' title='bbox 1420 1070 1510 1122; x_wconf 77' lang='grc' dir='ltr'><strong>καὶ</strong></span> <span class='ocrx_word' id='word_1_75' title='bbox 1549 1070 1874 1140; x_wconf 75' lang='grc' dir='ltr'>ὑπερανέϐη,</span> <span class='ocrx_word' id='word_1_76' title='bbox 1919 1073 1994 1136; x_wconf 84' lang='grc' dir='ltr'><strong>ὡς</strong></span> 
     </span>
    </p>
   </div>
   <div class='ocr_carea' id='block_1_13' title="bbox 406 1160 1637 1231">
    <p class='ocr_par' dir='ltr' id='par_1_13' title="bbox 406 1160 1637 1231">
     <span class='ocr_line' id='line_1_13' title="bbox 406 1160 1637 1231; baseline -0.002 -17"><span class='ocrx_word' id='word_1_77' title='bbox 406 1162 634 1230; x_wconf 77' lang='grc' dir='ltr'>νικῆσαι</span> <span class='ocrx_word' id='word_1_78' title='bbox 662 1160 780 1213; x_wconf 84' lang='grc' dir='ltr'>ὅλον</span> <span class='ocrx_word' id='word_1_79' title='bbox 808 1161 1009 1230; x_wconf 82' lang='grc' dir='ltr'>κόσμον</span> <span class='ocrx_word' id='word_1_80' title='bbox 1038 1161 1182 1231; x_wconf 73' lang='grc' dir='ltr'>αὐτῷ</span> <span class='ocrx_word' id='word_1_81' title='bbox 1205 1160 1637 1212; x_wconf 79' lang='grc' dir='ltr'>ἐπιϐουλεύοντα.</span> 
     </span>
    </p>
   </div>
   <div class='ocr_carea' id='block_1_14' title="bbox 485 1339 1989 1409">
    <p class='ocr_par' dir='ltr' id='par_1_14' title="bbox 485 1339 1989 1409">
     <span class='ocr_line' id='line_1_14' title="bbox 485 1339 1989 1409; baseline 0.001 -17"><span class='ocrx_word' id='word_1_82' title='bbox 485 1340 715 1409; x_wconf 85' lang='grc' dir='ltr'>Ἴδωμεν</span> <span class='ocrx_word' id='word_1_83' title='bbox 743 1340 835 1392; x_wconf 74' lang='grc' dir='ltr'><strong>καὶ</strong></span> <span class='ocrx_word' id='word_1_84' title='bbox 861 1339 934 1402; x_wconf 83' lang='grc' dir='ltr'>ὡς</span> <span class='ocrx_word' id='word_1_85' title='bbox 969 1341 1059 1392; x_wconf 77' lang='grc' dir='ltr'><strong>τὸν</strong></span> <span class='ocrx_word' id='word_1_86' title='bbox 1091 1339 1279 1409; x_wconf 70' lang='grc' dir='ltr'>ἠθικὸν</span> <span class='ocrx_word' id='word_1_87' title='bbox 1306 1341 1467 1393; x_wconf 79' lang='grc' dir='ltr'>τόπον</span> <span class='ocrx_word' id='word_1_88' title='bbox 1499 1340 1670 1393; x_wconf 78' lang='grc' dir='ltr'>οἴεται</span> <span class='ocrx_word' id='word_1_89' title='bbox 1699 1342 1989 1406; x_wconf 80' lang='grc' dir='ltr'>διαϐαλεῖν,</span> 
     </span>
    </p>
   </div>
   <div class='ocr_carea' id='block_1_15' title="bbox 404 1428 1992 1504">
    <p class='ocr_par' dir='ltr' id='par_1_15' title="bbox 404 1428 1992 1504">
     <span class='ocr_line' id='line_1_15' title="bbox 404 1428 1992 1504; baseline 0 -18"><span class='ocrx_word' id='word_1_90' title='bbox 404 1434 487 1504; x_wconf 80' lang='grc' dir='ltr'>τῷ</span> <span class='ocrx_word' id='word_1_91' title='bbox 521 1434 695 1486; x_wconf 79' lang='grc' dir='ltr'>κοινὸν</span> <span class='ocrx_word' id='word_1_92' title='bbox 720 1428 855 1484; x_wconf 80' lang='grc' dir='ltr'>εἶναι</span> <span class='ocrx_word' id='word_1_93' title='bbox 885 1433 976 1484; x_wconf 75' lang='grc' dir='ltr'><strong>καὶ</strong></span> <span class='ocrx_word' id='word_1_94' title='bbox 1002 1433 1136 1502; x_wconf 82' lang='grc' dir='ltr'>πρὸς</span> <span class='ocrx_word' id='word_1_95' title='bbox 1167 1434 1293 1496; x_wconf 79' lang='grc' dir='ltr'>τοὺς</span> <span class='ocrx_word' id='word_1_96' title='bbox 1326 1433 1518 1496; x_wconf 81' lang='grc' dir='ltr'>ἄλλους</span> <span class='ocrx_word' id='word_1_97' title='bbox 1552 1433 1889 1502; x_wconf 70' lang='grc' dir='ltr'>φιλοσόφους,</span> <span class='ocrx_word' id='word_1_98' title='bbox 1918 1434 1992 1496; x_wconf 80' lang='grc' dir='ltr'>ὡς</span> 
     </span>
    </p>
   </div>
   <div class='ocr_carea' id='block_1_16' title="bbox 403 1524 1992 1595">
    <p class='ocr_par' dir='ltr' id='par_1_16' title="bbox 403 1524 1992 1595">
     <span class='ocr_line' id='line_1_16' title="bbox 403 1524 1992 1595; baseline -0.001 -18"><span class='ocrx_word' id='word_1_99' title='bbox 403 1527 468 1577; x_wconf 81' lang='grc' dir='ltr'><strong>οὐ</strong></span> <span class='ocrx_word' id='word_1_100' title='bbox 497 1525 688 1594; x_wconf 83' lang='grc' dir='ltr'>σεμνόν</span> <span class='ocrx_word' id='word_1_101' title='bbox 721 1542 772 1576; x_wconf 89' lang='grc' dir='ltr'><strong>τι</strong></span> <span class='ocrx_word' id='word_1_102' title='bbox 810 1525 901 1576; x_wconf 68' lang='grc' dir='ltr'><strong>καὶ</strong></span> <span class='ocrx_word' id='word_1_103' title='bbox 929 1524 1114 1576; x_wconf 78' lang='grc' dir='ltr'>καινὸν</span> <span class='ocrx_word' id='word_1_104' title='bbox 1145 1524 1392 1594; x_wconf 79' lang='grc' dir='ltr'>μάθημα.</span> <span class='ocrx_word' id='word_1_105' title='bbox 1447 1525 1590 1595; x_wconf 84' lang='grc' dir='ltr'>Πρὸς</span> <span class='ocrx_word' id='word_1_106' title='bbox 1632 1526 1789 1578; x_wconf 71' lang='grc' dir='ltr'>τοῦτο</span> <span class='ocrx_word' id='word_1_107' title='bbox 1818 1525 1873 1577; x_wconf 79' lang='grc' dir='ltr'>δὲ</span> <span class='ocrx_word' id='word_1_108' title='bbox 1907 1525 1992 1576; x_wconf 89' lang='grc' dir='ltr'>λε-</span> 
     </span>
    </p>
   </div>
   <div class='ocr_carea' id='block_1_17' title="bbox 405 1617 1986 1686">
    <p class='ocr_par' dir='ltr' id='par_1_17' title="bbox 405 1617 1986 1686">
     <span class='ocr_line' id='line_1_17' title="bbox 405 1617 1986 1686; baseline 0.001 -18"><span class='ocrx_word' id='word_1_109' title='bbox 405 1617 587 1679; x_wconf 70' lang='grc' dir='ltr'>κτέον,</span> <span class='ocrx_word' id='word_1_110' title='bbox 617 1618 697 1669; x_wconf 79' lang='grc' dir='ltr'><strong>ὅτι</strong></span> <span class='ocrx_word' id='word_1_111' title='bbox 732 1618 842 1679; x_wconf 84' lang='grc' dir='ltr'>τοῖς</span> <span class='ocrx_word' id='word_1_112' title='bbox 869 1617 1145 1682; x_wconf 75' lang='grc' dir='ltr'>εἰσάγουσι</span> <span class='ocrx_word' id='word_1_113' title='bbox 1174 1617 1354 1686; x_wconf 79' lang='grc' dir='ltr'>κρίσιν</span> <span class='ocrx_word' id='word_1_114' title='bbox 1383 1617 1595 1670; x_wconf 84' lang='grc' dir='ltr'>δικαίαν</span> <span class='ocrx_word' id='word_1_115' title='bbox 1622 1618 1757 1671; x_wconf 79' lang='grc' dir='ltr'>Θεοῦ</span> <span class='ocrx_word' id='word_1_116' title='bbox 1786 1619 1986 1672; x_wconf 73' lang='grc' dir='ltr'>ἀποκέ-</span> 
     </span>
    </p>
   </div>
   <div class='ocr_carea' id='block_1_18' title="bbox 403 1707 1990 1781">
    <p class='ocr_par' dir='ltr' id='par_1_18' title="bbox 403 1707 1990 1781">
     <span class='ocr_line' id='line_1_18' title="bbox 403 1707 1990 1781; baseline 0.001 -21"><span class='ocrx_word' id='word_1_117' title='bbox 403 1708 620 1760; x_wconf 84' lang='grc' dir='ltr'>κλειστο</span> <span class='ocrx_word' id='word_1_118' title='bbox 646 1707 710 1761; x_wconf 80' lang='grc' dir='ltr'>ἂν</span> <span class='ocrx_word' id='word_1_119' title='bbox 737 1709 768 1778; x_wconf 85' lang='grc' dir='ltr'>ὴ</span> <span class='ocrx_word' id='word_1_120' title='bbox 801 1708 892 1759; x_wconf 75' lang='grc' dir='ltr'>ἐπὶ</span> <span class='ocrx_word' id='word_1_121' title='bbox 915 1711 1027 1770; x_wconf 77' lang='grc' dir='ltr'>τοῖς</span> <span class='ocrx_word' id='word_1_122' title='bbox 1053 1708 1524 1778; x_wconf 75' lang='grc' dir='ltr'>ἁμαρτανομένοις</span> <span class='ocrx_word' id='word_1_123' title='bbox 1562 1709 1705 1780; x_wconf 81' lang='grc' dir='ltr'>δίκη,</span> <span class='ocrx_word' id='word_1_124' title='bbox 1746 1711 1818 1781; x_wconf 83' lang='grc' dir='ltr'>μὴ</span> <span class='ocrx_word' id='word_1_125' title='bbox 1856 1711 1990 1763; x_wconf 77' lang='grc' dir='ltr'>πάν-</span> 
     </span>
    </p>
   </div>
   <div class='ocr_carea' id='block_1_19' title="bbox 2104 514 3672 592">
    <p class='ocr_par' dir='ltr' id='par_1_19' title="bbox 2104 514 3672 592">
     <span class='ocr_line' id='line_1_19' title="bbox 2104 514 3672 592; baseline -0.001 -21"><span class='ocrx_word' id='word_1_126' title='bbox 2104 537 2224 592; x_wconf 81' lang='lat' dir='ltr'><strong>quae</strong></span> <span class='ocrx_word' id='word_1_127' title='bbox 2261 521 2448 589; x_wconf 82' lang='lat' dir='ltr'><strong>Magna</strong></span> <span class='ocrx_word' id='word_1_128' title='bbox 2479 518 2688 574; x_wconf 63' lang='lat' dir='ltr'><strong>Graecia</strong></span> <span class='ocrx_word' id='word_1_129' title='bbox 2737 518 3058 581; x_wconf 78' lang='lat' dir='ltr'><strong>vocabatur;</strong></span> <span class='ocrx_word' id='word_1_130' title='bbox 3099 518 3191 572; x_wconf 85' lang='lat' dir='ltr'><strong>sed</strong></span> <span class='ocrx_word' id='word_1_131' title='bbox 3222 517 3288 570; x_wconf 87' lang='lat' dir='ltr'><strong>ad</strong></span> <span class='ocrx_word' id='word_1_132' title='bbox 3331 514 3672 570; x_wconf 84' lang='lat' dir='ltr'><strong>Christianos</strong></span> 
     </span>
    </p>
   </div>
   <div class='ocr_carea' id='block_1_20' title="bbox 2102 607 3672 683">
    <p class='ocr_par' dir='ltr' id='par_1_20' title="bbox 2102 607 3672 683">
     <span class='ocr_line' id='line_1_20' title="bbox 2102 607 3672 683; baseline -0.004 -17"><span class='ocrx_word' id='word_1_133' title='bbox 2102 615 2244 683; x_wconf 91' lang='lat' dir='ltr'><strong>quod</strong></span> <span class='ocrx_word' id='word_1_134' title='bbox 2285 623 2513 682; x_wconf 79' lang='lat' dir='ltr'><strong>spectat,</strong></span> <span class='ocrx_word' id='word_1_135' title='bbox 2549 617 2798 664; x_wconf 89' lang='lat' dir='ltr'><strong>senatum</strong></span> <span class='ocrx_word' id='word_1_136' title='bbox 2833 608 3156 673; x_wconf 81' lang='lat' dir='ltr'><strong>Romanum,</strong></span> <span class='ocrx_word' id='word_1_137' title='bbox 3205 609 3561 675; x_wconf 78' lang='lat' dir='ltr'><strong>imperatores</strong></span> <span class='ocrx_word' id='word_1_138' title='bbox 3589 607 3672 660; x_wconf 86' lang='lat' dir='ltr'><strong>di-</strong></span> 
     </span>
    </p>
   </div>
   <div class='ocr_carea' id='block_1_21' title="bbox 2102 699 3673 772">
    <p class='ocr_par' dir='ltr' id='par_1_21' title="bbox 2102 699 3673 772">
     <span class='ocr_line' id='line_1_21' title="bbox 2102 699 3673 772; baseline -0.004 -13"><span class='ocrx_word' id='word_1_139' title='bbox 2102 705 2274 759; x_wconf 82' lang='lat' dir='ltr'><strong>versis</strong></span> <span class='ocrx_word' id='word_1_140' title='bbox 2327 703 2682 772; x_wconf 90' lang='lat' dir='ltr'><strong>temporibus,</strong></span> <span class='ocrx_word' id='word_1_141' title='bbox 2739 701 2959 767; x_wconf 87' lang='lat' dir='ltr'><strong>milites,</strong></span> <span class='ocrx_word' id='word_1_142' title='bbox 3005 699 3248 769; x_wconf 90' lang='lat' dir='ltr'><strong>populos,</strong></span> <span class='ocrx_word' id='word_1_143' title='bbox 3300 699 3444 766; x_wconf 91' lang='lat' dir='ltr'><strong>ipsos</strong></span> <span class='ocrx_word' id='word_1_144' title='bbox 3482 713 3673 752; x_wconf 87' lang='lat' dir='ltr'><strong>eorum</strong></span> 
     </span>
    </p>
   </div>
   <div class='ocr_carea' id='block_1_22' title="bbox 2104 790 3674 865">
    <p class='ocr_par' dir='ltr' id='par_1_22' title="bbox 2104 790 3674 865">
     <span class='ocr_line' id='line_1_22' title="bbox 2104 790 3674 865; baseline -0.003 -19"><span class='ocrx_word' id='word_1_145' title='bbox 2104 797 2193 865; x_wconf 87' lang='lat' dir='ltr'><strong>qui</strong></span> <span class='ocrx_word' id='word_1_146' title='bbox 2231 796 2529 851; x_wconf 83' lang='lat' dir='ltr'><strong>credebant</strong></span> <span class='ocrx_word' id='word_1_147' title='bbox 2575 802 2850 863; x_wconf 84' lang='lat' dir='ltr'><strong>parentes,</strong></span> <span class='ocrx_word' id='word_1_148' title='bbox 2900 791 2950 844; x_wconf 91' lang='lat' dir='ltr'><strong>in</strong></span> <span class='ocrx_word' id='word_1_149' title='bbox 2984 805 3174 845; x_wconf 88' lang='lat' dir='ltr'><strong>eorum</strong></span> <span class='ocrx_word' id='word_1_150' title='bbox 3207 790 3513 844; x_wconf 85' lang='lat' dir='ltr'><strong>doctrinam</strong></span> <span class='ocrx_word' id='word_1_151' title='bbox 3543 805 3674 844; x_wconf 87' lang='lat' dir='ltr'><strong>con-</strong></span> 
     </span>
    </p>
   </div>
   <div class='ocr_carea' id='block_1_23' title="bbox 2098 879 3670 956">
    <p class='ocr_par' dir='ltr' id='par_1_23' title="bbox 2098 879 3670 956">
     <span class='ocr_line' id='line_1_23' title="bbox 2098 879 3670 956; baseline -0.006 -16"><span class='ocrx_word' id='word_1_152' title='bbox 2098 888 2366 956; x_wconf 90' lang='lat' dir='ltr'><strong>spirasse;</strong></span> <span class='ocrx_word' id='word_1_153' title='bbox 2398 894 2454 938; x_wconf 91' lang='lat' dir='ltr'><strong>ut</strong></span> <span class='ocrx_word' id='word_1_154' title='bbox 2481 895 2554 939; x_wconf 93' lang='lat' dir='ltr'><strong>tot</strong></span> <span class='ocrx_word' id='word_1_155' title='bbox 2581 883 2820 951; x_wconf 81' lang='lat' dir='ltr'><strong>undique</strong></span> <span class='ocrx_word' id='word_1_156' title='bbox 2845 883 3080 936; x_wconf 90' lang='lat' dir='ltr'><strong>hostium</strong></span> <span class='ocrx_word' id='word_1_157' title='bbox 3107 881 3320 935; x_wconf 81' lang='lat' dir='ltr'><strong>insidiis</strong></span> <span class='ocrx_word' id='word_1_158' title='bbox 3347 879 3670 934; x_wconf 88' lang='lat' dir='ltr'><strong>circumval-</strong></span> 
     </span>
    </p>
   </div>
   <div class='ocr_carea' id='block_1_24' title="bbox 2099 972 3673 1044">
    <p class='ocr_par' dir='ltr' id='par_1_24' title="bbox 2099 972 3673 1044">
     <span class='ocr_line' id='line_1_24' title="bbox 2099 972 3673 1044; baseline -0.002 -14"><span class='ocrx_word' id='word_1_159' title='bbox 2099 977 2208 1031; x_wconf 86' lang='lat' dir='ltr'><strong>lata</strong></span> <span class='ocrx_word' id='word_1_160' title='bbox 2239 977 2379 1031; x_wconf 86' lang='lat' dir='ltr'><strong>haud</strong></span> <span class='ocrx_word' id='word_1_161' title='bbox 2411 976 2576 1031; x_wconf 91' lang='lat' dir='ltr'><strong>dubie</strong></span> <span class='ocrx_word' id='word_1_162' title='bbox 2605 989 2865 1044; x_wconf 87' lang='lat' dir='ltr'><strong>oppressa</strong></span> <span class='ocrx_word' id='word_1_163' title='bbox 2894 972 3104 1038; x_wconf 83' lang='lat' dir='ltr'><strong>fuisset,</strong></span> <span class='ocrx_word' id='word_1_164' title='bbox 3131 973 3237 1027; x_wconf 85' lang='lat' dir='ltr'><strong>nisi</strong></span> <span class='ocrx_word' id='word_1_165' title='bbox 3264 973 3442 1027; x_wconf 89' lang='lat' dir='ltr'><strong>divina</strong></span> <span class='ocrx_word' id='word_1_166' title='bbox 3472 974 3673 1027; x_wconf 88' lang='lat' dir='ltr'><strong>virtute</strong></span> 
     </span>
    </p>
   </div>
   <div class='ocr_carea' id='block_1_25' title="bbox 2097 1065 3668 1134">
    <p class='ocr_par' dir='ltr' id='par_1_25' title="bbox 2097 1065 3668 1134">
     <span class='ocr_line' id='line_1_25' title="bbox 2097 1065 3668 1134; baseline -0.004 -9"><span class='ocrx_word' id='word_1_167' title='bbox 2097 1078 2399 1126; x_wconf 78' lang='lat' dir='ltr'><strong>sustentata</strong></span> <span class='ocrx_word' id='word_1_168' title='bbox 2447 1083 2551 1121; x_wconf 92' lang='lat' dir='ltr'><strong>non</strong></span> <span class='ocrx_word' id='word_1_169' title='bbox 2603 1068 2762 1120; x_wconf 86' lang='lat' dir='ltr'><strong>modo</strong></span> <span class='ocrx_word' id='word_1_170' title='bbox 2808 1065 3070 1119; x_wconf 87' lang='lat' dir='ltr'><strong>evasisset</strong></span> <span class='ocrx_word' id='word_1_171' title='bbox 3124 1073 3285 1134; x_wconf 89' lang='lat' dir='ltr'><strong>atque</strong></span> <span class='ocrx_word' id='word_1_172' title='bbox 3334 1066 3668 1134; x_wconf 80' lang='lat' dir='ltr'><strong>emersisset,</strong></span> 
     </span>
    </p>
   </div>
   <div class='ocr_carea' id='block_1_26' title="bbox 2098 1156 3672 1219">
    <p class='ocr_par' dir='ltr' id='par_1_26' title="bbox 2098 1156 3672 1219">
     <span class='ocr_line' id='line_1_26' title="bbox 2098 1156 3672 1219; baseline -0.005 0"><span class='ocrx_word' id='word_1_173' title='bbox 2098 1165 2191 1219; x_wconf 89' lang='lat' dir='ltr'><strong>sed</strong></span> <span class='ocrx_word' id='word_1_174' title='bbox 2223 1163 2388 1217; x_wconf 86' lang='lat' dir='ltr'><strong>etiam</strong></span> <span class='ocrx_word' id='word_1_175' title='bbox 2421 1162 2606 1216; x_wconf 88' lang='lat' dir='ltr'><strong>orbein</strong></span> <span class='ocrx_word' id='word_1_176' title='bbox 2651 1159 2962 1213; x_wconf 86' lang='lat' dir='ltr'><strong>universum</strong></span> <span class='ocrx_word' id='word_1_177' title='bbox 2993 1158 3214 1210; x_wconf 82' lang='lat' dir='ltr'><strong>vicisset</strong></span> <span class='ocrx_word' id='word_1_178' title='bbox 3246 1156 3331 1211; x_wconf 86' lang='lat' dir='ltr'><strong>vel</strong></span> <span class='ocrx_word' id='word_1_179' title='bbox 3363 1157 3413 1210; x_wconf 93' lang='lat' dir='ltr'><strong>in</strong></span> <span class='ocrx_word' id='word_1_180' title='bbox 3455 1172 3512 1211; x_wconf 91' lang='lat' dir='ltr'><strong>se</strong></span> <span class='ocrx_word' id='word_1_181' title='bbox 3542 1172 3672 1212; x_wconf 90' lang='lat' dir='ltr'><strong>con-</strong></span> 
     </span>
    </p>
   </div>
   <div class='ocr_carea' id='block_1_27' title="bbox 2091 1257 2352 1327">
    <p class='ocr_par' dir='ltr' id='par_1_27' title="bbox 2091 1257 2352 1327">
     <span class='ocr_line' id='line_1_27' title="bbox 2091 1257 2352 1327; baseline -0.004 -17"><span class='ocrx_word' id='word_1_182' title='bbox 2091 1257 2352 1327; x_wconf 88' lang='lat' dir='ltr'><strong>juratnm.</strong></span> 
     </span>
    </p>
   </div>
   <div class='ocr_carea' id='block_1_28' title="bbox 2168 1344 3670 1415">
    <p class='ocr_par' dir='ltr' id='par_1_28' title="bbox 2168 1344 3670 1415">
     <span class='ocr_line' id='line_1_28' title="bbox 2168 1344 3670 1415; baseline -0.001 -17"><span class='ocrx_word' id='word_1_183' title='bbox 2168 1346 2222 1400; x_wconf 66' lang='lat'><strong>4.</strong></span> <span class='ocrx_word' id='word_1_184' title='bbox 2259 1345 2333 1400; x_wconf 88' lang='lat' dir='ltr'><strong>De</strong></span> <span class='ocrx_word' id='word_1_185' title='bbox 2355 1353 2535 1398; x_wconf 90' lang='lat' dir='ltr'><strong>nostra</strong></span> <span class='ocrx_word' id='word_1_186' title='bbox 2574 1359 2788 1415; x_wconf 89' lang='lat' dir='ltr'><strong>quoque</strong></span> <span class='ocrx_word' id='word_1_187' title='bbox 2821 1359 3035 1400; x_wconf 90' lang='lat' dir='ltr'><strong>morum</strong></span> <span class='ocrx_word' id='word_1_188' title='bbox 3068 1344 3356 1411; x_wconf 89' lang='lat' dir='ltr'><strong>disciplina</strong></span> <span class='ocrx_word' id='word_1_189' title='bbox 3393 1344 3670 1396; x_wconf 81' lang='lat' dir='ltr'><strong>videamus</strong></span> 
     </span>
    </p>
   </div>
   <div class='ocr_carea' id='block_1_29' title="bbox 2096 1433 3667 1504">
    <p class='ocr_par' dir='ltr' id='par_1_29' title="bbox 2096 1433 3667 1504">
     <span class='ocr_line' id='line_1_29' title="bbox 2096 1433 3667 1504; baseline -0.003 -17"><span class='ocrx_word' id='word_1_190' title='bbox 2096 1435 2369 1504; x_wconf 87' lang='lat' dir='ltr'><strong>quomodo</strong></span> <span class='ocrx_word' id='word_1_191' title='bbox 2414 1435 2704 1490; x_wconf 81' lang='lat' dir='ltr'><strong>detrahere</strong></span> <span class='ocrx_word' id='word_1_192' title='bbox 2766 1449 2824 1490; x_wconf 90' lang='lat' dir='ltr'><strong>se</strong></span> <span class='ocrx_word' id='word_1_193' title='bbox 2877 1443 3026 1502; x_wconf 91' lang='lat' dir='ltr'><strong>putet</strong></span> <span class='ocrx_word' id='word_1_194' title='bbox 3083 1443 3333 1502; x_wconf 84' lang='lat' dir='ltr'><strong>tanquam</strong></span> <span class='ocrx_word' id='word_1_195' title='bbox 3377 1449 3475 1487; x_wconf 91' lang='lat' dir='ltr'><strong>nec</strong></span> <span class='ocrx_word' id='word_1_196' title='bbox 3517 1433 3667 1503; x_wconf 88' lang='lat' dir='ltr'><strong>gravi</strong></span> 
     </span>
    </p>
   </div>
   <div class='ocr_carea' id='block_1_30' title="bbox 2095 1525 3669 1596">
    <p class='ocr_par' dir='ltr' id='par_1_30' title="bbox 2095 1525 3669 1596">
     <span class='ocr_line' id='line_1_30' title="bbox 2095 1525 3669 1596; baseline -0.001 -17"><span class='ocrx_word' id='word_1_197' title='bbox 2095 1542 2193 1580; x_wconf 89' lang='lat' dir='ltr'><strong>nec</strong></span> <span class='ocrx_word' id='word_1_198' title='bbox 2229 1541 2388 1588; x_wconf 87' lang='lat' dir='ltr'><strong>nova,</strong></span> <span class='ocrx_word' id='word_1_199' title='bbox 2442 1535 2727 1595; x_wconf 83' lang='lat' dir='ltr'><strong>propterea</strong></span> <span class='ocrx_word' id='word_1_200' title='bbox 2755 1529 2895 1596; x_wconf 89' lang='lat' dir='ltr'><strong>quod</strong></span> <span class='ocrx_word' id='word_1_201' title='bbox 2929 1544 2993 1581; x_wconf 90' lang='lat' dir='ltr'><strong>ea</strong></span> <span class='ocrx_word' id='word_1_202' title='bbox 3041 1525 3197 1581; x_wconf 89' lang='lat' dir='ltr'><strong>nobis</strong></span> <span class='ocrx_word' id='word_1_203' title='bbox 3247 1528 3314 1581; x_wconf 89' lang='lat' dir='ltr'><strong>sit</strong></span> <span class='ocrx_word' id='word_1_204' title='bbox 3367 1525 3669 1579; x_wconf 88' lang='lat' dir='ltr'><strong>communis</strong></span> 
     </span>
    </p>
   </div>
   <div class='ocr_carea' id='block_1_31' title="bbox 2094 1617 3666 1689">
    <p class='ocr_par' dir='ltr' id='par_1_31' title="bbox 2094 1617 3666 1689">
     <span class='ocr_line' id='line_1_31' title="bbox 2094 1617 3666 1689; baseline -0.003 -17"><span class='ocrx_word' id='word_1_205' title='bbox 2094 1634 2214 1672; x_wconf 90' lang='lat' dir='ltr'><strong>cum</strong></span> <span class='ocrx_word' id='word_1_206' title='bbox 2257 1619 2377 1672; x_wconf 87' lang='lat' dir='ltr'><strong>aliis</strong></span> <span class='ocrx_word' id='word_1_207' title='bbox 2427 1620 2798 1689; x_wconf 86' lang='lat' dir='ltr'><strong>philosophis;</strong></span> <span class='ocrx_word' id='word_1_208' title='bbox 2853 1619 2938 1673; x_wconf 91' lang='lat' dir='ltr'><strong>cui</strong></span> <span class='ocrx_word' id='word_1_209' title='bbox 2989 1619 3060 1672; x_wconf 91' lang='lat' dir='ltr'><strong>ita</strong></span> <span class='ocrx_word' id='word_1_210' title='bbox 3088 1617 3522 1687; x_wconf 87' lang='lat' dir='ltr'><strong>respondendum</strong></span> <span class='ocrx_word' id='word_1_211' title='bbox 3552 1627 3666 1670; x_wconf 90' lang='lat' dir='ltr'><strong>est:</strong></span> 
     </span>
    </p>
   </div>
   <div class='ocr_carea' id='block_1_32' title="bbox 2094 1705 3670 1777">
    <p class='ocr_par' dir='ltr' id='par_1_32' title="bbox 2094 1705 3670 1777">
     <span class='ocr_line' id='line_1_32' title="bbox 2094 1705 3670 1777; baseline -0.003 -14"><span class='ocrx_word' id='word_1_212' title='bbox 2094 1709 2205 1765; x_wconf 84' lang='lat' dir='ltr'><strong>Nisi</strong></span> <span class='ocrx_word' id='word_1_213' title='bbox 2245 1726 2434 1765; x_wconf 88' lang='lat' dir='ltr'><strong>omnes</strong></span> <span class='ocrx_word' id='word_1_214' title='bbox 2467 1713 2727 1764; x_wconf 89' lang='lat' dir='ltr'><strong>haberent</strong></span> <span class='ocrx_word' id='word_1_215' title='bbox 2758 1725 3081 1764; x_wconf 87' lang='lat' dir='ltr'><strong>communes</strong></span> <span class='ocrx_word' id='word_1_216' title='bbox 3109 1710 3367 1777; x_wconf 88' lang='lat' dir='ltr'><strong>quasdam</strong></span> <span class='ocrx_word' id='word_1_217' title='bbox 3395 1707 3464 1761; x_wconf 89' lang='lat' dir='ltr'><strong>de</strong></span> <span class='ocrx_word' id='word_1_218' title='bbox 3503 1705 3670 1760; x_wconf 84' lang='lat' dir='ltr'><strong>mori-</strong></span> 
     </span>
    </p>
   </div>
   <div class='ocr_carea' id='block_1_33' title="bbox 400 1785 1971 1872">
    <p class='ocr_par' dir='ltr' id='par_1_33' title="bbox 400 1799 1971 1870">
     <span class='ocr_line' id='line_1_33' title="bbox 400 1799 1971 1870; baseline 0.001 -18"><span class='ocrx_word' id='word_1_219' title='bbox 400 1816 514 1852; x_wconf 75' lang='grc' dir='ltr'>ιεων</span> <span class='ocrx_word' id='word_1_220' title='bbox 555 1801 785 1869; x_wconf 72' lang='grc' dir='ltr'>ἐχόντων</span> <span class='ocrx_word' id='word_1_221' title='bbox 815 1799 956 1852; x_wconf 74' lang='grc' dir='ltr'>κατὰ</span> <span class='ocrx_word' id='word_1_222' title='bbox 991 1799 1088 1861; x_wconf 75' lang='grc' dir='ltr'><strong>τὰς</strong></span> <span class='ocrx_word' id='word_1_223' title='bbox 1122 1799 1307 1861; x_wconf 81' lang='grc' dir='ltr'>κοινὰς</span> <span class='ocrx_word' id='word_1_224' title='bbox 1333 1800 1540 1862; x_wconf 81' lang='grc' dir='ltr'>ἐννοίας</span> <span class='ocrx_word' id='word_1_225' title='bbox 1565 1800 1831 1870; x_wconf 65' lang='grc' dir='ltr'>πρόληψιν</span> <span class='ocrx_word' id='word_1_226' title='bbox 1860 1802 1971 1868; x_wconf 81' lang='grc' dir='ltr'>ὑγιὶ</span> 
     </span>
    </p>
   </div>
   <div class='ocr_carea' id='block_1_34' title="bbox 2083 1785 3667 1872">
    <p class='ocr_par' dir='ltr' id='par_1_34' title="bbox 2094 1799 3667 1872">
     <span class='ocr_line' id='line_1_34' title="bbox 2094 1799 3667 1872; baseline -0.004 -16"><span class='ocrx_word' id='word_1_227' title='bbox 2094 1803 2198 1856; x_wconf 90' lang='lat' dir='ltr'><strong>bus</strong></span> <span class='ocrx_word' id='word_1_228' title='bbox 2228 1802 2479 1872; x_wconf 82' lang='lat' dir='ltr'><strong>regendis</strong></span> <span class='ocrx_word' id='word_1_229' title='bbox 2519 1801 2771 1855; x_wconf 88' lang='lat' dir='ltr'><strong>notiones</strong></span> <span class='ocrx_word' id='word_1_230' title='bbox 2805 1802 2856 1854; x_wconf 94' lang='lat' dir='ltr'><strong>in</strong></span> <span class='ocrx_word' id='word_1_231' title='bbox 2892 1800 3088 1855; x_wconf 89' lang='lat' dir='ltr'><strong>animis</strong></span> <span class='ocrx_word' id='word_1_232' title='bbox 3123 1799 3445 1868; x_wconf 87' lang='lat' dir='ltr'><strong>impressas;</strong></span> <span class='ocrx_word' id='word_1_233' title='bbox 3504 1801 3667 1852; x_wconf 90' lang='lat' dir='ltr'><strong>etiam</strong></span> 
     </span>
    </p>
   </div>
   <div class='ocr_carea' id='block_1_35' title="bbox 403 1891 1988 1963">
    <p class='ocr_par' dir='ltr' id='par_1_35' title="bbox 403 1891 1988 1963">
     <span class='ocr_line' id='line_1_35' title="bbox 403 1891 1988 1963; baseline 0.004 -21"><span class='ocrx_word' id='word_1_234' title='bbox 403 1892 535 1962; x_wconf 76' lang='grc' dir='ltr'>περὶ</span> <span class='ocrx_word' id='word_1_235' title='bbox 564 1893 656 1943; x_wconf 75' lang='grc' dir='ltr'>τοῦ</span> <span class='ocrx_word' id='word_1_236' title='bbox 691 1891 880 1962; x_wconf 70' lang='grc' dir='ltr'>ἠθικοῦ</span> <span class='ocrx_word' id='word_1_237' title='bbox 918 1891 1105 1944; x_wconf 80' lang='grc' dir='ltr'>τόπου.</span> <span class='ocrx_word' id='word_1_238' title='bbox 1153 1893 1352 1963; x_wconf 78' lang='grc' dir='ltr'>Διόπερ</span> <span class='ocrx_word' id='word_1_239' title='bbox 1383 1894 1531 1946; x_wconf 69' lang='grc' dir='ltr'>οὐδὲν</span> <span class='ocrx_word' id='word_1_240' title='bbox 1566 1893 1877 1963; x_wconf 77' lang='grc' dir='ltr'>θαυμαστὸν</span> <span class='ocrx_word' id='word_1_241' title='bbox 1900 1895 1988 1948; x_wconf 75' lang='grc' dir='ltr'><strong>τὸν</strong></span> 
     </span>
    </p>
   </div>
   <div class='ocr_carea' id='block_1_36' title="bbox 403 1983 1980 2056">
    <p class='ocr_par' dir='ltr' id='par_1_36' title="bbox 403 1983 1980 2056">
     <span class='ocr_line' id='line_1_36' title="bbox 403 1983 1980 2056; baseline 0.002 -21"><span class='ocrx_word' id='word_1_242' title='bbox 403 1983 568 2036; x_wconf 72' lang='grc' dir='ltr'>αὑτὸν</span> <span class='ocrx_word' id='word_1_243' title='bbox 602 1984 752 2048; x_wconf 82' lang='grc' dir='ltr'>Θεὸν,</span> <span class='ocrx_word' id='word_1_244' title='bbox 781 1985 924 2056; x_wconf 78' lang='grc' dir='ltr'>ἅπερ</span> <span class='ocrx_word' id='word_1_245' title='bbox 954 1984 1156 2048; x_wconf 78' lang='grc' dir='ltr'>ἐδίδαξε</span> <span class='ocrx_word' id='word_1_246' title='bbox 1186 1985 1274 2037; x_wconf 74' lang='grc' dir='ltr'>διὰ</span> <span class='ocrx_word' id='word_1_247' title='bbox 1304 1985 1412 2037; x_wconf 82' lang='grc' dir='ltr'>τῶν</span> <span class='ocrx_word' id='word_1_248' title='bbox 1443 1984 1736 2054; x_wconf 64' lang='grc' dir='ltr'>προφητῶν</span> <span class='ocrx_word' id='word_1_249' title='bbox 1769 1987 1863 2040; x_wconf 80' lang='grc' dir='ltr'><strong>καὶ</strong></span> <span class='ocrx_word' id='word_1_250' title='bbox 1887 1986 1980 2038; x_wconf 83' lang='grc' dir='ltr'>τοῦ</span> 
     </span>
    </p>
   </div>
   <div class='ocr_carea' id='block_1_37' title="bbox 402 2126 1982 2196">
    <p class='ocr_par' dir='ltr' id='par_1_37' title="bbox 402 2126 1982 2196">
     <span class='ocr_line' id='line_1_37' title="bbox 402 2126 1982 2196; baseline 0.001 -16"><span class='ocrx_word' id='word_1_251' title='bbox 402 2127 592 2196; x_wconf 72' lang='lat' dir='ltr'><strong>electa:</strong></span> <span class='ocrx_word' id='word_1_252' title='bbox 621 2126 1073 2180; x_wconf 80' lang='lat' dir='ltr'><strong>exterminarunt.</strong></span> <span class='ocrx_word' id='word_1_253' title='bbox 1101 2147 1119 2178; x_wconf 66' lang='grc' dir='ltr'><strong>ι</strong></span> <span class='ocrx_word' id='word_1_254' title='bbox 1155 2127 1382 2180; x_wconf 86' lang='lat' dir='ltr'><strong>Tertull.</strong></span> <span class='ocrx_word' id='word_1_255' title='bbox 1417 2127 1686 2195; x_wconf 71' lang='lat' dir='ltr'><strong>Apologet.</strong></span> <span class='ocrx_word' id='word_1_256' title='bbox 1721 2144 1842 2196; x_wconf 88' lang='lat' dir='ltr'><strong>cap.</strong></span> <span class='ocrx_word' id='word_1_257' title='bbox 1883 2129 1982 2182; x_wconf 68' lang='lat' dir='ltr'><strong>ll:</strong></span> 
     </span>
    </p>
   </div>
   <div class='ocr_carea' id='block_1_38' title="bbox 406 2195 1983 2265">
    <p class='ocr_par' dir='ltr' id='par_1_38' title="bbox 406 2195 1983 2265">
     <span class='ocr_line' id='line_1_38' title="bbox 406 2195 1983 2265; baseline 0.004 -19"><span class='ocrx_word' id='word_1_258' title='bbox 406 2215 429 2246; x_wconf 74' lang='grc' dir='ltr'>ς</span> <span class='ocrx_word' id='word_1_259' title='bbox 461 2195 570 2249; x_wconf 89' lang='lat' dir='ltr'><strong>Sed</strong></span> <span class='ocrx_word' id='word_1_260' title='bbox 599 2206 879 2263; x_wconf 84' lang='lat' dir='ltr'><strong>propterea</strong></span> <span class='ocrx_word' id='word_1_261' title='bbox 921 2199 1209 2249; x_wconf 88' lang='lat' dir='ltr'><strong>damnatus</strong></span> <span class='ocrx_word' id='word_1_262' title='bbox 1239 2208 1317 2250; x_wconf 87' lang='lat' dir='ltr'><strong>est</strong></span> <span class='ocrx_word' id='word_1_263' title='bbox 1358 2196 1636 2257; x_wconf 76' lang='lat' dir='ltr'><strong>Socrates.</strong></span> <span class='ocrx_word' id='word_1_264' title='bbox 1691 2195 1814 2265; x_wconf 85' lang='lat' dir='ltr'><strong>quia</strong></span> <span class='ocrx_word' id='word_1_265' title='bbox 1853 2199 1983 2253; x_wconf 84' lang='lat' dir='ltr'><strong>deos</strong></span> 
     </span>
    </p>
   </div>
   <div class='ocr_carea' id='block_1_39' title="bbox 403 2265 1978 2333">
    <p class='ocr_par' dir='ltr' id='par_1_39' title="bbox 403 2265 1978 2333">
     <span class='ocr_line' id='line_1_39' title="bbox 403 2265 1978 2333; baseline 0.003 -17"><span class='ocrx_word' id='word_1_266' title='bbox 403 2265 741 2318; x_wconf 82' lang='lat' dir='ltr'><strong>destruebat.</strong></span> <span class='ocrx_word' id='word_1_267' title='bbox 789 2267 953 2320; x_wconf 87' lang='lat' dir='ltr'><strong>Plane</strong></span> <span class='ocrx_word' id='word_1_268' title='bbox 991 2268 1141 2330; x_wconf 86' lang='lat' dir='ltr'><strong>oliui,</strong></span> <span class='ocrx_word' id='word_1_269' title='bbox 1176 2267 1226 2318; x_wconf 90' lang='lat' dir='ltr'><strong>id</strong></span> <span class='ocrx_word' id='word_1_270' title='bbox 1259 2277 1342 2319; x_wconf 88' lang='lat' dir='ltr'><strong>est</strong></span> <span class='ocrx_word' id='word_1_271' title='bbox 1371 2282 1605 2333; x_wconf 85' lang='lat' dir='ltr'><strong>semper,</strong></span> <span class='ocrx_word' id='word_1_272' title='bbox 1633 2270 1828 2321; x_wconf 83' lang='lat' dir='ltr'><strong>veritas</strong></span> <span class='ocrx_word' id='word_1_273' title='bbox 1852 2269 1978 2321; x_wconf 89' lang='lat' dir='ltr'><strong>odio</strong></span> 
     </span>
    </p>
   </div>
   <div class='ocr_carea' id='block_1_40' title="bbox 399 2335 1982 2403">
    <p class='ocr_par' dir='ltr' id='par_1_40' title="bbox 399 2335 1982 2403">
     <span class='ocr_line' id='line_1_40' title="bbox 399 2335 1982 2403; baseline 0.003 -16"><span class='ocrx_word' id='word_1_274' title='bbox 399 2342 506 2387; x_wconf 82' lang='lat' dir='ltr'><strong>est.</strong></span> <span class='ocrx_word' id='word_1_275' title='bbox 540 2335 740 2392; x_wconf 81' lang='lat' dir='ltr'><strong>Tamen</strong></span> <span class='ocrx_word' id='word_1_276' title='bbox 771 2351 916 2398; x_wconf 90' lang='lat' dir='ltr'><strong>cum,</strong></span> <span class='ocrx_word' id='word_1_277' title='bbox 954 2336 1270 2403; x_wconf 67' lang='lat' dir='ltr'><strong>paenitentia</strong></span> <span class='ocrx_word' id='word_1_278' title='bbox 1298 2337 1600 2398; x_wconf 85' lang='lat' dir='ltr'><strong>sententiae,</strong></span> <span class='ocrx_word' id='word_1_279' title='bbox 1623 2338 1982 2392; x_wconf 84' lang='lat' dir='ltr'><strong>Athenienses</strong></span> 
     </span>
    </p>
   </div>
   <div class='ocr_carea' id='block_1_41' title="bbox 399 2404 1980 2473">
    <p class='ocr_par' dir='ltr' id='par_1_41' title="bbox 399 2404 1980 2473">
     <span class='ocr_line' id='line_1_41' title="bbox 399 2404 1980 2473; baseline 0.002 -17"><span class='ocrx_word' id='word_1_280' title='bbox 399 2405 784 2473; x_wconf 86' lang='lat' dir='ltr'><strong>criminatores</strong></span> <span class='ocrx_word' id='word_1_281' title='bbox 808 2407 1048 2457; x_wconf 89' lang='lat' dir='ltr'><strong>Socratis</strong></span> <span class='ocrx_word' id='word_1_282' title='bbox 1067 2414 1254 2472; x_wconf 83' lang='lat' dir='ltr'><strong>postea</strong></span> <span class='ocrx_word' id='word_1_283' title='bbox 1278 2404 1588 2469; x_wconf 78' lang='lat' dir='ltr'><strong>alllixerint,</strong></span> <span class='ocrx_word' id='word_1_284' title='bbox 1609 2415 1662 2458; x_wconf 89' lang='lat' dir='ltr'><strong>et</strong></span> <span class='ocrx_word' id='word_1_285' title='bbox 1690 2407 1980 2473; x_wconf 79' lang='lat' dir='ltr'><strong>imaginem</strong></span> 
     </span>
    </p>
   </div>
   <div class='ocr_carea' id='block_1_42' title="bbox 397 2472 1987 2538">
    <p class='ocr_par' dir='ltr' id='par_1_42' title="bbox 397 2472 1987 2538">
     <span class='ocr_line' id='line_1_42' title="bbox 397 2472 1987 2538; baseline 0.001 -13"><span class='ocrx_word' id='word_1_286' title='bbox 397 2472 519 2538; x_wconf 83' lang='lat' dir='ltr'><strong>ejus</strong></span> <span class='ocrx_word' id='word_1_287' title='bbox 546 2488 744 2526; x_wconf 69' lang='lat' dir='ltr'><strong>aeream</strong></span> <span class='ocrx_word' id='word_1_288' title='bbox 777 2475 832 2526; x_wconf 91' lang='lat' dir='ltr'><strong>iri</strong></span> <span class='ocrx_word' id='word_1_289' title='bbox 867 2475 1064 2537; x_wconf 89' lang='lat' dir='ltr'><strong>templo</strong></span> <span class='ocrx_word' id='word_1_290' title='bbox 1109 2473 1452 2538; x_wconf 88' lang='lat' dir='ltr'><strong>collocarint,</strong></span> <span class='ocrx_word' id='word_1_291' title='bbox 1493 2475 1723 2527; x_wconf 81' lang='lat' dir='ltr'><strong>rescissa</strong></span> <span class='ocrx_word' id='word_1_292' title='bbox 1757 2472 1987 2528; x_wconf 84' lang='lat' dir='ltr'><strong>damna-</strong></span> 
     </span>
    </p>
   </div>
   <div class='ocr_carea' id='block_1_43' title="bbox 404 2540 1983 2606">
    <p class='ocr_par' dir='ltr' id='par_1_43' title="bbox 404 2540 1983 2606">
     <span class='ocr_line' id='line_1_43' title="bbox 404 2540 1983 2606; baseline 0.001 -12"><span class='ocrx_word' id='word_1_293' title='bbox 404 2544 482 2594; x_wconf 83' lang='lat' dir='ltr'><strong>tio</strong></span> <span class='ocrx_word' id='word_1_294' title='bbox 525 2543 894 2593; x_wconf 74' lang='lat' dir='ltr'><strong>lt&#39;SllﬂiOlllllll)</strong></span> <span class='ocrx_word' id='word_1_295' title='bbox 925 2540 1132 2593; x_wconf 77' lang='lat' dir='ltr'><strong>Socrati</strong></span> <span class='ocrx_word' id='word_1_296' title='bbox 1169 2541 1421 2594; x_wconf 87' lang='lat' dir='ltr'><strong>reddidit.</strong></span> <span class='ocrx_word' id='word_1_297' title='bbox 1449 2562 1465 2591; x_wconf 74' lang='grc' dir='ltr'><strong>ι</strong></span> <span class='ocrx_word' id='word_1_298' title='bbox 1501 2542 1807 2606; x_wconf 81' lang='lat' dir='ltr'><strong>Plutarch.,</strong></span> <span class='ocrx_word' id='word_1_299' title='bbox 1847 2546 1983 2597; x_wconf 86' lang='lat' dir='ltr'><strong>libro</strong></span> 
     </span>
    </p>
   </div>
   <div class='ocr_carea' id='block_1_44' title="bbox 407 2606 1986 2681">
    <p class='ocr_par' dir='ltr' id='par_1_44' title="bbox 407 2606 1986 2681">
     <span class='ocr_line' id='line_1_44' title="bbox 407 2606 1986 2681; baseline 0.003 -21"><span class='ocrx_word' id='word_1_300' title='bbox 407 2611 484 2681; x_wconf 77' lang='lat' dir='ltr'><strong>De</strong></span> <span class='ocrx_word' id='word_1_301' title='bbox 533 2611 732 2660; x_wconf 82' lang='lat' dir='ltr'><strong>invidia</strong></span> <span class='ocrx_word' id='word_1_302' title='bbox 761 2619 808 2661; x_wconf 83' lang='lat' dir='ltr'><strong>et</strong></span> <span class='ocrx_word' id='word_1_303' title='bbox 841 2610 961 2681; x_wconf 82' lang='lat' dir='ltr'><strong>odio</strong></span> <span class='ocrx_word' id='word_1_304' title='bbox 987 2623 1005 2660; x_wconf 89' lang='lat'><strong><em>:</em></strong></span> <span class='ocrx_word' id='word_1_305' title='bbox 1029 2611 1136 2661; x_wconf 70' lang='grc' dir='ltr'>Καὶ</span> <span class='ocrx_word' id='word_1_306' title='bbox 1167 2610 1470 2681; x_wconf 77' lang='grc' dir='ltr'>τούναντίον</span> <span class='ocrx_word' id='word_1_307' title='bbox 1498 2606 1564 2662; x_wconf 79' lang='grc' dir='ltr'><strong>αὖ</strong></span> <span class='ocrx_word' id='word_1_308' title='bbox 1607 2611 1764 2664; x_wconf 80' lang='grc' dir='ltr'>πάλιν</span> <span class='ocrx_word' id='word_1_309' title='bbox 1793 2615 1847 2663; x_wconf 80' lang='grc' dir='ltr'><strong>αἱ</strong></span> <span class='ocrx_word' id='word_1_310' title='bbox 1889 2612 1986 2681; x_wconf 79' lang='grc' dir='ltr'><strong>μὲν</strong></span> 
     </span>
    </p>
   </div>
   <div class='ocr_carea' id='block_1_45' title="bbox 402 2679 1984 2749">
    <p class='ocr_par' dir='ltr' id='par_1_45' title="bbox 402 2679 1984 2749">
     <span class='ocr_line' id='line_1_45' title="bbox 402 2679 1984 2749; baseline 0.004 -21"><span class='ocrx_word' id='word_1_311' title='bbox 402 2679 633 2749; x_wconf 51' lang='grc' dir='ltr'>ἐκρατοι</span> <span class='ocrx_word' id='word_1_312' title='bbox 665 2680 915 2748; x_wconf 80' lang='grc' dir='ltr'>πονηρίαι</span> <span class='ocrx_word' id='word_1_313' title='bbox 944 2679 1364 2731; x_wconf 83' lang='grc' dir='ltr'>συνεπιτείνουσι</span> <span class='ocrx_word' id='word_1_314' title='bbox 1399 2680 1459 2730; x_wconf 85' lang='grc' dir='ltr'><strong>τὸ</strong></span> <span class='ocrx_word' id='word_1_315' title='bbox 1489 2683 1662 2748; x_wconf 85' lang='grc' dir='ltr'>μῖσος.</span> <span class='ocrx_word' id='word_1_316' title='bbox 1692 2681 1830 2744; x_wconf 83' lang='grc' dir='ltr'>Τοὺς</span> <span class='ocrx_word' id='word_1_317' title='bbox 1854 2679 1984 2749; x_wconf 77' lang='grc' dir='ltr'>γοῦν</span> 
     </span>
    </p>
   </div>
   <div class='ocr_carea' id='block_1_46' title="bbox 406 2747 1981 2819">
    <p class='ocr_par' dir='ltr' id='par_1_46' title="bbox 406 2747 1981 2819">
     <span class='ocr_line' id='line_1_46' title="bbox 406 2747 1981 2819; baseline 0.003 -21"><span class='ocrx_word' id='word_1_318' title='bbox 406 2747 668 2819; x_wconf 63' lang='grc' dir='ltr'>ξωκρὰτη</span> <span class='ocrx_word' id='word_1_319' title='bbox 710 2747 1240 2819; x_wconf 70' lang='grc' dir='ltr'>συκοφαντήσαντας,</span> <span class='ocrx_word' id='word_1_320' title='bbox 1281 2749 1356 2810; x_wconf 82' lang='grc' dir='ltr'>ὡς</span> <span class='ocrx_word' id='word_1_321' title='bbox 1401 2747 1497 2812; x_wconf 79' lang='grc' dir='ltr'><strong>είς</strong></span> <span class='ocrx_word' id='word_1_322' title='bbox 1522 2749 1744 2818; x_wconf 78' lang='grc' dir='ltr'>ἔσχατον</span> <span class='ocrx_word' id='word_1_323' title='bbox 1786 2747 1981 2814; x_wconf 80' lang='grc' dir='ltr'>κακίας</span> 
     </span>
    </p>
   </div>
   <div class='ocr_carea' id='block_1_47' title="bbox 404 2815 1981 2892">
    <p class='ocr_par' dir='ltr' id='par_1_47' title="bbox 404 2815 1981 2892">
     <span class='ocr_line' id='line_1_47' title="bbox 404 2815 1981 2892; baseline 0.004 -26"><span class='ocrx_word' id='word_1_324' title='bbox 404 2815 733 2892; x_wconf 62' lang='grc' dir='ltr'>ἐληλακότας</span> <span class='ocrx_word' id='word_1_325' title='bbox 759 2815 932 2892; x_wconf 69' lang='grc' dir='ltr'>οὕτως</span> <span class='ocrx_word' id='word_1_326' title='bbox 961 2815 1225 2892; x_wconf 67' lang='grc' dir='ltr'>μίσησαν</span> <span class='ocrx_word' id='word_1_327' title='bbox 1255 2820 1320 2892; x_wconf 27' lang='grc' dir='ltr'><strong>οἱ,</strong></span> <span class='ocrx_word' id='word_1_328' title='bbox 1343 2819 1556 2892; x_wconf 84' lang='grc' dir='ltr'>πολῖται</span> <span class='ocrx_word' id='word_1_329' title='bbox 1586 2815 1676 2892; x_wconf 62' lang='grc' dir='ltr'><strong>καὶ</strong></span> <span class='ocrx_word' id='word_1_330' title='bbox 1705 2821 1981 2892; x_wconf 70' lang='grc' dir='ltr'>απεστρά-</span> 
     </span>
    </p>
   </div>
   <div class='ocr_carea' id='block_1_48' title="bbox 400 2887 1980 2958">
    <p class='ocr_par' dir='ltr' id='par_1_48' title="bbox 400 2887 1980 2958">
     <span class='ocr_line' id='line_1_48' title="bbox 400 2887 1980 2958; baseline 0.004 -21"><span class='ocrx_word' id='word_1_331' title='bbox 400 2901 602 2958; x_wconf 63' lang='grc' dir='ltr'>φησαν,</span> <span class='ocrx_word' id='word_1_332' title='bbox 639 2887 715 2949; x_wconf 82' lang='grc' dir='ltr'>ὡς</span> <span class='ocrx_word' id='word_1_333' title='bbox 755 2891 889 2958; x_wconf 82' lang='grc' dir='ltr'>μήτε</span> <span class='ocrx_word' id='word_1_334' title='bbox 920 2887 1029 2956; x_wconf 79' lang='grc' dir='ltr'>πῦρ</span> <span class='ocrx_word' id='word_1_335' title='bbox 1057 2887 1224 2951; x_wconf 68' lang='grc' dir='ltr'>αὔειν,</span> <span class='ocrx_word' id='word_1_336' title='bbox 1258 2889 1391 2958; x_wconf 81' lang='grc' dir='ltr'>μήτε</span> <span class='ocrx_word' id='word_1_337' title='bbox 1421 2889 1808 2958; x_wconf 85' lang='grc' dir='ltr'>ἀποκρίνεσθαι</span> <span class='ocrx_word' id='word_1_338' title='bbox 1848 2887 1980 2944; x_wconf 73' lang='grc' dir='ltr'>πυν-</span> 
     </span>
    </p>
   </div>
   <div class='ocr_carea' id='block_1_49' title="bbox 398 2955 1977 3028">
    <p class='ocr_par' dir='ltr' id='par_1_49' title="bbox 398 2955 1977 3028">
     <span class='ocr_line' id='line_1_49' title="bbox 398 2955 1977 3028; baseline 0.004 -22"><span class='ocrx_word' id='word_1_339' title='bbox 398 2955 716 3028; x_wconf 64' lang='grc' dir='ltr'>θανομενοις</span> <span class='ocrx_word' id='word_1_340' title='bbox 750 2955 883 3028; x_wconf 71' lang='grc' dir='ltr'>μήτε</span> <span class='ocrx_word' id='word_1_341' title='bbox 928 2955 1578 3028; x_wconf 49' lang='grc' dir='ltr'>λουομένοις’κοινωνεῖν</span> <span class='ocrx_word' id='word_1_342' title='bbox 1604 2957 1814 3026; x_wconf 75' lang='grc' dir='ltr'>ὕδατος,</span> <span class='ocrx_word' id='word_1_343' title='bbox 1864 2961 1977 3013; x_wconf 85' lang='grc' dir='ltr'>ἀλλ’</span> 
     </span>
    </p>
   </div>
   <div class='ocr_carea' id='block_1_50' title="bbox 397 3024 1975 3100">
    <p class='ocr_par' dir='ltr' id='par_1_50' title="bbox 397 3024 1975 3100">
     <span class='ocr_line' id='line_1_50' title="bbox 397 3024 1975 3100; baseline 0.003 -23"><span class='ocrx_word' id='word_1_344' title='bbox 397 3024 950 3100; x_wconf 43' lang='grc' dir='ltr'>ἀναγκᾲζεινίεκχείν</span> <span class='ocrx_word' id='word_1_345' title='bbox 999 3024 1176 3100; x_wconf 71' lang='grc' dir='ltr'>ἐκεῖνο</span> <span class='ocrx_word' id='word_1_346' title='bbox 1209 3029 1334 3100; x_wconf 79' lang='grc' dir='ltr'>τοὺς</span> <span class='ocrx_word' id='word_1_347' title='bbox 1381 3024 1832 3100; x_wconf 79' lang='grc' dir='ltr'>παραχύτας,ὼς</span> <span class='ocrx_word' id='word_1_348' title='bbox 1877 3048 1975 3100; x_wconf 86' lang='grc' dir='ltr'>με-</span> 
     </span>
    </p>
   </div>
   <div class='ocr_carea' id='block_1_51' title="bbox 400 3096 1971 3170">
    <p class='ocr_par' dir='ltr' id='par_1_51' title="bbox 400 3096 1971 3170">
     <span class='ocr_line' id='line_1_51' title="bbox 400 3096 1971 3170; baseline 0.003 -24"><span class='ocrx_word' id='word_1_349' title='bbox 400 3096 717 3170; x_wconf 78' lang='grc' dir='ltr'>μιασμένον·</span> <span class='ocrx_word' id='word_1_350' title='bbox 759 3096 868 3160; x_wconf 81' lang='grc' dir='ltr'>ἓως</span> <span class='ocrx_word' id='word_1_351' title='bbox 902 3099 1234 3170; x_wconf 80' lang='grc' dir='ltr'>ἀπήγξαντο,</span> <span class='ocrx_word' id='word_1_352' title='bbox 1279 3099 1352 3170; x_wconf 72' lang='grc' dir='ltr'>μὴ</span> <span class='ocrx_word' id='word_1_353' title='bbox 1391 3096 1645 3170; x_wconf 75' lang='grc' dir='ltr'>φέροντες</span> <span class='ocrx_word' id='word_1_354' title='bbox 1692 3099 1751 3170; x_wconf 72' lang='grc' dir='ltr'>τὸ</span> <span class='ocrx_word' id='word_1_355' title='bbox 1796 3096 1971 3170; x_wconf 79' lang='grc' dir='ltr'>μῖσος.</span> 
     </span>
    </p>
   </div>
   <div class='ocr_carea' id='block_1_52' title="bbox 2095 1890 3671 1964">
    <p class='ocr_par' dir='ltr' id='par_1_52' title="bbox 2095 1890 3671 1964">
     <span class='ocr_line' id='line_1_52' title="bbox 2095 1890 3671 1964; baseline -0.003 -17"><span class='ocrx_word' id='word_1_356' title='bbox 2095 1894 2188 1964; x_wconf 90' lang='lat' dir='ltr'><strong>qui</strong></span> <span class='ocrx_word' id='word_1_357' title='bbox 2249 1895 2456 1964; x_wconf 86' lang='lat' dir='ltr'><strong>justum</strong></span> <span class='ocrx_word' id='word_1_358' title='bbox 2506 1894 2557 1945; x_wconf 90' lang='lat' dir='ltr'><strong>in</strong></span> <span class='ocrx_word' id='word_1_359' title='bbox 2613 1907 2671 1946; x_wconf 90' lang='lat' dir='ltr'><strong>se</strong></span> <span class='ocrx_word' id='word_1_360' title='bbox 2720 1890 2811 1946; x_wconf 86' lang='lat' dir='ltr'><strong>Dei</strong></span> <span class='ocrx_word' id='word_1_361' title='bbox 2843 1892 3104 1960; x_wconf 84' lang='lat' dir='ltr'><strong>judicium</strong></span> <span class='ocrx_word' id='word_1_362' title='bbox 3159 1899 3445 1946; x_wconf 79' lang='lat' dir='ltr'><strong>accersunt</strong></span> <span class='ocrx_word' id='word_1_363' title='bbox 3507 1898 3671 1960; x_wconf 88' lang='lat' dir='ltr'><strong>atque</strong></span> 
     </span>
    </p>
   </div>
   <div class='ocr_carea' id='block_1_53' title="bbox 2089 1981 3670 2052">
    <p class='ocr_par' dir='ltr' id='par_1_53' title="bbox 2089 1981 3670 2052">
     <span class='ocr_line' id='line_1_53' title="bbox 2089 1981 3670 2052; baseline 0.001 -18"><span class='ocrx_word' id='word_1_364' title='bbox 2089 1983 2394 2043; x_wconf 89' lang='lat' dir='ltr'><strong>attrahunt,</strong></span> <span class='ocrx_word' id='word_1_365' title='bbox 2443 1981 2518 2034; x_wconf 89' lang='lat' dir='ltr'><strong>illi</strong></span> <span class='ocrx_word' id='word_1_366' title='bbox 2576 1981 2811 2035; x_wconf 85' lang='lat' dir='ltr'><strong>debitam</strong></span> <span class='ocrx_word' id='word_1_367' title='bbox 2844 1982 2957 2035; x_wconf 89' lang='lat' dir='ltr'><strong>suis</strong></span> <span class='ocrx_word' id='word_1_368' title='bbox 2998 1983 3231 2050; x_wconf 90' lang='lat' dir='ltr'><strong>peccatis</strong></span> <span class='ocrx_word' id='word_1_369' title='bbox 3254 1996 3468 2052; x_wconf 87' lang='lat' dir='ltr'><strong>poenam</strong></span> <span class='ocrx_word' id='word_1_370' title='bbox 3500 1981 3670 2036; x_wconf 87' lang='lat' dir='ltr'><strong>decli-</strong></span> 
     </span>
    </p>
   </div>
   <div class='ocr_carea' id='block_1_54' title="bbox 2098 2121 3668 2189">
    <p class='ocr_par' dir='ltr' id='par_1_54' title="bbox 2098 2121 3668 2189">
     <span class='ocr_line' id='line_1_54' title="bbox 2098 2121 3668 2189; baseline -0.004 -11"><span class='ocrx_word' id='word_1_371' title='bbox 2098 2133 2302 2178; x_wconf 90' lang='lat' dir='ltr'><strong>lantum</strong></span> <span class='ocrx_word' id='word_1_372' title='bbox 2336 2123 2514 2177; x_wconf 84' lang='lat' dir='ltr'><strong>aberit</strong></span> <span class='ocrx_word' id='word_1_373' title='bbox 2542 2131 2598 2176; x_wconf 91' lang='lat' dir='ltr'><strong>ut</strong></span> <span class='ocrx_word' id='word_1_374' title='bbox 2633 2139 2740 2176; x_wconf 91' lang='lat' dir='ltr'><strong>non</strong></span> <span class='ocrx_word' id='word_1_375' title='bbox 2774 2123 3037 2183; x_wconf 71' lang='lat' dir='ltr'><strong>credant,</strong></span> <span class='ocrx_word' id='word_1_376' title='bbox 3066 2123 3208 2189; x_wconf 92' lang='lat' dir='ltr'><strong>quod</strong></span> <span class='ocrx_word' id='word_1_377' title='bbox 3239 2123 3281 2177; x_wconf 90' lang='lat' dir='ltr'><strong>si</strong></span> <span class='ocrx_word' id='word_1_378' title='bbox 3321 2122 3524 2175; x_wconf 89' lang='lat' dir='ltr'><strong>nullum</strong></span> <span class='ocrx_word' id='word_1_379' title='bbox 3565 2121 3668 2173; x_wconf 88' lang='lat' dir='ltr'><strong>liii-</strong></span> 
     </span>
    </p>
   </div>
   <div class='ocr_carea' id='block_1_55' title="bbox 2087 2191 3666 2266">
    <p class='ocr_par' dir='ltr' id='par_1_55' title="bbox 2087 2191 3666 2266">
     <span class='ocr_line' id='line_1_55' title="bbox 2087 2191 3666 2266; baseline -0.004 -18"><span class='ocrx_word' id='word_1_380' title='bbox 2087 2194 2326 2266; x_wconf 88' lang='lat' dir='ltr'><strong>jusmodi</strong></span> <span class='ocrx_word' id='word_1_381' title='bbox 2355 2194 2604 2266; x_wconf 84' lang='lat' dir='ltr'><strong>daretur,</strong></span> <span class='ocrx_word' id='word_1_382' title='bbox 2640 2193 2744 2266; x_wconf 77' lang='lat' dir='ltr'><strong>tale</strong></span> <span class='ocrx_word' id='word_1_383' title='bbox 2778 2194 3186 2266; x_wconf 53' lang='lat' dir='ltr'><strong>eruptaverin_t__</strong></span> <span class='ocrx_word' id='word_1_384' title='bbox 3208 2208 3432 2266; x_wconf 59' lang='lat' dir='ltr'><strong>numen.</strong></span> <span class='ocrx_word' id='word_1_385' title='bbox 3457 2211 3475 2244; x_wconf 76' lang='grc' dir='ltr'><strong>ι</strong></span> <span class='ocrx_word' id='word_1_386' title='bbox 3523 2191 3666 2266; x_wconf 88' lang='lat' dir='ltr'><strong>_l!lu-</strong></span> 
     </span>
    </p>
   </div>
   <div class='ocr_carea' id='block_1_56' title="bbox 2089 2261 3666 2319">
    <p class='ocr_par' dir='ltr' id='par_1_56' title="bbox 2089 2261 3666 2319">
     <span class='ocr_line' id='line_1_56' title="bbox 2089 2261 3666 2319; baseline -0.004 0"><span class='ocrx_word' id='word_1_387' title='bbox 2089 2261 2266 2319; x_wconf 72' lang='lat' dir='ltr'><strong>sti-iss.</strong></span> <span class='ocrx_word' id='word_1_388' title='bbox 2318 2267 2479 2318; x_wconf 90' lang='lat' dir='ltr'><strong>heros</strong></span> <span class='ocrx_word' id='word_1_389' title='bbox 2538 2265 2670 2317; x_wconf 87' lang='lat' dir='ltr'><strong>baro</strong></span> <span class='ocrx_word' id='word_1_390' title='bbox 2698 2261 2997 2316; x_wconf 26' lang='lat' dir='ltr'><strong>l‘lerbcrtus</strong></span> <span class='ocrx_word' id='word_1_391' title='bbox 3030 2264 3082 2315; x_wconf 91' lang='lat' dir='ltr'><strong>in</strong></span> <span class='ocrx_word' id='word_1_392' title='bbox 3133 2262 3271 2316; x_wconf 90' lang='lat' dir='ltr'><strong>libro</strong></span> <span class='ocrx_word' id='word_1_393' title='bbox 3313 2261 3388 2315; x_wconf 90' lang='lat' dir='ltr'><strong>De</strong></span> <span class='ocrx_word' id='word_1_394' title='bbox 3430 2261 3666 2314; x_wconf 81' lang='lat' dir='ltr'><strong>veritate.</strong></span> 
     </span>
    </p>
   </div>
   <div class='ocr_carea' id='block_1_57' title="bbox 2093 2337 2358 2389">
    <p class='ocr_par' dir='ltr' id='par_1_57' title="bbox 2093 2337 2358 2389">
     <span class='ocr_line' id='line_1_57' title="bbox 2093 2337 2358 2389; baseline -0.011 0"><span class='ocrx_word' id='word_1_395' title='bbox 2093 2337 2358 2389; x_wconf 71' lang='lat' dir='ltr'><strong>Srsncsn.</strong></span> 
     </span>
    </p>
   </div>
   <div class='ocr_carea' id='block_1_58' title="bbox 2162 2398 3666 2473">
    <p class='ocr_par' dir='ltr' id='par_1_58' title="bbox 2162 2398 3666 2473">
     <span class='ocr_line' id='line_1_58' title="bbox 2162 2398 3666 2473; baseline -0.01 -7"><span class='ocrx_word' id='word_1_396' title='bbox 2162 2405 2238 2472; x_wconf 82' lang='grc'><strong>(6)</strong></span> <span class='ocrx_word' id='word_1_397' title='bbox 2284 2403 2418 2457; x_wconf 77' lang='grc' dir='ltr'><strong>Οὐδ’</strong></span> <span class='ocrx_word' id='word_1_398' title='bbox 2447 2402 2546 2455; x_wconf 77' lang='grc' dir='ltr'><strong>ἐπὶ</strong></span> <span class='ocrx_word' id='word_1_399' title='bbox 2591 2404 2926 2473; x_wconf 70' lang='grc' dir='ltr'>Πυθαγόρᾳ.</span> <span class='ocrx_word' id='word_1_400' title='bbox 2978 2402 3148 2470; x_wconf 83' lang='lat' dir='ltr'><strong>Hujus</strong></span> <span class='ocrx_word' id='word_1_401' title='bbox 3198 2398 3493 2473; x_wconf 64' lang='lat' dir='ltr'><strong>seditionis</strong></span> <span class='ocrx_word' id='word_1_402' title='bbox 3527 2399 3666 2473; x_wconf 83' lang='lat' dir='ltr'><strong>inter</strong></span> 
     </span>
    </p>
   </div>
   <div class='ocr_carea' id='block_1_59' title="bbox 2090 2469 3665 2542">
    <p class='ocr_par' dir='ltr' id='par_1_59' title="bbox 2090 2469 3665 2542">
     <span class='ocr_line' id='line_1_59' title="bbox 2090 2469 3665 2542; baseline -0.004 -16"><span class='ocrx_word' id='word_1_403' title='bbox 2090 2469 2482 2542; x_wconf 80' lang='lat' dir='ltr'><strong>Pythagoricos</strong></span> <span class='ocrx_word' id='word_1_404' title='bbox 2531 2481 2584 2526; x_wconf 88' lang='lat' dir='ltr'><strong>et</strong></span> <span class='ocrx_word' id='word_1_405' title='bbox 2640 2469 2855 2542; x_wconf 75' lang='lat' dir='ltr'><strong>Italicos</strong></span> <span class='ocrx_word' id='word_1_406' title='bbox 2892 2469 3123 2542; x_wconf 28' lang='lat' dir='ltr'><strong>ﬂexortze</strong></span> <span class='ocrx_word' id='word_1_407' title='bbox 3182 2469 3427 2522; x_wconf 89' lang='lat' dir='ltr'><strong>meminit</strong></span> <span class='ocrx_word' id='word_1_408' title='bbox 3464 2469 3665 2542; x_wconf 84' lang='lat' dir='ltr'><strong>Strabo</strong></span> 
     </span>
    </p>
   </div>
   <div class='ocr_carea' id='block_1_60' title="bbox 2089 2533 3665 2611">
    <p class='ocr_par' dir='ltr' id='par_1_60' title="bbox 2089 2533 3665 2611">
     <span class='ocr_line' id='line_1_60' title="bbox 2089 2533 3665 2611; baseline -0.004 -16"><span class='ocrx_word' id='word_1_409' title='bbox 2089 2533 2182 2596; x_wconf 81' lang='lat' dir='ltr'><strong>lib.</strong></span> <span class='ocrx_word' id='word_1_410' title='bbox 2219 2533 2297 2604; x_wconf 64' lang='lat' dir='ltr'><strong>IX:</strong></span> <span class='ocrx_word' id='word_1_411' title='bbox 2325 2552 2378 2596; x_wconf 90' lang='lat' dir='ltr'><strong>et</strong></span> <span class='ocrx_word' id='word_1_412' title='bbox 2411 2543 2660 2611; x_wconf 81' lang='lat' dir='ltr'><strong>Polybius</strong></span> <span class='ocrx_word' id='word_1_413' title='bbox 2685 2541 2776 2595; x_wconf 88' lang='lat' dir='ltr'><strong>lib.</strong></span> <span class='ocrx_word' id='word_1_414' title='bbox 2811 2560 2844 2595; x_wconf 94' lang='grc' dir='ltr'><strong>ιι</strong></span> <span class='ocrx_word' id='word_1_415' title='bbox 2883 2541 3027 2597; x_wconf 84' lang='lat' dir='ltr'><strong>Hist.</strong></span> <span class='ocrx_word' id='word_1_416' title='bbox 3055 2543 3157 2594; x_wconf 81' lang='lat' dir='ltr'><strong>Eos</strong></span> <span class='ocrx_word' id='word_1_417' title='bbox 3193 2538 3665 2611; x_wconf 52' lang='lat' dir='ltr'><strong>veropmuituisse</strong></span> 
     </span>
    </p>
   </div>
   <div class='ocr_carea' id='block_1_61' title="bbox 2089 2605 3663 2680">
    <p class='ocr_par' dir='ltr' id='par_1_61' title="bbox 2089 2605 3663 2680">
     <span class='ocr_line' id='line_1_61' title="bbox 2089 2605 3663 2680; baseline -0.002 -16"><span class='ocrx_word' id='word_1_418' title='bbox 2089 2621 2308 2664; x_wconf 87' lang='lat' dir='ltr'><strong>constat</strong></span> <span class='ocrx_word' id='word_1_419' title='bbox 2339 2627 2400 2664; x_wconf 78' lang='lat' dir='ltr'><strong>ex</strong></span> <span class='ocrx_word' id='word_1_420' title='bbox 2426 2605 2750 2674; x_wconf 68' lang='lat' dir='ltr'><strong>Jaiiililitzlio,</strong></span> <span class='ocrx_word' id='word_1_421' title='bbox 2785 2628 2907 2680; x_wconf 90' lang='lat' dir='ltr'><strong>cap.</strong></span> <span class='ocrx_word' id='word_1_422' title='bbox 2933 2613 3022 2672; x_wconf 79' lang='grc'><strong>55,</strong></span> <span class='ocrx_word' id='word_1_423' title='bbox 3062 2611 3133 2663; x_wconf 85' lang='lat' dir='ltr'><strong>De</strong></span> <span class='ocrx_word' id='word_1_424' title='bbox 3164 2609 3271 2680; x_wconf 77' lang='lat' dir='ltr'><strong>vita</strong></span> <span class='ocrx_word' id='word_1_425' title='bbox 3303 2605 3618 2680; x_wconf 53' lang='lat' dir='ltr'><strong>ljythagorte</strong></span> <span class='ocrx_word' id='word_1_426' title='bbox 3646 2625 3663 2661; x_wconf 93' lang='lat'><em>:</em></span> 
     </span>
    </p>
   </div>
   <div class='ocr_carea' id='block_1_62' title="bbox 2101 2676 3664 2748">
    <p class='ocr_par' dir='ltr' id='par_1_62' title="bbox 2101 2676 3664 2748">
     <span class='ocr_line' id='line_1_62' title="bbox 2101 2676 3664 2748; baseline -0.003 -17"><span class='ocrx_word' id='word_1_427' title='bbox 2101 2681 2524 2748; x_wconf 79' lang='grc' dir='ltr'>Ἐπιγινομένων</span> <span class='ocrx_word' id='word_1_428' title='bbox 2571 2680 2627 2732; x_wconf 82' lang='grc' dir='ltr'>δὲ</span> <span class='ocrx_word' id='word_1_429' title='bbox 2679 2676 2886 2734; x_wconf 77' lang='grc' dir='ltr'>πολλῶν</span> <span class='ocrx_word' id='word_1_430' title='bbox 2933 2680 3089 2742; x_wconf 78' lang='grc' dir='ltr'>ἑτῶν,</span> <span class='ocrx_word' id='word_1_431' title='bbox 3141 2678 3235 2731; x_wconf 74' lang='grc' dir='ltr'><strong>καὶ</strong></span> <span class='ocrx_word' id='word_1_432' title='bbox 3275 2677 3381 2728; x_wconf 85' lang='grc' dir='ltr'><strong>τῶν</strong></span> <span class='ocrx_word' id='word_1_433' title='bbox 3410 2677 3536 2748; x_wconf 71' lang='grc' dir='ltr'>περὶ</span> <span class='ocrx_word' id='word_1_434' title='bbox 3574 2676 3664 2748; x_wconf 78' lang='grc' dir='ltr'>τὸν</span> 
     </span>
    </p>
   </div>
   <div class='ocr_carea' id='block_1_63' title="bbox 2087 2744 3666 2820">
    <p class='ocr_par' dir='ltr' id='par_1_63' title="bbox 2087 2744 3666 2820">
     <span class='ocr_line' id='line_1_63' title="bbox 2087 2744 3666 2820; baseline -0.003 -20"><span class='ocrx_word' id='word_1_435' title='bbox 2087 2744 2376 2820; x_wconf 78' lang='grc' dir='ltr'>Δείναρχον</span> <span class='ocrx_word' id='word_1_436' title='bbox 2410 2752 2466 2801; x_wconf 83' lang='grc' dir='ltr'><strong>ὲν</strong></span> <span class='ocrx_word' id='word_1_437' title='bbox 2496 2750 2666 2820; x_wconf 76' lang='grc' dir='ltr'>ἑτέρῳ</span> <span class='ocrx_word' id='word_1_438' title='bbox 2701 2751 2928 2820; x_wconf 77' lang='grc' dir='ltr'>κινδύνῳ</span> <span class='ocrx_word' id='word_1_439' title='bbox 2950 2749 3420 2820; x_wconf 45' lang='grc' dir='ltr'>τελευτησάντων,</span> <span class='ocrx_word' id='word_1_440' title='bbox 3461 2744 3666 2820; x_wconf 65' lang='grc' dir='ltr'>ἀποθα-</span> 
     </span>
    </p>
   </div>
   <div class='ocr_carea' id='block_1_64' title="bbox 2087 2815 3663 2890">
    <p class='ocr_par' dir='ltr' id='par_1_64' title="bbox 2087 2815 3663 2890">
     <span class='ocr_line' id='line_1_64' title="bbox 2087 2815 3663 2890; baseline -0.004 -20"><span class='ocrx_word' id='word_1_441' title='bbox 2087 2815 2268 2881; x_wconf 77' lang='grc' dir='ltr'>νόντος</span> <span class='ocrx_word' id='word_1_442' title='bbox 2289 2815 2390 2890; x_wconf 70' lang='grc' dir='ltr'><strong>καὶ</strong></span> <span class='ocrx_word' id='word_1_443' title='bbox 2422 2815 2708 2890; x_wconf 16' lang='grc' dir='ltr'>Λιτὰγουγς,</span> <span class='ocrx_word' id='word_1_444' title='bbox 2748 2815 2916 2890; x_wconf 80' lang='grc' dir='ltr'>ὅσπερ</span> <span class='ocrx_word' id='word_1_445' title='bbox 2946 2816 3013 2890; x_wconf 79' lang='grc' dir='ltr'>ἦν</span> <span class='ocrx_word' id='word_1_446' title='bbox 3053 2815 3523 2890; x_wconf 76' lang='grc' dir='ltr'>ἡγεμονικώτατος</span> <span class='ocrx_word' id='word_1_447' title='bbox 3555 2815 3663 2890; x_wconf 83' lang='grc' dir='ltr'>τῶν</span> 
     </span>
    </p>
   </div>
   <div class='ocr_carea' id='block_1_65' title="bbox 2089 2885 3663 2959">
    <p class='ocr_par' dir='ltr' id='par_1_65' title="bbox 2089 2885 3663 2959">
     <span class='ocr_line' id='line_1_65' title="bbox 2089 2885 3663 2959; baseline -0.003 -19"><span class='ocrx_word' id='word_1_448' title='bbox 2089 2889 2518 2959; x_wconf 81' lang='grc' dir='ltr'>στασιασάντων,</span> <span class='ocrx_word' id='word_1_449' title='bbox 2555 2888 2699 2951; x_wconf 77' lang='grc' dir='ltr'>ἔλεός</span> <span class='ocrx_word' id='word_1_450' title='bbox 2739 2907 2820 2953; x_wconf 86' lang='grc' dir='ltr'><strong>τις</strong></span> <span class='ocrx_word' id='word_1_451' title='bbox 2862 2885 2981 2943; x_wconf 62' lang='grc' dir='ltr'><strong>καὶ⁷</strong></span> <span class='ocrx_word' id='word_1_452' title='bbox 3003 2885 3259 2959; x_wconf 70' lang='grc' dir='ltr'>μετανοια</span> <span class='ocrx_word' id='word_1_453' title='bbox 3296 2886 3539 2959; x_wconf 78' lang='grc' dir='ltr'>ἐνέπεσε,</span> <span class='ocrx_word' id='word_1_454' title='bbox 3569 2885 3663 2936; x_wconf 77' lang='grc' dir='ltr'>καὶ</span> 
     </span>
    </p>
   </div>
   <div class='ocr_carea' id='block_1_66' title="bbox 2083 2954 3660 3028">
    <p class='ocr_par' dir='ltr' id='par_1_66' title="bbox 2083 2954 3660 3028">
     <span class='ocr_line' id='line_1_66' title="bbox 2083 2954 3660 3028; baseline -0.001 -19"><span class='ocrx_word' id='word_1_455' title='bbox 2083 2959 2210 3020; x_wconf 81' lang='grc' dir='ltr'>τοὺς</span> <span class='ocrx_word' id='word_1_456' title='bbox 2247 2958 2748 3028; x_wconf 76' lang='grc' dir='ltr'>παραλειπομένους</span> <span class='ocrx_word' id='word_1_457' title='bbox 2781 2960 2957 3012; x_wconf 78' lang='grc' dir='ltr'>αὐτῶν</span> <span class='ocrx_word' id='word_1_458' title='bbox 2988 2954 3660 3028; x_wconf 29' lang='grc' dir='ltr'>ἔϐουλὴθησανᾼκατάγειν.</span> 
     </span>
    </p>
   </div>
   <div class='ocr_carea' id='block_1_67' title="bbox 2083 3024 3661 3098">
    <p class='ocr_par' dir='ltr' id='par_1_67' title="bbox 2083 3024 3661 3098">
     <span class='ocr_line' id='line_1_67' title="bbox 2083 3024 3661 3098; baseline -0.001 -19"><span class='ocrx_word' id='word_1_459' title='bbox 2083 3028 2306 3098; x_wconf 86' lang='grc' dir='ltr'>Μεταπε</span> <span class='ocrx_word' id='word_1_460' title='bbox 2316 3024 2579 3098; x_wconf 86' lang='grc' dir='ltr'><strong>μενοί</strong></span> <span class='ocrx_word' id='word_1_461' title='bbox 2599 3028 2654 3080; x_wconf 80' lang='grc' dir='ltr'>δὲ</span> <span class='ocrx_word' id='word_1_462' title='bbox 2670 3047 2771 3098; x_wconf 89' lang='grc' dir='ltr'><strong>πρε</strong></span> <span class='ocrx_word' id='word_1_463' title='bbox 2780 3029 3006 3092; x_wconf 73' lang='grc' dir='ltr'>σϐευτὲις</span> <span class='ocrx_word' id='word_1_464' title='bbox 3026 3027 3084 3092; x_wconf 79' lang='grc' dir='ltr'>ἐξ</span> <span class='ocrx_word' id='word_1_465' title='bbox 3100 3024 3338 3098; x_wconf 62' lang='grc' dir='ltr'>’Λχαῗας,</span> <span class='ocrx_word' id='word_1_466' title='bbox 3356 3024 3421 3098; x_wconf 79' lang='grc' dir='ltr'>δι’</span> <span class='ocrx_word' id='word_1_467' title='bbox 3440 3026 3661 3098; x_wconf 77' lang='grc' dir='ltr'>ἐκείνων</span> 
     </span>
    </p>
   </div>
   <div class='ocr_carea' id='block_1_68' title="bbox 2083 3095 3661 3170">
    <p class='ocr_par' dir='ltr' id='par_1_68' title="bbox 2083 3095 3661 3170">
     <span class='ocr_line' id='line_1_68' title="bbox 2083 3095 3661 3170; baseline -0.003 -21"><span class='ocrx_word' id='word_1_468' title='bbox 2083 3097 2221 3167; x_wconf 77' lang='grc' dir='ltr'>πρὸς</span> <span class='ocrx_word' id='word_1_469' title='bbox 2246 3095 3440 3170; x_wconf 41' lang='grc' dir='ltr'>τοῦςἐκπεπτωκότας-διελύθησανίκαξτοὺς</span> <span class='ocrx_word' id='word_1_470' title='bbox 3465 3095 3661 3170; x_wconf 59' lang='grc' dir='ltr'>ὅρκους</span> 
     </span>
    </p>
   </div>
   <div class='ocr_carea' id='block_1_69' title="bbox 404 3163 1971 3238">
    <p class='ocr_par' dir='ltr' id='par_1_69' title="bbox 404 3163 1970 3238">
     <span class='ocr_line' id='line_1_69' title="bbox 404 3163 1970 3238; baseline 0.005 -24"><span class='ocrx_word' id='word_1_471' title='bbox 404 3163 698 3238; x_wconf 58' lang='lat' dir='ltr'><strong>ilhirsuin</strong></span> <span class='ocrx_word' id='word_1_472' title='bbox 756 3163 1545 3238; x_wconf 55' lang='lat' dir='ltr'><strong>extrema&#39;nialitia&#39;facit&#39;ut</strong></span> <span class='ocrx_word' id='word_1_473' title='bbox 1591 3169 1750 3221; x_wconf 89' lang='lat' dir='ltr'><strong>simul</strong></span> <span class='ocrx_word' id='word_1_474' title='bbox 1797 3163 1970 3223; x_wconf 60' lang='lat' dir='ltr'><strong>&#39;etiani</strong></span> 
     </span>
    </p>
   </div>
   <div class='ocr_carea' id='block_1_70' title="bbox 2083 3163 3661 3238">
    <p class='ocr_par' dir='ltr' id='par_1_70' title="bbox 2083 3163 3661 3238">
     <span class='ocr_line' id='line_1_70' title="bbox 2083 3163 3661 3238; baseline -0.003 -19"><span class='ocrx_word' id='word_1_475' title='bbox 2083 3163 2156 3230; x_wconf 73' lang='grc' dir='ltr'><strong>εἰς</strong></span> <span class='ocrx_word' id='word_1_476' title='bbox 2198 3167 2434 3234; x_wconf 75' lang='grc' dir='ltr'>Δελφοὺς</span> <span class='ocrx_word' id='word_1_477' title='bbox 2477 3168 2764 3238; x_wconf 80' lang='grc' dir='ltr'>ἀνέθηκαν.</span> <span class='ocrx_word' id='word_1_478' title='bbox 2810 3165 2989 3222; x_wconf 86' lang='grc' dir='ltr'>Ἦσαν</span> <span class='ocrx_word' id='word_1_479' title='bbox 3023 3163 3081 3221; x_wconf 80' lang='grc' dir='ltr'><strong>δὲ</strong></span> <span class='ocrx_word' id='word_1_480' title='bbox 3124 3166 3231 3220; x_wconf 83' lang='grc' dir='ltr'><strong>τῶν</strong></span> <span class='ocrx_word' id='word_1_481' title='bbox 3267 3163 3661 3238; x_wconf 74' lang='grc' dir='ltr'>Πυθαγορικῶν</span> 
     </span>
    </p>
   </div>
   <div class='ocr_carea' id='block_1_71' title="bbox 395 3234 1974 3305">
    <p class='ocr_par' dir='ltr' id='par_1_71' title="bbox 395 3234 1974 3305">
     <span class='ocr_line' id='line_1_71' title="bbox 395 3234 1974 3305; baseline 0.003 -19"><span class='ocrx_word' id='word_1_482' title='bbox 395 3234 578 3305; x_wconf 82' lang='lat' dir='ltr'><strong>odium</strong></span> <span class='ocrx_word' id='word_1_483' title='bbox 613 3235 709 3288; x_wconf 85' lang='lat' dir='ltr'><strong>ﬁat</strong></span> <span class='ocrx_word' id='word_1_484' title='bbox 749 3238 1142 3292; x_wconf 81' lang='lat' dir='ltr'><strong>vehementius.</strong></span> <span class='ocrx_word' id='word_1_485' title='bbox 1189 3238 1294 3290; x_wconf 90' lang='lat' dir='ltr'><strong>Eos</strong></span> <span class='ocrx_word' id='word_1_486' title='bbox 1346 3237 1586 3304; x_wconf 87' lang='lat' dir='ltr'><strong>quidem,</strong></span> <span class='ocrx_word' id='word_1_487' title='bbox 1619 3252 1849 3305; x_wconf 90' lang='lat' dir='ltr'><strong>quorum</strong></span> <span class='ocrx_word' id='word_1_488' title='bbox 1889 3255 1974 3291; x_wconf 86' lang='lat' dir='ltr'><strong>ca-</strong></span> 
     </span>
    </p>
   </div>
   <div class='ocr_carea' id='block_1_72' title="bbox 397 3302 1972 3375">
    <p class='ocr_par' dir='ltr' id='par_1_72' title="bbox 397 3302 1972 3375">
     <span class='ocr_line' id='line_1_72' title="bbox 397 3302 1972 3375; baseline 0.002 -18"><span class='ocrx_word' id='word_1_489' title='bbox 397 3302 602 3375; x_wconf 80' lang='lat' dir='ltr'><strong>lumnia</strong></span> <span class='ocrx_word' id='word_1_490' title='bbox 636 3305 891 3361; x_wconf 88' lang='lat' dir='ltr'><strong>Socrates</strong></span> <span class='ocrx_word' id='word_1_491' title='bbox 925 3307 1027 3361; x_wconf 83' lang='lat' dir='ltr'><strong>fuit</strong></span> <span class='ocrx_word' id='word_1_492' title='bbox 1059 3302 1374 3375; x_wconf 73' lang='lat' dir='ltr'><strong>oppressus,</strong></span> <span class='ocrx_word' id='word_1_493' title='bbox 1421 3317 1478 3360; x_wconf 93' lang='lat' dir='ltr'><strong>ut</strong></span> <span class='ocrx_word' id='word_1_494' title='bbox 1506 3302 1747 3361; x_wconf 79' lang='lat' dir='ltr'><strong>extreme</strong></span> <span class='ocrx_word' id='word_1_495' title='bbox 1780 3309 1972 3371; x_wconf 84' lang='lat' dir='ltr'><strong>malos,</strong></span> 
     </span>
    </p>
   </div>
   <div class='ocr_carea' id='block_1_73' title="bbox 396 3371 1975 3446">
    <p class='ocr_par' dir='ltr' id='par_1_73' title="bbox 396 3371 1975 3446">
     <span class='ocr_line' id='line_1_73' title="bbox 396 3371 1975 3446; baseline 0.003 -21"><span class='ocrx_word' id='word_1_496' title='bbox 396 3371 473 3446; x_wconf 79' lang='lat' dir='ltr'><strong>ita</strong></span> <span class='ocrx_word' id='word_1_497' title='bbox 519 3373 774 3446; x_wconf 86' lang='lat' dir='ltr'><strong>oderunt,</strong></span> <span class='ocrx_word' id='word_1_498' title='bbox 828 3377 1010 3443; x_wconf 89' lang='lat' dir='ltr'><strong>itaque</strong></span> <span class='ocrx_word' id='word_1_499' title='bbox 1044 3371 1276 3430; x_wconf 73' lang='lat' dir='ltr'><strong>aversati</strong></span> <span class='ocrx_word' id='word_1_500' title='bbox 1323 3386 1448 3428; x_wconf 87' lang='lat' dir='ltr'><strong>sunt</strong></span> <span class='ocrx_word' id='word_1_501' title='bbox 1493 3377 1664 3439; x_wconf 89' lang='lat' dir='ltr'><strong>cives,</strong></span> <span class='ocrx_word' id='word_1_502' title='bbox 1701 3387 1759 3430; x_wconf 91' lang='lat' dir='ltr'><strong>ut</strong></span> <span class='ocrx_word' id='word_1_503' title='bbox 1795 3393 1975 3446; x_wconf 89' lang='lat' dir='ltr'><strong>neque</strong></span> 
     </span>
    </p>
   </div>
   <div class='ocr_carea' id='block_1_74' title="bbox 395 3442 1972 3513">
    <p class='ocr_par' dir='ltr' id='par_1_74' title="bbox 395 3442 1972 3513">
     <span class='ocr_line' id='line_1_74' title="bbox 395 3442 1972 3513; baseline 0.004 -17"><span class='ocrx_word' id='word_1_504' title='bbox 395 3442 575 3510; x_wconf 81' lang='lat' dir='ltr'><strong>ignem</strong></span> <span class='ocrx_word' id='word_1_505' title='bbox 603 3445 683 3497; x_wconf 92' lang='lat' dir='ltr'><strong>eis</strong></span> <span class='ocrx_word' id='word_1_506' title='bbox 727 3442 1106 3507; x_wconf 83' lang='lat' dir='ltr'><strong>accenderent,</strong></span> <span class='ocrx_word' id='word_1_507' title='bbox 1143 3461 1318 3513; x_wconf 91' lang='lat' dir='ltr'><strong>neque</strong></span> <span class='ocrx_word' id='word_1_508' title='bbox 1349 3447 1815 3513; x_wconf 88' lang='lat' dir='ltr'><strong>interrogantibus</strong></span> <span class='ocrx_word' id='word_1_509' title='bbox 1855 3442 1972 3502; x_wconf 78' lang='lat' dir='ltr'><strong>res-</strong></span> 
     </span>
    </p>
   </div>
   <div class='ocr_carea' id='block_1_75' title="bbox 393 3515 1970 3582">
    <p class='ocr_par' dir='ltr' id='par_1_75' title="bbox 393 3515 1970 3582">
     <span class='ocr_line' id='line_1_75' title="bbox 393 3515 1970 3582; baseline 0.002 -18"><span class='ocrx_word' id='word_1_510' title='bbox 393 3515 723 3580; x_wconf 87' lang='lat' dir='ltr'><strong>ponderent,</strong></span> <span class='ocrx_word' id='word_1_511' title='bbox 752 3529 927 3582; x_wconf 90' lang='lat' dir='ltr'><strong>neque</strong></span> <span class='ocrx_word' id='word_1_512' title='bbox 957 3516 1009 3568; x_wconf 94' lang='lat' dir='ltr'><strong>in</strong></span> <span class='ocrx_word' id='word_1_513' title='bbox 1047 3515 1240 3568; x_wconf 90' lang='lat' dir='ltr'><strong>balneo</strong></span> <span class='ocrx_word' id='word_1_514' title='bbox 1273 3530 1411 3582; x_wconf 90' lang='lat' dir='ltr'><strong>aqua</strong></span> <span class='ocrx_word' id='word_1_515' title='bbox 1447 3525 1731 3567; x_wconf 85' lang='lat' dir='ltr'><strong>uterentur</strong></span> <span class='ocrx_word' id='word_1_516' title='bbox 1755 3516 1970 3582; x_wconf 87' lang='lat' dir='ltr'><strong>eadem,</strong></span> 
     </span>
    </p>
   </div>
   <div class='ocr_carea' id='block_1_76' title="bbox 394 3584 1974 3652">
    <p class='ocr_par' dir='ltr' id='par_1_76' title="bbox 394 3584 1974 3652">
     <span class='ocr_line' id='line_1_76' title="bbox 394 3584 1974 3652; baseline 0.002 -18"><span class='ocrx_word' id='word_1_517' title='bbox 394 3584 491 3635; x_wconf 89' lang='lat' dir='ltr'><strong>sed</strong></span> <span class='ocrx_word' id='word_1_518' title='bbox 526 3599 628 3650; x_wconf 92' lang='lat' dir='ltr'><strong>qua</strong></span> <span class='ocrx_word' id='word_1_519' title='bbox 659 3585 732 3636; x_wconf 89' lang='lat' dir='ltr'><strong>illi</strong></span> <span class='ocrx_word' id='word_1_520' title='bbox 769 3584 1044 3646; x_wconf 77' lang='lat' dir='ltr'><strong>lavisseiit.</strong></span> <span class='ocrx_word' id='word_1_521' title='bbox 1086 3601 1205 3639; x_wconf 88' lang='lat' dir='ltr'><strong>eam</strong></span> <span class='ocrx_word' id='word_1_522' title='bbox 1242 3594 1495 3652; x_wconf 86' lang='lat' dir='ltr'><strong>tanquam</strong></span> <span class='ocrx_word' id='word_1_523' title='bbox 1527 3584 1783 3651; x_wconf 90' lang='lat' dir='ltr'><strong>pollutam</strong></span> <span class='ocrx_word' id='word_1_524' title='bbox 1812 3586 1974 3651; x_wconf 88' lang='lat' dir='ltr'><strong>jube-</strong></span> 
     </span>
    </p>
   </div>
   <div class='ocr_carea' id='block_1_77' title="bbox 395 3654 1969 3722">
    <p class='ocr_par' dir='ltr' id='par_1_77' title="bbox 395 3654 1969 3722">
     <span class='ocr_line' id='line_1_77' title="bbox 395 3654 1969 3722; baseline 0.002 -18"><span class='ocrx_word' id='word_1_525' title='bbox 395 3661 517 3704; x_wconf 85' lang='lat' dir='ltr'><strong>rent</strong></span> <span class='ocrx_word' id='word_1_526' title='bbox 567 3668 595 3705; x_wconf 91' lang='lat' dir='ltr'><strong>a</strong></span> <span class='ocrx_word' id='word_1_527' title='bbox 653 3655 926 3708; x_wconf 87' lang='lat' dir='ltr'><strong>ministris</strong></span> <span class='ocrx_word' id='word_1_528' title='bbox 973 3655 1172 3708; x_wconf 81' lang='lat' dir='ltr'><strong>elTuudi</strong></span> <span class='ocrx_word' id='word_1_529' title='bbox 1216 3671 1229 3706; x_wconf 89' lang='lat'>:</span> <span class='ocrx_word' id='word_1_530' title='bbox 1275 3657 1446 3708; x_wconf 78' lang='lat' dir='ltr'><strong>donec</strong></span> <span class='ocrx_word' id='word_1_531' title='bbox 1501 3654 1574 3706; x_wconf 91' lang='lat' dir='ltr'><strong>illi</strong></span> <span class='ocrx_word' id='word_1_532' title='bbox 1631 3654 1969 3722; x_wconf 88' lang='lat' dir='ltr'><strong>impatientia</strong></span> 
     </span>
    </p>
   </div>
   <div class='ocr_carea' id='block_1_78' title="bbox 390 3721 1963 3790">
    <p class='ocr_par' dir='ltr' id='par_1_78' title="bbox 390 3721 1963 3790">
     <span class='ocr_line' id='line_1_78' title="bbox 390 3721 1963 3790; baseline 0.003 -16"><span class='ocrx_word' id='word_1_533' title='bbox 390 3721 504 3774; x_wconf 89' lang='lat' dir='ltr'><strong>odii</strong></span> <span class='ocrx_word' id='word_1_534' title='bbox 531 3738 648 3776; x_wconf 85' lang='lat' dir='ltr'><strong>sese</strong></span> <span class='ocrx_word' id='word_1_535' title='bbox 677 3725 1093 3790; x_wconf 88' lang='lat' dir='ltr'><strong>suspenderunt.</strong></span> <span class='ocrx_word' id='word_1_536' title='bbox 1120 3743 1137 3774; x_wconf 77' lang='grc' dir='ltr'><strong>ι</strong></span> <span class='ocrx_word' id='word_1_537' title='bbox 1174 3725 1306 3779; x_wconf 84' lang='lat' dir='ltr'><strong>Vide</strong></span> <span class='ocrx_word' id='word_1_538' title='bbox 1330 3733 1385 3776; x_wconf 90' lang='lat' dir='ltr'><strong>et</strong></span> <span class='ocrx_word' id='word_1_539' title='bbox 1409 3721 1823 3778; x_wconf 86' lang='lat' dir='ltr'><strong>Diodorumlib.</strong></span> <span class='ocrx_word' id='word_1_540' title='bbox 1856 3740 1963 3778; x_wconf 82' lang='lat' dir='ltr'><strong>XIV.</strong></span> 
     </span>
    </p>
   </div>
   <div class='ocr_carea' id='block_1_79' title="bbox 391 3792 1970 3862">
    <p class='ocr_par' dir='ltr' id='par_1_79' title="bbox 391 3792 1970 3862">
     <span class='ocr_line' id='line_1_79' title="bbox 391 3792 1970 3862; baseline 0.003 -19"><span class='ocrx_word' id='word_1_541' title='bbox 391 3792 459 3862; x_wconf 75' lang='lat' dir='ltr'><strong>Et</strong></span> <span class='ocrx_word' id='word_1_542' title='bbox 492 3793 626 3860; x_wconf 78' lang='lat' dir='ltr'><strong>lege,</strong></span> <span class='ocrx_word' id='word_1_543' title='bbox 657 3793 702 3846; x_wconf 89' lang='lat' dir='ltr'><strong>si</strong></span> <span class='ocrx_word' id='word_1_544' title='bbox 731 3803 904 3855; x_wconf 79' lang='lat' dir='ltr'><strong>vat-al,</strong></span> <span class='ocrx_word' id='word_1_545' title='bbox 939 3795 1113 3862; x_wconf 89' lang='lat' dir='ltr'><strong>ipsum</strong></span> <span class='ocrx_word' id='word_1_546' title='bbox 1146 3794 1428 3847; x_wconf 86' lang='lat' dir='ltr'><strong>Socratem</strong></span> <span class='ocrx_word' id='word_1_547' title='bbox 1463 3794 1716 3847; x_wconf 89' lang='lat' dir='ltr'><strong>inimicos</strong></span> <span class='ocrx_word' id='word_1_548' title='bbox 1743 3809 1870 3847; x_wconf 89' lang='lat' dir='ltr'><strong>suos</strong></span> <span class='ocrx_word' id='word_1_549' title='bbox 1905 3798 1970 3848; x_wconf 86' lang='lat' dir='ltr'><strong>de</strong></span> 
     </span>
    </p>
   </div>
   <div class='ocr_carea' id='block_1_80' title="bbox 391 3861 1968 3931">
    <p class='ocr_par' dir='ltr' id='par_1_80' title="bbox 391 3861 1968 3931">
     <span class='ocr_line' id='line_1_80' title="bbox 391 3861 1968 3931; baseline 0.002 -17"><span class='ocrx_word' id='word_1_550' title='bbox 391 3861 591 3915; x_wconf 84' lang='lat' dir='ltr'><strong>futuris</strong></span> <span class='ocrx_word' id='word_1_551' title='bbox 645 3862 881 3916; x_wconf 87' lang='lat' dir='ltr'><strong>miseriis</strong></span> <span class='ocrx_word' id='word_1_552' title='bbox 943 3861 1322 3917; x_wconf 79' lang='lat' dir='ltr'><strong>admonentem</strong></span> <span class='ocrx_word' id='word_1_553' title='bbox 1387 3864 1528 3931; x_wconf 89' lang='lat' dir='ltr'><strong>apud</strong></span> <span class='ocrx_word' id='word_1_554' title='bbox 1583 3863 1862 3917; x_wconf 86' lang='lat' dir='ltr'><strong>Platonem</strong></span> <span class='ocrx_word' id='word_1_555' title='bbox 1917 3866 1968 3917; x_wconf 95' lang='lat' dir='ltr'><strong>in</strong></span> 
     </span>
    </p>
   </div>
   <div class='ocr_carea' id='block_1_81' title="bbox 393 3931 1967 4002">
    <p class='ocr_par' dir='ltr' id='par_1_81' title="bbox 393 3931 1967 4002">
     <span class='ocr_line' id='line_1_81' title="bbox 393 3931 1967 4002; baseline 0.003 -20"><span class='ocrx_word' id='word_1_556' title='bbox 393 3931 648 3999; x_wconf 81' lang='lat' dir='ltr'><strong>Apologia</strong></span> <span class='ocrx_word' id='word_1_557' title='bbox 692 3932 953 3998; x_wconf 82' lang='lat' dir='ltr'><strong>Socratis,</strong></span> <span class='ocrx_word' id='word_1_558' title='bbox 999 3949 1123 4002; x_wconf 87' lang='lat' dir='ltr'><strong>pag.</strong></span> <span class='ocrx_word' id='word_1_559' title='bbox 1172 3933 1263 3996; x_wconf 78' lang='lat'><strong>58,</strong></span> <span class='ocrx_word' id='word_1_560' title='bbox 1319 3933 1410 3987; x_wconf 79' lang='lat'><strong>59.</strong></span> <span class='ocrx_word' id='word_1_561' title='bbox 1458 3933 1583 3986; x_wconf 68' lang='lat' dir='ltr'><strong>llaec</strong></span> <span class='ocrx_word' id='word_1_562' title='bbox 1614 3935 1820 3997; x_wconf 89' lang='lat' dir='ltr'><strong>omnia,</strong></span> <span class='ocrx_word' id='word_1_563' title='bbox 1859 3933 1967 3986; x_wconf 87' lang='lat' dir='ltr'><strong>Deo</strong></span> 
     </span>
    </p>
   </div>
   <div class='ocr_carea' id='block_1_82' title="bbox 393 4002 1966 4070">
    <p class='ocr_par' dir='ltr' id='par_1_82' title="bbox 393 4002 1966 4070">
     <span class='ocr_line' id='line_1_82' title="bbox 393 4002 1966 4070; baseline 0.004 -20"><span class='ocrx_word' id='word_1_564' title='bbox 393 4002 627 4070; x_wconf 78' lang='lat' dir='ltr'><strong>vindice,</strong></span> <span class='ocrx_word' id='word_1_565' title='bbox 660 4004 903 4069; x_wconf 89' lang='lat' dir='ltr'><strong>perpessi</strong></span> <span class='ocrx_word' id='word_1_566' title='bbox 931 4014 1060 4057; x_wconf 90' lang='lat' dir='ltr'><strong>sunt</strong></span> <span class='ocrx_word' id='word_1_567' title='bbox 1088 4004 1470 4065; x_wconf 88' lang='lat' dir='ltr'><strong>Athenienses,</strong></span> <span class='ocrx_word' id='word_1_568' title='bbox 1497 4018 1560 4054; x_wconf 92' lang='lat' dir='ltr'><strong>eo</strong></span> <span class='ocrx_word' id='word_1_569' title='bbox 1585 4005 1726 4070; x_wconf 90' lang='lat' dir='ltr'><strong>quod</strong></span> <span class='ocrx_word' id='word_1_570' title='bbox 1756 4004 1966 4057; x_wconf 84' lang='lat' dir='ltr'><strong>Socrati</strong></span> 
     </span>
    </p>
   </div>
   <div class='ocr_carea' id='block_1_83' title="bbox 392 4068 1964 4134">
    <p class='ocr_par' dir='ltr' id='par_1_83' title="bbox 392 4068 1964 4134">
     <span class='ocr_line' id='line_1_83' title="bbox 392 4068 1964 4134; baseline 0.004 -15"><span class='ocrx_word' id='word_1_571' title='bbox 392 4068 690 4134; x_wconf 87' lang='lat' dir='ltr'><strong>impietatis</strong></span> <span class='ocrx_word' id='word_1_572' title='bbox 723 4068 906 4124; x_wconf 87' lang='lat' dir='ltr'><strong>notam</strong></span> <span class='ocrx_word' id='word_1_573' title='bbox 949 4083 1004 4126; x_wconf 90' lang='lat' dir='ltr'><strong>et</strong></span> <span class='ocrx_word' id='word_1_574' title='bbox 1041 4073 1294 4125; x_wconf 88' lang='lat' dir='ltr'><strong>atheisnii</strong></span> <span class='ocrx_word' id='word_1_575' title='bbox 1330 4068 1666 4134; x_wconf 81' lang='lat' dir='ltr'><strong>inusserunt,</strong></span> <span class='ocrx_word' id='word_1_576' title='bbox 1708 4082 1762 4125; x_wconf 90' lang='lat' dir='ltr'><strong>et</strong></span> <span class='ocrx_word' id='word_1_577' title='bbox 1790 4073 1964 4125; x_wconf 88' lang='lat' dir='ltr'><strong>virum</strong></span> 
     </span>
    </p>
   </div>
   <div class='ocr_carea' id='block_1_84' title="bbox 391 4139 1961 4196">
    <p class='ocr_par' dir='ltr' id='par_1_84' title="bbox 391 4139 1961 4196">
     <span class='ocr_line' id='line_1_84' title="bbox 391 4139 1961 4196; baseline 0.006 -9"><span class='ocrx_word' id='word_1_578' title='bbox 391 4139 589 4194; x_wconf 87' lang='lat' dir='ltr'><strong>nullius</strong></span> <span class='ocrx_word' id='word_1_579' title='bbox 640 4142 863 4196; x_wconf 88' lang='lat' dir='ltr'><strong>sceleris</strong></span> <span class='ocrx_word' id='word_1_580' title='bbox 906 4143 1010 4196; x_wconf 81' lang='lat' dir='ltr'><strong>sibi</strong></span> <span class='ocrx_word' id='word_1_581' title='bbox 1062 4143 1338 4194; x_wconf 80' lang='lat' dir='ltr'><strong>conscium</strong></span> <span class='ocrx_word' id='word_1_582' title='bbox 1396 4141 1553 4194; x_wconf 90' lang='lat' dir='ltr'><strong>inorti</strong></span> <span class='ocrx_word' id='word_1_583' title='bbox 1606 4142 1961 4196; x_wconf 88' lang='lat' dir='ltr'><strong>tradiderunt.</strong></span> 
     </span>
    </p>
   </div>
   <div class='ocr_carea' id='block_1_85' title="bbox 389 4207 1960 4279">
    <p class='ocr_par' dir='ltr' id='par_1_85' title="bbox 389 4207 1960 4279">
     <span class='ocr_line' id='line_1_85' title="bbox 389 4207 1960 4279; baseline 0.001 -18"><span class='ocrx_word' id='word_1_584' title='bbox 389 4207 534 4262; x_wconf 88' lang='lat' dir='ltr'><strong>Sane</strong></span> <span class='ocrx_word' id='word_1_585' title='bbox 583 4211 740 4279; x_wconf 88' lang='lat' dir='ltr'><strong>longe</strong></span> <span class='ocrx_word' id='word_1_586' title='bbox 781 4213 939 4266; x_wconf 88' lang='lat' dir='ltr'><strong>aliter</strong></span> <span class='ocrx_word' id='word_1_587' title='bbox 985 4213 1161 4266; x_wconf 90' lang='lat' dir='ltr'><strong>sancti</strong></span> <span class='ocrx_word' id='word_1_588' title='bbox 1216 4221 1270 4264; x_wconf 93' lang='lat' dir='ltr'><strong>et</strong></span> <span class='ocrx_word' id='word_1_589' title='bbox 1322 4211 1519 4264; x_wconf 85' lang='lat' dir='ltr'><strong>eruditi</strong></span> <span class='ocrx_word' id='word_1_590' title='bbox 1576 4211 1699 4275; x_wconf 89' lang='lat' dir='ltr'><strong>viri,</strong></span> <span class='ocrx_word' id='word_1_591' title='bbox 1736 4212 1960 4279; x_wconf 84' lang='lat' dir='ltr'><strong>delectu</strong></span> 
     </span>
    </p>
   </div>
   <div class='ocr_carea' id='block_1_86' title="bbox 393 4278 1964 4349">
    <p class='ocr_par' dir='ltr' id='par_1_86' title="bbox 393 4278 1964 4349">
     <span class='ocr_line' id='line_1_86' title="bbox 393 4278 1964 4349; baseline 0.003 -19"><span class='ocrx_word' id='word_1_592' title='bbox 393 4280 564 4349; x_wconf 77' lang='lat' dir='ltr'><strong>magis</strong></span> <span class='ocrx_word' id='word_1_593' title='bbox 595 4278 756 4349; x_wconf 75' lang='lat' dir='ltr'><strong>quam</strong></span> <span class='ocrx_word' id='word_1_594' title='bbox 793 4283 1099 4335; x_wconf 84' lang='lat' dir='ltr'><strong>temeritate</strong></span> <span class='ocrx_word' id='word_1_595' title='bbox 1144 4282 1288 4333; x_wconf 84' lang='lat' dir='ltr'><strong>ducti</strong></span> <span class='ocrx_word' id='word_1_596' title='bbox 1325 4279 1681 4349; x_wconf 88' lang='lat' dir='ltr'><strong>judicarunt;</strong></span> <span class='ocrx_word' id='word_1_597' title='bbox 1721 4278 1964 4334; x_wconf 83' lang='lat' dir='ltr'><strong>Justinus</strong></span> 
     </span>
    </p>
   </div>
   <div class='ocr_carea' id='block_1_87' title="bbox 385 4347 1960 4420">
    <p class='ocr_par' dir='ltr' id='par_1_87' title="bbox 385 4347 1960 4420">
     <span class='ocr_line' id='line_1_87' title="bbox 385 4347 1960 4420; baseline 0.001 -20"><span class='ocrx_word' id='word_1_598' title='bbox 385 4347 623 4420; x_wconf 62' lang='lat' dir='ltr'><strong>Apdlog.</strong></span> <span class='ocrx_word' id='word_1_599' title='bbox 665 4366 726 4413; x_wconf 92' lang='grc' dir='ltr'><strong>ιι,</strong></span> <span class='ocrx_word' id='word_1_600' title='bbox 781 4366 904 4420; x_wconf 79' lang='lat' dir='ltr'><strong>pag.</strong></span> <span class='ocrx_word' id='word_1_601' title='bbox 953 4353 1055 4415; x_wconf 78' lang='lat'><strong>55;</strong></span> <span class='ocrx_word' id='word_1_602' title='bbox 1093 4352 1217 4403; x_wconf 90' lang='lat' dir='ltr'><strong>item</strong></span> <span class='ocrx_word' id='word_1_603' title='bbox 1246 4352 1306 4403; x_wconf 85' lang='lat' dir='ltr'><strong>in</strong></span> <span class='ocrx_word' id='word_1_604' title='bbox 1351 4348 1645 4420; x_wconf 80' lang='lat' dir='ltr'><strong>Purwnesi,</strong></span> <span class='ocrx_word' id='word_1_605' title='bbox 1695 4365 1816 4418; x_wconf 85' lang='lat' dir='ltr'><strong>pag.</strong></span> <span class='ocrx_word' id='word_1_606' title='bbox 1853 4349 1960 4415; x_wconf 71' lang='lat'><strong>48;</strong></span> 
     </span>
    </p>
   </div>
   <div class='ocr_carea' id='block_1_88' title="bbox 383 4418 1962 4487">
    <p class='ocr_par' dir='ltr' id='par_1_88' title="bbox 383 4418 1962 4487">
     <span class='ocr_line' id='line_1_88' title="bbox 383 4418 1962 4487; baseline -0.001 -15"><span class='ocrx_word' id='word_1_607' title='bbox 383 4418 678 4480; x_wconf 86' lang='lat' dir='ltr'><strong>Arnobius,</strong></span> <span class='ocrx_word' id='word_1_608' title='bbox 738 4418 908 4478; x_wconf 48' lang='lat' dir='ltr'><strong>libfi</strong></span> <span class='ocrx_word' id='word_1_609' title='bbox 960 4422 1159 4474; x_wconf 76' lang='lat' dir='ltr'><strong>Contra</strong></span> <span class='ocrx_word' id='word_1_610' title='bbox 1211 4431 1408 4487; x_wconf 77' lang='lat' dir='ltr'><strong>gentes,</strong></span> <span class='ocrx_word' id='word_1_611' title='bbox 1460 4435 1513 4486; x_wconf 92' lang='lat' dir='ltr'><strong>p.</strong></span> <span class='ocrx_word' id='word_1_612' title='bbox 1570 4419 1670 4482; x_wconf 74' lang='lat' dir='ltr'><strong>i4;</strong></span> <span class='ocrx_word' id='word_1_613' title='bbox 1714 4420 1962 4472; x_wconf 74' lang='lat' dir='ltr'><strong>Clemens</strong></span> 
     </span>
    </p>
   </div>
   <div class='ocr_carea' id='block_1_89' title="bbox 2080 3235 3658 3310">
    <p class='ocr_par' dir='ltr' id='par_1_89' title="bbox 2080 3235 3658 3310">
     <span class='ocr_line' id='line_1_89' title="bbox 2080 3235 3658 3310; baseline -0.001 -21"><span class='ocrx_word' id='word_1_614' title='bbox 2080 3238 2173 3310; x_wconf 70' lang='grc' dir='ltr'><strong>καὶ</strong></span> <span class='ocrx_word' id='word_1_615' title='bbox 2207 3239 2333 3307; x_wconf 76' lang='grc' dir='ltr'>περὶ</span> <span class='ocrx_word' id='word_1_616' title='bbox 2373 3235 2638 3310; x_wconf 64' lang='grc' dir='ltr'>ξξήκοντα</span> <span class='ocrx_word' id='word_1_617' title='bbox 2673 3239 3034 3310; x_wconf 33' lang='grc' dir='ltr'>τὸνῌάριθμὸν</span> <span class='ocrx_word' id='word_1_618' title='bbox 3073 3239 3122 3291; x_wconf 86' lang='grc' dir='ltr'>οἱ</span> <span class='ocrx_word' id='word_1_619' title='bbox 3152 3236 3503 3310; x_wconf 80' lang='grc' dir='ltr'>κατελθόντες</span> <span class='ocrx_word' id='word_1_620' title='bbox 3529 3235 3658 3288; x_wconf 79' lang='grc' dir='ltr'>ἄνευ</span> 
     </span>
    </p>
   </div>
   <div class='ocr_carea' id='block_1_90' title="bbox 2076 3303 3660 3379">
    <p class='ocr_par' dir='ltr' id='par_1_90' title="bbox 2076 3303 3660 3379">
     <span class='ocr_line' id='line_1_90' title="bbox 2076 3303 3660 3379; baseline 0 -21"><span class='ocrx_word' id='word_1_621' title='bbox 2076 3306 2184 3358; x_wconf 83' lang='grc' dir='ltr'><strong>τῶν</strong></span> <span class='ocrx_word' id='word_1_622' title='bbox 2210 3303 2620 3379; x_wconf 75' lang='grc' dir='ltr'>πρεσϐυτέρων,</span> <span class='ocrx_word' id='word_1_623' title='bbox 2657 3312 2713 3361; x_wconf 78' lang='grc' dir='ltr'>ὲν</span> <span class='ocrx_word' id='word_1_624' title='bbox 2741 3303 2822 3373; x_wconf 73' lang='grc' dir='ltr'>οἷς</span> <span class='ocrx_word' id='word_1_625' title='bbox 2846 3303 2947 3362; x_wconf 69' lang='grc' dir='ltr'>’ἐπί</span> <span class='ocrx_word' id='word_1_626' title='bbox 2967 3309 3062 3379; x_wconf 81' lang='grc' dir='ltr'><strong>τὴν</strong></span> <span class='ocrx_word' id='word_1_627' title='bbox 3079 3307 3338 3379; x_wconf 64' lang='grc' dir='ltr'>ἰατρικήν</span> <span class='ocrx_word' id='word_1_628' title='bbox 3359 3321 3512 3379; x_wconf 27' lang='grc' dir='ltr'>τινες*</span> <span class='ocrx_word' id='word_1_629' title='bbox 3529 3321 3660 3358; x_wconf 74' lang='grc' dir='ltr'>κατ-</span> 
     </span>
    </p>
   </div>
   <div class='ocr_carea' id='block_1_91' title="bbox 2077 3373 3656 3460">
    <p class='ocr_par' dir='ltr' id='par_1_91' title="bbox 2077 3373 3656 3460">
     <span class='ocr_line' id='line_1_91' title="bbox 2077 3373 3656 3460; baseline 0.021 -34"><span class='ocrx_word' id='word_1_630' title='bbox 2077 3373 2402 3460; x_wconf 50' lang='grc' dir='ltr'>ενεχθέντες,</span> <span class='ocrx_word' id='word_1_631' title='bbox 2458 3373 2551 3460; x_wconf 52' lang='grc' dir='ltr'><strong>κάξ</strong></span> <span class='ocrx_word' id='word_1_632' title='bbox 2585 3379 2759 3449; x_wconf 62' lang='grc' dir='ltr'>διαίτῃ</span> <span class='ocrx_word' id='word_1_633' title='bbox 2793 3380 2923 3460; x_wconf 62' lang='grc' dir='ltr'>ξτοὺς</span> <span class='ocrx_word' id='word_1_634' title='bbox 2947 3373 3260 3460; x_wconf 52' lang='grc' dir='ltr'><strong>ἀρῤάζστόἶλς</strong></span> <span class='ocrx_word' id='word_1_635' title='bbox 3295 3373 3458 3460; x_wconf 48' lang='grc' dir='ltr'><strong>δῖτας</strong></span> <span class='ocrx_word' id='word_1_636' title='bbox 3491 3373 3656 3460; x_wconf 45' lang='lat'><strong>05901..</strong></span> 
     </span>
    </p>
   </div>
   <div class='ocr_carea' id='block_1_92' title="bbox 2077 3442 3659 3517">
    <p class='ocr_par' dir='ltr' id='par_1_92' title="bbox 2077 3442 3659 3517">
     <span class='ocr_line' id='line_1_92' title="bbox 2077 3442 3659 3517; baseline -0.003 -19"><span class='ocrx_word' id='word_1_637' title='bbox 2077 3442 2353 3517; x_wconf 77' lang='grc' dir='ltr'>πεῦοντες,</span> <span class='ocrx_word' id='word_1_638' title='bbox 2379 3447 2644 3517; x_wconf 82' lang='grc' dir='ltr'>ἡγεμόνες</span> <span class='ocrx_word' id='word_1_639' title='bbox 2676 3442 3143 3517; x_wconf 77' lang='grc' dir='ltr'>κατέστησα’ν’τῆς</span> <span class='ocrx_word' id='word_1_640' title='bbox 3171 3445 3465 3517; x_wconf 77' lang='grc' dir='ltr'>εἰρημένης</span> <span class='ocrx_word' id='word_1_641' title='bbox 3500 3442 3659 3517; x_wconf 62' lang='grc' dir='ltr'>μεθὸς-</span> 
     </span>
    </p>
   </div>
   <div class='ocr_carea' id='block_1_93' title="bbox 2074 3493 3657 3584">
    <p class='ocr_par' dir='ltr' id='par_1_93' title="bbox 2074 3493 3657 3584">
     <span class='ocr_line' id='line_1_93' title="bbox 2085 3493 3625 3509; baseline -0.003 -10"><span class='ocrx_word' id='word_1_642' title='bbox 2085 3493 2394 3509; x_wconf 65' lang='lat'><strong>---_-.--,,.</strong></span> <span class='ocrx_word' id='word_1_643' title='bbox 2458 3493 2479 3498; x_wconf 79' lang='lat'><strong>-</strong></span> <span class='ocrx_word' id='word_1_644' title='bbox 2532 3493 2610 3499; x_wconf 59' lang='grc' dir='ltr'><strong>,η</strong></span> <span class='ocrx_word' id='word_1_645' title='bbox 2678 3493 2895 3500; x_wconf 75' lang='lat'><strong>-____--.</strong></span> <span class='ocrx_word' id='word_1_646' title='bbox 2925 3493 3014 3500; x_wconf 53' lang='grc' dir='ltr'>η,</span> <span class='ocrx_word' id='word_1_647' title='bbox 3057 3493 3141 3509; x_wconf 50' lang='grc' dir='ltr'><strong>-.τ</strong></span> <span class='ocrx_word' id='word_1_648' title='bbox 3172 3493 3216 3498; x_wconf 85' lang='lat'>__</span> <span class='ocrx_word' id='word_1_649' title='bbox 3264 3493 3272 3496; x_wconf 87' lang='lat'>_</span> <span class='ocrx_word' id='word_1_650' title='bbox 3315 3493 3414 3497; x_wconf 50' lang='grc' dir='ltr'><strong>η--.</strong></span> <span class='ocrx_word' id='word_1_651' title='bbox 3445 3493 3462 3506; x_wconf 44' lang='grc' dir='ltr'><strong>ς</strong></span> 
     </span>
     <span class='ocr_line' id='line_1_94' title="bbox 2074 3493 3657 3584; baseline -0.001 -17"><span class='ocrx_word' id='word_1_652' title='bbox 2074 3515 2184 3570; x_wconf 89' lang='grc' dir='ltr'>δου.</span> <span class='ocrx_word' id='word_1_653' title='bbox 2225 3493 2775 3584; x_wconf 54' lang='grc' dir='ltr'>Συνέϐηδξκαῗτους</span> <span class='ocrx_word' id='word_1_654' title='bbox 2811 3493 3080 3579; x_wconf 76' lang='grc' dir='ltr'>σωθέντας</span> <span class='ocrx_word' id='word_1_655' title='bbox 3102 3493 3472 3584; x_wconf 43' lang='grc' dir='ltr'>διαφὲρίῦντώς</span> <span class='ocrx_word' id='word_1_656' title='bbox 3500 3493 3657 3584; x_wconf 64' lang='grc' dir='ltr'><strong>ιἰεςιιρόι</strong></span> 
     </span>
    </p>
   </div>
   <div class='ocr_carea' id='block_1_94' title="bbox 2073 3577 3658 3655">
    <p class='ocr_par' dir='ltr' id='par_1_94' title="bbox 2073 3577 3658 3655">
     <span class='ocr_line' id='line_1_95' title="bbox 2073 3577 3658 3655; baseline -0.001 -18"><span class='ocrx_word' id='word_1_657' title='bbox 2073 3589 2184 3654; x_wconf 78' lang='grc' dir='ltr'>τοῖς</span> <span class='ocrx_word' id='word_1_658' title='bbox 2211 3577 2862 3655; x_wconf 59' lang='grc' dir='ltr'>πολλῶςέὺδοκιμοῦιίτας</span> <span class='ocrx_word' id='word_1_659' title='bbox 2893 3586 3032 3638; x_wconf 79' lang='grc' dir='ltr'>κατὰ</span> <span class='ocrx_word' id='word_1_660' title='bbox 3060 3577 3149 3638; x_wconf 77' lang='grc' dir='ltr'><strong>τὸν</strong></span> <span class='ocrx_word' id='word_1_661' title='bbox 3175 3577 3385 3653; x_wconf 70' lang='grc' dir='ltr'>καιρὸν,</span> <span class='ocrx_word' id='word_1_662' title='bbox 3419 3585 3476 3633; x_wconf 86' lang='grc' dir='ltr'><strong>ἐν</strong></span> <span class='ocrx_word' id='word_1_663' title='bbox 3506 3577 3548 3649; x_wconf 81' lang='grc' dir='ltr'><strong>ᾧ</strong></span> <span class='ocrx_word' id='word_1_664' title='bbox 3572 3577 3658 3655; x_wconf 55' lang='grc' dir='ltr'><strong>Δλε-</strong></span> 
     </span>
    </p>
   </div>
   <div class='ocr_carea' id='block_1_95' title="bbox 2076 3653 3655 3725">
    <p class='ocr_par' dir='ltr' id='par_1_95' title="bbox 2076 3653 3655 3725">
     <span class='ocr_line' id='line_1_96' title="bbox 2076 3653 3655 3725; baseline 0 -19"><span class='ocrx_word' id='word_1_665' title='bbox 2076 3653 2302 3724; x_wconf 80' lang='grc' dir='ltr'>γόμενον</span> <span class='ocrx_word' id='word_1_666' title='bbox 2331 3656 2464 3725; x_wconf 81' lang='grc' dir='ltr'>πρὸς</span> <span class='ocrx_word' id='word_1_667' title='bbox 2485 3657 2609 3716; x_wconf 76' lang='grc' dir='ltr'>τοὺς</span> <span class='ocrx_word' id='word_1_668' title='bbox 2627 3653 3097 3725; x_wconf 77' lang='grc' dir='ltr'>παρανομοῦντας.</span> <span class='ocrx_word' id='word_1_669' title='bbox 3130 3675 3147 3706; x_wconf 82' lang='grc' dir='ltr'><strong>ι</strong></span> <span class='ocrx_word' id='word_1_670' title='bbox 3175 3653 3655 3725; x_wconf 65' lang='grc' dir='ltr'>Ρρειὶιωο,ιιιιιιιὶε</span> 
     </span>
    </p>
   </div>
   <div class='ocr_carea' id='block_1_96' title="bbox 2076 3723 3653 3792">
    <p class='ocr_par' dir='ltr' id='par_1_96' title="bbox 2076 3723 3653 3792">
     <span class='ocr_line' id='line_1_97' title="bbox 2076 3723 3653 3792; baseline 0 -17"><span class='ocrx_word' id='word_1_671' title='bbox 2076 3723 2231 3777; x_wconf 89' lang='lat' dir='ltr'><strong>annis</strong></span> <span class='ocrx_word' id='word_1_672' title='bbox 2257 3723 2578 3792; x_wconf 81' lang='lat' dir='ltr'><strong>iitierjectis,</strong></span> <span class='ocrx_word' id='word_1_673' title='bbox 2601 3723 2723 3778; x_wconf 87' lang='lat' dir='ltr'><strong>cum</strong></span> <span class='ocrx_word' id='word_1_674' title='bbox 2773 3723 3075 3779; x_wconf 83' lang='lat' dir='ltr'><strong>Dinarchus</strong></span> <span class='ocrx_word' id='word_1_675' title='bbox 3102 3726 3154 3778; x_wconf 93' lang='lat' dir='ltr'><strong>in</strong></span> <span class='ocrx_word' id='word_1_676' title='bbox 3183 3723 3288 3776; x_wconf 91' lang='lat' dir='ltr'><strong>alio</strong></span> <span class='ocrx_word' id='word_1_677' title='bbox 3318 3723 3504 3790; x_wconf 71' lang='lat' dir='ltr'><strong>prazlio</strong></span> <span class='ocrx_word' id='word_1_678' title='bbox 3530 3737 3653 3775; x_wconf 89' lang='lat' dir='ltr'><strong>cum</strong></span> 
     </span>
    </p>
   </div>
   <div class='ocr_carea' id='block_1_97' title="bbox 2073 3793 3653 3864">
    <p class='ocr_par' dir='ltr' id='par_1_97' title="bbox 2073 3793 3653 3864">
     <span class='ocr_line' id='line_1_98' title="bbox 2073 3793 3653 3864; baseline -0.001 -18"><span class='ocrx_word' id='word_1_679' title='bbox 2073 3796 2186 3847; x_wconf 90' lang='lat' dir='ltr'><strong>suis</strong></span> <span class='ocrx_word' id='word_1_680' title='bbox 2207 3810 2400 3859; x_wconf 72' lang='lat' dir='ltr'><strong>cmsus,</strong></span> <span class='ocrx_word' id='word_1_681' title='bbox 2435 3803 2490 3846; x_wconf 89' lang='lat' dir='ltr'><strong>et</strong></span> <span class='ocrx_word' id='word_1_682' title='bbox 2527 3793 2752 3864; x_wconf 86' lang='lat' dir='ltr'><strong>Litagiis</strong></span> <span class='ocrx_word' id='word_1_683' title='bbox 2783 3811 3000 3864; x_wconf 90' lang='lat' dir='ltr'><strong>quoque</strong></span> <span class='ocrx_word' id='word_1_684' title='bbox 3027 3794 3416 3848; x_wconf 85' lang='lat' dir='ltr'><strong>seditiosorum</strong></span> <span class='ocrx_word' id='word_1_685' title='bbox 3447 3793 3653 3846; x_wconf 86' lang='lat' dir='ltr'><strong>antesi-</strong></span> 
     </span>
    </p>
   </div>
   <div class='ocr_carea' id='block_1_98' title="bbox 2072 3863 3653 3932">
    <p class='ocr_par' dir='ltr' id='par_1_98' title="bbox 2072 3863 3653 3932">
     <span class='ocr_line' id='line_1_99' title="bbox 2072 3863 3653 3932; baseline 0 -16"><span class='ocrx_word' id='word_1_686' title='bbox 2072 3877 2283 3930; x_wconf 81' lang='lat' dir='ltr'><strong>gnanus</strong></span> <span class='ocrx_word' id='word_1_687' title='bbox 2328 3864 2632 3919; x_wconf 77' lang='lat' dir='ltr'><strong>exstinctus</strong></span> <span class='ocrx_word' id='word_1_688' title='bbox 2662 3863 2866 3932; x_wconf 18' lang='lat' dir='ltr'><strong>iesset;</strong></span> <span class='ocrx_word' id='word_1_689' title='bbox 2913 3863 3293 3919; x_wconf 82' lang='lat' dir='ltr'><strong>misericordia</strong></span> <span class='ocrx_word' id='word_1_690' title='bbox 3340 3864 3548 3930; x_wconf 86' lang='lat' dir='ltr'><strong>pariter</strong></span> <span class='ocrx_word' id='word_1_691' title='bbox 3597 3871 3653 3916; x_wconf 90' lang='lat' dir='ltr'><strong>et</strong></span> 
     </span>
    </p>
   </div>
   <div class='ocr_carea' id='block_1_99' title="bbox 2073 3932 3648 4003">
    <p class='ocr_par' dir='ltr' id='par_1_99' title="bbox 2073 3932 3648 4003">
     <span class='ocr_line' id='line_1_100' title="bbox 2073 3932 3648 4003; baseline -0.001 -16"><span class='ocrx_word' id='word_1_692' title='bbox 2073 3934 2394 4001; x_wconf 71' lang='lat' dir='ltr'><strong>pmiiitentia</strong></span> <span class='ocrx_word' id='word_1_693' title='bbox 2425 3935 2573 3988; x_wconf 85' lang='lat' dir='ltr'><strong>cives</strong></span> <span class='ocrx_word' id='word_1_694' title='bbox 2618 3935 2808 3999; x_wconf 85' lang='lat' dir='ltr'><strong>subiit,</strong></span> <span class='ocrx_word' id='word_1_695' title='bbox 2844 3946 2901 3988; x_wconf 92' lang='lat' dir='ltr'><strong>ut</strong></span> <span class='ocrx_word' id='word_1_696' title='bbox 2930 3936 3168 4003; x_wconf 88' lang='lat' dir='ltr'><strong>reliquos</strong></span> <span class='ocrx_word' id='word_1_697' title='bbox 3193 3933 3561 4002; x_wconf 83' lang='lat' dir='ltr'><strong>Pythagoreos</strong></span> <span class='ocrx_word' id='word_1_698' title='bbox 3593 3932 3648 3985; x_wconf 92' lang='lat' dir='ltr'><strong>in</strong></span> 
     </span>
    </p>
   </div>
   <div class='ocr_carea' id='block_1_100' title="bbox 2071 4003 3650 4071">
    <p class='ocr_par' dir='ltr' id='par_1_100' title="bbox 2071 4003 3650 4071">
     <span class='ocr_line' id='line_1_101' title="bbox 2071 4003 3650 4071; baseline 0.001 -18"><span class='ocrx_word' id='word_1_699' title='bbox 2071 4005 2300 4069; x_wconf 89' lang='lat' dir='ltr'><strong>patriam</strong></span> <span class='ocrx_word' id='word_1_700' title='bbox 2367 4006 2704 4060; x_wconf 89' lang='lat' dir='ltr'><strong>revocandos</strong></span> <span class='ocrx_word' id='word_1_701' title='bbox 2761 4020 2883 4060; x_wconf 90' lang='lat' dir='ltr'><strong>esse</strong></span> <span class='ocrx_word' id='word_1_702' title='bbox 2935 4013 3254 4068; x_wconf 86' lang='lat' dir='ltr'><strong>censerent;</strong></span> <span class='ocrx_word' id='word_1_703' title='bbox 3314 4003 3544 4071; x_wconf 86' lang='lat' dir='ltr'><strong>ideoque</strong></span> <span class='ocrx_word' id='word_1_704' title='bbox 3583 4019 3650 4056; x_wconf 82' lang='lat' dir='ltr'><strong>ex</strong></span> 
     </span>
    </p>
   </div>
   <div class='ocr_carea' id='block_1_101' title="bbox 2068 4074 3648 4144">
    <p class='ocr_par' dir='ltr' id='par_1_101' title="bbox 2068 4074 3648 4144">
     <span class='ocr_line' id='line_1_102' title="bbox 2068 4074 3648 4144; baseline -0.001 -18"><span class='ocrx_word' id='word_1_705' title='bbox 2068 4074 2276 4127; x_wconf 87' lang='lat' dir='ltr'><strong>Achaia</strong></span> <span class='ocrx_word' id='word_1_706' title='bbox 2329 4075 2533 4143; x_wconf 87' lang='lat' dir='ltr'><strong>legatos</strong></span> <span class='ocrx_word' id='word_1_707' title='bbox 2595 4076 2890 4143; x_wconf 89' lang='lat' dir='ltr'><strong>petierunt,</strong></span> <span class='ocrx_word' id='word_1_708' title='bbox 2947 4089 3249 4144; x_wconf 87' lang='lat' dir='ltr'><strong>eorumque</strong></span> <span class='ocrx_word' id='word_1_709' title='bbox 3305 4088 3471 4144; x_wconf 89' lang='lat' dir='ltr'><strong>opera</strong></span> <span class='ocrx_word' id='word_1_710' title='bbox 3522 4086 3648 4124; x_wconf 91' lang='lat' dir='ltr'><strong>cum</strong></span> 
     </span>
    </p>
   </div>
   <div class='ocr_carea' id='block_1_102' title="bbox 2068 4143 3647 4207">
    <p class='ocr_par' dir='ltr' id='par_1_102' title="bbox 2068 4143 3647 4207">
     <span class='ocr_line' id='line_1_103' title="bbox 2068 4143 3647 4207; baseline -0.001 -12"><span class='ocrx_word' id='word_1_711' title='bbox 2068 4145 2348 4198; x_wconf 75' lang='lat' dir='ltr'><strong>exsulibus</strong></span> <span class='ocrx_word' id='word_1_712' title='bbox 2389 4149 2439 4197; x_wconf 88' lang='lat' dir='ltr'><strong>in</strong></span> <span class='ocrx_word' id='word_1_713' title='bbox 2494 4149 2844 4199; x_wconf 88' lang='lat' dir='ltr'><strong>concordiam</strong></span> <span class='ocrx_word' id='word_1_714' title='bbox 2893 4143 3191 4204; x_wconf 87' lang='lat' dir='ltr'><strong>redierunt,</strong></span> <span class='ocrx_word' id='word_1_715' title='bbox 3240 4153 3291 4196; x_wconf 93' lang='lat' dir='ltr'><strong>et</strong></span> <span class='ocrx_word' id='word_1_716' title='bbox 3333 4143 3647 4207; x_wconf 88' lang='lat' dir='ltr'><strong>juranienta</strong></span> 
     </span>
    </p>
   </div>
   <div class='ocr_carea' id='block_1_103' title="bbox 2069 4212 3649 4281">
    <p class='ocr_par' dir='ltr' id='par_1_103' title="bbox 2069 4212 3649 4281">
     <span class='ocr_line' id='line_1_104' title="bbox 2069 4212 3649 4281; baseline -0.003 -17"><span class='ocrx_word' id='word_1_717' title='bbox 2069 4212 2288 4281; x_wconf 87' lang='lat' dir='ltr'><strong>Delphis</strong></span> <span class='ocrx_word' id='word_1_718' title='bbox 2325 4223 2740 4268; x_wconf 89' lang='lat' dir='ltr'><strong>consecrarunt.</strong></span> <span class='ocrx_word' id='word_1_719' title='bbox 2791 4213 3036 4269; x_wconf 82' lang='lat' dir='ltr'><strong>Fuerunt</strong></span> <span class='ocrx_word' id='word_1_720' title='bbox 3077 4224 3255 4264; x_wconf 91' lang='lat' dir='ltr'><strong>autem</strong></span> <span class='ocrx_word' id='word_1_721' title='bbox 3287 4212 3514 4263; x_wconf 88' lang='lat' dir='ltr'><strong>reduces</strong></span> <span class='ocrx_word' id='word_1_722' title='bbox 3548 4225 3649 4281; x_wconf 86' lang='lat' dir='ltr'><strong>nu-</strong></span> 
     </span>
    </p>
   </div>
   <div class='ocr_carea' id='block_1_104' title="bbox 2067 4279 3647 4352">
    <p class='ocr_par' dir='ltr' id='par_1_104' title="bbox 2067 4279 3647 4352">
     <span class='ocr_line' id='line_1_105' title="bbox 2067 4279 3647 4352; baseline -0.002 -18"><span class='ocrx_word' id='word_1_723' title='bbox 2067 4279 2220 4336; x_wconf 80' lang='lat' dir='ltr'><strong>mero</strong></span> <span class='ocrx_word' id='word_1_724' title='bbox 2251 4285 2539 4336; x_wconf 85' lang='lat' dir='ltr'><strong>admodum</strong></span> <span class='ocrx_word' id='word_1_725' title='bbox 2576 4284 2896 4352; x_wconf 73' lang='lat' dir='ltr'><strong>sexaginta;</strong></span> <span class='ocrx_word' id='word_1_726' title='bbox 2945 4282 3186 4352; x_wconf 79' lang='lat' dir='ltr'><strong>exceptis</strong></span> <span class='ocrx_word' id='word_1_727' title='bbox 3226 4281 3318 4348; x_wconf 83' lang='lat' dir='ltr'><strong>qui</strong></span> <span class='ocrx_word' id='word_1_728' title='bbox 3349 4289 3510 4352; x_wconf 65' lang='lat' dir='ltr'><strong>actate</strong></span> <span class='ocrx_word' id='word_1_729' title='bbox 3547 4279 3647 4352; x_wconf 82' lang='lat' dir='ltr'><strong>de-</strong></span> 
     </span>
    </p>
   </div>
   <div class='ocr_carea' id='block_1_105' title="bbox 2066 4349 3648 4420">
    <p class='ocr_par' dir='ltr' id='par_1_105' title="bbox 2066 4349 3648 4420">
     <span class='ocr_line' id='line_1_106' title="bbox 2066 4349 3648 4420; baseline -0.001 -17"><span class='ocrx_word' id='word_1_730' title='bbox 2066 4353 2258 4419; x_wconf 90' lang='lat' dir='ltr'><strong>crepiti</strong></span> <span class='ocrx_word' id='word_1_731' title='bbox 2292 4364 2490 4405; x_wconf 88' lang='lat' dir='ltr'><strong>erant:</strong></span> <span class='ocrx_word' id='word_1_732' title='bbox 2527 4353 2670 4404; x_wconf 85' lang='lat' dir='ltr'><strong>inter</strong></span> <span class='ocrx_word' id='word_1_733' title='bbox 2709 4349 2845 4420; x_wconf 72' lang='lat' dir='ltr'><strong>(pios</strong></span> <span class='ocrx_word' id='word_1_734' title='bbox 2883 4351 3317 4420; x_wconf 83' lang='lat' dir='ltr'><strong>reperiebantur,</strong></span> <span class='ocrx_word' id='word_1_735' title='bbox 3356 4349 3444 4417; x_wconf 85' lang='lat' dir='ltr'><strong>qui</strong></span> <span class='ocrx_word' id='word_1_736' title='bbox 3476 4349 3648 4420; x_wconf 54' lang='lat' dir='ltr'><strong>medic</strong></span> 
     </span>
    </p>
   </div>
   <div class='ocr_carea' id='block_1_106' title="bbox 2066 4418 3646 4490">
    <p class='ocr_par' dir='ltr' id='par_1_106' title="bbox 2066 4418 3646 4490">
     <span class='ocr_line' id='line_1_107' title="bbox 2066 4418 3646 4490; baseline -0.001 -17"><span class='ocrx_word' id='word_1_737' title='bbox 2066 4418 2202 4473; x_wconf 71' lang='lat' dir='ltr'><strong>cinie</strong></span> <span class='ocrx_word' id='word_1_738' title='bbox 2253 4437 2476 4488; x_wconf 83' lang='lat' dir='ltr'><strong>Operam</strong></span> <span class='ocrx_word' id='word_1_739' title='bbox 2528 4418 2822 4485; x_wconf 80' lang='lat' dir='ltr'><strong>navabant,</strong></span> <span class='ocrx_word' id='word_1_740' title='bbox 2874 4418 3244 4490; x_wconf 61' lang='lat' dir='ltr'><strong>aigrotosque</strong></span> <span class='ocrx_word' id='word_1_741' title='bbox 3276 4429 3439 4490; x_wconf 85' lang='lat' dir='ltr'><strong>certa_</strong></span> <span class='ocrx_word' id='word_1_742' title='bbox 3470 4418 3646 4490; x_wconf 84' lang='lat' dir='ltr'><strong>vietus</strong></span> 
     </span>
    </p>
   </div>
   <div class='ocr_carea' id='block_1_107' title="bbox 385 4486 3642 4558">
    <p class='ocr_par' dir='ltr' id='par_1_107' title="bbox 385 4486 3642 4558">
     <span class='ocr_line' id='line_1_108' title="bbox 385 4486 3642 4558; baseline 0.001 -18"><span class='ocrx_word' id='word_1_743' title='bbox 385 4489 806 4554; x_wconf 78' lang='lat' dir='ltr'><strong>Alexandrinus,</strong></span> <span class='ocrx_word' id='word_1_744' title='bbox 853 4491 1083 4546; x_wconf 82' lang='lat' dir='ltr'><strong>Admon.</strong></span> <span class='ocrx_word' id='word_1_745' title='bbox 1121 4492 1187 4542; x_wconf 82' lang='lat' dir='ltr'><strong>ad</strong></span> <span class='ocrx_word' id='word_1_746' title='bbox 1213 4486 1424 4558; x_wconf 8' lang='lat' dir='ltr'><strong>ﬁgentes,</strong></span> <span class='ocrx_word' id='word_1_747' title='bbox 1462 4504 1583 4557; x_wconf 80' lang='lat' dir='ltr'><strong>pag.</strong></span> <span class='ocrx_word' id='word_1_748' title='bbox 1619 4490 1715 4554; x_wconf 79' lang='lat'><strong>15;</strong></span> <span class='ocrx_word' id='word_1_749' title='bbox 1763 4488 1964 4542; x_wconf 57' lang='lat' dir='ltr'><strong>Nuineo</strong></span> <span class='ocrx_word' id='word_1_750' title='bbox 1996 4492 2042 4549; x_wconf 90' lang='lat' dir='ltr'><strong>D</strong></span> <span class='ocrx_word' id='word_1_751' title='bbox 2073 4486 2300 4543; x_wconf 83' lang='lat' dir='ltr'><strong>ratione</strong></span> <span class='ocrx_word' id='word_1_752' title='bbox 2320 4491 2619 4555; x_wconf 88' lang='lat' dir='ltr'><strong>curabant;</strong></span> <span class='ocrx_word' id='word_1_753' title='bbox 2657 4507 2718 4544; x_wconf 87' lang='lat' dir='ltr'><strong>ea</strong></span> <span class='ocrx_word' id='word_1_754' title='bbox 2773 4486 2988 4545; x_wconf 76' lang='lat' dir='ltr'><strong>scilicet</strong></span> <span class='ocrx_word' id='word_1_755' title='bbox 3029 4488 3305 4553; x_wconf 89' lang='lat' dir='ltr'><strong>methodo,</strong></span> <span class='ocrx_word' id='word_1_756' title='bbox 3356 4486 3511 4556; x_wconf 86' lang='lat' dir='ltr'><strong>cujus</strong></span> <span class='ocrx_word' id='word_1_757' title='bbox 3539 4488 3642 4555; x_wconf 89' lang='lat' dir='ltr'><strong>ipsi</strong></span> 
     </span>
    </p>
   </div>
   <div class='ocr_carea' id='block_1_108' title="bbox 384 4557 1957 4629">
    <p class='ocr_par' dir='ltr' id='par_1_108' title="bbox 384 4557 1957 4629">
     <span class='ocr_line' id='line_1_109' title="bbox 384 4557 1957 4629; baseline 0.002 -17"><span class='ocrx_word' id='word_1_758' title='bbox 384 4558 527 4620; x_wconf 85' lang='lat' dir='ltr'><strong>nius,</strong></span> <span class='ocrx_word' id='word_1_759' title='bbox 563 4559 657 4612; x_wconf 86' lang='lat' dir='ltr'><strong>lib.</strong></span> <span class='ocrx_word' id='word_1_760' title='bbox 691 4557 767 4611; x_wconf 85' lang='lat' dir='ltr'><strong>De</strong></span> <span class='ocrx_word' id='word_1_761' title='bbox 807 4558 1049 4629; x_wconf 77' lang='lat' dir='ltr'><strong>Platonis</strong></span> <span class='ocrx_word' id='word_1_762' title='bbox 1095 4557 1303 4612; x_wconf 72' lang='lat' dir='ltr'><strong>arcanis</strong></span> <span class='ocrx_word' id='word_1_763' title='bbox 1337 4563 1476 4629; x_wconf 91' lang='lat' dir='ltr'><strong>apud</strong></span> <span class='ocrx_word' id='word_1_764' title='bbox 1513 4561 1830 4622; x_wconf 77' lang='lat' dir='ltr'><strong>Eusebium,</strong></span> <span class='ocrx_word' id='word_1_765' title='bbox 1861 4560 1957 4615; x_wconf 86' lang='lat' dir='ltr'><strong>lib.</strong></span> 
     </span>
    </p>
   </div>
   <div class='ocr_carea' id='block_1_109' title="bbox 385 4628 1956 4698">
    <p class='ocr_par' dir='ltr' id='par_1_109' title="bbox 385 4628 1956 4698">
     <span class='ocr_line' id='line_1_110' title="bbox 385 4628 1956 4698; baseline 0 -18"><span class='ocrx_word' id='word_1_766' title='bbox 385 4643 505 4698; x_wconf 56' lang='lat' dir='ltr'><strong>alii,</strong></span> <span class='ocrx_word' id='word_1_767' title='bbox 540 4645 664 4697; x_wconf 86' lang='lat' dir='ltr'><strong>cap.</strong></span> <span class='ocrx_word' id='word_1_768' title='bbox 695 4629 753 4692; x_wconf 86' lang='grc'>5,</span> <span class='ocrx_word' id='word_1_769' title='bbox 785 4628 1118 4698; x_wconf 78' lang='lat' dir='ltr'><strong>Evangelicw</strong></span> <span class='ocrx_word' id='word_1_770' title='bbox 1149 4628 1591 4698; x_wconf 67' lang='lat' dir='ltr'><strong>pra&#39;parutionis;</strong></span> <span class='ocrx_word' id='word_1_771' title='bbox 1625 4629 1956 4692; x_wconf 86' lang='lat' dir='ltr'><strong>Lactantius,</strong></span> 
     </span>
    </p>
   </div>
   <div class='ocr_carea' id='block_1_110' title="bbox 383 4697 1959 4769">
    <p class='ocr_par' dir='ltr' id='par_1_110' title="bbox 383 4697 1959 4769">
     <span class='ocr_line' id='line_1_111' title="bbox 383 4697 1959 4769; baseline 0.001 -19"><span class='ocrx_word' id='word_1_772' title='bbox 383 4697 479 4769; x_wconf 88' lang='lat' dir='ltr'><strong>lib.</strong></span> <span class='ocrx_word' id='word_1_773' title='bbox 513 4714 562 4765; x_wconf 80' lang='grc' dir='ltr'><strong>ν,</strong></span> <span class='ocrx_word' id='word_1_774' title='bbox 601 4715 721 4768; x_wconf 90' lang='lat' dir='ltr'><strong>cap.</strong></span> <span class='ocrx_word' id='word_1_775' title='bbox 754 4702 844 4754; x_wconf 76' lang='grc'><strong>15.</strong></span> <span class='ocrx_word' id='word_1_776' title='bbox 882 4697 1088 4754; x_wconf 82' lang='lat' dir='ltr'><strong>Nollem</strong></span> <span class='ocrx_word' id='word_1_777' title='bbox 1125 4697 1288 4769; x_wconf 77' lang='lat' dir='ltr'><strong>igitur</strong></span> <span class='ocrx_word' id='word_1_778' title='bbox 1325 4710 1373 4752; x_wconf 88' lang='lat' dir='ltr'><strong>te</strong></span> <span class='ocrx_word' id='word_1_779' title='bbox 1409 4701 1618 4764; x_wconf 87' lang='lat' dir='ltr'><strong>mirari,</strong></span> <span class='ocrx_word' id='word_1_780' title='bbox 1646 4702 1838 4769; x_wconf 80' lang='lat' dir='ltr'><strong>lector,</strong></span> <span class='ocrx_word' id='word_1_781' title='bbox 1866 4709 1959 4752; x_wconf 88' lang='lat' dir='ltr'><strong>aut</strong></span> 
     </span>
    </p>
   </div>
   <div class='ocr_carea' id='block_1_111' title="bbox 384 4768 1956 4840">
    <p class='ocr_par' dir='ltr' id='par_1_111' title="bbox 384 4768 1956 4840">
     <span class='ocr_line' id='line_1_112' title="bbox 384 4768 1956 4840; baseline 0 -20"><span class='ocrx_word' id='word_1_782' title='bbox 384 4768 610 4822; x_wconf 89' lang='lat' dir='ltr'><strong>horrore</strong></span> <span class='ocrx_word' id='word_1_783' title='bbox 645 4773 928 4840; x_wconf 84' lang='lat' dir='ltr'><strong>plusquam</strong></span> <span class='ocrx_word' id='word_1_784' title='bbox 956 4771 1116 4824; x_wconf 88' lang='lat' dir='ltr'><strong>solito</strong></span> <span class='ocrx_word' id='word_1_785' title='bbox 1149 4768 1389 4836; x_wconf 86' lang='lat' dir='ltr'><strong>percelli,</strong></span> <span class='ocrx_word' id='word_1_786' title='bbox 1416 4771 1460 4822; x_wconf 87' lang='lat' dir='ltr'><strong>si</strong></span> <span class='ocrx_word' id='word_1_787' title='bbox 1488 4780 1543 4822; x_wconf 90' lang='lat' dir='ltr'><strong>et</strong></span> <span class='ocrx_word' id='word_1_788' title='bbox 1573 4787 1715 4823; x_wconf 87' lang='lat' dir='ltr'><strong>nunc</strong></span> <span class='ocrx_word' id='word_1_789' title='bbox 1745 4768 1956 4821; x_wconf 85' lang='lat' dir='ltr'><strong>dierum</strong></span> 
     </span>
    </p>
   </div>
   <div class='ocr_carea' id='block_1_112' title="bbox 386 4841 1957 4908">
    <p class='ocr_par' dir='ltr' id='par_1_112' title="bbox 386 4841 1957 4908">
     <span class='ocr_line' id='line_1_113' title="bbox 386 4841 1957 4908; baseline 0.003 -20"><span class='ocrx_word' id='word_1_790' title='bbox 386 4841 654 4908; x_wconf 82' lang='lat' dir='ltr'><strong>lio_nnulli,</strong></span> <span class='ocrx_word' id='word_1_791' title='bbox 702 4857 931 4907; x_wconf 82' lang='lat' dir='ltr'><strong>quorum</strong></span> <span class='ocrx_word' id='word_1_792' title='bbox 979 4843 1251 4893; x_wconf 85' lang='lat' dir='ltr'><strong>mentibus</strong></span> <span class='ocrx_word' id='word_1_793' title='bbox 1293 4841 1467 4908; x_wconf 84' lang='lat' dir='ltr'><strong>caligo</strong></span> <span class='ocrx_word' id='word_1_794' title='bbox 1511 4849 1675 4906; x_wconf 90' lang='lat' dir='ltr'><strong>atque</strong></span> <span class='ocrx_word' id='word_1_795' title='bbox 1724 4841 1957 4892; x_wconf 71' lang='lat' dir='ltr'><strong>tenebrae</strong></span> 
     </span>
    </p>
   </div>
   <div class='ocr_carea' id='block_1_113' title="bbox 384 4905 1956 4976">
    <p class='ocr_par' dir='ltr' id='par_1_113' title="bbox 384 4905 1956 4976">
     <span class='ocr_line' id='line_1_114' title="bbox 384 4905 1956 4976; baseline 0.004 -21"><span class='ocrx_word' id='word_1_796' title='bbox 384 4905 754 4976; x_wconf 76' lang='lat' dir='ltr'><strong>olfunduutur,</strong></span> <span class='ocrx_word' id='word_1_797' title='bbox 790 4921 842 4962; x_wconf 89' lang='lat' dir='ltr'><strong>et</strong></span> <span class='ocrx_word' id='word_1_798' title='bbox 871 4917 1071 4965; x_wconf 89' lang='lat' dir='ltr'><strong>rectior</strong></span> <span class='ocrx_word' id='word_1_799' title='bbox 1105 4911 1196 4964; x_wconf 89' lang='lat' dir='ltr'><strong>Dei</strong></span> <span class='ocrx_word' id='word_1_800' title='bbox 1242 4919 1354 4976; x_wconf 79' lang='lat' dir='ltr'><strong>cpt.</strong></span> <span class='ocrx_word' id='word_1_801' title='bbox 1396 4905 1539 4961; x_wconf 70' lang='lat' dir='ltr'><strong>aiax.</strong></span> <span class='ocrx_word' id='word_1_802' title='bbox 1569 4905 1777 4963; x_wconf 82' lang='lat' dir='ltr'><strong>colendi</strong></span> <span class='ocrx_word' id='word_1_803' title='bbox 1818 4910 1956 4962; x_wconf 89' lang='lat' dir='ltr'><strong>ratio</strong></span> 
     </span>
    </p>
   </div>
   <div class='ocr_carea' id='block_1_114' title="bbox 382 4975 1956 5050">
    <p class='ocr_par' dir='ltr' id='par_1_114' title="bbox 382 4975 1956 5050">
     <span class='ocr_line' id='line_1_115' title="bbox 382 4975 1956 5050; baseline 0.004 -23"><span class='ocrx_word' id='word_1_804' title='bbox 382 4989 491 5050; x_wconf 84' lang='lat' dir='ltr'><strong>non</strong></span> <span class='ocrx_word' id='word_1_805' title='bbox 526 4975 778 5050; x_wconf 74' lang='lat' dir='ltr'><strong>it_a_tlare</strong></span> <span class='ocrx_word' id='word_1_806' title='bbox 827 4983 1140 5043; x_wconf 86' lang='lat' dir='ltr'><strong>innotescit,</strong></span> <span class='ocrx_word' id='word_1_807' title='bbox 1181 4975 1323 5032; x_wconf 82' lang='lat' dir='ltr'><strong>velut</strong></span> <span class='ocrx_word' id='word_1_808' title='bbox 1355 4981 1672 5050; x_wconf 76' lang='grc' dir='ltr'>πάροιστροι</span> <span class='ocrx_word' id='word_1_809' title='bbox 1703 4988 1757 5033; x_wconf 89' lang='lat' dir='ltr'><strong>et</strong></span> <span class='ocrx_word' id='word_1_810' title='bbox 1804 4978 1956 5033; x_wconf 78' lang='lat' dir='ltr'><strong>furiis</strong></span> 
     </span>
    </p>
   </div>
   <div class='ocr_carea' id='block_1_115' title="bbox 383 5046 1954 5125">
    <p class='ocr_par' dir='ltr' id='par_1_115' title="bbox 383 5046 1954 5125">
     <span class='ocr_line' id='line_1_116' title="bbox 383 5046 1954 5125; baseline 0.004 -29"><span class='ocrx_word' id='word_1_811' title='bbox 383 5046 573 5125; x_wconf 65' lang='lat' dir='ltr'><strong>agitati</strong></span> <span class='ocrx_word' id='word_1_812' title='bbox 603 5046 656 5099; x_wconf 89' lang='lat' dir='ltr'><strong>in</strong></span> <span class='ocrx_word' id='word_1_813' title='bbox 690 5049 959 5125; x_wconf 79' lang='lat' dir='ltr'><strong>modestos</strong></span> <span class='ocrx_word' id='word_1_814' title='bbox 995 5053 1164 5111; x_wconf 87' lang='lat' dir='ltr'><strong>viros,</strong></span> <span class='ocrx_word' id='word_1_815' title='bbox 1193 5063 1328 5116; x_wconf 82' lang='lat' dir='ltr'><strong>quos</strong></span> <span class='ocrx_word' id='word_1_816' title='bbox 1354 5046 1451 5101; x_wconf 82' lang='lat' dir='ltr'><strong>sua</strong></span> <span class='ocrx_word' id='word_1_817' title='bbox 1479 5046 1722 5125; x_wconf 69' lang='lat' dir='ltr'><strong>caecitate</strong></span> <span class='ocrx_word' id='word_1_818' title='bbox 1754 5059 1805 5101; x_wconf 87' lang='lat' dir='ltr'><strong>et</strong></span> <span class='ocrx_word' id='word_1_819' title='bbox 1830 5065 1954 5116; x_wconf 80' lang='lat' dir='ltr'><strong>per-</strong></span> 
     </span>
    </p>
   </div>
   <div class='ocr_carea' id='block_1_116' title="bbox 383 5119 1955 5186">
    <p class='ocr_par' dir='ltr' id='par_1_116' title="bbox 383 5119 1955 5186">
     <span class='ocr_line' id='line_1_117' title="bbox 383 5119 1955 5186; baseline 0.003 -20"><span class='ocrx_word' id='word_1_820' title='bbox 383 5119 592 5186; x_wconf 75' lang='lat' dir='ltr'><strong>vicacia</strong></span> <span class='ocrx_word' id='word_1_821' title='bbox 637 5132 820 5182; x_wconf 89' lang='lat' dir='ltr'><strong>parum</strong></span> <span class='ocrx_word' id='word_1_822' title='bbox 871 5119 1164 5173; x_wconf 89' lang='lat' dir='ltr'><strong>delectatos</strong></span> <span class='ocrx_word' id='word_1_823' title='bbox 1200 5129 1420 5182; x_wconf 90' lang='lat' dir='ltr'><strong>norunt,</strong></span> <span class='ocrx_word' id='word_1_824' title='bbox 1459 5120 1862 5186; x_wconf 88' lang='lat' dir='ltr'><strong>scepticismuni</strong></span> <span class='ocrx_word' id='word_1_825' title='bbox 1901 5127 1955 5171; x_wconf 91' lang='lat' dir='ltr'><strong>et</strong></span> 
     </span>
    </p>
   </div>
   <div class='ocr_carea' id='block_1_117' title="bbox 380 5184 1955 5255">
    <p class='ocr_par' dir='ltr' id='par_1_117' title="bbox 380 5184 1955 5255">
     <span class='ocr_line' id='line_1_118' title="bbox 380 5184 1955 5255; baseline 0.001 -15"><span class='ocrx_word' id='word_1_826' title='bbox 380 5184 650 5255; x_wconf 82' lang='grc' dir='ltr'>ἀθεότητα</span> <span class='ocrx_word' id='word_1_827' title='bbox 700 5187 1035 5255; x_wconf 85' lang='lat' dir='ltr'><strong>impingunt;</strong></span> <span class='ocrx_word' id='word_1_828' title='bbox 1073 5205 1194 5243; x_wconf 93' lang='lat' dir='ltr'><strong>cuni</strong></span> <span class='ocrx_word' id='word_1_829' title='bbox 1246 5191 1327 5242; x_wconf 84' lang='lat' dir='ltr'><strong>vel</strong></span> <span class='ocrx_word' id='word_1_830' title='bbox 1381 5189 1506 5242; x_wconf 90' lang='lat' dir='ltr'><strong>hinc</strong></span> <span class='ocrx_word' id='word_1_831' title='bbox 1554 5184 1652 5242; x_wconf 74' lang='lat' dir='ltr'><strong>tibi</strong></span> <span class='ocrx_word' id='word_1_832' title='bbox 1701 5197 1955 5242; x_wconf 86' lang='lat' dir='ltr'><strong>constare</strong></span> 
     </span>
    </p>
   </div>
   <div class='ocr_carea' id='block_1_118' title="bbox 381 5257 1952 5327">
    <p class='ocr_par' dir='ltr' id='par_1_118' title="bbox 381 5257 1952 5327">
     <span class='ocr_line' id='line_1_119' title="bbox 381 5257 1952 5327; baseline 0.001 -19"><span class='ocrx_word' id='word_1_833' title='bbox 381 5257 579 5324; x_wconf 82' lang='lat' dir='ltr'><strong>possit,</strong></span> <span class='ocrx_word' id='word_1_834' title='bbox 609 5257 772 5309; x_wconf 87' lang='lat' dir='ltr'><strong>etiam</strong></span> <span class='ocrx_word' id='word_1_835' title='bbox 802 5258 1040 5323; x_wconf 81' lang='lat' dir='ltr'><strong>pristinis</strong></span> <span class='ocrx_word' id='word_1_836' title='bbox 1082 5260 1416 5327; x_wconf 88' lang='lat' dir='ltr'><strong>temporibus</strong></span> <span class='ocrx_word' id='word_1_837' title='bbox 1446 5261 1496 5310; x_wconf 92' lang='lat' dir='ltr'><strong>in</strong></span> <span class='ocrx_word' id='word_1_838' title='bbox 1531 5272 1679 5310; x_wconf 90' lang='lat' dir='ltr'><strong>inore</strong></span> <span class='ocrx_word' id='word_1_839' title='bbox 1720 5258 1952 5324; x_wconf 89' lang='lat' dir='ltr'><strong>positum</strong></span> 
     </span>
    </p>
   </div>
   <div class='ocr_carea' id='block_1_119' title="bbox 379 5327 1951 5396">
    <p class='ocr_par' dir='ltr' id='par_1_119' title="bbox 379 5327 1951 5396">
     <span class='ocr_line' id='line_1_120' title="bbox 379 5327 1951 5396; baseline -0.001 -16"><span class='ocrx_word' id='word_1_840' title='bbox 379 5328 570 5386; x_wconf 78' lang='lat' dir='ltr'><strong>fuisse,</strong></span> <span class='ocrx_word' id='word_1_841' title='bbox 603 5327 961 5379; x_wconf 87' lang='lat' dir='ltr'><strong>litteratorum</strong></span> <span class='ocrx_word' id='word_1_842' title='bbox 988 5327 1168 5396; x_wconf 75' lang='lat' dir='ltr'><strong>gloria:</strong></span> <span class='ocrx_word' id='word_1_843' title='bbox 1198 5329 1461 5389; x_wconf 87' lang='lat' dir='ltr'><strong>invidere,</strong></span> <span class='ocrx_word' id='word_1_844' title='bbox 1492 5337 1546 5380; x_wconf 92' lang='lat' dir='ltr'><strong>et</strong></span> <span class='ocrx_word' id='word_1_845' title='bbox 1571 5329 1718 5380; x_wconf 88' lang='lat' dir='ltr'><strong>viros</strong></span> <span class='ocrx_word' id='word_1_846' title='bbox 1744 5341 1951 5379; x_wconf 89' lang='lat' dir='ltr'><strong>summa</strong></span> 
     </span>
    </p>
   </div>
   <div class='ocr_carea' id='block_1_120' title="bbox 379 5397 1952 5465">
    <p class='ocr_par' dir='ltr' id='par_1_120' title="bbox 379 5397 1952 5465">
     <span class='ocr_line' id='line_1_121' title="bbox 379 5397 1952 5465; baseline -0.003 -15"><span class='ocrx_word' id='word_1_847' title='bbox 379 5397 694 5465; x_wconf 88' lang='lat' dir='ltr'><strong>integritate</strong></span> <span class='ocrx_word' id='word_1_848' title='bbox 725 5407 777 5450; x_wconf 88' lang='lat' dir='ltr'><strong>et</strong></span> <span class='ocrx_word' id='word_1_849' title='bbox 811 5398 1118 5450; x_wconf 88' lang='lat' dir='ltr'><strong>innocentia</strong></span> <span class='ocrx_word' id='word_1_850' title='bbox 1150 5403 1534 5452; x_wconf 66' lang='lat' dir='ltr'><strong>condemnare.</strong></span> <span class='ocrx_word' id='word_1_851' title='bbox 1571 5415 1590 5446; x_wconf 80' lang='grc' dir='ltr'><strong>ι</strong></span> <span class='ocrx_word' id='word_1_852' title='bbox 1616 5397 1800 5464; x_wconf 90' lang='lat' dir='ltr'><strong>Neque</strong></span> <span class='ocrx_word' id='word_1_853' title='bbox 1839 5412 1952 5447; x_wconf 87' lang='lat' dir='ltr'><strong>nio-</strong></span> 
     </span>
    </p>
   </div>
   <div class='ocr_carea' id='block_1_121' title="bbox 379 5466 1949 5534">
    <p class='ocr_par' dir='ltr' id='par_1_121' title="bbox 379 5466 1949 5534">
     <span class='ocr_line' id='line_1_122' title="bbox 379 5466 1949 5534; baseline 0 -15"><span class='ocrx_word' id='word_1_854' title='bbox 379 5481 569 5520; x_wconf 86' lang='lat' dir='ltr'><strong>raniur</strong></span> <span class='ocrx_word' id='word_1_855' title='bbox 601 5467 937 5534; x_wconf 84' lang='lat' dir='ltr'><strong>irreligiosos</strong></span> <span class='ocrx_word' id='word_1_856' title='bbox 982 5469 1265 5533; x_wconf 87' lang='lat' dir='ltr'><strong>quosdam,</strong></span> <span class='ocrx_word' id='word_1_857' title='bbox 1309 5469 1418 5521; x_wconf 91' lang='lat' dir='ltr'><strong>iino</strong></span> <span class='ocrx_word' id='word_1_858' title='bbox 1459 5477 1513 5521; x_wconf 92' lang='lat' dir='ltr'><strong>et</strong></span> <span class='ocrx_word' id='word_1_859' title='bbox 1558 5469 1748 5520; x_wconf 85' lang='lat' dir='ltr'><strong>atheos</strong></span> <span class='ocrx_word' id='word_1_860' title='bbox 1780 5466 1949 5519; x_wconf 89' lang='lat' dir='ltr'><strong>videri</strong></span> 
     </span>
    </p>
   </div>
   <div class='ocr_carea' id='block_1_122' title="bbox 377 5535 1948 5605">
    <p class='ocr_par' dir='ltr' id='par_1_122' title="bbox 377 5535 1948 5605">
     <span class='ocr_line' id='line_1_123' title="bbox 377 5535 1948 5605; baseline 0.002 -17"><span class='ocrx_word' id='word_1_861' title='bbox 377 5550 558 5603; x_wconf 84' lang='lat' dir='ltr'><strong>posse.</strong></span> <span class='ocrx_word' id='word_1_862' title='bbox 615 5536 813 5605; x_wconf 77' lang='lat' dir='ltr'><strong>Reipsa</strong></span> <span class='ocrx_word' id='word_1_863' title='bbox 841 5537 985 5590; x_wconf 88' lang='lat' dir='ltr'><strong>enim</strong></span> <span class='ocrx_word' id='word_1_864' title='bbox 1015 5537 1162 5590; x_wconf 89' lang='lat' dir='ltr'><strong>athei</strong></span> <span class='ocrx_word' id='word_1_865' title='bbox 1196 5552 1302 5589; x_wconf 93' lang='lat' dir='ltr'><strong>non</strong></span> <span class='ocrx_word' id='word_1_866' title='bbox 1331 5547 1484 5601; x_wconf 89' lang='lat' dir='ltr'><strong>sunt;</strong></span> <span class='ocrx_word' id='word_1_867' title='bbox 1517 5537 1633 5602; x_wconf 90' lang='lat' dir='ltr'><strong>sed,</strong></span> <span class='ocrx_word' id='word_1_868' title='bbox 1662 5551 1781 5588; x_wconf 92' lang='lat' dir='ltr'><strong>cum</strong></span> <span class='ocrx_word' id='word_1_869' title='bbox 1815 5535 1948 5591; x_wconf 79' lang='lat' dir='ltr'><strong>falsa</strong></span> 
     </span>
    </p>
   </div>
   <div class='ocr_carea' id='block_1_123' title="bbox 378 5605 1948 5675">
    <p class='ocr_par' dir='ltr' id='par_1_123' title="bbox 378 5605 1948 5675">
     <span class='ocr_line' id='line_1_124' title="bbox 378 5605 1948 5675; baseline -0.001 -15"><span class='ocrx_word' id='word_1_870' title='bbox 378 5615 432 5660; x_wconf 87' lang='lat' dir='ltr'><strong>et</strong></span> <span class='ocrx_word' id='word_1_871' title='bbox 461 5609 732 5660; x_wconf 90' lang='lat' dir='ltr'><strong>horrenda</strong></span> <span class='ocrx_word' id='word_1_872' title='bbox 765 5609 1028 5661; x_wconf 87' lang='lat' dir='ltr'><strong>attributa</strong></span> <span class='ocrx_word' id='word_1_873' title='bbox 1069 5623 1098 5660; x_wconf 90' lang='lat' dir='ltr'><strong>a</strong></span> <span class='ocrx_word' id='word_1_874' title='bbox 1129 5608 1448 5675; x_wconf 88' lang='lat' dir='ltr'><strong>quibusdam</strong></span> <span class='ocrx_word' id='word_1_875' title='bbox 1479 5606 1591 5660; x_wconf 90' lang='lat' dir='ltr'><strong>Deo</strong></span> <span class='ocrx_word' id='word_1_876' title='bbox 1632 5605 1809 5673; x_wconf 83' lang='lat' dir='ltr'><strong>alIiiigi</strong></span> <span class='ocrx_word' id='word_1_877' title='bbox 1856 5606 1948 5660; x_wconf 90' lang='lat' dir='ltr'><strong>de-</strong></span> 
     </span>
    </p>
   </div>
   <div class='ocr_carea' id='block_1_124' title="bbox 378 5676 1946 5745">
    <p class='ocr_par' dir='ltr' id='par_1_124' title="bbox 378 5676 1946 5745">
     <span class='ocr_line' id='line_1_125' title="bbox 378 5676 1946 5745; baseline 0.002 -18"><span class='ocrx_word' id='word_1_878' title='bbox 378 5678 814 5744; x_wconf 86' lang='lat' dir='ltr'><strong>prehenderent,</strong></span> <span class='ocrx_word' id='word_1_879' title='bbox 890 5679 1092 5732; x_wconf 91' lang='lat' dir='ltr'><strong>iiulluin</strong></span> <span class='ocrx_word' id='word_1_880' title='bbox 1171 5679 1347 5745; x_wconf 90' lang='lat' dir='ltr'><strong>potius</strong></span> <span class='ocrx_word' id='word_1_881' title='bbox 1389 5692 1549 5745; x_wconf 89' lang='lat' dir='ltr'><strong>quam</strong></span> <span class='ocrx_word' id='word_1_882' title='bbox 1605 5676 1706 5730; x_wconf 88' lang='lat' dir='ltr'><strong>tale</strong></span> <span class='ocrx_word' id='word_1_883' title='bbox 1749 5691 1946 5730; x_wconf 90' lang='lat' dir='ltr'><strong>numen</strong></span> 
     </span>
    </p>
   </div>
   <div class='ocr_carea' id='block_1_125' title="bbox 383 5745 1942 5816">
    <p class='ocr_par' dir='ltr' id='par_1_125' title="bbox 383 5745 1942 5816">
     <span class='ocr_line' id='line_1_126' title="bbox 383 5745 1942 5816; baseline 0.003 -18"><span class='ocrx_word' id='word_1_884' title='bbox 383 5746 605 5801; x_wconf 80' lang='lat' dir='ltr'><strong>credere</strong></span> <span class='ocrx_word' id='word_1_885' title='bbox 661 5748 998 5816; x_wconf 83' lang='lat' dir='ltr'><strong>maluerunt;</strong></span> <span class='ocrx_word' id='word_1_886' title='bbox 1053 5750 1198 5804; x_wconf 87' lang='lat' dir='ltr'><strong>veris</strong></span> <span class='ocrx_word' id='word_1_887' title='bbox 1253 5749 1576 5804; x_wconf 90' lang='lat' dir='ltr'><strong>honestetur</strong></span> <span class='ocrx_word' id='word_1_888' title='bbox 1634 5745 1942 5813; x_wconf 86' lang='lat' dir='ltr'><strong>attributis,</strong></span> 
     </span>
    </p>
   </div>
   <div class='ocr_carea' id='block_1_126' title="bbox 2067 4559 3644 4628">
    <p class='ocr_par' dir='ltr' id='par_1_126' title="bbox 2067 4559 3644 4628">
     <span class='ocr_line' id='line_1_127' title="bbox 2067 4559 3644 4628; baseline -0.001 -17"><span class='ocrx_word' id='word_1_889' title='bbox 2067 4561 2228 4628; x_wconf 89' lang='lat' dir='ltr'><strong>primi</strong></span> <span class='ocrx_word' id='word_1_890' title='bbox 2264 4572 2517 4614; x_wconf 86' lang='lat' dir='ltr'><strong>auctores</strong></span> <span class='ocrx_word' id='word_1_891' title='bbox 2555 4561 2791 4614; x_wconf 81' lang='lat' dir='ltr'><strong>fuerant.</strong></span> <span class='ocrx_word' id='word_1_892' title='bbox 2816 4561 3028 4614; x_wconf 85' lang='lat' dir='ltr'><strong>Accidit</strong></span> <span class='ocrx_word' id='word_1_893' title='bbox 3057 4569 3239 4612; x_wconf 84' lang='lat' dir='ltr'><strong>autem</strong></span> <span class='ocrx_word' id='word_1_894' title='bbox 3267 4559 3503 4625; x_wconf 85' lang='lat' dir='ltr'><strong>denique</strong></span> <span class='ocrx_word' id='word_1_895' title='bbox 3526 4573 3644 4611; x_wconf 79' lang='lat' dir='ltr'><strong>oni-</strong></span> 
     </span>
    </p>
   </div>
   <div class='ocr_carea' id='block_1_127' title="bbox 2065 4629 3642 4699">
    <p class='ocr_par' dir='ltr' id='par_1_127' title="bbox 2065 4629 3642 4699">
     <span class='ocr_line' id='line_1_128' title="bbox 2065 4629 3642 4699; baseline -0.001 -17"><span class='ocrx_word' id='word_1_896' title='bbox 2065 4631 2222 4683; x_wconf 90' lang='lat' dir='ltr'><strong>nibus</strong></span> <span class='ocrx_word' id='word_1_897' title='bbox 2247 4632 2491 4684; x_wconf 86' lang='lat' dir='ltr'><strong>eamdem</strong></span> <span class='ocrx_word' id='word_1_898' title='bbox 2523 4631 2754 4697; x_wconf 87' lang='lat' dir='ltr'><strong>patriam</strong></span> <span class='ocrx_word' id='word_1_899' title='bbox 2790 4632 2935 4684; x_wconf 90' lang='lat' dir='ltr'><strong>reddi</strong></span> <span class='ocrx_word' id='word_1_900' title='bbox 2974 4653 2984 4685; x_wconf 90' lang='lat'><strong>:</strong></span> <span class='ocrx_word' id='word_1_901' title='bbox 3023 4632 3182 4699; x_wconf 85' lang='lat' dir='ltr'><strong>idque</strong></span> <span class='ocrx_word' id='word_1_902' title='bbox 3207 4643 3302 4697; x_wconf 89' lang='lat' dir='ltr'><strong>per</strong></span> <span class='ocrx_word' id='word_1_903' title='bbox 3329 4643 3423 4682; x_wconf 90' lang='lat' dir='ltr'><strong>eos</strong></span> <span class='ocrx_word' id='word_1_904' title='bbox 3447 4629 3642 4697; x_wconf 60' lang='lat' dir='ltr'><strong>pracci-</strong></span> 
     </span>
    </p>
   </div>
   <div class='ocr_carea' id='block_1_128' title="bbox 2062 4699 3638 4769">
    <p class='ocr_par' dir='ltr' id='par_1_128' title="bbox 2062 4699 3638 4769">
     <span class='ocr_line' id='line_1_129' title="bbox 2062 4699 3638 4769; baseline 0.002 -18"><span class='ocrx_word' id='word_1_905' title='bbox 2062 4715 2186 4766; x_wconf 86' lang='lat' dir='ltr'><strong>pne,</strong></span> <span class='ocrx_word' id='word_1_906' title='bbox 2215 4703 2306 4769; x_wconf 89' lang='lat' dir='ltr'><strong>qui</strong></span> <span class='ocrx_word' id='word_1_907' title='bbox 2332 4699 2553 4752; x_wconf 75' lang='lat' dir='ltr'><strong>sanitati</strong></span> <span class='ocrx_word' id='word_1_908' title='bbox 2588 4703 2822 4755; x_wconf 89' lang='lat' dir='ltr'><strong>restituti</strong></span> <span class='ocrx_word' id='word_1_909' title='bbox 2859 4701 3098 4766; x_wconf 82' lang='lat' dir='ltr'><strong>fuerant,</strong></span> <span class='ocrx_word' id='word_1_910' title='bbox 3134 4714 3198 4753; x_wconf 91' lang='lat' dir='ltr'><strong>eo</strong></span> <span class='ocrx_word' id='word_1_911' title='bbox 3227 4711 3494 4769; x_wconf 84' lang='lat' dir='ltr'><strong>tempore,</strong></span> <span class='ocrx_word' id='word_1_912' title='bbox 3531 4714 3638 4768; x_wconf 90' lang='lat' dir='ltr'><strong>quo</strong></span> 
     </span>
    </p>
   </div>
   <div class='ocr_carea' id='block_1_129' title="bbox 2063 4770 3073 4837">
    <p class='ocr_par' dir='ltr' id='par_1_129' title="bbox 2063 4770 3073 4837">
     <span class='ocr_line' id='line_1_130' title="bbox 2063 4770 3073 4837; baseline 0.003 -14"><span class='ocrx_word' id='word_1_913' title='bbox 2063 4772 2324 4837; x_wconf 89' lang='lat' dir='ltr'><strong>improbis</strong></span> <span class='ocrx_word' id='word_1_914' title='bbox 2354 4770 2776 4824; x_wconf 72' lang='lat' dir='ltr'><strong>OCCllleltillur.&#39;)</strong></span> <span class='ocrx_word' id='word_1_915' title='bbox 2810 4772 3073 4826; x_wconf 76' lang='lat' dir='ltr'><strong>SPENCER.</strong></span> 
     </span>
    </p>
   </div>
   <div class='ocr_carea' id='block_1_130' title="bbox 2132 4839 3636 4913">
    <p class='ocr_par' dir='ltr' id='par_1_130' title="bbox 2132 4839 3636 4913">
     <span class='ocr_line' id='line_1_131' title="bbox 2132 4839 3636 4913; baseline 0.003 -23"><span class='ocrx_word' id='word_1_916' title='bbox 2132 4840 2208 4913; x_wconf 71' lang='grc' dir='ltr'><strong>(Ἰ)</strong></span> <span class='ocrx_word' id='word_1_917' title='bbox 2251 4839 2336 4913; x_wconf 2' lang='grc' dir='ltr'><strong>,Τῇ</strong></span> <span class='ocrx_word' id='word_1_918' title='bbox 2360 4840 2651 4913; x_wconf 57' lang='grc' dir='ltr'>κληθείσῃ</span> <span class='ocrx_word' id='word_1_919' title='bbox 2677 4841 2918 4913; x_wconf 56' lang='grc' dir='ltr'>Μεγίλλῃ</span> <span class='ocrx_word' id='word_1_920' title='bbox 2956 4839 3224 4913; x_wconf 39' lang='grc' dir='ltr'><strong>Ἑλλάδι)</strong></span> <span class='ocrx_word' id='word_1_921' title='bbox 3250 4839 3462 4913; x_wconf 86' lang='lat' dir='ltr'><strong>Cicero,</strong></span> <span class='ocrx_word' id='word_1_922' title='bbox 3482 4840 3577 4896; x_wconf 91' lang='lat' dir='ltr'><strong>lib.</strong></span> <span class='ocrx_word' id='word_1_923' title='bbox 3599 4857 3636 4907; x_wconf 90' lang='grc' dir='ltr'><strong>ι,</strong></span> 
     </span>
    </p>
   </div>
   <div class='ocr_carea' id='block_1_131' title="bbox 2063 4909 3637 4981">
    <p class='ocr_par' dir='ltr' id='par_1_131' title="bbox 2063 4909 3637 4981">
     <span class='ocr_line' id='line_1_132' title="bbox 2063 4909 3637 4981; baseline 0.001 -19"><span class='ocrx_word' id='word_1_924' title='bbox 2063 4909 2279 4964; x_wconf 69' lang='lat' dir='ltr'><strong>Ttiséttl.</strong></span> <span class='ocrx_word' id='word_1_925' title='bbox 2309 4927 2326 4964; x_wconf 92' lang='lat'><em>:</em></span> <span class='ocrx_word' id='word_1_926' title='bbox 2362 4929 2379 4960; x_wconf 79' lang='grc' dir='ltr'><strong>ι</strong></span> <span class='ocrx_word' id='word_1_927' title='bbox 2417 4911 2553 4981; x_wconf 68' lang='lat' dir='ltr'><strong>Curii</strong></span> <span class='ocrx_word' id='word_1_928' title='bbox 2578 4909 2834 4978; x_wconf 84' lang='lat' dir='ltr'><strong>regnante</strong></span> <span class='ocrx_word' id='word_1_929' title='bbox 2858 4912 3156 4981; x_wconf 83' lang='lat' dir='ltr'><strong>Tarquinio</strong></span> <span class='ocrx_word' id='word_1_930' title='bbox 3183 4910 3426 4981; x_wconf 76' lang='lat' dir='ltr'><strong>Superbo</strong></span> <span class='ocrx_word' id='word_1_931' title='bbox 3449 4912 3501 4962; x_wconf 92' lang='lat' dir='ltr'><strong>in</strong></span> <span class='ocrx_word' id='word_1_932' title='bbox 3532 4913 3637 4964; x_wconf 85' lang='lat' dir='ltr'><strong>Ita-</strong></span> 
     </span>
    </p>
   </div>
   <div class='ocr_carea' id='block_1_132' title="bbox 2058 4978 3637 5051">
    <p class='ocr_par' dir='ltr' id='par_1_132' title="bbox 2058 4978 3637 5051">
     <span class='ocr_line' id='line_1_133' title="bbox 2058 4978 3637 5051; baseline 0 -19"><span class='ocrx_word' id='word_1_933' title='bbox 2058 4981 2184 5051; x_wconf 79' lang='lat' dir='ltr'><strong>liam</strong></span> <span class='ocrx_word' id='word_1_934' title='bbox 2230 4982 2470 5035; x_wconf 89' lang='lat' dir='ltr'><strong>venisset</strong></span> <span class='ocrx_word' id='word_1_935' title='bbox 2504 4978 2911 5050; x_wconf 79' lang='lat' dir='ltr'><strong>(Pythagoras),</strong></span> <span class='ocrx_word' id='word_1_936' title='bbox 2970 4978 3145 5035; x_wconf 80' lang='lat' dir='ltr'><strong>tenuit</strong></span> <span class='ocrx_word' id='word_1_937' title='bbox 3191 4978 3439 5049; x_wconf 65' lang='lat' dir='ltr'><strong>Miignain</strong></span> <span class='ocrx_word' id='word_1_938' title='bbox 3491 4981 3637 5033; x_wconf 89' lang='lat' dir='ltr'><strong>illam</strong></span> 
     </span>
    </p>
   </div>
   <div class='ocr_carea' id='block_1_133' title="bbox 2059 5050 3635 5121">
    <p class='ocr_par' dir='ltr' id='par_1_133' title="bbox 2059 5050 3635 5121">
     <span class='ocr_line' id='line_1_134' title="bbox 2059 5050 3635 5121; baseline 0.001 -19"><span class='ocrx_word' id='word_1_939' title='bbox 2059 5050 2319 5104; x_wconf 68' lang='lat' dir='ltr'><strong>Graeciam</strong></span> <span class='ocrx_word' id='word_1_940' title='bbox 2359 5065 2479 5102; x_wconf 91' lang='lat' dir='ltr'><strong>cum</strong></span> <span class='ocrx_word' id='word_1_941' title='bbox 2512 5055 2719 5104; x_wconf 89' lang='lat' dir='ltr'><strong>honore</strong></span> <span class='ocrx_word' id='word_1_942' title='bbox 2751 5053 3071 5121; x_wconf 65' lang='lat' dir='ltr'><strong>disciplina},</strong></span> <span class='ocrx_word' id='word_1_943' title='bbox 3116 5061 3226 5104; x_wconf 88' lang='lat' dir='ltr'><strong>tuin</strong></span> <span class='ocrx_word' id='word_1_944' title='bbox 3251 5054 3417 5121; x_wconf 64' lang='lat' dir='ltr'><strong>etiarn</strong></span> <span class='ocrx_word' id='word_1_945' title='bbox 3449 5062 3635 5103; x_wconf 88' lang='lat' dir='ltr'><strong>aucto-</strong></span> 
     </span>
    </p>
   </div>
   <div class='ocr_carea' id='block_1_134' title="bbox 2058 5117 3635 5190">
    <p class='ocr_par' dir='ltr' id='par_1_134' title="bbox 2058 5117 3635 5190">
     <span class='ocr_line' id='line_1_135' title="bbox 2058 5117 3635 5190; baseline 0.001 -20"><span class='ocrx_word' id='word_1_946' title='bbox 2058 5122 2248 5185; x_wconf 88' lang='lat' dir='ltr'><strong>ritate;</strong></span> <span class='ocrx_word' id='word_1_947' title='bbox 2283 5121 2560 5187; x_wconf 86' lang='lat' dir='ltr'><strong>multaque</strong></span> <span class='ocrx_word' id='word_1_948' title='bbox 2592 5121 2788 5174; x_wconf 73' lang='lat' dir='ltr'><strong>szecula</strong></span> <span class='ocrx_word' id='word_1_949' title='bbox 2829 5117 3015 5190; x_wconf 75' lang='lat' dir='ltr'><strong>postea</strong></span> <span class='ocrx_word' id='word_1_950' title='bbox 3051 5123 3130 5176; x_wconf 82' lang='lat' dir='ltr'><strong>sic</strong></span> <span class='ocrx_word' id='word_1_951' title='bbox 3156 5124 3329 5190; x_wconf 86' lang='lat' dir='ltr'><strong>viguit</strong></span> <span class='ocrx_word' id='word_1_952' title='bbox 3363 5117 3635 5187; x_wconf 81' lang='lat' dir='ltr'><strong>Pythago-</strong></span> 
     </span>
    </p>
   </div>
   <div class='ocr_carea' id='block_1_135' title="bbox 2057 5191 3635 5253">
    <p class='ocr_par' dir='ltr' id='par_1_135' title="bbox 2057 5191 3635 5253">
     <span class='ocr_line' id='line_1_136' title="bbox 2057 5191 3635 5253; baseline 0.001 -12"><span class='ocrx_word' id='word_1_953' title='bbox 2057 5205 2284 5243; x_wconf 67' lang='lat' dir='ltr'><strong>ricorum</strong></span> <span class='ocrx_word' id='word_1_954' title='bbox 2314 5205 2530 5253; x_wconf 89' lang='lat' dir='ltr'><strong>nomen,</strong></span> <span class='ocrx_word' id='word_1_955' title='bbox 2559 5201 2617 5242; x_wconf 93' lang='lat' dir='ltr'><strong>ut</strong></span> <span class='ocrx_word' id='word_1_956' title='bbox 2646 5192 2775 5243; x_wconf 90' lang='lat' dir='ltr'><strong>nulli</strong></span> <span class='ocrx_word' id='word_1_957' title='bbox 2799 5195 2891 5246; x_wconf 84' lang='lat' dir='ltr'><strong>alii</strong></span> <span class='ocrx_word' id='word_1_958' title='bbox 2920 5193 3420 5246; x_wconf 77' lang='lat' dir='ltr'><strong>doctividercntur.</strong></span> <span class='ocrx_word' id='word_1_959' title='bbox 3456 5207 3475 5238; x_wconf 78' lang='grc' dir='ltr'><strong>ι</strong></span> <span class='ocrx_word' id='word_1_960' title='bbox 3503 5191 3635 5253; x_wconf 78' lang='lat' dir='ltr'><strong>Qui-</strong></span> 
     </span>
    </p>
   </div>
   <div class='ocr_carea' id='block_1_136' title="bbox 2055 5257 3629 5331">
    <p class='ocr_par' dir='ltr' id='par_1_136' title="bbox 2055 5257 3629 5331">
     <span class='ocr_line' id='line_1_137' title="bbox 2055 5257 3629 5331; baseline -0.001 -20"><span class='ocrx_word' id='word_1_961' title='bbox 2055 5259 2156 5331; x_wconf 87' lang='lat' dir='ltr'><strong>bus</strong></span> <span class='ocrx_word' id='word_1_962' title='bbox 2183 5269 2370 5331; x_wconf 86' lang='lat' dir='ltr'><strong>autem</strong></span> <span class='ocrx_word' id='word_1_963' title='bbox 2394 5261 2591 5331; x_wconf 89' lang='lat' dir='ltr'><strong>liiiibus</strong></span> <span class='ocrx_word' id='word_1_964' title='bbox 2622 5262 2992 5317; x_wconf 89' lang='lat' dir='ltr'><strong>contineretur</strong></span> <span class='ocrx_word' id='word_1_965' title='bbox 3034 5261 3224 5331; x_wconf 81' lang='lat' dir='ltr'><strong>Magna</strong></span> <span class='ocrx_word' id='word_1_966' title='bbox 3265 5261 3353 5331; x_wconf 84' lang='lat' dir='ltr'><strong>illa</strong></span> <span class='ocrx_word' id='word_1_967' title='bbox 3394 5257 3629 5331; x_wconf 51' lang='lat' dir='ltr'><strong>Graecia,</strong></span> 
     </span>
    </p>
   </div>
   <div class='ocr_carea' id='block_1_137' title="bbox 2055 5327 3626 5454">
    <p class='ocr_par' dir='ltr' id='par_1_137' title="bbox 2055 5327 3626 5454">
     <span class='ocr_line' id='line_1_138' title="bbox 2055 5327 3626 5454; baseline 0 -74"><span class='ocrx_word' id='word_1_968' title='bbox 2055 5329 2178 5382; x_wconf 91' lang='lat' dir='ltr'><strong>vide</strong></span> <span class='ocrx_word' id='word_1_969' title='bbox 2197 5330 2377 5454; x_wconf 58' lang='grc' dir='ltr'><strong>θίιριιιι</strong></span> <span class='ocrx_word' id='word_1_970' title='bbox 2427 5330 2744 5398; x_wconf 74' lang='lat' dir='ltr'><strong>Cellariuni,</strong></span> <span class='ocrx_word' id='word_1_971' title='bbox 2782 5327 3393 5403; x_wconf 58' lang='lat' dir='ltr'><strong>Geograpltiw&#39;antiqua:</strong></span> <span class='ocrx_word' id='word_1_972' title='bbox 3431 5327 3527 5380; x_wconf 92' lang='lat' dir='ltr'><strong>lib.</strong></span> <span class='ocrx_word' id='word_1_973' title='bbox 3567 5344 3626 5392; x_wconf 89' lang='lat' dir='ltr'><strong>ii,</strong></span> 
     </span>
     <span class='ocr_line' id='line_1_139' title="bbox 2055 5413 2250 5454; baseline 0.021 -5"><span class='ocrx_word' id='word_1_974' title='bbox 2055 5413 2170 5454; x_wconf 86' lang='lat' dir='ltr'><strong>can.</strong></span> <span class='ocrx_word' id='word_1_975' title='bbox 2237 5439 2250 5453; x_wconf 93' lang='lat'><strong>.</strong></span> 
     </span>
    </p>
   </div>
   <div class='ocr_carea' id='block_1_138' title="bbox 2054 5413 2250 5468">
    <p class='ocr_par' dir='ltr' id='par_1_138' title="bbox 2054 5413 2250 5468">
     <span class='ocr_line' id='line_1_140' title="bbox 2054 5413 2250 5468; baseline 0.02 -18"><span class='ocrx_word' id='word_1_976' title='bbox 2054 5413 2170 5468; x_wconf 87' lang='lat' dir='ltr'><strong>cap.</strong></span> <span class='ocrx_word' id='word_1_977' title='bbox 2197 5413 2250 5454; x_wconf 71' lang='grc' dir='ltr'><strong>υ.</strong></span> 
     </span>
    </p>
   </div>
   <div class='ocr_carea' id='block_1_139' title="bbox 2125 5468 3630 5540">
    <p class='ocr_par' dir='ltr' id='par_1_139' title="bbox 2125 5468 3630 5540">
     <span class='ocr_line' id='line_1_141' title="bbox 2125 5468 3630 5540; baseline -0.001 -17"><span class='ocrx_word' id='word_1_978' title='bbox 2125 5470 2200 5540; x_wconf 82' lang='grc'><strong>(8)</strong></span> <span class='ocrx_word' id='word_1_979' title='bbox 2241 5471 2312 5522; x_wconf 79' lang='lat' dir='ltr'><strong>El</strong></span> <span class='ocrx_word' id='word_1_980' title='bbox 2344 5469 2423 5538; x_wconf 78' lang='grc' dir='ltr'>μὴ</span> <span class='ocrx_word' id='word_1_981' title='bbox 2455 5471 2584 5536; x_wconf 79' lang='grc' dir='ltr'>θείῃ</span> <span class='ocrx_word' id='word_1_982' title='bbox 2613 5471 2878 5539; x_wconf 76' lang='grc' dir='ltr'>δυνάμει,</span> <span class='ocrx_word' id='word_1_983' title='bbox 2906 5480 3012 5527; x_wconf 90' lang='lat' dir='ltr'><strong>etc.</strong></span> <span class='ocrx_word' id='word_1_984' title='bbox 3051 5470 3245 5525; x_wconf 88' lang='lat' dir='ltr'><strong>Guieto</strong></span> <span class='ocrx_word' id='word_1_985' title='bbox 3279 5468 3630 5540; x_wconf 78' lang='lat' dir='ltr'><strong>scribendum</strong></span> 
     </span>
    </p>
   </div>
   <div class='ocr_carea' id='block_1_140' title="bbox 2052 5538 3630 5612">
    <p class='ocr_par' dir='ltr' id='par_1_140' title="bbox 2052 5538 3630 5612">
     <span class='ocr_line' id='line_1_142' title="bbox 2052 5538 3630 5612; baseline -0.002 -20"><span class='ocrx_word' id='word_1_986' title='bbox 2052 5538 2335 5612; x_wconf 78' lang='lat' dir='ltr'><strong>videbatur</strong></span> <span class='ocrx_word' id='word_1_987' title='bbox 2361 5558 2375 5593; x_wconf 90' lang='lat'><strong>:</strong></span> <span class='ocrx_word' id='word_1_988' title='bbox 2410 5545 2457 5594; x_wconf 82' lang='grc' dir='ltr'>εἰ</span> <span class='ocrx_word' id='word_1_989' title='bbox 2489 5542 2562 5612; x_wconf 79' lang='grc' dir='ltr'>μὴ</span> <span class='ocrx_word' id='word_1_990' title='bbox 2592 5540 2710 5594; x_wconf 92' lang='grc' dir='ltr'>θεία</span> <span class='ocrx_word' id='word_1_991' title='bbox 2740 5538 2966 5610; x_wconf 77' lang='grc' dir='ltr'>δύναμις</span> <span class='ocrx_word' id='word_1_992' title='bbox 2996 5541 3305 5612; x_wconf 72' lang='grc' dir='ltr'>ὑπερέκυψε</span> <span class='ocrx_word' id='word_1_993' title='bbox 3337 5538 3430 5591; x_wconf 73' lang='grc' dir='ltr'><strong>καὶ</strong></span> <span class='ocrx_word' id='word_1_994' title='bbox 3459 5538 3630 5607; x_wconf 82' lang='grc' dir='ltr'>ὑπερ-</span> 
     </span>
    </p>
   </div>
   <div class='ocr_carea' id='block_1_141' title="bbox 2053 5610 3635 5683">
    <p class='ocr_par' dir='ltr' id='par_1_141' title="bbox 2053 5610 3635 5683">
     <span class='ocr_line' id='line_1_143' title="bbox 2053 5610 3635 5683; baseline 0.001 -19"><span class='ocrx_word' id='word_1_995' title='bbox 2053 5610 2218 5682; x_wconf 81' lang='grc' dir='ltr'>ανέϐη</span> <span class='ocrx_word' id='word_1_996' title='bbox 2241 5611 2316 5674; x_wconf 85' lang='grc' dir='ltr'>ὡς</span> <span class='ocrx_word' id='word_1_997' title='bbox 2345 5610 2657 5683; x_wconf 80' lang='grc' dir='ltr'>νικηθῆναι,</span> <span class='ocrx_word' id='word_1_998' title='bbox 2684 5622 2789 5683; x_wconf 84' lang='lat' dir='ltr'><strong>etc.</strong></span> <span class='ocrx_word' id='word_1_999' title='bbox 2821 5613 2924 5683; x_wconf 81' lang='lat' dir='ltr'><strong>Sed</strong></span> <span class='ocrx_word' id='word_1_1000' title='bbox 2956 5610 3169 5683; x_wconf 77' lang='lat' dir='ltr'><strong>recepta</strong></span> <span class='ocrx_word' id='word_1_1001' title='bbox 3191 5610 3350 5667; x_wconf 78' lang='lat' dir='ltr'><strong>lcetio</strong></span> <span class='ocrx_word' id='word_1_1002' title='bbox 3371 5623 3500 5663; x_wconf 81' lang='lat' dir='ltr'><strong>sana</strong></span> <span class='ocrx_word' id='word_1_1003' title='bbox 3519 5617 3635 5672; x_wconf 60' lang='lat' dir='ltr'><strong>est.</strong></span> 
     </span>
    </p>
   </div>
   <div class='ocr_carea' id='block_1_142' title="bbox 2026 5680 3102 5752">
    <p class='ocr_par' dir='ltr' id='par_1_142' title="bbox 2026 5680 3102 5752">
     <span class='ocr_line' id='line_1_144' title="bbox 2026 5680 3102 5752; baseline -0.004 -16"><span class='ocrx_word' id='word_1_1004' title='bbox 2026 5696 2151 5736; x_wconf 82' lang='lat' dir='ltr'><strong>-nec</strong></span> <span class='ocrx_word' id='word_1_1005' title='bbox 2177 5680 2442 5752; x_wconf 85' lang='lat' dir='ltr'><strong>ejusmodi</strong></span> <span class='ocrx_word' id='word_1_1006' title='bbox 2461 5680 2851 5736; x_wconf 81' lang='lat' dir='ltr'><strong>emendatione</strong></span> <span class='ocrx_word' id='word_1_1007' title='bbox 2882 5680 3102 5750; x_wconf 83' lang='lat' dir='ltr'><strong>indiget.</strong></span> 
     </span>
    </p>
   </div>
  </div>
