3988 6156
269 297 390 356 669
1507 291 1786 348 CONTRA
1819 280 1877 345 Cl

1996 288 2092 344 UM
2122 286 2248 340 LIB.
2288 282 2328 341 Ι.
3458 281 3561 336 670

277 414 541 488 μηδέπω
575 413 1011 486 κεκαθαρμένας.
1060 412 1170 464 Καὶ
1205 411 1385 465 πάντα
1441 410 1499 463 δὲ
1527 410 1595 464 τά
1623 407 1877 478 πανταχοὶ

2000 414 2119 460 crat
2158 403 2520 459 committere.
2552 399 2793 467 Denique
2827 411 2926 451 nec
2953 396 3160 452 Grrecis
3197 409 3435 464 unquam
3462 412 3562 451 nec

276 486 591 578 μυστήρια
624 506 766 560 κατὰ
793 504 892 575 τὴν
935 504 1158 558 Ἑλλάδα
1201 504 1292 555 καὶ
1327 501 1425 571 τὴν
1458 500 1730 571 βάρϐαρον
1760 499 1877 564 κρύ-

1996 495 2248 552 barbaris
2279 495 2413 548 vitio
2439 493 2624 547 datum
2658 502 2763 556 est,
2793 489 2932 557 quod
2963 504 3058 543 sua
3095 487 3349 558 mysteria
3377 486 3560 541 occul-

273 614 385 666 φια
415 598 566 650 ὄντα
596 599 656 650 ού
686 596 1037 664 διαϐέϐληται
1060 612 1072 624 °
1101 594 1287 663 διόπερ
1325 593 1498 662 μάτην
1528 591 1659 661 μηδὲ
1691 591 1877 659 νοήσας

1993 594 2194 640 tarent.
2229 584 2520 654 Perperam
2547 585 2712 648 igitur
2737 597 2834 635 nec
2868 589 3122 634 accurate
3144 595 3262 647 qua:
3287 580 3393 633 sint
3411 580 3564 634 Chri-

271 686 553 756 ἀκριϐῶς
585 686 646 738 τὸ
697 685 927 756 κρύφιον
978 683 1068 736 τοῦ
1117 680 1539 752 Χριστιανισμοῦ
1573 718 1586 743 ,
1621 679 1877 732 διαϐάλλει

1992 678 2292 731 stianorum
2317 674 2530 731 occulta
2578 673 2862 744 mysteria,
2894 671 3219 740 intelligens,
3257 669 3345 724 illa
3379 669 3560 724 crimi-

269 775 442 828 αὑτό.

1994 776 2174 820 natur.

351 867 571 919 Ἔοικε
603 867 660 919 δὲ
697 866 831 936 μετὰ
863 864 1170 933 δεινότητος
1218 861 1600 932 συναγορεύειν
1634 877 1751 922 πως
1777 861 1890 922 τοῖς

269 959 650 1029 μαρτυροῦσι
679 958 755 1027 τῷ
786 954 1196 1028 Χριστιανισμῷ
1224 955 1380 1024 μέχρι
1405 953 1654 1012 Θανάτου,
1677 952 1851 1019 λέγων
1871 967 1884 980 ·

273 1069 293 1102 ε
335 1051 465 1102 Καὶ
499 1052 570 1103 οὐ
604 1049 763 1102 τοῦτο
793 1049 957 1116 λέγω,
992 1049 1067 1110 ὡς
1099 1048 1203 1117 χρὴ
1242 1047 1330 1098 τὸν
1365 1044 1568 1112 ἀγαθοῦ
1619 1044 1888 1113 δόγματος

267 1143 715 1211 περιεχόμενον,
749 1143 796 1192 εἰ
833 1140 1012 1209 μέλλει
1043 1138 1106 1190 δι’
1137 1138 1268 1190 αὐτὸ
1295 1136 1618 1188 κινδυνεύειν
1647 1136 1775 1204 παρ’
1798 1135 1890 1186 άν-

266 1232 546 1302 θρώποις
579 1271 593 1294 ,
639 1231 938 1299 ἀποστῆναι
989 1229 1082 1282 τοῦ
1135 1231 1432 1298 δόγματος,
1497 1228 1528 1297 ἢ
1581 1225 1887 1278 πλάσασθαι

265 1321 351 1383 ὡς
384 1324 743 1392 ἀφέστηκεν,
774 1323 805 1392 ἦ
834 1321 1056 1391 ἔξαρνον
1088 1320 1356 1388 γενέσθαι.
1394 1339 1412 1369 ι
1444 1319 1554 1370 Καὶ
1587 1315 1888 1384 καταγινώ-

267 1430 403 1465 σκει
439 1431 517 1481 γε
557 1413 664 1466 τῶν
699 1413 1039 1484 φρονούντων
1075 1412 1171 1480 μὲν
1201 1411 1274 1476 τά
1298 1409 1724 1480 Χριστιανισμοῦ
1753 1406 1885 1478 (24),

264 1505 786 1574 προσποιουμένων
816 1503 871 1556 δὲ
905 1504 978 1573 μὴ
1008 1506 1225 1574 φρονεῖν
1245 1543 1259 1566 ,
1310 1502 1342 1573 ἢ
1379 1501 1725 1572 ἀρνουμένων
1749 1539 1763 1564 ,
1795 1501 1884 1553 λέ-

264 1611 392 1662 γων
418 1613 431 1625 ·
509 1613 530 1646 ε
586 1595 660 1665 μὴ
687 1595 797 1647 δεῖν
850 1595 946 1646 τὸν
999 1596 1057 1646 ἐν
1090 1593 1166 1664 τῷ
1195 1594 1424 1661 δόγματι
1479 1593 1783 1646 πλάσασθαι
1810 1593 1877 1655 ὡς

1990 1601 2180 1669 probat
2209 1615 2324 1659 eos,
2358 1599 2472 1668 qui,
2505 1615 2625 1653 cum
2659 1598 2805 1651 inttts
2835 1596 3201 1650 Christianam
3231 1604 3448 1649 teneant
3474 1609 3560 1646 re-

263 1686 636 1757 ἀφέστηκεν,
681 1687 714 1757 ἦ
747 1687 967 1758 ἔξαρνον
1000 1686 1163 1739 αὐτοῦ
1199 1685 1472 1752 γενέσθαι.
1500 1704 1516 1736 ι
1565 1685 1877 1753 Ἐλεγκτέον

1990 1689 2283 1758 ligioncm,
2323 1691 2531 1759 ﬁngunt
2591 1699 2774 1743 tamen
2825 1704 2882 1743 se
2926 1703 3032 1741 non
3083 1698 3305 1750 tenere,
3363 1695 3456 1739 aut
3505 1685 3557 1738 id

264 1776 338 1847 δὴ
375 1779 464 1841 ὡς
500 1777 572 1830 τὰ
601 1779 816 1831 ἐναντία
868 1778 1045 1848 ἐαυτῷ
1069 1777 1295 1845 λέγοντα
1345 1777 1435 1829 τὸν
1470 1777 1694 1830 Κέλσον.
1725 1777 1877 1847 Εὑρί-

1990 1792 2172 1852 aperte
2201 1790 2416 1851 negant.
2470 1781 2612 1836 Dicit
2642 1785 2810 1844 enim,
2843 1800 2862 1833 ι
2898 1783 2986 1849 qui
3024 1778 3323 1832 doctrinam
3355 1777 3560 1844 ample-

267 1883 493 1921 σκεται
522 1870 619 1939 μὲν
640 1869 748 1940 γὰρ
770 1869 829 1934 ἐξ
849 1869 1020 1922 ἄλλων
1047 1868 1490 1940 συγγραμμάτων
1520 1868 1877 1940 Ἐπικούρειος

1990 1890 2091 1927 xus
2139 1883 2221 1928 est
2251 1915 2266 1938 ,
2322 1890 2444 1928 eum
2483 1888 2588 1925 non
2631 1873 2830 1928 debere
2867 1881 2958 1924 aut
3003 1871 3070 1924 ab
3100 1885 3160 1923 ea
3205 1884 3262 1922 se
3297 1869 3557 1922 simulare

268 1957 380 2010 ὣν·
409 1961 660 2014 ἐνταῦθα
679 1961 756 2023 δὲ,
779 1961 865 2014 διὰ
886 1963 946 2014 τὸ
974 1962 1149 2014 δοκεῖν
1175 1960 1537 2031 εὐλογώτερον
1564 1963 1877 2031 κατηγορεῖν

1990 1966 2224 2018 alienum
2261 1975 2353 2021 aut
2381 1965 2523 2017 illam
2556 1965 2813 2032 abjicere.
2851 1983 2870 2015 ι
2911 1963 2979 2014 Αι
3015 1963 3067 2015 in
3094 1962 3177 2015 his
3220 1977 3402 2015 secum
3435 1961 3553 2014 dis-

267 2049 376 2101 τοῦ
409 2051 606 2118 λόγου,
637 2053 708 2122 μὴ
738 2053 1011 2121 ὁμολογῶν
1033 2053 1098 2105 τά
1134 2053 1474 2123 Ἑπικούρου,
1510 2055 1877 2124 προσποιεῖται

1990 2057 2213 2111 cordare
2263 2056 2665 2110 convincendus
2716 2065 2802 2110 est
2867 2053 3076 2108 Celsus.
3127 2052 3260 2106 Nam
3315 2068 3382 2106 ex
3429 2051 3554 2108 aliis

269 2142 554 2210 κρεῖττόν
601 2161 654 2196 τι
685 2143 778 2196 τοῦ
827 2145 1013 2215 γηῖνου
1050 2141 1186 2196 εἶναι
1216 2147 1272 2196 ἐν
1312 2143 1584 2215 ἀνθρώπῳ
1627 2143 1877 2211 συγγενὲς

1990 2146 2209 2215 scriptis
2239 2145 2388 2198 illum
2421 2143 2746 2212 Epicureum
2776 2159 2896 2198 esse
2930 2143 3279 2212 perspicitur.
3312 2139 3516 2194 Tamen
3537 2179 3554 2206 ,

269 2230 430 2284 Θεοῦ
456 2273 473 2296 ,
508 2233 598 2286 καί
628 2252 813 2306 φησιν,
843 2237 924 2289 ὃτι
965 2254 982 2286 ‹
1019 2230 1113 2298 Οἷς
1157 2234 1313 2287 τοῦτο
1347 2231 1403 2288 εὖ
1440 2235 1573 2304 ἔχει,
1605 2235 1877 2286 τουτέστιν

1993 2246 2051 2291 ut
2083 2237 2396 2292 criminatio
2448 2251 2554 2304 qua
2603 2235 2654 2288 in
2692 2250 2789 2288 nos
2835 2236 3039 2298 utitur,
3086 2233 3256 2301 magis
3305 2230 3557 2284 videatur

269 2325 309 2392 ἡ
349 2325 518 2397 ψυχὴ
540 2365 553 2388 ,
591 2327 766 2397 πάντη
803 2327 1012 2395 ἐφίεται
1044 2325 1135 2378 τοῦ
1175 2325 1468 2393 συγγενοῦς
1500 2326 1607 2394 (⁵25)
1634 2364 1648 2388 ,
1687 2345 1705 2374 ι
1740 2323 1877 2391 λέγει

1990 2328 2306 2397 plausibilis,
2327 2342 2444 2395 qum
2458 2327 2674 2395 Epicuri
2690 2325 3105 2392 suntobtegens,
3121 2321 3338 2376 simulat
3352 2335 3410 2374 se
3426 2321 3556 2388 quid

267 2413 336 2466 δὲ
355 2415 482 2472 ,τοῦ
519 2436 536 2467 ‹
577 2415 733 2479 Θεοῦ,
786 2417 878 2469 καὶ
910 2415 1126 2468 ἀκούειν
1173 2417 1258 2468 άεί
1298 2434 1348 2468 τι
1400 2417 1491 2468 καὶ
1536 2417 1877 2484 άναμνήσκε-

1990 2420 2041 2472 En
2071 2420 2291 2474 homine
2308 2433 2606 2486 agnoscere
2626 2431 2870 2484 corpore
2894 2412 3239 2483 praestantius
3261 2451 3276 2475 ,
3306 2411 3557 2478 quodque

273 2505 425 2558 σθαι
455 2507 582 2576 περὶ
605 2507 810 2558 ἐκείνου
837 2505 1112 2558 ποθοῦσιν.
1142 2525 1158 2554 ι
1189 2507 1330 2575 Ὅρα
1351 2502 1442 2558 οὖν
1468 2506 1528 2558 τὺ
1549 2505 1699 2557 νόθον
1719 2507 1877 2558 αὐτοῦ

1990 2525 2107 2563 cum
2141 2510 2251 2563 Deo
2276 2509 2588 2562 atlinitatem
2614 2509 2832 2561 haheat.
2870 2505 2961 2558 Sic
2987 2503 3133 2557 enim
3167 2501 3254 2554 ille
3288 2516 3301 2552 :
3368 2515 3387 2548 ‹
3431 2497 3470 2548 li
3502 2499 3554 2550 in

273 2598 397 2666 τῆς
459 2595 638 2663 ψυχῆς
674 2634 688 2657 ,
742 2595 822 2646 ὃτι
861 2593 1160 2663 προειπὼν,
1203 2613 1220 2644 ι
1259 2595 1334 2656 ὡς
1383 2596 1486 2664 χρὴ
1535 2596 1626 2647 τὸν
1678 2594 1877 2662 ἀγαθοῦ

1990 2600 2181 2666 quibus
2207 2601 2335 2663 hoc,
2371 2601 2420 2652 id
2447 2607 2530 2653 est
2555 2602 2760 2661 anima,
2787 2600 2925 2651 bene
2958 2610 3017 2649 se
3049 2594 3235 2657 habet,
3262 2591 3406 2645 illius
3437 2589 3560 2658 qui-

273 2692 576 2757 δόγματος
611 2689 991 2758 περιεχόμενον
1017 2726 1031 2750 ,
1067 2688 1160 2742 καὶ
1191 2690 1238 2740 εξ
1265 2687 1444 2756 μέλλει
1471 2687 1536 2739 δι’
1557 2686 1688 2738 αὐτὸ
1715 2687 1877 2738 κινδυ-

1990 2705 2107 2743 cum
2143 2690 2468 2759 cognatione
2494 2689 2728 2756 quadam
2767 2686 3044 2753 conjuncti
3077 2693 3227 2746 sunt,
3267 2702 3285 2732 ι
3323 2683 3424 2734 hoc
3464 2687 3550 2732 est

277 2778 486 2831 νεύειν
512 2781 639 2848 παρ’
661 2777 983 2848 ἀνθρώποις,
1016 2778 1088 2848 μὴ
1118 2777 1446 2846 ἀφίστασθαι
1475 2777 1568 2829 τοῦ
1595 2776 1877 2846 δόγματος,

1990 2778 2100 2843 Dei,
2148 2798 2166 2830 (
2201 2779 2470 2832 desiderio
2501 2777 2751 2846 ﬂagrant,
2786 2786 2842 2831 et
2876 2779 2940 2831 de
2973 2775 3062 2830 illo
3096 2789 3311 2842 semper
3344 2769 3556 2841 aliquid

2062 879 2116 933 8.
2176 879 2348 932 Nemo
2377 893 2483 930 non
2517 878 2764 929 crederet
2802 875 3150 926 vehementer
3195 873 3342 926 illum
3381 874 3561 928 favere

1993 966 2092 1030 iis,
2140 966 2230 1034 qui
2283 967 2333 1018 in
2390 965 2696 1032 proﬁtendo
2738 962 3156 1015 Cliristianisnio
3207 965 3271 1014 ad
3333 976 3557 1015 mortem

1991 1074 2162 1125 usque
2216 1067 2535 1111 constanter
2574 1065 2923 1124 perseverant
2948 1096 2961 1119 ,
3001 1071 3124 1107 cum
3173 1057 3287 1108 ait:
3331 1075 3348 1105 ι
3380 1056 3562 1122 Neque

1993 1150 2042 1203 id
2075 1165 2196 1201 cum
2223 1150 2362 1214 dico,
2396 1163 2548 1200 mens
2579 1161 2693 1199 mea
2722 1154 2827 1206 est,
2861 1161 2981 1198 cuin
3012 1146 3099 1212 qui
3135 1157 3334 1198 rectam
3360 1146 3562 1198 doctri-

1991 1256 2113 1291 nam
2148 1238 2316 1293 scinel
2344 1238 2626 1304 amplexus
2659 1243 2760 1299 est,
2801 1235 2870 1288 ab
2901 1235 2985 1286 illa
3013 1236 3316 1298 discedere,
3364 1242 3455 1286 aut
3486 1236 3556 1288 ab

1991 1329 2080 1380 illa
2138 1329 2374 1381 alienum
2409 1342 2465 1381 se
2493 1326 2772 1390 simulare,
2826 1335 2920 1377 aut
2973 1325 3119 1378 illam
3169 1339 3394 1391 prorsus
3461 1324 3560 1379 ab-

1984 1420 2155 1485 jiccre
2180 1419 2398 1481 debere,
2430 1432 2552 1471 cum
2602 1417 2671 1470 ob
2699 1431 2818 1469 eam
2849 1415 2900 1468 in
2936 1415 3238 1484 periculum
3283 1415 3348 1468 ab
3379 1415 3560 1468 homi-

1991 1511 2155 1563 nibus
2205 1509 2442 1576 atquein
2479 1507 2770 1561 discrimen
2831 1513 3140 1559 Vocatur.)
3194 1504 3399 1570 Quibus
3451 1505 3558 1556 iiii-

281 2867 448 2938 μηδὲ
480 2866 790 2920 πλάσασθαι
821 2868 896 2929 ὡς
948 2867 1256 2938 ἀφέστηκε,
1297 2867 1420 2937 μηδ’
1462 2867 1685 2938 ἔξαρνον
1735 2867 1884 2936 γενέ-

281 2957 426 3010 σθαι
454 2997 468 3021 ,
505 2977 523 3008 ι
562 2958 724 3020 αὐτὸς
746 2961 859 3020 τοῖς
889 2958 1149 3020 ἐναντίοις
1185 2960 1319 3012 πᾶσι
1350 2958 1686 3029 περιπίπτει.
1726 2958 1882 3028 ’ᾙδει

279 3047 434 3118 γὰρ,
470 3049 571 3112 ὅτι,
618 3049 897 3118 ὁμολογῶν
939 3049 1312 3120 Ἐπικούρειος
1354 3045 1512 3112 εἶναι,
1541 3051 1640 3103 ούκ
1670 3049 1735 3103 ἂν
1769 3050 1879 3119 ἔχοι

279 3137 351 3191 τὸ
381 3136 700 3202 ἀξιόπιστον
737 3141 794 3190 ἐν
826 3138 902 3208 τῷ
935 3142 1258 3210 κατηγορεῖν
1292 3139 1400 3191 τῶν
1429 3139 1716 3193 ὁπώσποτε
1747 3140 1880 3210 πρό-

283 3244 452 3280 νοιαν
497 3229 919 3302 εἰσαγαγόντων,
966 3231 1058 3282 καὶ
1087 3231 1216 3282 Θεὸν
1244 3231 1578 3300 ἐφιστάντων
1598 3233 1710 3294 τοῖς
1738 3228 1878 3283 οὖσι.

285 3318 404 3371 Δύο
427 3319 483 3372 δὲ
510 3319 926 3393 παρειλήφαμεν
960 3322 1200 3386 Κέλσους
1231 3324 1512 3392 γεγονέναι
1547 3323 1884 3393 Ἐπικουρεί-

284 3427 388 3473 ους
412 3427 426 3440 ’
450 3409 542 3462 τὸν
575 3411 674 3480 μὲν
697 3412 981 3480 πρότερον,
1011 3413 1149 3466 κατὰ
1170 3413 1416 3484 Νέρωνα,
1448 3411 1633 3466 τοῦτον
1665 3412 1720 3464 δὲ
1744 3411 1882 3465 κατὰ

301 3501 590 3572 Ἀδριανὸν
623 3502 716 3555 καὶ
746 3503 1058 3573 κατωτέρω.

1985 2870 2174 2923 audire
2199 2879 2252 2924 et
2273 2869 2512 2938 cogitare
2535 2871 2949 2937 concupiscunt.
2975 2886 2995 2918 ι
3024 2867 3158 2937 Vide
3183 2865 3344 2934 igitur
3366 2877 3556 2932 parum

1985 2961 2259 3014 sincerum
2297 2961 2538 3014 hominis
2569 2960 2864 3029 ingenium.
2897 2959 3070 3023 Supra
3098 2958 3235 3011 dixit
3270 2974 3288 3007 ι
3325 2971 3431 3009 non
3465 2953 3560 3006 de—

1985 3052 2114 3106 bere
2141 3067 2286 3119 euni,
2338 3053 2428 3120 qui
2460 3053 2627 3106 semel
2663 3063 2865 3105 rectam
2918 3050 3246 3104 sententiam
3279 3046 3558 3116 amplexus

1985 3152 2090 3208 est,
2141 3145 2208 3198 ab
2249 3159 2311 3198 ea
2349 3144 2678 3207 desciscere,
2715 3152 2814 3196 aut
2841 3142 2909 3195 ab
2940 3141 3029 3195 illa
3084 3141 3321 3194 alienum
3362 3155 3419 3193 se
3455 3139 3556 3191 ﬁu-
3609 3177 3616 3184 .

1985 3249 2131 3304 gere,
2167 3244 2262 3288 aut
2291 3235 2437 3287 illam
2471 3249 2694 3304 prorsus
2729 3233 2964 3299 ejurarc,
2999 3233 3214 3286 tametsi
3264 3239 3557 3300 propterea

1986 3325 2286 3394 periculum
2325 3327 2426 3379 sibi
2471 3325 2538 3379 ab
2577 3326 2892 3379 hominibus
2940 3323 3102 3392 327
3143 3323 3444 3376 intentetur
3476 3337 3490 3384 ;
3529 3338 3550 3372 ι

1985 3416 2102 3484 ipse
2139 3416 2194 3470 in
2245 3419 2520 3471 contraria
2573 3417 2757 3470 omnia
2795 3415 3004 3469 incidit.
3040 3413 3274 3466 Noverat
3324 3412 3466 3464 enim
3499 3423 3557 3464 se

1988 3523 2094 3560 non
2129 3522 2287 3576 posse
2321 3509 2647 3577 Epicureum
2685 3506 2954 3569 conﬁteri,
2991 3505 3120 3572 quin
3172 3504 3330 3556 ﬁdem
3357 3502 3422 3556 iis
3457 3500 3556 3554 ile--

289 3597 568 3660 traheret,
596 3611 716 3665 qua:
744 3597 990 3650 dicturus
1029 3607 1146 3650 erat
1197 3597 1249 3650 in
1278 3612 1373 3652 eos
1408 3598 1499 3665 qui
1531 3596 1720 3650 saltem
1763 3598 2160 3674 providentiam
2209 3603 2504 3656 admittunt
2553 3613 2606 3657 et
2643 3603 2807 3656 Deum
2846 3613 2931 3652 res
2981 3607 3197 3653 creatas
3248 3607 3551 3650 curantem.

292 3687 444 3742 Duos
495 3699 672 3742 autem
721 3684 1024 3758 accepimus
1076 3690 1244 3744 fuisse
1299 3688 1484 3744 Celsos
1548 3688 1880 3756 Epicureos,
1919 3689 2167 3760 _alterum
2223 3699 2316 3763 qui
2363 3695 2576 3750 Nerone
2647 3694 3019 3761 imperatore,
3076 3690 3222 3745 hunc
3271 3705 3402 3760 vero
3460 3691 3556 3759 qui

289 3779 527 3834 Adriani
557 3788 716 3834 aetate
745 3789 799 3833 et
835 3793 1024 3850 poswa
1058 3781 1212 3836 vixit.

289 4026 886 4100 καιπροπαρασκευῆς
931 4026 1050 4100 τῶνΔ
1097 4028 1418 4100 μελλόντων.
1459 4028 1540 4100 Τά
1570 4029 1626 4082 δὲ
1677 4030 1884 4100 μεγάλα

291 4099 430 4169 περὶ
473 4096 580 4149 τῶν
619 4096 957 4169 συμπάντων
1001 4097 1062 4148 ού
1100 4096 1425 4167 ’μανθάνειν
1472 4099 1553 4151 ἔτι
1603 4096 1888 4152 ὑπολείπε-

288 4165 406 4233 ταί,
442 4167 762 4238 ἐποπτεύειν
795 4165 850 4217 δέ
873 4165 967 4238 καὶ
995 4165 1274 4238 περινοεῖν
1298 4169 1398 4237 τήν
1423 4185 1481 4220 τε
1513 4169 1673 4237 φύσιν
1699 4170 1792 4221 καὶ
1820 4170 1888 4222 τὰ

293 4239 629 4310 πράγματα.
668 4256 686 4287 ς
719 4235 836 4310 Non
865 4237 961 4288 alis
993 4235 1230 4310 re'crgo
1280 4239 1329 4291 in
1349 4235 1645 4310 gniysteriis
1673 4254 1889 4308 quoque

294 4304 424 4375 qua:
466 4304 600 4359 iiunt
635 4305 773 4373 apud
799 4304 1036 4368 Griecos,
1082 4307 1313 4373 primum
1349 4306 1524 4361 locum
1562 4304 1748 4362 tenent
1793 4304 1890 4364 ex-

291 4379 574 4460 piationes
605 4376 1052 4460 et‘lustr‘ationes,
1084 4376 1225 4428 sicut
1246 4376 1410 4430 etiam
1440 4377 1580 4443 apud
1614 4377 1882 4458 barbaros
1915 4407 1957 4460 Β

295 4447 600 4499 lavacrum.
635 4445 764 4516 Post
812 4444 1152 4516 ha:_c_autem
1197 4455 1325 4498 sunt
1364 4461 1530 4513 parva
1592 4449 1877 4516 mysteria,

293 4533 420 4584 qua:
449 4517 652 4568 habent
678 4513 898 4581 aliquod
936 4512 1718 4584 fundamentumdoctrinm-et
1737 4532 1879 4584 pne-

293 4583 599 4654 parationis
633 4584 962 4654 futurorum.
996 4583 1050 4636 ln
1078 4586 1286 4653 magnis
1308 4595 1489 4638 autem
1516 4587 1581 4639 de
1610 4583 1878 4642 universis

297 4653 405 4709 non
481 4665 656 4708 restat
721 4653 964 4721 amplius-
1003 4654 1247 4719 discere,
1280 4656 1373 4708 sed
1427 4657 1784 4722 contemplari
1820 4667 1876 4711 et

296 4736 483 4779 mente
524 4723 990 4793 comprehendere
1028 4735 1082 4776 et
1132 4735 1380 4776 naturam
1437 4733 1491 4777 et
1527 4741 1614 4779 res
1647 4727 1812 4792 ipsas.
1849 4746 1867 4777 ι

296 4795 560 4861 Exempla
597 4797 687 4846 dat
735 4793 1050 4859 Epicureos,
1086 4809 1206 4861 pag.
1236 4795 1340 4847 575
1367 4833 1381 4857 ,
1443 4795 1518 4846 ιιιὶ
1552 4805 1604 4847 ει
1659 4796 1873 4850 Stoicos

296 4863 820 4933 l’ytliaguricosque,
840 4862 1068 4926 ibidem;
1091 4863 1375 4931 Aigyptios
1392 4865 1576 4933 etiam,
1601 4881 1718 4933 pag.
1745 4865 1869 4920 566.

298 4931 452 5006 Plato
486 4949 536 5006 in
574 4935 854 5006 Phaedone,
907 4947 1030 5006 pag.
1067 4933 1173 5006 67;
1325 4932 1545 5006 καθαρῴ
1568 4931 1688 5006 γὰρ
1703 4935 1872 4989 καθα-

299 5000 396 5076 ροῦ
427 5001 761 5069 ἐφάπτεσθαι
790 5002 862 5070 μὴ
895 5001 1190 5072 ούθεμιτὸν
1351 5000 1624 5076 Fas'eiiiin
1649 5000 1756 5060 non
1787 5018 1872 5060 est

297 5072 349 5125 ci
377 5076 470 5140 qui
500 5081 706 5134 nooest
732 5086 919 5142 purus,
956 5087 1065 5142 rem
1099 5072 1286 5138 put-ain
1312 5075 1653 5142 contingere.
1686 5095 1703 5126 ι
1741 5076 1870 5129 Vide

297 5159 420 5205 qua:
451 5150 776 5216 sequuntur.
819 5141 1042 5216 Ideniin
1073 5142 1331 5216 ’l'liewlew
1351 5162 1369 5198 :
1407 5141 1596 5216 Ἀθρει
1629 5146 1685 5198 δέ
1713 5163 1869 5216 περ-ι-

298 5211 538 5272 σκοπῶν,
572 5212 644 5282 μή
680 5225 782 5282 τις-
807 5209 915 5282 τῶν
939 5210 1218 5282 -ἀμυήτων
1246 5209 1661 5282 ἐπακούῃ.Ἐίσὶ
1695 5216 1748 5267 δὲ
1774 5209 1866 5268 ὀῦ-

293 5283 376 5353 τοί
425 5298 482 5336 τε
510 5278 660 5354 ούίἐν
694 5278 828 5354 Δἄλλο
868 5278 1132 5354 οἰόμενοις
1158 5280 1293 5336 εἶναι
1312 5326 1326 5349 ,
1361 5285 1392 5354 ἢ
1421 5278 1488 5342 οἵ]
1516 5285 1579 5336 ἂν
1605 5285 1868 5340 δύνωνται

295 5350 414 5404 ταῖν
463 5349 971 5422 χεροῖνῗλαϐέςθαι.
1019 5353 1352 5422 ιυὶιίίςειιιει
1382 5349 1578 5412 ἰιιιιειη
1629 5357 1866 5408 circnm-

299 5421 550 5487 spicc’ne
583 5421 705 5490 quis
752 5435 820 5474 ex
877 5434 980 5470 non
1017 5421 1242 5476 initiatis
1297 5425 1666 5482 obaudiat.lli
1720 5425 1862 5478 enim

299 5495 430 5544 nihil
465 5495 611 5545 aliud
646 5506 765 5545 esse
801 5496 1015 5558 putant,
1072 5505 1231 5561 quam
1280 5501 1423 5560 quod
1455 5495 1704 5551 inanibus
1734 5494 1863 5561 ipsis

302 5571 519 5631 tangere
552 5573 777 5632 queant.
811 5562 1035 5632 i_(}lein_.
1071 5559 1252 5632 ᾼΙεχ..
1287 5559 1488 5623 Strom.
1521 5579 1584 5629 v;
1616 5559 1863 5619 Tlicodo-

301 5628 413 5704 retf
438 5628 603 5686 serui.
633 5633 684 5704 1,
720 5630 798 5704 D_e
824 5629 950 5696 ﬁde.
973 5628 1035 5704 .A
1065 5630 1372 5701 Chrysippo
1404 5628 1605 5704 dictum
1641 5645 1723 5688 est
1750 5651 1763 5688 :
1804 5637 1860 5690 '0

300 5695 468 5768 λέγων
501 5705 611 5765 τοῖς
641 5695 901 5773 ἀμυήτοις
930 5696 996 5750 τὰ
1040 5695 1320 5774 μυστηρια
1345 5695 1546 5760 άσεϐἑῖ.
1583 5702 1758 5764 Lacrt.
1804 5707 1856 5760 in

1985 4029 2301 4102 Qhrysippo.
2355 4030 2488 4086 Vide
2540 4030 2741 4102 Lysjdii
2795 4029 3097 4102 iPytliagoAr.
3151 4028 3447 4102 epistolam
3483 4030 3550 4082 ad

1987 4098 2381 4168 Hipparchum,
2424 4098 2598 4168 apnd'
2623 4098 2962 4154 Theodorum
3027 4099 3316 4153 Canteruni
3343 4138 3361 4168 ,
3394 4098 3468 4151 lih
3512 4113 3556 4161 ι,

1986 4167 2108 4234 cap.
2153 4171 2238 4236 12,
2286 4167 2569 4223 Variarum
2613 4171 2914 4232 lectionum,
2947 4179 2998 4223 et
3031 4168 3290 4235 epistolas
3336 4167 3554 4221 Graecas

1991 4253 2020 4308 a
2055 4239 2258 4293 Jacobo
2297 4240 2517 4308 Cujacio
2557 4239 3137 4308 Latinitatedonatas,
3169 4238 3461 4308 ctiLaert.
3497 4237 3550 4288 iii

1994 4307 2222 4376 Pylilmg.
2255 4325 2272 4372 ,°
2307 4305 2664 4376 Porphyrium
2697 4309 2838 4374 apud
2867 4306 3176 4376 Eusebium,
3204 4305 3298 4359 lib.
3333 4320 3404 4366 tv,
3433 4320 3553 4372 cap.

1989 4373 2259 4444 8,'Prri'p.
2304 4373 2528 4445 evang.)
2586 4373 2854 4445 Jtistinttni
2879 4414 2894 4438 ,
2940 4373 3152 4427 Parum.
3193 4376 3312 4428 adv.
3342 4384 3556 4445 gentes;

1989 4444 2627 4510 Theodorctuni,scrin.
2661 4448 2713 4508 1,
2747 4444 2823 4497 De
2857 4446 2960 4512 ﬁde
2984 4483 2999 4504 ,
3035 4460 3130 4511 per
3165 4453 3356 4496 totum.
3397 4462 3415 4493 ι
3448 4444 3558 4498 Sed

1986 4515 2105 4584 ipsa
2138 4516 2397 4584 mysteria
2434 4515 2725 4583 ﬁgurarum
2776 4513 3040 4584 cuniculis
3071 4514 3390 4581 operiuntur
3413 4554 3427 4577 ,
3485 4528 3556 4566 ne

1985 4583 2067 4638 vel
2101 4585 2187 4637 his
2214 4587 2479 4652 ademptis
2509 4587 2648 4638 nuda
2676 4599 2854 4637 rerum
2889 4583 3073 4636 talium
3096 4599 3153 4635 se
3187 4594 3381 4636 natura
3417 4599 3561 4650 pra:-

1983 4655 2132 4716 heat,
2171 4657 2264 4707 sed
2301 4656 2659 4708 summatibus
2690 4663 2895 4706 tantum
2923 4653 3052 4705 viris
3085 4652 3350 4720 sapientia
3385 4653 3556 4706 inter-

1983 4733 2134 4790 prete
2169 4726 2280 4777 veri
2314 4725 2498 4777 arcani
2529 4724 2784 4785 consciis,
2819 4723 3062 4776 contenti
3099 4731 3224 4775 sunt
3259 4723 3452 4790 reliqui
3484 4723 3554 4776 ad

1982 4795 2390 4848 venerationem
2439 4795 2629 4862 ﬁguris
2680 4792 3092 4862 defendentibus
3132 4808 3160 4862 a
3189 4792 3420 4862 rvilitate
3469 4807 3558 4845 sc-

1979 4873 2213 4916 cretum.
2255 4883 2274 4915 ι
2312 4860 2550 4917 Macrob.
2591 4863 2640 4915 in
2675 4860 2859 4916 Somn.
2915 4863 3061 4929 Scip.
3099 4901 3114 4924 ,
3146 4861 3218 4915 lib
3249 4876 3284 4927 t,
3343 4876 3464 4928 cap.
3495 4862 3551 4915 2.

1982 4932 2241 4988 δρεκεεη.

2053 5004 2166 5073 (24)
2227 5003 2302 5056 Τὰ
2329 5001 2815 5073 Χρίιστιανισμοῦ.
2852 5001 2948 5073 δῖε
2991 5011 3143 5073 recte
3172 5016 3364 5073 omnes
3394 5001 3554 5073 codd:

1986 5069 2117 5127 mss.
2141 5069 2370 5141 excepto
2395 5072 2604 5126 Juliano
2632 5069 2720 5141 qni
2745 5088 2866 5125 cum
2899 5072 3030 5126 libb.
3060 5071 3223 5125 editis
3253 5073 3435 5132 habet,
3459 5069 3556 5123 τοῦ

1978 5142 2428 5214 Χριστιανισμοῦ,
2472 5153 2530 5214 _et
2555 5145 2856 5213 Anglicano
2885 5145 3062 5211 primo
3092 5143 3161 5212 ‘in
3195 5159 3301 5211 quo
3332 5142 3550 5209 legitur,

1976 5212 2040 5265 τδ
2060 5212 2519 5286 Χριστιανισμοῦ.

2049 5279 2159 5354 (:25)
2198 5279 2456 5352 Ἐφίετὰι
2510 5281 2615 5336 τοῦ
2645 5283 3027 5354 συγγενοῦςη
3061 5280 3258 5354 G_u_ieto
3303 5279 3550 5354 scriben-

1975 5347 2101 5407 dnin
2134 5347 2349 5408 videtur
2377 5354 2618 5423 ἐφίενται
2642 5347 2747 5406 τοῦ
2766 5347 3082 5422 συγγενοῦς.
3105 5349 3224 5401 Mox
3249 5349 3416 5402 codex
3442 5347 3554 5423 lle-

1973 5425 2092 5492 gius
2118 5468 2132 5492 ,
2162 5425 2311 5492 λέγει
2347 5415 2524 5477 δὲ’τοῦ
2557 5425 2691 5477 Θεοῦ
2719 5441 2732 5453 ⁸
2773 5415 2906 5477 ιῑιίιί.
2942 5423 3075 5475 editi
3119 5436 3240 5492 cuni
3276 5432 3418 5492 mss._
3442 5415 3550 5492 Ya-

1977 5484 2460 5570 t'icjtti'is,_5.é_yui_6s
2492 5493 2766 5570 10535qu
2796 5493 3132 5570 Anglicanus
3156 5489 3382 5570 primus,
3405 5484 3553 5566 λέγει

1972 5565 2066 5619 τοῦ
2091 5554 2246 5619 Θεοῦ.
2281 5554 2481 5619 Ibidem
2509 5567 2678 5619 codex
2704 5554 2911 5630 Regius
2925 5600 2939 5623 ,
2973 5557 3189 5630 άκούειν
3217 5573 3272 5608 τι
3301 5554 3392 5606 καὶ
3412 5555 3554 5630 ,ἁνα-

1975 5635 2397 5708 μιμνήσκεσθαι.
2430 5635 2485 5690 ln
2520 5635 2638 5692 aliis
2669 5643 2722 5690 et
2753 5624 2887 5687 libb.
2919 5629 3080 5685 editis
3120 5629 3295 5691 deest,
3331 5624 3443 5678 καί.
