3988 6156
269 271 376 326 675

1465 271 1741 325 CONTRA
1776 268 2056 325 CELSUM
2096 267 2220 321 LlB.
2258 267 2297 322 l.

3420 228 3518 323 sit

267 406 432 458 γησις
481 390 588 443 τῶν
619 391 677 443 ἐν
719 392 831 452 τοῖς
873 391 1174 461 προφήταις
1211 389 1566 459 αἰνιγμάτων,
1611 387 1704 440 καὶ
1750 386 1852 440 τῶν

1965 399 2080 436 rum
2123 383 2174 437 id
2203 395 2373 451 genus
2416 393 2535 448 qua:
2566 377 2791 447 ﬁgurate
2824 388 2971 447 gesta
3005 379 3083 433 vel
3119 379 3326 433 sancita
3375 392 3523 439 sunt.

269 481 326 530 ἐν
355 481 472 540 τοῖς
509 477 858 546 Εὐαγγελίοις
909 477 1249 548 παραϐολῶν,
1307 479 1401 530 καὶ
1445 477 1616 531 ἄλλων
1649 477 1854 547 μυρίων

272 569 624 640 συμϐολικῶς
663 569 1102 640 γεγενημένωνῆ
1143 567 1664 639 νενομοθετημένων.
1708 570 1768 620 El
1800 568 1855 621 δὲ

265 661 413 716 τοῦτ’
443 663 748 732 ἀμήχανον,
784 661 859 730 πὴ
893 660 988 729 μὲν
1025 647 1114 712 διά
1144 660 1242 722 τὰς
1292 659 1384 711 τοῦ
1425 659 1540 728 βίου
1589 643 1850 728 ἀνάγκας,

267 753 344 824 πὴ
377 754 436 806 δὲ
473 756 570 806 καὶ
601 753 686 806 διὰ
723 753 822 822 τὴν
851 751 956 803 τῶν
985 751 1284 821 ἀνθρώπων
1315 750 1617 810 ἀσθένειαν,
1649 751 1853 818 σφόδρα

266 846 469 914 ὀλίγων
506 845 598 896 ἐπὶ
641 845 728 896 τὸν
761 844 914 911 λόγον
951 843 1214 913 ᾁττόντων
1245 859 1256 870 ·
1289 842 1419 895 ποία
1458 841 1523 894 ἂν
1565 841 1697 910 ἄλλη
1733 840 1852 909 βελ-

268 937 402 990 τίων
447 937 675 1007 μέθοδος
720 937 855 1007 πρὸς
880 936 940 988 τὸ
973 937 1084 997 τοῖς
1136 934 1346 998 πολλοῖς
1396 933 1654 1003 βοηθῆσαι
1700 934 1853 1004 εὑρε-

270 1025 391 1094 θείη
427 1025 535 1093 τῆς
564 1024 672 1078 ἀπὸ
703 1024 794 1076 τοῦ
842 1024 1014 1093 Ἰησοῦ
1054 1026 1164 1086 τοῖς
1196 1022 1370 1075 ἔθνεσι
1422 1023 1849 1094 παραδοθείσης;

268 1120 381 1170 Καὶ
443 1117 834 1188 πυνθανόμεθά
862 1135 923 1186 γε
956 1116 1198 1186 περὶτοῦ
1372 1115 1608 1185 πλήθους
1633 1115 1740 1168 τῶν
1773 1133 1854 1166 πι-

267 1209 599 1272 στευόντων,
614 1208 710 1278 τὴν
739 1208 938 1277 πολλὴν
956 1206 1106 1277 χύσιν
1130 1206 1229 1276 τῆς
1259 1205 1456 1267 κακίας
1477 1203 1848 1272 ἀποθεμένων,

262 1299 321 1349 ἐν
431 1299 702 1370 πρότερον
751 1297 1152 1351 ἐκαλινδοῦντο·
1189 1297 1415 1368 πότερον
1455 1296 1661 1366 βέλτιόν
1708 1297 1854 1348 ἐστιν

264 1387 456 1450 αὐτοῖς
513 1387 720 1454 ἀλόγως
755 1384 1066 1439 πιστεύουσι
1109 1384 1470 1438 κατεστάλθαι
1506 1401 1620 1446 πως
1650 1385 1718 1437 τά
1748 1385 1850 1454 ἤθη

264 1481 361 1533 καὶ
385 1478 726 1549 ὠφελῆσθαι,
770 1477 858 1530 διά
893 1477 990 1548 τὴν
1023 1478 1148 1549 περὶ
1189 1478 1296 1530 τῶν
1348 1477 1717 1546 κολαζομένων
1762 1478 1853 1530 ἐπὶ

263 1569 577 1639 ἁμαρτίαις
609 1569 699 1620 καὶ
732 1568 1053 1638 τιμωμένων
1101 1569 1192 1620 ἐπὶ
1231 1567 1410 1638 ἔργοις
1458 1567 1566 1640 (56)
1601 1571 1854 1638 χρηστοῖς

265 1659 480 1725 πίστιν,
578 1660 650 1731 μὴ
681 1658 995 1730 προσίεσθαι
1027 1657 1204 1710 αὐτῶν
1237 1657 1332 1728 τὴν
1355 1658 1684 1729 ἐπιστροφὴν
1718 1657 1852 1728 μετά

265 1744 438 1816 ψιλῆς
497 1746 750 1810 πίστεως,
783 1744 888 1808 ἕως
920 1744 984 1798 ἂν
1035 1745 1288 1800 ἐπιδῶσιν
1334 1746 1558 1809 ἑαυτοὺς
1611 1747 1853 1812 ἐξετάσει

267 1836 451 1905 λόγων
473 1854 488 1902 ;
517 1837 768 1908 Φανερῶς
795 1837 902 1907 γὰρ
938 1838 985 1888 οἱ
1019 1836 1218 1899 πάντες
1244 1839 1370 1907 παρ’
1397 1836 1708 1906 ἐλαχίστους
1733 1837 1853 1889 οὐδὲ

262 1928 434 1982 τοῦτο
474 1928 751 1999 λήψονται,
796 1929 929 1998 ὅπερ
963 1927 1264 1998 εἰλήφασιν,
1300 1929 1364 1978 ἐκ
1408 1926 1500 1979 τοῦ
1541 1927 1724 1990 ἁπλῶς
1755 1943 1853 1979 πε-

265 2020 648 2083 πιστευκέναι,
679 2019 812 2072 ἀλλά
848 2019 1096 2090 μενοῦσιν
1134 2022 1191 2072 ἐν
1238 2019 1480 2089 κακίστῳ
1520 2019 1636 2089 βίῳ.
1680 2017 1852 2090 Εἴπερ

266 2111 386 2178 (57)
406 2107 502 2164 οῦν
518 2111 642 2164 ἀλλο
656 2127 708 2162 τι
726 2111 1216 2164 κατασκευαστικόν
1229 2111 1341 2163 ἐστι
1353 2109 1468 2175 τοῦ,
1484 2110 1544 2162 τὸ
1561 2108 1855 2180 φιλάνθρω-

266 2219 374 2255 πον
405 2202 503 2255 τοῦ
525 2202 680 2272 λόγου
706 2201 803 2254 οὐκ
825 2201 974 2253 ἀθεεὶ
999 2201 1076 2272 τῷ
1103 2202 1200 2272 βίῳ
1223 2201 1329 2255 τῶν
1355 2201 1650 2273 ἀνθρώπων
1675 2200 1853 2253 ἐπιδε-

263 2293 601 2373 δημηκέναι,
646 2293 740 2346 καὶ
778 2290 921 2345 τοῦτ’
962 2293 1144 2355 αὐτοῖς
1192 2292 1748 2363 συγκαταριθμητέον.
1794 2292 1852 2343 Ὁ

266 2381 384 2453 γὰρ
423 2383 651 2454 εὐσεϐὴς
702 2382 822 2434 οὐδὲ
868 2381 1132 2452 σωμάτων
1180 2381 1381 2453 ίατρδν,
1417 2381 1642 2444 πολλοὺς
1675 2381 1765 2433 ἐπὶ
1793 2380 1854 2432 τὸ

267 2472 492 2542 βέλτιον
524 2473 807 2534 νοσοῦντας
853 2472 1146 2539 ἀγαγόντα,
1181 2473 1421 2542 οἰήσεται
1471 2469 1620 2522 ἀθεεὶ
1663 2469 1852 2521 πόλεσι

267 2558 373 2611 καὶ
410 2558 588 2611 ἔθνεσι
627 2558 912 2626 ἐπιδημεῖν
932 2573 944 2587 ’
981 2559 1132 2610 οὐδὲν
1172 2557 1280 2626 γὰρ
1307 2557 1540 2627 χρηστὸν
1567 2559 1623 2608 ἐν
1655 2556 1855 2626 ἀνθρώ-

267 2666 409 2710 ποις
446 2649 596 2701 ἀθεεὶ
642 2650 906 2717 γίγνεται.
945 2650 1008 2700 Εί
1047 2648 1153 2699 δὲὸ
1202 2646 1409 2698 πολλῶν
1439 2650 1665 2715 σώματα
1705 2645 1856 2716 θερα-

267 2737 512 2802 πεύσας,
547 2739 580 2810 ἦ
607 2741 705 2793 ἐπὶ
737 2740 796 2793 τὸ
825 2740 1028 2809 βέλτιον
1061 2736 1410 2808 προαγαγὼν,
1449 2738 1548 2790 ούκ
1580 2736 1728 2789 ἀθεεὶ
1767 2735 1856 2788 θε-

269 2827 546 2897 ραπεύει·
585 2829 734 2899 πόσῳ
777 2829 935 2882 πλέον
983 2830 1012 2880 ὁ
1057 2825 1264 2880 πολλῶν
1289 2825 1462 2895 ψυχὰς
1494 2824 1852 2896 θεραπεύσας,

266 2916 372 2968 καὶ
399 2917 753 2987 ἐπιστρέψας,
783 2919 876 2971 καὶ
912 2917 1224 2988 βελτιώσας,
1281 2918 1374 2969 καὶ
1402 2917 1721 2987 ἀπαρτήσας
1741 2916 1852 2984 (58)

1955 470 2120 541 328
2149 467 2482 538 explanatio.
2516 466 2571 520 Si
2601 473 2778 518 autem
2821 465 2871 518 id
2905 468 2972 520 ab
3000 466 3311 522 hominibus
3353 467 3523 535 impe-

1958 562 2086 614 trari
2122 559 2329 626 nequit,
2369 558 2483 610 sive
2524 565 2746 624 propter
2788 553 2948 622 hujus
2980 555 3100 608 vitta
3145 556 3521 619 necessitates,

1956 653 2071 706 sive
2125 661 2341 722 propter
2383 663 2570 704 eorum
2617 647 3026 711 inﬁrmitatem,
3082 662 3203 715 qua:
3254 648 3306 700 in
3355 661 3521 702 causa

1955 749 2099 803 sunt,
2133 753 2230 792 cur
2281 736 2531 806 perpauci
2585 733 2709 787 huic
2743 748 2801 788 se
2833 734 3011 787 studio
3046 735 3247 789 dedant
3283 750 3299 791 :
3339 748 3524 803 ecquae

1957 829 2096 882 ratio
2129 829 2316 896 majori
2351 827 2626 880 hominum
2660 829 2799 894 parti
2827 827 3183 880 subveniendi
3221 827 3520 896 excogitari

1954 928 2137 988 potest
2171 933 2234 974 ea
2266 917 2623 982 commodior,
2674 931 2832 984 qnam
2865 917 3022 972 Jesus
3065 919 3320 986 gentibus
3354 919 3520 972 tradi-

1953 1013 2067 1067 dit?
2100 1011 2235 1065 Nam
2273 1011 2617 1066 sciscitemur
2641 1012 2708 1065 ab
2737 1025 2924 1066 eorum
2950 1010 3042 1080 qui
3073 1011 3298 1065 credunt
3334 1010 3518 1064 multi-

1959 1103 2162 1169 tudine,
2199 1102 2398 1170 quique
2427 1108 2771 1169 peccatorum
2805 1102 3011 1164 sordes,
3039 1101 3090 1153 in
3125 1100 3322 1168 quibus
3353 1110 3516 1154 antea

1956 1193 2356 1257 volutabantur,
2406 1192 2676 1252 eluerunt,
2723 1197 2902 1244 utrum
2950 1192 3021 1245 sit
3056 1191 3165 1246 illis
3211 1193 3525 1247 conducibi-

1955 1283 2081 1348 lius,
2119 1284 2240 1336 sine
2270 1283 2519 1336 examine
2549 1281 2865 1343 credidisse,
2900 1289 2954 1336 el.
3003 1283 3273 1338 credendo
3315 1283 3523 1352 suppli-

1959 1373 2107 1428 cium
2159 1381 2379 1441 peccata
2426 1371 2750 1440 praemiaque
2797 1371 3052 1425 virtutem
3112 1386 3350 1438 manere,
3401 1388 3526 1427 cor-

1969 1464 2174 1516 rexisse
2203 1477 2406 1520 mores;
2463 1477 2528 1514 an
2571 1471 2750 1530 spreta
2804 1462 2908 1516 ﬁde
2957 1461 3214 1530 simplici,
3253 1477 3358 1516 non
3400 1471 3524 1517 ante

1962 1555 2106 1607 illam
2159 1562 2364 1606 morum
2433 1552 2861 1605 emendationem
2931 1552 3168 1621 aggredi,
3215 1568 3374 1619 quant
3427 1554 3524 1607 do-

1955 1645 2145 1699 ctrime
2205 1643 2466 1712 principia
2498 1644 2712 1711 penitus
2756 1643 3243 1712 investigaveriut?
3303 1642 3524 1697 Manife-

1955 1748 2094 1791 stum
2125 1746 2230 1798 est,
2266 1736 2551 1805 perpaucis
2578 1733 2842 1802 exceptis,
2871 1734 3106 1801 reliquos
3130 1748 3197 1788 ne
3222 1733 3274 1787 id
3307 1734 3522 1802 quidem

1954 1839 2323 1890 assecuturos,
2354 1827 2493 1896 quod
2541 1825 2631 1878 alii
2665 1825 2894 1892 simplici
2932 1825 3038 1879 ﬁde
3068 1826 3345 1882 consecuti
3373 1837 3522 1888 sunt,

1955 1921 2048 1975 sed
2096 1920 2149 1973 in
2195 1919 2606 1987 corruptissima
2653 1933 2750 1972 sua
2796 1919 2908 1970 vita
2949 1932 3321 1972 remansuros.
3374 1917 3521 1983 Quo-

1959 2013 2106 2066 circa
2136 2010 2274 2063 inter
2299 2017 2616 2078 argumenta
2647 2008 2844 2076 quibus
2873 2016 3088 2061 constat
3118 2016 3226 2060 tant
3254 2008 3522 2062 salubrem

1955 2100 2269 2158 hominibus
2317 2100 2620 2154 doctrinam
2673 2098 2785 2153 Deo
2831 2108 3056 2152 auclore
3108 2101 3174 2153 ad
3209 2115 3304 2154 eos
3336 2113 3524 2169 perve-

1954 2196 2140 2258 nisse;
2191 2191 2315 2256 hoc,
2367 2191 2411 2244 si
2463 2190 2606 2258 quod
2663 2190 2828 2255 aliud,
2876 2188 3050 2244 locum
3087 2189 3288 2244 habere
3333 2191 3519 2247 debet.

1955 2283 2088 2337 Nam
2135 2295 2200 2336 ne
2254 2280 2520 2336 medicum
2563 2279 2780 2349 quidem
2813 2294 3118 2348 corporum,
3172 2281 3261 2348 qui
3316 2281 3515 2336 multos

1957 2373 2008 2426 in
2061 2372 2338 2426 meliorem
2381 2379 2582 2425 statum
2637 2369 2976 2434 restituerit,
3021 2355 3380 2424 arbitrabitur
3435 2372 3522 2424 vir

1960 2464 2080 2530 pius
2106 2462 2172 2514 ad
2216 2461 2380 2514 urbes
2415 2469 2470 2513 et
2499 2467 2689 2529 gentes
2734 2459 3017 2512 advenisse
3058 2458 3176 2512 sine
3209 2458 3301 2512 Dei
3343 2458 3523 2528 provi-

1956 2554 2158 2615 dentia,
2205 2567 2308 2621 qua
2357 2551 2476 2605 sine
2506 2550 2637 2604 nihil
2685 2549 2994 2604 hominibus
3043 2547 3310 2616 contingit
3359 2548 3508 2602 boni.

1956 2643 2075 2698 Jam
2127 2658 2256 2697 vero
2287 2643 2333 2697 si
2382 2642 2475 2711 qui
2511 2656 2738 2709 corpora
2786 2641 3077 2694 multorum
3120 2648 3276 2694 sanat
3317 2649 3410 2694 aut
3455 2642 3521 2694 ad

1963 2734 2243 2787 meliorem
2277 2742 2474 2786 statum
2503 2732 2730 2798 reducit,
2767 2731 2814 2786 is
2851 2731 2987 2784 nihil
3015 2732 3207 2784 horum
3254 2729 3381 2784 facit
3406 2733 3526 2786 sine

1957 2824 2133 2878 divina
2165 2839 2301 2893 ope;
2331 2833 2533 2892 quanto
2567 2822 2746 2892 magis
2778 2822 2829 2876 id
2867 2823 3048 2876 dicere
3071 2821 3137 2875 de
3172 2821 3261 2875 illo
3290 2827 3524 2889 oportet,

1957 2917 2049 2984 qui
2109 2916 2397 2969 multorum
2467 2915 2679 2968 animas
2745 2913 3045 2977 convertit,
3109 2914 3176 2966 ad
3243 2913 3521 2968 meliorem

267 3003 452 3068 αὐτὰς
490 3005 622 3058 Θεοῦ
648 3007 740 3059 τοῦ
771 3007 861 3059 ἐπὶ
897 3009 1049 3070 πᾶσι,
1080 3008 1174 3060 καὶ
1203 3005 1417 3072 διδάξας
1451 3008 1628 3058 πᾶσαν
1657 3005 1850 3076 πρᾶξιν

1957 3006 2162 3074 l'rugem
2202 3017 2444 3068 revocat,
2496 3005 2587 3072 qui
2647 3006 2802 3059 docet
2837 3017 2968 3058 suas
3000 3017 3191 3057 omnes
3235 3018 3263 3056 a
3306 3017 3522 3058 summo

271 3095 570 3166 ἀναφέρειν
603 3095 693 3148 ἐπὶ
721 3097 819 3166 τὴν
862 3096 1067 3150 ἐκείνου
1111 3098 1420 3168 ἀρέσκειαν,
1452 3098 1544 3150 καὶ
1585 3096 1742 3150 πάντ’
1768 3099 1852 3149 ἐκ-

273 3187 504 3252 κλίνειν,
543 3187 622 3242 ὅσ’
657 3187 940 3260 ἀπάρεστά
969 3188 1085 3239 ἐστι
1125 3186 1262 3256 Θεῷ,
1287 3187 1378 3238 καὶ
1407 3185 1566 3258 μέχρι
1606 3185 1699 3238 τοῦ
1737 3187 1854 3239 ἐλα-

275 3278 470 3349 χίστου
517 3277 623 3330 τῶν
654 3277 982 3347 λεγομένων,
1029 3277 1063 3350 ἢ
1105 3276 1577 3349 πραττομένων,ἢ
1626 3277 1720 3331 καὶ
1773 3277 1851 3340 είς

276 3369 580 3442 ἐνθύμησιν
610 3367 938 3440 ἐρχομένων.

350 3543 490 3614 Εἶτ’,
517 3546 724 3601 ἐπεὶτά
751 3545 994 3615 περὶτῆς
1020 3546 1252 3609 πίστεως
1285 3544 1586 3619 θρυλλοῦσι,
1615 3545 1850 3611 λεκτέον,

277 3641 362 3695 ὅτι
398 3643 558 3712 ἡμεῖς
593 3641 709 3711 μὲν,
742 3640 1254 3712 παραλαμϐάνοντες
1282 3640 1452 3710 αὐτὴν
1489 3639 1563 3701 ὡς
1588 3641 1854 3709 χρήσιμον

279 3733 398 3794 τοῖς
415 3730 646 3794 πολλοῖς,
661 3730 1023 3800 ὁμολογοῦμεν
1045 3729 1311 3783 διδάσκειν
1339 3730 1612 3783 πιστεύειν
1628 3732 1716 3783 καὶ
1733 3730 1855 3784 ἀλό⁴

279 3838 397 3890 γως
410 3821 536 3884 τοὺς
556 3820 630 3891 μὴ
649 3819 972 3889 δυναμένους
992 3820 1166 3873 πάντα
1185 3821 1517 3884 καταλιπεῖν,
1532 3822 1624 3874 καὶ
1635 3821 1856 3874 ἀκολου-

282 3912 397 3966 θεῖν
413 3911 653 3974 ἐξετάσει
670 3911 846 3980 λόγου·
872 3913 1066 3964 ἐκεῖνοι
1085 3911 1161 3972 δὲ,
1177 3909 1330 3964 τοῦτο
1354 3911 1426 3983 μὴ
1451 3911 1853 3982 ὁμολογοῦντες,

281 4008 396 4067 τοῖς
431 4003 610 4074 ἔργοις
650 4003 779 4057 αὐτὸ
815 4002 1040 4055 ποιοῦσι.
1087 4001 1181 4065 Τίς
1224 4003 1351 4074 γάρ,
1399 4008 1728 4078 προτραπεὶς
1765 4006 1856 4060 ἐπὶ

283 4096 605 4164 φιλοσοφίαν
636 4094 767 4165 (59),
798 4095 891 4147 καὶ
928 4094 1389 4166 ἀποκληρωτικῶς
1424 4095 1513 4148 ἐπί
1556 4114 1673 4150 τινα
1717 4097 1859 4168 αἵρε-

286 4206 370 4242 σιν
399 4189 588 4242 ἑαυτὸν
625 4186 926 4256 φιλοσόφων
979 4186 1138 4256 ῥίψας
1160 4226 1174 4249 ,
1202 4187 1234 4255 ἢ
1276 4185 1352 4255 τῷ
1371 4186 1726 4257 εὐπορηκέναι
1749 4187 1854 4258 (40)

284 4280 491 4334 τοιοῦδε
525 4277 861 4342 διδασκάλου,
896 4278 1066 4341 ἄλλως
1111 4278 1202 4330 ἐπὶ
1247 4276 1404 4330 τοῦτο
1451 4276 1666 4348 ἔρχεται
1702 4278 1736 4347 ἢ
1781 4277 1857 4347 τῷ

1956 3096 2064 3147 Deo
2124 3107 2415 3162 sttSpensas
2484 3094 2686 3148 habere
2752 3095 2876 3148 vitae
2940 3093 3212 3156 rationes,
3276 3109 3340 3149 ex
3403 3097 3522 3164 ejus

1951 3184 2224 3238 voluntate
2282 3183 2462 3238 omnia
2537 3185 2752 3249 metiri,
2811 3194 2867 3238 et
2939 3184 3117 3237 omnia
3187 3184 3378 3256 lugere
3431 3187 3515 3240 vel

1953 3274 2174 3327 minima
2225 3275 2388 3341 dicta,
2437 3276 2598 3344 facta,
2643 3275 2900 3346 cogitata,
2932 3289 3052 3344 qua:
3099 3275 3174 3330 illi
3222 3275 3512 3346 displicere

1951 3379 2200 3434 possunt.

2025 3551 2112 3604 10.
2155 3550 2301 3604 lllattt
2337 3551 2498 3620 igitur
2543 3551 2663 3605 sine
2712 3549 2962 3604 examine
2989 3549 3146 3602 ﬁdem
3192 3548 3262 3603 de
3304 3561 3410 3616 qua
3442 3558 3519 3602 tot

1954 3642 2139 3695 turbas
2177 3652 2364 3709 agunt,
2418 3641 2626 3710 experti
2687 3655 2846 3708 quam
2901 3639 2972 3693 sit
3021 3639 3293 3708 plerisque
3346 3637 3514 3702 utiiis,

1954 3731 2187 3784 fatemur
2234 3749 2262 3784 a
2318 3733 2473 3786 nobis
2514 3731 2885 3786 commendari
2937 3729 3169 3798 iis,_.‘,qui
3206 3728 3520 3797 relinquere

1955 3824 2169 3893 negotia
2200 3823 2381 3876 omnia
2429 3837 2534 3877 non
2582 3828 2826 3890 possunt,
2874 3829 2934 3873 ut
2974 3833 3032 3874 se
3081 3827 3220 3874 totos
3264 3833 3520 3887 perscru-

1957 3916 2133 3971 tanda:
2166 3916 2423 3970 doctrina:
2454 3917 2686 3968 tradant.
2728 3911 2802 3964 llli
2846 3923 3047 3977 autem,
3076 3923 3387 3981 quanquam
3435 3907 3512 3962 fa-

1957 4009 2056 4062 teri
2093 4008 2438 4072 erubescunt,
2479 4006 2616 4059 idem
2655 4003 2864 4058 faciunt
2900 4014 3106 4056 tamen.
3137 4001 3272 4054 Nam
3301 4001 3422 4069 quis
3450 4001 3517 4052 ad

1961 4097 2313 4168 philosophiae
2345 4097 2582 4149 Studium
2618 4095 2871 4148 incitatus
2903 4101 2959 4146 et
2989 4093 3040 4144 in
3069 4091 3305 4160 aliquam
3347 4090 3520 4157 philo-

1957 4191 2248 4258 30pltorum
2287 4197 2488 4241 sectam
2519 4196 2612 4240 aut
2663 4195 2811 4240 sorte
2842 4193 2934 4237 aut
2962 4183 3102 4250 quod
3126 4183 3177 4235 in
3214 4181 3375 4234 talem
3408 4193 3521 4232 ma—

1963 4281 2191 4349 gistrum
2227 4279 2439 4340 incidit,
2471 4293 2527 4331 se
2552 4276 2871 4344 conjiciens,
2905 4273 3062 4326 aliter
3085 4271 3150 4325 ad
3183 4285 3303 4324 eam
3331 4284 3392 4324 se
3426 4284 3520 4338 ap-

287 4371 562 4424 πιστεύειν
591 4372 689 4443 τὴν
719 4371 928 4440 αἵρεσιν
969 4368 1183 4437 ἐκείνην
1234 4366 1512 4438 κρείττονα
1555 4363 1729 4431 εἷναι;
1776 4368 1851 4420 Οὐ

1957 4371 2137 4437 plicat,
2170 4383 2329 4436 qttant
2362 4368 2486 4436 quia
2524 4367 2674 4420 illam
2698 4364 2870 4419 credit
2898 4363 3122 4430 reliquis
3170 4360 3517 4428 praestantio-

287 4465 399 4537 γὰρ
423 4463 741 4534 περιμείνας
771 4460 998 4514 ἀκοῦσαι
1028 4460 1155 4522 τοὺς
1194 4459 1408 4512 πάντων
1440 4457 1740 4528 φιλοσόφων
1768 4458 1854 4511 λό-

284 4570 440 4624 γους,
471 4555 562 4609 κα“ι
589 4553 696 4606 τῶν
723 4552 990 4623 διαφόρων
1017 4549 1295 4620 αἱρέσεων,
1315 4549 1406 4603 καὶ
1429 4549 1523 4620 τὴν
1545 4549 1852 4621 ἀνατροπὴν

365 4779 476 4847 (‘55)
515 4778 674 4848 Lego,
702 4773 1186 4848 πυνθανώμεθα-γε
1212 4773 1362 4848 παρά
1390 4773 1502 4838 τοῦ,
1527 4782 1630 4848 etc.

364 4843 473 4916 (36)
512 4843 752 4914 Philoc.,
795 4846 879 4914 ἐφ’
921 4843 1213 4915 ἁμαρτίαις
1258 4843 1352 4896 καὶ
1395 4843 1721 4913 τιμωμένων
1769 4843 1854 4895 ἐπ’

287 4915 494 4988 ἔργοις.

292 4987 472 5068 *(57)
512 4985 741 5051 Philoc.,
789 4989 846 5039 ἐν
883 4984 1124 5052 κακίστῳ
1146 4983 1246 5054 βίῳ
1274 4983 1352 5054 τῷ
1392 4981 1499 5035 τῶν
1533 4980 1854 5051 ἀνθρώπων.

522 5123 596 5175 lta
649 5121 954 5191 Spencerns
1007 5134 1058 5176 et
1105 5122 1271 5176 codex
1316 5119 1591 5192 (Jolianus.
1637 5117 1853 5192 Reliqui

290 5186 413 5249 cunt
461 5186 773 5248 llosschelio
827 5203 880 5244 et
920 5192 1247 5255 Philocalia,
1301 5186 1855 5258 dvatp'rﬁmg._Pattlo

292 5265 430 5317 infra
466 5278 656 5316 omnes
694 5261 850 5316 codd.
880 5277 1006 5312 mss.
1041 5273 1094 5312 et
1130 5260 1259 5313 libb.
1303 5256 1430 5313 editi
1458 5256 1536 5310 ὃσ’
1562 5256 1852 5326 ἀπάρεστά

292 5337 398 5386 εἰσι
440 5333 559 5403 Θεῷ
594 5332 753 5404 μέχρι
779 5329 872 5381 τοῦ
903 5329 1198 5398 ἐλαχίστου.
1233 5327 1526 5383 Philocalia
1573 5334 1629 5378 ttt
1656 5326 1708 5378 itt
1750 5341 1850 5378 tto-

295 5413 612 5544 ξιῗὲθῖᾚίξ
638 5471 768 5543 γὰρ,
795 5467 1148 5544 προτραπεὶς
1185 5467 1282 5519 ἐπὶ
1327 5462 1712 5544 φιλοσρφίαν,
1742 5471 1846 5544 etc.

297 5532 519 5609 Cicero,
581 5532 673 5596 lili.
705 5532 784 5594 ἰι
835 5532 1272 5609 'Acudemicarum
1330 5532 1701 5609 quwstjonum,
1747 5532 1848 5609 sub

299 5601 534 5677 initium,
569 5613 752 5668 eadem
788 5607 1177 5681 propemodum
1206 5601 1360 5681 docet
1390 5621 1404 5658 :
1445 5622 1460 5650 ι
1493 5601 1623 5680 Nam
1648 5603 1846 5681 caeteri

299 5671 530 5752 primum
571 5693 696 5738 ante
751 5671 1002 5736 ténentur
1047 5674 1278 5739 astricti,
1327 5688 1489 5742 quam
1534 5671 1658 5739 quid
1710 5681 1852 5724 esset

1959 4459 2106 4514 rem?
2149 4457 2333 4526 Neque
2378 4459 2540 4522 enim,
2577 4466 2635 4510 ut
2663 4455 2991 4518 Platonicus,
3026 4461 3117 4506 aut
3151 4451 3386 4517 Stoicus,
3421 4461 3513 4504 aut

1959 4550 2375 4619 Peripateticus,
2410 4558 2502 4602 aut
2550 4548 2843 4616 Epicureus
2886 4545 3058 4609 ﬁeret,
3092 4552 3185 4597 aut
3224 4542 3509 4612 cujuscun-

1964 4773 2224 4844 optimum
2262 4770 2507 4844 judicare
2558 4777 2860 4844 potuerunt.
2907 4766 3109 4844 Deinde
3152 4765 3518 4844 inﬁrmissimo

1965 4836 2206 4912 témpore
2255 4836 2431 4896 aztatis
2480 4836 2572 4895 aut
2611 4838 2853 4912 obsecuti
2904 4837 3082 4912 amico
3131 4836 3519 4912 cuidant,_aut

1963 4906 2341 4979 una-alicujus
2392 4926 2550 4979 quem
2604 4911 2853 4979 primunt
2887 4907 3204 4979 audierunt_,
3267 4906 3512 4960 oratione

1960 4983 2122 5050 Capti,
2154 4983 2219 5034 de
2247 4975 2719 5050 rebus—incognitis
2743 4976 3007 5050 judicant,
3035 4985 3089 5027 et
3118 4975 3183 5028 ad
3209 4989 3511 5050 qu_ant_cun-_

1959 5045 2063 5119 que
2105 5063 2234 5103 sunt
2268 5045 2602 5118 disciplnam
2648 5047 2805 5119 quasi
2851 5053 3164 5111 tempestate
3207 5045 3397 5110 delati,
3449 5045 3516 5096 ad

1958 5117 2074 5174 eam
2111 5130 2362 5184 tanquam
2392 5117 2456 5171 ad
2482 5134 2667 5170 saxum
2696 5117 3107 5184 adhaerescunt,
3127 5122 3230 5168 etc.
3267 5132 3286 5164 ι

2027 5179 2263 5260 (40)]11
2294 5188 2375 5254 τῷ
2419 5185 2846 5260 εὺπορηκένᾳι,
2899 5183 3171 5260 etc.__.Sic_
3214 5191 3358 5260 recte
3409 5179 3517 5260 duo

1955 5250 2129 5312 codd.’
2152 5250 2413 5322 Vaticani,
2450 5250 2646 5322 Regius
2683 5267 2735 5310 et
2761 5256 2869 5308 duo
2895 5250 3197 5322 Anglicani,
3236 5252 3420 5316 sicque
3447 5250 3513 5299 ad

1955 5328 2248 5396 marginem
2297 5321 2497 5380 habent
2534 5321 2885 5396 lloescltelius
2929 5332 2982 5396 et
3024 5321 3347 5396 §pcncerus,
3382 5330 3514 5396 quo-

1957 5383 2102 5451 l‘lltllv
2122 5397 2210 5450 ille
2238 5399 2288 5450 in
2338 5406 2486 5450 textu
2519 5397 2718 5462 posuit.
2755 5394 2849 5463 καὶ
2887 5388 2964 5463 τῷ
3007 5383 3518 5463 εὐπορηκέναιτιιιίυ

1956 5483 2082 5519 vero
2114 5484 2235 5520 cum
2283 5451 2610 5534 l’ltilocal'ia,
2661 5451 2838 5534 καὶτὸ
2884 5451 3268 5534 εξπορηκέναι.
3300 5451 3514 5534 Ἰὺὶιιεειη

1959 5517 2643 5598 ρίέίῑοέέιιίεὶ,διδασκάλω,
2678 5529 2708 5595 ἢ
2747 5531 2846 5582 οὐκ
2878 5517 3049 5583 ἀλλωξ
3078 5517 3180 5576 ’ἐπὶ
3223 5519 3396 5587 τούτῳ
3428 5517 3520 5591 ἔρ·

1955 5623 2123 5674 χεται.
