3988 6156
448 238 556 297 675

1892 230 2216 288 ORIGENIS

3597 238 3718 293 676

450 371 559 426 que
621 363 816 419 sectae,
881 352 1218 421 exspectavit
1287 354 1414 407 dum
1485 361 1580 408 aut
1643 361 1807 407 secta:
1869 368 2020 408 suam

2130 352 2228 422 μὲν
2266 353 2452 418 τῶνδε,
2517 355 2857 428 κατασκευὴν
2893 357 2950 410 δὲ
2991 356 3214 428 ἑτέρων,
3246 356 3421 420 οὕτως
3469 358 3718 428 αἱρεῖται

452 462 681 516 quaeque
723 446 1022 500 doctrinam
1066 445 1454 513 explicassent,
1485 453 1578 499 aut
1624 444 1852 498 rationis
1900 460 2021 498 mo-

461 550 641 593 ntenta
674 541 871 607 quibus
899 538 1143 604 qumdam
1194 536 1524 599 niterentur.
1557 536 1803 605 quadam
1842 542 2021 589 autem

362 644 369 651 '
459 632 834 686 refellerentur
861 669 877 694 ,
915 631 1177 683 andiisset
1216 647 1230 682 :
1277 628 1441 699 329
1493 629 1584 681 sed
1618 643 1762 683 caeco
1790 628 2022 696 quodam

462 722 685 789 impetu,
714 729 766 773 et
788 722 830 773 si
860 719 1014 773 lateri
1036 721 1087 773 id
1115 720 1309 783 nolint,
1338 720 1553 783 διοίσω,
1576 718 1808 782 exempli
1836 732 2021 781 causa,

459 813 689 864 adluesit
714 818 1050 878 cmterasque
1090 810 1274 876 rejecil
1316 818 1410 863 aut
1447 808 1786 864 Platonicam
1824 816 1880 860 ut
1926 808 2024 862 ltu-

455 905 743 967 ntiliorem,
773 915 867 958 aut
913 905 1357 974 Peripateticam,
1383 903 1508 972 quia
1537 903 1604 957 ad
1647 903 1913 956 humanos
1944 899 2025 954 af-

452 996 627 1050 fectus
663 996 894 1049 nimium
942 1011 1001 1050 se
1044 995 1303 1058 demittit,
1346 1002 1401 1049 et
1444 994 1562 1062 plus
1605 1009 1766 1062 quam
1814 1001 2024 1048 caetera:

451 1098 645 1156 sectae,
698 1088 928 1142 candide
975 1088 1210 1141 humana
1264 1087 1509 1156 agnoscit
1555 1087 1715 1140 bona.
1759 1084 1839 1138 Ac
1889 1100 2025 1140 non-

454 1178 623 1243 nulli,
670 1188 731 1231 nt
774 1180 1011 1248 primunt
1065 1176 1424 1231 Providentia:
1485 1178 1685 1231 mentio
1731 1175 1874 1230 facta
1917 1184 2022 1240 est,

452 1268 754 1333 perturbati
790 1268 855 1323 iis
882 1283 1006 1337 quae
1050 1269 1137 1322 hic
1177 1268 1361 1336 probis
1398 1266 1768 1335 improbisque
1806 1266 2024 1319 contin-

451 1368 619 1429 gunt,
651 1375 998 1428 praepropere
1042 1362 1094 1413 in
1139 1360 1276 1414 hanc
1320 1360 1508 1413 abiere
1536 1359 1863 1412 sententiam
1905 1370 2025 1424 quae.

455 1453 853 1507 Providentiam
888 1453 1049 1518 tollit,
1084 1454 1422 1521 Epicuroque
1450 1461 1505 1506 et
1534 1451 1692 1506 Celso
1722 1464 1780 1505 se
1804 1451 2024 1504 addixe-

455 1552 602 1599 runt.

2125 442 2242 512 ήτοι
2287 443 2541 507 Στωϊκὸς,
2588 444 2620 514 ἢ
2669 445 3034 508 Πλατωνικὸς,
3085 445 3117 515 ἢ
3167 445 3627 516 Περιπατητικὸς,
3679 446 3717 517 ἢ

2138 533 2508 604 Ἐπικούρειος
2535 531 2747 607 εἷναι,ἢ
2784 538 2972 599 ὁποίας
2998 537 3196 607 δήποτε
3224 536 3526 606 φιλοσόφων
3561 539 3723 609 αἰρέ-

2127 641 2294 688 σεως·
2349 626 2464 678 ἀλλ’
2510 627 2690 696 ἀλόγῳ
2739 628 2872 689 τινὶ,
2928 627 3029 680 κᾶν
3078 627 3153 698 μὴ
3211 626 3503 697 βούλωνται
3548 629 3720 681 τοῦτο

2124 716 2422 786 ὁμολογεῖν,
2459 720 2601 788 φορᾷ
2648 717 2859 790 ἔρχεται
2893 717 3003 787 (41)
3047 718 3139 770 ἐπὶ
3169 716 3230 769 τὸ
3275 717 3513 787 ἀσκῆσαι
3562 717 3717 790 (φέρ’

2125 806 2343 877 εἰπεῖν),
2385 808 2474 860 τὸν
2511 809 2744 861 Στωϊκὸν
2789 809 2967 877 λόγον,
2996 808 3307 861 καταλιπών
3340 826 3400 861 τε
3440 809 3566 872 τοὺς
3598 810 3720 863 λοι-

2126 898 2260 961 πούς
2278 914 2291 930 ·
2310 899 2342 969 ἢ
2361 899 2450 951 τὸν
2474 900 2818 953 Πλατωνικὸν
2844 901 3284 971 ὑπερφρονήσας,
3301 899 3377 963 ὡς
3403 902 3716 954 ταπεινότεο

2129 1007 2219 1062 ρον
2260 990 2368 1042 τῶν
2406 990 2599 1052 ἄλλων,
2631 991 2663 1061 ἢ
2707 991 2797 1043 τὸν
2826 991 3278 1062 Περιπατητικὸν,
3310 991 3386 1054 ὡς
3431 992 3715 1062 ἀνθρωπι-

2129 1080 2364 1153 κώτερον
2420 1080 2562 1151 (42),
2619 1081 2712 1134 καὶ
2770 1081 2967 1151 μᾶλλον
3021 1080 3131 1133 τῶν
3185 1080 3386 1134 λοιπῶν
3440 1083 3713 1153 αἱρέσεων

2127 1171 2478 1240 εὐγνωμόνως
2508 1169 2871 1237 ὁμολογοῦντα
2904 1169 2972 1222 τὰ
3011 1168 3328 1241 ἀνθρώπινα
3363 1171 3564 1238 ἀγαθά.
3598 1174 3713 1226 Καὶ

2125 1262 2233 1315 ἀπὸ
2258 1261 2478 1333 πρώτης
2510 1261 2566 1314 δὲ
2595 1261 2894 1332 προσϐολῆς
2935 1262 3299 1332 ταραχθέντες
3332 1264 3478 1326 τινὲς
3513 1266 3592 1327 είς
3616 1267 3711 1318 τὸν

2128 1354 2253 1424 περὶ
2279 1353 2542 1426 Προνοίας
2566 1352 2741 1419 λόγον,
2779 1356 2843 1404 ὲκ
2871 1352 2976 1405 τῶν
3003 1355 3096 1406 ὲπὶ
3124 1353 3228 1422 γῆς
3249 1353 3553 1423 γενομένων
3576 1354 3713 1423 φαύ-

2126 1445 2235 1508 λοις
2252 1446 2344 1498 καὶ
2373 1444 2698 1508 σπουδαίοις,
2732 1444 3163 1515 προπετέστερον
3197 1444 3593 1511 συγκατέθεντο
3628 1447 3710 1517 τῷ

2130 1536 2392 1606 μηδαμῶς
2436 1531 2573 1588 εἶναι
2619 1536 2913 1606 Πρόνοιαν,
2970 1536 3064 1587 καὶ
3118 1534 3208 1587 τὸν
3245 1535 3567 1605 Ἐπικούρου
3614 1537 3711 1590 καὶ

2127 1626 2334 1679 Κέλσου
2362 1614 2565 1680 εἴλοντο
2594 1625 2771 1693 λόγον.

527 1724 617 1776 Η.
643 1721 788 1791 Ergo
817 1721 862 1775 si
903 1721 1040 1774 ratio
1067 1721 1250 1775 docuit
1280 1721 1609 1775 credendum
1637 1733 1757 1775 esse
1784 1718 1874 1772 nni
1905 1716 2017 1771 cui-

2198 1719 2370 1787 Εἴπερ
2400 1713 2491 1769 οὖν
2520 1717 2599 1768 δεῖ
2628 1714 2921 1779 πιστεύειν,
2952 1714 3027 1776 ὡς
3063 1716 3091 1766 ό
3119 1714 3278 1783 λόγος
3328 1713 3584 1778 ἐδίδαξεν,
3629 1714 3710 1768 ἑνί

454 1814 597 1882 piam
636 1828 823 1867 eorum
856 1814 947 1880 qui
995 1822 1171 1867 sectas
1207 1812 1348 1881 apud
1398 1812 1630 1867 Graecos
1667 1820 1722 1866 et
1768 1810 2025 1865 barbaros

455 1906 807 1968 induxerunt,
841 1912 1046 1972 quanto
1076 1904 1250 1973 magis
1285 1904 1391 1956 Deo
1422 1917 1602 1956 rerum
1633 1901 1885 1955 omnium
1918 1900 2024 1952 Do—

456 1997 625 2062 mino,
656 2007 710 2050 et
741 1996 790 2050 ei
819 1997 910 2064 (ιυί
941 1996 1101 2048 docet
1144 1995 1292 2047 hunc
1333 1993 1510 2047 solum
1538 2005 1661 2045 esse
1699 1990 2021 2055 colendum;

454 2098 649 2143 caetera
676 2101 806 2140 vero
839 2085 1182 2155 negligenda,
1212 2099 1332 2153 quae
1364 2083 1449 2138 vel
1491 2099 1598 2137 non
1639 2094 1766 2137 sunt
1789 2122 1804 2148 ,
1854 2081 1935 2135 vel
1978 2081 2022 2135 si

455 2187 602 2243 sunt,
630 2179 837 2231 honore
862 2177 1077 2245 quidem
1111 2175 1272 2244 digna
1303 2183 1451 2237 sunt,
1480 2183 1537 2228 at
1579 2173 1779 2228 cultum
1810 2183 1865 2227 et
1890 2172 2023 2226 ado-

458 2271 718 2323 rationem
749 2283 852 2321 non
884 2275 1199 2332 merentur;
1230 2266 1298 2319 de
1343 2266 1542 2335 quibus
1569 2266 1658 2333 qui
1695 2280 1802 2319 non
1849 2263 2023 2317 solum

454 2359 649 2422 credit,
675 2359 770 2413 sed
795 2367 851 2412 et
877 2359 1090 2412 ratione
1119 2372 1205 2411 res
1231 2358 1649 2426 contemplatur,
1674 2354 1912 2424 proferet
1933 2369 2025 2408 eas

454 2454 575 2520 quae.
613 2446 715 2504 sibi
742 2450 1111 2512 occurrerint,
1145 2457 1199 2502 et
1243 2464 1381 2517 quas
1425 2440 1682 2501 accurata
1732 2447 2028 2516 investiga-

454 2544 602 2597 tione
627 2540 1372 2596 erueritdemonstrationes.
1408 2538 1687 2606 Quomodo
1716 2538 1880 2607 igitur
1919 2538 2029 2592 Deo

454 2636 679 2689 credere
708 2648 815 2687 non
847 2634 916 2686 sit
946 2633 1137 2687 rationi
1161 2639 1589 2686 consentaneum
1623 2631 1813 2701 magis,
1842 2645 1964 2685 cum
1995 2646 2026 2685 a

457 2723 561 2777 title
595 2725 775 2777 omnia
806 2723 1044 2776 humana
1074 2721 1381 2792 pendeant?
1417 2722 1548 2788 Quis
1596 2723 1740 2777 enim
1790 2724 2025 2792 navigat,

455 2823 548 2866 aut
572 2828 794 2867 uxorem
826 2814 996 2876 ducit,
1024 2823 1121 2866 aut
1170 2813 1361 2867 liberis
1391 2814 1483 2867 dat
1527 2828 1749 2883 operam
1775 2855 1792 2878 ,
1834 2821 1928 2868 aut
1973 2815 2028 2868 in

458 2914 656 2957 terram
688 2905 892 2974 spargit
929 2905 1159 2969 semina,
1195 2905 1321 2973 quin
1358 2904 1425 2958 ad
1469 2906 1585 2959 haec
1629 2906 1876 2961 facienda
1925 2906 2030 2960 ﬁde

2124 1826 2227 1861 τινι
2260 1807 2367 1860 τῶν
2397 1807 2635 1878 αἱρέσεις
2664 1806 3111 1878 εἰσηγησαμένων
3144 1808 3201 1858 ὲν
3230 1805 3537 1876 Ἕλλησινῆ
3575 1806 3710 1877 βαρ-

2127 1899 2330 1970 ϐάροις·
2369 1898 2486 1961 πῶς
2518 1899 2637 1967 οὑχ).
2675 1898 2873 1968 μᾶλλον
2896 1898 2974 1967 τῷ
3002 1898 3095 1951 ἐπὶ
3135 1900 3270 1951 πᾶσι
3299 1898 3418 1969 Θεῷ
3438 1938 3451 1961 ,
3488 1900 3584 1967 καὶ
3631 1899 3710 1970 τῷ

2125 1991 2423 2045 διδάσκοντι
2451 1991 2638 2044 τοῦτον
2671 1992 2830 2060 μόνον
2852 1991 2960 2062 (45)
2987 1991 3096 2043 δεῖν
3124 1991 3319 2053 σέϐειν,
3337 1991 3405 2044 τὰ
3435 1991 3493 2044 δὲ
3525 1991 3710 2056 λοιπὰ,

2126 2082 2242 2152 ήτοι
2268 2081 2343 2146 ὡς
2370 2082 2444 2152 μὴ
2463 2082 2638 2153 ὄνταῆ
2658 2083 2733 2145 ὼς
2752 2082 2900 2146 ὄντα,
2928 2083 3024 2153 μὲν
3045 2084 3138 2135 καὶ
3156 2083 3320 2154 τιμῆς
3337 2081 3482 2148 ἄξια,
3506 2083 3569 2134 οὑ
3604 2082 3713 2152 μὴν

2127 2174 2217 2226 καὶ
2232 2176 2650 2246 προσκυνήσεως
2664 2177 2757 2228 καὶ
2772 2174 3315 2246 σεδασμοῦ,παρορᾷν
3332 2192 3347 2240 ;
3363 2178 3490 2245 περὶ
3505 2168 3580 2226 ὧν
3595 2176 3624 2226 ό
3638 2173 3714 2244 μὴ

2128 2265 2396 2319 πιστεύων
2418 2267 2597 2337 μόνον,
2623 2266 2758 2320 ἀλλὰ
2779 2268 2872 2319 καὶ
2893 2267 3035 2337 λόγῳ
3059 2267 3279 2339 θεωρῶν
3297 2266 3366 2318 τὰ
3387 2269 3711 2337 πράγματα,

2127 2359 2243 2429 ὲρεῖ
2288 2358 2387 2421 τὰς
2437 2358 2848 2422 ὑποπιπτούσας
2898 2359 3047 2429 αὐτῷ
3079 2359 3173 2412 καὶ
3222 2358 3617 2429 εὑρισκομένας
3648 2358 3711 2409 ἐκ

2127 2449 2219 2502 τοῦ
2252 2449 2395 2503 πάνυ
2423 2449 2603 2520 ζητεῖν
2630 2450 2950 2516 ἁποδείξειςς
2979 2451 3102 2513 Πῶς
3125 2449 3169 2501 δ’
3197 2450 3298 2502 οὑκ
3326 2447 3709 2519 εὐλογώτερον,

2128 2543 2344 2596 πάντων
2377 2541 2484 2594 τῶν
2516 2542 2867 2613 ἀνθρωπίνων
2910 2543 3145 2605 πίστεως
3189 2541 3532 2612 ἠρτημένων,
3565 2538 3708 2592 ὲκεί-

2126 2651 2232 2687 νων
2268 2634 2464 2705 μᾶλλον
2497 2636 2606 2706 (44)
2636 2634 2909 2688 πιστεύειν
2935 2634 3011 2705 τῷ
3041 2633 3179 2704 Θεῷ;
3216 2634 3311 2696 Τίς
3338 2632 3445 2705 γὰρ
3489 2632 3642 2697 πλεῖ,
3675 2632 3707 2703 ῆ

2128 2725 2378 2797 γαμεῖ,ῆ
2424 2727 2836 2790 παιδοποιεῖται,
2879 2726 2911 2796 ἥ
2950 2726 3131 2796 ῥίπτει
3176 2724 3245 2777 τὰ
3282 2725 3573 2796 σπέρματα
3619 2724 3709 2777 ἐπὶ

2128 2820 2227 2887 τὴν
2248 2819 2370 2889 γῆν,
2400 2819 2471 2888 μὴ
2489 2819 2556 2871 τὰ
2580 2820 2860 2889 κρείττονα
2874 2818 3141 2871 πιστεύων
3161 2818 3266 2887 (43)
3282 2815 3705 2888 ἀπαντήσεσθαι,

2128 2908 2352 2963 δυνατοῦ
2384 2909 2535 2973 ὄντος
2566 2910 2660 2961 καὶ
2692 2909 2786 2962 τοῦ
2832 2911 3047 2963 ἐναντία
3096 2911 3382 2978 γενέσθαι,
3435 2911 3529 2962 καὶ
3566 2911 3708 2963 ἔστιν

461 2996 744 3050 meliorum
773 2996 1093 3061 adducatur,
1115 2998 1363 3065 quamvis
1387 3011 1543 3051 secus
1566 2999 1737 3065 possit
1758 3000 2024 3063 accidere,

2130 3000 2219 3053 ὅτε
2250 3002 2560 3071 γενομένου;
2609 3001 2745 3053 Ἀλλ’
2767 3003 2917 3072 ὅμως
2954 3004 2985 3072 ἡ
3031 3003 3158 3072 περὶ
3183 3000 3277 3054 τοῦ
3319 3001 3387 3054 τὰ
3432 3001 3708 3072 κρείττονα

456 3096 514 3141 et
553 3088 844 3156 aliquando
881 3088 1132 3140 accidat?
1165 3088 1304 3154 Quin
1353 3087 1443 3156 illa
1477 3088 1609 3141 ﬁdes
1657 3088 1877 3142 meliora
1907 3104 2028 3144 esse

456 3187 745 3242 eventura,
787 3177 1077 3244 omniaque
1112 3191 1177 3230 ex
1213 3185 1334 3229 veto
1384 3190 1706 3230 successura
1734 3215 1749 3241 ,
1796 3176 1924 3230 facit
1969 3186 2028 3231 ut

456 3268 714 3322 audacter
743 3268 907 3321 etiam
935 3282 1123 3321 onmes
1152 3268 1540 3337 aggrediantur
1569 3268 1809 3321 incertas
1854 3284 1942 3323 res
1975 3281 2030 3324 et

456 3356 609 3411 dubii
637 3357 836 3412 exitus.
868 3358 937 3410 At
970 3358 1013 3410 si
1046 3357 1095 3409 in
1126 3358 1271 3411 omni
1316 3359 1529 3411 actione
1565 3356 1717 3422 cujus
1762 3357 2026 3411 incertum

455 3457 539 3503 est
564 3450 687 3518 quis
714 3448 925 3502 futurus
953 3449 1026 3502 sit
1047 3448 1245 3512 exitus,
1280 3462 1404 3516 Spes
1430 3457 1484 3501 et
1511 3448 1577 3501 de
1620 3450 1815 3501 l'uturis
1847 3451 2029 3516 potior

457 3539 590 3595 fides
617 3542 781 3594 vitam
808 3541 1069 3602 continet,
1096 3556 1193 3593 cur
1215 3555 1321 3595 non
1353 3541 1745 3596 rationabiliori
1772 3545 1837 3596 de
1863 3558 2026 3597 causa

456 3643 620 3698 quam
648 3629 738 3697 qui
775 3628 859 3682 vel
893 3629 1064 3682 maria
1108 3630 1400 3698 navigant,
1441 3631 1522 3684 vel
1573 3641 1770 3684 terram
1818 3642 2025 3696 serunt,

457 3720 539 3773 vel
578 3734 807 3773 uxorem
846 3722 1089 3783 ducunt,
1134 3722 1455 3791 caeterisque
1502 3724 1731 3792 negotiis
1778 3724 2028 3778 humanis

460 3810 590 3862 dant
615 3825 857 3878 cperam,
885 3812 1024 3865 hanc
1060 3811 1146 3865 ille
1178 3813 1336 3865 tidem
1372 3816 1728 3882 assumpserit
1779 3816 1870 3883 qui
1918 3816 2029 3870 Deo

461 3915 640 3954 rerum
664 3902 876 3955 illarum
904 3903 1146 3956 omnium
1180 3905 1360 3971 Opiﬁci
1402 3906 1596 3971 credit,
1643 3919 1698 3961 et
1741 3907 1814 3960 illi
1847 3909 1938 3975 qui
1973 3919 2030 3962 ut

457 3991 710 4046 omnibus
735 3994 824 4061 qui
859 3994 1058 4062 ubique
1087 4004 1352 4047 terrarum
1386 4007 1512 4050 sunt
1546 3999 1865 4051 mortalibus
1890 3999 2030 4054 hanc

457 4083 760 4139 doctrinam
782 4085 1131 4155 patefaceret,
1156 4088 1478 4155 prmcellenti
1502 4091 1697 4144 mentis
1720 4092 2025 4157 altitudine,

452 4177 748 4247 divinaque
770 4176 936 4231 animi
958 4179 1327 4248 magnitudine
1347 4196 1557 4236 summa
1585 4183 1821 4253 pericula
1840 4186 2025 4251 subiit,

456 4278 513 4325 et
532 4284 627 4338 pro
652 4269 963 4325 hominibus
990 4270 1221 4327 mortem
1253 4274 1508 4342 Opinione
1536 4275 1677 4346 vulgi
1706 4275 2030 4344 ignominio-

2131 3092 2226 3145 καὶ
2258 3092 2324 3145 τὰ
2358 3093 2476 3145 κατ’
2514 3094 2677 3164 εὐχὴν
2705 3092 3115 3163 ἀπαντήσεσθαι
3143 3094 3326 3156 πίστις
3351 3092 3555 3163 τολμᾷν
3580 3093 3707 3147 πάν-

2130 3200 2229 3246 τας
2261 3186 2438 3247 ποιεῖ,
2484 3185 2578 3236 καὶ
2607 3184 2698 3236 ὲπὶ
2726 3184 2794 3236 τὰ
2824 3183 2992 3254 ἄδηλα
3024 3185 3116 3236 καὶ
3149 3184 3349 3238 δυνατὰ
3371 3185 3545 3249 ἄλλως
3578 3203 3707 3256 συμ-

2131 3272 2309 3345 ϐῆναι.
2339 3275 2400 3326 Ei
2433 3274 2489 3326 δὲ
2517 3274 2725 3344 συνέχει
2751 3274 2840 3327 τὸν
2875 3275 2988 3345 βίον
3014 3276 3070 3327 ὲν
3101 3275 3249 3347 πάσῃ
3285 3276 3482 3348 πράξει
3512 3277 3704 3348 ἀδήλῳ,

2131 3368 2277 3430 ὅπως
2310 3366 2620 3437 ἐκϐήσεται,
2656 3370 2688 3437 ἡ
2723 3367 2877 3429 ἐλπὶς
2905 3367 2999 3419 καὶ
3036 3370 3068 3437 ή
3106 3370 3232 3439 περί
3262 3370 3371 3421 τῶν
3413 3369 3707 3438 μελλόντων

2131 3462 2468 3532 χρηστοτέρα
2497 3461 2694 3523 πίστις·
2725 3461 2841 3522 πῶς
2874 3461 2935 3512 οὑ
2969 3460 3168 3530 μᾶλλον
3192 3461 3330 3529 αὓτη
3358 3461 3708 3533 παραληφθή-

2134 3569 2279 3606 σεται
2302 3554 2537 3621 εὐλόγως
2551 3553 2629 3623 τῷ
2660 3552 2983 3616 πιστεύοντι,
3009 3554 3147 3621 ὑπὲρ
3162 3553 3258 3624 τὴν
3280 3553 3581 3625 πλεομένην
3603 3553 3705 3624 (46)

2131 3644 2423 3707 θάλασσαν,
2459 3646 2549 3698 καὶ
2581 3645 2682 3714 γῆν
2708 3644 3091 3714 σπειρομένην,
3124 3645 3221 3697 καὶ
3248 3648 3479 3713 γυναῖκα
3515 3660 3707 3716 γαμου-

2133 3737 2322 3807 μένην,
2365 3737 2458 3789 καί
2510 3736 2579 3789 τὰ
2611 3736 2773 3789 λοιπὰ
2815 3740 2872 3790 ὲν
2920 3736 3226 3807 ἀνθρώποις
3276 3737 3595 3807 πράγματα,
3633 3735 3704 3808 τῷ

2130 3826 2301 3879 ταῦτα
2353 3827 2529 3880 πάντα
2580 3827 3039 3899 δημιουργήσαντι
3095 3827 3251 3898 Θεῷ,
3306 3827 3399 3881 καὶ
3453 3826 3530 3897 τῷ
3576 3827 3703 3898 μετὰ

2131 3918 2571 3991 ὑπερϐαλλούσης
2610 3920 2957 3990 μεγαλονοίας
2989 3921 3082 3974 καὶ
3129 3920 3274 3983 θείας
3308 3908 3705 3990 μεγαλοφροσύ-

2131 4028 2227 4082 νης
2259 4011 2588 4081 τολμήσαντι
2638 4012 2748 4082 (47)
2799 4013 2984 4065 τοῦτον
3034 4012 3124 4065 τὸν
3168 4012 3323 4079 λόγον
3362 4011 3701 4082 παραστῆσαι

2131 4107 2243 4168 τοῖς
2270 4104 2541 4175 πανταχοῦ
2575 4106 2673 4175 τῆς
2706 4106 3048 4175 οἰκουμένης,
3088 4105 3224 4175 μετὰ
3259 4104 3509 4175 μεγάλων
3536 4105 3704 4157 κινδύ-

2133 4214 2237 4250 νων
2272 4198 2366 4251 καὶ
2412 4196 2641 4250 θανάτου
2677 4196 3024 4267 νομιζομένου
3065 4197 3261 4266 ἀτίμου
3286 4237 3299 4261 ,
3344 4194 3379 4248 ἃ
3423 4195 3702 4266 ὑπέμεινεν

2132 4288 2272 4359 ὑπὲρ
2296 4286 2618 4359 ἀνθρώπιον,
2654 4287 2868 4353 διδάξας
2909 4286 3003 4338 καὶ
3039 4287 3163 4348 τοὺς
3203 4283 3594 4356 ὑπηρετεῖσθαι
3641 4288 3698 4354 τῇ

455 4374 571 4414 sam
599 4363 846 4432 oppetiit,
876 4365 1076 4436 quique
1101 4367 1287 4423 docuit
1316 4383 1410 4424 eos
1438 4384 1574 4438 quos
1605 4370 1671 4423 ab
1721 4370 1874 4425 initio
1919 4386 2026 4426 suae

2130 4376 2445 4446 διδασκαλίᾳ
2477 4375 2640 4427 αὑτοῦ
2664 4377 2720 4427 ὲν
2750 4378 2812 4444 τῇ
2849 4376 2991 4445 ἀρχῇ
3021 4374 3357 4436 πεισθέντας,
3395 4373 3534 4443 μετὰ
3577 4372 3699 4426 πάν-

456 4453 717 4511 doctrina:
755 4457 1107 4515 administros
1146 4475 1271 4516 esse
1306 4463 1609 4530 persuasit,
1656 4463 1800 4519 inter
1848 4466 2031 4519 omnia

534 4730 647 4803 (41)
677 4732 966 4802 Ἔρχεται.
1001 4745 1107 4790 etc.
1142 4735 1219 4789 Ita
1251 4737 1538 4792 Philocalia
1571 4748 1624 4791 ct
1650 4750 1799 4795 recte
1850 4744 2034 4796 omni-

462 4816 552 4856 no.
590 4803 924 4882 Ilagsqhel‘ius
947 4808 1323 4882 et-Spencerus
1352 4824 1474 4882 cum
1500 4809 1751 4882 omnibus
1775 4825 1929 4882 mss.,
1954 4810 2039 4882 ἕρ·

460 4887 643 4944 χονται
669 4871 762 4921 ἐπὶ
800 4871 1186 4944 τὸίὰσκῆσαι...
1213 4877 1600 4940 καταλιπόντες
1631 4880 1756 4941 τοὺς
1793 4871 2031 4944 λοιπούς·

460 4939 552 5017 τὸν
571 4940 917 5017 Πλατωνικὸν
950 4939 1472 5017 ὑπερφρονήσαντες.

535 5010 649 5078 (4‘2)
688 5010 1259 5082 Ἀνθρωπικώτὲρονξ
1292 5019 1381 5069 Sic
1417 5017 1709 5070 Philocalia
1738 5020 2034 5073 manuscri-

462 5088 550 5203 pta
566 5095 666 5147 qua
683 5095 808 5133 usus
822 5091 903 5133 est
924 5082 1276 5138 llaasehelius.
1290 5085 1384 5137 Plu
1396 5086 1583 5140 localia
1604 5102 1731 5140 vero
1745 5088 2003 5156 impressa
2015 5128 2031 5155 ,

491 5148 824 5203 lmschelius.
841 5162 890 5203 et
914 5149 1217 5203 Snencerus
1234 5169 1353 5203 cum
1376 5157 1625 5203 omnibus
1647 5172 1796 5203 mss-_
1818 5157 2030 5203 ἀνθρω-

491 5148 897 5229 lmscltelius,_el_
914 5149 1217 5229 Spencerus
1234 5169 1353 5229 cum
1376 5157 1625 5229 erunibus
1647 5172 1798 5229 mss.,
1818 5148 2030 5229 ἆνθρωέ

462 5216 786 5297 πικώτατοντ
812 5216 1027 5297 ibidem
1058 5221 1365 5297 Philocalia
1386 5266 1401 5287 ,
1443 5216 1798 5296 ἀνθρωπίνως
1842 5216 2033 5297 ὁμόλο-

460 5289 861 5366 γοῦντα.],ἰι›ι).
896 5292 1025 5347 editi
1057 5307 1177 5347 cum
1202 5295 1452 5349 omnibus
1479 5289 1634 5361 mss.,
1671 5289 2029 5366 εὐγνωμόνως

460 5359 840 5429 ὁμολογοῦντα.

535 5430 648 5506 (ῥῷ)
677 5433 897 5506 Μόνον.
932 5432 1090 5506 Deest
1124 5433 1175 5486 in
1211 5433 1396 5506 codice
1428 5434 1618 5506 Regio.

534 5498 647 5574 (4})
692 5501 965 5574 ’Exetrwr
984 5503 1245 5574 μᾶλλον.
1282 5498 1757 5561 Ι)ιιι)ἰιοι’(;ιιὶειιιε
1782 5518 1849 5557 an
1892 5503 2030 5557 scri-

462 5568 692 5690 ligludnm
718 5575 810 5639 sit,
836 5568 1075 5638 ἐκείνους
1100 5572 1324 5645 μᾶλλον,
1356 5578 1451 5633 sed
1489 5590 1590 5643 ego
1639 5574 1777 5629 nihil
1830 5574 2026 5628 mutari

483 5653 489 5659 ·
548 5653 641 5690 ιω.
931 5656 935 5659 ·

483 5653 641 5691 [811111.
931 5656 935 5659 ’

2136 4487 2245 4524 των
2275 4468 2528 4523 κινδύνων
2555 4467 2646 4519 καὶ
2673 4466 2778 4518 τῶν
2820 4468 2908 4519 ἀεὶ
2949 4466 3411 4537 προσδοκωμένων
3443 4463 3697 4531 θανάτων,

2215 4742 2327 4814 (45)
2361 4742 2683 4814 Πιστεύων.
2713 4740 3052 4797 Ηωεειιοιίιιε
3075 4739 3507 4814 intextu‘habet
3547 4738 3697 4814 σπεύ-

2141 4809 2266 4876 δων,
2303 4809 2367 4865 ad
2412 4812 2706 4880 marginem
2736 4821 2915 4866 autem
2966 4809 3254 4880 πιστεύωνΣ
3301 4810 3608 4878 Spencerus
3653 4812 3694 4862 in

2145 4894 2292 4936 textu
2322 4876 2612 4944 πιστεύων,
2645 4884 2892 4952 adorant
2923 4897 3074 4943 vero,
3110 4876 3408 4952 ἑλπίζωνίή
3445 4880 3693 4952 σπεύδων.

2142 4954 2342 5007 Omnes
2367 4967 2519 5015 mss.,
2539 4950 2827 5013 πιστεύων,
2852 4950 2897 5004 si
2924 4951 3203 5019 except-ris
3226 4950 3579 5018 Anglic-anum
3602 4951 3697 5018 pri-

2143 5038 2286 5106 murn
2319 5025 2411 5091 qui
2438 5024 2599 5077 habet
2628 5020 2889 5074 σπεύδων.
2937 5018 3233 5075 Philoealia
3283 5021 3545 5088 impressa
3568 5060 3585 5087 ,
3621 5034 3698 5069 πι-

2137 5108 2361 5146 στεύων.
3105 5105 3108 5108 ’

2207 5162 2318 5232 (46)
2358 5161 2536 5229 ’Υπὲρ
2557 5160 2671 5229 τὴν
2705 5159 3064 5232 πλεομένην,
3100 5174 3205 5219 etc.
3236 5160 3455 5232 Dubitat
3479 5158 3694 5232 Guietus

2135 5228 2225 5283 an'
2252 5228 2719 5287 scribendum’sit
2757 5228 2882 5303 περὶ
2913 5228 3011 5302 τὴν
3054 5232 3380 5304 πλεομένην.
3410 5230 3527 5302 Ego
3576 5228 3696 5286 nihil

2138 5305 2456 5353 mutandum
2491 5316 2708 5355 censeo.

2208 5370 2321 5441 (47)
2354 5369 2747 5441 Τολμήᾳαντι.
2778 5370 2867 5441 Sic
2889 5369 3184 5425 Philocalia
3219 5381 3293 5426 ει-
3314 5384 3509 5441 omnes
3548 5369 3694 5424 codd.

2134 5455 2265 5495 mss.
2292 5453 2519 5508 excepto
2537 5440 2751 5495 Joliano
2776 5440 2866 5511 qui
2895 5443 2947 5493 in
2977 5450 3123 5495 textu
3151 5445 3309 5496 habet
3327 5440 3694 5511 εὑδοκήσαντι,

2134 5511 2204 5582 ad
2228 5509 3066 5582 ηιοτείηειηίινθνο,τολμήσαντι.
3097 5511 3436 5582 llmschelius
3459 5509 3521 5564 in
3534 5519 3692 5582 textu,

2129 5579 2482 5652 τολμήσαντι,
2522 5581 2586 5652 in
2621 5579 2859 5647 margine
2877 5579 3254 5652 ἐὺδοκήσᾳντι.
3302 5581 3609 5647 Spencerus
3642 5579 3690 5633 in

2132 5659 2303 5714 textu,
2346 5649 2717 5720 εὑδοκήσαντι·
2758 5652 2821 5705 ad
2862 5666 3035 5717 oram,
3069 5649 3412 5722 τολμήσαντι.
