3988 6156
283 223 388 274 677

1477 217 1754 276 comm
1789 215 2068 276 CELSUM
2109 217 2236 272 LIB.
2281 216 2323 270 ι.
3435 187 3540 283 6‘73

277 335 547 406 τολμῆσαι
573 333 923 406 ἀποδημῆσαι
955 333 1227 405 πανταχοῦ
1256 335 1352 404 τῆς
1382 336 1703 407 οἰκουμένης
1730 333 1856 405 ὑπὲρ

1975 333 2211 400 pericula
2235 331 2397 403 33o
2425 340 2735 402 mortesque
2761 335 3018 389 continuo
3051 337 3417 404 impendentes
3444 358 3542 394 au-

278 430 378 498 τῆς
411 427 516 480 τῶν
547 425 854 497 ἀνθρώπων
880 427 1190 499 σωτηρίας;

353 598 462 672 Εἶτ’
493 616 615 670 ἐπεί
649 634 814 688 φησιν
840 619 868 670 ὁ
900 617 1108 680 Κέλσος
1137 617 1326 680 αὐταῖς
1355 616 1582 681 λέξεσιν
1619 635 1638 668 ‹
1673 618 1737 669 Εἰ
1765 617 1863 687 μὲν

277 710 342 782 δὴ
381 709 694 778 θελήσουσιν
723 707 1109 780 ἀποκρίνεσθαί
1145 725 1256 778 μοι,
1291 709 1365 771 ὡς
1394 708 1455 760 οὐ
1490 708 1860 778 διαπειρωμέ-

277 819 354 871 νῳ
389 800 522 870 (48),
546 799 721 852 πάντα
740 799 848 870 γάρ
872 795 1008 863 οἶδα,
1041 799 1156 852 ἀλλ’
1177 800 1252 862 ὡς
1278 800 1334 865 ἐξ
1366 801 1481 852 ἴσου
1517 800 1730 853 πάντων
1763 817 1864 870 κη-

276 894 505 963 δομένῳ,
537 887 595 944 εὖ
625 891 692 944 ἂν
718 891 850 960 ἔχοι·
883 892 930 942 εἰ
960 891 1004 944 δ’
1033 892 1133 944 ούκ
1162 890 1522 961 ἐθελήσουσιν,
1557 891 1675 944 ἀλλ’
1709 891 1864 961 ὲροῦ-

278 1001 383 1045 σιν,
412 983 600 1052 ὥσπερ
622 981 862 1035 εἰώθασι·
885 982 975 1053 Μὴ
997 981 1234 1045 ἐξέταζε,
1259 983 1352 1035 καὶ
1380 983 1450 1034 τὰ
1473 982 1616 1052 ἑξῆς
1646 982 1860 1053 ἀνάγκη

275 1075 673 1139 αύτούς-ταῦτά
697 1092 756 1128 τε
786 1073 920 1142 (49),
953 1073 1105 1142 φησὶ,
1127 1070 1329 1137 διδάξαι
1373 1075 1509 1126 ὁποῖ’
1537 1075 1670 1127 ἄττα
1692 1074 1856 1138 ἐστὶν,

275 1169 311 1222 ἃ
345 1169 584 1235 λέγουσι,
622 1167 715 1219 καὶ
747 1167 939 1219 ὁπόθεν
975 1167 1231 1238 ὲρῤύηκε,
1274 1186 1292 1216 ι
1330 1167 1423 1218 καὶ
1456 1165 1523 1218 τὰ
1558 1166 1701 1236 ἑξῆς.
1759 1167 1861 1217 Λε-

275 1261 437 1312 κτέον
465 1259 520 1311 δὲ
547 1257 682 1328 πρὸς
709 1257 792 1321 τὸ,
820 1276 838 1306 ‹
867 1257 1047 1308 Πάντα
1068 1256 1174 1327 γὰρ
1199 1253 1332 1320 οἴδα,
1370 1276 1386 1306 ι
1419 1254 1861 1319 ἀλαζονικώτατα

274 1352 364 1404 ὑπ’
420 1349 581 1402 αὐτοῦ
631 1349 1155 1419 ἀποτετολμημένον·
1210 1349 1322 1411 ὅτι,
1365 1349 1520 1416 εἴπερ
1565 1346 1861 1414 ἀνεγνώκει

276 1442 518 1510 μάλιστα
547 1441 671 1502 τοὺς
705 1441 1004 1510 προφήτας,
1041 1439 1480 1508 ὁμολογουμένων
1526 1438 1862 1507 αἰνιγμάτων

272 1533 767 1603 πεπληρωμένους,
802 1532 894 1583 καὶ
917 1530 1088 1597 λόγων
1119 1534 1229 1592 τοῖς
1255 1529 1467 1591 πολλοῖς
1491 1529 1732 1595 ἀσαφῶν·
1767 1529 1860 1581 καὶ

275 1627 325 1676 εἰ
355 1624 632 1693 ἐντετύχει
665 1629 680 1645 ”
712 1627 829 1686 ταῖς
863 1623 1239 1691 εύαγγελικαῖς
1268 1621 1631 1692 παραϐολαῖς,
1666 1621 1756 1672 καὶ
1792 1623 1856 1691 τῇ

271 1714 437 1784 λοιπῇ
469 1715 561 1765 τοῦ
593 1713 757 1782 νόμου
785 1712 876 1764 καὶ
912 1712 1012 1780 τῆς
1053 1710 1348 1779 ’Ῐουδαῖκῆς
1380 1709 1615 1779 ἱστορίας
1645 1712 1851 1778 γραφῇ

271 1806 370 1858 καὶ
398 1807 522 1867 ταῖς
551 1803 656 1855 τῶν
688 1803 996 1855 ἀποστόλων
1031 1804 1233 1869 φωναῖς
1255 1818 1267 1830 ·
1321 1801 1414 1853 καὶ
1458 1801 1720 1867 ἀναγνοὺς
1769 1799 1858 1850 εύ-

271 1896 572 1966 γνωμόνως
601 1894 846 1947 ἐϐούλετο
868 1893 1123 1946 εἰσελθεῖν
1156 1891 1265 1962 (50)
1298 1895 1378 1955 εἰς
1399 1893 1489 1944 τὸν
1521 1891 1629 1945 τῶν
1663 1891 1857 1954 λέξεων

270 1987 422 2050 νοῦν,
458 1987 559 2038 οὐκ
592 1985 656 2038 ἂν
683 1984 852 2047 οὕτως
890 1983 1233 2055 ἐθρασύνετο,
1270 1984 1377 2036 οὐδ’
1413 1978 1556 2047 εἶπε,
1606 2003 1623 2032 ‹
1676 1984 1859 2036 Πάντα

271 2075 384 2144 γάρ
411 2070 546 2127 οἰδα.
591 2093 609 2124 ι
657 2075 742 2136 Ὠς
761 2075 868 2126 οὐδ’
903 2077 1061 2145 ἡμεῖς
1084 2074 1215 2145 (51),
1246 2077 1292 2126 οἰ
1327 2073 1536 2138 τούτοις
1593 2075 1860 2146 ἐνδιατρί-

271 2165 494 2234 ψαντες,
527 2164 772 2233 εἴποιμεν
805 2164 889 2227 ἂν,
929 2183 947 2214 ί
992 2164 1173 2217 Πάντα
1205 2163 1313 2234 γάρ
1344 2159 1477 2216 οἰδα·
1521 2183 1538 2214 ι
1577 2164 1701 2235 φίλη
1750 2164 1858 2234 γὰρ

270 2257 304 2325 ἡ
337 2255 582 2326 ἀλήθεια.
611 2253 801 2317 Οὐδεὶς
826 2254 979 2325 ἡμῶν
1013 2255 1144 2326 ἐρεῖο
1183 2274 1200 2306 ί
1243 2255 1426 2308 Πάντα
1455 2255 1563 2326 γὰρ
1594 2251 1709 2307 οἶδα
1743 2275 1760 2305 ι
1790 2254 1857 2326 τά

285 2347 632 2417 Ἐπικούρου·
674 2347 707 2416 ἦ
743 2345 1026 2416 θαρῤήσει,
1056 2347 1136 2398 ὅτι
1168 2345 1345 2399 πάντα
1377 2343 1482 2398 οἶδε
1515 2346 1583 2398 τὰ
1631 2346 1858 2399 Πλάτω-

273 2453 369 2501 νος
407 2439 537 2509 (52)
572 2438 842 2490 τοσούτων
875 2438 1049 2490 οὐσῶν
1081 2438 1385 2507 διαφωνιῶν
1420 2439 1512 2490 καὶ
1550 2431 1702 2507 παρά
1748 2441 1859 2500 τοῖς

270 2528 650 2599 διηγουμένοις
695 2527 850 2579 αὐτά.
911 2528 1006 2589 Τίς
1056 2529 1162 2598 γάρ
1210 2528 1350 2579 οὕτω
1401 2528 1605 2596 Θρασὺς
1650 2529 1853 2579 εἰπεῖν·

272 2619 466 2672 Πάντα
497 2617 605 2688 γὰρ
633 2613 749 2668 οἶδα
771 2616 839 2668 τὰ
869 2616 1100 2679 Στωϊκὰ,
1131 2616 1163 2686 ἢ
1194 2617 1369 2668 πάντα
1407 2616 1476 2666 τὰ
1504 2616 1863 2684 Περιπατητι-

273 2708 387 2769 κά;
423 2708 485 2758 Εἰ
523 2708 595 2777 μὴ
645 2707 750 2777 ἄρα
789 2706 870 2770 τὸ,
911 2726 928 2756 ‹
973 2707 1154 2758 Πάντα
1196 2705 1302 2775 γάρ
1330 2702 1464 2766 οἴδα,
1508 2725 1526 2756 ι
1566 2706 1672 2757 ἀπό
1701 2723 1860 2758 τινων

279 2794 515 2846 ἰδιωτῶν·
540 2793 877 2864 ἀναισθήτων
907 2792 1163 2855 ἀκούσας,
1197 2793 1296 2843 οὐκ
1325 2790 1726 2860 αἰσθανομένων
1764 2791 1862 2860 τῆς

274 2883 488 2936 ἑαυτῶν
513 2883 770 2952 ἀμαθίας,
794 2881 965 2953 ᾠήθη,
996 2881 1071 2944 ὡς
1094 2880 1354 2941 τοιούτοις
1383 2880 1718 2941 διδασκάλοις

273 2971 641 3043 χρησάμενος,
677 2972 855 3023 πάντα
885 2971 1202 3038 ἐγνωκέναι.
1238 2972 1395 3021 Δοκεῖ
1421 2969 1477 3021 δέ
1505 2987 1593 3039 μοι
1619 2970 1826 3022 τοιοῦτό

274 3077 330 3113 τι
367 3061 719 3129 πεποιηκέναι
748 3061 882 3130 (Si),
929 3062 1004 3124 ὡς
1046 3062 1098 3113 εἴ
1149 3078 1233 3122 τις
1264 3064 1328 3130 τῇ
1365 3061 1625 3131 Αἰγύπτῳ
1673 3063 1860 3131 ἐπιδη-

280 3152 481 3221 μήσας,
519 3150 644 3202 ἔνθα
669 3152 716 3202 οἱ
750 3153 844 3220 μὶν
870 3151 1181 3218 Αἰγυπτίων
1211 3153 1364 3220 σοφοί
1386 3151 1526 3204 κατά
1553 3155 1622 3204 τὰ
1651 3153 1857 3223 πάτρια

275 3242 581 3312 γράμματα
617 3241 784 3294 πολλὰ
830 3243 1171 3310 φιλοσοφοῦσι
1207 3244 1333 3313 περὶ
1363 3243 1469 3295 τῶν
1501 3247 1629 3314 παρ’
1680 3245 1859 3308 αὐτοῖς

276 3333 677 3402 νενομισμένων
707 3332 863 3386 θείων
895 3334 1026 3404 (55),
1059 3337 1106 3386 οἰ
1146 3335 1200 3387 δὲ
1235 3335 1437 3388 ἰδιῶται
1474 3335 1675 3405 μύθους
1708 3339 1858 3400 τινὰς

276 3423 612 3486 ἀκούσαντες
636 3416 710 3475 ὧν
735 3426 860 3486 τοὺς
890 3425 1082 3492 λόγους
1104 3427 1202 3477 οὐκ
1229 3426 1562 3491 ἐπίστανται,
1599 3428 1741 3497 μέγα
1772 3427 1857 3480 ἐπ’

277 3515 462 3576 αὐτοῖς
503 3516 821 3586 φρονοῦσιν,
871 3516 1005 3585 ᾤετο
1051 3515 1159 3586 (56)
1215 3517 1391 3570 πάντα
1437 3519 1504 3570 τὰ
1548 3517 1860 3585 Αἰγυπτίων

277 3604 614 3672 ἐγνωκέναι,
663 3607 775 3666 τοῖς
819 3605 1050 3668 ἰδιώταις
1104 3606 1280 3658 αὐτῶν
1334 3607 1712 3677 μαθητεύσας,
1767 3609 1860 3660 καὶ

281 3695 472 3766 μηδενὶ
501 3696 608 3747 τῶν
656 3698 844 3767 ἱερέων
878 3699 1170 3767 συμμίξας,
1210 3700 1328 3768 μηδ’
1360 3699 1469 3751 ἀπό
1507 3715 1649 3761 τινος
1682 3698 1860 3750 αὐτῶν

277 3785 344 3837 τὰ
397 3787 710 3853 Αἰγυπτίων
762 3789 1046 3860 ἀπόρρητα
1098 3789 1299 3860 μαθών.
1344 3791 1410 3841 Ἃ
1451 3786 1673 3842 δἐἷπον
1730 3792 1860 3860 περί

279 3876 590 3941 Αἰγυπτίων
642 3877 818 3945 σοφῶν
865 3895 925 3930 τε
975 3879 1069 3931 καὶ
1132 3879 1377 3939 ἰδιωτῶν,
1427 3880 1645 3933 δυνατὸν
1688 3882 1860 3933 εἰπεῖν

249 3966 395 4035 .(57)
427 3967 520 4018 καί¹
550 3967 679 4038 περὶ
706 3969 949 4037 Περσῶν,
987 3972 1114 4040 παρ’
1161 3965 1241 4032 οἷς
1289 3973 1392 4022 εἰσι
1439 3971 1689 4033 τελεταὶ,
1724 3989 1859 4040 πρε-

280 4055 604 4125 σϐευόμεναι
633 4057 728 4126 μὲν
748 4056 976 4124 λογικῶς
1000 4058 1101 4108 ὑπὸ
1129 4058 1235 4108 τῶν
1265 4059 1389 4127 παρ’
1435 4059 1614 4120 αὐτοῖς
1642 4057 1856 4123 λογίων,

282 4146 623 4216 συμϐολικῶς
667 4147 722 4199 δὲ
754 4148 1031 4216 γινόμεναι
1067 4147 1175 4215 (58)
1223 4148 1326 4199 ὑπὸ
1368 4147 1474 4199 τῶν
1520 4149 1647 4216 παρ’
1680 4149 1860 4209 αὐτοῖς

281 4237 492 4291 πολλῶν
526 4241 619 4291 καὶ
646 4239 1122 4308 ἐπιπολαιοτέρων.
1153 4238 1227 4290 Τὸ
1259 4239 1301 4290 δ’
1329 4239 1458 4290 αύτὺ
1484 4239 1576 4291 καὶ
1602 4241 1730 4310 περὶ
1754 4238 1858 4290 Σύ-

269 4345 413 4399 -ρων,
439 4332 530 4382 καὶ
573 4329 768 4392 Ἰνδῶν,
802 4330 894 4382 καὶ
926 4328 1032 4382 τῶν
1059 4329 1170 4382 ὅσοι
1203 4327 1297 4380 καὶ
1331 4325 1530 4398 μύθους
1561 4327 1654 4382 καὶ
1678 4328 1857 4399 γράμ-

284 4437 430 4490 ματα
462 4421 582 4492 ἔχου
593 4439 663 4484 σι,
693 4421 928 4475 λεκτέον.

359 4691 467 4761 (48)
513 4691 604 4755 Ὠς
631 4691 702 4742 οὐ
730 4689 1186 4758 διαπειρωμένῳ.
1219 4687 1308 4743 Sic
1334 4689 1681 4761 omneslibb.
1717 4689 1851 4744 editi

280 4770 339 4816 Et.
369 4759 500 4814 mss.
539 4761 826 4814 Philocalia
855 4776 982 4814 vero
1027 4761 1228 4813 omittit
1275 4759 1592 4827 particulam
1643 4761 1853 4828 negati—

284 4845 405 4886 vam
438 4831 524 4881 οὐ.

357 4897 470 4967 (49)
507 4897 695 4967 Ταῦτά
719 4916 800 4954 τε.
833 4897 1170 4967 Βοίιρτοιίιιεν
1196 4898 1323 4963 legit
1369 4899 1540 4954 ταῦτά
1577 4912 1660 4966 γε’,
1705 4898 1849 4967 quod

285 4966 481 5038 probo.
513 4966 629 5038 illo};
666 4969 822 5038 codd.
850 4969 1048 5036 Regius
1080 4977 1134 5021 et
1161 4966 1505 5038 Basileensis,
1537 4966 1847 5038 ὁπόθενὲῤ-

287 5033 479 5106 ρύηκε.
516 5034 722 5109 Reliqui
768 5053 902 5109 cum_
927 5033 1326 5109 editis,_rt:603v
1376 5038 1632 5109 ὲρῤύηκε.
1677 5033 1846 5109 Paulo

286 5104 406 5177 post
433 5104 597 5177 codd.‘
623 5104 753 5171 Reg.
791 5115 843 5177 et
872 5106 1216 5177 Basileensis,
1241 5109 1332 5159 ὑπ’
1373 5104 1543 5160 αὺτοῦ
1579 5107 1844 5177 τετολμη-

287 5174 462 5247 μένον.
511 5172 653 5247 Infra
677 5215 690 5237 ,
720 5177 785 5244 τῇ
820 5173 976 5245 λοιπῇ
1008 5176 1102 5228 τοῦ
1142 5177 1304 5247 νόμου
1325 5216 1341 5242 ,
1373 5177 1424 5230 in
1469 5178 1653 5230 iisdem
1687 5172 1842 5232 codd.

283 5241 434 5298 deest
459 5243 552 5297 τοῦ
585 5241 768 5311 νόμου.

354 5314 466 5384 (50)
495 5312 588 5366 Sic
611 5310 902 5384 Philoealia
930 5321 984 5384 et
1021 5327 1209 5384 omnes
1247 5315 1403 5370 codd.
1449 5329 1582 5368 mss.
1625 5323 1850 5382 excepto

284 5380 492 5438 Joliano
522 5384 612 5451 qui
640 5396 760 5435 eum
790 5380 1096 5451 llmschelio
1124 5391 1179 5436 et
1206 5384 1477 5451 Spencero
1505 5385 1666 5436 habet
1705 5402 1717 5436 :
1751 5380 1852 5448 τὰς

285 5450 723 5523 τῶνάποστόλων
752 5450 932 5520 φωνὰς
960 5453 1218 5519 ἀναγνοὺς
1242 5450 1595 5523 εὐγνωμόνως
1634 5452 1851 5506 ἐδύνατο

283 5521 559 5577 εἰσελθεῖν.

353 5593 458 5656 (51)
503 5593 595 5657 Ὠς
619 5590 744 5646 οὐδ’
772 5589 958 5661 ἡμεῖς.
988 5589 1180 5645 Guieto
1225 5592 1566 5646 scribendum
1611 5591 1842 5655 videtur,

284 5657 311 5707 ὃ
337 5661 440 5712 οὐδ’
469 5663 646 5731 ἡμεῖς,
677 5672 728 5716 et
757 5657 876 5730 post
901 5661 1147 5731 εἴποιμεν
1177 5661 1261 5724 ἄν,
1304 5663 1470 5716 deleri
1522 5661 1629 5714 vult
1667 5661 1842 5714 πάντα

1965 421 2090 474 dere
2112 435 2432 490 quocunque
2457 429 2722 475 terrarum
2748 422 3022 491 proﬁcisci
3041 425 3231 480 salutis
3257 427 3537 484 hominum

1964 510 2174 564 causa?

2035 642 2120 699 12.
2152 641 2465 712 Sequuntur
2499 645 2612 698 haec
2649 643 2789 699 Celsi
2828 647 2995 700 verba
3035 665 3048 700 :
3086 666 3104 698 ι
3153 647 3209 702 Si
3261 648 3389 702 mihi
3446 665 3539 705 re-

1961 736 2228 802 spondere
2250 736 2541 798 voluerint,
2564 752 2670 790 non
2697 752 2805 805 quo
2828 738 2969 791 seire
2993 754 3228 807 quaeram
3253 739 3382 809 quid
3413 757 3542 794 sen-

1965 825 2124 887 tiant,
2165 841 2289 878 nam
2326 827 2504 878 omnia
2551 828 2717 890 novi,
2761 829 2851 880 sed
2891 831 3014 896 quia
3062 832 3300 884 omnimn
3353 847 3536 898 parem

1963 929 2145 968 curam
2182 931 2329 984 gero,
2369 917 2507 969 bene
2533 916 2780 971 fecerint.
2817 919 2870 971 Si
2917 935 3046 972 vero
3079 921 3404 974 recusabunt
3453 922 3539 973 di-

1962 1017 2194 1073 centque
2220 1007 2361 1074 quod
2390 1007 2565 1060 solent
2600 1026 2612 1058 :
2647 1006 2765 1061 Noli
2797 1009 3116 1076 disquirere,
3147 1021 3276 1075 etc.,
3310 1026 3534 1065 necesse

1963 1105 2064 1158 est,
2096 1095 2291 1162 inquit,
2323 1105 2380 1150 ut.
2405 1097 2638 1149 doceant
2671 1097 2970 1165 cuiusmodi
3006 1101 3116 1152 sint
3163 1117 3281 1170 qua:
3319 1118 3538 1156 asseve-

1964 1193 2086 1236 rant
2116 1193 2169 1238 et
2199 1187 2341 1238 unde
2374 1187 2795 1249 dimanaverint,
2832 1197 2940 1241 etc.
2984 1209 3000 1240 ι
3040 1192 3117 1242 Ad
3151 1208 3269 1259 qua:
3298 1208 3398 1262 ego
3447 1209 3534 1247 re-

1963 1275 2224 1342 Spondeo,
2266 1279 2691 1343 arrogantissimi
2727 1279 2958 1331 hominis
2986 1295 3101 1333 esse
3130 1281 3308 1335 istud:
3344 1303 3362 1333 ‹
3404 1285 3535 1337 Om-

1965 1366 2052 1416 nia
2112 1365 2254 1416 novi.
2311 1386 2329 1416 ι
2385 1366 2540 1419 Certe
2591 1368 2634 1419 si
2687 1369 2979 1434 prophetas
3030 1372 3262 1423 maxime
3316 1372 3534 1441 legisset

1963 1454 2210 1518 refertos,
2227 1458 2466 1508 omnimn
2488 1459 2846 1521 confessione,
2865 1461 3147 1513 sententis
3171 1464 3536 1530 perobscuris,

1964 1548 2413 1615 sermonibusque
2447 1564 2736 1612 paucorum
2767 1551 2945 1616 captui
2980 1552 3433 1616 accommodatis;
3489 1557 3537 1608 si

1965 1637 2230 1705 Evangelii
2258 1639 2560 1705 parabolas,
2589 1639 2758 1706 legem
2817 1641 3206 1710 historiamque
3229 1641 3532 1707 Judaicam,

1961 1730 2439 1797 apostolorumqne
2463 1745 2740 1783 sermones
2768 1733 3074 1798 evolvisset;
3111 1745 3165 1786 et
3209 1734 3272 1786 iis
3301 1735 3534 1788 candide

1958 1819 2231 1886 perlectis,
2265 1819 2313 1870 iu
2346 1826 2577 1871 mentem
2613 1821 2896 1873 verborum
2930 1833 3212 1890 penetrare
3241 1823 3528 1887 voluisset,

1959 1921 2064 1958 non
2108 1907 2242 1959 adeo
2273 1907 2597 1975 superhiret,
2634 1917 2848 1965 tantave
2892 1913 3216 1965 conﬁdentia
3268 1914 3475 1967 diceret
3517 1932 3533 1967 :

1963 2015 1981 2047 ι
2024 1996 2222 2050 Omnia
2261 1999 2406 2051 novi.
2448 2017 2468 2050 ι
2506 1999 2560 2053 Id
2597 2016 2662 2053 ne
2690 2017 2786 2053 nos
2814 2002 3029 2068 quidem
3063 2004 3152 2070 qui
3186 2004 3236 2056 in
3271 2003 3335 2056 iis
3373 2006 3538 2059 rebus

1958 2104 2175 2156 cperam
2196 2091 2545 2158 studiumque
2567 2093 2976 2157 collocavimus,
3003 2095 3330 2156 diceremus.
3354 2115 3371 2146 ι
3401 2095 3534 2150 Om-

1960 2182 2045 2233 nia
2077 2183 2219 2233 novi.
2269 2199 2288 2231 ι
2326 2184 2513 2236 Amica
2558 2183 2700 2236 enim
2742 2193 2826 2236 est
2879 2186 3102 2238 veritas.
3150 2185 3334 2254 Neque
3389 2188 3538 2242 inter

1960 2285 2057 2323 nos
2082 2271 2365 2338 quisquam
2396 2281 2476 2326 est
2514 2274 2586 2325 ita
2635 2274 2916 2328 conﬁdens
2945 2283 3005 2327 ut
3039 2275 3183 2328 dicat
3215 2292 3274 2331 se
3314 2278 3530 2345 Epicuri

1959 2368 2051 2410 aut
2077 2357 2317 2413 Platonis
2347 2376 2506 2415 nosse
2539 2363 2718 2415 omnia
2743 2404 2757 2428 ,
2801 2378 2922 2417 cum
2973 2376 3254 2431 tantopere
3296 2367 3438 2420 inter
3475 2384 3536 2422 se

1961 2449 2268 2519 discrepent
2297 2451 2458 2503 etiam
2493 2451 2701 2506 illorum
2729 2453 3068 2523 interpretes.
3105 2455 3171 2507 Et
3205 2456 3326 2522 quis
3349 2455 3535 2511 dicere

1960 2539 2158 2592 audeat
2209 2556 2268 2593 se
2319 2540 2626 2595 Stoicorum
2673 2554 2767 2596 aut
2815 2545 3300 2612 Peripateticorum
3352 2548 3534 2600 onmia

1962 2630 2325 2695 cognoscere?
2348 2631 2453 2684 Sed
2487 2632 2717 2686 fortasse
2743 2634 2905 2700 istud,
2934 2653 2952 2683 ι
2983 2633 3174 2688 Omnia
3201 2637 3345 2698 novi,
3384 2656 3403 2688 ι
3435 2652 3533 2688 au-

1962 2718 2059 2771 diit
2084 2736 2147 2772 ex
2182 2721 2507 2788 quibusdam
2545 2723 2615 2776 ita
2655 2725 2905 2792 stupidis,
2945 2735 3004 2779 ut
3033 2741 3098 2779 ne
3129 2742 3280 2780 suam
3313 2730 3532 2796 quidem

1963 2806 2064 2874 ipsi
2095 2809 2454 2878 ignorantiam
2489 2813 2774 2877 sentirent;
2809 2825 2862 2866 et
2895 2817 3020 2883 quia
3053 2832 3181 2871 usus
3222 2827 3306 2871 est
3345 2818 3534 2887 hujus-

1964 2902 2105 2954 modi
2143 2904 2438 2972 magistris,
2471 2907 2572 2960 sibi
2617 2911 2797 2963 omnia
2849 2923 3131 2980 perspecta
3165 2927 3284 2967 esse
3330 2913 3526 2967 existi-

1829 2987 1857 3022 "
1885 3001 1933 3057 C-
1963 2994 2151 3048 mavit.
2184 2996 2335 3060 Quod
2366 2997 2506 3051 idem
2541 3000 2674 3053 mihi
2703 3015 2825 3055 esse
2861 3003 3092 3069 videtur,
3127 3019 3189 3057 ac
3223 3005 3266 3058 si
3316 3006 3441 3072 quis
3479 3005 3530 3057 in

1961 3083 2194 3155 Egypto
2226 3090 2605 3157 peregrinatus
2631 3133 2646 3157 ,
2688 3093 2777 3145 ubi
2809 3094 3082 3162 sapientes
3118 3096 3309 3164 patriis
3338 3096 3535 3151 litteris

1961 3177 2157 3229 eruditi
2192 3178 2356 3231 multa
2381 3180 2832 3244 philosoDhantur
2860 3185 2924 3237 de
2958 3185 3024 3237 iis
3052 3201 3170 3253 qu:e
3208 3189 3347 3254 apttd
3386 3187 3533 3254 ipsos

1962 3283 2113 3321 saera
2145 3279 2444 3337 putantur,
2486 3272 2679 3342 vulgus
2725 3282 2904 3328 autem
2962 3275 3282 3341 quibusdam
3333 3277 3533 3331 fabulis

1961 3359 2177 3420 auditis,
2232 3375 2462 3428 quarum
2513 3362 2842 3416 intellectum
2885 3366 3108 3419 minime
3148 3368 3320 3435 capit,
3371 3371 3534 3422 vehe-

1961 3457 2169 3499 menter
2191 3448 2754 3515 gloriatur,jmliearet
2782 3453 2882 3505 sibi
2904 3455 3180 3521 explorata
3209 3471 3328 3509 esse
3347 3459 3527 3510 omnia

1960 3537 2333 3605 Aigyptiorum
2368 3540 2647 3606 mysteria,
2685 3542 2934 3608 quamvis
2963 3542 3124 3607 hujus
3156 3545 3390 3612 regionis
3426 3547 3531 3598 im-

1962 3629 2163 3694 peritos
2197 3627 2461 3681 duntaxat
2485 3631 2766 3691 audiisset,
2800 3644 2899 3683 nec
2924 3647 3119 3683 arcana
3149 3633 3530 3701 mysteriorum

1963 3713 2170 3767 exullo
2202 3717 2544 3768 sacerdotum
2588 3726 2939 3782 percontatus
2979 3719 3187 3776 fuisset.
3241 3725 3372 3787 Qua:
3401 3737 3531 3778 vero

1963 3802 2070 3855 dixi
2103 3803 2170 3855 de
2194 3805 2532 3872 sapientibus
2565 3814 2618 3858 et
2655 3807 2720 3859 de
2753 3807 2956 3875 ignaris
3008 3809 3297 3880 Egyptiis,
3341 3813 3529 3868 eadem

1963 3891 2143 3946 dicere
2171 3893 2296 3948 licet
2322 3895 2388 3950 de
2423 3896 2622 3962 Persis,
2663 3899 2803 3966 apud
2838 3915 2974 3967 quos
3019 3911 3073 3955 et
3116 3906 3370 3973 mysteria
3404 3917 3530 3960 sunt

1962 4002 2079 4054 quae
2110 3997 2374 4042 curantur
2404 4003 2433 4042 a
2463 3990 2653 4056 peritis
2685 3991 2842 4054 viris,
2867 3993 2957 4060 qui
2988 3993 3300 4049 interiorem
3334 4012 3524 4051 eorum

1964 4077 2221 4130 rationem
2262 4087 2597 4148 perspectam
2638 4080 2877 4147 habent;
2913 4083 3039 4136 dum
3081 4085 3228 4152 plebs
3275 4087 3523 4154 imperita

1961 4182 2081 4234 qua:
2110 4178 2304 4235 praeter
2332 4184 2509 4223 rerum
2541 4170 2882 4237 superﬁciem
2914 4172 3044 4225 nihil
3072 4174 3251 4239 videt,
3301 4184 3526 4230 externa

1965 4267 2168 4311 tantum
2203 4260 2351 4327 signa
2385 4270 2748 4315 consectatur.
2779 4261 2921 4316 idem
2947 4265 3110 4317 etiam
3147 4264 3432 4319 dicendum
3460 4266 3526 4320 de

1963 4349 2130 4420 Syris,
2169 4353 2235 4405 de
2263 4350 2427 4416 indis,
2455 4360 2512 4405 et
2539 4353 2604 4405 de
2637 4354 2888 4406 omnibus
2913 4356 3048 4422 apud
3074 4371 3211 4425 quos
3254 4357 3449 4414 fabula:
3473 4369 3526 4416 et

1886 4458 1928 4510 ι)
1961 4441 2154 4496 littera:
2185 4442 2574 4498 reconditiores
2599 4443 2882 4501 habentur.

1960 4689 2068 4761 γὰρ
2100 4687 2216 4743 οἰδα
2244 4692 2516 4757 'tanquam
2551 4694 2815 4759 glossema
2846 4732 2861 4756 ,
2911 4691 3052 4759 quod
3108 4706 3137 4746 e
3179 4694 3424 4762 margine
3471 4696 3524 4751 in

1962 4771 2162 4814 textum
2204 4763 2502 4827 irrepserit.

2029 4830 2142 4898 (δὲ)
2173 4825 2492 4898 ϐοιΙξΙίρςη
2527 4830 2704 4898 πάντα
2744 4825 2850 4882 οἶδε
2878 4831 2969 4884 τοῦ
3002 4831 3306 4897 Πλάτωνος.
3339 4834 3523 4892 Codex

1955 4896 2295 4964 Basile'ensis,
2328 4896 2501 4952 πάντα
2533 4896 2649 4952 οἶδα
2673 4900 2740 4953 τά
2762 4901 3064 4964 Πλάτωνος.

1951 5038 1980 5090 λ
2023 4968 2134 5038 (55)
2162 4969 2342 5023 Codex
2373 4969 2614 5024 Jolianus
2641 4971 2708 5023 ad
2736 4986 2910 5036 oram,
2934 4973 3008 5036 ὡς
3033 4972 3241 5037 τούτοις
3270 4974 3524 5030 διδασκά-

1982 5055 2080 5090 etc.

1982 5055 2080 5099 οις.

2024 5106 2136 5177 (54)
2165 5107 2426 5182 Δοκεῖ
2449 5125 2551 5182 an
2578 5107 2851 5182 τοιοῦτρν
2877 5127 2931 5164 τι
2955 5113 3362 5182 πεποιηκέναι.
3397 5113 3524 5167 Πςιιο

1954 5178 2150 5232 absunt
2191 5195 2219 5230 a
2269 5178 2428 5232 codd.
2461 5178 2628 5246 Regio
2677 5189 2730 5231 et
2770 5179 3084 5239 Basileensi.
3118 5178 3173 5237 In
3227 5183 3521 5236 Philocalia

1957 5246 2326 5318 prqgozqﬁrov
2357 5247 2552 5318 legitur
2577 5249 2803 5302 τοιοῦτο.

2028 5315 2140 5402 (55)
2187 5315 2432 5402 Ριιιῃοολξ
2475 5320 2872 5402 νενομισμένων
2905 5320 3071 5402 θεῶν..
3112 5320 3312 5402 Ibidem
3357 5317 3520 5370 codd.

1960 5385 2158 5458 Regios
2181 5396 2241 5458 et
2272 5385 2615 5458 Basileensis;
2649 5385 2850 5458 μύθους
2875 5391 3024 5451 τινὰς
3048 5388 3355 5458 ἀκούοντες.

2024 5455 2134 5524 (56)
2164 5457 2351 5525 ᾭετο.
2381 5458 2546 5510 Codd.
2569 5452 2700 5528 Reg.
2726 5470 2782 5514 et
2803 5460 3152 5524 Basileensis,
3172 5456 3332 5520 ὥστε,
3359 5452 3519 5508 male.

2024 5525 2134 5580 (57)
2165 5529 2329 5580 Alias.
2360 5528 2506 5580 ἰδεῖν.

2045 5529 2134 5585 57)
2165 5529 2329 5585 Alias,
2360 5529 2506 5580 ἰδεῖν.

2023 5525 2134 5596 (57)
2165 5529 2329 5585 Alias,
2360 5528 2506 5580 ἰδεῖν.
2653 5525 2672 5528 “
3479 5589 3490 5601 .

2021 5597 2131 5664 (58)
2179 5597 2520 5664 Γινόμεναι.
2564 5597 2844 5651 Assentior
2895 5594 3086 5648 Cuielo
3146 5592 3519 5652 substituenu,

1949 5664 2364 5733 γινωσκόμεναι.
