3988 6156
338 316 442 369 637

1773 307 2095 363 ORlGENlS

3480 307 3584 363 688

340 438 657 507 sapientiam
710 439 921 507 probat,
960 446 1016 489 ut
1062 433 1365 489 llerennius
1411 431 1567 486 Philo
1610 430 1662 483 in
1712 444 1808 483 suo
1844 427 1905 479 De

2024 425 2221 495 μᾶλλόν
2273 442 2387 487 πως
2434 425 2507 489 ὡς
2555 427 2701 496 σοφῷ
2751 428 2828 498 τῷ
2881 429 3023 484 ἔθνει.
3076 430 3167 482 ἐπὶ
3204 427 3473 491 τοσοῦτον,
3509 430 3585 492 ὡς

340 528 549 583 Judwis
596 530 735 583 libro
781 529 990 581 dubitet
1050 526 1281 594 primum
1342 539 1409 577 an
1464 522 1610 576 illius
1664 520 1904 573 historici

342 622 606 691 scriptum
668 619 796 672 illttd
842 618 947 672 sit.
977 616 1170 668 deinde
1217 615 1402 676 addat,
1447 614 1714 682 siquidem
1766 609 1909 662 illius

343 728 477 781 opus
512 713 600 775 sit,
641 709 935 765 verisimile
966 722 1087 761 esse
1128 708 1275 761 illum
1317 706 1480 759 fuisse
1514 715 1729 774 captum
1766 703 1908 755 veri-

346 804 469 855 tatis
510 802 628 856 luce
672 817 833 869 quam
893 814 1001 868 prce
1056 814 1113 851 se
1157 807 1263 853 tert
1301 796 1606 851 Iudaeorum
1641 795 1906 857 doctrina,

344 894 529 962 illique
555 908 837 947 assensum
872 890 1187 959 praebuisse.

411 1070 497 1125 16.
545 1069 709 1122 Miror
777 1076 956 1121 autem
1018 1067 1111 1135 qui
1165 1065 1352 1121 Celsus
1404 1064 1663 1136 Odrysas,
1716 1073 1910 1116 hamo-

344 1162 599 1222 thracas,
655 1158 980 1219 Eleusinios,
1030 1157 1407 1225 Hyperboreos
1473 1156 1615 1209 inter
1655 1156 1909 1207 vetustis-

339 1253 507 1305 simas
542 1248 1081 1318 sapientissimasque
1120 1260 1307 1315 gentes
1355 1260 1677 1310 munerare,
1723 1256 1774 1297 et
1818 1243 1911 1299 Ju-

341 1341 472 1395 ἀλεῖς,
505 1353 681 1407 neque
733 1338 873 1389 inter
920 1337 1195 1405 sapientes
1246 1350 1418 1404 neque
1462 1335 1603 1388 inter
1657 1334 1910 1401 antiquos

342 1432 567 1501 populos
605 1429 779 1481 locum
811 1427 959 1492 dare,
1000 1428 1250 1495 dignatus
1275 1426 1461 1488 fuerit,
1499 1426 1710 1479 tametsi
1756 1425 1907 1478 inulti

342 1525 449 1577 sint
481 1519 750 1588 Egyptii,
798 1516 1087 1571 thnices
1129 1528 1184 1571 et
1217 1516 1419 1579 Grieiri,
1458 1517 1548 1583 qui
1601 1514 1908 1569 Judzeorum

343 1616 705 1669 testiiicentur
740 1610 1144 1679 antiquitatem.
1190 1607 1500 1678 Scriptores
1556 1609 1675 1661 illos
1723 1608 1910 1660 inutile

344 1707 509 1761 fuerit
550 1706 603 1757 in
655 1701 887 1756 medium
922 1699 1136 1763 atl‘erre,
1181 1716 1316 1769 quos
1354 1700 1405 1753 in
1450 1699 1657 1753 duobus
1691 1697 1906 1768 Josephi

344 1798 421 1853 De
454 1798 761 1851 Juda’orum
798 1796 1110 1862 antiquitate
1147 1766 1299 1846 libris
1338 1791 1512 1845 cuivis
1547 1793 1729 1845 videre
1764 1766 1906 1845 licet.
1945 1766 1985 1820 Β

344 1890 503 1961 335
532 1889 608 1943 lbi
638 1889 780 1942 enim
812 1886 965 1940 multi
1000 1886 1064 1939 ab
1112 1896 1329 1939 auctore
1360 1884 1451 1938 illo
1500 1870 1713 1938 Collecti
1759 1894 1907 1950 sunt,

344 1983 434 2051 qui
483 1979 789 2034 Judirorum
846 1975 1159 2043 antiquitati
1219 1974 1591 2028 testimonium
1647 1974 1907 2043 praebent.

346 2073 454 2125 Sed
493 2079 546 2126 et
582 2068 793 2123 Tatiani
841 2067 1076 2135 junioris
1114 2067 1164 2119 in
1214 2066 1453 2119 omnium
1492 2066 1739 2120 manibus
1785 2081 1910 2120 ver-

347 2174 495 2218 satur
537 2162 672 2216 liber
715 2160 973 2213 adversus
1005 2157 1255 2228 gentiles,
1301 2158 1353 2211 in
1393 2172 1501 2225 quo
1546 2157 1912 2213 eruditissime

347 2253 633 2307 historicos
680 2249 889 2319 profert
941 2248 1029 2316 qui
1087 2246 1399 2300 Judazorum
1441 2255 1496 2300 et
1542 2246 1738 2316 Moysis
1771 2247 1911 2300 antis

344 2345 609 2413 quitatem
642 2349 932 2395 testantur.
962 2338 1192 2393 Constat
1223 2338 1385 2406 igitur
1412 2335 1627 2391 Celsum
1662 2337 1775 2391 hate
1804 2353 1909 2392 non

348 2511 525 2564 nicum
557 2508 662 2560 diis
699 2505 858 2558 ﬁdem
887 2504 1190 2567 adhiberet,
1220 2511 1274 2557 et
1312 2514 1425 2556 tres
1456 2502 1625 2556 libros
1657 2501 1728 2555 De
1765 2501 1915 2555 Crit-

346 2596 523 2634 coriim
556 2579 737 2629 litibus
767 2576 1052 2643 scripsisse
1086 2575 1389 2642 profitetur,
1440 2571 1748 2643 Iudaeorum
1781 2573 1915 2625 obli-

351 2661 460 2714 tus,
492 2647 780 2700 Phoenices
811 2642 1179 2714 ct’IEgyptios
1230 2642 1587 2714 barbarorum
1637 2642 1909 2714 antiquis-

348 2710 516 2772 simos
547 2724 722 2770 vocat.
770 2710 1096 2767 Eorumil’em
1143 2712 1380 2778 dogmati
1429 2712 1494 2763 de
1541 2710 1725 2763 mundi
1758 2723 1911 2774 ortu,

348 2788 569 2850 ibidem,
599 2784 849 2847 assentit,
900 2780 1130 2849 Τοιαύτη
1177 2780 1272 2849 μὲν
1304 2779 1481 2831 αὐτῶν
1515 2781 1547 2850 ἡ
1587 2780 1914 2849 κοσμογονία

346 2858 602 2918 ἄντικρυς
632 2852 899 2921 ἀθεότητα
924 2851 1237 2921 εἰσάγουσαι
1289 2868 1306 2900 ι
1336 2850 1476 2917 quod
1507 2864 1721 2902 onmem
1759 2852 1915 2917 plane

348 2925 685 2982 divinitatem
716 2922 1069 2975 exterminat:
1095 2939 1112 2971 ι
1137 2921 1191 2973 Si
1230 2920 1342 2971 haec
1372 2929 1545 2971 tecum
1570 2920 1910 2986 cogitaveris,

350 2995 573 3047 minime
621 2990 945 3059 sperandum
977 2990 1217 3048 diceres,
1261 3001 1317 3040 ut
1362 2987 1915 3059 .ludiem'unrlaudes

350 3074 405 3117 et
432 3056 680 3116 encom'ia
719 3059 955 3126 aequiore
1005 3059 1186 3110 animo
1225 3058 1268 3109 is
1314 3058 1517 3117 tulerit,
1552 3058 1643 3123 qui
1690 3056 1909 3109 Phanii-

349 3148 471 3184 cum
500 3131 655 3195 nugis
679 3139 783 3181 tam
810 3127 1155 3193 pertinaciter
1181 3128 1501 3186 adha‘serat,
1529 3137 1691 3192 atque
1718 3142 1905 3181 omnes

354 3201 618 3267 reiecerat
644 3203 707 3251 de
738 3196 941 3267 Griecis
969 3195 1277 3267 numinibus
1303 3196 1783 3267 allegorias,gunde
1809 3196 1906 3267 ali-

351 3265 565 3335 qiialem
620 3282 731 3320 sum
791 3265 1034 3335 religioni
1102 3267 1349 3335 gratiam
1388 3265 1773 3335 conciliabant.
1823 3266 1904 3320 Ab

350 3333 663 3392 llelleuistis
711 3350 838 3389 vero
882 3333 1181 3401 antiquitus
1220 3333 1506 3385 confictam
1546 3333 1710 3387 fuisse
1745 3335 1899 3388 dicis.

353 3409 567 3468 Mirum,
597 3407 638 3459 si
684 3406 783 3459 hoc
810 3403 1011 3457 factum
1047 3403 1206 3457 fuerit
1237 3403 1380 3455 circa
1413 3413 1651 3470 tempora
1678 3403 1903 3457 Alexan-

345 3478 433 3532 dri
478 3485 532 3528 et
571 3474 839 3529 Ptolemaei
883 3473 1035 3543 Lagi.
1072 3474 1233 3543 Certe
1275 3472 1570 3526 Clearchus
1620 3472 1901 3539 Peripate-

348 3548 490 3601 ticus
515 3554 567 3599 et
596 3545 864 3613 Stagiritaa
890 3542 1183 3613 discipulus
1213 3549 1343 3613 tunc
1376 3544 1635 3613 temporis
1665 3543 1816 3602 vixit.
1847 3554 1902 3596 et

352 3617 403 3669 in
430 3616 565 3669 libro
596 3615 667 3668 De
693 3610 916 3673 somnio,
943 3610 1173 3666 liccattei
1203 3610 1424 3677 ejusque
1448 3610 1523 3663 De
1547 3612 1749 3664 Judazis
1781 3614 1899 3665 libri

350 3685 616 3750 meminit,
658 3694 818 3749 atque
858 3682 1085 3750 plurima
1133 3683 1200 3735 de
1228 3682 1415 3733 eodem
1453 3682 1721 3745 recitavit,
1754 3696 1903 3735 asse-

352 3768 478 3807 rens
506 3755 747 3805 eiiindem
786 3754 1115 3819 temporibus
1134 3752 1423 3819 Alexandri
1455 3751 1672 3816 vixisse,
1693 3762 1747 3804 et
1776 3767 1897 3803 cum

351 3822 639 3877 Ptoleinmo
656 3817 1039 3872 commoratum
1074 3836 1213 3874 esse.
1232 3817 1543 3888 FlJuseph.
1566 3821 1656 3873 lib.
1682 3836 1693 3872 I
1716 3830 1899 3874 contra

353 3892 623 3959 Apionem.
645 3888 796 3943 Unde
832 3891 1189 3957 sequitnriiec
1209 3890 1623 3954 institutionem,
1657 3906 1755 3943 nec
1772 3902 1902 3943 teta-

355 3972 486 4023 tem,
503 3960 549 4012 ei
574 3960 828 4017 obfuisse.
847 3961 1136 4028 quominus
1168 3960 1241 4011 rei
1263 3962 1543 4011 veritatem
1569 3961 1897 4028 exquireret,

353 4041 407 4081 -:t
441 4030 610 4095 pietas
643 4036 787 4080 vetat
815 4029 1059 4080 eumdem
1097 4027 1289 4080 frontis
1323 4029 1456 4080 adeo
1501 4027 1769 4095 perfrictis
1802 4030 1898 4082 lio-

352 4100 550 4151 minem
577 4106 848 4165 reputare,
864 4096 952 4163 qui
976 4112 1037 4151 ea
1056 4097 1338 4159 scriberet,
1355 4109 1581 4163 quorum
1612 4098 1897 4151 falsitatem

352 4184 539 4222 omnes
561 4169 1058 4232 redarguerent.Ad
1090 4168 1186 4223 has
1212 4167 1488 4234 angustias
1509 4167 1760 4221 redactus
1790 4167 1900 4221 for-

351 4254 445 4292 san
471 4238 713 4292 Clenrclii
743 4236 935 4288 librum
959 4236 1117 4290 simul
1144 4238 1438 4290 confictam
1464 4250 1583 4289 esse
1610 4237 1902 4291 calumnia-

352 4309 514 4362 beris.
537 4308 687 4373 Quod
719 4308 763 4359 si
784 4306 1014 4371 diceres,
1040 4316 1180 4358 tuam
1206 4307 1482 4376 detegeres
1508 4308 1895 4374 pervicaciam;

350 4386 425 4442 et,
444 4395 526 4431 me
546 4384 775 4436 tacente,
794 4388 926 4440 tcta,
947 4392 1107 4445 quam
1131 4378 1317 4439 tueris,
1333 4392 1491 4429 causa
1514 4378 1894 4432 collaberetur.

349 4447 550 4500 Eadem
589 4448 793 4499 ratione
824 4448 1033 4514 rejicias
1068 4446 1401 4515 Abydenuin.
1438 4446 1901 4515 Theophrastum,

351 4517 643 4579 Berosum,
704 4518 1060 4578 Numenium,
1106 4514 1492 4583 Eupolemum,
1538 4514 1900 4570 Alexandrum

353 4586 713 4653 l’olyliistora,
744 4583 1104 4647 Demetrium,
1152 4586 1505 4652 Artapanum,
1537 4586 1899 4653 Theodotum,

352 4655 667 4717 Chaarilum,
716 4653 1037 4717 Ezekielem,
1069 4664 1121 4707 et
1152 4656 1348 4708 multos
1383 4656 1537 4716 alios,
1570 4659 1660 4723 qui
1705 4658 1769 4709 de
1808 4654 1903 4709 Ju-

354 4726 483 4777 daais
509 4735 562 4775 et
591 4723 765 4788 plura,
793 4734 849 4775 et
878 4724 1270 4790 praestantiora,
1300 4740 1463 4790 quam
1494 4724 1792 4789 Hecataeus,
1826 4727 1905 4779 lit-

356 4793 489 4845 teris
520 4795 843 4844 mandarunt
871 4813 882 4846 :
916 4796 1200 4861 praedictos
1232 4797 1482 4860 equidem
1525 4792 1763 4847 Judaicze
1807 4811 1902 4847 an-

356 4862 622 4930 tiquitatis
676 4871 839 4914 testes
885 4867 951 4915 ab
999 4861 1308 4916 llellenistis
1359 4864 1617 4915 conliclos
1665 4864 1901 4927 diceres,

353 4945 515 5000 atque
544 4933 595 4983 in
628 4932 842 4984 eosdem
884 4932 1187 4987 ellunderes
1218 4933 1477 5000 quidquid
1522 4934 1620 4986 tibi
1653 4933 1818 4987 libido
1853 4945 1907 4988 et

354 5004 477 5055 bilis
529 5000 1148 5070 splendidasuggessit.
1194 5003 1248 5055 Si
1302 5017 1430 5053 vero
1483 5002 1595 5055 llLBC
1645 5004 1797 5056 bardi
1848 5014 1903 5058 et

353 5073 516 5139 inepti
563 5068 796 5141 hominis
822 5068 915 5141 (uti
951 5068 1037 5123 tuo
1070 5089 1215 5125 more
1247 5072 1454 5141 loquar)
1495 5075 1777 5141 castigatio
1817 5090 1902 5127 ve-

352 5150 479 5195 stra:
506 5140 789 5210 displiceat
820 5140 1101 5208 maiestati,
1131 5143 1280 5203 deos,
1313 5140 1447 5207 quos
1489 5143 1627 5194 inter
1650 5140 1713 5195 te
1738 5144 1902 5197 etiam

352 5210 598 5279 repOSui,
648 5213 699 5262 in
751 5211 929 5278 praelia
976 5213 1187 5265 ducam.
1229 5230 1246 5261 ι
1277 5212 1385 5263 Nec
1428 5214 1569 5265 enim
1626 5214 1905 5267 inniiileste

354 5284 456 5335 hoc
487 5283 621 5335 satis
656 5283 779 5333 inde
810 5281 1099 5349 colligitur,
1141 5286 1281 5349 quod
1320 5284 1529 5338 dicatur
1575 5281 1900 5337 llereuuium

351 5350 633 5405 Philonem
660 5353 725 5404 de
750 5365 914 5420 Opere
945 5366 1009 5405 eo
1043 5353 1333 5415 dubitasse,
1365 5362 1418 5403 tit
1452 5354 1541 5418 qui
1574 5354 1743 5406 solum
1772 5356 1874 5405 scri

351 5424 462 5486 hat,
495 5423 576 5475 vel
606 5436 708 5474 non
740 5437 859 5475 esse
895 5421 1123 5475 Hecataei
1156 5438 1308 5487 Opus,
1341 5424 1418 5474 vel
1451 5422 1757 5476 Judteot'um
1793 5424 1903 5488 pla-

349 5495 455 5545 cita
504 5492 779 5561 probasse.
808 5491 1061 5547 Fortasse
1092 5494 1253 5561 igitur
1291 5492 1594 5556 llecatieus,
1632 5510 1660 5545 ιι
1706 5493 1905 5546 διιιιειιιε

351 5577 662 5630 persuasus,
697 5564 969 5615 defecerat
998 5579 1026 5615 a
1070 5568 1321 5631 religione
1358 5564 1689 5628 Graecorum,
1724 5564 1766 5616 si
1800 5578 1903 5615 non

351 5646 403 5683 iii
455 5632 797 5693 universum,
842 5635 1031 5686 saltem
1082 5637 1369 5695 haeteiiiis,
1406 5645 1465 5688 ut
1516 5635 1683 5687 videri
1735 5637 1907 5703 possit

350 5703 675 5755 constitutus
700 5705 753 5755 in
786 5705 1018 5757 confinio
1061 5706 1407 5758 tenebrarum
1438 5720 1501 5759 ac
1530 5705 1683 5759 lucis.
1715 5702 1749 5755 ί
1779 5702 1903 5757 Han:

1935 4437 1977 4490 D
2010 4437 2222 4513 'l‘atiati.
2256 4442 2405 4498 Orat.
2432 4437 2852 4513 Comi-Erycina,
2886 4462 2937 4513 p.
2970 4445 3103 4509 1'72;
3128 4443 3325 4499 Justm.

2014 520 2107 570 καὶ
2140 517 2407 588 Ἑρέννιον
2446 517 2675 583 Φίλωνα,
2725 522 2781 571 ὲν
2826 522 2901 591 τῷ
2937 523 3073 589 Περὶ
3119 520 3411 574 Ἰουδαίων
3456 537 3584 589 συγ-

2011 610 2295 679 γράμματι
2319 608 2530 680 πρῶτον
2568 610 2665 678 μὲν
2696 611 3074 679 ἀμφιϐάλλειν,
3108 615 3155 664 εί
3188 613 3283 666 τοῦ
3315 614 3583 685 ἱστορικοῦ

2013 700 2126 751 ἐστι
2160 700 2219 750 τὸ
2256 697 2590 769 σύγγραμμα
2613 717 2624 728 ·
2678 699 2925 771 δεύτερον
2954 703 3007 754 δὲ
3048 704 3247 771 λέγειν.
3282 708 3392 769 ὅτι,
3428 708 3585 775 εἴπερ

2013 791 2157 842 ἐστὶν
2189 788 2371 849 αὑτοῦ,
2408 789 2552 851 εἰκὸς
2581 790 2741 843 αὐτὸν
2777 794 3149 862 ουνηρπάσθαι
3177 798 3282 849 ἀπὸ
3311 798 3409 866 τῆς
3439 798 3586 868 παρὰ

2024 880 2295 943 Ἰουδαίοις
2344 880 2717 950 πιθανότητος,
2749 883 2843 935 καὶ
2883 887 3401 951 συγκατατεθεῖσθαι
3439 887 3586 957 αὐτῷ

2011 972 2089 1043 τῷ
2112 972 2254 1041 λόγῳ
2284 972 2416 1042 (7

2082 1064 2354 1134 Θαυμάζω
2388 1064 2442 1115 δὲ
2478 1063 2593 1126 πῶς
2630 1065 2888 1134 Ὀδρύσας
2923 1066 3037 1134 μὲν,
3076 1067 3168 1119 καὶ
3199 1069 3582 1141 Σαμόθρᾳκας,

2015 1157 2106 1210 καὶ
2156 1156 2512 1217 Ἐλευσινίους
2544 1157 2637 1207 καὶ
2680 1156 3092 1227 Ὑπερϐορέους,
3128 1160 3185 1210 ὲν
3222 1163 3333 1222 τοῖς
3365 1162 3589 1231 ἀρχαιο-

2011 1251 2191 1310 τάτοις
2224 1249 2314 1300 καὶ
2343 1248 2670 1315 σοφωτάτοις
2698 1246 2884 1306 ἔταξεν
2918 1249 3125 1301 ἔθνεσιν
3146 1250 3173 1301 ὁ
3203 1250 3428 1317 Κέλσος,
3461 1253 3587 1313 τοὺς

2011 1341 2066 1392 δὲ
2111 1338 2396 1400 Ἰουδαίους
2438 1339 2536 1389 οὐκ
2567 1337 2796 1406 ἠξίωσεν
2840 1338 2961 1389 οὔτε
3008 1341 3087 1402 είς
3122 1341 3316 1407 σοφοὺς
3350 1341 3587 1410 παραδέ-

2015 1429 2223 1495 ξασθαι,
2250 1427 2373 1480 οὔτε
2405 1429 2481 1489 εἰς
2524 1427 2810 1497 ἀρχαίους·
2848 1426 3055 1478 πολλῶν
3104 1428 3417 1497 φερομένων
3459 1445 3585 1494 συγ-

2012 1520 2352 1591 γραμμάτων
2394 1518 2544 1588 παρὰ
2578 1516 2922 1585 Αἰγυπτίοις,
2958 1518 3050 1570 καὶ
3080 1518 3301 1581 Φοίνιξι,
3336 1519 3429 1572 καὶ
3464 1518 3587 1571 Ἕλ-

2013 1611 2168 1681 λησι,
2227 1610 2644 1681 μαρτυρούντων
2697 1608 2872 1662 αὐτῶν
2928 1612 2993 1680 τῇ
3048 1610 3393 1680 ἀρχαιότητι·
3442 1611 3585 1681 ἅπερ

2015 1703 2126 1773 ἐγὼ
2168 1702 2424 1772 περισσὸν
2454 1703 2749 1772 ἡγησάμην
2791 1697 2927 1753 εἶναι
2958 1701 3313 1772 παραθέσθαι.
3352 1704 3585 1757 Δυνατὺν

2013 1792 2121 1863 γὰρ
2180 1792 2269 1844 τὸν
2344 1791 2658 1861 βουλόμενον
2734 1791 3037 1857 ἀναγνῶναι
3098 1790 3165 1844 τὰ
3225 1794 3586 1863 γεγραμμένα

2011 1882 2222 1951 Φλαυῖῳ
2251 1881 2360 1948 (76)
2395 1880 2643 1948 Ἰωσήπῳ
2676 1879 2815 1945 Περὶ
2842 1876 2948 1945 τῆς
2990 1877 3109 1930 τῶν
3152 1878 3447 1933 Ἰουδαίων
3482 1882 3585 1948 ἀρ-

2012 1973 2322 2041 χαιότητος
2351 1973 2406 2021 ἐν
2456 1969 2601 2020 δυσίν
2633 1968 2776 2039 (77)·
2819 1968 2951 2019 ὅπου
3011 1966 3206 2037 πολλὴν
3261 1970 3583 2040 συναγωγὴν

2013 2064 2369 2134 συγγραφέων
2413 2063 2564 2131 φέρει
2612 2060 3024 2131 μαρτυρούντων
3065 2062 3131 2129 τῇ
3178 2059 3442 2115 Ἰουδαίων
3481 2064 3581 2134 ἀρ-

2013 2157 2276 2227 χαιότητι.
2307 2156 2417 2206 Καὶ
2454 2153 2716 2206 Τατιανοῧ
2763 2154 2871 2223 (78)
2905 2153 2960 2205 δὲ
2998 2155 3259 2224 νεωτέρου
3294 2155 3515 2225 φέρεται
3551 2156 3581 2205 ὁ

2016 2249 2147 2319 πρὸς
2177 2248 2438 2315 ’Έλληνας
2495 2245 2683 2313 λόγος,
2737 2244 3187 2313 πολυμαθέστατα
3229 2246 3581 2317 ὲκτιθεμένου

2013 2342 2136 2402 τοὺς
2186 2339 2571 2409 ἱστορήσαντας
2603 2336 2729 2407 περὶ
2760 2337 2857 2406 τῆς
2897 2337 3161 2390 Ἰουδαίων
3186 2339 3277 2391 καὶ
3306 2340 3581 2402 Μωῦσέως

2019 2494 2240 2548 Vossius
2290 2492 2378 2544 lib.
2412 2509 2422 2544 i
2458 2508 2579 2560 czip.
2607 2492 2690 2555 ll),
2731 2490 2805 2543 De
2828 2493 3017 2545 histor:
3055 2493 3282 2547 ercis:
3312 2514 3330 2545 ι
3366 2494 3580 2550 Scimus

2014 2566 2156 2617 enim
2198 2578 2263 2614 ex
2314 2561 2563 2616 lieentaeo
2608 2561 2822 2615 Juda'os
2872 2564 2971 2615 sub
3015 2564 3323 2617 Alexandro
3372 2576 3425 2616 et
3463 2566 3578 2631 ejus

2015 2634 2418 2687 successoribus
2443 2631 2755 2701 militasse.)
2788 2632 3029 2699 Scaliger
3054 2634 3104 2686 in
3136 2636 3275 2687 notis
3300 2635 3351 2686 in
3380 2635 3573 2701 fragm.

2014 2712 2123 2755 vet.
2148 2702 2349 2772 Graeci,
2370 2717 2489 2768 pag.
2516 2701 2607 2772 12:
2660 2718 2672 2751 i
2716 2699 2987 2767 Joseplius
3016 2716 3082 2756 ex
3114 2703 3384 2765 Hecataeo,
3413 2722 3429 2753 ι
3466 2699 3573 2760 etc.

2016 2772 2193 2825 lbid.:
2240 2788 2259 2821 ι
2290 2770 2420 2823 Nam
2471 2770 2641 2823 altare
2678 2772 2784 2823 hoc
2833 2773 3159 2839 descriptum
3205 2775 3271 2825 ab
3330 2774 3575 2825 llecatiro

2015 2842 2257 2893 dirutum
2311 2840 2407 2892 fuit
2451 2856 2477 2890 a
2526 2840 2660 2894 Juda
2714 2840 3083 2895 Macbabmoa
3129 2842 3259 2896 Ibid.
3300 2858 3421 2910 pag.
3450 2844 3519 2895 2t
3560 2864 3572 2875 -

2021 2928 2039 2960 ι
2075 2910 2230 2962 Vides
2259 2920 2458 2976 quanta
2499 2910 2659 2963 fuerit
2702 2909 3196 2978 Hierosolymorum
3233 2909 3575 2979 tirbs,’quain

2019 2981 2182 3032 totius
2221 2979 2455 3033 Orientis
2495 2990 2873 3032 ornamentnn‘i
2920 2993 3045 3032 vere
3092 2995 3289 3033 vocare
3327 2994 3575 3048 poterant

2017 3050 2210 3102 saeculo
2226 3050 2481 3114 llecatari,
2508 3050 2607 3101 hoc
2624 3060 2726 3111 est,
2746 3050 2900 3102 initio
2918 3049 3349 3103 Seleucidarum.
3374 3070 3392 3103 ι
3413 3052 3571 3105 lbid.:

1934 3108 1974 3163 C
2016 3137 2033 3169 ι
2062 3117 2183 3171 Fuit
2214 3118 2354 3172 enim
2399 3108 2634 3172 et'alius
2681 3108 2964 3171 llecatteus
3010 3121 3265 3183 Milesius,
3306 3119 3575 3175 Herodoto

2007 3190 2291 3251 vetustior,
2318 3189 2406 3256 qui
2439 3189 2655 3259 scripsit
2678 3188 2778 3241 sub
2803 3187 2964 3241 Dario
2996 3189 3272 3259 Hystaspis
3302 3189 3439 3253 ﬁlio;
3478 3193 3577 3245 iste

2007 3273 2139 3311 vero
2174 3259 2273 3311 fuit
2301 3270 2420 3312 ortu
2449 3265 2502 3310 et
2542 3258 2965 3329 domoAbderis
2987 3259 3038 3311 in
3079 3259 3332 3323 Thracia,
3369 3272 3574 3327 tenipo-

2008 3328 2498 3398 ribtis'Alexitndri
2552 3327 2729 3397 magni
2776 3337 2832 3381 et
2890 3327 3129 3383 Séleuci.
3169 3330 3400 3398 Scripsit
3442 3330 3574 3382 Ἰου-

2003 3396 2204 3449 δαῖκῶν
2257 3398 2453 3451 librum
2507 3396 2876 3466 singtilarein,
2910 3413 2972 3450 ex
3022 3414 3129 3466 quo
3178 3396 3574 3455 ιιοοάποσπα-

2007 3468 2232 3538 σμάτιον
2272 3477 2587 3534 excerptmii
2614 3465 2617 3466 ⁷
2642 3476 2797 3538 οειᾼιι
2837 3465 3110 3535 Joseplio;
3160 3469 3300 3536 quod
3357 3473 3571 3538 quidem

2006 3537 2125 3590 ideo
2174 3553 2555 3605 proposuimus
2615 3536 2809 3604 magis,
2853 3545 2909 3589 ut
2956 3554 3050 3599 ea,
3097 3555 3214 3606 qua:
3251 3539 3339 3591 hic
3373 3536 3570 3606 Scripta

2003 3616 2158 3677 sunt.
2202 3608 2251 3659 iii
2301 3618 2590 3674 conspectu
2631 3607 2885 3677 νοιιιιιίιιιιι
2937 3622 3116 3660 essent
3148 3648 3161 3667 ,
3213 3623 3373 3677 quain
3430 3612 3569 3677 quod

2004 3675 2165 3727 ullam
2204 3678 2590 3729 obscuritatem
2628 3676 2679 3727 in
2724 3690 2783 3728 se
2830 3678 3141 3730 haberent.»
3174 3675 3569 3744 Origenes—lib.

2006 3760 2020 3796 ι
2062 3746 2115 3797 in
2163 3744 2414 3798 Celsum:
2459 3748 2567 3797 Καὶ
2629 3746 2944 3809 Ἑκαταίου,
2992 3760 3097 3799 etc.
3153 3747 3344 3809 Vides,
3382 3748 3568 3811 lector,

2006 3824 2063 3866 ut
2108 3814 2378 3884 Juseplius
2428 3817 2627 3870 bellum
2676 3820 2849 3885 gessit
2892 3834 3014 3870 cum
3059 3819 3358 3887 Scaligero.
3401 3815 3565 3871 SPEN-

2003 3899 2125 3937 CER.

2074 3952 2376 4030 (75)nAt')?(;)
2400 3954 2479 4019 τῷ
2505 3955 2700 4030 λόγῳ,
2718 3956 2879 4030 Forte
2909 3957 3253 4030 scribendum
3288 3958 3465 4030 αὐτῶν
3492 3956 3569 4030 τῷ

2000 4022 2166 4098 λόγῳ,
2190 4023 2356 4077 Paulo
2390 4037 2507 4098 post
2543 4022 2638 4098 pro
2672 4026 3065 4098 Ὑπερϐορέους
3095 4034 3199 4080 duo
3231 4030 3389 4081 codd.
3429 4022 3563 4080 Vali-

2001 4110 2123 4166 Caiii
2156 4096 2357 4149 habent
2393 4095 2833 4166 Ὑπερϐοραίουςί.

2074 4164 2184 4233 (76)
2226 4165 2315 4217 δίο
2344 4164 2539 4219 omnes
2563 4164 2720 4220 codd.
2755 4182 2909 4229 inss.;
2941 4167 3071 4220 |ibb.
3096 4180 3226 4221 vero
3257 4167 3386 4221 editi
3421 4166 3561 4221 Φλα-

2000 4232 2122 4303 δίῳ.

2072 4300 2209 4375 (77)
2237 4304 2333 4355 Ἑν
2359 4302 2560 4375 ὁξυσίν,
2587 4314 2693 4359 etc.
2724 4304 2923 4358 Contra
2955 4306 3244 4375 Apionem,
3281 4307 3371 4371 qui
3406 4308 3564 4374 quin-

2005 4388 2111 4440 que
2158 4374 2323 4426 libros
2358 4374 2437 4427 De
2490 4375 2808 4444 .Egyptiaca
2864 4374 3088 4428 historia
3143 4378 3562 4429 coiiseriiserat.

2010 4442 2222 4496 'l‘atiati.
2256 4442 2405 4498 Orat.
2434 4443 2630 4497 Contra
2661 4456 2852 4498 deum.
2886 4462 2937 4498 υ.
2970 4393 3562 4498 172:1ustiii.l’ai'ieii.

3401 4464 3503 4500 arw
3511 4465 3541 4498 η
3550 4486 3562 4498 .

2007 4529 2059 4581 p.
2088 4512 2185 4575 10;
2220 4514 2385 4566 Clem.
2418 4512 2614 4566 Strom.
2651 4516 2743 4570 lib.
2770 4530 2808 4567 ι.
2849 4512 3109 4568 δρειιεειι.

2075 4581 2185 4653 (78)
2210 4583 2319 4634 Καὶ
2353 4583 2669 4645 Τατιανοῦ,
2702 4596 2807 4639 etc.
2844 4585 3053 4653 Euseb1
3075 4624 3089 4647 ,
3124 4584 3219 4638 lib.
3271 4600 3323 4638 tv
3361 4582 3557 4638 Eccles.

2005 4650 2303 4723 [iist.,'cap.
2338 4654 2406 4705 29
2444 4670 2471 4723 γε
2518 4653 2884 4723 Καταλέλοιπε
2913 4655 2967 4706 δὲ
2998 4650 3153 4717 οὗτος
3182 4653 3314 4706 πολύ
3346 4672 3398 4707 τι
3433 4656 3565 4723 πλῆ-

2003 4722 2094 4783 θος
2125 4717 2585 4795 συγγραμμάτων.
2622 4717 2720 4775 Ὧν
2757 4725 2987 4793 μάλιστα
3017 4725 3167 4795 παρὰ
3200 4724 3411 4787 πολλοῖς
3435 4717 3565 4795 μνη-

2008 4791 2597 4865 μονεύεταιῌδιαὸόητος
2627 4791 2790 4845 αὑτοῦ
2836 4795 2989 4862 λόγος
3030 4797 3057 4847 ὀ
3098 4791 3234 4865 πρὸς
3282 4791 3559 4865 ’Έλληναςέ

2004 4855 2124 4947 ἐν
2146 4862 2240 4913 καὶ
2257 4855 2642 4947 τωνηὰνέὴαθεγ
2656 4864 2855 4933 χρόνων
2879 4855 3277 4934 μνημονεύσας,
3299 4866 3406 4917 τῶν
3433 4855 3561 4947 παρ’

2007 4932 2259 5006 Ἓλλησιν
2289 4931 2854 5006 εύδοξι-ίμωνλὰπάντων
2881 4931 3213 5006 ’προγενέστε
3224 4952 3311 5004 ρον
3328 4931 3566 5006 Μωῦσέα

2003 5019 2061 5055 τε
2077 5040 2102 5076 _,
2132 5002 2226 5076 καὶ
2251 5003 2373 5076 τοὺς
2416 5002 2678 5069 Ἑϐραίων
2718 5002 3020 5076 προφήτας,
3068 5002 3361 5076 ἀπέφηνεν·
3416 5005 3564 5076 ὃςνδὲ

2005 5074 2098 5125 καὶ
2126 5071 2271 5123 δοκεῖ
2299 5072 2405 5124 τῶν
2429 5071 2870 5143 συγγραμμάτων
2888 5071 3155 5128 ’ἁπάντων
3186 5071 3351 5128 αὑτοῦ
3384 5074 3562 5128 κάλλι-

2007 5143 2128 5203 στός
2184 5158 2243 5215 τε
2289 5144 2382 5195 καὶ
2424 5142 2839 5213 ὠφελιμώτατος
2896 5146 3177 5215 ὑπάρχειν.
3216 5164 3234 5196 ι
3273 5148 3561 5198 Maxnnuiii

2007 5224 2153 5266 certe
2185 5212 2447 5266 librorum
2486 5212 2770 5267 numerum
2810 5218 2875 5268 ab
2907 5232 2970 5269 eo
2999 5212 3239 5268 relictum
3272 5230 3390 5269 esse
3430 5231 3559 5267 cou-

2008 5294 2134 5336 stat.
2163 5281 2240 5335 Ex
2272 5285 2466 5350 quibus
2493 5286 2767 5351 praecipue
2795 5286 3082 5339 multorum
3116 5287 3423 5338 lCSlilllOlllO
3447 5286 3559 5336 lau-

2005 5354 2418 5425 daturinsigiiis
2451 5355 2539 5406 ille
2569 5355 2829 5425 adVersus
2876 5357 3107 5421 gentiles
3151 5355 3283 5409 liber
3317 5372 3328 5407 :
3365 5358 3417 5408 in
3451 5369 3558 5425 quo

2010 5424 2252 5496 repetitis
2270 5425 2468 5489 prioris
2485 5424 2582 5496 arvi
2616 5426 2968 5491 temporibus,
2992 5425 3225 5496 Moysem
3254 5435 3308 5479 et
3339 5436 3565 5496 cieteros

2012 5493 2359 5546 Hebraeorum
2388 5494 2677 5561 prophetas
2699 5535 2713 5559 ,
2742 5495 2994 5549 omnibus
3037 5493 3126 5564 qui
3170 5497 3310 5563 apud
3347 5495 3564 5551 Graecos

2010 5564 2347 5615 Ct'leL‘l’l‘lllll
2379 5572 2730 5627 exstiterunt,
2765 5568 3089 5620 vetustiores
3133 5565 3303 5620 fuisse
3340 5566 3565 5619 convin—

2008 5636 2099 5683 cit.
2151 5635 2250 5705 Qui
2304 5636 2519 5700 quidem
2555 5635 2709 5696 liber,
2743 5636 2987 5688 omnium
3020 5652 3156 5705 quos
3203 5637 3288 5689 ille
3324 5638 3566 5705 scripsit.

2009 5704 2441 5772 elegantissimus
2498 5705 2659 5758 simul
2700 5716 2860 5773 atque
2906 5707 3224 5760 titilisimus
3270 5704 3479 5759 videtur
3539 5721 3559 5754 ο
