3988 6156
371 269 472 327 69!

371 487 557 554 culpat
593 501 688 542 eos
717 489 806 556 qui
840 485 1152 555 tropologiis
1200 493 1252 538 et
1298 482 1576 554 allegoriis
1609 484 1728 538 illos
1767 486 1938 539 inter-

373 586 679 646 pretantur.
705 576 801 631 Hie
829 576 1022 630 merito
1051 575 1172 643 quis
1203 574 1646 645 rogetegreginm
1682 573 1831 627 illum
1852 575 1943 626 ho-

377 668 576 723 minem
605 674 658 720 et
684 681 836 723 suum
872 665 1065 718 librum
1096 681 1115 714 α
1144 662 1269 718 Veri
1304 666 1578 720 sermonis
1612 684 1631 717 ι
1664 664 1818 719 titulo
1849 679 1940 718 or-

373 768 590 812 nantem
619 772 633 809 :
658 755 818 822 Quid,
840 769 872 807 ο
895 755 1064 808 bone!
1095 754 1246 818 deos,
1277 756 1369 823 qui
1395 757 1445 809 in
1473 755 1606 810 tales
1637 755 1942 810 inciderunt

373 864 533 904 casus
561 847 750 915 quales
782 845 1056 913 sapientes
1087 845 1158 898 tui
1195 855 1370 913 poetae
1397 861 1461 900 ac
1510 846 1818 915 philosophi
1847 847 1942 900 de-

369 939 630 1004 scribunt,
650 936 740 1004 qui
765 934 1174 989 detestabilibus
1198 936 1476 1004 spurcitiis
1501 950 1558 990 se
1582 936 1940 1002 fmdaverunt,

368 1027 457 1094 qui
485 1040 605 1080 cum
635 1026 748 1080 suis
773 1025 1088 1094 parentibus
1121 1024 1257 1079 bella
1294 1034 1603 1095 gesserunt,
1629 1027 1722 1094 qui
1753 1041 1939 1080 eorum

366 1116 542 1170 virilia
568 1125 1006 1186 amputaverunt,
1037 1115 1286 1185 gloriaris
1315 1116 1440 1170 talia
1470 1119 1757 1172 memorari
1783 1132 1943 1172 ausos

368 1219 508 1272 esse,
560 1215 937 1274 perpetrasse,
996 1205 1317 1272 pertulisse;
1359 1222 1386 1258 ιι
1420 1205 1602 1276 Moyse
1632 1215 1809 1260 autem
1844 1209 1941 1260 de-

370 1303 558 1362 ceptos
589 1305 644 1349 et
675 1295 725 1349 in
754 1311 1000 1351 errorem
1028 1296 1282 1350 inductos
1317 1305 1477 1365 putas
1503 1297 1594 1366 qui
1618 1312 1678 1352 se
1711 1297 1826 1366 ejus
1860 1297 1938 1352 le-

371 1386 531 1456 gibus
575 1387 892 1452 subdidere,
923 1387 1171 1456 quamvis
1215 1387 1304 1440 ille
1335 1402 1435 1441 nec
1465 1388 1532 1442 de
1564 1389 1701 1452 Deo,
1741 1403 1839 1442 nec
1874 1390 1941 1443 de

371 1477 581 1546 angelis
608 1477 809 1531 similia
841 1477 1140 1546 scripserit,
1172 1478 1278 1531 imo
1310 1477 1478 1530 multo
1503 1477 1709 1533 leviora
1740 1481 1940 1535 dixerit

369 1573 434 1624 de
464 1572 777 1628 hominibus
798 1571 821 1624 ?
871 1572 1042 1626 Nemo
1070 1574 1212 1627 enim
1246 1574 1300 1627 in
1335 1573 1478 1627 illius
1502 1573 1656 1628 libris
1697 1585 1780 1628 est
1804 1614 1818 1640 ,
1848 1575 1940 1644 qui

371 1663 480 1717 tale
509 1662 639 1730 quid
673 1677 837 1718 ausus
869 1663 961 1726 sit,
994 1664 1152 1732 quale
1176 1663 1448 1718 Saturnus
1481 1672 1670 1717 contra
1705 1663 1937 1727 Caelum,

1800 268 2118 325 ORIGENIS

444 392 609 465 336
664 396 749 448 l7.
800 394 987 451 Postea
1040 393 1360 449 criminatur
1400 391 1596 465 Moysis
1644 393 1851 459 libros,
1889 397 2021 452 οιΑ

3513 271 3616 328 692

2147 394 2233 450 Ἐν
2272 389 2328 446 δὲ
2362 398 2472 454 τοῖς
2510 387 2664 457 ἑξῆς,
2715 394 3029 466 κατηγορῶν
3051 395 3145 465 τῆς
3160 393 3435 456 Μωῦσέως
3471 395 3608 447 ἱστο-

2049 486 2189 555 ρίας,
2205 487 2440 538 αἰτιᾶται
2463 487 2586 548 τοὺς
2600 484 3056 556 τροπολογοῦντας
3073 486 3164 540 καὶ
3185 485 3611 556 ἀλληγοροῦντας

2045 575 2237 646 αὑτήν.
2274 573 2383 630 τΗν
2435 577 2478 630 δ’
2523 577 2588 631 ἂν
2616 580 2789 631 εἰπεῖν
2825 578 2959 649 πρὸς
2992 579 3082 630 τὸν
3107 577 3481 646 γενναιότατον
3517 577 3603 629 καὶ

2051 684 2070 716 ι
2113 667 2307 739 Ἀληθῆ
2344 669 2503 737 λόγον
2533 688 2551 721 ι
2581 669 2956 740 ἐπιγράψαντα
2975 670 3035 721 τὸ
3059 669 3252 722 ἑαυτοῦ
3285 668 3503 738 βιϐλίον’
3542 671 3588 721 Τ
3590 676 3601 723 ι

2043 759 2270 829 δήποτε,
2293 755 2337 814 ὦ
2380 753 2556 823 οὗτος,
2586 760 2741 822 Θεοὺς
2770 759 2865 830 μὲν
2890 758 3240 829 τηλικαύταις
3260 757 3608 829 περιπίπτον-

2045 865 2144 912 τας
2196 852 2500 920 συμφοραῖς
2525 889 2539 912 ,
2568 847 2755 911 ὁποίας
2805 848 3203 920 ἀναγράφουσιν
3240 846 3289 899 οἱ
3321 846 3474 915 σοφοί
3517 863 3610 899 σου

2047 942 2269 1012 ποιηταὶ
2287 941 2380 994 καὶ
2405 941 2700 1010 φιλόσοφοι,
2720 939 2814 993 καὶ
2838 940 3052 1009 ἐναγέσι
3081 939 3257 1009 μίξεσι
3278 940 3608 1009 χρωμένους,

2048 1033 2142 1087 καὶ
2171 1032 2312 1086 κατὰ
2354 1032 2459 1084 τῶν
2484 1032 2731 1102 πατέρων
2767 1031 3256 1102 στρατευομένους,
3302 1030 3397 1083 καὶ
3429 1032 3497 1084 τὰ
3531 1035 3612 1085 ai-

2046 1123 2163 1176 δοῖα
2186 1122 2362 1175 αὐτῶν
2387 1123 2804 1192 ἀποτέμνοντας,
2840 1121 3178 1191 σεμνολογεῖς
3203 1122 3609 1193 ἀναγεγράφθαι

2043 1215 2109 1268 τὰ
2143 1214 2448 1285 τηλικαῦτα
2487 1213 2880 1284 τετολμηκέναι
2906 1253 2920 1276 ,
2968 1214 3059 1266 καὶ
3103 1213 3492 1283 πεποιηκέναι,
3519 1215 3612 1265 καὶ

2044 1306 2389 1360 πεπονθέναυ
2439 1307 2566 1360 ὅταν
2599 1305 2656 1358 δὲ
2687 1306 2925 1376 Μωῦσῆς
2951 1306 3022 1375 μὴ
3056 1307 3180 1376 περὶ
3206 1305 3342 1356 Θεοῦ
3389 1307 3609 1360 τοιαῦτα

2044 1399 2200 1469 λέγῃ,
2239 1398 2375 1452 ἀλλὰ
2405 1399 2527 1469 μηδ’
2559 1398 2802 1466 ἀγγέλων
2846 1398 3054 1472 ἁγίων,
3073 1399 3198 1466 περὶ
3228 1397 3283 1449 δὲ
3314 1397 3610 1469 ἀνθρώπων

2041 1492 2222 1564 ¹πολλῷ
2261 1492 2540 1547 ἐλάττονα·
2581 1493 2775 1562 (οὐδεὶς
2817 1491 2924 1562 γὰρ
2956 1493 3084 1561 παρ’
3114 1491 3261 1560 αὐτῷ
3297 1491 3607 1561 ἐτόλμησεν,

2043 1584 2142 1636 ὅσα
2167 1584 2373 1654 Κρόνος
2407 1582 2549 1636 κατὰ
2590 1581 2682 1634 τοῦ
2715 1581 2988 1651 Ούρανοῦ,
3024 1580 3142 1633 οὐδὲ
3171 1581 3269 1633 ὅσα
3301 1583 3432 1645 Ζεὺς
3473 1583 3610 1634 κατά

2044 1673 2136 1726 τοῦ
2172 1674 2395 1743 πατρός·
2427 1673 2534 1726 οὐδ’
2565 1674 2646 1725 ὅτι
2673 1675 2736 1742 τῇ
2767 1672 2958 1724 ἑαυτοῦ
2993 1671 3220 1742 Θυγατρὶ
3260 1673 3288 1723 ὁ
3321 1672 3495 1743 πατὴρ
3523 1674 3614 1726 ἀν-

370 1763 465 1806 aut
492 1752 702 1823 Jupiter
733 1765 922 1809 contra
955 1764 1181 1824 patrem.
1219 1755 1334 1810 Non
1367 1765 1445 1810 est
1490 1755 1629 1823 apud
1659 1755 1807 1813 illum
1841 1772 1939 1824 pa-

2051 1765 2184 1838 δρῶν
2212 1783 2271 1816 τε
2305 1764 2440 1817 θεῶν
2468 1782 2524 1817 τε
2551 1763 2914 1834 συνελήλυθε·)
2938 1762 3144 1833 πλανᾷν
3166 1763 3440 1833 νομίζεται
3472 1765 3612 1832 ἡπα-

373 1858 456 1900 ter
479 1847 866 1916 hominumque
902 1849 1203 1916 deumque,
1238 1849 1328 1916 qui
1375 1863 1497 1902 eum
1550 1848 1771 1918 propria
1831 1847 1938 1901 iilia

371 1938 747 1992 concubuerit.
770 1936 898 1991 Mihi
930 1938 1144 1993 videtur
1169 1939 1356 1993 Celsus
1403 1939 1534 2008 quid
1578 1940 1717 1993 idem
1763 1939 1941 1994 facere

370 2043 438 2082 ae
460 2027 902 2099 Thrasymachus
939 2029 1026 2085 ille
1054 2029 1398 2094 Platonicus,
1455 2031 1545 2099 qui
1586 2031 1800 2086 nolebat
1837 2031 1938 2084 So-

373 2129 578 2174 cratem
632 2121 697 2174 de
742 2118 950 2188 iustitia
991 2121 1318 2190 respondere
1361 2122 1503 2189 quod
1560 2121 1606 2175 is
1637 2121 1936 2176 voluisset:

376 2227 397 2260 ε
444 2209 608 2276 Cave,
641 2211 945 2279 inquiebat,
977 2212 1118 2280 quod
1153 2211 1288 2268 utile
1331 2223 1440 2276 est,
1476 2211 1528 2266 id
1569 2222 1661 2266 aut
1695 2211 1901 2279 justum
1925 2253 1938 2276 ,

372 2312 465 2355 aut
484 2303 874 2368 necessarium,
908 2312 999 2357 aut
1030 2303 1161 2373 quid
1194 2304 1377 2358 simile
1401 2303 1572 2359 dicas.
1610 2322 1629 2356 ›
1659 2304 1792 2357 Nam
1817 2304 1940 2360 Cel-

370 2411 464 2450 sus
486 2397 676 2451 eodem
717 2397 901 2464 modo,
937 2406 1222 2467 postquam
1253 2398 1550 2453 insectatus
1579 2406 1663 2452 est
1691 2438 1703 2462 ,
1738 2405 1796 2450 ut
1840 2397 1939 2452 sibi

371 2490 605 2554 videtur,
657 2488 926 2544 Mosaieas
955 2491 1253 2555 historias,
1308 2505 1512 2558 eosque
1562 2489 1802 2560 culpavit
1848 2489 1940 2558 qui

375 2581 493 2635 illas
526 2580 805 2650 allegoriis
833 2581 1138 2650 explicant,
1167 2581 1440 2646 impertita
1479 2590 1659 2635 tamen
1707 2582 1789 2635 eis
1824 2595 1942 2633 ma-

325 2664 328 2668 ’
368 2673 510 2738 juris
533 2671 802 2740 aequitatis
828 2671 1007 2735 laude,
1053 2670 1302 2741 prohibet
1333 2670 1779 2726 accusationibus
1803 2671 1939 2734 suis,

377 2776 444 2814 ne
481 2762 573 2831 qui
602 2769 857 2829 possent,
891 2760 1183 2815 defendant
1223 2769 1282 2813 ut
1316 2759 1536 2825 vellent,
1582 2771 1637 2814 ct
1671 2769 1828 2830 prout
1859 2775 1944 2814 re-

375 2867 493 2906 rtun
524 2865 714 2906 natura
747 2852 1004 2920 postulat.

445 2944 533 3000 18.
565 2943 670 2999 Sed
701 2958 1062 3012 provocemus
1096 2943 1246 2996 illum
1297 2944 1362 2997 ad
1410 2941 1579 2996 libros
1625 2955 1748 2995 cum
1791 2939 1944 2994 libris

377 3033 792 3088 conferendum.
824 3035 936 3102 Age
958 3074 972 3099 ,
1009 3033 1185 3100 Celse,
1224 3033 1411 3100 profer
1442 3032 1494 3085 in
1531 3032 1769 3084 medium
1801 3028 1940 3094 Lini,

378 3123 820 3193 Musaei,Orpbei
851 3132 1120 3192 poemata,
1164 3134 1218 3178 et
1258 3123 1592 3192 Pherecydis
1636 3122 1939 3176 historiam.

373 3217 638 3287 Compara
677 3220 790 3272 haec
825 3217 1026 3285 scripta
1055 3231 1174 3270 cum
1215 3215 1413 3284 Moysis
1443 3213 1651 3283 legibus
1677 3255 1691 3278 ,
1728 3213 1944 3266 illorum

374 3312 637 3366 historias
657 3326 776 3365 cum
795 3310 913 3380 ejus
936 3307 1204 3372 historiis,
1249 3306 1488 3362 morales
1523 3306 1736 3360 illorttm
1787 3319 1947 3372 regu-

376 3405 456 3458 las
490 3418 609 3459 cum
639 3405 761 3473 ejus
789 3403 998 3471 legibus
1030 3410 1084 3456 et
1129 3400 1435 3470 praeceptis.
1494 3397 1788 3454 Considera
1825 3405 1946 3450 utra

375 3497 487 3550 sola
517 3497 748 3552 lectione
779 3494 1053 3548 auditores
1081 3508 1106 3544 a
1142 3491 1288 3545 vitiis
1317 3504 1576 3554 avocare,
1602 3496 1722 3541 utra
1751 3487 1803 3539 in
1828 3500 1947 3554 pra-

377 3603 500 3641 vum
532 3588 786 3642 indurare
822 3587 992 3657 magis
1041 3583 1276 3637 valeant.
1311 3581 1375 3635 Et
1399 3582 1581 3634 animo
1624 3588 1800 3634 tecum
1848 3591 1944 3632 co-

376 3677 485 3746 gita
512 3685 634 3731 tuos
669 3676 791 3732 illos
817 3677 1116 3744 scriptores
1149 3673 1350 3728 nullam
1377 3687 1515 3741 pene
1541 3669 1845 3739 vulgarium
1880 3669 1949 3721 le-

378 3777 586 3819 ctorum
623 3767 879 3822 habuisse
911 3767 1177 3820 rationem
1204 3805 1218 3828 ,
1269 3764 1361 3818 sed
1397 3778 1550 3816 suam
1607 3761 1674 3815 iis
1711 3761 1840 3815 solis
1893 3768 1951 3814 ut

380 3871 544 3910 vocas
568 3856 968 3925 philosophiam
987 3856 1293 3924 scripsisse,
1328 3854 1420 3922 qui
1450 3853 1767 3923 tropologiis
1795 3851 1943 3905 illam

384 3947 778 4016 allegoriisque
810 3947 1156 4014 interpretari
1184 3948 1412 4000 scirent.
1452 3944 1520 3998 At
1555 3944 1766 4016 Moyses
1804 3944 1947 3997 haud

379 4054 538 4094 secus
557 4053 620 4093 ac
637 4046 893 4092 strenuus
909 4047 1095 4092 orator
1113 4036 1205 4106 qui
1223 4034 1458 4106 aliquam
1481 4036 1692 4091 dicendi
1721 4036 1948 4105 ﬁguram

380 4131 672 4185 meditatus
691 4129 894 4183 nullum
919 4130 1140 4184 verbum
1159 4127 1366 4198 profert
1385 4127 1528 4197 quod
1546 4127 1814 4195 duplicem
1831 4140 1952 4179 sen-

378 4239 498 4278 sum
533 4237 730 4294 capere
756 4238 861 4277 non
885 4222 1091 4292 possit,
1118 4221 1170 4275 in
1199 4221 1311 4276 suis
1342 4220 1585 4288 quinque
1613 4218 1768 4273 libris
1801 4231 1950 4271 cam-

2041 1874 2107 1927 τη
2118 1856 2310 1926 μένους
2325 1856 2449 1919 τοὺς
2465 1855 2986 1926 νενομοθετημένους
3024 1855 3113 1907 ὑπ’
3146 1853 3306 1906 αὐτοῦ
3329 1872 3342 1918 ;
3373 1857 3528 1906 Δοκεῖ
3553 1855 3608 1906 δέ

2047 1948 2246 2017 μοικαὶ
2277 1947 2651 2017 παραπλήσιόν
2679 1965 2730 1999 τι
2755 1946 2958 2010 Κέλσος
2995 1948 3165 1998 ποιεῖν
3187 1944 3263 2014 τῷ
3288 1945 3612 2016 Πλατωνικῷ

2043 2039 2390 2110 Θρασυμάχῳ
2422 2039 2534 2107 (84)
2561 2080 2574 2101 ,
2617 2039 2690 2109 μὴ
2720 2038 3066 2108 ἐπιτρέποντι
3101 2039 3176 2100 ὼς
3204 2036 3448 2108 βούλεται
3480 2038 3612 2090 ἀπο-

2043 2129 2327 2200 κρίνασθαι
2367 2131 2494 2202 περ).
2528 2131 2628 2199 τῆς
2654 2130 2995 2198 δικαιοσύνης
3027 2128 3324 2197 Σωκράτει,
3365 2127 3496 2179 ἀλλὰ
3527 2127 3609 2178 λέ-

2043 2240 2208 2290 γοντι·
2241 2242 2259 2273 ι
2299 2223 2436 2294 Ὅρα
2467 2221 2538 2292 μὴ
2559 2222 2620 2274 τὸ
2656 2223 2930 2297 συμφέρον
2958 2221 3114 2291 εἴπῃς
3140 2217 3276 2272 εἶναι
3305 2219 3365 2271 τὸ
3386 2219 3609 2282 δίκαιον,

2047 2315 2181 2386 μηδὲ
2208 2315 2266 2367 τὸ
2297 2315 2435 2378 δέον,
2465 2314 2586 2385 μηδ’
2611 2313 2737 2367 ἄλλο
2766 2331 2816 2366 τι
2856 2313 2962 2366 τῶν
2995 2308 3405 2383 παραπλησίων.
3448 2331 3464 2362 ι
3503 2312 3612 2363 Καὶ

2043 2405 2151 2477 γάρ
2184 2407 2344 2468 αὐτὸς
2367 2406 2475 2477 (85)
2497 2447 2510 2468 ,
2535 2405 2914 2476 κατηγορήσας
2969 2404 3064 2474 (ὡς
3086 2403 3274 2472 οἴεται)
3320 2402 3428 2454 τῶν
3463 2401 3612 2470 παρὰ

2043 2501 2264 2552 Μωῦσεῖ
2293 2499 2542 2569 ἱστοριῶν
2563 2539 2577 2562 ,
2609 2499 2701 2551 καὶ
2736 2497 3088 2568 μεμψάμενος
3114 2499 3225 2558 τοῖς
3261 2494 3613 2567 ἀλληγοροῦσι

2048 2587 2184 2658 μετὰ
2207 2588 2298 2640 τοῦ
2322 2588 2416 2640 καὶ
2440 2587 2654 2640 ἔπαινόν
2683 2603 2803 2640 τινα
2832 2587 2958 2657 περὶ
2986 2584 3161 2640 αὐτῶν
3195 2583 3371 2652 λέγειν
3392 2623 3405 2647 ,
3437 2584 3516 2635 ὅτι
3538 2585 3614 2634 εἰ-

2047 2681 2128 2732 σὶν
2154 2681 2202 2733 οἱ
2235 2679 2647 2748 ἐπιεικέστεροι,
2670 2679 2832 2730 οἱονεὶ
2859 2676 3124 2730 κωλύεται
3153 2674 3284 2743 (86),
3308 2674 3616 2744 κατηγορή-

2047 2789 2142 2838 σας
2167 2771 2242 2834 ὠς
2284 2769 2523 2840 βούλεται
2551 2809 2564 2834 ,
2613 2769 2994 2836 ἀπολογεῖσθαι
3030 2769 3153 2830 τοὺς
3184 2766 3508 2836 δυναμένους
3539 2765 3618 2829 ὼς

2045 2862 2287 2931 πέφυκεν
2317 2861 2459 2932 ἔχειν
2477 2860 2544 2914 τὰ
2579 2861 2900 2931 πράγματα.

2133 2950 2392 3020 Εἵποιμεν
2453 2949 2510 3002 δ’
2576 2947 2642 3001 ἂν
2716 2948 3142 3020 προκαλούμενοι
3179 2946 3385 3014 βίϐλους
3414 2944 3613 3014 βίϐλοις

2050 3041 2508 3114 παραϐάλλεσθαι,
2530 3041 2632 3104 ὅτι,
2649 3041 2807 3112 Φέρε,
2835 3034 2879 3091 ὦ
2899 3035 3072 3101 οὗτος,
3089 3037 3350 3101 τάΑίνου,
3365 3036 3615 3088 καὶΜου-

2054 3134 2226 3198 σαίου,
2245 3133 2338 3186 καὶ
2361 3133 2600 3202 Ὀρφέως
2620 3133 2916 3202 ποιήματα,
2943 3131 3033 3182 καὶ
3050 3127 3346 3199 Φερεκύδου
3364 3129 3460 3197 τὴν
3480 3142 3616 3198 γραο

2053 3225 2178 3296 φὴν,
2213 3226 2306 3278 καὶ
2331 3223 2644 3290 συνεξέταζε
2676 3225 2789 3284 τοῖς
2823 3221 3102 3282 Μωΰσέως
3137 3219 3340 3288 νόμοις,
3376 3217 3614 3288 ἱστορίας

2053 3316 2330 3387 ἱστορίαις,
2346 3315 2438 3368 καὶ
2455 3313 2675 3383 ἠθικοὺς
2704 3313 2896 3380 λόγους
2914 3311 3098 3381 νόμοις
3121 3310 3212 3363 καὶ
3236 3307 3616 3378 προστάγμασι

2051 3407 2391 3481 παρατιθείς⁹
2422 3407 2515 3459 καὶ
2546 3407 2648 3476 ὅρα
2667 3407 2824 3457 ὁποῖα
2861 3403 3060 3474 μᾶλλον
3103 3399 3428 3470 ἐπιστρέψαι
3459 3399 3618 3450 δύνα-

2050 3517 2138 3551 ται
2167 3499 2260 3552 καὶ
2282 3498 2506 3552 αὐτόθεν
2523 3497 2646 3559 τοῦς
2678 3496 2993 3556 ἀκούοντας,
3018 3493 3110 3546 καὶ
3139 3492 3260 3544 τίνα
3284 3489 3480 3551 αὐτῶν,
3512 3488 3618 3541 κᾶν

2052 3589 2329 3660 ἐπιτρίψαι
2355 3588 2462 3659 (87)
2488 3589 2578 3640 τὸν
2608 3588 2899 3657 ἀκροατήν’
2952 3585 3044 3637 καὶ
3076 3582 3325 3636 κατανόει
3362 3581 3507 3642 ὅπως
3555 3579 3620 3630 τὸ

2055 3686 2153 3756 μὲν
2182 3685 2368 3754 τάγμα
2398 3682 2505 3735 τῶν
2531 3683 2637 3735 σῶν
2681 3679 3037 3750 συγγραφέων
3077 3676 3250 3746 ὀλίγον
3292 3675 3388 3745 μὲν
3429 3671 3622 3741 ἐφρόν-

2051 3791 2165 3826 τισε
2199 3774 2307 3826 τῶν
2356 3773 2580 3825 αὐτόθεν
2618 3769 3028 3838 ἐντευξομένων,
3071 3768 3249 3837 μόνοις
3285 3765 3342 3817 δὲ
3373 3764 3478 3834 ἄρα
3506 3764 3620 3824 τοῖς

2051 3864 2450 3935 τροπολογῆσαι
2492 3863 2583 3916 καὶ
2622 3861 2984 3932 ἀλληγορῆσαι
3043 3858 3358 3928 δυναμένοις
3412 3855 3617 3926 ἔγραψε

2051 3955 2147 4025 τὴν
2173 3955 2306 4009 ἰδίαν
2329 3953 2422 4023 (ὡς
2449 3952 2573 4024 φῂς)
2597 3951 2924 4021 φιλοσοφίαν,
2946 3951 3002 4003 Ὀ
3030 3949 3085 4002 δὲ
3109 3947 3345 4016 Μωῦσῆς
3361 3945 3466 4015 (88)
3483 3943 3620 3996 ἀνά-

2052 4049 2205 4117 λογον
2227 4047 2455 4117 γενναίῳ
2489 4048 2674 4117 ῥήτορι
2705 4045 2888 4114 σχῆμα
2920 4041 3206 4112 μελετῶντι
3229 4041 3320 4093 καὶ
3344 4036 3620 4106 πανταχοῦ

2051 4139 2149 4208 τὴν
2180 4136 2400 4208 διπλόην
2426 4137 2523 4206 τῆς
2543 4134 2737 4200 λέξεως
2757 4131 3182 4201 πεφυλαγμένως
3211 4127 3618 4199 προφερομένη),

2056 4228 2151 4282 ἐπὶ
2177 4225 2284 4280 τῶν
2327 4225 2486 4278 πέντε
2535 4222 2751 4293 βιϐλίων
2788 4220 3070 4288 πεποίηκε·
3115 4219 3251 4288 μήτε
3298 4216 3377 4284 τῷ
3428 4215 3621 4286 πλήθει
3703 4291 3706 4293 Δ

379 4444 498 4498 quae
527 4429 746 4498 Orpheo
788 4431 1139 4485 aseribuntur
1161 4470 1175 4495 ,
1212 4439 1456 4498 tempore
1485 4426 1822 4498 principatus
1845 4423 1944 4498 Pi-

2053 4445 2241 4484 omnes
2262 4427 2598 4498 codd._m_ss.,
2625 4424 2699 4485 ὡς
2733 4417 3097 4498 βουλεταικᾼῑ
3123 4433 3315 4498 sensus
3343 4416 3620 4498 postulare

380 4496 820 4561 sistratidarnm.
848 4502 992 4554 circa
1026 4496 1533 4568 quinquagesimum
1570 4496 1944 4568 Olympiadem

380 4570 678 4624 invenitur.
721 4587 739 4619 ι
769 4570 985 4625 Tatian.
1008 4566 1149 4623 orat.
1180 4566 1381 4623 Contra
1409 4577 1608 4636 gentes,
1646 4580 1768 4636 pag.
1803 4566 1944 4630 I75;

381 4638 579 4692 Suidas
606 4639 658 4690 in
682 4639 1119 4707 voceiiOpysdq;
1139 4637 1364 4707 Vossius
1397 4635 1470 4707 De
1511 4638 1678 4707 poetis
1706 4635 1909 4707 Crwris
1928 4652 1946 4698 ,'

380 4707 629 4774 Sealiger
657 4708 792 4761 lib.t
827 4704 1046 4762 Eine—nd.
1075 4704 1082 4705 ί
1109 4717 1265 4774 temp.
1301 4705 1564 4760 Etimdcm
1597 4704 1715 4774 [ide
1766 4705 1819 4756 in
1854 4719 1949 4770 ap-

381 4771 610 4845 pendice
657 4778 724 4829 ad
775 4771 1220 4830 Emendationem'
1251 4786 1563 4845 temporum.
1607 4771 1844 4845 Pausan.
1893 4775 1944 4845 in

379 4843 492 4918 )1“.
520 4860 552 4918 :_
575 4845 710 4898 Οὐδὲ
741 4845 911 4918 ταῦτα
976 4845 1216 4918 Ὀρφέως
1258 4845 1390 4918 ἐμοὶ
1413 4843 1787 4918 δοκεεῖν-δνταοΔ
1813 4851 1865 4895 et
1897 4843 1947 4894 in

382 4912 737 4967 Bazoticorum
758 4917 935 4982 primo
965 4912 1067 4968 non
1087 4912 1270 4968 'semel
1301 4912 1551 4982 laudavit
1587 4912 1787 4979 Orphei
1822 4926 1948 4980 poe-

382 4989 547 5036 mala.
573 4983 714 5037 Tull.
753 4981 848 5038 lib.
880 5001 895 5038 ι
929 4984 1004 5036 De
1033 4995 1142 5039 nat.
1178 4986 1392 5038 deorum
1423 5002 1440 5035 .·
1471 5002 1488 5034 i
1517 4981 1792 5052 Orpheum
1821 4996 1950 5051 poc-

385 5061 495 5106 tam
532 5054 693 5108 docet
719 5054 1038 5108 Aristoteles
1073 5068 1345 5122 nunquam
1381 5054 1582 5116 fuisse,
1629 5060 1683 5106 et
1719 5054 1816 5105 hoc
1852 5052 1949 5106 Or-

383 5122 602 5193 phicum
633 5139 851 5179 carmen
887 5123 1227 5193 Pythagorici
1259 5123 1440 5177 ferunt
1470 5122 1752 5189 cujusdam
1782 5123 1949 5176 fuisse

381 5191 659 5262 Cecropis.
698 5212 719 5246 ο
775 5195 844 5247 At
895 5191 1195 5248 nobis’non
1241 5205 1399 5246 vacat
1432 5193 1563 5262 lucc
1625 5193 1946 5246 discutere:

381 5263 510 5334 vide
535 5261 760 5334 Suidam
797 5265 850 5316 in
883 5278 1015 5316 voce
1061 5263 1310 5330 Ὀρφεύς
1343 5274 1396 5315 et
1426 5261 1621 5317 [.ilium
1646 5263 1946 5334 Cyraldum

383 5332 437 5384 in
477 5331 606 5385 Vitis
631 5345 921 5400 poetarum.
949 5335 1208 5387 Srsacsn.

454 5402 568 5472 (84)
610 5403 1004 5472 Θρασυμάχῳ,
1037 5415 1142 5457 etc.
1194 5404 1326 5458 Vide
1359 5403 1662 5468 Platonem,
1697 5401 1836 5455 lib.t
1871 5400 1948 5454 De

381 5468 687 5542 Republica.
725 5468 845 5542 pag.
884 5468 1013 5533 5.376.

455 5541 566 5613 (δῇ)
598 5543 703 5596 Καὶ
727 5541 835 5610 mp
863 5546 1067 5609 αὑτός.
1097 5543 1171 5596 lta
1207 5544 1364 5597 codd.
1406 5543 1535 5613 Reg.
1584 5553 1635 5613 ct
1675 5541 1947 5597 Basilecn-

387 5608 883 5684 Sistiit'BqulIi—(‘iltll
916 5615 1044 5665 libb.
1085 5615 1264 5675 editis.
1298 5616 1391 5667 καὶ
1426 5608 1532 5684 γὰρ
1563 5608 1730 5674 οὗτος.

457 5681 566 5749 (δῦ)
603 5683 918 5735 κωλύεται.
969 5685 1148 5737 Mallet
1196 5685 1421 5739 Guietus
1473 5681 1686 5737 κωλύει.
1745 5683 1944 5737 Ibidem

2051 4501 2269 4553 videtur
2299 4497 2374 4558 ὡς
2411 4487 2884 4566 βούλονταιςφιίξ
2925 4491 3139 4566 quidem
3181 4489 3344 4566 lect_i_o_
3372 4487 3619 4566 secunda

2053 4585 2213 4622 manu
2250 4558 2492 4634 apposita
2541 4573 2626 4617 est
2677 4563 2726 4634 i_n
2763 4558 3221 4634 codicngoliano.
3275 4558 3472 4634 Ibidem
3506 4565 3619 4634 tres

2051 4638 2209 4692 codd.
2256 4625 2540 4702 A'nglicani
2589 4643 2643 4687 et
2671 4631 3197 4702 rBasileensisrecte
3228 4627 3490 4702 omnino,
3541 4625 3621 4687 ὠς

2051 4708 2291 4775 πέφυκεν
2314 4695 2455 4775 ἔχειν
2475 4704 2542 4756 τὰ
2576 4701 2892 4772 πράγματα.
2919 4699 3078 4754 Libb.
3111 4699 3261 4763 editi,
3285 4695 3359 4759 ὼς
3380 4695 3622 4764 πέφυκεν

2050 4774 2640 4850 ἐχειν-ττάέτράμμᾳτα-

2124 4846 2237 4916 (87)
2284 4834 2637 4916 Ἐπιὲρῖψαι.
2665 4841 2755 4916 Sic
2789 4847 2936 4894 recte
2961 4852 3091 4916 mss.
3130 4834 3620 4916 Hmsclieliiis_ém-_

2055 4904 2304 4988 στρέψαι.
2359 4904 2748 4988 Speucerusin
2787 4917 2970 4988 ῑεξιυ,
3024 4904 3384 4988 ἀπο-στρέψαι,
3449 4905 3620 4988 etyad

2054 4974 2780 5057 ηιεῖτέίηοηι,’ἐπιστρέψαι.
2831 4978 3062 5057 Gttietus
3111 4974 3370 5057 deceptus
3426 4974 3619 5057 vitiosa

2054 5041 2287 5110 lectione
2327 5041 2650 5124 ἐπιστρέψαι
2669 5041 2688 5114 ,’
2731 5049 2936 5124 putavit
2972 5048 3086 5124 haec
3126 5041 3318 5109 verba,
3356 5044 3451 5096 καὶ
3495 5041 3621 5124 τινα

2052 5126 2228 5180 αὐτῶν
2259 5125 2360 5178 κᾶν
2384 5113 2707 5193 ἐπιστρέψαι
2731 5113 2824 5172 τὸν
2854 5118 3151 5193 ἀκροατήν,
3173 5131 3291 5170 esse
3325 5113 3618 5168 resecanda

2053 5208 2109 5250 ut
2147 5195 2414 5262 superﬂua
2445 5204 2499 5246 et
2532 5191 2797 5262 inutiliter
2825 5191 3073 5262 repetita.
3190 5256 3220 5262 __
3335 5254 3345 5262 _
3507 5251 3517 5262 _

2122 5250 2232 5336 (88')
2268 5266 2320 5336 Ὀ
2345 5264 2413 5316 δὲ
2439 5261 2845 5336 Μωξνσῆςφιο.
2875 5250 3618 5336 Guietoscrjbendum‘vide-

2052 5323 2170 5389 tur:
2199 5323 2255 5389 Ὁ
2283 5335 2339 5387 δὲ
2364 5333 2602 5402 Μωῦσῆς
2630 5323 2890 5402 ἀνάλογον
2919 5328 3146 5396 γενναίῳ
3165 5323 3465 5402 ῥήτορι-κα).
3491 5335 3620 5402 πρη-

2050 5404 2216 5476 ταχοῦ
2242 5405 2355 5476 ,τὴν
2399 5389 2620 5476 διπλόην
2650 5402 2749 5470 τῆς
2781 5389 2992 5476 ,λέξεως
3023 5389 3484 5476 ’πεξρῦλαγμένοῇ
3525 5389 3620 5442 ἐπὶ

2049 5463 2155 5530 τῶν
2185 5463 2344 5528 πέντέ
2381 5463 2596 5542 βιϐλίων
2627 5463 2913 5542 πεποίηκε·
2943 5469 3090 5542 δοιΙΑε)
3118 5463 3328 5542 recepta
3355 5472 3408 5542 et.
3438 5477 3620 5515 manu-

2049 5547 2269 5614 scriptis
2292 5535 2603 5610 emisignata
2640 5535 2873 5596 lectione
2902 5553 2997 5593 cur
3020 5539 3108 5591 'ila
3135 5535 3497 5614 recedendum
3525 5547 3619 5600 pu-

2051 5617 2265 5682 taverit,
2295 5630 2398 5667 non
2442 5615 2614 5666 video.
