3988 6156
481 243 591 299 693

1746 230 2029 287 CONTRA
2061 227 2339 287 CELSUM
2374 228 2498 284 LIB.
2529 224 2570 281 1.

3623 213 3729 270 691

480 357 592 409 τῶν
626 350 1091 424 νομοθετουμένων
1145 348 1414 403 Ἰουδαίων
1446 346 1618 410 διδοὺς
1648 347 1900 418 ἀφορμὰς
1936 348 2040 417 βλά-

2172 348 2292 401 dem
2331 341 2646 399 observavit
2699 336 2938 409 regulam
2992 335 3115 390 :ita
3159 341 3219 388 ttt
3258 344 3433 400 neque
3482 328 3730 385 multitu-

482 448 586 517 6ης
614 449 671 498 ἐν
698 443 775 514 τῷ
803 442 979 513 ἠθικῷ
1001 442 1149 511 τόπῳ
1177 482 1189 505 ,
1235 442 1371 511 μήτε
1400 442 1512 502 τοῖς
1535 439 1734 507 ὀλίγοις
1772 440 1863 492 καὶ
1908 458 2059 492 συνε-

479 539 717 609 τώτερον
736 536 1083 606 ἐντυγχάνειν
1103 534 1441 603 δυναμένοις,
1466 531 1586 599 οὐχὶ
1611 529 1794 601 πλήρη
1831 531 2060 601 Θεωρίας

479 628 853 700 ἐκτιθέμενος,
885 631 993 691 τοῖς
1021 628 1244 698 ἐρευνᾷν
1282 626 1342 677 τὸ
1378 623 1623 694 βούλημα
1654 623 1818 675 αὐτοῦ
1840 617 2064 693 δυναμέ-

477 741 613 789 νοις,
638 725 856 793 γραφήν
880 720 1010 790 (89).
1037 720 1146 771 Καὶ⁹
1180 718 1286 770 τῶν
1333 718 1430 787 μὲν
1473 715 1650 784 σοφῶν
1687 732 1777 767 σου
1824 714 2059 783 ποιητῶν

477 812 625 866 ἔοικε
657 813 792 883 μηδὲ
824 812 890 864 τὰ
922 810 1101 880 βιϐλία
1132 809 1211 861 ἔτι
1243 807 1531 872 σώζεσθαι,
1561 804 1899 875 φυλαχθέντα
1927 803 1993 856 ἂν
2011 805 2058 855 εί

474 904 867 973 όέντυγχάνων
900 901 1095 972 ᾔσθετο
1140 899 1426 968 ὡφελείας·
1465 898 1560 951 τοῦ
1594 898 1652 949 δὲ
1686 895 1962 957 Μωῦσέως
1992 892 2059 946 τὰ

474 997 785 1067 γράμματα
808 992 1039 1055 πολλοὺς
1062 992 1155 1044 καὶ
1180 990 1285 1043 τῶν
1310 988 1604 1058 ἀλλοτρίων
1636 988 1735 1057 τῆς
1766 986 1913 1057 παρὰ
1948 988 2057 1048 τοῖς

489 1086 765 1148 Ἰουδαίοις
787 1083 1096 1154 ἀνατροφῆς
1130 1083 1240 1151 (90)
1271 1082 1526 1150 κεκίνηκε
1572 1079 1891 1139 πιστεῦσαι,
1940 1078 2019 1130 ὅτι
2042 1118 2053 1137 ,

474 1176 620 1230 κατά
645 1177 743 1245 τὴν
769 1174 1098 1242 ἐπαγγελίαν
1124 1172 1229 1225 τῶν
1251 1171 1609 1243 γραμμάτων,
1638 1170 1665 1219 6
1692 1168 1902 1239 πρῶτος
1920 1165 2057 1219 αὐτά

473 1267 863 1339 νομοθετήσας,
902 1266 996 1319 καὶ
1026 1266 1248 1318 Μωῡσεῖ
1280 1262 1571 1333 παραδοὺς,
1609 1259 1741 1322 Θεὸς
1796 1262 1824 1312 6
1871 1259 2057 1322 κτίσας

470 1361 567 1413 τὸν
588 1359 788 1428 κόσμον
815 1353 901 1427 ἦν.
933 1358 1041 1410 Καὶ
1071 1355 1178 1426 γὰρ
1207 1354 1411 1424 ἔπρεπε
1445 1353 1536 1405 τὸν
1565 1352 1686 1404 ὅλου
1725 1348 1818 1403 τοῦ
1850 1351 2055 1419 κόσμου

470 1450 828 1521 δημιουργὸν,
857 1448 1051 1519 νόμους
1072 1446 1383 1517 τεθειμένον
1402 1444 1509 1513 ὅλῳ
1534 1442 1611 1513 τῷ
1641 1442 1829 1512 κόσμῳ
1851 1481 1864 1504 ,
1898 1440 2058 1494 δύνα-

475 1561 571 1613 μιν
595 1544 895 1612 παρασχεῖν
929 1541 1041 1601 τοῖς
1072 1538 1248 1605 λόγοις
1279 1577 1293 1600 ,
1336 1536 1608 1607 κρατῆσαι
1645 1532 1752 1586 τῶν
1783 1531 2054 1601 πανταχοῦ

468 1633 797 1704 δυναμένην.
827 1633 935 1686 Καὶ
967 1630 1137 1683 ταῦτά
1169 1647 1332 1700 φημι,
1362 1627 1571 1681 οὐδέπω
1606 1628 1732 1697 περὶ
1754 1624 1847 1678 τοῦ
1878 1623 2053 1694 Ἰησοῦ

2165 439 2275 490 diui
2302 437 2610 489 Judaeorum
2642 433 2735 501 qui
2759 429 2877 499 ejus
2903 426 3108 496 legibus
3139 424 3491 493 regebantur,
3518 421 3730 475 dederit

2162 527 2319 597 337
2350 527 2401 580 in
2436 525 2679 580 moribus
2702 519 2957 591 peccandi
2992 518 3168 572 locum
3196 534 3211 581 ;
3237 529 3408 583 neque
3432 514 3729 580 sagaciori-

2162 620 2259 672 bus
2292 618 2583 672 lectoribus
2612 613 2702 683 qui
2740 613 2852 665 rari
2886 619 3033 673 sunt,
3067 608 3489 676 legislatorisque
3542 603 3728 656 volun-

2163 717 2325 762 tatem
2379 708 2638 775 indagare
2695 703 3038 766 volentibus,
3099 699 3293 753 altiora
3348 694 3725 766 perscrutandi

2161 800 2384 852 materia
2437 795 2692 851 defuerit.
2750 793 2903 847 Adde
2949 790 3091 859 quod
3148 798 3361 843 tuorum
3418 786 3725 855 sapientum

2159 896 2438 957 poetarum
2494 887 2616 942 libri
2663 885 2931 938 excidisse
2974 884 3086 953 jam
3120 881 3412 941 videntur;
3456 878 3545 947 qui
3577 885 3726 931 certe

2160 982 2358 1035 servati
2385 980 2635 1043 fuissent,
2672 979 2738 1043 si,
2764 978 2853 1045 qui
2890 978 2940 1027 in
2967 975 3084 1028 illos
3111 972 3323 1036 incidit,
3344 971 3468 1024 hinc
3493 969 3725 1037 aliquem

2163 1072 2399 1126 fructum
2442 1069 2792 1138 percepisset.
2823 1069 2891 1120 At
2926 1066 3127 1133 scripta
3161 1063 3357 1134 Moysis
3400 1061 3562 1115 etiam
3598 1060 3726 1124 illis,

2160 1164 2248 1232 qui
2281 1178 2308 1215 a
2336 1162 2642 1216 Judmorum
2679 1160 2876 1213 ritibus
2912 1156 3070 1209 alieni
3108 1162 3283 1217 erant,
3310 1161 3725 1221 persuaserunt,

2159 1268 2278 1307 eum
2302 1292 2316 1317 ,
2347 1252 2437 1321 qui
2466 1251 2610 1321 leges
2646 1250 2764 1304 illas
2790 1249 2994 1318 primus
3038 1246 3217 1314 posuit
3247 1244 3523 1313 Moysique
3561 1246 3727 1296 tradi-

2160 1344 2258 1408 dit,
2316 1343 2485 1395 Deum
2536 1354 2657 1395 esse
2710 1338 2872 1406 hujus
2902 1335 3085 1389 mundi
3140 1333 3499 1397 conditorem,
3550 1343 3605 1385 ut
3638 1332 3725 1385 illa

2162 1434 2273 1500 ipsa
2297 1432 2497 1501 scripta
2519 1438 2804 1485 testantur.
2828 1424 3214 1480 Decebatenim
3236 1424 3379 1475 hunc
3403 1424 3565 1477 totius
3580 1422 3727 1474 orbis

2158 1525 2429 1594 opiﬁcem,
2460 1523 2549 1591 qui
2580 1522 2672 1575 toti
2701 1520 2817 1574 orbi
2856 1519 3001 1587 leges
3056 1517 3424 1583 imposuerat,
3468 1518 3572 1567 vim
3615 1516 3727 1569 suis

2160 1616 2498 1671 sermonibus
2561 1614 2767 1678 indere,
2832 1624 2953 1679 quae
3012 1611 3296 1663 universos
3346 1609 3448 1661 sibi
3483 1607 3727 1660 homines

470 1689 758 1790 ἐξετάζων,
791 1724 903 1778 ἀλλ’
930 1724 1008 1776 ἐτι
1038 1689 1299 1785 Μωῦσέα,
1320 1689 1423 1773 τὸν
1459 1719 1635 1789 πολλῷ
1659 1689 1913 1773 ἐλάττονα
1943 1689 2040 1770 Κυ-

2161 1708 2429 1776 subjicere
2464 1712 2672 1773 posset.
2698 1705 2873 1773 Atque
2904 1705 3017 1756 haec
3060 1701 3183 1755 dico
3218 1698 3480 1753 nihildum
3510 1700 3575 1751 de
3602 1696 3725 1751 Jesu

472 1816 867 1887 ρίου,δεικνὺς,
891 1816 966 1878 ὡς
1002 1817 1030 1868 6
1062 1814 1219 1881 λόγος
1253 1812 1627 1882 παραστήσει,
1667 1809 1846 1880 πολλῷ
1870 1808 2054 1877 διαφέ-

471 1921 636 1974 ροντα
665 1905 771 1958 τῶν
793 1905 969 1974 σοφῶν
997 1922 1086 1957 σου
1116 1903 1353 1973 ποιητῶν
1378 1903 1470 1956 καὶ
1495 1901 1817 1971 φιλοσόφων.

570 2157 733 2232 Ἐξῆς
803 2167 1011 2227 τούτοις
1082 2164 1112 2215 6
1154 2162 1376 2228 Κέλσος,
1403 2163 1703 2234 λεληθότως
1730 2161 2051 2233 βουλόμενος

462 2258 737 2310 διαϐαλεῖν
790 2258 886 2329 τὴν
928 2258 1069 2312 κατά
1125 2257 1361 2313 Μωῦσέα.
1427 2257 1804 2327 κοσμοποιίαν,
1855 2257 2052 2327 ἐμφαί-

465 2366 628 2401 νοντα
663 2348 775 2418 (91)
826 2348 1050 2419 μηδέπω
1087 2349 1292 2419 μυρίων
1339 2348 1475 2400 ἐτῶν
1508 2347 1739 2417 ἀριθμὸν
1773 2347 1915 2417 ἐχειν
1960 2348 2049 2401 τὸν

464 2441 696 2510 κόσμον,
724 2442 859 2494 ἀλλὰ
891 2441 1069 2510 πολλῷ
1100 2441 1285 2494 τούτου
1315 2442 1425 2511 (92)
1456 2441 1794 2510 λειπόμενον,
1830 2442 2051 2512 προστί-

458 2532 616 2584 θεται
633 2533 879 2584 κλέπτων
905 2531 1067 2585 αὐτοῦ
1086 2533 1143 2584 τὸ
1170 2532 1413 2602 βούλημα
1437 2534 1549 2593 τοῖς
1574 2531 1820 2599 λέγουσιν
1847 2532 2050 2603 ἀγένη-

473 2636 556 2670 cw
617 2615 754 2671 εἶναι
811 2619 901 2672 τὸν
960 2619 1179 2687 κόσμον.
1223 2619 1293 2671 Τὸ
1335 2619 1441 2689 γὰρ
1504 2619 1701 2681 πολλὰς
1745 2621 1806 2671 ἐκ
1852 2621 2048 2685 παντὸς

474 2706 659 2769 ιῐῶνος
691 2704 1028 2777 ἐκπυρώσεις
1059 2708 1167 2777 (95)
1202 2708 1502 2774 γεγονέναι,
1534 2706 1731 2771 πολλὰς
1756 2708 1799 2760 δ’
1828 2709 2047 2762 ἐπικλύ-

371 2816 377 2823 ·
470 2810 598 2857 ⁴ιἐις,
634 2797 729 2848 καὶ
764 2795 1025 2865 νεώτερον
1056 2793 1193 2850 εἶναι
1227 2798 1318 2850 τὸν
1354 2798 1445 2850 ἐπὶ
1479 2798 1845 2862 Δευκαλίωνος
1876 2816 2046 2853 κατα-

468 2884 698 2955 ιιλυσμὸν
722 2885 831 2956 (94)
851 2886 1077 2957 ἔναγχος
1106 2889 1491 2957 γεγενημένον,
1528 2888 1715 2957 σαφῶς
1746 2892 1855 2951 τοῖς
1885 2889 2047 2943 ἀκού-

468 2993 540 3028 .ιν
576 2974 739 3029 αὑτοῦ
785 2976 1103 3046 δυναμένοις
1147 2977 1445 3048 παρίστησι
1492 2977 1552 3031 τὸ
1592 2980 1710 3030 κατ’
1759 2979 1920 3032 αὐτὸν
1950 2978 2044 3033 τοῦ

464 3067 664 3136 κόσμου
699 3067 979 3138 ἀγένητον.
1012 3063 1228 3136 Λεγέτω
1267 3067 1329 3138 δὴ
1361 3070 1491 3137 ἡμῖν
1528 3070 1555 3120 6
1596 3071 1660 3139 τῇ
1700 3069 1877 3122 πίστει
1909 3071 2044 3141 Χρι-

464 3158 691 3210 στιανῶν
724 3157 989 3224 ἐγκαλῶν,
1026 3159 1196 3221 ποίοις
1237 3159 1636 3221 ἀποδεικτικοῖς
1669 3158 1845 3225 λόγοις
1880 3161 2049 3228 ἡναγ-

462 3249 638 3319 κάσθη
677 3248 1078 3319 παραδέξασθαι
1113 3249 1315 3313 πολλὰς
1355 3252 1638 3320 γεγονέναι
1683 3251 2046 3321 ἐκπυρώσεις,

380 3362 389 3368 -
462 3338 557 3392 καὶ
593 3338 815 3403 πολλοὺς
847 3340 1258 3410 κατακλυσμοὺς
1279 3382 1293 3405 ,
1341 3342 1559 3395 πάντων
1592 3342 1662 3396 δέ·
1675 3342 1935 3413 νεώτερον
1973 3341 2047 3397 εἷ-

462 3448 548 3485 ναι
582 3433 961 3503 κατακλυσμὸν
998 3434 1095 3504 μὲν
1131 3435 1219 3489 τὸν
1263 3436 1355 3488 ἐπὶ
1382 3435 1768 3498 Δευκαλίωνος,
1794 3435 2047 3507 ἐκπύρω-

456 3540 544 3575 σιν
568 3524 623 3576 δέ
656 3524 753 3593 τὴν
774 3525 865 3577 ἐπὶ⁵
888 3524 1179 3589 Φαέθοντος
1209 3525 1339 3596 (95).
1385 3526 1521 3578 Ἀλλ’
1550 3525 1645 3577 ἐάν
1676 3526 2043 3595 προϐάλληται

458 3616 587 3677 τοὺς
625 3616 908 3679 Πλάτωνος
940 3618 1049 3687 (96)
1084 3618 1210 3687 περὶ
1242 3616 1443 3670 τούτων
1476 3616 1775 3684 διαλόγους,
1806 3620 2045 3688 φήσομεν

454 3706 626 3777 αὐτῷ,
656 3707 749 3760 καὶ
770 3710 901 3779 ἡμῖν
932 3708 1128 3775 ἐξεῖναι
1159 3708 1454 3772 πιστεύειν,
1491 3710 1548 3761 ἐν
1584 3708 1797 3777 καθαρᾷ
1831 3710 1924 3762 καὶ
1958 3710 2046 3763 εὑ-

532 3847 639 3917 (89)
675 3849 1180 3923 Τοῖς-ἐρε-υνᾷνᾼτό
1223 3852 1511 3921 ,βούλημα
1555 3852 1733 3923 αὐτοῦ
1776 3852 2031 3923 δυναμέ-

452 3919 886 3991 νοιςηγραφήν.
914 3920 1037 3974 llaec
1075 3921 1267 3975 Guieto
1310 3919 1519 3976 merum
1552 3921 1820 3991 glossema
1850 3919 2033 3978 viden.

458 3997 572 4040 tur.
596 3988 707 4052 Qua
747 3991 813 4042 de
843 3991 1041 4043 causa?
1071 3993 1281 4045 nescire
1310 4006 1394 4045 me
1424 3988 1613 4044 fateor.

528 4056 635 4126 (90)
662 4057 1051 4126 Ἀνατροερῆς.
1095 4059 1186 4114 Sic
1217 4062 1319 4113 duo
1364 4061 1521 4115 codd.
1570 4061 1849 4123 Vaticani;
1900 4065 2027 4120 reli-

453 4131 707 4199 quiivero
738 4143 857 4179 cum
882 4129 1022 4199 libb.
1054 4129 1230 4193 editis,
1264 4130 1627 4199 ἀναστροφῆς.

529 4196 641 4273 (91.)
683 4198 1089 4273 Ἐμςραίνογτφ
1150 4200 1313 4252 Forte
1371 4196 1685 4273 legendum,
1741 4202 2032 4273 ἐμφαίνου-

454 4282 577 4336 σαν,
610 4267 731 4321 licet
760 4270 929 4320 altera
962 4268 1120 4322 lectio
1152 4278 1296 4323 stare
1328 4267 1515 4336 possit.

529 4335 637 4405 (92)
674 4337 872 4390 Unicus
902 4341 1067 4391 codex
1118 4335 1362 4393 Jolianus
1412 4354 1532 4393 cum
1567 4339 1698 4395 libb.
1741 4342 1900 4398 editis
1928 4345 2027 4398 Ita-

452 4405 543 4459 het
573 4405 749 4476 πολλῷ
778 4406 835 4459 δὲ
867 4408 1075 4461 τούτου.

526 4476 635 4550 (93)
678 4478 1172 4550 Ἐκπυρῴσειςλιε
1211 4487 1355 4533 recte
1401 4480 1507 4533 duo
1560 4482 1714 4536 codd.
1755 4484 2025 4550 Vaticani,

452 4544 779 4637 Basileen'sis
818 4558 870 4599 et
890 4548 1160 4637 ‘J‘o‘lianus,
1215 4564 1313 4637 nec
1350 4549 1517 4633 aliter
1542 4553 1703 4637 paulo
1732 4554 1887 4637 inira
1925 4544 2026 4609 im;

451 4618 624 4695 pressi
651 4617 1016 4695 libri,_7t_ok)t&;
1043 4621 1320 4695 γεγονέναι
1347 4617 1702 4695 ἐκπυρώσεις.
1732 4624 1867 4678 Male
1895 4641 2026 4695 ergo

450 4685 541 4765 It‘ic
575 4683 704 4765 libb.
734 4688 886 4765 _ed_iti,
913 4683 1201 4765 πυρώσεις.
1234 4690 1397 4765 Paulo
1436 4683 1553 4757 post
1596 4683 1691 4759 pro
1730 4683 2023 4765 ﬁapiO’TTjVO't

446 4753 512 4830 τὸ
546 4754 850 4830 κατ’καὺ-τὺν
891 4753 1000 4809 τοῦ
1022 4758 1225 4830 κόσμου
1259 4753 1540 4830 ἀγένητον,
1572 4753 1916 4818 scribendum
1950 4753 2026 4817 vi-

450 4823 610 4899 detur
663 4823 880 4899 Quieto,
937 4823 1250 4899 παρίστησι,
1302 4823 1362 4881 τὸ
1415 4823 1534 4884 κατ’
1586 4831 1766 4898 αὐτὸν,
1820 4833 1881 4887 τὸ
1930 4834 2023 4887 τοῦ

449 4890 518 4942 κό
526 4906 659 4963 σμ-ου
689 4893 996 4963 ἀγέννητον.

523 4959 633 5029 (94)
662 4962 777 5041 _Kal
812 4959 1094 5041 ιςέώζερον
1128 4964 1278 5023 εἶναι
1325 4968 1431 5022 τὸν
1476 4970 1573 5023 ἐπὶ
1619 4974 2025 5041 Δευκαλίωνος

448 5034 900 5110 κατακτιυσσιιόη
943 5035 1127 5110 Magna
1181 5048 1309 5110 sunt
1353 5042 1500 5110 apud
1551 5055 1763 5097 veteres
1808 5034 2022 5109 opinio:

451 5116 580 5171 num
608 5102 837 5153 divortia
862 5104 927 5157 de
949 5107 1149 5171 epocha
1176 5109 1362 5161 diluvii
1396 5102 1739 5166 Deucaliouei
1768 5122 1823 5165 et
1847 5102 2024 5166 Phae-

437 5169 1143 5247 thontisincendio_.Vetus
1182 5188 1389 5247 auctor,
1418 5180 1569 5247 cujus
1616 5182 1860 5235 meminit
1904 5182 2023 5235 Cle-

449 5255 602 5318 mens
650 5242 1046 5297 Alexandrinus
1092 5245 1185 5318 lib.
1216 5262 1231 5299 ι
1260 5242 1546 5318 sumat,
1586 5249 1699 5304 ltzec
1732 5251 2027 5318 contigisse

447 5311 654 5383 arbitra
687 5323 860 5383 usest
898 5315 1152 5369 trecentis
1183 5317 1354 5368 tribus
1383 5319 1539 5371 annis
1570 5334 1695 5373 ante
1723 5311 2021 5383 Trojas'es-

442 5376 1162 5457 (gidinntzhﬂieroﬁnyntus_in_
1201 5384 1480 5457 Chronico,
1513 5388 1745 5457 Cyrillns
1786 5376 2025 5442 Alexan-

444 5449 751 5523 drinusliit.
786 5467 813 5523 ι
842 5450 1041 5523 Contra
1068 5451 1369 5517 lulianum,
1404 5449 1736 5523 Augustinus
1770 5459 1862 5511 lib.
1891 5474 2025 5514 xvnt

447 5517 528 5591 De
548 5520 753 5571 civitate
781 5519 892 5584 Dei,
918 5521 983 5573 ad
1008 5521 1265 5591 Cecmpis
1293 5526 1430 5589 regis
1450 5517 1780 5579 Albenarum
1812 5538 2023 5581 relati-tn

446 5588 709 5665 reierunt.
743 5592 808 5665 At
842 5592 1038 5665 ibidem
1075 5588 1409 5665 Augustinus
1436 5593 1622 5665 refert
1659 5598 2024 5665 amplectique

445 5658 661 5711 videtur
706 5658 866 5714 aliam
900 5658 1181 5717 Varronis'
1211 5663 1558 5728 sententiam,
1602 5658 1793 5735 nempe
1844 5658 2022 5722 conti-

2064 4404 2106 4457 Ι)
2134 4404 2459 4481 Cltrt'mi'ti...
2492 4412 2520 4461 6
2548 4410 2829 4481 διφυής....

2159 1798 2597 1869 inquirens;scd
2628 1805 2686 1850 ut
2713 1794 2995 1850 ostendam
3025 1792 3282 1861 Moysem,
3334 1791 3435 1844 etsi
3498 1789 3727 1844 Domino

2156 1892 2312 1959 longe
2361 1888 2670 1944 inferiorem
2716 1926 2731 1951 ,
2787 1885 2892 1939 tuis
2942 1894 3117 1937 tamen
3160 1882 3494 1952 sapientibus
3556 1881 3730 1950 poetis

2158 1980 2606 2052 philosophisque
2639 1978 2814 2032 multo
2863 1985 3141 2047 praestare.
3188 1976 3383 2029 Verum
3417 1976 3483 2029 de
3530 1975 3629 2031 hac
3670 1988 3729 2029 re

2158 2073 2321 2128 infra.

2226 2162 2313 2218 19.
2348 2160 2539 2216 Postea
2584 2159 2772 2215 Celsus
2806 2158 2997 2213 volens
3026 2156 3234 2211 occulte
3282 2152 3603 2209 calumniari
3652 2168 3716 2208 ea

2154 2268 2273 2322 quae
2325 2252 2391 2305 de
2424 2250 2609 2305 mundi
2669 2249 2949 2304 creatione
2997 2256 3337 2300 narrantura
3412 2246 3612 2316 Moyse,
3658 2262 3725 2303 cx

2152 2343 2347 2414 quibus
2379 2343 2599 2398 evidens
2664 2343 2724 2396 lit
2758 2344 3017 2396 mundum
3048 2342 3234 2397 decem
3290 2340 3435 2395 mille
3464 2355 3726 2394 annorum

2154 2434 2387 2489 nondum
2411 2447 2558 2499 esse,
2588 2434 2699 2487 imo
2726 2434 2892 2487 multo
2932 2447 3052 2486 esse
3089 2431 3465 2495 recentiorem,
3494 2430 3728 2484 occultat

2150 2524 2280 2593 quid
2330 2524 2447 2594 ipse
2472 2524 2539 2578 de
2576 2526 2680 2579 hac
2737 2539 2796 2578 re
2852 2526 3069 2588 sentiat,
3101 2523 3504 2591 asscntitnrque
3536 2522 3602 2575 iis
3635 2523 3724 2589 qui

2152 2614 2410 2668 mundum
2472 2616 2771 2668 increatum
2818 2624 3029 2683 putant.
3064 2614 3195 2668 Nam
3248 2614 3386 2682 quod
3421 2614 3497 2667 ait
3534 2612 3728 2666 multas

2150 2706 2218 2760 ab
2242 2706 2389 2760 omni
2439 2703 2636 2759 saeculo
2668 2702 3123 2771 conﬂagrationes
3156 2705 3421 2759 accidisse
3452 2704 3727 2773 multaque

2150 2794 2371 2861 diluvia,
2397 2809 2623 2863 quorum
2655 2804 2987 2862 postremum
3048 2794 3387 2849 Deucalionis
3428 2804 3585 2850 aetate
3619 2810 3724 2849 non

2151 2887 2223 2940 ita
2258 2888 2464 2955 pridem
2501 2887 2700 2941 factum
2721 2895 2825 2950 est,
2861 2887 2911 2939 id
2945 2887 3077 2941 satis
3107 2885 3345 2940 declarat
3370 2887 3417 2941 ei
3444 2886 3532 2955 qui
3570 2886 3725 2940 intel-
3768 2912 3771 2915 η

2151 2979 2320 3045 ligere
2359 2987 2558 3047 potest,
2611 2977 2750 3031 Celsi
2805 2976 3131 3031 sententiam
3163 2991 3282 3029 esse
3325 2978 3579 3031 mundum
3618 2992 3721 3031 nou

2152 3084 2269 3123 esse
2302 3075 2563 3121 creatum.
2595 3065 2749 3119 Dicat
2789 3066 2877 3120 ille
2905 3064 3379 3119 lideLChristianae
3411 3076 3719 3129 accusator,

2154 3162 2353 3230 quibus
2395 3161 2725 3229 argumentis
2772 3161 3021 3214 inductus
3075 3159 3140 3213 ad
3195 3159 3518 3215 credendum
3564 3161 3724 3214 fuerit

2157 3254 2352 3308 multas
2418 3252 2528 3319 jam
2584 3251 3037 3320 conﬂagrationes
3105 3252 3395 3319 contigisse
3448 3253 3721 3323 multaque

2154 3345 2382 3407 diluvia;
2412 3344 2713 3413 horumque
2732 3344 2981 3399 ultimum
3015 3343 3325 3398 luisseillud
3346 3346 3487 3413 quod
3522 3354 3721 3400 terram

2156 3435 2501 3490 Deucalionis
2534 3444 2776 3503 tempore
2808 3433 3044 3497 miscuit,
3071 3444 3121 3487 et
3154 3443 3478 3502 postremam
3520 3434 3721 3489 conﬂa-

2149 3528 2451 3597 grationem
2485 3536 2643 3581 mtate
2685 3526 3039 3581 Phaethontis
3068 3527 3349 3580 accidisse.
3393 3526 3448 3581 Si
3486 3526 3721 3582 Platonis

2151 3617 2392 3687 dialogos
2426 3615 2633 3683 objicit,
2662 3616 2904 3671 dicemus
2927 3614 3090 3669 licere
3120 3615 3273 3669 nobis
3289 3616 3452 3669 etiam
3475 3621 3717 3684 credere,

2150 3709 2202 3763 in
2233 3722 2366 3778 pura
2397 3708 2593 3778 piaque
2622 3707 2802 3760 anima
2828 3704 3046 3776 Moysis,
3066 3706 3155 3775 qui
3179 3721 3300 3761 sesc
3326 3721 3488 3776 super
3509 3717 3720 3763 creatas

2140 3856 2286 3924 gisse
2314 3855 2415 3909 hoc
2447 3848 2710 3908 diluvium
2739 3853 2840 3907 sub
2855 3851 3114 3924 Cecropis
3140 3866 3451 3908 successore
3478 3852 3715 3924 Cranao.

2139 3922 2390 3980 Clemens
2413 3924 2831 3983 Alexandrinus.
2856 3925 2948 3978 lib.
2973 3941 2989 3977 ι
3013 3923 3233 3987 Strom.,
3253 3924 3337 3977 bis
3368 3923 3563 3977 asserit
3586 3922 3717 3978 Deu-

2139 3995 2445 4048 calioneum
2474 3994 2736 4049 diluvium
2756 4003 2809 4047 et
2842 3994 3194 4047 Phaethontis
3232 3992 3536 4047 incendium
3576 3997 3717 4049 κατὰ

2138 4065 2435 4135 Κρότωπον
2464 4064 2756 4135 συμϐῆναι,
2783 4082 2799 4115 ι
2832 4063 3050 4135 Crotopi
3079 4072 3318 4135 tempore
3340 4064 3653 4135 contigisse.
3691 4086 3710 4117 ι

2136 4132 2217 4187 An
2255 4132 2597 4187 scribendum
2627 4134 2766 4186 κατὰ
2802 4134 3137 4204 Κέκροπαμ
3166 4132 3420 4204 Cecropis
3462 4135 3656 4186 relate?
3691 4154 3710 4185 ι

2143 4221 2162 4255 ι
2208 4204 2263 4257 Si
2298 4206 2382 4257 cui
2416 4205 2517 4257 hoc
2552 4205 2749 4272 placet,
2794 4222 2811 4255 ι
2853 4199 3022 4269 inquit
3059 4202 3270 4255 clariss.
3305 4199 3574 4272 Potterns,
3612 4221 3629 4253 ι
3670 4204 3719 4257 is

2138 4272 2429 4326 Eusebium
2466 4269 2739 4326 auctorem
2776 4272 2972 4325 habeat
3000 4272 3088 4339 qui
3120 4273 3173 4325 in
3211 4270 3474 4339 prooemio
3505 4269 3710 4325 Canon.

2137 4342 2375 4411 Κέκροψ.
2428 4358 2457 4394 e
2513 4340 2743 4395 Tatiano
2791 4356 2854 4393 ac
2909 4338 3445 4411 ClenrenteAreicrt;
3488 4339 3709 4411 Πρῶτος

2868 4408 3014 4482 κατόιΔ
3045 4409 3102 4461 δὲ
3133 4408 3317 4482 τοῦτον
3352 4408 3445 4482 κα).
3477 4408 3712 4482 Μωῦσῆς

2132 4482 2262 4551 παρ’
2309 4480 2575 4551 Ἑϐραίοις
2605 4478 2942 4551 ἐγνωρίζετο,
3108 4478 3247 4532 κατά
3296 4480 3484 4551 καιρὸν
3517 4478 3712 4551 ἐπιδεί-

2131 4547 2314 4621 ξομεν,
2362 4547 2444 4619 ἐφ’
2493 4547 2553 4605 οὗ
2599 4547 2763 4604 δ’ἐπὶ
2815 4549 3176 4621 Δευκαλίωνος
3204 4547 3604 4621 *κατακλυσμὸς
3654 4554 3711 4605 ἐν

2127 4619 2476 4691 Θείσσαλίᾳ,ἦ
2520 4638 2579 4673 τε
2623 4622 2712 4673 ἐπὶ
2745 4619 3039 4691 Φαέθοντος
3077 4619 3387 4691 ἐκπύρωσις
3428 4623 3484 4675 ἐν
3513 4619 3707 4675 Ἀἰθιο-

2130 4691 2251 4761 πίᾳ.
2292 4708 2309 4740 ι
2347 4688 2557 4743 Primus
2593 4692 2687 4743 fuit
2712 4691 2947 4761 Cecrops
2982 4688 3240 4758 Dipltyaes,
3266 4690 3418 4757 cujus
3467 4699 3708 4760 tempore

2127 4759 2268 4828 apud
2312 4761 2565 4814 Hebraeos
2600 4762 2850 4813 inclaruit
2894 4759 3142 4828 Moyses,
3196 4770 3254 4811 ιιι
3315 4776 3413 4812 suo
3466 4759 3704 4829 tempore

2126 4832 2497 4893 ostendemus,
2543 4841 2597 4883 et
2653 4834 2752 4883 sub
2795 4830 2983 4883 eodem
3040 4830 3264 4895 contigit
3314 4830 3363 4881 in
3426 4831 3703 4885 Thessalia

2129 4899 2542 4954 Deut-alioneum
2568 4900 2847 4965 diluvium,
2876 4909 2929 4952 et
2968 4900 3019 4952 in
3049 4898 3321 4965 xEthiopia
3348 4898 3710 4956 Phaethontis

2126 4969 2458 5023 incendium.
2502 4987 2523 5023 ι
2576 4971 2774 5038 Eadem
2819 4962 3107 5038 occurrum
3151 4971 3202 5022 itt
3239 4962 3477 5038 Epitonte
3526 4988 3703 5038 regum

2127 5039 2539 5108 Atheniensium,
2574 5051 2628 5095 et
2672 5031 3528 5108 ἰιιἹστοριῶνσυναγωηλρυπ.
3578 5031 3702 5101 3151,

2126 5125 2154 5161 a
2189 5107 2464 5177 Sealigero
2490 5110 2751 5163 translata
2785 5119 2930 5161 sunt.
2958 5109 3225 5163 Caeterum
3258 5107 3699 5164 deDeuealionei

2126 5177 2310 5229 diluvii
2346 5179 2554 5244 epocha
2599 5179 2717 5231 vide
2746 5178 3022 5232 Petavintn
3078 5177 3369 5231 Rationurii
3413 5186 3699 5247 temporum

2126 5258 2281 5315 parte
2312 5262 2370 5307 ιι,
2403 5248 2498 5300 lib.
2536 5262 2595 5314 ll,
2629 5264 2749 5316 cap.
2777 5248 2829 5302 9.

2192 5316 2307 5385 (95)
2354 5314 2726 5384 Ἐκπύρωσιίπ
2755 5318 2821 5371 δὲ
2862 5320 2975 5388 τὴν
3007 5318 3103 5372 ἐπὶ
3133 5316 3479 5380 Φαέθοντος.
3503 5314 3706 5388 Pra-ter

2126 5396 2376 5439 auctores
2437 5388 2486 5439 in
2551 5391 2872 5453 przecetlenti
2923 5385 3308 5442 observatione
3376 5385 3699 5453 appellatos,

2127 5455 2263 5524 lege,
2289 5458 2332 5509 si
2384 5452 2825 5521 lubet,0vidium
2878 5458 2969 5512 lib.
3016 5472 3052 5509 ιι
3098 5455 3469 5521 Μειαηιονμίι.,
3502 5452 3611 5507 fab.
3650 5456 3696 5505 1.

2128 5526 2390 5580 Srnncen.

2195 5596 2304 5665 (96)
2342 5595 2483 5659 Τοὺς
2514 5596 2848 5659 Πλάτωνος.
2882 5593 3007 5647 Vide
3036 5589 3272 5644 Platonis
3311 5590 3560 5644 Tima'um
3596 5607 3701 5644 non

2126 5664 2282 5736 longe
2309 5674 2432 5736 post
2464 5665 2693 5719 initium.
