3988 6156
386 277 495 336 695

1817 278 2140 337 ORIGENIS

3539 284 3644 342 696

393 415 478 454 res
517 415 705 458 omnes
729 410 984 458 evexerat
1020 410 1302 470 totumque
1341 402 1450 456 Deo
1494 402 1950 467 commiserat,in-

2074 403 2220 454 σεϐεἶ
2247 400 2390 471 ψυχῇ
2433 400 2706 462 Μωῦσέως
2725 440 2739 463 ,
2775 401 2882 453 πᾶν
2912 400 3135 472 γενητὸν
3169 400 3640 471 ύπεραναϐἀντος,

391 489 666 547 habitasse
688 494 927 548 divinum
960 492 1241 562 Spiritum,
1268 492 1357 559 qui
1388 493 1545 560 longe
1575 493 1774 548 clarius
1797 510 1957 562 quam

390 581 542 636 Plato
569 585 775 640 ullnsve
817 600 848 638 e
899 585 1100 639 Graecis
1127 593 1218 636 aut
1275 583 1525 639 barbaris
1559 585 1722 656 338
1743 587 1956 654 sapien-

389 671 554 737 tibus,
589 689 675 729 res
713 675 924 727 divinas
967 674 1297 727 exhibuerit.
1331 674 1483 740 Quod
1515 676 1559 728 si
1594 675 1894 746 poposcerit
1928 691 1958 728 a

390 763 541 816 nobis
596 765 856 818 rationem
904 764 1061 832 hujus
1107 764 1228 818 ﬁdei
1253 804 1266 830 ,
1305 767 1496 820 reddat
1529 768 1645 836 ipse
1680 767 1828 836 prior
1864 783 1958 822 ra-

387 855 584 906 tionem
605 869 787 906 eorum
807 869 926 922 quae
944 857 1063 908 sine
1088 854 1198 908 ulla
1231 857 1552 911 auctoritate
1576 857 1828 925 protulit;
1847 867 1957 912 tum

382 957 482 996 nos
505 958 720 1014 quoque
752 955 935 999 nostra
965 946 1078 999 bare
1101 944 1174 998 ita
1199 961 1256 1000 se
1295 946 1496 1000 habere
1519 947 1884 1017 probabimus.

447 1118 538 1174 20.
576 1118 842 1175 Cancrum
889 1121 1079 1177 Celsus
1125 1121 1208 1175 vel
1259 1122 1457 1176 invitus
1508 1121 1828 1176 testiﬁcatus
1877 1131 1960 1176 est

381 1211 734 1266 recentiorem
768 1227 892 1267 esse
925 1214 1205 1276 mundum,
1237 1216 1462 1268 necdum
1481 1215 1667 1269 decem
1692 1229 1956 1268 annorum

378 1301 545 1356 millia
604 1303 981 1381 complevisse,
1025 1321 1147 1359 cum
1190 1305 1328 1359 dixit
1377 1323 1404 1359 a
1449 1306 1654 1362 Graecis
1700 1320 1789 1362 res
1836 1305 1958 1360 illas

378 1393 630 1462 antiquas
653 1395 981 1460 existimari,
1013 1397 1137 1466 quia
1178 1407 1399 1468 propter
1429 1397 1630 1450 diluvia
1664 1405 1718 1452 et
1757 1395 1960 1451 conﬂa-

378 1485 654 1553 grationes
703 1499 866 1539 nemo
911 1487 1250 1555 antiquiores
1311 1487 1448 1542 vidit
1495 1497 1589 1540 aut
1657 1486 1958 1541 litterarum

343 1578 749 1632 .monumentis
803 1578 1101 1633 mandavit.
1149 1578 1263 1633 Sibi
1322 1593 1455 1633 vero
1527 1579 1717 1632 habeat
1770 1576 1961 1632 Celsus

382 1674 676 1742 magistros
701 1674 766 1728 de
793 1673 1310 1745 conﬂagratiouibus
1333 1685 1387 1728 et
1407 1673 1626 1728 diluviis
1652 1670 1958 1741 Egyptios.

2065 495 2159 547 καὶ
2197 493 2291 546 τοῦ
2323 492 2654 564 δημιουργοῦ
2687 492 2795 546 τῶν
2831 491 2966 547 ὅλων
2997 494 3186 546 ἑαυτὸν
3220 493 3637 566 ὲξαρτήσαντος,

2059 584 2551 655 ὲμπεπολιτεῦσθαι
2579 585 2802 655 Πνεῦμα
2835 585 2994 651 θεῖον,
3026 586 3204 657 πολλῷ
3248 587 3638 658 ἐναργέστερον

2057 675 2363 738 Πλάτωνος,
2390 673 2485 726 καὶ
2513 672 2617 728 τῶν
2644 673 2774 743 παρ’
2804 674 3025 743 Ἕλλησι
3050 673 3143 727 καὶ
3171 675 3320 746 παρὰ
3345 674 3638 745 βαρϐάροις

2059 762 2260 831 σοφῶν,
2289 762 2359 814 τὰ
2388 761 2482 814 τοῦ
2516 761 2650 814 Θεοῦ
2683 763 3130 832 παραπήσαντος
3158 761 3286 834 (97).
3317 765 3380 816 Et
3405 763 3449 815 δ’
3475 765 3610 817 ἀπαι

2056 859 2140 909 τεί
2173 859 2320 927 ἡμᾶς
2353 855 2546 924 λόγους
2578 855 2676 925 τῆς
2709 853 2963 924 τοιαύτης
3002 854 3253 919 πίστεως,
3286 855 3473 908 διδότω
3505 855 3640 927 πρό-

1972 992 1974 994 .
2057 965 2215 1018 τερος
2247 947 2378 1019 περὶ
2417 941 2493 1000 ὧν
2540 945 2702 1009 αὐτὸς
2742 945 3140 1008 ἀναποδείκτως
3169 947 3503 1016 ἀπεφήνατο,
3543 948 3640 1001 καὶ⁹

2060 1039 2186 1106 ἑξῆς
2213 1037 2698 1106 κατασκευάσομεν
2729 1035 2795 1090 τὰ
2826 1036 3067 1108 ἡμέτερα
3099 1037 3250 1090 ταῦθ’
3278 1037 3449 1099 οὕτως
3474 1038 3635 1106 ἔχειν.

2123 1123 2273 1192 Πλὴν
2345 1124 2441 1178 καὶ
2511 1126 2662 1181 ἄκων
2702 1128 2952 1181 ἐνέπεσεν
2976 1129 3002 1180 ὁ
3019 1127 3222 1192 Κέλσος
3252 1129 3328 1192 εἰς
3352 1129 3409 1181 τὸ
3435 1145 3641 1200 μαρτυ-

2061 1219 2174 1289 ρεῖν
2209 1216 2286 1287 τῷ
2318 1216 2578 1288 νεώτερον
2619 1211 2756 1270 εἶναι
2789 1216 2879 1268 τὸν
2912 1216 3134 1287 κόσμον,
3169 1220 3262 1271 κα)⁵
3290 1218 3500 1272 οὐδέπω
3537 1237 3639 1289 μυ-

2061 1308 2192 1380 ρίων
2219 1307 2375 1374 ἐτῶν,
2423 1307 2592 1361 εἰπὼν
2636 1309 2730 1361 καὶ
2765 1309 3028 1379 Ἕλληνας
3053 1309 3224 1362 ταῦτα
3256 1309 3494 1380 νομίζειν
3536 1312 3638 1382 ἀρ-

2058 1403 2205 1471 χαῖα,
2243 1401 2318 1463 ὡς
2356 1400 2702 1471 πρεσϐύτερα
2747 1399 2877 1471 (98),
2912 1399 2999 1452 διὰ
3031 1401 3156 1462 τοὺς
3196 1399 3634 1470 κατακλυσμοὺς,

2058 1493 2153 1546 καὶ
2186 1491 2286 1555 τὰς
2319 1491 2658 1562 ὲκπυρώσεις
2688 1493 2750 1544 οὐ
2793 1493 3212 1563 τεθεωρήκασιν,
3247 1491 3354 1544 οὐδ’
3386 1494 3634 1562 ἀπομνη-

2063 1580 2396 1650 μονεύουσιν.
2452 1581 2736 1634 Ἔστωσαν
2780 1581 2836 1633 δὲ
2880 1581 2958 1650 τῷ
3007 1581 3198 1651 Κέλσῳ
3244 1581 3338 1634 τοῦ
3373 1582 3636 1652 περὶτῶν

2060 1667 2422 1740 ὲκτωρὼσεων
2466 1671 2559 1724 καὶ
2602 1669 2983 1736 ὲξυδατώσεων
3028 1670 3195 1741 μύθου
3246 1673 3553 1725 διδάσκαλοι
3583 1673 3634 1725 οι

381 1765 472 1833 qui
521 1764 621 1832 ipsi
663 1764 912 1818 videntur
964 1766 1208 1818 omnium
1260 1764 1671 1834 sapientissimi.
1731 1763 1950 1832 Egregia

2059 1762 2176 1813 κατ’
2202 1761 2364 1815 αὑτὸν
2391 1760 2690 1828 σοφώτατοι
2711 1760 3020 1829 Αἰγύπτιοι,
3050 1756 3124 1817 ὧν
3148 1763 3246 1833 τῆς
3275 1763 3464 1833 σοφίας
3488 1763 3633 1834 ἴχνη,

380 1854 590 1910 scilicet
621 1864 780 1909 tantae
812 1856 1094 1924 sapientia:
1123 1856 1460 1925 reliquerunt
1489 1854 1736 1922 vestigia,
1779 1854 1869 1922 qui
1903 1862 1958 1906 et

378 1947 632 2001 animalia
690 1948 918 2002 rationis
959 1949 1199 2016 expertia
1227 1948 1617 2013 adoravernnt,
1666 1955 1718 2000 et
1749 1961 1956 2000 sermo-

376 2039 536 2094 nibus
577 2040 807 2108 probare
836 2040 1017 2093 conati
1064 2047 1188 2092 sunt
1215 2038 1416 2092 cultum
1444 2039 1523 2091 sic
1551 2039 1658 2090 Deo
1697 2036 1952 2089 tributum

283 2187 291 2195 ,
377 2131 576 2186 rationi
605 2145 926 2200 congruere,
959 2140 1014 2183 et
1044 2130 1262 2184 areanis
1292 2129 1611 2196 quibusdam
1657 2127 1954 2181 abstrusis--

375 2236 484 2290 que
517 2223 817 2277 rationibus
851 2223 1108 2277 stabiliri.
1159 2222 1237 2276 Ac
1281 2220 1517 2291 iEgyptii
1561 2221 1797 2286 quidem,
1830 2235 1952 2274 cum

374 2328 525 2367 suam
559 2314 650 2368 Dei
686 2315 894 2369 colendi
935 2315 1198 2368 rationem
1253 2314 1304 2366 in
1359 2312 1600 2366 colendis
1633 2311 1954 2365 animalibus

374 2405 608 2474 positam
641 2407 926 2473 extollunt,
959 2406 1234 2474 sapientes
1255 2415 1418 2459 sunt:
1453 2413 1508 2458 at
1539 2403 1582 2458 si
1633 2403 1755 2472 quis
1776 2402 1953 2456 Judae-

373 2508 528 2545 urum
579 2493 682 2561 legi
713 2490 1122 2562 legEslatorique
1161 2494 1464 2548 assentiens
1494 2493 1676 2546 omnia
1729 2492 1796 2545 ad
1834 2493 1953 2545 uni-

375 2596 650 2648 versarum
669 2598 846 2636 rerum
873 2583 1212 2637 conditorem
1242 2591 1293 2636 et
1329 2581 1502 2637 solum
1533 2582 1696 2635 Deum
1727 2580 1949 2645 referat,

372 2669 528 2730 Celso
559 2680 787 2743 ejusque
812 2675 1082 2729 similibus
1109 2675 1325 2730 videtur
1347 2690 1411 2729 eo
1443 2690 1562 2729 esse
1582 2672 1826 2738 inferior,
1859 2675 1948 2744 qui

375 2775 620 2821 naturam
662 2769 903 2821 divinam
964 2783 1068 2821 non
1123 2768 1193 2821 ad
1237 2767 1579 2821 rationabilis
1640 2777 1847 2820 tantum
1899 2776 1952 2820 et

373 2863 622 2914 mortalia
653 2862 946 2924 animalia,
1009 2861 1103 2915 sed
1149 2862 1310 2914 etiam
1358 2860 1424 2914 ad
1464 2875 1526 2913 ea
1576 2875 1696 2928 qnze
1742 2856 1951 2912 ratione

372 2960 586 3014 carent,
650 2952 900 3016 dimittit;
945 2953 1087 3020 quod
1144 2951 1424 3018 impietate
1493 2948 1647 3018 longe
1733 2956 1954 3015 superat

377 3039 675 3094 fabulosam
725 3057 755 3094 e
803 3042 1122 3110 corporibus
1193 3041 1245 3093 in
1303 3054 1534 3108 corpora
1593 3038 1947 3107 transmigra-

377 3129 612 3196 tionem,
669 3147 771 3199 qua
851 3134 1003 3185 lieret
1059 3140 1117 3184 ut
1169 3132 1347 3184 anima
1387 3147 1417 3186 e
1479 3129 1604 3184 caeli
1634 3129 1935 3183 fornicibus

375 3219 590 3290 delapsa
630 3222 681 3274 in
715 3221 900 3276 brutas
933 3222 1235 3276 animantes
1286 3231 1395 3274 tam
1428 3229 1738 3274 mansuetas
1783 3233 1942 3288 quam

378 3312 526 3365 feras
545 3313 920 3367 descenderet.
957 3313 1088 3368 Cum
1127 3308 1438 3382 hujusmodi
1485 3310 1693 3366 fabulas
1724 3319 1952 3364 narrant

377 3402 645 3476 Egyptii,
711 3405 962 3459 nimirum
1017 3405 1299 3460 recondita
1369 3414 1422 3460 et
1464 3419 1663 3459 arcana
1721 3405 1952 3460 scrutari

2062 1852 2230 1921 ἄλογα
2259 1852 2371 1916 ζῶα
2398 1853 2864 1925 προσκυνούμενα,
2888 1856 2980 1908 καὶ
3007 1856 3153 1924 λόγοι
3175 1857 3530 1928 παριστάντες
3549 1856 3635 1909 εῦ-

2060 1943 2216 2011 λογον
2247 1939 2383 1998 εἷναι
2422 1945 2517 1998 καὶ
2563 1946 3046 2018 ἀνακεχωρηκυῖάν
3082 1965 3204 1999 τινα
3236 1948 3330 2001 καὶ
3371 1949 3633 2019 μυστικὴν

2059 2033 2155 2104 τὴν
2183 2033 2436 2106 τοιαύτην
2465 2034 2555 2088 τοῦ
2583 2036 2717 2088 Θεοῦ
2743 2038 3052 2108 θεραπείαν.
3080 2039 3197 2092 Κᾶν
3226 2040 3320 2110 μὲν
3349 2039 3632 2108 Αἰγύπτιοι

2061 2124 2188 2196 περὶ
2217 2124 2324 2178 τῶν
2358 2124 2509 2190 ζώων
2546 2127 2898 2196 σεμνύνοντες
2931 2130 3134 2183 ἑαυτῶν
3160 2131 3251 2184 τὸν
3280 2131 3435 2199 λόγον
3467 2129 3635 2185 θεολο-

2057 2218 2180 2286 γίας
2199 2218 2422 2288 φέρωσι,
2448 2217 2600 2288 σοφοί
2625 2222 2761 2272 εἰσιν
2781 2237 2795 2250 ·
2815 2220 2909 2274 ἐὰν
2927 2221 2982 2272 δέ
3002 2239 3084 2284 τις
3098 2221 3205 2276 τῶν
3233 2222 3503 2275 Ἰουδαίων
3523 2222 3630 2292 (99)

2059 2308 2570 2380 συγακαταθέμενος
2594 2311 2742 2381 νόμῳ
2775 2311 2867 2365 καὶ
2900 2312 3162 2384 νομοθέτῃ
3191 2313 3366 2366 πάντα
3393 2314 3634 2388 ἀναφέρῃ

2056 2402 2148 2454 ἐπὶ
2180 2403 2269 2456 τὸν
2297 2401 2404 2454 τῶν
2435 2401 2570 2456 ὅλων
2602 2403 2933 2473 δημιουργὸν
2963 2403 3057 2455 καὶ
3087 2403 3243 2472 μόνον
3272 2403 3425 2468 Θεὸν,
3459 2405 3630 2474 ἥττων

2055 2490 2193 2546 εἶναι
2242 2493 2392 2564 παρὰ
2439 2493 2631 2564 Κέλσῳ
2673 2495 2764 2546 καὶ
2798 2498 2909 2557 τοῖς
2945 2493 3150 2565 ὁμοίοις
3183 2494 3331 2565 αὐτῷ
3363 2494 3630 2562 λογίζεται

2054 2585 2146 2638 τοῦ
2195 2584 2268 2655 μὴ
2309 2587 2388 2646 εἰς
2435 2584 2628 2652 λογικά
2675 2585 2832 2654 μόνον
2863 2585 2956 2637 καὶ
2989 2584 3157 2654 θνητὰ
3190 2584 3323 2650 ζῶα,
3361 2584 3495 2638 ἀλλά
3539 2586 3631 2639 κα)⁸

2054 2677 2134 2737 είς
2166 2675 2332 2742 ἄλογα
2370 2674 2702 2742 κατάγοντος
2735 2674 2830 2745 τὴν
2879 2673 3125 2744 θεότητα,
3171 2675 3310 2746 ὑπὲρ
3339 2676 3441 2746 τὴν
3478 2676 3629 2747 μυθι-

2055 2767 2155 2837 κὴν
2183 2767 2667 2836 μετενσωμάτωσιν
2690 2766 2787 2835 (1),
2807 2764 2904 2836 τὴν
2929 2783 2996 2817 πε
3005 2767 3057 2836 pi.
3085 2766 3179 2835 τῆς
3202 2768 3504 2836 πιπτούσης
3528 2766 3630 2820 ἀπὸ

2053 2857 2159 2910 τῶν
2191 2857 2391 2927 ἀψίδων
2425 2856 2517 2911 τοῦ
2551 2858 2782 2928 οὐρανοῦ
2815 2857 2992 2928 ψυχῆς
3025 2859 3116 2910 καὶ
3149 2858 3253 2922 ἕως
3280 2860 3387 2912 τῶν
3421 2859 3631 2927 ἀλόγων

2054 2945 2228 3010 ζώων,
2254 2949 2315 3000 ού
2346 2950 2500 3018 μόνον
2540 2949 2778 3021 ἡμέρων,
2806 2948 2939 3001 ἀλλὰ
2965 2949 3058 3001 καὶ
3087 2951 3436 3022 ἀγριωτάτων
3462 2968 3631 3004 κατα-ι

1999 3103 2016 3121 Ἰ
2053 3040 2363 3111 ϐαινούσης.
2398 3041 2508 3095 Καὶ
2541 3041 2635 3095 ἐὰν
2685 3042 2781 3112 μὲν
2820 3041 3104 3109 Αἰγύπτιοι
3140 3042 3491 3112 μυθολογῶσι,
3540 3060 3631 3096 πιη

2053 3131 2328 3184 στεύονται
2358 3130 2851 3202 πεφιλοσοφηκέναι
2884 3131 2950 3183 δι’
2982 3132 3249 3202 αἰνιγμῶν
3275 3132 3367 3184 καὶ
3392 3132 3632 3204 ἀπορρή-

2053 3242 2158 3277 των
2178 3241 2192 3255 ’
2229 3224 2322 3277 ἐὰν
2350 3223 2405 3276 δὲ
2441 3224 2683 3292 Μωῦσῆς
2714 3224 2818 3292 ὅλῳ
2843 3223 2985 3277 ἔθνει
3016 3225 3345 3295 συγγράφων
3392 3225 3630 3296 ἱστορίας

2059 3315 2152 3367 καὶ
2185 3315 2380 3384 νόμους
2405 3315 2586 3378 αὐτοῖς
2616 3315 2910 3386 καταλίπῃ,
2941 3313 3098 3384 μῦθοι
3127 3315 3271 3368 κενοὶ
3300 3317 3625 3385 νομίζονται,

2062 3405 2184 3476 μηδ’
2217 3405 2543 3476 ἀλληγορίαν
2571 3403 2940 3474 ἐπιδεχόμενοι
2969 3406 3017 3456 oi
3059 3405 3204 3474 λόγοι
3235 3405 3419 3459 αὑτοῦ.

375 3506 660 3565 putantur;
705 3511 838 3566 quas
867 3513 995 3552 vero
1019 3498 1294 3566 historias,
1338 3513 1470 3568 quas
1499 3498 1644 3568 leges
1711 3499 1806 3552 toti
1845 3499 1989 3569 genti
2043 3497 2254 3569 Moyses
2303 3497 2537 3568 reliquit,
2583 3511 2660 3552 ea:
2710 3498 2957 3550 videntur
3017 3497 3204 3552 inanes
3252 3496 3470 3561 fabulae,
3528 3508 3624 3549 nec

375 3592 489 3659 ejus
536 3607 814 3648 sermones
863 3593 1210 3663 aiiegoricum
1267 3608 1487 3649 sensum
1539 3602 1795 3663 putantur
1855 3592 2162 3647 admittere.

443 3681 534 3735 21.
564 3683 738 3751 Atque
792 3685 906 3739 hmc
943 3685 1082 3740 Celsi
1119 3686 1615 3754 Epicnreorumque
1672 3685 1945 3740 sententia

374 3780 481 3824 est.
519 3772 652 3826 Nam
681 3773 754 3826 ait
778 3774 866 3827 ille
897 3793 909 3827 :
943 3795 960 3826 ι
990 3775 1065 3830 Ex
1106 3779 1204 3830 hac
1249 3779 1517 3842 doctrina,
1581 3792 1742 3846 quam
1791 3792 1820 3830 a
1860 3792 1950 3830 sa-

376 3861 649 3927 pientibus
713 3864 962 3932 gentibus
1029 3867 1360 3936 eruditisque
1434 3869 1566 3922 viris
1625 3877 1942 3936 acceperat,

377 3949 617 4003 divinum
680 3950 896 4020 Moyses
948 3967 1272 4009 consecutus
1339 3966 1424 4012 est
1482 3973 1703 4012 nomen.
1773 3977 1792 4009 ι
1845 3957 1945 4012 Cui

377 4054 478 4109 ego
514 4057 528 4093 :
577 4041 724 4106 Esto,
760 4043 972 4114 Moyses
1011 4046 1355 4100 vetusnorem
1392 4046 1693 4102 doctrinam
1734 4064 1801 4102 ex
1829 4048 1950 4102 aliis

379 4132 621 4185 auditam
682 4133 966 4190 tradiderit
1018 4135 1280 4192 l-lebraeis.
1337 4137 1394 4192 Si
1453 4139 1684 4203 falsam,
1726 4141 1770 4192 si
1815 4139 1950 4193 nihil

375 4222 659 4289 gravitatis
699 4233 786 4277 aut
821 4225 1098 4294 sapientia:
1138 4225 1423 4280 habentem
1467 4241 1534 4281 ex
1559 4228 1680 4283 aliis
1709 4229 1946 4282 auditam

378 4314 654 4381 suscepit,
700 4323 754 4368 et
783 4314 848 4369 iis
869 4331 1009 4384 quos
1052 4317 1311 4386 regebat,
1353 4320 1782 4382 commendavit,
1835 4334 1947 4372 me-

377 4407 480 4459 rito
509 4407 811 4475 culpandus
842 4418 956 4474 est;
998 4411 1141 4479 quod
1187 4411 1266 4476 si,
1300 4424 1356 4466 ut
1405 4414 1486 4467 ais
1541 4421 1632 4479 tu,
1681 4411 1945 4479 sapientia

379 4509 618 4564 veraque
652 4501 855 4568 recepit
900 4502 1171 4570 dogmata,
1210 4513 1263 4556 et
1311 4518 1440 4558 suos
1483 4519 1544 4558 ea
1581 4503 1785 4566 docuit,
1815 4503 1944 4572 quid

2121 3684 2292 3738 Τοῦτο
2337 3684 2444 3757 γὰρ
2485 3683 2676 3753 Κέλσῳ
2728 3683 2963 3745 καὶτοῖς
3022 3683 3414 3753 Ἐπικουρείοις
3457 3683 3619 3736 δοκεῖ.

2059 3795 2077 3828 ι
2115 3775 2318 3829 Τούτου
2361 3772 2473 3838 οὖν,
2527 3775 2680 3845 φησὶ,
2738 3773 2830 3827 τοῦ
2872 3775 3030 3843 λόγου
3074 3773 3166 3827 τοῦ
3219 3773 3369 3844 παρά
3399 3775 3511 3835 τοῖς
3543 3789 3627 3824 σο-

2055 3868 2176 3935 φοῖς
2235 3865 2412 3919 ἔθνεσι
2469 3866 2563 3917 κα1⁸
2616 3864 2920 3934 ἐλλογίμοις
2978 3864 3233 3936 ἀνδράσιν
3283 3863 3623 3932 ἐπακηκοὼς,

2053 3957 2224 4027 ὄνομα
2255 3956 2527 4026 δαιμόνιον
2560 3955 2686 4024 ἔσχε
2717 3955 2974 4024 Μωῦσῆς.
3029 3973 3046 4006 ι
3083 3956 3192 4007 Καὶ
3219 3955 3362 4024 πρὸς,
3388 3953 3540 4008 τοῦτο
3571 3953 3626 4005 δὲ

2053 4045 2291 4110 λεκτέον,
2322 4045 2387 4100 ἵν’
2414 4044 2562 4116 αὐτῷ
2597 4044 2918 4115 συγχωρηθῇ
2951 4044 3185 4097 Μωῦσέα
3214 4045 3502 4115 ἀκηκοέναι
3527 4042 3626 4113 ἆρ-

2052 4138 2331 4208 χαιοτέρου
2366 4136 2555 4205 λόγου,
2590 4137 2684 4190 καὶ
2720 4135 2904 4188 τοῦτον
2949 4134 3220 4204 Ἑϐραίοις
3253 4134 3628 4205 παραδεδωκέ-

2053 4246 2141 4284 ναι
2159 4245 2172 4258 ⁶
2199 4229 2280 4282 ὅτι
2305 4229 2351 4280 εί
2378 4229 2475 4298 μὲν
2494 4227 2721 4296 ψευδοῦς
2743 4227 2900 4295 λόγου
2924 4228 3183 4290 ἀκούσας,
3211 4229 3303 4280 καὶ
3328 4228 3401 4297 μὴ
3428 4225 3587 4296 σοφοῦ
3605 4266 3621 4290 ,

2061 4321 2192 4390 μηδὲ
2225 4320 2444 4390 σεμνοῦ,
2486 4319 2818 4391 παρεδέξατο
2850 4320 3015 4372 αὐτὸν
3059 4321 3151 4373 καὶ
3193 4319 3475 4391 παρέδωκε
3517 4321 3623 4382 τοῖς

2057 4411 2148 4465 ὑπ’
2199 4411 2380 4474 αὑτὸν,
2415 4409 2675 4480 ἔγκλητός
2721 4410 2900 4462 ἐστιν’
2939 4412 2985 4462 εἰ
3027 4409 3092 4474 δ’,
3129 4411 3203 4474 ὡς
3232 4411 3294 4460 σὺ
3334 4411 3461 4480 φῂς,
3500 4425 3622 4476 συγ-

2057 4500 2314 4554 κατέθετο
2338 4500 2570 4572 δόγμασι
2605 4503 2785 4568 σοφοῖς
2819 4501 2914 4552 καὶ
2945 4500 3188 4570 ἀληθέσι,
3219 4501 3311 4554 καὶ
3343 4501 3624 4554 ἐπαίδευσε

377 4583 507 4638 fecit
537 4588 820 4655 quodjure
848 4592 1166 4658 reprehendi
1201 4595 1397 4661 queat?
1431 4594 1646 4649 Utinam
1685 4570 1947 4662 Epicurus

2059 4591 2176 4652 τοὺς
2207 4590 2439 4651 οἰκείους
2469 4589 2534 4641 δι’
2569 4588 2767 4653 αὐτῶν,
2795 4591 2844 4643 τί
2864 4608 2991 4642 ποτε
3020 4590 3092 4659 (ﬁ)
3121 4591 3451 4662 κατηγορίας
3482 4591 3624 4657 ἄξιον

447 4679 557 4754 (θῖ)
600 4680 804 4754 Τάῂτοῦ
837 4684 985 4737 Θεοῦ
1013 4687 1535 4754 παραστήσαντος.
1576 4689 1666 4740 Sic
1714 4687 1955 4740 Pbiloca-

377 4747 480 4826 lial;
520 4747 859 4826 lioescbelius
883 4747 1136 4826 autemet
1166 4747 1589 4826 Spencerns,'edt
1615 4755 1750 4826 Θεοῦ
1783 4773 1955 4826 παρα-

377 4817 689 4894 στῄσαντος.
734 4819 941 4894 Mallem
976 4843 988 4876 :
1018 4824 1098 4876 Τά
1151 4817 1243 4878 τοῦ
1287 4825 1422 4878 Θεοῦ
1470 4817 1876 4894 παραστῆσαν,’
1902 4834 1958 4878 ut

376 4888 644 4966 I'CIS‘IEUH“
677 4893 1029 4966 napus-ﬁcari:
1064 4895 1154 4966 adi
1183 4898 1493 4962 praecedens
1538 4888 1759 4966 Πνεῦμα
1794 4897 1954 4947 θεῖον.

379 5017 409 5041 τ
450 4955 560 5041 (98)
714 4955 1100 5041 πρεσϐὗτερα.
1127 4955 1317 5041 Gnietu
1349 4955 1697 5041 scribendum
1723 4968 1956 5041 videtur,

373 5027 452 5110 ὢν
483 5027 846 5111 πρεσϐύτερα,
878 5027 1020 5111 quod
1048 5035 1262 5111 et_mibi
1291 5035 1666 5111 arritlet._Mox
1707 5045 1828 5111 post
1863 5035 1958 5111 ita).

372 5103 482 5172 ’³ᾰέ
509 5103 866 5172 ἐκΤὲυρώετεις,
893 5103 996 5154 duo
1034 5104 1189 5155 codd.
1220 5105 1497 5172 Anglicani
1525 5106 1743 5168 habent,
1769 5104 1860 5167 οὓς
1900 5105 1958 5156 ού

372 5163 804 5292 τεθεωρίᾶκασιν⁸
840 5174 968 5236 lieg.
1003 5181 1055 5223 et
1096 5173 1280 5238 Basil.,
1304 5163 1384 5227 Veii
1431 5175 1490 5226 ού
1539 5163 1958 5246 τεθεωρήκασιν,

374 5248 566 5292 Sicque
636 5239 864 5292 (liialtlls.
894 5243 982 5292 uni
1030 5242 1251 5292 insnner
1277 5245 1340 5292 uti
1381 5246 1676 5292 nmminem
1726 5247 1882 5292 habet
1923 5243 1957 5292 ἃ.

374 5239 575 5312 sicque
603 5239 864 5312 Julianus,
894 5243 982 5310 qni
1030 5242 1251 5308 insuper
1277 5245 1340 5297 ad
1381 5246 1676 5312 marginem
1714 5239 1882 5297 'bitbet
1923 5243 1957 5295 ἃ

373 5308 432 5382 ορ
489 5306 926 5382 τεθεωρήκασινξ
971 5306 1309 5382 litpsclielius
1357 5323 1411 5366 et
1445 5306 1750 5381 Spencet'us
1778 5328 1952 5382 neque

372 5373 490 5439 οὓς,
522 5373 696 5443 neque
801 5397 974 5449 neque
1000 5377 1059 5435 οὗ
1088 5373 1556 5452 exliibe.it,sicqi;e
1579 5383 1766 5452 reliqui
1787 5373 1946 5436 cold.

377 5459 504 5518 mss.
549 5462 681 5514 quos
716 5451 816 5502 huc
852 5453 966 5504 luco
1005 5453 1304 5518 sequimur.

448 5516 555 5586 (99)
601 5519 742 5570 Ἐὰν
769 5520 834 5573 δε
871 5540 958 5586 τις
989 5516 1104 5575 τῶν
1143 5522 1453 5575 Ἰουδαίων.
1499 5522 1588 5577 Sic
1632 5523 1945 5575 i’hiluealia.

377 5583 717 5660 “(est'itelius
743 5602 798 5644 et
839 5583 1162 5660 Spéneerns,
1194 5593 1287 5644 ἐὰν
1332 5594 1388 5646 δὲ
1433 5597 1460 5646 ὁ
1511 5593 1616 5646 τῶν
1662 5593 1947 5646 Ἰουδαίων.

377 5653 554 5706 Codex
582 5653 926 5722 Basiieensis,
948 5662 1042 5714 ἐὰν
1072 5662 1128 5715 δὲ
1159 5666 1184 5716 ὁ
1217 5662 1293 5733 τῷ
1336 5663 1624 5728 Ἰουδαίων,
1657 5681 1757 5718 non
1789 5663 1945 5716 male.

2057 4683 2221 4756 Panlu
2252 4682 2676 4756 _post_Pbiluc.,
2734 4684 3057 4756 δημιουργὸν
3111 4686 3205 4738 καὶ
3254 4686 3410 4756 μόνον
3472 4687 3621 4742 Θεόν.

2059 4755 2214 4822 Apud
2252 4753 2611 4822 llmschelinm
2645 4766 2699 4806 et
2732 4753 3062 4822 Speneerum
3094 4753 3391 4808 deest‘xai.

2133 4822 2210 4893 (1)
2255 4822 2313 4893 Ὺ
2312 4821 2422 4890 πὲρ
2474 4824 2588 4890 τὴν
2633 4821 2894 4892 μυθικὴν
2935 4824 3489 4893 μετενσωμάτωσιν.
3539 4823 3625 4880 Sic

2060 4892 2356 4946 Pbiloealia
2385 4896 2770 4960 manuscripta,
2805 4907 2858 4946 et
2888 4892 3020 4947 sane
3049 4892 3278 4962 genuina
3315 4906 3393 4948 est
3441 4897 3620 4948 lectio.

2064 4963 2268 5035 Sensus
2291 4963 2433 5014 enim
2461 4962 2562 5035 hoc
2591 4963 2706 5017 loco
2739 4965 2912 5035 isrest,
2945 4963 3225 5035 Aﬂgyptios
3251 4965 3339 5033 qui
3375 4975 3620 5018 naturam

2063 5032 2296 5086 divinam
2323 5047 2427 5083 non
2454 5033 2520 5085 ad
2545 5034 2884 5088 rationabilia
2913 5032 3118 5086 tantum
3147 5046 3200 5088 et
3231 5032 3501 5095 mortalia,
3533 5037 3622 5087 sed

2059 5102 2222 5154 etiam
2256 5101 2323 5153 ad
2354 5102 2505 5156 bruta
2541 5103 2794 5156 animalia
2817 5107 3128 5168 demittunt,
3163 5105 3439 5170 impietate
3470 5105 3623 5171 longe

2061 5171 2366 5243 superiores
2383 5187 2500 5225 esse
2520 5172 2583 5225 iis
2603 5173 2690 5240 qui
2712 5174 2922 5226 animas
2943 5175 3245 5243 sulasjnxta
3265 5172 3555 5226 Platonit'tr
3571 5181 3623 5224 et

2063 5239 2321 5294 fabulosa:
2357 5244 2846 5311 transmigrationis
2879 5239 3118 5297 normam
3161 5259 3189 5295 e
3221 5244 3541 5304 corporibus
3571 5244 3620 5294 in

2060 5326 2285 5378 corpora
2309 5313 2541 5378 migrare
2558 5321 2798 5382 censent.
2818 5313 2974 5365 Libb.
2991 5315 3140 5375 editi,
3163 5313 3253 5364 ἐπὶ
3274 5312 3368 5382 τὴν
3391 5311 3624 5382 μυθικὴν

2061 5383 2562 5451 μετενσωμὰτωσιν,
2579 5381 2863 5434 Philocalia
2884 5385 3163 5451 impressa,
3180 5383 3316 5452 ὑπὲρ
3329 5381 3425 5503 την
3442 5381 3626 5433 αὐθεν-

2061 5453 2212 5503 τικὶήν
2257 5452 2755 5503 μετενσωμάτωσιν.
2800 5451 2967 5503 Paulo
3011 5462 3128 5503 nost
3159 5455 3326 5503 codex
3407 5453 3619 5502 olianus

2059 5453 2212 5522 τικὴν
2255 5452 2755 5523 μετενσωμάτωσιν.
2800 5451 2967 5504 Paulo
3011 5462 3128 5520 post
3159 5451 3326 5523 codex
3373 5451 3619 5523 Julianus

2058 5523 2123 5573 ad
2162 5521 2455 5592 marginem
2490 5523 2667 5586 habet,
2689 5521 2754 5574 δι’
2786 5523 3120 5592 αἰνιγμάτων
3153 5524 3244 5574 καὶ
3270 5521 3616 5592 ἀπορρήτων.

2129 5590 2202 5660 (Ξ)
2241 5592 2299 5645 Τί
2330 5609 2490 5645 ποτε.
2522 5593 2573 5644 In
2605 5594 2789 5644 codice
2818 5590 3104 5646 Basilecnsi
3137 5595 3283 5660 deest
3312 5590 3463 5653 ποτέ,
3501 5601 3619 5644 nec-

2056 5657 2159 5716 non
2185 5657 2238 5716 in
2267 5664 2434 5716 tribus
2492 5663 2797 5730 Anglicanis
2831 5672 2882 5715 et
2909 5663 3112 5716 duobus
3138 5657 3436 5716 Vaticanis.
