3988 6156
420 278 524 332 699

1886 268 2206 326 ORIGENIS

3565 264 3667 320 700

422 396 573 450 Illius
606 408 734 449 vero
772 394 1064 448 Abrahami
1099 406 1290 446 nomen
1330 400 1384 444 et
1415 405 1538 443 cum
1575 391 1681 443 Deo
1710 391 1990 444 familiari-

2099 392 2153 443 τὸ
2184 392 2352 461 ὄνομα
2384 392 2443 443 οὐ
2474 390 2712 459 Μωῦσῆς
2739 388 3039 459 ἀναγράφει
3072 387 3247 459 μόνος,
3269 385 3483 440 οἱκειῶν
3507 387 3671 441 αὐτὸν

427 498 595 541 tatem
646 501 753 540 non
787 486 996 556 Moyses
1039 483 1356 537 memoravit
1400 484 1568 538 solus.
1604 482 1785 537 Multis
1828 485 1989 537 etiam

421 592 609 630 eorum
655 577 745 645 qui
796 582 1081 629 exrautaut
1130 574 1419 637 daemonia,
1466 584 1756 642 usurpatur
1803 575 1986 630 istud:

426 684 450 719 ε
488 667 629 719 Deus
686 666 1009 728 Ahrahami;
1071 683 1090 716 ι
1143 663 1377 733 hincque
1431 666 1671 718 indicant
1712 681 1815 733 qua
1868 681 1989 719 cum

426 759 534 809 Deo
578 758 659 807 vir
702 758 788 809 ille
814 760 993 825 justus
1037 757 1200 811 fuerit
1245 758 1619 813 familiaritate
1648 760 1987 827 conjunctus.

427 848 690 913 Quocirca
741 847 904 899 Deum
960 848 1249 901 Abrahami
1310 848 1585 913 invocant,
1634 850 1847 902 etiamsi
1893 864 1989 901 ne—

422 938 594 991 s-t'iant
641 938 763 1006 quis
808 938 896 991 ille
942 937 1105 991 fuerit
1152 938 1519 992 Abrahamus.
1550 939 1701 1005 Quod
1738 940 1875 991 item
1926 940 1991 993 de

420 1028 592 1094 Isaac,
625 1029 694 1083 de
718 1028 906 1094 Jacob,
936 1029 1003 1083 de
1033 1028 1195 1084 lsrael
1230 1030 1516 1084 dicendum
1546 1040 1660 1096 est;
1688 1045 1805 1097 quae
1831 1029 1993 1100 340

421 1119 662 1183 nomina,
694 1119 840 1181 licet,
883 1129 937 1172 ut
973 1119 1023 1172 in
1063 1119 1311 1175 confesso
1350 1131 1454 1184 est,
1485 1120 1742 1173 Hebraica
1775 1120 1901 1182 sint,
1936 1122 1987 1172 in

419 1209 534 1261 suis
572 1218 751 1261 tamen
795 1210 992 1263 ritibus
1032 1210 1288 1263 adhibent
1316 1211 1573 1280 Egy’ptii,
1621 1225 1743 1263 cum
1788 1211 1987 1277 aliquid

422 1299 668 1353 mirabile
698 1300 1041 1368 pollicentur.
1070 1302 1221 1368 Quod
1249 1303 1315 1355 ad
1343 1303 1808 1355 circumcisionem
1837 1318 1992 1369 spec-

419 1398 518 1453 tat,
577 1404 681 1459 qua
731 1391 938 1458 primus
992 1392 1338 1445 Abrahamus
1390 1408 1517 1446 usus
1566 1402 1669 1453 est,
1718 1407 1991 1461 quamque

416 1479 575 1534 Jesus
622 1498 649 1533 a
691 1483 805 1536 suis
849 1483 1128 1549 discipulis
1172 1483 1448 1536 observari
1504 1484 1693 1546 noluit,
1735 1484 1854 1551 ejus
1903 1499 1991 1537 ra-

418 1574 594 1625 tiones
633 1587 903 1640 exponere
930 1589 1071 1626 nune
1110 1590 1214 1627 non
1258 1575 1457 1642 cogito,
1495 1590 1593 1629 nee
1640 1575 1783 1629 illius
1818 1575 1989 1643 expli-

417 1662 605 1713 canda:
650 1662 735 1713 hic
784 1671 1239 1732 opportuuus‘est
1290 1666 1458 1727 locus.
1506 1669 1597 1720 sed
1642 1674 1987 1740 pugnandum

421 1761 504 1805 est
530 1762 716 1805 contra
746 1754 991 1821 Celsum;
1018 1764 1071 1808 et
1094 1756 1220 1824 quia
1246 1758 1451 1823 putavit
1476 1758 1591 1813 falsi
1619 1763 1988 1817 conviciorum
2021 1731 2062 1785 Β

419 1858 478 1896 se
510 1844 723 1897 facilius
745 1845 1237 1912 Christianismum,
1268 1850 1310 1903 sl
1335 1848 1618 1904 Iudaicam
1649 1852 1988 1922 religionem,

419 1934 508 1986 cui
544 1950 695 1988 suam
734 1936 996 2001 originem
1032 1940 1210 2001 debet,
1260 1939 1444 1993 falsam
1478 1957 1596 1996 esse
1644 1947 1984 2010 ostenderet,

430 2023 672 2078 funditus
724 2028 892 2080 everti
941 2036 1153 2095 oportet
1197 2030 1459 2098 quidquid
1507 2032 1897 2088 calumniarum
1936 2036 1990 2089 in

423 2114 569 2167 illam
605 2115 918 2186 religionem
954 2120 1111 2171 fudit.

489 2206 576 2259 25.
622 2208 796 2276 Pergit
848 2208 1082 2265 Celsus:
1119 2229 1139 2263 ι
1176 2211 1237 2265 lli
1297 2212 1533 2284 Moysem
1586 2231 1741 2270 suum
1796 2217 1988 2271 ducem

419 2300 590 2351 secuti
627 2303 860 2368 caprarii
897 2305 1189 2373 oviumque
1219 2314 1489 2375 pastores,
1536 2310 1824 2363 rusticanis
1854 2310 1992 2363 dolis

420 2391 628 2457 decepti
677 2407 840 2445 unum
898 2393 1060 2448 Deum
1104 2412 1233 2451 esse
1270 2399 1636 2453 crediderunt.
1674 2420 1691 2451 ι
1732 2400 1991 2455 Ostendat

420 2480 581 2547 igitur
616 2484 912 2551 quomodo,
956 2487 1079 2539 dum
1123 2490 1360 2556 eaprarii
1407 2490 1699 2560 oviumque
1744 2501 1991 2560 pastores

421 2570 584 2632 nulla,
625 2586 679 2625 ut
710 2584 884 2641 putat,
918 2580 1127 2631 ratione
1177 2595 1204 2632 a
1253 2582 1473 2635 deorum
1520 2583 1664 2635 cultu
1704 2584 1987 2647 deficiunt,

420 2662 531 2728 ipse
568 2667 872 2731 approbare
914 2670 1087 2734 possit
1128 2672 1523 2727 multitudinem
1561 2674 1803 2740 deorum,
1851 2689 1986 2742 quos

417 2753 595 2809 (ἰταςοὶ
638 2757 836 2825 aliique
886 2761 1101 2813 barbari
1145 2762 1347 2815 colunt.
1389 2762 1539 2818 Dicat
1571 2767 1697 2833 quid
1749 2766 1848 2828 rei,
1885 2782 1987 2832 qua

418 2854 611 2898 natura
646 2848 714 2900 sit
748 2848 1111 2919 lllnemosytte,
1156 2868 1273 2921 qua:
1305 2853 1484 2908 Musas
1515 2870 1580 2908 ex
1612 2854 1742 2909 Jove
1782 2857 1986 2925 genuit,

420 2938 502 2989 vel
537 2936 758 2994 Themis
794 2958 912 3010 qum
938 2944 1128 3000 lloras.
1162 2944 1377 3000 Gratias
1410 2962 1624 3015 semper
1654 2949 1827 3001 nudas
1865 2963 1989 3017 pro-

2092 479 2239 548 Θεῷ·
2280 478 2412 532 ἀλλὰ
2443 478 2551 547 γὰρ
2583 479 2675 531 καὶ
2706 479 2886 531 πολλοὶ
2924 478 3031 530 τῶν
3070 477 3371 548 ἐπᾳδόντων
3410 477 3669 547 δαίμονας

2092 570 2324 640 χρῶνται
2346 572 2401 623 ἐν
2425 573 2532 632 τοῖς
2556 570 2730 637 λόγοις
2759 569 2932 622 αὐτῶν
2947 569 3042 639 τῷ,
3069 588 3085 619 ι
3130 569 3185 621 ’0
3201 569 3329 633 Θεὸς
3346 569 3609 643 Ἀϐραάμ·
3645 590 3663 621 ι

2094 662 2369 724 ποιοῦντες
2403 662 2502 731 μὲν
2534 660 2619 713 διὰ
2650 662 2709 713 τὸ
2742 661 2910 730 ὄνομα
2937 662 3030 714 καὶ
3057 663 3154 732 τὴν
3182 661 3316 732 πρὸς
3345 663 3433 715 τὸν
3466 664 3667 716 δίκαιον

2089 748 2184 800 τοῦ
2217 748 2351 800 Θεοῦ
2396 748 2698 817 οἰκειότητα
2722 765 2736 778 ο
2770 749 2849 802 διὸ
2885 750 3363 821 παραλαμϐάνουσι
3380 753 3497 823 τὴν,
3540 774 3556 804 ε
3611 756 3667 808 '0

2091 837 2221 899 Θεὸς
2260 838 2523 909 Ἀϐραὰμ,
2577 857 2593 890 ι
2632 838 2794 901 λέξιν,
2828 838 2926 891 οὐκ
2972 841 3318 911 ἐπιστάμενοι
3358 843 3414 894 δὲ
3468 844 3543 913 (8)
3586 846 3669 907 τίς

2093 929 2236 980 ἐστιν
2264 929 2291 980 ό
2332 929 2598 998 Ἀϐραάμ.
2635 929 2713 981 Τὰ
2758 930 2799 980 δ’
2844 930 2980 982 αὐτὰ
3026 931 3241 983 λεκτέον
3273 932 3366 985 καὶ
3407 934 3532 1005 περὶ
3576 933 3666 987 τοῦ

2104 1017 2307 1081 Ἰσαὰκ,
2366 1020 2459 1071 καὶ
2518 1019 2645 1089 περὶ
2706 1019 2797 1072 τοῦ
2845 1021 3032 1072 Ἰακὼὸ
3094 1022 3192 1091 (9),
3248 1023 3341 1075 καὶ
3392 1025 3519 1094 περὶ
3572 1024 3666 1077 τοῦ

2105 1111 2350 1181 Ἰσραήλ’
2410 1111 2566 1163 ἅτινα
2615 1112 3060 1182 ὁμολογουμένως
3094 1113 3320 1184 Ἐϐραῖα
3379 1115 3504 1168 ὅντα
3556 1117 3669 1169 ὀνό-

2095 1219 2256 1271 ματα,
2288 1202 2552 1271 πολλαχοῦ
2579 1206 2689 1266 τοῖς
2712 1204 3025 1270 Αἰγυπτίοις
3051 1205 3157 1275 (10)
3182 1207 3667 1275 ἐπαγγελλομένοις

2091 1294 2366 1363 ἐνέργειαν
2411 1311 2531 1348 τινα
2568 1296 2893 1365 ὲνέσπαρται
2930 1296 3229 1366 μαθήμασι.
3278 1298 3379 1349 Τὸν
3414 1298 3469 1350 δὲ
3512 1300 3667 1365 λόγον

2091 1386 2535 1456 τῆςνπεριτομῆς,
2571 1387 2869 1458 ἀρξάμενον
2902 1388 3007 1440 ἀπὸ
3037 1387 3129 1439 τοῦ
3168 1389 3413 1461 Ἀϐραὰμ
3445 1392 3536 1443 καὶ
3562 1410 3668 1443 κω-

2091 1476 2346 1546 λυόμενον
2379 1478 2482 1530 ὑπὸ
2518 1477 2607 1530 τοῦ
2632 1478 2827 1548 Ἰησοῦ,
2858 1478 2931 1549 μὴ
2958 1479 3279 1549 βουλομένου
3312 1480 3436 1543 τοῦς
3470 1482 3662 1534 ἑαυτοῦ

2095 1568 2339 1638 μαθητὰς
2381 1570 2439 1621 τὸ
2500 1571 2630 1623 αὐτὸ
2673 1573 2877 1635 ποιεῖν,
2920 1571 2981 1623 οὐ
3032 1570 3310 1642 πρόκειται
3355 1572 3449 1625 νῦν
3491 1574 3661 1644 ἑρμη-

2092 1659 2265 1711 νεύειν
2284 1676 2295 1688 °
2327 1660 2386 1711 οὐ
2416 1660 2521 1730 γὰρ
2554 1660 2651 1730 τῆς
2682 1663 2809 1730 περὶ
2834 1661 3036 1713 τούτων
3066 1663 3403 1727 διδασκαλίας
3426 1664 3455 1715 ὁ
3481 1665 3667 1735 παρὼν

2093 1752 2316 1821 καιρὸς,
2408 1752 2542 1805 ἀλλὰ
2593 1752 2800 1820 ἀγῶνος
2846 1752 3231 1824 καθαιροῦντος
3275 1756 3343 1808 τά
3398 1758 3669 1827 φερόμενα.

2095 1842 2197 1895 ὑπὸ
2241 1844 2445 1896 Κέλσου
2494 1844 2634 1898 κατὰ
2688 1845 2781 1897 τοῦ
2838 1847 3104 1899 Ἰουδαίων
3138 1848 3295 1915 λόγου
3330 1849 3664 1920 ἐγκλήματα,

2091 1935 2333 2005 οἰομένου
2384 1938 2566 2006 τάχιον
2616 1937 3021 2009 ψευδοποιήσειν
3075 1940 3164 1992 τὸν
3214 1942 3662 2011 Χριστιανισμδν,

2093 2026 2187 2079 ἐὰν
2222 2027 2319 2097 τῆς
2364 2028 2533 2098 ἀρχῆς
2567 2029 2729 2081 αὑτοῦ
2765 2029 2873 2099 (ll)
2918 2031 2973 2081 ὲν
3015 2033 3123 2093 τοῖς
3166 2032 3473 2096 Ἰουδαϊκοῖς
3506 2032 3668 2104 οὔσης

2093 2118 2270 2186 λόγοις
2302 2121 2619 2189 κατηγορῶν
2652 2123 2974 2193 παραστήσῃ
3005 2124 3264 2193 κάκείνην
3294 2124 3481 2195 ψευδῆ.

2175 2211 2329 2281 Ἑξῆς
2370 2214 2581 2276 τούτοις
2630 2215 2791 2283 φησὶν
2834 2216 2861 2266 ὁ
2902 2215 3126 2278 Κέλσος,
3160 2216 3242 2268 ὄτι
3282 2235 3298 2266 ι
3337 2216 3415 2286 τῷ
3466 2219 3668 2287 ἡγησα-

2097 2301 2240 2371 μένῳ
2288 2302 2434 2369 σφῶν
2481 2303 2733 2373 ἑπόμενοι
2773 2306 2978 2375 Μωῦσῇ
3010 2307 3219 2359 αἰπόλοι
3259 2309 3349 2360 καὶ
3398 2311 3664 2378 ποιμένες,

2092 2392 2365 2462 ἀγροίκοις
2412 2394 2645 2456 ἀπάταις
2695 2395 3213 2465 ψυχαγωγηθέντες,
3274 2398 3370 2451 ἕνα
3420 2400 3667 2469 ἐνόμισαν

2093 2481 2229 2537 εἶναι
2262 2484 2412 2537 Θεόν.
2448 2504 2465 2535 ι
2497 2485 2766 2538 Δεικνύτω
2799 2487 2993 2549 τοίνυν,
3022 2488 3138 2551 πῶς
3172 2490 3407 2542 αἰπόλων
3438 2493 3529 2543 καὶ
3564 2508 3667 2543 ποι-

2095 2577 2267 2646 μένων
2325 2576 2554 2645 ἀλόγως,
2586 2576 2659 2639 ὡς
2713 2578 2903 2644 οἴεται,
2953 2580 3301 2632 ἀποστάντων
3346 2581 3439 2633 τοῦ
3499 2582 3666 2633 σέϐειν

2091 2666 2278 2730 θεοὺς,
2335 2667 2493 2730 αὐτὸς
2538 2668 2755 2720 δύναται
2809 2670 3151 2739 παραστῆσαι
3193 2672 3251 2724 τὸ
3307 2672 3509 2741 πλῆθος
3564 2672 3667 2725 τῶν

2092 2758 2211 2811 καθ’
2250 2759 2514 2829 Ἕλληνας
2546 2759 2701 2819 θεῶν,
2734 2761 2766 2829 ἦ
2802 2763 2925 2824 τοὺς
2954 2762 3171 2825 λοιποὺς
3200 2763 3505 2835 βαρϐάρους
3537 2764 3663 2833 (12).

2090 2849 2360 2902 Δεικνὺτω
2408 2850 2583 2903 τοίνυν
2617 2850 2911 2903 ὑπόστασιν
2951 2853 3044 2904 καὶ
3085 2854 3270 2906 οὐσίαν
3309 2855 3669 2925 Μνημοσύνης

2090 2942 2364 3011 γεννώσης
2389 2941 2495 2994 ἀπὸ
2519 2942 2638 3005 Διὸς
2657 2942 2754 3004 τὰς
2774 2942 3061 3014 Μούσας·ἥ
3086 2944 3333 3014 Θέμιδος,
3356 2946 3450 3008 τὰς
3465 2947 3630 3016 Ὥρας
3648 2966 3659 2976 ·

421 3028 508 3079 bet
547 3044 730 3082 revera
763 3034 1050 3087 exsistere.
1080 3036 1147 3087 At
1191 3051 1293 3090 non
1328 3039 1528 3103 poterit
1556 3037 1643 3090 illa
1679 3039 1987 3092 Graecorum

2099 3032 2126 3103 η
2160 3032 2257 3095 τὰς
2293 3033 2533 3102 Χάριτας
2582 3034 2667 3084 ἀεὶ
2710 3034 2920 3103 γυμνὰς
2969 3036 3374 3104 παραστησὰτω
3414 3036 3668 3089 δύνασθαι

420 3118 698 3186 figmenta,
727 3124 921 3188 quibus
944 3140 1170 3192 corpora
1199 3130 1359 3182 tribui
1382 3130 1655 3193 videntur,
1682 3146 1746 3183 cx
1776 3130 1989 3184 illorum

420 3210 678 3277 operibus
721 3212 850 3265 deos
901 3229 1022 3267 esse
1076 3216 1472 3270 demonstrare.
1511 3218 1621 3272 Cur
1665 3220 1809 3273 enim
1853 3235 1992 3275 vera:

424 3303 596 3369 magis
627 3312 811 3356 essent
846 3303 948 3357 illze
983 3304 1297 3359 Grmcorum
1339 3309 1403 3360 de
1429 3309 1532 3361 diis
1559 3309 1770 3375 fabulas,
1809 3326 1993 3378 quam,

424 3392 571 3445 verbi
634 3408 826 3458 causa,
882 3394 1297 3467 Egyptiorum,
1376 3419 1602 3470 quorum
1662 3403 1839 3471 lingua
1896 3420 1994 3459 nec

421 3485 824 3554 Muemosynem
852 3502 1043 3541 novem
1070 3488 1343 3545 Musarum
1370 3504 1624 3557 matrem,
1658 3510 1754 3549 uec
1777 3493 1995 3549 Themi-

418 3640 525 3693 qne
553 3635 796 3693 gentesa
842 3626 1041 3682 .ludasis
1090 3629 1511 3687 cireumeidendi
1569 3636 1728 3688 ritum
1781 3643 1999 3688 mutua-

423 3706 504 3772 tos
534 3710 673 3772 esse.
851 3697 1210 3772 IEtliiopibus
1236 3702 1541 3772 Artapanus
1573 3714 1822 3767 testatur,
1858 3704 1999 3772 apud

422 3766 682 3837 Euseb.,d
708 3767 801 3817 lib.
865 3783 941 3829 ix,
992 3783 1112 3833 cap.
1144 3771 1212 3822 27
1245 3791 1256 3823 :
1294 3766 1449 3825 Οὕτω
1478 3772 1533 3825 δὲ
1564 3776 1688 3837 τοὺς
1722 3766 2006 3837 Αἰθίοπας,

422 3834 621 3915 καίπερ
660 3835 814 3895 ὄντας
841 3837 1146 3915 πολεμίους,
1174 3911 1183 3915 Α
1194 3842 1413 3915 στέρξαι
1447 3842 1535 3915 τόν
1564 3834 1823 3915 Mutila-71v,
1859 3834 2006 3915 ᾤστέ

426 3904 519 3986 καὶ
544 3903 639 3987 τῂν
672 3903 1352 3987 περιτομὴντῶνιαξδοίων
1381 3913 1509 3981 παρ’
1537 3915 1744 3965 ὲκεῖνου
1762 3903 1970 3983 ’μαθεῖν
1988 3931 2000 3943 ·

423 3971 677 4095 adﬁci/0v
706 3971 761 4025 δὲ
787 3971 1023 4038 τούτους,
1070 3978 1204 4030 ἀλλὰ
1246 3980 1336 4031 καὶ
1379 3971 1505 4043 τοῦς
1548 3986 1709 4055 ἱερεῖς
1740 3971 2002 4045 ἅπαντας.

432 4059 450 4091 ε
531 4042 771 4095 ⁴ιιιίυῐιεεδ
800 4056 978 4095 autem
1029 4047 1197 4095 insos.
1233 4051 1447 4095 tanmtsi
1489 4054 1683 4095 linem,
1738 4062 1845 4095 lam
1881 4068 2002 4095 nm-

432 4059 450 4091 ι
486 4042 771 4108 Αῑιιιὶυροδ
800 4047 1197 4119 auteiu__ipsos,
1233 4051 1447 4103 tametsi
1488 4042 1706 4116 host'es,
1738 4062 1845 4105 tam
1881 4042 2004 4119 pro-

426 4126 596 4181 penso
643 4121 820 4190 tanien
874 4116 926 4190 in
970 4114 1207 4190 illoysem
1259 4120 1440 4190 animo
1483 4114 1682 4183 fuisse,
1728 4131 1785 4175 ut
1832 4114 1999 4190 ipsius

424 4195 644 4259 quoque
676 4185 1119 4259 circumcisionis
1148 4189 1213 4239 ab
1245 4203 1310 4241 eo
1350 4189 1510 4242 ritum
1559 4185 1894 4259 acciperent.
1945 4192 1997 4245 Id

424 4252 565 4331 quod
597 4267 638 4331 ε).
660 4254 1029 4310 sacerdotibus
1054 4258 1216 4310 etiam
1262 4260 1514 4312 onmibus
1547 4252 1844 4331 praestitum
1881 4261 1998 4315 fue-

429 4324 519 4374 rit.
546 4336 564 4367 ι
608 4321 867 4377 Srmcea.

495 4392 570 4461 (8)
596 4396 716 4465 0ρκ
758 4394 1142 4465 ἐπιστάμενοι
1174 4397 1261 4453 δέ.
1309 4397 1504 4453 Guieto
1544 4401 1889 4455 scribendum
1921 4402 1999 4454 vi-

426 4462 582 4534 detur
608 4463 705 4515 οὐκ
740 4462 1090 4534 ἐπιστάμενοί
1116 4486 1197 4534 γε.

495 4531 574 4599 (9)
604 4533 740 4599 Περὶ
771 4534 873 4584 τοῦ
912 4531 1137 4590 Ἰακώϐ(
1158 4539 1285 4592 Vide
1339 4539 1431 4591 lib.
1470 4557 1503 4604 ι,
1543 4557 1689 4595 num.
1722 4540 1792 4593 24
1818 4549 1869 4592 et
1898 4540 1996 4604 ‘25;

426 4600 522 4657 lib.
548 4616 623 4662 Iv,
651 4618 796 4671 uuln.
828 4604 896 4655 55
924 4615 978 4657 et.
1007 4606 1107 4669 δός
1154 4607 1247 4661 lib.
1284 4626 1334 4671 ν,
1389 4600 1539 4661 num.
1586 4610 1654 4661 45
1689 4622 1741 4663 et
1789 4610 1877 4663 46.
1908 4600 2003 4663 ,Ιιιέ

426 4672 602 4747 stinns
650 4672 699 4747 i_u
727 4670 1001 4747 _Dialogo_
1028 4692 1145 4727 cum
1210 4670 1483 4747 Trgpltone
1514 4696 1530 4730 .‘
1565 4680 1692 4730 Ἐὰν
1752 4680 1808 4731 δὲ
1862 4679 2005 4732 κατὰ

426 4738 643 4817 παντὸςῄ
654 4738 925 4817 ὀνόματος
938 4743 1042 4817 τῷν
1070 4748 1199 4815 παρ’
1228 4738 1353 4817 ὑμῖν
1380 4750 1759 4817 γεγενημένων
1787 4748 1819 4817 ἢ
1857 4749 2003 4817 βασι-

426 4806 649 4889 λέωνηῆ
682 4808 923 4889 δικαίων,
945 4814 988 4889 Δἢ
1014 4806 1323 4885 προῴητῶν,
1423 4806 1771 4889 πάτρίἀρχῷν
1798 4806 2003 4889 ἐξορκί-

593 4878 768 4966 Oli-55;.
936 4878 1332 4966 ὑποταγήσεται
1372 4878 1999 4966 ῥ’ὑδὲπίτῶἶδαιμόίωνζ

592 4948 640 5026 ei
690 4948 796 5017 ἄρα
827 4946 1237 5026 ’ἐξορκίζείτις
1296 4956 1448 5026 ὑμῶν
1512 4958 1667 5009 κατὰ·
1720 4946 1810 5009 τοῦ
1869 4957 2003 5009 Θεοῦ

440 5016 707 5089 Ἁϐραάμ,
757 5020 849 5070 καὶ
892 5016 1024 5073 Θεοῦ
1059 5016 1265 5089 Ἰσαὰκ,
1316 5016 1406 5077 καὶ
1459 5026 1591 5078 Θεοῦ
1637 5027 1849 5089 Ἰακὼϐ,
1877 5029 2006 5089 ἴσως

428 5087 848 5165 ῠπρταγήσεται.
890 5107 907 5139 ι
948 5092 1040 5144 Sin
1091 5110 1187 5147 vos
1242 5087 1335 5164 per
1388 5112 1577 5149 nomen
1630 5087 1875 5164 quodvis,
1912 5087 2001 5165 qui

427 5157 582 5211 vobis
616 5157 999 5234 fuerc,_rcgum
1029 5172 1122 5234 aut
1147 5157 1440 5232 juslorum,
1471 5178 1563 5218 aut
1592 5157 2001 5234 pr'ophetarni'n,

428 5237 522 5303 aut
558 5228 997 5303 patriarcharum
1030 5228 1306 5300 adju'retis,
1346 5252 1450 5287 non
1486 5228 1801 5303 subjiciétur
1849 5228 2006 5291 vobis

428 5296 998 5373 dmiuoniumjiliquod
1028 5320 1039 5354 :
1073 5296 1329 5356 deterunt
1368 5305 1409 5357 si
1455 5296 1596 5373 quis'
1629 5318 1866 5360 vestrum
1906 5308 2001 5358 ad-

421 5366 569 5439 j_nret
612 5382 705 5439 per
760 5366 927 5422 Deum
959 5371 1211 5437 Abraluc,
1255 5384 1307 5426 et
1346 5366 1505 5427 Deum
1541 5375 1714 5439 Isaae,
1753 5388 1804 5431 et
1838 5378 2003 5429 Deum

427 5436 487 5490 Ja
524 5438 615 5499 ob,
662 5436 801 5491 forte
852 5436 1203 5505 subjicietur.
1234 5462 1251 5493 ι
1292 5444 1421 5497 Vide
1471 5436 1730 5499 Alexand.
1778 5446 2007 5498 Trallia-

430 5522 576 5568 num,
606 5506 693 5560 lib.
720 5523 810 5573 Si;
839 5508 1085 5563 Grotium
1122 5524 1175 5564 et
1212 5515 1602 5567 llannnondtnu
1636 5516 1685 5567 in
1724 5517 1907 5567 adnot.
1938 5515 2004 5566 ad

431 5573 646 5647 Matth"
693 5590 809 5646 cap.
854 5594 957 5643 xu;
995 5582 1325 5647 (Iardanum,
1376 5584 1466 5637 ιιι».
1515 5600 1647 5637 xvtil
1685 5585 1757 5636 De
1788 5586 2002 5645 niti-0b.,

432 5653 485 5692 et
517 5643 707 5697 Daren.
736 5643 1027 5720 adaqnuni
1060 5643 1347 5715 i‘20,uuui.
1386 5655 1469 5708 l5.
1493 5656 1643 5720 Quod
1682 5673 1806 5709 vero
1842 5643 2004 5706 Justi4

434 5724 532 5763 nus
564 5725 767 5781 martyr
796 5705 923 5770 dicit
954 5736 1146 5776 nomen
1172 5705 1418 5793 ἰίιλυδνίδ
1448 5705 1587 5793 regis
1621 5724 1824 5780 Judaiti
1854 5728 2002 5777 invo-

2096 3124 2216 3176 κατ⁹
2271 3122 2457 3175 οὐσίαν
2508 3123 2888 3193 ὑφεστηκέναι·
2959 3123 3095 3175 Ἀλλ’
3147 3126 3205 3176 οὐ
3266 3126 3548 3197 δυνήσεται
3604 3126 3671 3179 τὰ

2106 3215 2373 3284 Ἐλλήνων
2405 3214 2801 3284 ἁναπλάσματα
2855 3216 3344 3284 σωματοποιείσθαι
3391 3218 3667 3281 δοκοῦντα,

2095 3307 2205 3359 ἀπὸ
2236 3305 2341 3357 τῶν
2378 3307 2714 3377 πραγμάτων
2742 3304 3012 3359 δεικνύναι
3043 3306 3215 3369 θεούς.
3246 3308 3309 3359 Τί
3343 3309 3450 3379 γὰρ
3479 3309 3670 3379 μᾶλλον

2096 3399 2143 3449 οἱ
2187 3395 2451 3465 Ἐλλήνων
2490 3393 2644 3463 μῦθοι
2668 3394 2793 3463 περὶ
2821 3394 2955 3446 θεῶν
2988 3394 3222 3463 ἀληθεῖς,
3250 3396 3281 3465 ἦ
3313 3396 3456 3467 (φέρ’
3482 3397 3670 3466 εἰπεῖν)

2097 3488 2146 3539 0i.
2179 3484 2507 3553 Αἰγυπτίων,
2550 3485 2648 3535 οὐκ
2682 3483 2895 3536 εἰδότων
2934 3488 2998 3555 τῇ
3041 3485 3189 3553 σφῶν
3234 3486 3495 3557 διαλέκτῳ
3526 3489 3674 3558 Μνη-

2106 3639 2284 3683 catum
2333 3625 2399 3679 ad
2440 3624 2786 3691 expillendos
2832 3626 3105 3679 dzemonas
3142 3640 3247 3678 non
3292 3625 3556 3686 suflieere.
3584 3627 3666 3679 vix

2111 3701 2267 3752 fidem
2314 3708 2573 3759 meretur,
2616 3695 2660 3745 si
2699 3709 2820 3745 vera
2864 3696 2929 3748 de
2986 3696 3242 3748 Eleazaro
3294 3705 3477 3749 narrat
3520 3694 3671 3750 Jose~

2110 3769 2247 3837 phus
2278 3766 2492 3837 lib.vm
2512 3764 2684 3837 Antiq.
2716 3763 2872 3837 iam,
2903 3779 3029 3837 cap.
3056 3765 3110 3816 ‘2.
3144 3767 3407 3837 Srencea.

2182 3837 2292 3903 (10)
2318 3832 2680 3903 Αἰγυπτίοις,
2717 3831 2932 3887 Periere
2976 3831 3123 3897 libri,
3164 3850 3227 3886 ex
3274 3835 3470 3901 quibus
3518 3834 3677 3903 hujus

2110 3901 2197 3960 τοῖ’
2222 3901 2471 3958 notitiam
2522 3901 2745 3955 haurire
2799 3904 3283 3971 poteramuszliuc
3332 3914 3510 3956 tamen
3566 3901 3669 3957 non

2109 3976 2287 4042 inepte
2320 3972 2526 4027 referas
2542 3970 2871 4042 quieohahet
2898 3970 3246 4034 Jambliehus,
3278 3973 3414 4026 libro
3462 3974 3537 4026 De
3562 3991 3646 4041 my

2106 4039 2303 4109 uariis,
2329 4043 2503 4110 capite
2531 4039 2606 4093 De
2630 4042 2921 4094 nominibus
2947 4042 3133 4095 divinis
3164 4059 3180 4095 :
3205 4061 3221 4091 c
3265 4042 3478 4109 Depone
3512 4039 3673 4111 igitur

2108 4116 2442 4183 susprcioues
2482 4126 2510 4183 a
2540 4112 2793 4183 veritate
2828 4112 3105 4183 cadelites,
3136 4113 3330 4179 quibus
3381 4115 3673 4178 suspicaris

2107 4180 2417 4252 Egyptian]
2480 4181 2549 4233 ibi
2606 4180 2855 4252 conferre
2914 4180 3151 4252 linguam
3220 4183 3527 4244 duntaxat,
3585 4184 3669 4235 ubi

2107 4249 2393 4324 Egjptiiis
2448 4260 2551 4324 est,
2591 4250 2675 4324 vel
2730 4266 2860 4303 usus
2908 4249 3159 4324 Egyptia
3184 4252 3384 4319 lingua,
3419 4254 3513 4320 qui
3546 4262 3670 4324 tunc

2107 4320 2410 4377 invoCatur.
2489 4320 2674 4373 Potius
2748 4331 2927 4373 autem
3000 4322 3347 4383 existimato,
3418 4322 3667 4388 quoniam

2106 4392 2265 4461 primi
2291 4390 2532 4443 omnium
2558 4388 2797 4458 Egyptii
2824 4392 3160 4461 |)r:eselitiaiii
3188 4391 3673 4459 participationem-

2034 4452 2077 4506 Ι)
2106 4452 2209 4530 que
2238 4463 2458 4515 deorum
2492 4452 2680 4512 sortiii'
2704 4452 2857 4522 soni,
2898 4460 3015 4512 ideo
3045 4452 3549 4530 rges-invocantem
3578 4476 3670 4529 po-

2109 4528 2377 4586 tissimqu
2426 4531 2744 4597 approbare,
2778 4532 2993 4595 quando
3037 4528 3291 4598 Egyptio
3330 4532 3430 4582 ritu
3473 4528 3666 4583 vocan-

2108 4612 2213 4654 tur.
2248 4599 2430 4666 Neque
2469 4615 2592 4651 vero
2614 4599 2900 4651 dicendum
2928 4608 3009 4653 est
3036 4602 3261 4652 barbara
3298 4601 3410 4652 Ιηθο
3439 4601 3667 4653 obseura

2110 4672 2413 4723 divinorum
2479 4669 2695 4722 nomina
2741 4683 2861 4723 esse
2914 4670 3152 4736 quzedam
3216 4670 3666 4737 prmstigiatorum

2109 4740 2601 4806 fascinatorumque
2647 4738 3127 4792 machinamenta:
3164 4754 3268 4807 quo
3320 4741 3465 4791 enim
3516 4750 3669 4807 pacto

2106 4826 2225 4878 qum
2269 4808 2503 4861 maxime
2542 4807 2828 4875 conjuncta
2871 4819 2998 4860 sunt
3035 4811 3154 4873 diis,
3204 4823 3431 4876 qureque
3476 4824 3574 4861 nos
3610 4810 3670 4862 iis

2105 4879 2462 4945 conjungunt,
2492 4888 2544 4930 et
2570 4879 2722 4944 quasi
2761 4879 2994 4945 aequales
3033 4895 3152 4932 cum
3182 4879 3393 4944 superis
3418 4880 3561 4931 vires
3586 4880 3669 4930 ha-

2104 4950 2253 5010 bent,
2282 4947 2883 5017 phautasticaﬁgmenta
2904 4957 3084 5013 erunt,
3112 4950 3226 5001 sine
3248 4947 3443 5014 quibus
3468 4950 3669 5000 nullum

2110 5020 2161 5070 in
2189 5016 2361 5069 sacris
2391 5030 2525 5085 opus
2567 5016 2810 5069 efﬁcitur.
2847 5036 2865 5068 ι
2894 5018 3115 5079 Arnob.,
3156 5018 3192 5070 Ι.
3241 5034 3253 5069 ι
3300 5017 3428 5069 Adv.
3455 5029 3668 5085 gentes:

2112 5110 2129 5137 ς
2174 5088 2358 5153 Magus
2388 5084 2505 5151 fuit,
2542 5086 2890 5141 clandestinis
2922 5088 3126 5141 artilms
3156 5095 3335 5140 omnia
3375 5084 3469 5139 illa
3498 5088 3673 5155 perfen

2108 5159 2216 5221 cit,
2262 5156 2636 5225 {Egyptiornni
2672 5173 2747 5226 ex
2798 5157 2974 5226 adytis
3013 5159 3323 5225 angelorum
3370 5158 3668 5221 potentium

2107 5226 2323 5279 nomina
2339 5235 2392 5277 et
2416 5236 2649 5295 remotas
2667 5224 2879 5295 furatus
2908 5234 2989 5295 est
3023 5224 3353 5295 disciplinas.
3371 5248 3388 5278 ι
3405 5226 3666 5281 Spsncrzn.

2176 5295 2285 5365 (ll)
2314 5294 2543 5365 Αὑτοῦ.Δ
2576 5292 2668 5365 Sic
2708 5293 2865 5345 codd.
2916 5292 3069 5360 Reg,
3096 5292 3421 5350 Ba'sileeusis
3470 5307 3523 5350 et
3566 5298 3671 5348 duo

2110 5362 2376 5436 _V’aticani.
2430 5362 2653 5436 Reliqui
2694 5376 2822 5436 vero
2875 5378 2997 5436 cum
3060 5365 3189 5436 libb.
3238 5367 3438 5431 editis,
3499 5366 3668 5436 αὐτῷ.

2108 5433 2269 5486 Ρυυιυ
2293 5442 2414 5503 post
2439 5435 2605 5486 codex
2626 5428 2867 5503 Julianus
2888 5434 2952 5483 ad
2973 5435 3264 5503 marginem
3290 5428 3475 5499 habet,
3494 5428 3669 5490 xdxs'i-

2106 5522 2201 5573 νην
2227 5502 2421 5572 ψευδῆ.
2447 5512 2590 5555 recte
2616 5502 2856 5573 omnino,
2881 5512 2942 5573 et
2975 5503 3044 5554 ita
3082 5502 3360 5573 legendum
3386 5522 3481 5559 sua
3511 5523 3669 5573 saga-

2106 5571 2269 5627 citate
2306 5573 2611 5640 conjecerat
2647 5571 2981 5625 Bolierellus.
3024 5571 3178 5628 Libb.
3223 5576 3379 5639 editi,
3420 5571 3669 5629 κάκεῖνον

2105 5643 2290 5695 ψευδῆ.

2108 5661 2290 5783 γεῖῗὲλ
2324 5714 2464 5779 Τοὺς
2487 5714 2730 5777 λοιποὺς
2760 5711 3361 5784 βαρϐάρριος.(;υῖοιυε
3386 5732 3663 5789 ρετρεηιη
