3988 6156
386 312 490 372 τοι

1622 313 1903 370 CONTRA
1936 313 2211 370 CELSUM
2245 313 2372 368 LIB.
2403 311 2446 369 1.

3536 315 3642 370 702

385 430 625 504 μοσύνην
667 427 879 501 μητέρα
929 426 1160 482 Μουσῶν
1197 415 1372 490 ἐννέα,
1415 427 1535 479 οὐδὲ
1564 427 1735 498 Θέμιν
1779 429 1942 502 Ὡρῶν

2079 429 2200 482 dem
2231 426 2518 488 Horarum,
2549 439 2646 479 nec
2673 423 3016 493 Eurynomen
3045 423 3381 488 Gratiarum,
3407 440 3503 480 nec
3529 428 3633 482 alia

377 525 502 578 οὐδὲ
551 523 870 596 Εὐρυνόμην
926 521 1054 591 μίαν
1107 520 1219 573 τῶν
1274 521 1511 590 χαρίτων
1546 520 1682 590 (15),
1725 522 1843 574 οὐδὲ
1895 521 1961 575 τὰ

375 615 541 669 λοιπὰ
563 615 802 685 ὀνόματα
842 612 1050 678 αὐτῶν;
1102 611 1260 682 Πόσῳ
1302 606 1394 664 οὖν
1437 611 1841 683 ἐναργέστερον,
1870 614 1961 665 καὶ

376 708 596 760 πάντων
644 705 848 759 τούτων
889 705 996 757 τῶν
1048 704 1484 774 ἀναπλασμάτων
1521 704 1748 774 βέλτιον,
1783 706 1861 768 τὸ,
1898 708 1960 759 ἐκ

373 797 485 850 τῶν
528 796 821 870 ὁρωμένων
874 795 1190 867 πειθόμενον
1238 797 1350 858 τοῖς
1394 795 1533 848 κατά
1569 795 1668 866 τὴν
1712 795 1959 859 εὐταξίαν

372 889 468 942 τοῦ
504 889 729 958 κόσμου,
765 888 940 941 σέϐειν
967 887 1055 940 τὸν
1096 887 1420 958 δημιουργὸν
1447 887 1631 951 αὐτοῦ,
1666 889 1783 950 ἑνὸς
1811 887 1959 949 ὄντος

371 982 504 1044 ἕνα,
528 981 622 1034 καὶ
646 981 1007 1050 συμπνέοντος
1036 978 1200 1032 αὐτοῦ
1221 979 1326 1049 ὅλῳ
1353 978 1551 1049 ἐαυτῷ,
1583 979 1669 1031 cal.
1695 977 1780 1034 διὰ
1802 977 1957 1030 τοῦτο

376 1074 454 1146 μὴ
481 1073 775 1143 δυναμένου
795 1073 903 1144 (14)
935 1073 1038 1126 ὐπὸ
1060 1071 1266 1125 πολλῶν
1289 1071 1631 1143 δημιουργῶν
1654 1071 1954 1140 γεγονέναι,

369 1163 448 1228 ὡς
481 1164 588 1217 οὐδ’
616 1164 723 1216 ὐπὸ
745 1164 954 1216 πολλῶν
978 1165 1161 1235 ψυχῶν
1195 1163 1508 1234 συνέχεσθαι
1533 1163 1651 1216 ὅλον
1677 1163 1767 1216 τὸν
1795 1162 1957 1232 οὐρα-

371 1256 463 1308 νὸν
491 1255 785 1309 κινουσῶν·
830 1257 990 1326 ἀρκεῖ
1026 1257 1133 1327 γὰρ
1186 1257 1282 1326 μία
1323 1259 1355 1327 ἡ
1407 1257 1647 1328 φέρουσα
1692 1255 1818 1324 ὅλην
1859 1254 1956 1324 τὴν

368 1347 582 1417 ἀπλανῆ
623 1348 732 1400 ἀπὸ
770 1349 1041 1402 ἀνατολῶν
1083 1352 1176 1403 ἐπὶ
1221 1349 1460 1419 δυσμὰς,
1516 1348 1610 1401 καὶ
1658 1347 1954 1417 ἐμπεριλα-

369 1437 544 1490 δοῦσα
575 1436 719 1490 ἔνδον
764 1439 958 1500 πάντα,
992 1433 1064 1492 ὧν
1093 1440 1278 1510 χρείαν
1310 1439 1421 1508 ἕχει
1454 1439 1481 1489 ὁ
1517 1437 1738 1508 κόσμος,
1778 1435 1846 1488 τὰ
1881 1435 1954 1505 μὴ

367 1527 648 1599 αὐτοτελῆ.
687 1529 869 1582 Πάντα
901 1529 1008 1600 γάρ
1048 1530 1186 1601 μέρη
1221 1529 1444 1599 κόσμου,
1488 1527 1642 1582 οὐδὲν
1690 1526 1745 1578 δὲ
1791 1525 1954 1597 μέρος

366 1620 493 1673 ὅλου
522 1619 670 1682 Θεός.
705 1621 795 1671 Δεῖ
823 1619 931 1690 γάρ
959 1617 1098 1672 εἶναι
1147 1620 1237 1674 τὸν
1266 1620 1397 1673 Θεὸν
1434 1619 1506 1690 μὴ
1546 1618 1732 1687 ἀτελῆ,
1768 1616 1954 1686 ῶσπερ

367 1708 490 1760 ἐστὶ
511 1707 571 1760 τὸ
600 1707 762 1778 μέρος
789 1707 996 1770 ἀτελές.
1033 1708 1188 1778 Τάχα
1223 1709 1278 1761 δὲ
1331 1707 1620 1778 βαθύτερος
1663 1705 1820 1773 λόγος
1849 1705 1952 1757 δεί-

2074 519 2387 575 (ἶιυωεοι-υηι
2429 516 2642 571 nomina
2687 515 2956 570 admittit?
2987 515 3198 581 Quanto
3226 515 3388 584 igitur
3418 516 3636 570 eviden-

2077 610 2204 675 tius,
2236 619 2441 679 qnanto
2469 609 2554 662 his
2585 607 2838 661 omnibus
2871 605 3140 674 ﬁgmentis
3166 606 3356 660 melius
3379 614 3461 658 est
3481 621 3637 675 argu-

2078 713 2319 755 mentum
2354 718 2460 770 quo
2486 703 2606 770 quis
2626 717 2690 754 ex
2714 698 2976 768 prmclaro
2999 713 3177 752 rerum
3208 715 3324 767 qum
3358 700 3409 751 in
3435 700 3636 753 mundo

2067 795 2500 862 conspiciuntur,
2524 794 2716 848 ordine
2751 807 3060 862 persuasus,
3095 791 3236 844 illius
3258 791 3438 844 mundi
3473 805 3634 842 veneu

2069 893 2221 936 ratur
2249 883 2617 944 conditorem,
2659 882 2818 934 unius
2857 895 3150 949 secumque
3183 880 3328 933 omni
3375 895 3439 933 ex
3480 889 3632 948 parte

2066 971 2462 1025 consentientis
2514 986 2700 1025 unum.
2746 971 2860 1035 Qua
2907 971 3120 1038 quidem
3144 970 3372 1037 partium
3394 969 3630 1022 omnium

2070 1059 2474 1128 conspiratione
2517 1067 2570 1112 et
2620 1072 2884 1112 consensu
2929 1059 3095 1126 liquet
3136 1060 3391 1114 mundum
3433 1075 3462 1112 a
3513 1059 3633 1127 plu-

2067 1149 2216 1201 ribus
2253 1150 2428 1203 creari
2459 1164 2566 1203 non
2595 1148 2853 1218 potuisse,
2880 1161 3054 1215 neque
3080 1150 3322 1216 pluribus
3345 1151 3630 1204 animabus

2066 1239 2182 1307 regi
2219 1253 2338 1305 qnze
2377 1248 2545 1292 totum
2581 1239 2774 1293 (mlum
2806 1246 3058 1290 moveant
3084 1261 3094 1293 ;
3122 1255 3242 1291 cum
3273 1255 3376 1291 una
3409 1239 3632 1292 ferendo

2063 1332 2130 1384 ab
2165 1333 2375 1384 oriente
2407 1331 2457 1382 in
2497 1333 2835 1385 occidentem
2871 1331 3214 1384 ﬁrmamento
3247 1330 3467 1386 subiciat
3501 1347 3633 1386 con-

2064 1421 2406 1489 tinendisque
2448 1422 2715 1490 partibus,
2765 1435 2906 1489 quze,
2949 1431 3002 1474 ut
3033 1435 3098 1472 ex
3131 1436 3188 1475 se
3231 1419 3482 1486 perfecta:
3524 1438 3628 1476 non

2061 1512 2192 1576 sint,
2229 1508 2428 1563 mundo
2459 1519 2640 1563 tamen
2667 1519 2792 1562 sunt
2819 1509 3158 1562 necessariae.
3187 1509 3454 1578 Quidquid
3483 1511 3628 1563 enim

2063 1600 2116 1652 in
2145 1600 2344 1653 mundo
2373 1608 2476 1663 est,
2510 1600 2697 1654 mundi
2728 1609 2856 1653 sunt
2891 1611 3093 1667 partes,
3126 1615 3230 1652 non
3262 1601 3424 1654 totius
3453 1612 3627 1654 autem

2062 1707 2186 1759 pars
2209 1690 2368 1747 Deus.
2391 1691 2522 1745 Nam
2537 1707 2661 1759 pars
2674 1701 2757 1747 est
2775 1692 2901 1760 quid
2929 1691 3322 1760 imperfectum,
3340 1694 3480 1760 quod
3510 1695 3616 1747 Deo

365 1798 470 1864 ξει,
499 1801 579 1852 ὃτι
619 1800 821 1869 κυρίως
865 1800 996 1862 Θεὸς
1037 1800 1223 1870 ῶσπερ
1269 1801 1367 1854 οὐκ
1407 1801 1518 1853 ἔστι
1564 1800 1746 1870 μέρος,
1779 1797 1942 1860 οὕτως

2056 1782 2274 1835 minime
2299 1785 2574 1837 convenit.
2609 1783 2770 1836 Forte
2796 1782 2980 1847 etiam,
2999 1782 3041 1835 si
3073 1783 3192 1850 quis
3217 1781 3376 1852 35.1
3401 1782 3631 1837 voluerit

364 1888 487 1940 οὐδὲ
517 1889 656 1951 ὅλον,
691 1889 812 1941 ἐπεὶ
836 1890 896 1942 τὸ
927 1890 1044 1944 ὅλον
1075 1893 1138 1944 ὲκ
1178 1891 1357 1962 μερῶν
1386 1894 1499 1944 ἐστι
1521 1909 1533 1920 ·
1578 1891 1670 1943 καὶ
1703 1891 1805 1942 οὐκ
1837 1891 1952 1960 ἐρεῖ

365 1981 526 2048 λόγος
553 1979 954 2052 παραδέξασθαι
1002 1982 1093 2035 τὸν
1139 1983 1231 2034 ἐπὶ
1275 1984 1405 2035 πᾶσι
1437 1982 1569 2036 Θεὸν
1600 1979 1738 2034 εἶναι
1763 1981 1830 2033 ὲκ
1852 1997 1949 2051 με-

367 2071 497 2143 ρῶν,
523 2065 597 2126 ὧν
623 2073 850 2126 ἕκαστον
883 2073 942 2127 οὐ
972 2072 1191 2126 δύναται
1225 2074 1360 2143 ὅπερ
1381 2073 1450 2126 τὰ
1471 2074 1606 2126 ἄλλα
1638 2073 1802 2144 μέρη.

449 2324 601 2382 Μετά
638 2327 815 2382 ταῦτά
846 2347 1039 2402 φησιν,
1079 2327 1160 2380 ὅτι
1195 2349 1210 2379 ι
1272 2332 1319 2384 οἱ
1347 2331 1555 2384 αἰπόλοι
1579 2332 1670 2384 καὶ
1693 2331 1946 2401 ποιμένες

360 2418 458 2472 ἕνα
490 2420 748 2490 ἐνόμισαν
774 2422 924 2485 Θεὸν,
975 2423 1084 2476 εἴτε
1114 2423 1396 2491 ’¹Υψιστον,
1427 2422 1525 2474 εἴτ’
1572 2422 1816 2484 Ἀδωναῒ,
1847 2423 1944 2474 εἴτ’

363 2511 648 2580 Οὐράνιον,
686 2512 794 2564 εἴτε
823 2513 1068 2575 Σαϐαὼθ,
1118 2512 1225 2565 εἴτε
1253 2513 1346 2565 καὶ
1374 2515 1479 2583 ὅπη
1528 2514 1620 2564 καὶ
1651 2515 1797 2575 ὅπως
1829 2514 1947 2582 χαί-

361 2619 547 2674 ρουσιν
576 2603 926 2672 ὀνομάζοντες
955 2604 1098 2655 τόνδε
1127 2603 1215 2655 τὸν
1246 2603 1447 2672 κόσμον
1477 2621 1488 2632 '
1523 2606 1616 2656 καὶ
1649 2604 1827 2656 πλεῖον
1858 2604 1946 2656 οὐ-

360 2695 452 2746 δὲν
483 2694 749 2761 ἔγνωσαν.
779 2715 796 2744 ι
851 2696 959 2747 Καὶ
985 2695 1109 2763 ἑξῆς
1136 2694 1193 2747 δέ
1236 2711 1388 2764 φησι,
1437 2713 1454 2744 ‹
1483 2695 1645 2764 μηδὲν
1672 2694 1945 2764 διαφέρειν

360 2781 442 2852 τῷ
494 2786 625 2854 παρ’
657 2784 876 2855 Ἕλλησι
926 2785 1210 2854 φερομένῳ
1257 2785 1482 2854 ὀνόματι
1536 2785 1626 2838 τὸν
1669 2786 1762 2837 ἐπὶ
1811 2788 1942 2839 πᾶσι

357 2874 491 2928 Θεὸν
521 2874 701 2928 καλεῖν
731 2875 761 2945 ἢ
791 2875 906 2938 Δία,
939 2875 970 2944 ἢ
999 2875 1075 2944 τῷ
1098 2876 1230 2928 δεῖνι
1397 2876 1539 2947 (φέρ’
1565 2877 1783 2948 εἰπεῖν,)
1813 2879 1942 2949 παρ’

373 2964 580 3028 Ἰνδοῖς,
616 2965 648 3031 ἢ
676 2965 753 3034 τῷ
777 2967 906 3018 δεῖνι
937 2969 1064 3037 παρ’
1093 2969 1424 3035 Αἰγυπτίοις.
1459 2987 1475 3019 ι
1507 2969 1739 3022 Λεκτέον
1767 2970 1821 3023 δὲ
1849 2970 1943 3022 καὶ

359 3054 497 3127 πρὸς
537 3054 713 3118 τοῦτο,
763 3056 843 3108 ὅτι
873 3057 1134 3126 ἐμπίπτει
1181 3059 1260 3120 εἰς
1307 3059 1369 3111 τὸ
1400 3059 1759 3129 προκείμενον
1787 3059 1941 3128 λόγος
1968 3103 2008 3157 C

361 3148 550 3218 βαθὺς,
604 3150 696 3201 καὶ
748 3149 1075 3220 ἀπόρρητος,
1127 3149 1154 3199 ὁ
1210 3150 1336 3218 περὶ
1387 3149 1597 3216 φύσεως
1635 3139 1933 3221 ὀνομάτων,

363 3237 612 3308 πότερον,
664 3237 738 3301 ὡς
764 3238 930 3290 οἴεται
971 3237 1343 3308 Ἀριστοτέλης
1373 3237 1503 3308 (16),
1535 3239 1679 3292 θέσει
1725 3241 1842 3292 ἐστὶ
1867 3240 1936 3293 τὰ

357 3381 594 3446 legebat,
621 3379 727 3433 τῶν
758 3373 955 3429 λοιπῶν
981 3376 1287 3449 βαρϐάρων.
1314 3377 1484 3432 Paulo
1511 3390 1628 3452 post
1664 3381 1714 3434 in
1748 3383 1938 3436 codice

357 3453 531 3514 llegio
561 3453 730 3513 deest,
758 3453 1074 3506 ὑπόστασιν.

428 3521 538 3591 (15)
561 3522 724 3592 Μίαν
757 3522 872 3592 τῶν
899 3523 1172 3592 χαρίτων.
1202 3515 1564 3592 εεζίὺθηᾱιιῃι
1600 3519 1812 3573 videtur
1837 3539 1938 3592 μη-

355 3587 491 3661 τέρα
515 3589 624 3643 τῶν
654 3587 995 3661 χαρίτων,ἰιὶ
1026 3591 1262 3652 Themis,
1292 3587 1468 3656 inquit
1515 3587 1848 3657 Spencerus,
1871 3587 1942 3645 sit

361 3661 628 3730 Ilurarurr.
663 3670 716 3711 et
741 3661 1084 3730 Mnemosyne
1115 3670 1285 3730 mater
1312 3657 1591 3730 Musarum
1623 3676 1634 3711 :
1795 3729 1798 3730 ν

363 3729 524 3795 Τρεῖς
550 3729 616 3782 δέ
633 3733 685 3782 οἱ
712 3727 1027 3798 Εὐρυνόμη
1053 3729 1296 3797 χάριτας
1315 3727 1452 3782 ’τέκε
1469 3729 1936 3798 καλλιπαρῄους.

361 3799 581 3852 Ilesiod.
627 3801 679 3851 in
733 3799 1049 3868 Theogonia.
1087 3800 1253 3853 Paulo
1288 3809 1410 3868 post
1442 3801 1597 3854 codd.
1647 3798 1846 3868 Regius
1884 3808 1940 3852 et

359 3868 704 3940 Basileensis,
723 3865 888 3940 ίπόσῴ
909 3865 1001 3922 οὖν
1025 3865 1428 3940 ἐνεργέστερον.

379 3951 390 3964 ⁸
432 3938 545 4006 (14)
578 3937 692 3990 Duo
719 3936 987 4003 Vaticani,
1014 3936 1128 3992 tres
1169 3936 1454 4003 Anglicani
1499 3946 1552 3990 et
1596 3936 1939 4003 llasilccnsis,

361 4007 438 4078 μὴ
466 4007 766 4078 δυναμένῳ.
799 4007 964 4078 Paulo
1005 4017 1126 4076 post
1163 4007 1503 4078 Himschelius
1545 4008 1594 4060 in
1643 4017 1810 4078 textu,
1843 4009 1941 4077 ἀρ-

358 4076 448 4130 κεῖ
480 4078 584 4146 γὰρ
605 4076 798 4148 ptum;
825 4077 1082 4148 φέρουσα,
1113 4077 1268 4131 male.
1293 4077 1494 4133 Omnes
1519 4092 1654 4148 mss.
1673 4085 1731 4129 ut
1763 4077 1814 4148 in
1841 4076 1940 4148 ne-

357 4159 476 4201 stro
506 4145 675 4199 textu.
713 4146 852 4198 Infra
893 4145 1229 4201 lloeschelius
1269 4148 1320 4200 in
1360 4155 1530 4208 textu,
1561 4147 1730 4200 ταῦτα
1757 4146 1813 4198 δὲ
1841 4145 1938 4214 βα·

357 4216 580 4291 θύτερος
613 4216 785 4291 λόχος.
813 4215 980 4291 Paulo
1013 4216 1239 4271 inferius
1270 4217 1411 4271 idem
1455 4217 1506 4270 in
1549 4225 1695 4270 textu
1747 4215 1934 4283 habet,

357 4286 546 4357 ῶσπερ
574 4287 643 4357 τά
666 4286 799 4357 ἄλλα
835 4286 1000 4357 μέρη.

432 4354 543 4425 (l5)
581 4356 664 4421 Τῷ
689 4354 858 4418 δεῖνι,
895 4354 997 4410 etc.
1042 4355 1116 4408 Ita
1147 4355 1305 4408 codd.
1341 4354 1544 4423 Regius
1579 4354 1930 4425 etBasilecn-

359 4424 480 4480 sis:
507 4426 795 4479 Philocalia
833 4441 962 4480 vero
986 4441 1107 4479 cum
1133 4425 1356 4492 reliquis
1387 4440 1540 4490 mss.,
1573 4424 1648 4492 τῷ
1675 4425 1822 4478 δεῖνα

2053 1873 2219 1929 altius
2253 1876 2515 1940 scrutari,
2559 1874 2725 1927 Deum
2771 1889 2868 1928 nec
2913 1884 3139 1944 partem,
3172 1890 3272 1928 nec
3304 1886 3470 1928 totum
3507 1891 3628 1931 esse

2053 1962 2386 2030 probaverit.
2443 1963 2586 2020 Sane
2640 1974 2808 2019 totum
2858 1974 3073 2019 constat
3123 1980 3187 2018 ex
3242 1965 3518 2033 partibus;
3571 1977 3628 2020 at

2053 2056 2192 2110 ratio
2238 2072 2508 2125 nunquam
2563 2073 2834 2112 summum
2879 2059 3046 2111 Deum
3101 2058 3315 2110 admitti
3373 2061 3614 2127 patietur

2051 2162 2116 2200 ex
2147 2147 2393 2216 partibus
2421 2147 2738 2217 conﬂatum,
2765 2165 2991 2219 quarum
3017 2150 3240 2219 singula:
3265 2167 3368 2206 non
3395 2162 3625 2220 possunt

2050 2239 2193 2308 quod
2227 2239 2449 2308 reliquae
2481 2255 2693 2295 omnes.

2117 2329 2207 2382 24.
2257 2327 2570 2398 Sequuntur
2622 2330 2735 2384 lure
2768 2329 2951 2384 Celsi:
2989 2329 3098 2384 (lli
3149 2333 3379 2400 caprarii
3427 2345 3481 2387 ct
3529 2349 3622 2402 pa-

2047 2432 2223 2475 stores
2279 2437 2442 2475 unum
2495 2435 2616 2476 esse
2671 2423 2835 2474 Deum
2881 2423 3248 2488 crediderunt,
3302 2423 3417 2476 sive
3470 2425 3618 2478 illum

2047 2513 2355 2577 Excelsum,
2401 2513 2516 2567 sive
2558 2513 2785 2577 Adonai,
2839 2513 2954 2566 sive
2984 2511 3300 2579 Coelestem,
3350 2514 3464 2569 sive
3515 2515 3616 2569 Sa-

2050 2603 2240 2668 baoth,
2283 2603 2400 2657 sive
2433 2603 2624 2672 quovis
2656 2605 2764 2656 alio
2796 2602 3014 2655 nomine
3048 2603 3190 2658 hunc
3224 2607 3478 2659 mundum
3524 2622 3623 2677 ap-

2048 2693 2248 2763 pellare
2281 2693 2604 2759 maluerint;
2643 2709 2815 2762 neque
2846 2693 2974 2760 quid
3000 2693 3138 2747 ultra
3173 2708 3562 2766 cegnovcrunt.
3595 2717 3615 2750 ι

2050 2785 2113 2837 Ει
2143 2784 2304 2852 paulo
2332 2795 2453 2854 post
2488 2802 2502 2839 :
2539 2805 2559 2838 ι
2588 2788 2727 2841 Nihil
2760 2789 2983 2842 interest
3011 2805 3117 2857 quo
3143 2791 3362 2843 nomine
3397 2800 3622 2844 vocetur

2047 2875 2211 2941 Deus,
2239 2876 2356 2931 sive
2380 2875 2551 2940 Jovis,
2583 2887 2636 2931 ut
2671 2879 2809 2948 apud
2836 2879 3074 2946 Graecos,
3105 2882 3219 2934 sive
3254 2881 3360 2933 alio
3383 2881 3623 2948 quolibet

2046 2968 2185 3037 apud
2214 2968 2497 3038 Egyptios
2529 2979 2625 3024 aut
2665 2973 2801 3042 apud
2844 2970 3004 3024 Indos
3039 2980 3317 3040 usurpato.
3351 2991 3368 3023 I
3407 2973 3617 3038 Quibus

2046 3061 2503 3128 respondendum,
2564 3063 2734 3116 altam
2771 3074 2823 3116 et
2877 3079 3130 3118 arcanam
3182 3079 3303 3117 esse
3346 3065 3414 3118 de
3450 3065 3624 3118 nomi-

2044 3166 2171 3204 num
2207 3161 2400 3205 natura
2436 3154 2787 3219 quaestionem
2825 3173 2837 3207 :
2881 3163 3082 3220 utrum,
3117 3153 3256 3207 sicut
3294 3155 3470 3222 placet
3496 3154 3620 3207 Ari-

2043 3237 2248 3304 stoteli,
2274 3255 2338 3294 cx
2392 3242 2644 3296 instituto
2682 3244 2934 3314 imposita
2970 3244 3076 3299 sint
3109 3244 3271 3298 rebus
3318 3243 3608 3309 vocabula;

2046 3398 2164 3435 mus
2197 3397 2281 3436 me
2312 3385 2506 3452 possit,
2559 3384 2733 3451 ipsum
2786 3385 2884 3438 llic
2914 3395 2968 3440 et
3003 3383 3130 3438 11ηό
3168 3385 3296 3453 quid
3326 3385 3472 3438 sint?
3520 3387 3618 3438 aut

2044 3467 2142 3504 cur
2174 3469 2235 3504 ex
2275 3455 2358 3506 his
2393 3469 2558 3507 unum
2609 3470 2796 3508 sexum
2829 3457 3038 3509 virilem
3081 3455 3348 3522 designet,
3403 3455 3616 3508 femini-

2047 3522 2129 3592 nis
2156 3524 2449 3587 generibus
2484 3523 2534 3576 id
2587 3525 2727 3592 quod
2758 3526 3002 3592 sequitur
3049 3524 3320 3591 applicet?
3370 3523 3614 3592 Humana

2047 3590 2147 3642 ista
2185 3599 2311 3644 sunt
2360 3593 2580 3657 placita,
2608 3590 2684 3646 'et
2728 3595 2792 3646 ad
2837 3590 3007 3646 'usum
3058 3590 3326 3646 sermonis
3380 3591 3611 3646 faciendi

2045 3675 2152 3730 non
2200 3675 2332 3715 sane
2364 3663 2616 3715 omnibus
2669 3664 3021 3725 necessaria;
3073 3681 3092 3713 ι
3154 3672 3208 3713 et
3241 3662 3398 3727 paulo
3449 3669 3609 3730 post:

2051 3746 2068 3778 ι
2098 3729 2288 3783 Nonne
2337 3731 2480 3783 aliud
2513 3733 2625 3783 lucc
2671 3733 2841 3794 ιλιι-ἔα,
2889 3731 3033 3784 aliud
3087 3730 3268 3784 dicitis
3322 3733 3413 3783 hos
3447 3740 3612 3797 utres,

2044 3799 2203 3868 caelus
2238 3809 2290 3852 et
2319 3801 2528 3866 caelum,
2572 3821 2590 3852 ι
2626 3802 2902 3868 etc.Apnd
2936 3800 3211 3854 Platonem
3244 3815 3437 3855 nomen
3466 3801 3612 3853 διδα-

2047 3867 2298 3940 σκαλικόν
2327 3869 2379 3921 τί
2412 3871 2557 3922 ἐστιν
2589 3867 2836 3940 ὄργανον,
2869 3871 2963 3922 καὶ
3007 3870 3342 3940 διακριτικὸν
3386 3871 3484 3940 τῆς
3523 3871 3614 3922 οὐ-

2046 3937 2185 4000 σίας,
2236 3937 2703 3992 «instrumentum
2749 3941 3006 3994 docendis
3052 3937 3209 3994 rebus
3238 3937 3612 3993 accommoda—

2046 4017 2176 4076 tum,
2211 4017 2264 4062 ct
2298 4024 2404 4076 quo
2431 4024 2606 4062 rerum
2638 4011 2876 4076 ipsarum
2910 4021 3102 4064 natura
3135 4009 3561 4063 discritninetur.
3587 4028 3606 4060 ι

2042 4075 2194 4131 Plato
2248 4075 2570 4146 in’Cralylo,
2621 4094 2741 4148 pag.
2780 4079 2905 4134 588.
2955 4079 3097 4134 Idem
3149 4080 3201 4132 in
3257 4080 3611 4147 sequentibus

2041 4149 2298 4217 supponit
2364 4149 2607 4216 quautam
2673 4150 2932 4217 primaria
2996 4149 3270 4203 exstitisse
3320 4148 3608 4211 vocabula,

2040 4230 2161 4286 quae
2208 4233 2387 4272 rerum
2424 4226 2671 4271 naturam
2706 4219 3084 4286 indigitabant,
3129 4218 3456 4285 reliquorum
3490 4218 3610 4283 qui-

2039 4285 2137 4354 bus
2175 4289 2376 4341 utimur
2421 4286 2617 4349 fontes,
2671 4285 2856 4340 verum
2899 4287 3236 4354 antiquitatis
3271 4286 3373 4338 situ
3411 4286 3606 4338 obruta

2038 4353 2332 4426 humanum
2364 4367 2580 4423 captum
2599 4357 2764 4426 longe
2795 4356 2975 4426 lugere
2999 4353 3147 4426 (ibid.
3176 4370 3296 4426 pag.
3326 4354 3450 4426 42L
3475 4356 3606 4424 25):

2035 4423 2111 4474 Οὐ
2143 4425 2250 4510 γάρ
2282 4424 2477 4510 ἔχομεν
2520 4423 2942 4510 τούτουῖβέλτιον
2975 4423 3053 4510 εἰς
3083 4425 3110 4476 ὅ
3134 4441 3187 4474 τι
3217 4423 3607 4510 ὲπανέγὶιωμεν

361 4478 494 4565 Γτῷ
517 4478 682 4550 δεῖνα.
742 4478 1046 4564 Siren—certis
1085 4505 1138 4548 ct
1168 4478 1539 4556 lltéschelius,’
1559 4478 1632 4546 τὸ’
1659 4494 1807 4549 δεῖνα

356 4496 392 4636 3
442 4567 500 4620 τὸ
549 4566 715 4621 δεῖνα.
778 4566 957 4622 Codex
1005 4563 1276 4632 Julianus,
1330 4565 1421 4617 τὸν
1462 4565 1608 4618 δεῖνα
1639 4565 1786 4634 ....ἢ
1843 4565 1932 4617 τὸν

2048 4478 2166 4564 περί
2195 4478 2450 4564 ἀληθείας
2484 4495 2592 4546 τῶν
2625 4478 2856 4560 πρώτων
2887 4478 3162 4564 ὀνομάτων
3181 4509 3193 4522 ⁸
3227 4495 3275 4545 εί
3312 4494 3384 4563 μὴ
3398 4478 3521 4563 ’ἄρα
3543 4493 3608 4565 δὴ

2048 4561 2220 4636 ὒὲσπερ
2271 4565 2320 4616 οἱ
2344 4565 2802 4636 -τραγῳδιοποιοὶ,
2826 4564 3136 4636 ἐπειδάν-τι
3184 4563 3482 4636 ἀπορῶσιν,
3517 4565 3608 4615 ἐπὶ

354 4563 500 4689 ἓψτὸ
549 4566 715 4621 δεῖνα.
778 4563 957 4622 Codex
1005 4563 1276 4632 Julianus,
1330 4565 1421 4617 τὸν
1462 4565 1608 4618 δεῖνα
1639 4565 1786 4634 ....ἢ
1843 4565 1932 4617 τὸν

389 4655 520 4689 εινα.

389 4655 520 4691 εινα.

414 4706 540 4778 ’(16)
584 4708 681 4773 Ὡς
726 4707 909 4761 οἴεται
960 4704 1428 4778 Ἀριστοτέλης.-
1469 4704 1596 4778 Lib.
1627 4719 1663 4767 ι,
1717 4712 1856 4778 part.
1889 4721 1928 4767 I,

357 4771 481 4844 cap.
507 4771 562 4838 92,
599 4771 670 4829 De
702 4780 921 4843 interpr.
953 4789 971 4826 :
1005 4771 1212 4844 Ὄνομα
1244 4775 1339 4845 μὲν
1371 4771 1462 4829 οὖν
1494 4776 1611 4845 ἐστὶ
1639 4771 1787 4844 φωνὴ
1840 4791 1933 4843 ση-

362 4841 595 4916 μαντικὴ
620 4847 760 4899 κατά
808 4841 1078 4916 συνθήκην
1110 4841 1482 4916 ἄνεύχρόνου,
1523 4841 1598 4916 ᾖς
1634 4841 1794 4916 μηδὲν
1835 4841 1931 4914 μὲ-

362 4881 595 4914 ι-*ν-νηιι
623 4881 760 4899 ηυδε-ι
808 4881 1077 4916 υυνυιιι-ἰν
1110 4881 1234 4900 ww
1273 4881 1482 4916 Μίνων,
1537 4881 1593 4908 ιδ
1634 4881 1793 4916 raw"
1835 4881 1930 4914 ιη-

359 4932 456 4988 ρος
482 4913 598 4966 ἐστὶ
645 4915 971 4988 σημαντικὸν
999 4917 1427 4988 κεχωρισμένον.
1483 4881 1726 4969 «Nomen
1770 4916 1932 4984 igitur

356 4986 448 5042 est
477 4998 578 5035 vox
629 4986 941 5051 signiﬁcans
969 5001 1034 5038 ex
1086 4986 1353 5047 inStituto,
1389 4987 1504 5039 sine
1541 4995 1804 5052 tempore,
1833 4999 1930 5038 cu-

353 5055 448 5123 jus
478 5053 624 5124 nulla
655 5068 778 5124 pars
808 5055 1082 5124 signiﬁcat
1105 5057 1422 5124 separatim.
1452 5075 1470 5107 »
1499 5056 1564 5108 Ει
1586 5054 1749 5124 paulo
1776 5063 1927 5121 post:

357 5070 448 5123 lus
478 5070 624 5105 nulla
655 5070 778 5119 pars
808 5070 1082 5174 snguinem
1105 5070 1422 5124 separatim.
1452 5075 1470 5107 ι
1499 5070 1564 5108 ut
1586 5070 1749 5124 paulo
1776 5070 1927 5121 post:

357 5125 433 5178 Τὸ
464 5123 521 5176 δὲ
572 5121 728 5194 κατὰᾲ
749 5139 852 5194 ,συν
889 5125 1047 5193 ήκην,
1079 5126 1158 5177 ὅτι
1190 5124 1348 5192 φύσει
1380 5125 1485 5178 τῶν
1536 5127 1810 5194 ὀνομάτων
1845 5125 1933 5176 οὐ-

355 5195 446 5250 δέν
475 5195 646 5256 ἐστιν,
681 5192 792 5245 ἀλλ’
820 5193 946 5264 ὅταν
974 5192 1187 5264 γίνηται
1213 5195 1498 5264 σύμϐολον.
1537 5213 1556 5245 ι
1584 5192 1659 5247 Eii
1686 5196 1934 5264 instituto

361 5277 546 5320 autem
586 5265 694 5318 dixi
735 5281 748 5316 :
796 5263 919 5330 quia
951 5263 1152 5314 nullum
1202 5263 1396 5317 nomen
1430 5274 1515 5318 est
1566 5273 1782 5326 natura,
1837 5263 1931 5316 sed

355 5349 482 5391 eum
519 5334 578 5388 ﬁt
611 5345 760 5389 nota.
787 5352 806 5383 ι
856 5332 1061 5384 Arnob.
1096 5333 1193 5386 lib.
1222 5349 1236 5384 ι
1271 5336 1402 5386 Adv.
1439 5343 1613 5402 gentes
1648 5349 1666 5384 :
1705 5351 1722 5383 ι
1747 5335 1934 5396 Quan-

355 5418 544 5474 quam,
583 5405 628 5458 si
678 5418 865 5457 verum
903 5411 1130 5474 spectes,
1180 5403 1358 5474 nullus
1386 5418 1564 5457 sermo
1598 5411 1681 5456 est
1729 5404 1934 5474 integer

361 5469 578 5540 natura,
614 5474 844 5528 vitiosus
871 5469 1124 5524 similiter
1152 5472 1326 5525 nullus
1357 5490 1370 5525 :
1404 5488 1650 5539 quaenam
1678 5479 1762 5524 est
1789 5472 1931 5540 enim

363 5547 501 5599 ratio
529 5545 818 5608 naturalis,
867 5549 962 5594 aut
1008 5541 1059 5592 in
1099 5541 1279 5592 mundi
1331 5541 1814 5595 consﬁtutionibus
1845 5539 1927 5593 lex

361 5618 581 5685 scripta,
631 5625 687 5667 ut
727 5615 814 5667 hic
850 5609 1310 5685 iparicsalicatnr,
1347 5621 1398 5662 et
1444 5611 1557 5685 huic
1609 5611 1760 5672 sella,
1811 5625 1930 5685 cum

361 5679 537 5752 neque
569 5679 732 5739 Sexus
775 5684 1010 5736 habeant
1049 5679 1322 5752 femininis
1357 5681 1644 5752 generibus
1679 5680 1932 5752 masculi-

360 5750 556 5823 msque
599 5757 882 5819 discretos,
935 5765 1112 5820 neque
1138 5750 1422 5820 quisquam
1462 5750 1656 5805 docere
1685 5750 1930 5804 doctissi-

2035 4561 2220 4634 ὥσπερ
2271 4561 2320 4616 οἱ
2345 4565 2802 4634 τραγῳδιοποιοὶ,
2826 4561 3041 4617 ἐπειδάν
3083 4580 3136 4614 τι
3184 4561 3482 4634 ἀπορῶσιν,
3517 4561 3608 4615 ὲπῖ

2031 4634 2132 4704 τᾲς
2155 4633 2807 4704 μῆχανὰςίκαταφύγωσιν
2839 4635 2992 4695 θεοὺς
3018 4634 3289 4704 εἴροντεςᾲο
3327 4635 3416 4686 καὶ
3448 4636 3605 4703 ἡμεῖς

2033 4702 2202 4774 οὕτως
2220 4702 2471 4766 εἰπόντες
2492 4704 2907 4774 ἀπαλλαγῶμεν,
2941 4703 3118 4774 ὃτιτὰ
3151 4702 3340 4773 πρῶτα
3369 4702 3606 4773 ὀνόματα

2033 4774 2081 4825 οἱ
2127 4773 2240 4826 θεοὶ
2266 4774 2476 4836 ἔθεσαν,
2513 4775 2604 4844 καὶ
2637 4773 2724 4826 διὰ
2761 4772 2932 4827 ταῦτα
2956 4772 3129 4842 ὀρθῶς
3165 4772 3294 4842 ἔχει.
3336 4772 3475 4844 ’Ἄρα
3513 4775 3606 4844 κα).

2034 4846 2173 4925 ῂμῖν.
2192 4845 2484 4925 κράτιστος
2511 4840 2662 4925 οὗτος
2683 4844 2791 4925 τῶν
2813 4840 3004 4925 λόγων,
3033 4843 3065 4913 ἢ
3091 4840 3321 4925 ἐκεῖνοςς
3354 4840 3433 4925 ἔτι
3456 4843 3607 4925 παρὰ

2035 4913 2325 4986 βαρϐάρων
2365 4913 2524 4986 τινῶν
2575 4914 2712 4986 αὐτὰ
2761 4913 3183 4986 παρειλήφαμεν
3205 4913 3332 4986 (εἰσὶ
3363 4913 3418 4966 δὲ
3451 4913 3606 4986 ἡμῶν

2033 4983 2374 5055 ἀρχαιότεροι
2413 4984 2713 5055 βάρϐαροι),
2845 4983 2934 5055 ὅτι
2961 4983 3063 5034 ὐπὸ
3095 4983 3445 5055 παλαιότητος
3477 4983 3603 5055 αδύ-

2033 5071 2190 5108 νατον
2239 5053 2378 5124 αὐτὰ
2429 5053 2844 5124 ἐπισκέψασθαι,
2901 5053 3088 5124 ῶσπερ
3134 5055 3226 5107 καὶ
3276 5054 3345 5107 τὰ
3403 5053 3605 5123 βαρϐα-

2037 5127 2183 5194 ρικά.
2233 5142 2250 5174 ι
2269 5123 2454 5193 Neque
2481 5128 2620 5178 enim
2638 5123 2839 5178 melius
2867 5126 2966 5178 boc
2995 5123 3256 5178 habemus
3287 5125 3602 5194 quidquam,
3629 5145 3633 5150 ·

2036 5191 2100 5246 ad
2131 5196 2275 5262 quod
2311 5191 2562 5259 tanquam
2593 5195 2657 5248 ad
2690 5209 2909 5261 sceptim
2947 5195 3228 5262 quemdam
3263 5204 3500 5246 nostrain
3539 5191 3603 5244 de

2035 5261 2332 5330 primorum
2371 5265 2646 5316 nominum
2681 5266 2907 5318 veritate
2950 5261 3380 5330 disquisitionem
3435 5261 3600 5311 redu-

2036 5348 2221 5386 camus
2262 5352 2274 5388 :
2313 5333 2410 5386 nisi
2453 5332 2589 5386 forte
2619 5334 3065 5400 quemadmodum
3113 5332 3323 5397 tragici,
3359 5343 3603 5400 cum_res

2035 5414 2114 5455 est
2147 5404 2578 5468 intricatissima,
2613 5396 2677 5455 ad
2713 5405 2992 5456 machinas
3020 5401 3358 5467 confugiunt,
3389 5406 3439 5450 et
3467 5396 3600 5468 deos

2036 5471 2319 5536 inducunt,
2354 5475 2424 5526 ita
2453 5483 2507 5524 et
2538 5466 2635 5524 nos
2664 5473 2940 5530 aheanms,
2987 5466 3269 5537 postquam
3305 5466 3602 5520 dixerimus

2035 5542 2166 5597 deos
2219 5544 2390 5610 prima
2428 5544 2646 5594 nomina
2695 5542 3031 5609 imposuisse,
3061 5549 3146 5610 _ct
3197 5538 3292 5610 hac
3321 5537 3388 5589 de
3437 5549 3599 5610 causa

2037 5623 2180 5665 recte
2219 5605 2306 5674 illa
2341 5628 2462 5666 esse
2495 5605 2781 5663 institutaﬁ
2807 5610 2922 5680 ΙΙοο
2952 5605 3109 5658 modo
3142 5608 3348 5672 Optime
3376 5619 3460 5658 res
3489 5605 3600 5680 haec

2035 5698 2061 5732 a
2115 5685 2269 5737 nobis
2300 5681 2678 5749 explicabitur,
2727 5688 2820 5730 aut
2862 5677 2963 5749 illo
2990 5690 3354 5749 queln__s_ttpra
3389 5677 3598 5749 notavi-

2035 5768 2205 5806 mus:
2259 5743 2433 5804 nos'a
2491 5750 2736 5801 barbaris
2786 5745 3108 5812 quihusdam
3161 5743 3271 5800 illa
3299 5743 3601 5811 suscepisse
