3988 6156
493 272 608 326 Ἰθὸ

1709 275 1987 333 CONTRA
2021 277 2294 333 CELSUM
2329 279 2457 336 LIB.
2504 281 2540 334 Ι.

3641 297 3744 353 706

496 386 768 452 συνεστὼς
797 389 914 459 μὲν,
953 388 1143 458 λόγους
1170 390 1215 443 δ’
1243 390 1363 462 ἕχον
1389 391 1499 465 (21)
1531 393 1731 463 σφόδρα
1756 395 1956 463 ὀλίγοις
1989 412 2039 464 γι

2181 399 2364 465 paucis
2428 401 2703 470 cognitas;
2755 413 2882 457 tunc.
2932 405 3170 459 dicemus
3218 421 3340 461 nom
3369 423 3434 464 na
3483 409 3742 472 Sabaoth.

501 479 868 549 θωσκομένους
889 497 902 510 ·
931 481 1042 533 τότ’
1072 483 1324 552 ἐροῦμεν,
1367 483 1447 535 ὅτι
1473 483 1532 535 τὺ
1569 484 1667 554 μὲν
1699 485 1925 538 Σαϐαὼθ
1958 486 2074 538 δνο-

494 584 594 636 μα,
628 569 719 620 καὶ
761 569 822 622 τὸ
864 570 1102 634 Ἀδωναῒ,
1157 573 1250 623 καὶ
1292 571 1425 624 ἄλλα
1464 574 1594 645 παρ’
1636 574 1905 646 Ἑϐραίοις
1941 578 2077 646 μετά

492 658 695 726 πολλῆς
729 659 1079 729 σεμνολογίας
1125 660 1540 732 παραδιδόμενα,
1593 663 1689 716 οὐκ
1732 665 1822 728 ἐπὶ
1848 664 1954 717 τῶν
1986 683 2078 716 τυ-

489 746 694 816 χόντων
729 748 822 800 καὶ
851 747 1091 819 γενητῶν
1118 752 1292 801 κεῖται
1329 752 1685 821 πραγμάτων,
1729 751 1842 803 ἀλλ’
1875 753 1966 804 tua
1996 771 2076 806 τι-

487 853 579 900 νος
608 838 884 906 θεολογίας
911 841 1242 911 ἀπορρήτου,
1287 842 1701 915 ἀναφερομένης
1741 845 1820 906 εἰς
1845 845 1936 897 τὸν
1963 845 2074 898 τῶν

486 934 628 987 ὅλων
680 935 1026 1007 δημιουργόν.
1078 939 1168 991 Διὸ
1211 937 1303 990 καὶ
1350 937 1571 991 δύναται
1625 939 1799 993 ταῦτα
1843 941 1910 994 τὰ
1955 941 2062 993 ὀνό-

489 1044 659 1096 ματα,
686 1026 951 1098 λεγόμενα
984 1031 1120 1099 μετά
1143 1047 1286 1094 τινος
1311 1032 1405 1084 τοῦ
1439 1031 1718 1101 συμφυοῦς
1750 1032 1858 1101 (‘22)
1889 1033 2072 1096 αὐτοῖς

484 1117 678 1187 είρμοῦ
701 1135 714 1147 ο
749 1119 884 1172 ἄλλα
935 1120 993 1172 δὲ
1025 1121 1166 1174 κατὰ
1213 1123 1515 1189 Αἰγυπτίαν
1551 1125 1826 1194 φερόμενα
1865 1125 2066 1195 φωνὴν,

483 1209 580 1261 ἐπί
625 1228 786 1264 τινων
832 1213 1102 1283 δαιμόνων
1132 1215 1240 1268 τῶν
1275 1216 1400 1268 τάδε
1454 1217 1588 1286 μόνα
1615 1217 1944 1287 δυναμένων,
1975 1219 2070 1270 καὶ

481 1300 618 1354 ἄλλα
667 1302 808 1355 κατὰ
855 1303 950 1373 τὴν
999 1304 1223 1375 Περσῶν
1268 1306 1541 1358 διάλεκτον
1588 1307 1680 1358 ἐπὶ
1708 1307 1880 1360 ἄλλων
1912 1308 2069 1360 δυνά-

485 1407 634 1462 μεων
673 1393 805 1464 (25),
858 1395 950 1446 καὶ
995 1397 1135 1448 οὕτω
1183 1398 1306 1450 καθ’
1347 1398 1576 1450 ’ἑκαστον
1626 1397 1735 1450 τῶν
1781 1399 1948 1452 ἐθνῶν
1990 1401 2069 1462 εἰς

478 1484 670 1554 χρείας
703 1486 851 1548 τινας
883 1487 1424 1557 παραλαμϐάνεσθαι.
1479 1490 1588 1541 Καὶ
1639 1489 1810 1552 οὕτως
1843 1489 2068 1560 εὑρεθή-

481 1589 638 1626 σεται
675 1574 785 1644 (ει)
819 1576 926 1628 τῶν
977 1579 1069 1629 ἐπὶ
1100 1579 1202 1648 γῆς
1253 1579 1540 1648 δαιμόνων,
1589 1580 1855 1650 λαχόντων
1880 1581 2064 1649 διαφό-

481 1682 610 1736 ρους
641 1667 858 1730 τόπους,
894 1668 1239 1739 φέρεσθαιτά
1269 1671 1506 1740 ὀνόματα
1533 1673 1749 1734 οἰκείως
1775 1676 1895 1736 ταῖς
1921 1673 2062 1725 κατὰ

477 1758 643 1809 τόπον
675 1759 766 1810 καὶ
795 1758 944 1822 ἔθνος
972 1760 1288 1824 διαλέκτοις.
1330 1763 1386 1814 '0
1412 1764 1587 1815 τοίνυν
1633 1763 2060 1832 μεγαλοφυέστε-

478 1865 575 1918 ρον
606 1847 708 1901 κᾶν
735 1849 921 1919 ὀλίγην
947 1850 1149 1904 τούτων
1188 1853 1464 1922 περίνοιαν
1494 1854 1728 1923 εἰληφὼς
1755 1855 2058 1926 εὐλαϐηθή-

477 1957 633 2018 σεται
688 1940 822 1994 ἄλλα
867 1942 1046 2007 ἄλλοις
1093 1946 1422 2016 ἐφαρμόζειν
1463 1947 1703 2016 ὀνόματα
1749 1949 2052 2018 πράγμασι,

476 2016 687 2102 μήποτε
720 2033 901 2103 ὅμοιον
947 2035 1088 2106 πάθῃ
1117 2040 1226 2100 τοῖς
1261 2039 1318 2089 τὸ
1346 2037 1488 2103 Θεὸς
1509 2037 1676 2106 ὄνομα
1705 2016 2057 2107 ἐσῴαλμίένως

471 2124 727 2195 φέρουσιν
756 2126 846 2178 ἐπὶ
880 2125 1012 2197 ὓλην
1041 2128 1242 2198 ἄζιυχον
1263 2147 1274 2157 ·
1311 2130 1342 2201 ἢ
1373 2133 1470 2200 τὴν
1501 2129 1594 2181 τοῦ
1623 2129 1825 2198 ἀγαθοῦ
1853 2148 2056 2201 προση-

443 2216 660 2286 ·γορίαν
709 2219 1064 2271 κατασπῶσιν
1117 2221 1223 2273 ἀπὸ
1254 2221 1346 2273 τοῦ
1398 2220 1612 2291 πρώτου
1649 2221 1844 2282 αἰτίου,
1888 2222 2053 2292 ἢάπὸ

466 2306 568 2376 τῆς
599 2308 797 2378 ἀρετῆς
832 2311 923 2362 καὶ
968 2310 1061 2362 τοῦ
1107 2311 1294 2373 καλοῦ,
1323 2312 1415 2363 ἐπὶ
1449 2312 1537 2364 τὸν
1573 2312 1772 2380 τυφλὸν
1801 2313 2048 2377 πλοῦτον,

467 2398 566 2450 καὶ
613 2400 706 2451 ὲπὶ
761 2401 861 2470 τὴν
907 2402 1121 2471 σαρκῶν
1164 2405 1255 2455 καί
1290 2403 1536 2472 αἱμάτων
1564 2403 1657 2455 καὶ
1684 2404 1885 2455 ὀστέων
1917 2422 2051 2474 συμ-

469 2490 699 2560 μετρίαν
726 2492 782 2543 ὲν
817 2492 976 2561 ὑγεία
1008 2493 1101 2543 καί⁵
1135 2492 1334 2562 εὐεξία,
1383 2494 1415 2562 ἢ
1443 2492 1538 2562 τὴν
1577 2493 1935 2563 νομιζομένην
1961 2496 2050 2546 εῦ-

463 2580 704 2648 γένειαν.

564 2668 673 2720 Καὶ
708 2670 848 2738 τάχα
879 2671 977 2724 οὐκ
1043 2672 1278 2724 ἐλάττων
1294 2673 1320 2723 ό
1338 2672 1574 2735 κίνδυνος
1596 2673 1670 2743 τῷ
1689 2674 1748 2726 τὸ
1768 2674 1938 2744 ὄνομα
1955 2673 2044 2726 τοῦ

462 2757 618 2821 Θεοῦ,
674 2759 704 2830 ἢ
763 2761 821 2812 τὸ
853 2761 1020 2830 ὄνομα
1065 2762 1155 2815 τοῦ
1197 2762 1399 2831 ἀγαθοῦ
1435 2765 1518 2832 ἐφ’
1555 2763 1590 2817 ἃ
1626 2765 1700 2835 μὴ
1741 2765 1845 2836 χρὴ
1879 2765 2046 2832 κατά-

459 2867 632 2919 γοντι,
668 2852 811 2923 ἤπερ
844 2851 920 2923 τῷ
952 2855 1018 2907 τὰ
1067 2855 1204 2907 κατὰ
1234 2872 1354 2907 τινα
1398 2855 1703 2926 ἀπόρρητον
1737 2856 1894 2923 λόγον
1930 2856 2045 2909 όνό-

461 2957 608 3010 ματα
629 2941 1027 3007 ὲναλλάσσοντι,
1066 2946 1157 2996 καὶ
1191 2945 1256 2998 τά
1294 2945 1392 3015 μὲν
1422 2946 1564 2998 κατὰ
1603 2944 1709 2997 τῶν
1743 2945 2041 3000 ἐλαττόνων

2097 1737 2134 1790 Β

2161 491 2408 554 .Adonai,
2464 493 2634 546 aliave
2683 497 2822 564 apud
2868 495 3120 551 Hebraeus
3157 515 3347 568 magna
3395 503 3744 555 veneratione

2177 583 2512 652 pervulgata,
2553 586 2850 652 vulgarium
2902 604 3006 641 non
3054 605 3175 644 esse
3205 601 3616 658 creatarumque
3661 608 3745 646 re-

2179 688 2316 738 rum,
2351 676 2444 727 sed
2475 678 2538 727 ad
2573 679 2901 730 reconditam
2935 681 3224 747 quamdam
3261 682 3582 750 theologiam
3615 698 3734 752 per-

2179 765 2369 828 linere,
2398 781 2517 833 quae
2553 769 2722 821 tendit
2753 780 3093 838 mentemque
3125 772 3285 839 erigit
3322 772 3385 825 ad
3415 788 3590 827 rerum
3624 789 3740 828 ont—

2175 853 2319 906 nium
2369 857 2728 912 conditorem.
2783 860 3144 925 Quamobrem
3179 864 3289 917 haec
3329 864 3569 929 nomina,
3599 866 3646 919 si
3675 880 3736 919 ea

2174 960 2334 1013 quam
2383 948 2521 1001 inter
2573 963 2631 1001 se
2678 951 2872 1003 habent
2924 955 3153 1006 naturali
3198 957 3337 1009 serie
3387 960 3740 1024 pronuntien-

2175 1037 2592 1106 tur,_in:-iguetu
2629 1041 2735 1092 vim
2771 1041 2990 1096 habent.
3035 1045 3186 1100 Unde
3216 1049 3380 1099 etiam
3419 1049 3475 1101 fit
3535 1058 3592 1101 ut
3634 1049 3737 1102 alia

2171 1127 2490 1197 Egyptiare
2540 1134 2883 1197 pronuntiata
2931 1136 2981 1186 in
3010 1141 3267 1200 quosdam
3302 1137 3574 1192 dteiuoues
3598 1153 3738 1206 quo.

2171 1232 2289 1271 rum
2343 1229 2581 1286 pote-tas
2614 1224 2677 1275 ad
2732 1223 2844 1278 iure
2891 1236 2977 1278 aut
3019 1226 3102 1277 illa
3154 1227 3263 1280 sola
3313 1230 3587 1298 pertingit,
3634 1232 3736 1283 alia

2172 1307 2390 1362 Persice
2425 1311 2473 1362 in
2508 1311 2641 1365 alios
2676 1315 2967 1381 datumncs,
3009 1325 3063 1369 ct
3097 1318 3172 1370 sic
3209 1333 3306 1386 per
3330 1320 3568 1387 singulas
3602 1335 3737 1388 geu-

2173 1410 2252 1453 tes
2280 1401 2344 1452 ad
2376 1403 2636 1469 qttosdam
2678 1419 2807 1458 usus
2851 1407 3228 1462 adhibeantur.
3272 1411 3449 1479 Atque
3480 1413 3550 1464 ita
3586 1413 3736 1469 inve-

2169 1489 2346 1541 nit-tur
2397 1506 2494 1558 pro
2537 1494 2706 1547 variis
2761 1495 3036 1548 variorum
3103 1497 3342 1553 locorum
3400 1502 3733 1560 danunnibus

2167 1582 2379 1648 propria
2419 1583 2607 1635 horum
2645 1583 2884 1636 locorum
2912 1587 3261 1655 gentiumque
3291 1593 3540 1658 usurpari
3570 1608 3733 1647 voca-

2169 1671 2312 1724 bula.
2368 1671 2624 1740 Quisquis
2663 1675 2825 1742 igitur
2875 1675 3207 1744 ingeniosius
3253 1680 3320 1731 ad
3370 1681 3466 1734 bas
3515 1696 3604 1735 res
3647 1683 3732 1737 vel

2167 1763 2373 1816 modice
2424 1766 2658 1817 animum
2718 1771 3034 1834 adverterit,
3091 1770 3134 1823 is
3171 1771 3383 1824 cavebit
3438 1789 3504 1827 ue
3551 1773 3730 1829 aliena

2165 1855 2323 1907 rebus
2357 1857 2570 1909 nomina
2606 1861 2975 1912 ιιειιιιιηιιιυιιρι
3003 1877 3016 1912 :
3048 1861 3186 1914 idem
3215 1863 3452 1931 alioquin
3479 1873 3756 1932 peccatum

2165 1961 2252 1998 rus
2286 1961 2348 1998 ac
2399 1947 2496 2010 illi,
2536 1950 2623 2016 qui
2661 1949 2751 2001 Dei
2802 1965 2994 2003 nomen
3041 1951 3411 2021 imprudenter
3457 1955 3508 2006 in
3561 1966 3732 2008 mate-

2162 2035 2296 2088 riam
2333 2037 2625 2089 iuanitnam
2664 2043 3027 2106 transferunt;
3077 2040 3159 2093 vel
3205 2041 3462 2110 quidtoni
3491 2043 3728 2111 appella-

2159 2131 2356 2183 tionem
2391 2131 2576 2197 prima:
2620 2145 2794 2184 cans-.r
2825 2145 2915 2184 aut
2957 2134 3142 2186 virtuti
3191 2144 3243 2188 et
3280 2136 3505 2189 honesto
3549 2138 3731 2188 detra-

2156 2231 2299 2274 ctam
2331 2222 2382 2273 in
2417 2237 2588 2274 caecas
2621 2223 2864 2285 dititias,
2918 2223 2969 2276 iu
3005 2235 3184 2292 aptam
3214 2228 3478 2291 carnium,
3510 2227 3731 2296 sangui-

2157 2311 2258 2373 nis,
2290 2311 2607 2380 ossiumque
2631 2315 3082 2382 compositionem
3114 2315 3166 2368 in
3200 2331 3306 2384 qua
3341 2317 3516 2370 bonus
3542 2331 3730 2386 corpo-

2156 2403 2228 2454 ris
2282 2403 2496 2456 habitus
2536 2406 2746 2472 positus
2795 2414 2899 2468 est,
2932 2415 3024 2458 aut
3061 2407 3111 2460 iu
3166 2423 3286 2460 eam
3335 2423 3496 2476 quam
3525 2417 3726 2463 vocant

2152 2496 2366 2562 generis
2397 2495 2735 2548 nobilitatem
2772 2496 3078 2550 conferunt.

2217 2666 2446 2722 25.Nee
2481 2669 2708 2724 fortasse
2760 2671 2939 2726 minus
2989 2674 3212 2742 periculi
3261 2674 3424 2729 fuerit
3476 2677 3568 2730 Dei
3620 2687 3720 2733 aut

2148 2757 2272 2810 boui
2317 2774 2508 2813 nomen
2560 2761 2626 2814 ad
2652 2775 2714 2813 ea
2755 2761 3021 2814 deducere
3053 2764 3119 2814 ad
3152 2777 3272 2831 qua:
3318 2779 3424 2818 nou
3479 2775 3718 2832 oportet,

2146 2862 2305 2916 quam
2355 2851 2570 2903 nomina
2605 2851 2656 2904 in
2692 2855 2910 2906 arcanis
2943 2855 3246 2920 disciplinis
3280 2856 3528 2910 adhiberi
3557 2857 3716 2911 solita

2143 2948 2478 3004 permutare,
2506 2940 2574 2991 ita
2605 2949 2661 2992 ut
2704 2941 2973 2995 deteriora
3004 2941 3164 3012 343
3191 2945 3511 3012 potioribus,
3543 2947 3718 3013 potio-

458 3031 676 3102 φέροντι
712 3035 803 3086 ἐπὶ
837 3035 903 3088 τὰ
936 3036 1238 3106 κρείττονα,
1277 3037 1343 3090 τὰ
1374 3036 1430 3088 δὲ
1462 3038 1601 3090 κατὰ
1648 3037 1754 3089 τῶν
1789 3039 2034 3109 κρειττό-

2147 3046 2203 3083 ra
2239 3032 2600 3085 deterioribus
2655 3043 2931 3101 aptentur.
2988 3033 3264 3090 Praetereo
3313 3035 3464 3092 Jovis
3515 3053 3714 3092 nemon

455 3138 564 3173 νων
611 3122 702 3174 ἐπὶ
734 3123 800 3176 τὰ
831 3124 1045 3194 ἥττονα.
1083 3126 1191 3179 Καὶ
1223 3125 1282 3177 οὐ
1317 3125 1460 3194 λέγω
1491 3128 1574 3178 ὅτι
1609 3126 1684 3197 τῷ
1718 3127 1801 3179 Διὶ
1834 3127 2035 3191 εὐθέως

456 3209 874 3273 συνεξακούεται
922 3215 948 3264 ό
994 3214 1204 3285 Κρόνου
1255 3215 1366 3285 (‘25)
1415 3215 1510 3268 καὶ
1567 3216 1722 3279 Ῥέας
1753 3219 1886 3280 υίὸς,
1939 3219 2035 3270 καὶ

459 3301 640 3373 Ἥρας
673 3303 832 3376 ἀνὴρ,
868 3308 963 3358 καὶ
997 3307 1324 3371 Ποσειδῶνος
1357 3309 1602 3377 ἀδελφὸς,
1652 3310 1745 3363 καὶ
1807 3310 2032 3382 Ἀθηνᾶς

453 3392 552 3443 καὶ
599 3394 912 3465 Ἀρτέμιδος
946 3397 1149 3468 πατὴρ,
1186 3400 1279 3454 καὶ
1308 3403 1334 3454 ό
1359 3404 1420 3472 τῇ
1458 3401 1686 3473 θυγατρὶ
1718 3403 2030 3474 Περσεφόνῃ

454 3489 656 3557 μιγείςο
689 3491 721 3561 ἢ
753 3491 828 3561 τῷ
860 3493 1150 3547 Ἀπόλλωνι
1184 3495 1598 3562 συνεξακούεται
1635 3498 1662 3549 ό
1695 3497 1902 3567 Λητοῦς
1938 3499 2032 3552 καὶ

449 3581 572 3643 Διὸς
605 3583 736 3645 υίὸς,
773 3586 865 3637 καὶ
911 3586 1223 3658 Ἀρτέμιδος
1247 3588 1492 3657 ἀδελφὸς,
1527 3589 1623 3642 καὶ
1668 3589 1867 3660 Ἑρμοῦ
1901 3591 2031 3660 ὁμο-

451 3671 678 3742 πάτριος
710 3675 954 3744 ἀδελφόςο
1016 3679 1109 3731 καὶ
1149 3679 1250 3732 ὅσα
1283 3679 1416 3733 ἄλλα
1463 3681 1720 3750 φέρουσιν
1783 3683 1829 3733 οἰ
1879 3681 2029 3748 σοφοὶ

449 3760 660 3814 Κέλσου
691 3763 796 3815 τῶν
826 3764 1110 3836 δογμάτων
1144 3769 1399 3840 πατέρες,
1423 3769 1518 3822 καὶ
1545 3772 1760 3842 ἀρχαῖοι
1791 3769 2027 3839 θεολόγοι

465 3851 748 3924 Ἑλλήνων.
787 3856 881 3920 Τίς
915 3859 1024 3928 γὰρ
1057 3861 1089 3928 ἡ
1124 3860 1525 3932 ἀποκλήρωσις,
1565 3861 2026 3932 κυριολεκτεῖσθαι

452 3941 554 4011 μὲν
612 3943 701 3996 τὸν
735 3946 852 4009 Δία,
903 3947 1023 4018 οὐχὶ
1056 3948 1112 4001 δὲ
1160 3950 1254 4002 καὶ
1300 3951 1390 4003 τὸν
1443 3952 1658 4020 πατέρα
1714 3953 1811 4020 μὲν
1860 3951 2023 4004 αὐτοῦ

446 4029 586 4086 εἶναι
619 4036 844 4108 Κρόνον,
899 4039 1113 4110 μητέρα
1144 4039 1200 4093 δὲ
1247 4041 1435 4106 Ῥέαν;
1473 4043 1544 4095 Τὸ
1577 4042 1620 4093 δ’
1653 4043 1837 4112 ὅμοιον
1871 4061 2027 4116 ποιη-

444 4126 568 4180 τέον
593 4129 687 4182 καὶ
721 4131 814 4183 ἐπὶ
847 4130 953 4183 τῶν
982 4132 1155 4184 ἄλλων
1195 4132 1614 4203 ὀνομαζομένων
1657 4133 1811 4190 θεῶν.
1857 4137 2025 4191 Τοῦτο

442 4217 499 4270 δὲ
531 4219 591 4272 τὸ
615 4219 868 4292 ἔγκλημα
883 4221 1130 4292 οὐδαμῶς
1150 4223 1377 4276 ἅπτεται
1402 4223 1505 4275 τῶν
1531 4224 1670 4276 κατά
1701 4242 1820 4276 τινα
1853 4226 2024 4296 ἀπόρ-

447 4314 606 4384 ρητον
651 4315 808 4383 λόγον
840 4318 902 4368 τὸ
926 4315 1152 4369 Σαϐαὼθ
1188 4317 1492 4369 τασσόντων
1527 4317 1619 4369 ἐπὶ
1652 4316 1742 4369 τοῦ
1778 4315 1934 4381 Θεοῦ,
1987 4317 2018 4387 ἢ

2139 3136 2245 3173 ιιοη
2275 3122 2468 3185 audiri,
2505 3123 2632 3190 quin
2663 3127 2846 3176 statim
2872 3127 3054 3180 animo
3099 3142 3158 3180 se
3181 3126 3371 3181 oderat
3407 3128 3629 3184 Saturni
3659 3141 3716 3184 et

2140 3209 2302 3263 Rhea:
2326 3209 2489 3275 illius,
2517 3211 2744 3266 Juuouis
2768 3228 2986 3280 coniux,
3015 3214 3246 3286 Neptuni
3283 3218 3476 3284 frater,
3511 3219 3712 3275 Miner-

2134 3317 2212 3354 ναξ
2229 3311 2282 3354 et
2317 3303 2497 3356 Diuum
2525 3319 2740 3369 parens.
2785 3302 3122 3376 Proserpina:
3155 3311 3386 3377 propria:
3427 3311 3550 3366 lilia:
3597 3323 3715 3368 stu-

2134 3404 2350 3461 prator;
2401 3409 2576 3461 neque
2606 3411 2762 3462 posse
2794 3396 3098 3464 Apollinem
3139 3401 3433 3465 nominari,
3472 3404 3598 3472 quin
3653 3406 3709 3460 in

2134 3486 2372 3536 animum
2392 3485 2578 3538 subeat
2605 3484 2822 3539 Lamiae
2847 3497 2900 3540 et
2934 3488 3083 3542 Jovis
3109 3490 3272 3554 (ilius,
3303 3491 3483 3547 Diauze
3539 3495 3708 3550 frater

2133 3575 2406 3644 fraterque
2439 3575 2686 3630 Mercurii
2716 3578 2904 3631 eodem
2932 3589 3085 3646 patre
3112 3593 3442 3650 prognatus;
3465 3595 3522 3638 et
3560 3603 3708 3655 qua)-

2133 3681 2344 3734 ruuque
2385 3667 2486 3720 alia
2549 3670 2824 3723 finxerunt
2877 3671 3172 3737 sapientes,
3223 3683 3281 3725 ut
3332 3675 3445 3729 vult
3488 3675 3701 3737 Celsus.

2133 3757 2442 3826 doguiatuut
2477 3769 2752 3826 parentes,
2783 3762 3060 3829 priscique
3101 3761 3412 3819 Graecorum
3445 3766 3704 3836 theologi.

2130 3851 2244 3913 Qua
2276 3850 2422 3902 enim
2455 3859 2606 3904 sorte
2635 3852 2683 3904 is
2715 3852 2802 3919 qui
2827 3851 3038 3921 Jupiter
3063 3850 3277 3922 proprie
3311 3869 3555 3920 vocatur,
3607 3857 3707 3912 Sa-

2131 3952 2347 3996 turnum
2379 3959 2477 4012 pro
2507 3953 2679 4012 patre,
2711 3946 2914 3998 [theam
2945 3960 3042 4012 pro
3077 3957 3247 4001 matre
3281 3962 3384 4001 nou
3438 3949 3703 4004 haberet?

2126 4035 2268 4090 Idem
2301 4036 2367 4088 de
2409 4036 2528 4089 aliis
2557 4037 2648 4105 qui
2685 4036 2756 4089 dii
2791 4037 3139 4105 appellantur
3170 4038 3480 4093 dicendum.
3541 4041 3696 4106 Quod

2125 4128 2327 4183 crimen
2354 4144 2458 4183 non
2492 4131 2641 4183 cadit
2675 4129 2726 4182 in
2758 4143 2871 4191 eos,
2899 4131 2988 4200 qtti
3031 4130 3292 4190 Sabaoth.
3329 4131 3560 4193 Adonai,
3606 4144 3701 4186 aut

2125 4223 2267 4276 aliud
2291 4237 2485 4275 nomen
2508 4223 2720 4274 occulta
2757 4222 2988 4289 quadam
3025 4223 3234 4274 ratione
3265 4223 3373 4275 Dro
3397 4224 3698 4290 imponunt.

2129 4319 2199 4368 De
2229 4314 2589 4382 appellatione
2612 4324 2790 4365 autem
2815 4311 3131 4380 angelorum
3162 4313 3276 4376 Dei,
3309 4329 3538 4382 quorum
3563 4315 3700 4370 alius

440 4405 501 4458 τὸ
547 4407 788 4472 Ἀδωναῒ,
836 4409 869 4479 ἡ
921 4426 971 4461 τι
1017 4408 1123 4461 τῶν
1169 4407 1368 4462 λοιπῶν
1415 4407 1714 4478 ὀνομάτων.
1755 4408 1920 4461 Ὅταν
1966 4407 2021 4460 δὲ

2147 4405 2375 4466 tlichael,
2428 4401 2567 4454 alius
2606 4401 2852 4464 Gabriel,
2887 4401 3025 4454 alius
3081 4401 3319 4469 Raphacl
3365 4403 3695 4486 nominatur,

443 4535 779 4594 congressu-5
813 4542 935 4577 cum
969 4527 1075 4578 illis
1107 4527 1248 4580 Indis
1297 4526 1388 4594 qui
1440 4539 1506 4578 ex
1561 4525 1792 4578 finitima
1827 4526 2020 4578 Dama-

443 4590 676 4664 tlamidis
709 4599 927 4664 regione
956 4599 1020 4649 ad
1043 4590 1616 4651 Ca-sarettt'veuerttnt.
1644 4613 1662 4644 ι
1693 4595 2014 4648 Praedictum

443 4659 725 4734 Porphyrii
753 4659 926 4717 locum
954 4669 1139 4720 laudat
1161 4667 1364 4720 (Icelius
1392 4664 1740 4731 Rhodiginus.
1770 4664 1864 4718 lib.
1893 4680 2008 4727 xiii,

441 4745 561 4803 cap.
587 4735 676 4792 15.
735 4734 875 4788 Lect.
910 4739 1076 4803 antiq.
1129 4736 1273 4789 Idem
1326 4738 1492 4790 refert
1530 4735 1892 4802 Hieronymus
1947 4737 2014 4787 de

444 4802 743 4873 Sainanteis
791 4817 843 4858 ct
878 4802 1304 4860 Brachmanibus
1351 4821 1415 4859 ex
1451 4804 1756 4857 Bardcsane
1783 4803 2014 4873 Babylo-

445 4869 556 4951 ui‘o,
618 4872 750 4951 libro
810 4879 1045 4928 secundo
1087 4878 1336 4951 adversus
1385 4875 1754 4951 lavitum-tuin:
1813 4869 2002 4951 Cyri“.

442 4938 598 4990 Alex.
649 4942 742 4994 lib.
789 4959 840 4994 tv
892 4957 1076 4998 contra
1123 4946 1400 4998 lulianum
1451 4961 1468 4997 :
1520 4945 1630 4996 Καὶ
1663 4938 1914 4996 Γαλατῶν
1963 4944 2013 4995 οἰ

439 5007 680 5083 Δρήυζδαι,
718 5012 820 5083 *καὶ
841 5082 844 5083 ν
867 5015 930 5066 ὲκ
961 5015 1215 5083 Βάκτρων
1263 5014 1370 5066 τῶν
1402 5013 1683 5083 Περσικῶν
1717 5015 2012 5082 Σαμαναῖοι

439 5077 537 5150 κα).
564 5078 781 5133 Κελτῶν
796 5082 894 5134 οὐκ
919 5077 1395 5150 ὀλίγοιξδιιιιδιῖειι.
1417 5077 1496 5122 -’
1510 5083 1675 5136 Paulo
1695 5077 1811 5148 post
1834 5083 2013 5134 Pullo-

439 5149 575 5222 calia
630 5160 686 5222 et
731 5165 920 5222 omnes
965 5149 1120 5206 codd.
1156 5170 1281 5207 mss.
1318 5165 1480 5214 recte,
1512 5154 1594 5205 ὅτι
1629 5153 1721 5203 καὶ
1755 5155 1786 5222 ἡ
1815 5152 2009 5205 καλου-

440 5218 598 5288 μένη.
639 5218 779 5274 Male
812 5221 939 5274 libb.
968 5223 1118 5285 editi,
1147 5224 1234 5276 ὅτε
1267 5223 1414 5294 καὶὴ
1448 5218 1778 5292 καλουμένη.

511 5299 620 5368 (2t)
675 5297 763 5368 Sic
817 5296 1120 5368 Philocalia.
1178 5300 1245 5352 At
1319 5301 1473 5352 codd.
1517 5300 1713 5368 Regius
1752 5309 1807 5352 et
1860 5300 2005 5355 Basi-

439 5366 662 5428 ‘.eensis,
697 5365 887 5432 λόγους
917 5365 960 5416 δ’
998 5365 1127 5434 ἔχει.
1163 5370 1292 5430 Quze
1325 5369 1482 5421 lectio
1525 5365 1631 5422 non
1680 5372 2002 5434 spernenda.

435 5434 773 5524 Haeschelius
793 5443 853 5512 et
873 5433 1198 5524 Spencfrus,
1228 5437 1416 5524 λόγους
1438 5439 1483 5520 ὃς
1509 5439 1669 5524 ἔχειν.
1699 5433 1866 5524 Ῑηιιιιο
1887 5449 2006 5506 post

438 5502 633 5577 Guieto
674 5504 890 5577 videtur
914 5502 1282 5561 scribendum
1328 5507 1427 5560 οὐκ
1468 5502 1569 5560 ὲπῖ
1590 5507 1698 5560 τῶν
1739 5502 2006 5577 τυχόντων

442 5574 853 5655 καίΛγεννήτῶν.

516 5643 624 5715 (2‘2)
667 5643 755 5699 Sic
806 5645 1110 5715 Pbilocalia
1153 5654 1207 5699 et
1254 5660 1393 5698 unus
1442 5645 1607 5701 codex
1659 5647 2002 5715 Anglicanus.

444 5709 774 5769 Hie'scbelius
812 5726 989 5770 autem
1016 5725 1065 5768 et
1095 5714 1398 5784 Spencerus
1424 5731 1542 5769 cum
1571 5709 1756 5771 codice
1777 5717 2000 5783 .loliano,

2116 4521 2397 4594 συνήθους.
2435 4520 2644 4594 Reliqui
2679 4534 2832 4594 mss._,
2872 4518 3158 4594 mavutpoug.
3210 4517 3420 4594 Ibidem;
3446 4518 3694 4594 Philoca-

2115 4594 2184 4646 lia
2217 4590 2375 4647 habet
2405 4591 2544 4644 κατὰ
2579 4590 2881 4658 Αἰγυπτίαν
2913 4591 3254 4660 ἐκφερόμενα
3281 4590 3482 4660 φωνήν.
3526 4591 3693 4660 l'anlo

2115 4673 2232 4732 post
2260 4679 2446 4715 omnes
2480 4663 2636 4716 codd.
2669 4676 2798 4714 mss.
2835 4671 2999 4732 recte,
3043 4659 3149 4732 τῶν
3183 4661 3306 4712 τάδε
3352 4659 3496 4732 μόνα
3523 4659 3687 4732 δυνα-

2117 4730 2314 4802 μένων,
2343 4746 2623 4802 prrperant
2659 4745 2785 4802 vero
2835 4730 3127 4783 Philocalia
3179 4731 3320 4783 edita
3349 4730 3532 4794 habet,
3579 4730 3688 4783 τῶν

2111 4801 2179 4855 τὰ
2205 4802 2456 4871 δαιμόνια
2483 4801 2812 4871 δυναμένων.

2182 4867 2310 4944 (25f
2339 4871 2459 4923 Ἐπὶ
2494 4867 3070 4944 ἄλλων.ςτῖμυνάίιιεων.Δ
3120 4867 3398 4922 Bolierello
3443 4871 3685 4944 scriben-

2113 4938 2239 4996 duin
2278 4938 2505 4995 'videtur
2553 4941 2642 4992 ἐπὶ
2690 4938 2861 4993 ἄλλων
2913 4939 3200 5008 δαιμόνων,
3251 4947 3309 4991 ιιι
3363 4943 3684 5008 πορειιοιιόειιι

2111 5013 2435 5079 praecedenti
2488 5010 2578 5062 ὲπί
2611 5026 2786 5080 τινων
2822 5009 3110 5078 δαιμόνων.
3169 5010 3366 5063 Ibidem
3415 5011 3564 5080 legit,
3602 5013 3682 5074 είς

2107 5083 2294 5154 χρείας
2323 5080 2470 5154 τινας
2500 5079 2999 5154 παραλαμϐάνεται.

2179 5151 2454 5223 ('24)_Kal__
2473 5146 2657 5223 οὕτως
2688 5146 3092 5223 εὑρεθήσεται.
3144 5146 3275 5223 Vide
3305 5147 3554 5213 Origenis
3583 5149 3680 5223 hn-

2110 5219 2224 5274 mil.
2253 5219 2304 5272 ll
2341 5224 2389 5272 in
2415 5220 2573 5273 Num.
2601 5220 2763 5272 l’aulu
2789 5228 2906 5288 post
2931 5219 3220 5272 l’hilocalia
3249 5219 3538 5288 impressa,
3557 5220 3675 5278 ταῖς

2105 5292 2245 5344 κατά
2272 5291 2434 5343 τόπον
2463 5290 2555 5342 καὶ
2584 5288 2730 5359 ἔθνη,
2762 5285 2852 5363 sed
2880 5288 3167 5363 l‘hilgralja
3196 5303 3294 5363 ius:
3321 5285 3672 5363 Cojsl_iitiait_-,

2103 5364 2222 5425 ταῖς
2265 5361 2406 5413 κατὰ
2437 5361 2601 5412 τόπον
2637 5355 2727 5411 καὶ
2773 5358 2942 5420 ἔθνος.
2993 5357 3160 5425 Paulo
3206 5357 3348 5425 infra
3379 5355 3671 5425 Philocalia

2100 5441 2154 5483 et
2178 5422 2364 5484 diuites
2394 5446 2544 5490 uiss.,
2578 5428 3002 5499 εὐλαὸηθήσεται
3024 5424 3158 5478 ἄλλα
3183 5423 3382 5488 ἄλλοις.
3419 5422 3675 5476 Hazsebe-

2101 5499 2223 5566 lius,
2259 5500 2637 5568 εὐλαϐήσεται,
2672 5511 2780 5569 etc.
3416 5560 3474 5569 __
3501 5557 3512 5569 ο

2167 5555 2280 5642 (έό)
2325 5571 2377 5621 '0
2402 5555 2651 5642 Κίρόιίουξ.
2683 5568 2772 5622 Sic
2801 5577 2946 5621 recte
2969 5576 3156 5620 omnes
3181 5577 3312 5619 mss.
3337 5572 3391 5619 et
3415 5555 3670 5617 Philoca-

2097 5638 2189 5698 lia.
2227 5642 2394 5707 Alias,
2427 5640 2486 5692 τὸ
2527 5638 2754 5708 Κρόνου.
