3988 6156
479 280 581 333 707

1938 273 2262 328 ORIGENIS

3622 271 3735 326 708

477 399 721 468 quisquis
761 398 815 451 in
864 411 1060 450 arcana
1114 394 1389 447 nominum
1446 391 1730 460 disciplina
1793 403 2032 445 versatus

2147 391 2274 461 περὶ
2317 389 2596 458 ὀνομάτων
2643 404 2723 449 τις
2771 385 2992 456 δύνηται
3028 386 3093 438 τὰ
3141 387 3196 436 ἐν
3244 378 3570 454 ἀπορρήτοις
3612 381 3735 452 (9.6)

477 490 658 553 fuerit,
685 491 911 558 reperiet
939 489 1100 540 indita
1127 485 1230 538 illis
1259 484 1431 537 fuisse
1464 486 1678 537 nomina
1715 483 2041 538 convenien-

477 581 550 632 tia
584 580 765 644 rebus,
813 594 946 647 quas
982 577 1070 629 Dei
1100 575 1299 629 summi
1353 573 1633 626 voluntate
1681 573 1733 625 iu
1791 572 2041 626 universo

476 673 676 724 mundo
705 669 1111 723 administrant.
1147 666 1332 732 Atque
1379 661 1444 714 ad
1476 663 1615 716 hanc
1651 663 1928 714 nominum
1959 661 2042 713 di-

478 760 753 827 seiplinam
791 756 1021 824 pertinet
1049 755 1214 809 etiam
1251 752 1379 806 Jesu
1423 751 1589 805 nostri
1633 765 1850 814 nomen,
1896 751 2040 817 quod

478 851 784 904 innumeros
806 864 870 900 ex
891 846 1084 900 animis
1117 843 1546 913 corporibusque
1567 843 1843 896 dzemones
1867 841 2040 910 palam

387 961 391 966 τ
474 941 722 995 omnibus
752 939 1103 1008 fugavit,vim
1129 951 1362 992 exerens
1391 952 1546 990 suam
1580 936 1636 989 in
1661 949 1754 989 eos
1788 949 1818 988 e
1847 935 2041 1003 quibus

473 1031 629 1100 ejecti
667 1039 792 1085 sunt
837 1031 910 1083 illi
966 1030 1256 1084 daemones.
1309 1029 1460 1082 Addo
1487 1027 1629 1097 quod
1673 1035 1941 1081 testantur
1987 1026 2039 1078 in

475 1121 782 1174 incantandi
829 1130 947 1173 arte
989 1118 1300 1181 exercitati,
1345 1117 1768 1171 iucautationem
1822 1117 2039 1186 propria

475 1211 649 1281 lingua
681 1213 1081 1281 pronuntiatam
1109 1209 1324 1264 edicere
1348 1209 1492 1278 quod
1532 1208 1838 1277 pollicetur,
1866 1209 2042 1262 incas-

474 1317 592 1355 sum
622 1311 802 1356 autent
833 1302 1045 1364 cadere,
1077 1315 1173 1354 nec
1198 1300 1490 1367 quidquam
1516 1314 1694 1367 posse,
1722 1314 1845 1354 cum
1867 1299 2039 1352 aliena

471 1395 665 1462 quavis
715 1395 896 1461 lingua
930 1393 1066 1445 facta
1098 1403 1197 1447 est.
1247 1392 1610 1458 Quamobrem
1643 1406 1747 1445 non
1797 1391 1850 1444 in
1880 1405 2040 1445 sensu

475 1500 679 1548 rerum,
713 1485 804 1538 sed
855 1484 906 1537 in
949 1499 1138 1538 vocum
1192 1484 1456 1550 qualitate
1486 1493 1540 1537 et
1577 1483 1910 1552 preprietate
1961 1482 2042 1534 vis

474 1576 649 1644 hujus‘
671 1585 764 1629 aut
797 1575 940 1629 illius
984 1575 1060 1628 rei
1089 1575 1392 1630 efﬁcienda:
1418 1576 1518 1630 sita
1551 1584 1655 1628 est.
1690 1575 1766 1626 Ac
1806 1575 1889 1628 his
1924 1574 2041 1641 qui-

472 1667 594 1721 dem
631 1666 927 1721 rationibus
962 1665 1314 1720 defendemus
1344 1668 1506 1719 etiam
1549 1666 1918 1730 Christianos,
1949 1666 2040 1733 qui

2151 483 2476 550 φιλοσοφεῖν,
2510 478 2677 532 πολλά
2710 477 2774 531 ἂν
2807 477 2942 548 εὕρῃ
2975 477 3070 530 καὶ
3105 476 3352 548 περὶτῆς
3383 477 3736 546 ἐπικλήσεως

2151 573 2256 624 τῶν
2301 572 2546 641 ἀγγέλων
2579 570 2669 623 τοῦ
2709 568 2842 622 Θεοῦ
2865 585 2877 596 ⁸
2918 561 2994 618 ὧν
3027 569 3055 619 6
3090 567 3191 637 μέν
3221 585 3302 630 τις
3347 566 3560 638 Μιχαὴλ
3585 567 3730 638 (27).

2149 664 2333 734 ἕτερος
2382 664 2438 716 δὲ
2487 662 2763 734 Γαϐριὴλ,
2813 663 2908 714 καὶ
2954 661 3111 722 ἄλλος
3168 658 3409 729 Ῥαφαὴλ
3443 658 3730 722 καλεῖται,

2149 753 2485 823 φερωνύμως
2537 754 2648 813 τοῖς
2702 751 3040 820 πράγμασιν,
3084 749 3118 801 ἃ
3161 747 3534 800 διακονοῦνται
3578 752 3732 804 κατὰ

2150 844 2397 915 βούλημα
2441 843 2533 896 τοῦ
2581 841 2715 895 Θεοῦ
2761 840 2865 892 τῶν
2911 840 3048 892 ὅλων
3096 841 3154 891 ἐν
3183 838 3260 910 τῷ
3300 837 3479 892 παντί.
3534 839 3651 910 Τῆς
3685 839 3732 892 δ’

2147 936 2336 1006 ὁμοίας
2363 936 2539 1006 ἔχεται
2588 935 2714 1005 περὶ
2755 935 3033 1005 ὀνομάτων
3071 932 3383 1003 φιλοσοφίας
3412 933 3506 985 καὶ
3537 932 3564 983 6
3595 929 3732 1001 ἡμέ-

2147 1046 2303 1098 τερος
2350 1028 2574 1099 Ἰησοῦς,
2609 1023 2668 1080 οὗ
2713 1029 2772 1081 τὸ
2824 1028 2994 1096 ὄνομα
3059 1026 3284 1097 μυρίους
3325 1025 3425 1095 ἥδη
3479 1023 3729 1093 ἐναργῶς

2149 1120 2385 1192 ἑώραται
2429 1119 2688 1188 δαίμονας
2735 1119 2994 1183 ἐξελάσαν
3043 1118 3230 1188 ψυχῶν
3280 1116 3376 1169 καὶ
3431 1115 3725 1185 σωμάτων,

2150 1212 2448 1282 ἐνεργῆσαν
2491 1214 2569 1275 εἰς
2614 1211 2850 1274 ἐκείνους
2883 1212 2975 1278 ἀφ’
3009 1203 3081 1262 ὧν
3112 1208 3485 1278 ἀπηλάθησαν.
3526 1207 3651 1259 Ἔτι
3684 1206 3730 1259 δ’
3765 1220 3768 1223 ·

2149 1305 2227 1365 εἰς
2250 1304 2340 1356 τὸν
2382 1301 2509 1371 περί
2549 1301 2830 1370 ὀνομάτων
2875 1300 3036 1352 τόπον
3078 1297 3313 1362 λεκτέον,
3359 1297 3440 1349 ὅτι
3487 1297 3536 1349 οἰ
3595 1295 3728 1366 περὶ

2148 1393 2244 1464 τὴν
2287 1393 2482 1463 χρῆσιν
2527 1393 2632 1444 τῶν
2681 1391 2902 1460 ἐπῳδῶν
2934 1390 3096 1444 δεινοὶ
3130 1389 3453 1458 ἱστοροῦσιν,
3488 1390 3591 1452 ὅτι,
3630 1389 3726 1457 τὴν

2149 1485 2316 1555 αὐτὴν
2377 1484 2588 1555 ἐπῳδὴν
2648 1483 2868 1536 εἰπόντα
2931 1484 3027 1552 μὲν
3073 1486 3137 1553 τῇ
3192 1481 3368 1552 οἰκείᾳ
3432 1476 3754 1547 διαλέκτῳ,

2149 1575 2295 1626 ἐστιν
2343 1572 2632 1642 ἐνεργῆσαι
2666 1572 2802 1642 ὅπερ
2850 1569 3243 1638 ἐπαγγέλλεται
3291 1570 3325 1637 ἠ
3370 1566 3572 1636 ἐπῳδή-
3626 1582 3722 1633 με-

2148 1663 2447 1717 ταϐαλόντα
2497 1662 2553 1716 δὲ
2593 1664 2671 1725 εἰς
2722 1661 2886 1731 ἄλλην
2928 1657 3310 1730 οἰανδηποτοῦν
3358 1657 3470 1728 (28)
3515 1655 3722 1724 φωνὴν,

472 1773 571 1825 pro
589 1773 686 1811 sua
718 1757 979 1825 religione
1017 1769 1297 1812 certantes
1331 1757 1470 1811 mori
1498 1766 1814 1826 prmoptant,
1875 1771 2032 1824 quam

2141 1754 2285 1807 ἔστιν
2343 1754 2468 1806 ἰδεῖν
2520 1754 2706 1807 ἄτονον
2740 1755 2834 1808 καὶ
2880 1753 3029 1806 οὐδὲν
3071 1750 3402 1820 δυναμένην.
3435 1748 3626 1810 Οὕτως
3664 1747 3722 1799 οὐ

475 1848 641 1901 Deum
661 1846 809 1903 Jovis
845 1850 1082 1914 nomine,
1127 1849 1392 1902 autillum
1435 1849 1610 1900 aliena
1642 1847 1820 1915 lingua
1862 1845 2042 1913 appel-

473 1938 608 1992 lare.
636 1939 743 1992 Aut
778 1939 923 1992 enim
955 1939 1101 1992 illum
1132 1940 1454 2006 simpliciter
1482 1946 1796 2006 nuncupant
1851 1937 2040 2001 Deum,

473 2039 566 2082 aut
597 2029 796 2083 nomini
823 2028 1044 2096 addunt,
1070 2031 1308 2084 omnium
1341 2030 1810 2092 conditorem,aut
1833 2029 1952 2083 cmli
1988 2041 2042 2084 et

473 2130 631 2174 terra:
675 2121 942 2190 opiﬁcem,
990 2122 1079 2190 qui
1124 2122 1190 2174 ad
1235 2135 1404 2191 genus
1448 2122 1746 2174 humanum
1779 2122 2038 2189 quosdam

472 2214 739 2282 sapientes
774 2213 938 2277 misit,
987 2228 1219 2281 quorum
1267 2213 1580 2267 nominibus
1623 2211 1896 2279 adjectum
1946 2211 2038 2264 Dei

475 2319 669 2356 nonten
699 2304 805 2356 vim
840 2304 1128 2372 quamdam
1171 2303 1310 2372 apud
1347 2303 1591 2357 homines
1617 2303 1840 2357 exserit.
1877 2302 2039 2356 Multa

471 2395 574 2448 hoc
601 2393 717 2448 loco
743 2407 797 2449 et
825 2396 931 2448 alia
969 2396 1036 2448 de
1065 2394 1374 2448 nominibus
1399 2393 1505 2446 dici
1543 2401 1760 2460 possent
1781 2393 2041 2448 adversus

468 2500 562 2538 eos
591 2485 681 2553 qui
716 2494 906 2554 putant
938 2484 1072 2540 nihil
1122 2483 1326 2538 referre
1373 2482 1643 2551 quomodo
1675 2483 1755 2536 eis
1804 2493 2036 2535 utamur.

470 2575 603 2628 Nam
634 2577 676 2629 si
716 2575 868 2629 Plato
907 2586 990 2630 est
1027 2573 1377 2628 admirationi
1419 2575 1583 2642 quod,
1613 2588 1737 2626 cum
1782 2573 2038 2627 Philebus

468 2682 592 2721 cum
657 2665 881 2721 Socrate
943 2666 1258 2736 colloquens
1313 2665 1649 2733 voluptatem
1712 2665 2037 2734 appellasset

469 2761 622 2812 deum
644 2799 660 2824 ,
697 2758 942 2813 Socratis
986 2760 1037 2812 in
1067 2773 1160 2812 ore
1200 2758 1252 2811 id
1280 2757 1524 2826 responsi
1554 2755 1720 2828 344
1748 2757 1988 2825 posuerit
2020 2774 2032 2810 :

476 2869 494 2902 ι
527 2850 714 2920 Magna
746 2850 873 2903 mihi
920 2858 1004 2904 est
1036 2863 1163 2919 erga
1208 2849 1429 2902 deorum
1474 2848 1694 2902 nomina
1752 2847 1974 2918 religio;
2011 2868 2028 2900 ι

476 2952 670 3008 quanto
719 2941 889 3010 magis
918 2940 1190 3006 probanda
1231 2949 1317 2993 est
1355 2939 1796 2994 Christianorum
1841 2940 2032 3007 pietas,

2143 1848 2210 1902 τά
2256 1849 2632 1919 σημαινόμενα
2679 1848 2818 1902 κατὰ
2850 1846 2954 1898 τῶν
2984 1845 3340 1916 πραγμάτων,
3375 1841 3487 1896 ἀλλ’
3522 1844 3580 1894 αἰ
3619 1840 3723 1893 τῶν

2144 1938 2336 2008 φωνῶν
2391 1939 2671 2009 ποιότητες
2718 1939 2811 1991 καί
2848 1938 3125 2006 ἰδιότητες,
3174 1935 3355 2006 ἔχουσί
3405 1952 3457 1986 τι
3501 1933 3723 1986 δυνατὸν

2144 2033 2201 2084 ἐν
2252 2031 2444 2087 αὐταῖς
2490 2032 2625 2102 πρὸς
2666 2031 2789 2085 τάδε
2832 2029 2951 2082 τινὰ
2984 2032 3016 2100 ἢ
3053 2029 3196 2082 τάδε.
3238 2027 3394 2081 Οῦτω
3435 2027 3478 2078 δ’
3507 2027 3720 2084 ¹ἀπολο-

2141 2119 2424 2190 γησόμεθα
2463 2120 2548 2172 διὰ
2574 2119 2678 2172 τῶν
2725 2119 2975 2172 τοιούτων
3021 2119 3116 2173 καὶ
3151 2119 3277 2190 περί
3302 2118 3393 2170 τοῦ
3425 2118 3592 2188 μέχρι
3629 2118 3720 2170 ϐα·-

2142 2212 2298 2264 νάτου
2333 2213 2690 2279 ἀγωνίζεσθαι
2731 2213 3108 2283 Χριστιανοὺς,
3148 2212 3233 2263 ἵνα
3269 2211 3343 2280 μὴ
3372 2211 3461 2263 τὸν
3495 2211 3596 2263 Δία
3615 2209 3720 2279 (‘29)

2141 2301 2271 2353 Θεὸν
2303 2302 2732 2372 ἀναγορεύσωσι,
2783 2280 2906 2373 μηδ’
2927 2280 3082 2376 θάλλῃ
3113 2302 3378 2372 διαλέκτῳ
3419 2302 3582 2354 αὑτὸν
3613 2304 3723 2354 ὀνο-

2143 2392 2409 2461 μάσωσιν.
2450 2394 2518 2444 Ἢ
2573 2393 2680 2463 γὰρ
2743 2393 3008 2462 ἀορίστως
3067 2392 3388 2463 ὁμολογοῦσι
3442 2393 3502 2445 τὸ
3546 2393 3722 2446 κοινὸν

2140 2481 2313 2551 ὄνομα
2340 2521 2354 2545 ,
2402 2482 2461 2535 τὸ
2505 2485 2534 2535 6
2576 2482 2727 2545 Θεὸς,
2788 2484 2819 2553 ἢ
2877 2483 2972 2536 καὶ
3022 2484 3158 2553 μετά
3198 2479 3512 2554 προσθήκης
3545 2485 3668 2553 τῆς,
3694 2484 3722 2534 6

2137 2574 2464 2645 δημιουργὸς
2513 2573 2620 2626 τῶν
2665 2575 2821 2640 ὅλων,
2859 2577 2888 2628 6
2931 2574 3156 2645 ποιητὴς
3185 2574 3412 2646 οὐρανοῦ
3455 2575 3547 2627 καὶ
3600 2575 3718 2644 γῆς,

2137 2666 2165 2716 6
2203 2664 2570 2734 καταπέμψας
2597 2664 2673 2734 τῷ
2693 2664 2800 2718 τῶν
2829 2663 3129 2734 ἀνθρώπων
3161 2664 3310 2732 γένει
3351 2664 3538 2717 τούσδε
3573 2664 3719 2727 τινας

2137 2758 2259 2819 τοὺς
2282 2757 2495 2825 σοφούς·
2534 2750 2609 2809 ὧν
2651 2755 2726 2826 τῷ
2759 2757 2982 2826 ὀνόματι
3016 2754 3456 2828 ἐφαρμοζόμενον
3486 2757 3545 2808 τὸ
3579 2755 3720 2820 Θεὸς

2136 2847 2328 2918 δνομα,
2363 2848 2594 2918 δύναμίν
2629 2865 2749 2900 τινα
2781 2848 2932 2919 παρά
2965 2846 3269 2918 ἀνθρώποις
3305 2849 3554 2900 ἐπιτελεῖ.
3585 2845 3716 2900 Πολ-

2135 2941 2202 2995 λὰ
2234 2943 2278 2994 δ’
2325 2942 2390 2995 ἂν
2434 2944 2528 2994 καὶ
2567 2942 2701 2997 ἄλλα
2737 2944 2945 3012 λέγοιτο
2991 2944 3070 3005 εἰς
3115 2941 3204 2995 τὸν
3259 2943 3386 3012 περὶ
3441 2942 3720 3011 ὀνομάτων

468 3031 562 3098 qui
595 3046 788 3084 nomen
814 3031 1007 3084 fabulis
1036 3031 1364 3085 celebratum
1401 3045 1584 3084 rerum
1631 3029 1870 3083 omnium
1903 3046 2031 3084 cou-

2137 3031 2301 3084 τόπον
2353 3032 2488 3103 πρὸς
2530 3035 2654 3096 τοὺς
2683 3035 2961 3104 οἰομένους
2993 3034 3100 3087 δεῖν
3123 3033 3430 3104 ἀδιαφορεῖν
3459 3048 3586 3102 περι
3620 3033 3718 3102 τῆς

467 3121 628 3175 ditori
657 3121 1067 3175 accommodare
1090 3121 1300 3174 uolunt.
1326 3119 1519 3175 Verum
1540 3121 1640 3174 hac
1657 3119 1723 3173 de
1743 3133 1798 3172 re
1826 3122 2032 3188 imprae-

2140 3096 2408 3194 χρήσεως.
2437 3125 2633 3178 αὐτῶν.
2676 3096 2788 3179 Kal.
2830 3125 2988 3196 εἴπερ
3025 3096 3361 3196 Θαυμάζε-τάι
3397 3127 3425 3178 6
3467 3096 3714 3187 Πλάτων,

469 3211 765 3265 sentiarum
799 3210 954 3263 satis.

2142 3211 2310 3266 εἰπὼν
2346 3216 2403 3266 ἐν
2457 3215 2706 3282 Φιλήϐῳ·
2742 3234 2759 3266 ε
2800 3215 2874 3268 Τὸ
2916 3215 2959 3267 δ’
2999 3216 3128 3286 ἐμὸν
3178 3216 3315 3279 δέος,
3363 3208 3408 3267 ὦ
3452 3212 3714 3284 Πρώταρ-

468 3324 529 3378 χε
582 3305 715 3377 (50),
761 3307 890 3377 περὶ
939 3306 1006 3359 τὰ
1050 3305 1287 3375 ὀνόματα
1322 3304 1427 3358 τῶν
1460 3304 1596 3357 θεῶν
1632 3305 1732 3358 οὐκ
1777 3305 1976 3374 ὀλίγον,
2013 3325 2030 3357 ι
2066 3308 2188 3360 ἐπεὶ
2223 3309 2451 3379 Φίληϐος
2495 3309 2614 3362 θεὸν
2643 3310 2739 3381 τὴν
2775 3311 2965 3381 ἡδονὴν
2997 3306 3168 3374 εἶπεν,
3205 3311 3234 3362 ὁ
3267 3307 3715 3380 προσδιαλεγόμε-

457 3418 546 3464 νος
569 3399 649 3470 τῷ
680 3399 971 3470 Σωκράτει⁸
1002 3400 1117 3464 πῶς
1148 3400 1208 3452 οὐ
1241 3399 1437 3470 μᾶλλον
1461 3401 1558 3470 τῆς
1591 3398 1873 3463 εὐλαϐείας
1925 3401 2296 3471 ἀποδεξόμεθα
2333 3405 2690 3475 Χριστιανοὺς
2743 3406 2908 3477 μηδὲν
2951 3405 3058 3458 τῶν
3113 3407 3169 3458 ἐν
3208 3408 3326 3467 ταῖς
3377 3402 3714 3474 μυθοποιίαις

467 3495 1046 3566 παραλαμϐανομένων
1085 3497 1362 3568 ὀνομάτων
1391 3497 1800 3566 προσάπτοντας
1835 3497 1946 3569 (51)
1987 3496 2061 3567 τῷ
2092 3497 2181 3552 τοῦ
2215 3501 2415 3563 παντὸς
2447 3499 2800 3571 δημιουρ-[ᾡς
2866 3499 3025 3552 Ἀλλά
3068 3500 3176 3570 γὰρ
3221 3499 3424 3552 τούτων
3487 3496 3580 3549 ὲπὶ
3629 3492 3718 3548 τοῦ

466 3591 727 3662 παρόντος
761 3592 898 3655 άλις.

535 3686 624 3740 26.
656 3685 807 3739 Nunc
834 3686 1107 3740 videamus
1131 3701 1238 3755 quo
1269 3695 1427 3755 pacto
1467 3683 1656 3741 Celsus
1685 3684 1797 3749 ille,
1833 3683 1924 3753 qui
1970 3697 2029 3737 se

464 3779 646 3833 omnia
669 3779 810 3832 scire
854 3779 1156 3847 proﬁtetur,
1189 3779 1552 3833 calumnietur
1577 3776 1794 3831 Judzeos
1817 3776 2026 3841 dicens,

475 3887 494 3920 ι
533 3868 740 3937 angelis
766 3883 858 3922 eos
897 3869 1099 3922 cultum
1147 3871 1407 3932 tribuere,
1441 3869 1774 3939 magicisque
1820 3870 2031 3922 artibus

467 3958 594 4012 dare
639 3972 858 4025 operam
914 3973 1139 4025 quarum
1203 3959 1304 4012 illis
1354 3958 1564 4028 Moyses
1613 3961 1804 4014 doctor
1841 3958 1959 4011 fuit.
2005 3978 2021 4010 ι

465 4049 709 4116 Quonam
755 4050 897 4102 enim
929 4051 1259 4118 scriptorum
1289 4049 1490 4120 Moysis
1527 4051 1642 4105 loco
1675 4051 1940 4104 invenerit
1962 4050 2027 4104 ab

464 4140 568 4197 isto
595 4141 900 4213 legislatore
932 4141 1067 4195 tradi
1117 4140 1321 4195 cultum
1376 4142 1714 4206 angelorum,
1747 4141 1892 4194 dicat
1937 4141 2027 4196 ille

532 4296 646 4369 (’26)
681 4296 758 4350 lta
811 4297 1142 4370 Philocalia;
1192 4297 1346 4370 alias,
1397 4300 1522 4351 ὅταν
1559 4298 1615 4351 δὲ
1649 4297 1715 4351 τὰ
1750 4297 1880 4370 περί
1907 4299 2022 4350 ὀνο-

462 4368 646 4441 μάτων
673 4386 753 4441 τις
805 4368 1023 4439 δύνηται
1077 4369 1144 4441 τά
1186 4369 1242 4420 ἐν
1281 4371 1630 4441 ἀπορρήτοις,
1667 4369 1758 4422 sed
1792 4368 2022 4437 primum

461 4439 592 4492 illud
626 4440 694 4491 τά
727 4443 1055 4507 superﬂuunt
1089 4439 1325 4493 videtur.

531 4508 643 4576 (‘27)
662 4508 920 4578 Μιχαὴλ.
948 4507 1078 4563 Vide
1101 4509 1348 4578 Origeuis
1380 4508 1653 4562 homiliam
1676 4507 1746 4562 23
1765 4507 1816 4560 in
1839 4508 2023 4564 Josue.

528 4577 643 4647 (‘28)
673 4577 986 4647 i’hilocalia,
1015 4577 1427 4647 ὁποιανδήποτε.

530 4645 643 4715 (29)
670 4646 813 4715 _cho
833 4663 952 4700 cum
973 4645 1275 4710 Boherello,
1302 4648 1391 4700 τὸν
1418 4649 1535 4702 θεὸν
1558 4649 1674 4702 Δία.

670 4711 736 4786 τῼ
755 4711 1136 4786 “Πρὼτᾳρχε.ί
1161 4716 1310 4771 Plato
1364 4721 1417 4770 tn
1475 4719 1711 4780 Philebo,
1751 4732 1873 4786 pag.
1920 4717 2021 4771 12:

457 4782 602 4858 '_I'6_6‘s
629 4781 926 4858 épbvﬁéog,
951 4781 999 4838 ὦ
1025 4781 1340 4858 Πρωταρχε,
1363 4787 1448 4839 ἀεὶ
1481 4787 1616 4858 πρὸς
1648 4786 1714 4858 τά
1751 4781 2024 4858 τῶν-θεῶν

457 4852 696 4926 ὀνόματα
729 4854 828 4926 οῦκ
860 4855 974 4926 ἐστι
1004 4852 1122 4908 κατ’
1141 4852 1443 4926 ἀνορωπον,
1475 4852 1610 4910 ἀλλὰ
1636 4855 1780 4926 πέρα
1801 4855 1892 4908 τοῦ
1929 4873 2025 4924 με-

457 4922 643 4989 γίστου
674 4923 859 4991 φόϐου.
889 4943 909 4995 ι
926 4993 932 4995 Α
951 4924 998 4978 ls
1020 4941 1148 4979 vero
1173 4922 1345 4979 metus
1373 4942 1478 4994 quo
1504 4922 1719 4994 semper
1745 4940 1870 4995 erga
1893 4922 2023 4979 deo-

457 5007 575 5064 rum
605 4995 822 5047 nomina
854 4993 1072 5058 alliciar,
1123 4993 1438 5058 Protarcho,
1485 5013 1587 5050 non
1622 4993 1854 5048 humani
1898 4996 2020 5064 qui-

456 5063 580 5116 dem
617 5071 708 5134 est,
741 5065 929 5134 moris,
954 5067 1047 5118 sed
1087 5065 1381 5118 maximqu
1423 5081 1554 5120 sane
1581 5065 1825 5119 timorem
1855 5063 2018 5134 supe-

453 5141 556 5185 rat.
601 5150 620 5184 ι
683 5133 846 5187 Paulo
896 5142 1016 5200 post
1068 5134 1400 5188 lloeschelius
1441 5150 1562 5188 cum
1610 5135 1817 5189 duobus
1857 5133 2015 5190 codd.

453 5201 732 5273 Vaticanis
763 5213 818 5256 et
846 5201 1080 5273 .loliano,
1107 5205 1156 5255 εἰ
1185 5205 1277 5273 ἐπὶ
1294 5205 1574 5268 Φιλήϐου.
1606 5203 1808 5273 Regius
1835 5218 1889 5258 et
1918 5203 2019 5256 Bn-

449 5271 694 5327 sileensis
729 5291 744 5326 :
785 5271 1028 5344 Exstat),
1074 5272 1357 5338 Φιλήϐου.
1403 5271 1708 5328 Philocalia
1739 5285 1794 5329 et
1824 5276 2015 5344 reliqui

448 5344 612 5397 codd.
633 5357 786 5410 mss.,
811 5343 933 5396 ἐπεὶ
958 5341 1232 5410 Φίληϐος.

521 5412 631 5484 (51)
659 5413 998 5469 Ηωεειιειίυε
1022 5415 1074 5467 iu
1099 5424 1274 5480 textu,
1301 5422 1357 5469 et
1387 5413 1693 5483 Speucerus
1715 5415 1780 5469 ad
1813 5413 2013 5484 margi-

443 5493 591 5553 nem,
615 5484 1052 5553 προσαπτόντων.

517 5551 631 5623 (52)
663 5551 866 5608 Σέϐειν
887 5553 1201 5623 ἀγγέλους.
1229 5551 1482 5608 Petavius
1515 5553 1570 5607 in
1600 5555 1766 5608 anim.
1799 5555 1864 5607 ad
1886 5553 2012 5622 Epi-

449 5616 630 5683 phanii
681 5623 868 5676 haeres.
899 5616 1069 5694 16's}
1103 5616 1422 5694 Quanquam
1465 5640 1568 5678 non
1616 5624 1746 5678 illud
1795 5616 2012 5693 ignora-

453 5702 597 5755 Inus,
639 5703 668 5743 a
705 5693 978 5747 nonnullis
1015 5692 1364 5750 llebrteorum
1404 5695 1714 5751 doctoribus
1758 5692 2013 5750 cwlestcs

2221 3678 2449 3750 Ἰδωμεν
2513 3678 2570 3732 δὲ
2641 3678 2761 3732 τίνα
2796 3677 2993 3748 τρόπον
3024 3679 3344 3746 συκοφαντεῖ
3371 3676 3655 3740 Ἰουδαίους
3678 3677 3702 3726 ὁ

2139 3774 2293 3827 πάντ’
2322 3769 2786 3840 ἐπαγγελλόμενος
2814 3770 3007 3823 εἰδέναι
3031 3769 3252 3832 Κέλσος,
3279 3769 3451 3837 λέγων
3473 3788 3489 3818 ι
3520 3767 3710 3828 αὐτοὺς

2138 3865 2314 3919 σέϐειν
2351 3864 2632 3932 ἀγγέλους,
2651 3863 2744 3915 καὶ
2763 3863 2985 3933 γοητείᾳ
3018 3860 3391 3933 προσκεῖσθαι,
3415 3855 3481 3930 ἧς
3501 3859 3529 3909 6
3546 3860 3710 3913 Μωῦ-

2138 3959 2234 4029 σῆς
2267 3958 2447 4018 αὐτοῖς
2470 3955 2691 4024 γέγονεν
2730 3954 3017 4025 ἐξηγητής.
3053 3973 3071 4004 ι
3103 3953 3213 4006 Ποῦ
3241 3954 3349 4024 γὰρ
3381 3953 3488 4005 τῶν
3526 3968 3704 4021 γραμ-

2138 4048 2322 4118 μάτων
2344 4048 2619 4109 Μωῦσέως
2648 4042 2771 4118 εὗρε
2797 4046 2884 4097 τὸν
2917 4044 3208 4115 νομοθέτην
3235 4044 3593 4116 παραδιδόντα
3627 4042 3708 4094 σέ-

2135 4140 2249 4194 ϐειν
2279 4140 2540 4209 ἀγγέλους
2573 4139 2706 4209 (⁸52),
2731 4137 2934 4205 λεγέτω
2959 4139 2986 4190 6
3012 4135 3481 4206 ἐπαγγελλόμενος
3511 4135 3705 4188 εἰδέναι

2129 4297 2290 4351 orbes
2338 4296 2520 4348 anima
2565 4293 3028 4363 iutelligentiaque
3072 4291 3330 4363 praeditos
3379 4288 3701 4363 existimari,

2130 4382 2291 4435 quam
2325 4365 2386 4420 [ἰ.
2424 4365 2619 4434 Moysis
2641 4358 2958 4435 opinionem
2985 4358 3153 4435 David
3193 4361 3429 4435 Kimchi,
3472 4358 3525 4435 i_n_
3558 4360 3698 4435 psal-

2064 4413 2105 4467 ι)
2134 4413 2291 4488 ἱῖὲὶῖιίἶ
2313 4413 2951 4496 (ieci-illiilli1.631.113,his;
2979 4413 3161 4485 eius
3184 4413 3428 4498 explicat
3446 4444 3458 4479 :
3490 4427 3532 4480 1t
3545 4413 3570 4479 .'
3591 4426 3698 4482 Μο-

2134 4521 2244 4570 ses,
2289 4506 2483 4572 inquit,
2518 4518 2704 4557 vocem
2759 4502 2904 4556 illam
2946 4513 3220 4566 enarram,
3251 4500 3332 4554 sic
3373 4499 3619 4572 exponit,
3647 4508 3698 4551 ut

2131 4576 2197 4626 ad
2227 4568 2479 4627 cmlestcs
2517 4573 2678 4627 orbes
2719 4572 2954 4637 referat;
2984 4571 3242 4638 quoniam
3283 4571 3396 4623 haec
3449 4568 3596 4622 illius
3641 4581 3698 4621 ae

2133 4644 2575 4711 philosophorum
2599 4643 2782 4711 opinio
2805 4651 2912 4704 est,
2951 4641 3204 4696 cmlestes
3235 4640 3396 4694 orbes
3425 4639 3626 4711 vivere,
3648 4645 3698 4690 et

2131 4707 2542 4782 intelligere_ac
2590 4707 2754 4782 Deum
2803 4711 3018 4782 colere.
3071 4711 3408 4782 summisque
3455 4707 3696 4782 laudibus

2129 4779 2360 4835 allicere.
2411 4779 2550 4834 Hinc
2598 4781 2869 4834 cmlicolas
2904 4781 3119 4835 .ludteos
3165 4780 3233 4832 ab
3280 4779 3696 4847 imperatoribus

2130 4850 2276 4918 (rod.
2313 4851 2388 4905 De
2423 4850 2629 4904 Judaei:
2655 4860 2702 4903 et
2733 4851 3001 4920 cmlicolis)
3031 4850 3288 4919 appellari
3317 4846 3507 4920 censet
3535 4846 3694 4899 Baro-

2127 4921 2251 4975 nius
2275 4921 2391 4976 loco
2417 4922 2604 4987 citato,
2629 4924 2770 4988 quod
2796 4933 2941 4976 astra
2965 4922 3272 4987 cmluutque
3313 4919 3563 4988 colerent
3592 4935 3605 4969 :
3641 4925 3694 4988 at

2128 4988 2368 5058 Scaliger
2412 4984 2945 5046 nominis—rationem
2978 4989 3137 5044 alfert
3174 4984 3366 5050 aliam;
3395 4986 3466 5058 de
3489 5001 3594 5054 qua
3628 4984 3688 5036 ad

2125 5055 2370 5130 ultimam
2402 5060 2632 5114 haeresiu
2663 5062 3020 5130 opportunius
3050 5062 3403 5130 disseremus.
3433 5055 3687 5130 (laterum

2127 5129 2230 5199 huc
2290 5129 2481 5199 referri
2525 5126 2920 5199 potest','quod
2979 5131 3118 5198 apud
3166 5126 3617 5199 Urigenern‘ﬂib.
3649 5126 3687 5191 ι)

2122 5196 2308 5254 CeiSIts
2339 5194 2540 5256 Iudaeis
2571 5194 2880 5269 objicieb—al,
2930 5194 3105 5268 λέγων
3149 5198 3346 5260 αὐτοὺς
3382 5194 3561 5269 σέϐειν
3593 5195 3660 5262 ἀγ

2119 5269 2328 5336 γέλους,
2359 5280 2467 5327 etc.
2506 5288 2525 5321 ι
2556 5266 2664 5324 Viri
2687 5271 2984 5325 doctissimi
3008 5266 3374 5337 eoujecturam
3411 5266 3687 5337 conlirmat

2119 5332 2480 5411 Hieronymus
2515 5341 2568 5394 in
2605 5339 2776 5411 βεεν.
2825 5341 2891 5393 ad
2947 5332 3302 5411 quaestionem
3355 5332 3683 5411 abugigasia

2119 5405 2450 5480 propositam
2484 5428 2498 5463 :
2529 5427 2546 5460 ι
2591 5405 2903 5480 Conversus
2930 5405 3116 5464 autem
3156 5409 3297 5480 Deus
3323 5405 3682 5480 tradiditeos.

2118 5474 2177 5532 ut
2198 5474 2438 5535 colerent
2462 5480 2708 5534 militiam
2738 5479 2882 5543 cceli,
2915 5479 3330 5546 sicutscriptum
3359 5483 3445 5530 est
3469 5476 3521 5528 in
3553 5474 3684 5546 libro

2115 5554 2528 5617 prophetarum.
2585 5549 2773 5604 Militia
2803 5541 2987 5604 autem
3026 5548 3148 5602 cwli
3183 5541 3303 5619 'nou
3341 5557 3548 5619 tantum
3607 5541 3682 5619 sol

2116 5616 2434 5688 appellatur,
2467 5631 2522 5673 et
2553 5620 2702 5685 luna,
2732 5629 2784 5674 et
2805 5630 2950 5673 astra
2975 5618 3292 5681 rutilantia;
3321 5616 3489 5670 sedet
3511 5616 3682 5688 orntus

2116 5681 2361 5761 angelica
2396 5681 2719 5764 multitudo.
2763 5704 3063 5762 eorumque
3103 5689 3397 5754 exercitus,
3442 5687 3532 5756 qui
3577 5681 3678 5736 lle.
