3988 6156
434 278 542 331 709

1652 278 1929 334 CONTRA
1965 280 2237 335 CELSUM
2276 280 2403 336 LIB.
2446 280 2483 332 Ι.

3598 294 3699 347 ’710

428 387 501 440 τὰ
544 385 881 456 Χριστιανῶν
917 388 1009 438 καὶ
1065 386 1352 441 Ἰουδαίων.
1404 389 1525 451 Πῶς
1579 390 1633 442 δὲ
1671 391 1761 442 καὶ
1796 393 1976 462 γοητεί

2123 392 2414 458 quirerqu
2457 393 2894 449 Christianarum
2941 397 3359 469 Jud.earumqne
3401 412 3506 456 tam
3554 422 3667 472 per.

430 478 583 549 παρά
610 480 718 539 τοῖς
740 476 1202 547 παραδεξαμένοις
1240 479 1329 529 τὸν
1359 480 1637 544 Μωῦσέως
1661 484 1820 552 νόμον
1846 484 2011 543 ἐστὶν,

427 568 763 635 ἀνεγνωκόσι
798 568 889 621 καὶ
922 570 999 620 τό·
1044 588 1061 617 ι
1106 570 1230 631 Τοῖς
1276 571 1547 633 ἐπαοιδαῖς
1576 574 1635 625 ού
1681 575 2015 645 προσκολληα

428 658 688 728 θήσεσθε,
730 660 1086 730 ἐκμιανθῆναι
1122 665 1178 714 ἐν
1207 664 1421 725 αὐτοῖς;
1457 681 1475 713 ι
1510 663 1926 731 Ἐπαγγέλλεται
1956 667 2012 719 δὲ

424 750 657 816 διδάξειν
695 750 848 819 ὲξῆς,
880 770 896 801 ι
923 750 1038 814 πῶς
1072 752 1163 805 καὶ
1206 752 1447 805 Ἰουδαῖοι
1473 754 1575 806 ὑπὸ
1595 754 1833 823 ἀμαθίας
1855 757 2015 823 seed-

424 842 596 912 λησαν
630 841 1058 912 ἐξαπατώμενοι.
1106 862 1123 893 ι
1162 845 1269 896 Καὶ
1302 846 1348 896 εί
1379 845 1476 914 μὲν
1500 844 1725 916 ηὕρισκε
1754 846 1850 917 τὴν
1885 849 2011 917 περὶ

440 933 614 1004 Ἰησοῦ
645 933 736 986 τοῦ
773 934 1008 1004 Χριστοῦ
1045 937 1101 986 ἐν
1146 935 1420 999 Ἰουδαίοις
1453 937 1697 1007 ἀμαθίαν
1732 938 1803 1008 μὴ
1839 956 2008 992 κατα-

425 1023 656 1075 κούσασι
681 1023 785 1075 τῶν
819 1023 947 1093 περὶ
963 1023 1125 1075 αὑτοῦ
1162 1024 1528 1095 προφητειῶν,
1564 1026 1779 1097 ἀληθῶς
1809 1027 1875 1079 ἂν
1907 1027 2009 1079 ἐδί-

422 1111 553 1175 δαξε
608 1112 724 1174 πῶς
771 1113 1080 1182 ἐσφάλησαν
1126 1114 1387 1168 Ἰουδαῖον
1445 1115 1539 1169 νῦν
1594 1117 1649 1169 δὲ
1683 1117 1853 1170 ταῦτα
1886 1119 2006 1171 οὐδὲ

427 1203 715 1274 βουληθεὶς
743 1206 1135 1275 φαντασθῆναι,
1176 1208 1241 1259 τὰ
1280 1207 1353 1277 μὴ
1386 1209 1677 1278 σφάλματα
1740 1211 2008 1263 Ἰουδαίων

424 1297 719 1366 σφάλματα
752 1290 891 1350 εἶναι
928 1298 1321 1368 ὑπολαμϐάνει.
1371 1301 1866 1371 Ἐπαγγεύάμενος
1900 1303 1943 1354 δ’
1980 1306 2007 1355 ὁ

423 1389 629 1451 Κέλσος
670 1388 890 1460 ὕστερον
923 1388 1155 1453 διδάξειν
1188 1390 1257 1442 τὰ
1290 1393 1418 1463 περὶ
1464 1393 1753 1457 Ἰουδαίων,
1792 1394 2005 1466 πρῶτον

421 1482 656 1532 ποιεῖται
690 1480 777 1532 τὸν
809 1480 962 1546 λόγον
990 1481 1117 1551 περὶ
1148 1480 1238 1533 τοῦ
1275 1482 1524 1551 Σωτῆρος
1552 1483 1727 1553 ἡμῶν,
1748 1484 1822 1547 ὠς
1852 1502 2004 1552 γενο-

424 1569 589 1637 μένου
620 1570 886 1639 ἡγεμόνος
938 1573 1002 1640 τῇ
1049 1570 1183 1622 καθὸ
1233 1572 1546 1640 Χριστιανοί
1582 1574 1749 1642 ἐσμεν
1792 1574 2002 1641 γενέσει

419 1658 598 1727 ἡμῶν,
624 1660 714 1712 καί
749 1677 931 1731 φησιν,
964 1680 979 1709 ι
1005 1661 1165 1713 αὑτὸν
1206 1662 1309 1731 πρὸ
1343 1663 1481 1715 πάνυ
1515 1663 1709 1731 ὀλίγων
1743 1664 1878 1717 ἐτῶν
1904 1667 2001 1735 τῆς

2123 486 2234 529 tum
2272 493 2330 531 se
2362 478 2602 544 jaetitat.
2651 482 2933 547 Quomodo
2963 487 3123 539 etiam
3163 490 3386 558 magica:
3433 506 3581 547 artes
3623 496 3704 547 ln-

2118 582 2239 620 cum
2276 569 2508 624 habeant
2533 574 2671 639 apud
2701 573 2904 643 Moysis
2928 577 3221 645 disiipulos
3256 583 3345 649 qui
3386 583 3440 636 in
3480 584 3598 651 ejus
3631 588 3697 641 li-

2118 658 2230 711 bris
2257 659 2656 727 legernntiilnd
2692 683 2704 718 :
2748 683 2765 714 ι
2807 665 3245 722 lucanlatoribns
3294 688 3401 725 non
3455 674 3698 731 adha‘reo

2118 747 2265 809 bitis,
2299 758 2356 801 ιιι
2388 751 2708 815 polluamini
2741 770 2837 822 per
2864 770 2957 808 eos
2988 757 3069 809 “3?
3118 777 3137 809 ι
3177 759 3379 815 Deinde
3416 765 3609 831 recipit
3636 783 3696 821 se

2113 846 2480 903 ostensurum,
2521 860 2538 890 ι
2595 847 2866 909 quomodo
2906 846 3078 902 Judtei
3128 851 3337 921 decepti
3384 855 3693 921 ignorantia

2113 926 2504 988 aberraret-int.
2540 951 2556 981 ι
2592 933 2850 1001 Equidem
2878 938 2921 989 si
2947 937 3253 995 Judzeorunt
3280 945 3343 997 de
3374 944 3500 1000 Jesu
3528 947 3691 1002 Chri-

2112 1027 2195 1071 sto
2239 1018 2596 1087 ignorantiam
2641 1025 3113 1095 deprehendisset,
3146 1048 3267 1101 qua:
3299 1036 3423 1091 inde
3454 1048 3579 1093 nata
3609 1048 3693 1094 cst

2110 1112 2253 1176 quod
2295 1114 2609 1179 pr0phetias
2639 1132 2743 1169 non
2784 1117 3174 1189 intellexerint,
3207 1140 3333 1179 vere
3360 1132 3692 1187 ostendisset

2111 1201 2561 1265 quomodoJuda-i
2584 1206 2975 1260 aberraverint.
3009 1209 3111 1263 Sed
3135 1213 3200 1263 ad
3233 1214 3281 1265 id
3313 1232 3379 1270 ne
3408 1221 3693 1277 advertere

2110 1292 2324 1359 quidem
2381 1296 2581 1358 voluit;
2641 1299 2865 1365 proinde
2916 1316 3160 1355 errorum
3224 1322 3451 1363 numero
3500 1312 3685 1377 habet,

2108 1383 2198 1449 qui
2233 1398 2446 1439 errores
2495 1388 2716 1443 minime
2760 1398 2903 1444 sunt.
2951 1392 3139 1447 Postea
3186 1397 3454 1462 pollicitus
3488 1403 3553 1457 de
3590 1402 3685 1456 Ju-

2107 1472 2341 1527 dzcorum
2374 1476 2535 1530 rebus
2565 1478 2921 1533 disserturum
2952 1496 3072 1537 sese
3112 1484 3219 1539 alio
3255 1487 3391 1551 loco,
3452 1493 3684 1559 primum

2105 1564 2171 1617 de
2211 1564 2494 1621 Salvatore
2519 1579 2702 1623 nostro
2735 1587 3041 1628 sermonem
3075 1575 3204 1629 facit
3253 1589 3311 1631 ut
3340 1580 3404 1633 de
3447 1584 3682 1637 societa-

2107 1657 2173 1709 tis
2198 1658 2504 1714 institutore
2535 1676 2638 1729 qua
2664 1660 2962 1718 Christiani
2997 1681 3217 1731 sumus;
3253 1672 3436 1736 aitque
3474 1693 3491 1724 ‹
3530 1675 3681 1730 illum

415 1750 766 1814 διδασκαλίας
810 1752 1013 1821 ταύτης
1059 1751 1506 1823 καθηγήσασθαι,
1539 1755 1859 1823 νομισθέντα
1897 1758 1979 1810 ύπὲ

2104 1749 2290 1815 paucis
2312 1751 2601 1804 admodum
2635 1753 2833 1807 abhinc
2890 1756 3049 1809 annis
3081 1759 3218 1812 hanc
3267 1761 3569 1817 doctiinam
3603 1767 3683 1818 iii-

417 1839 757 1905 Χριστιανῶν
793 1840 919 1892 Υίὸν
958 1835 1095 1893 εἶναι
1139 1841 1229 1894 τοῦ
1269 1842 1423 1895 Θεοῦ.
1472 1863 1488 1893 ›
1529 1845 1635 1897 Καὶ
1668 1848 1793 1916 περὶ
1836 1848 1999 1901 αὑτοῦ

414 1929 474 1981 δὲ
496 1929 608 1994 τοῦ,
629 1932 733 2000 «(ab
766 1932 958 1999 ὀλίγων
990 1932 1124 1985 ἐτῶν
1147 1935 1427 2001 γεγονέναι
1453 1937 1636 1999 αὐτὸν,
1653 1938 1876 1991 τοιαῦτα
1900 1941 2001 2010 φή-

417 2037 606 2090 σομεν·
638 2018 782 2093 τΛρα
807 2023 866 2074 τὸ
898 2025 955 2075 ἐν
982 2023 1190 2086 τούτοις
1212 2029 1323 2087 τοῖς
1358 2025 1499 2079 ἔτεσι
1530 2029 1639 2097 (55)
1673 2028 1998 2101 βουληθέντα

416 2115 633 2183 σπεῖραι
671 2113 761 2165 τὸν
804 2114 997 2167 ἑαυτοῦ
1035 2115 1191 2183 λόγον
1240 2117 1337 2169 καὶ
1392 2116 1738 2172 διδασκαλίαν
1768 2121 1857 2173 τὸν
1896 2123 1997 2192 Ἰη-

413 2204 542 2255 σοῦν
582 2203 832 2257 τοσοῦτον
872 2204 1212 2275 δεδυνῆσθαι,
1276 2208 1351 2271 ὡς
1412 2209 1675 2279 πολλαχοῦ
1719 2211 1819 2280 τῆς
1872 2214 1995 2265 καθ’

410 2294 560 2368 ἡμᾶς
600 2299 920 2369 οἰκουμένης
964 2300 1275 2370 διατεθῆναι
1324 2302 1458 2371 πρὸς
1492 2303 1580 2354 τὸν
1623 2303 1779 2371 λόγον
1830 2305 1991 2358 αὑτοῦ

408 2392 510 2441 οὐκ
551 2390 761 2457 ὀλίγους
830 2390 1093 2459 ’Έλληνας
1124 2393 1218 2445 καὶ
1253 2392 1592 2464 βαρϐάρους,
1662 2398 1857 2465 σοφοὺς
1897 2398 1993 2451 καὶ

407 2482 688 2550 ἀνοήτους,
743 2480 881 2532 ὥστε
929 2481 1092 2552 μέχρι
1149 2482 1377 2535 θανάτου
1437 2484 1795 2551 ἀγωνίζεσθαι
1854 2488 1992 2559 ὑπὲρ

409 2572 873 2639 Χριστιανισμοῦ,
940 2573 1006 2623 ἵν’
1064 2574 1225 2625 αὐτὸν
1294 2575 1366 2643 μὴ
1436 2576 1785 2644 ἐξομόσαιντο
1854 2579 1987 2647 (54),

408 2664 549 2732 ὅπερ
629 2662 804 2723 οὐδεὶς
886 2663 1026 2733 ὑπὲρ
1108 2664 1267 2716 ἄλλου
1361 2666 1629 2735 δόγματος
1713 2669 1989 2739 ἱστόρηται

411 2755 604 2812 ποιεῖν,
628 2752 775 2805 ἀθεεὶ
807 2753 1125 2823 γεγένηται;
1169 2753 1308 2822 Ἐγὼ
1337 2756 1433 2824 μὲν
1465 2752 1556 2809 οὖν
1585 2758 1641 2808 ού
1674 2758 1987 2812 κολακεύων

404 2844 499 2895 τὸν
526 2844 701 2911 λόγον,
725 2845 857 2897 ἀλλὰ
891 2844 1228 2916 πειρώμενος
1263 2847 1501 2918 τεθεωρη
1513 2850 1685 2918 μένως
1714 2849 1986 2915 ἐξετάζειν

405 2936 475 2988 τὰ
499 2936 820 3007 πράγματα,
858 2938 1094 3007 φήσαιμι
1124 2937 1208 2999 ἂν,
1242 2937 1321 2990 ὅτι
1350 2939 1456 2991 οὐδ’
1482 2941 1529 2991 οί
1561 2939 1783 3009 σώματα
1818 2943 1986 2997 πολλὰ

406 3026 679 3095 κάμνοντα
720 3026 1110 3096 θεραπεύοντες
1162 3024 1311 3079 ἀθεεὶ
1346 3029 1667 3096 τυγχάνουσι
1700 3031 1792 3083 τοῦ
1844 3032 1982 3086 κατὰ

401 3114 501 3184 τὴν
533 3114 741 3181 ὑγίειαν
789 3114 897 3166 τῶν
934 3115 1200 3184 σωμάτων
1228 3113 1443 3177 τέλους’
1496 3117 1541 3166 εἰ
1589 3115 1644 3167 δὲ
1677 3117 1769 3168 καὶ
1805 3117 1980 3187 ψυχάς

402 3222 487 3267 τις
508 3204 722 3257 δύναιτο
738 3205 1095 3258 ἀπαλλάττειν
1120 3205 1216 3275 τῆς
1242 3204 1381 3256 κατὰ
1410 3203 1506 3275 τὴν
1536 3206 1730 3257 κακίαν
1746 3206 1975 3275 χύσεως,

404 3297 893 3366 ἀκολαστημάτων,
955 3296 1049 3349 καὶ
1099 3296 1661 3366 ἀδικοπραγημάτων,
1729 3297 1819 3348 καὶ
1877 3298 1978 3367 τῆς

404 3386 534 3453 περὶ
570 3386 630 3438 τὸ
671 3386 824 3439 Θεῖον
854 3387 1328 3465 καταφρονήσεως,
1372 3388 1466 3439 καὶ
1498 3386 1658 3449 δεῖξιν
1683 3387 1846 3459 διδοίη
1883 3388 1975 3441 τοῦ

398 3476 642 3531 τοιούτου
697 3476 882 3547 ἔργου,
932 3477 1311 3547 βελτιωθέντας
1364 3476 1455 3529 τὸν
1504 3476 1733 3546 ἀριθμὸν
1783 3479 1975 3531 ἑκατὸν

402 3572 564 3639 (ἔστω
595 3569 701 3644 γὰρ
734 3572 826 3623 ἐπὶ
852 3570 1118 3624 τοσούτων
1148 3574 1174 3624 ὁ
1199 3571 1308 3641 (55)
1332 3571 1485 3639 λόγος
1506 3588 1519 3602 ·
1555 3572 1673 3623 οὐδὲ
1698 3570 1881 3625 τοῦτον
1912 3572 1975 3626 ἃν

401 3660 638 3727 εὐλόγως
692 3662 861 3731 φήσαι
909 3679 992 3724 τις
1050 3661 1198 3714 ἀθεεὶ
1256 3661 1411 3729 λόγον
1465 3663 1733 3713 τοσούτων
1788 3661 1974 3715 κακῶν

400 3751 803 3810 ἁπαλλακτικὺν
844 3752 1274 3823 ἐμπεποιηκέναι
1308 3756 1422 3816 τοῖς
1473 3753 1685 3805 ἑκατόν.
1716 3754 1779 3805 Εἰ
1816 3753 1860 3805 δ’
1886 3755 1975 3805 εύ-

398 3846 689 3914 γνωμόνως
720 3844 891 3897 ταῦτα
923 3845 1199 3899 κατανοῶν
1246 3844 1714 3914 συγκαταθήσεται
1746 3842 1823 3913 τῷ
1869 3860 1973 3913 μη-

395 3935 485 3988 δὲν
532 3939 775 4007 κρεῖττον
821 3939 878 3989 ὲν
919 3934 1227 4007 ἀνθρώποις
1268 3935 1548 4005 γεγονέναι
1594 3935 1773 3997 ἀθεεὶ,
1826 3934 1977 4003 πόσῳ

398 4027 559 4081 πλέον
584 4028 644 4082 τὸ
680 4029 931 4082 τοσοῦτον
976 4030 1105 4099 περὶ¹
1151 4026 1246 4080 τοῦ
1283 4026 1458 4097 Ἰησοῦ
1506 4025 1725 4097 θαρρῶν
1758 4026 1975 4094 ἀποφα-

468 4141 513 4172 “
539 4142 711 4198 Levit.
754 4158 868 4207 XIX,
892 4142 979 4196 51.

393 4256 579 4311 braice
621 4256 922 4325 appellatur
976 4255 1236 4313 Sabaoth.
1288 4256 1339 4310 id
1374 4263 1477 4319 est,
1522 4255 1809 4325 virtutum,
1845 4250 1958 4305 sive
1989 4250 2035 4305 D
2066 4252 2186 4325 adv.
2221 4256 2405 4309 lueret.
2429 4271 2447 4307 :

392 4323 757 4401 exercituum;
796 4327 1237 4401 retpauloupost
1269 4342 1286 4380 :
1322 4344 1340 4377 ι
1380 4326 1620 4401 Tradidit
1659 4338 1751 4376 eos
1794 4323 1955 4401 petis,

392 4407 451 4449 nt
476 4396 745 4449 servirent
771 4392 974 4450 militia:
1004 4396 1146 4461 εαξη,
1171 4410 1292 4464 quae
1333 4411 1473 4448 nunc
1502 4395 1569 4446 ab
1597 4392 1956 4464 Apostolodi-

390 4466 531 4519 citur
563 4465 751 4534 religio
796 4467 1131 4535 angelorum.
1184 4462 1203 4514 ἱ
1269 4467 1409 4535 Idem
1436 4464 1697 4518 astruitur
1729 4479 1791 4516 ex
1824 4462 1959 4515 libro

390 4536 478 4589 cui
527 4535 713 4589 titulus
763 4546 841 4588 est
880 4534 1213 4588 ’l’rwdicatio
1270 4534 1449 4599 Petri;
1500 4549 1661 4601 quem
1710 4534 1960 4586 Clemens

388 4606 790 4657 Alexandrinus
832 4604 1011 4658 laudat
1054 4605 1103 4657 in
1148 4621 1197 4657 VI
1230 4605 1463 4658 Strom.:
1501 4603 1650 4672 Μηδὲ
1682 4603 1801 4655 κατ’
1845 4603 1963 4653 Ἰου-

384 4674 567 4736 δαίους
609 4674 861 4745 σέϐεσθε·
893 4673 988 4745 καὶ
1024 4674 1129 4745 γάρ
1166 4676 1380 4732 ὲκείνοι,
1412 4674 1843 4745 μόνονᾼοίόμενοι
1873 4673 1961 4745 τον

386 4744 520 4814 Θεὸν
553 4743 861 4811 γινώσκειν,
913 4744 1011 4796 οὐκ
1052 4741 1365 4797 ἐπίστανται
1410 4741 1761 4814 λατρεύοντες
1790 4741 1959 4814 ἀγγέ-

387 4813 512 4874 λους
544 4815 635 4885 καὶ
665 4814 1055 4885 ἀρχαγγέλους,
1081 4816 1242 4885 μῆνα,
1274 4815 1368 4867 καὶ⁴
1397 4812 1645 4885 σελήνην,
1682 4823 1784 4867 etc.
1820 4832 1837 4862 ι
1858 4812 1960 4865 Ne-

387 4896 496 4951 que
533 4884 1007 4949 colite’utludazi;
1035 4884 1238 4939 etenim
1276 4885 1351 4937 illi
1392 4885 1487 4938 soli
1516 4900 1575 4938 se
1600 4885 1762 4937 Deum
1798 4897 1959 4936 nosse

428 4961 665 5012 utantes,
700 4956 948 5007 nesciunt
971 4969 1027 5007 se
1051 4954 1280 5007 adorare
1331 4954 1553 5022 angelos
1574 4964 1629 5008 et
1652 4952 1955 5018 archange-

428 4969 665 5012 utantes,
700 4969 948 5007 nesciunt
971 4969 1027 5007 se
1051 4969 1280 5007 auorare
1331 4969 1553 5022 angelos
1574 4969 1629 5008 et
1652 4969 1954 5018 arcnange-

388 4969 494 5086 ros,
529 5035 768 5092 mensem
804 5031 857 5073 et
889 5024 1091 5084 lunam,
1116 5033 1224 5077 etc.
1256 5042 1275 5074 ι
1306 5022 1513 5077 Mallem
1547 5038 1646 5092 ego
1687 5023 1830 5076 hunc
1871 5022 1954 5076 lo-

386 5107 509 5161 cum
538 5089 605 5161 de
631 5089 991 5161 Cerinthianis
1021 5093 1389 5161 interpretari,
1420 5093 1532 5159 qui,
1557 5089 1615 5145 u't
1642 5092 1952 5160 plurimmn,

384 5159 593 5215 Judmis
624 5158 910 5230 favebant;
940 5168 996 5211 ut
1017 5158 1233 5230 constat
1267 5176 1335 5215 ex
1364 5158 1662 5230 Epiphanio
1693 5163 1822 5215 liter.
1849 5161 1953 5226 28;

386 5231 750 5287 'l'heodoreto.
796 5228 888 5280 lib.
942 5243 979 5281 It
1013 5228 1087 5282 De
1116 5234 1291 5283 lueret.
1325 5228 1474 5298 {ab};
1512 5232 1829 5296 Augustino,
1883 5230 1956 5281 De

385 5301 652 5362 lucrum;
673 5298 923 5359 Eusebio,
953 5298 1045 5351 lib.
1077 5314 1160 5361 Ill,
1189 5315 1307 5366 cap.
1341 5301 1432 5363 ‘25,
1462 5300 1607 5352 Eccl.
1639 5300 1791 5360 lu'st.;
1820 5298 1950 5361 imo,

384 5372 428 5426 si
454 5372 649 5424 credas
676 5369 1030 5429 Damasceno,
1070 5368 1162 5421 lib.
1197 5369 1271 5421 De
1304 5377 1481 5423 rueret.
1518 5386 1535 5422 :
1573 5387 1591 5416 ι
1625 5368 1793 5422 Judaei
1828 5369 1950 5435 qui—

386 5442 504 5493 dam
527 5446 704 5504 erant,
738 5437 829 5505 qui
861 5436 1326 5490 circumcisiouem
1358 5440 1704 5502 extollebant,
1736 5455 1755 5488 ι
1793 5446 1952 5505 atque

387 5510 527 5562 inter
558 5509 683 5571 alia,
714 5522 834 5577 quae
861 5507 1668 5577 profitebanturdogmata,hoc
1697 5522 1801 5560 non
1834 5519 1951 5560 erat

386 5576 745 5640 levissimum,
787 5578 968 5630 datam
1016 5576 1269 5629 nimirum
1307 5579 1373 5629 ab
1405 5578 1608 5645 angelis
1652 5579 1839 5645 legem,
1896 5589 1951 5630 et

383 5647 687 5703 Jmkeorum
718 5649 885 5702 Deum
913 5646 1220 5717 extangelis
1252 5660 1415 5698 unum
1452 5647 1634 5703 fuisse.
1666 5648 1757 5717 qui
1794 5662 1946 5699 mun-

389 5718 511 5771 dum
553 5718 907 5773 fabricarum.
956 5715 1182 5773 Tertull.
1231 5728 1352 5783 cap.
1394 5717 1482 5783 48,
1529 5717 1602 5773 De
1647 5715 1942 5787 prtem-im.

2104 1841 2341 1906 vexisse,
2370 1842 2649 1912 ftliSscthC
2684 1846 2775 1898 Dei
2818 1845 3016 1899 Filium
3061 1864 3089 1901 a
3124 1848 3454 1909 Christianis
3492 1858 3680 1912 existi~

2106 1942 2327 1987 malum.
2366 1952 2384 1984 ι
2418 1935 2497 1987 Ad
2533 1936 2581 1987 id
2615 1938 2754 2003 quod
2784 1939 2916 1991 dicit
2949 1939 3094 1991 illum
3131 1951 3255 1993 ante
3289 1959 3489 2011 paucos
3511 1963 3682 2003 annos

2100 2033 2347 2078 exortum
2386 2040 2530 2087 esse,
2571 2028 2649 2080 sic
2680 2029 3017 2096 reSpondeo:
3047 2032 3123 2083 Au
3150 2030 3305 2087 Jesus
3334 2053 3484 2089 suam
3511 2039 3681 2093 disse-

2101 2113 2309 2165 minare
2337 2113 2643 2166 doctrinam
2694 2115 2908 2181 volens,
2961 2119 3075 2173 sine
3127 2120 3235 2175 Deo
3276 2126 3447 2190 potttit
3492 2131 3679 2195 paucis

2100 2204 2184 2256 bis
2210 2204 2367 2257 annis
2411 2213 2620 2258 tantum
2678 2206 2962 2274 perﬁcere,
3017 2221 3076 2263 ut
3124 2212 3176 2263 in
3221 2214 3399 2270 multis
3451 2218 3678 2286 hujusce

2098 2292 2267 2371 npstri
2321 2292 2472 2346 orbis
2528 2292 2694 2355 locis,
2763 2294 2960 2348 multos
3015 2296 3234 2352 Crat-cos
3292 2310 3347 2352 et
3397 2302 3673 2366 barbaros.

2097 2381 2296 2436 multos
2350 2382 2627 2450 sapientes
2660 2390 2713 2435 et
2757 2384 2975 2452 ignaros
3027 2388 3091 2438 ad
3149 2403 3301 2441 suam
3362 2393 3669 2446 doctrinam

2095 2470 2335 2523 alliceret
2363 2479 2416 2522 et
2452 2471 2523 2522 ita
2576 2472 2951 2538 persuaderet,
3004 2481 3079 2533 ut,
3113 2474 3256 2541 quod
3316 2475 3380 2528 de
3433 2475 3537 2529 alia
3590 2493 3674 2530 re-

2094 2559 2287 2627 ligione
2341 2577 2615 2629 nunquam
2679 2564 2921 2617 auditum
2975 2574 3079 2629 est,
3128 2565 3195 2617 ad
3248 2575 3475 2620 mortem
3546 2582 3669 2620 cer-

2098 2660 2212 2704 tare
2241 2668 2335 2719 pro
2352 2652 2798 2718 Christianismo,
2819 2671 2979 2723 quam
3010 2656 3155 2710 illum
3176 2655 3389 2724 ejnrare
3419 2659 3670 2714 mallent!

2089 2741 2249 2813 345
2286 2744 2395 2813 Ego
2427 2746 2645 2813 quidem
2682 2764 2786 2799 non
2829 2764 2933 2815 quo
2967 2764 3097 2802 meae
3138 2750 3380 2819 religioni
3427 2763 3669 2805 assenta-

2092 2835 2133 2886 ri
2158 2835 2337 2900 velim,
2365 2837 2477 2901 sed,
2506 2851 2595 2890 res
2624 2852 2722 2891 suo
2744 2853 3015 2907 quamque
3040 2850 3312 2893 momento
3342 2842 3663 2909 ponderans,

2086 2927 2266 2980 dicere
2298 2929 2495 2995 ausim,
2527 2931 2620 2998 qui
2654 2930 2756 2982 sibi
2799 2940 3108 2998 proponunt
3148 2932 3305 2997 aegris
3339 2936 3661 3001 corporibus

2086 3018 2374 3072 restituere
2421 3020 2732 3086 sanitatem,
2779 3036 2872 3075 eos
2916 3021 3060 3073 hunc
3109 3021 3268 3074 ﬁnem
3304 3040 3408 3076 non
3446 3027 3661 3093 assequi

2087 3107 2203 3160 sine
2252 3108 2343 3162 Dei
2392 3108 2689 3163 voluntate.
2733 3110 2805 3163 At
2854 3113 2896 3163 si
2938 3110 3060 3179 quis
3108 3122 3288 3180 posset
3335 3128 3363 3166 a
3408 3114 3660 3169 vitiorum

2086 3197 2336 3262 colluvie,
2375 3216 2402 3253 a
2450 3201 2693 3264 libidine,
2744 3217 2770 3253 a
2810 3202 3072 3269 nequitia,
3126 3218 3154 3256 a
3200 3214 3513 3274 contemptu
3559 3207 3665 3259 Nu-

2086 3290 2248 3344 minis
2287 3292 2498 3347 animas
2550 3303 2819 3359 avertere,
2873 3296 3115 3363 tantique
3159 3295 3339 3364 Operis
3386 3299 3661 3366 specimen

2086 3383 2137 3436 in
2173 3394 2389 3438 centum
2430 3386 2738 3439 hominibus
2772 3387 3043 3455 (exemplo
3068 3387 3138 3439 sit
3170 3386 3450 3457 numerus)
3487 3388 3664 3443 dedis-

2084 3485 2185 3541 set,
2229 3492 2363 3544 qnos
2413 3487 2723 3531 revocasset
2769 3479 2834 3531 ad
2882 3478 3160 3530 meliorem
3220 3478 3461 3547 frugem;
3517 3480 3662 3533 hunc

2087 3582 2245 3622 nemo
2286 3568 2409 3636 jure
2443 3569 2643 3622 dixerit
2689 3571 2807 3623 sine
2844 3570 2954 3623 Deo
2982 3578 3198 3622 centum
3242 3569 3360 3623 illos
3410 3569 3659 3624 homines

2084 3674 2113 3712 a
2138 3658 2303 3713 tantis
2326 3660 2471 3714 vitiis
2495 3661 2830 3715 liberavisse.
2848 3661 3000 3726 Quod
3019 3662 3061 3714 si
3084 3662 3205 3728 quis
3231 3662 3345 3716 htec
3367 3665 3661 3732 prudenter

2086 3751 2395 3817 recogitans
2437 3754 2793 3815 concesserit,
2840 3754 2973 3806 nihil
3017 3753 3139 3807 boni
3174 3754 3292 3807 sine
3337 3754 3445 3808 Deo
3479 3756 3657 3808 homi—

2085 3840 2242 3894 nibus
2281 3843 2549 3905 accidere,
2595 3853 2801 3911 quanto
2840 3843 3093 3897 ﬁdentius
3145 3845 3195 3898 id
3243 3844 3309 3899 de
3340 3842 3466 3899 Jesu
3512 3846 3657 3899 allii--

2081 3927 2268 3993 mabit,
2293 3945 2417 3984 cum
2447 3946 2634 3985 eorum
2661 3933 2751 4001 qui
2776 3932 2981 3987 Christi
3010 3934 3273 3989 doctrina:
3298 3936 3655 3997 adlizeserint.

2078 4021 2337 4087 pristinos
2379 4038 2503 4078 cum
2549 4025 2705 4079 novis
2754 4040 2933 4079 mores
2982 4026 3355 4094 comparabit,
3410 4026 3656 4080 animad-

2484 4273 2502 4306 ι
2543 4254 2674 4310 Post
2707 4256 2849 4310 hunc
2879 4256 3173 4311 Cerinthus
3209 4257 3497 4309 htereticus
3527 4272 3650 4311 cru-

2067 4323 2167 4389 pit,
2197 4325 2393 4378 similia
2418 4325 2648 4387 docens;
2678 4340 2800 4377 nam
2830 4333 2883 4379 et
2908 4326 3024 4393 ipse
3052 4325 3310 4379 mundum
3339 4326 3644 4380 institutum

2066 4406 2186 4445 esse
2214 4394 2280 4447 ab
2308 4393 2410 4445 illis
2433 4393 2586 4456 dicit,
2611 4394 2883 4447 Christum
2915 4410 2981 4448 ex
3013 4396 3217 4447 semine
3244 4394 3439 4461 Joscph
3463 4405 3645 4450 natum

2070 4464 2345 4530 proponit,
2372 4462 2643 4516 hominem
2666 4463 2814 4515 illum
2845 4467 3221 4517 tantummodo
3240 4465 3355 4518 sine
3370 4464 3647 4520 divinitate

2066 4534 2418 4604 contendens,
2439 4532 2622 4604 ipsam
2649 4548 2864 4601 quoque
2888 4534 3058 4604 legem
3093 4535 3163 4587 ab
3184 4534 3410 4604 angelis
3460 4533 3643 4589 datam

2064 4601 2375 4667 perhibetis,
2428 4600 2736 4656 Judzeoruni
2788 4600 2972 4667 Deum',
3018 4620 3123 4656 non
3179 4603 3487 4667 Dominum,
3540 4608 3633 4657 sed

2064 4671 2313 4737 angelum
2356 4686 2629 4742 promens.
2680 4692 2698 4723 ι
2734 4673 2865 4727 Vide
2893 4674 3275 4742 Epiphanium,
3325 4671 3637 4728 Theodore-

2065 4748 2219 4813 tum,_
2251 4741 2628 4813 Augustinum,
2674 4741 3160 4813 Eusebiumplocis
3202 4744 3421 4807 citatis;
3476 4752 3641 4813 atque

2060 4811 2255 4864 exinde
2280 4810 2650 4881 putaiCelsnm
2682 4812 3044 4865 calumniandi
3086 4827 3272 4867 ansam
3304 4810 3637 4881 arripuisée:

2060 4894 2196 4947 quos
2231 4882 2377 4934 enim
2403 4880 2571 4953 Judaei
2600 4880 2674 4950 (id
2701 4891 2803 4947 est,
2835 4882 3172 4937 Cerinthiani
3197 4882 3353 4948 juxta
3374 4882 3636 4953 Celsum),

2060 4960 2261 5021 prazter
2286 4952 2507 5021 angelos
2540 4952 2853 5014 adorarent,
2890 4968 3012 5005 cum
3053 4952 3121 5006 ab
3150 4953 3340 5005 iisdem
3369 4962 3422 5003 et
3464 4952 3635 5021 legem

2060 5020 2263 5082 datam,
2283 5029 2335 5072 et
2351 5020 2605 5073 mundum
2632 5020 2949 5074 fabricatum
2970 5023 3315 5075 crediderunt
3334 5022 3356 5073 ?
3374 5020 3632 5075 Srtzncen.

2056 5115 2128 5159 :—_-
2154 5086 2318 5159 Paulo
2344 5100 2463 5156 post
2490 5090 2659 5144 codex
2687 5090 3028 5157 Basileensis,
3060 5093 3171 5155 τοῖς
3208 5089 3522 5159 δεξαμένοις
3549 5093 3637 5145 τὸν

2058 5157 2335 5228 Μωῦσέως
2351 5159 2532 5228 νόμον.

2130 5226 2241 5302 (ὅξ)
2274 5226 2452 5283 Codex
2493 5229 2689 5298 Regius
2717 5239 2771 5285 et
2802 5241 2912 5285 tres
2943 5231 3250 5302 Anglicani,
3276 5229 3335 5280 τὸ
3362 5229 3421 5279 ἐν
3456 5228 3635 5278 τοσού-

2054 5312 2166 5357 τοις
2189 5296 2350 5352 ἔτεσι.

2127 5366 2237 5436 (54)
2291 5370 2363 5420 Ita
2400 5366 2573 5439 codd.
2621 5367 2757 5439 Reg.
2805 5381 2857 5423 et
2915 5369 3267 5439 Basilecusis;
3318 5363 3630 5439 a_lias_,_é.io-

2099 5433 2344 5489 όσωνται.
2399 5435 2568 5489 Paulo
2617 5433 2758 5504 pos't,
2816 5439 2875 5491 ού
2933 5438 3242 5489 κολακεύων
3310 5435 3401 5486 τὸν
3450 5433 3627 5498 λόγον,

2054 5451 2108 5557 iii
2142 5508 2299 5557 codd.
2326 5507 2495 5557 Regio
2522 5518 2577 5557 et
2609 5508 2898 5557 Basileensi
2936 5511 3087 5557 deest
3127 5506 3215 5556 τὸν
3248 5505 3424 5557 λόγον.

2078 5523 2108 5558 ιι
2137 5508 2306 5580 codd.
2326 5507 2502 5580 Regio
2522 5508 3087 5580 et_Basileeiisi__dcest
3127 5506 3215 5580 τδν
3248 5505 3467 5580 λόγον.-

2126 5578 2241 5643 (55)
2270 5573 2437 5649 Codd.
2470 5576 2668 5649 Regius
2692 5588 2751 5649 et
2788 5575 3141 5649 itasileensis,
3176 5573 3568 5649 ἐπὶ-τοσοῦτον
3598 5573 3628 5623 ὁ

2053 5640 2231 5710 λάγος.
2271 5644 2469 5700 Ibidem
2523 5640 2629 5698 duo
2674 5644 2989 5713 Anglicani,
3028 5640 3161 5712 Reg.
3197 5656 3250 5700 et
3279 5641 3622 5702 Basilcensis,

2046 5721 2216 5788 ’φήσαι
2240 5733 2323 5779 τις
2359 5716 2423 5770 ἂν
2450 5717 2548 5770 οὐκ
2581 5715 2747 5769 ἁθεεί.
