3988 6156
388 221 492 276 715

1603 233 1882 290 CONTRA
1915 235 2193 293 CELSUM
2225 238 2354 293 LIB.
2395 241 2438 295 Ι.

3534 245 3636 298 7H

389 338 480 431 επὶ
525 337 704 431 πᾶσαν
749 339 927 411 ψυχὴν
970 340 1082 414 (41)
1112 345 1374 418 ἀνατολῆς
1403 348 1575 419 ήλίου,
1618 353 1789 407 οἴεται
1828 348 1959 408 εἶναι

2073 366 2125 410 et
2169 359 2567 428 pertingentem
2616 360 2684 414 ad
2732 373 2944 415 omnem
2988 361 3224 415 animam
3265 361 3392 415 solis
3431 371 3634 431 ortum,

393 427 680 499 ἰδιωτικὴν,
709 433 806 483 καὶ
831 432 919 485 διὰ
950 433 1014 486 τὸ
1047 435 1337 502 ἰδιωτικὸν,
1379 441 1474 492 καὶ
1503 442 1754 514 οὐδαμῶς
1793 446 1851 497 ὲν
1880 446 1966 501 λότ

389 537 504 590 γοις
531 521 778 587 δυνατὸν,
813 524 1038 578 ἰδιωτῶν
1072 527 1248 594 μόνων
1275 531 1388 602 (42)
1416 536 1786 605 κρατήσασαν.
1823 539 1963 591 Καί-

388 628 469 665 τοι
507 613 616 665 οὐδ’
646 614 810 678 αὐτὸς
842 615 1056 680 ἰδιώτας
1107 618 1302 688 μόνους
1333 623 1496 692 φησὶν
1527 625 1632 676 ὑπὸ
1675 625 1769 678 τοῦ
1805 627 1963 697 λόγου

387 704 690 775 προσῆχθαι
725 708 790 776 τῇ
824 706 964 759 κατά
1003 708 1210 778 Ἰησοῦν
1238 709 1518 784 θεοσεϐείᾳ
1541 731 1553 743 ·
1578 715 1828 785 ὁμολογεῖ
1855 720 1964 790 γάρ

385 795 478 849 καὶ
522 797 775 867 μετρίους
814 800 907 850 καὶ
950 800 1233 867 ἐπιεικεῖς,
1264 804 1356 855 καὶ
1391 807 1644 869 συνετούς
1670 825 1840 874 τινας,
1871 812 1964 866 καὶ

385 887 470 939 ἐπ’
494 887 821 959 ἀλληγορίαν
847 888 1096 961 ἑτοίμους
1117 892 1253 946 εἶναι
1281 894 1340 948 ἐν
1367 895 1559 961 αὐτοῖς.

463 1062 619 1116 Ἐπεὶ
662 1063 719 1116 δὲ
759 1068 854 1119 καὶ
887 1075 1313 1141 προσωποποιεῖ,
1342 1079 1539 1146 τρόπον
1569 1083 1685 1135 τινὰ
1721 1081 1963 1151 μιμησά-

382 1169 542 1222 μενος
581 1153 638 1207 ἒν
672 1157 900 1228 ῥήτορος
953 1163 1163 1215 παιδίον
1197 1167 1572 1236 εἰσαγόμενον,
1617 1172 1712 1222 καὶ
1752 1172 1960 1239 εἰσάγει

393 1245 646 1298 Ἰουδαῖον
693 1249 830 1321 πρὸς
864 1251 956 1305 τὸν
999 1254 1207 1324 Ἰησοῦν
1251 1257 1477 1324 λέγοντά
1509 1277 1628 1311 τινα
1668 1278 1962 1333 μειρακιω-

378 1335 508 1424 δῶς,
557 1338 652 1390 καὶ
693 1341 844 1394 οὐδὲν
892 1344 1187 1413 φιλοσόφου
1227 1348 1418 1411 πολιᾶς
1441 1349 1615 1414 ἄξιον·
1662 1353 1793 1424 φέρε
1823 1355 1961 1408 κατά

375 1422 606 1496 δύναμιν
645 1428 738 1481 καὶ
781 1429 954 1484 ταῦτα
1006 1431 1359 1498 ἐξετάσαντες
1406 1422 1777 1509 ἐξελέγξωμεν
1823 1441 1957 1511 (45),

377 1515 460 1568 δτι
492 1518 616 1571 οὐδὲ
636 1520 697 1571 τὸ
725 1521 964 1591 ἁρμόζον
995 1524 1170 1596 πάντη
1195 1524 1274 1595 τῷ
1315 1527 1549 1598 Ἰουδαίῳ
1583 1531 1870 1601 πρόσωπον
1904 1534 1960 1585 έν

375 1613 492 1673 τοῖς
552 1611 865 1683 λεγομένοις
919 1618 1210 1688 τετήρηκε.
1259 1620 1414 1674 Μετὰ
1454 1622 1628 1676 ταῦτα
1677 1642 1960 1695 προσωπο-

2069 465 2169 518 pro
2199 452 2550 523 simplicitate
2578 453 2768 518 habet,
2803 463 3068 524 putatque
3101 454 3190 508 illa
3221 454 3461 508 doctrina
3489 455 3636 509 solos

2071 543 2228 598 rudes
2258 545 2498 600 devictos
2531 561 2669 612 esse,
2705 557 2992 616 propterea
3037 548 3180 616 quod
3217 546 3368 601 rudis
3405 546 3518 616 ipsa
3549 557 3636 601 est

2067 643 2122 689 et
2181 649 2522 707 nequaquam
2583 639 2648 692 ad
2711 637 3143 706 persuadendum
3190 636 3398 692 elIicax.
3449 636 3635 707 Neque

2068 734 2248 781 tamen
2295 729 2438 783 solos
2485 729 2755 798 simplices
2805 729 2938 782 dicit
2989 729 3093 784 hac
3137 728 3386 783 doctrina
3436 728 3504 782 ad
3538 727 3634 782 Dei

2066 817 2360 870 secundum
2395 817 2576 872 Jesum
2623 819 2828 873 cultum
2870 821 3135 876 adductos
3169 819 3336 874 fuisse
3373 839 3385 874 :
3434 818 3636 873 fatetur

2065 905 2208 960 enim
2257 920 2322 960 ex
2371 908 2451 961 eis
2497 908 2694 962 multos
2747 924 2868 965 esse
2921 913 3224 978 modestos,
3271 919 3635 978 temperatos,

2063 997 2378 1066 prudentes,
2412 1007 2467 1051 et
2504 997 2726 1054 idoneos
2762 1000 2854 1068 qui
2889 1000 3204 1070 allegoriam
3240 999 3563 1070 intelligant.

2135 1088 2226 1143 28.
2279 1089 2415 1155 Quia
2467 1105 2597 1144 vero
2637 1090 2926 1160 puerulum
2973 1091 3194 1146 imitans
3241 1106 3401 1161 quem
3450 1092 3640 1148 rhetor

2064 1188 2368 1244 exerceret,
2404 1194 2668 1249 personas
2703 1179 2879 1248 ﬁngit,
2915 1179 3269 1251 Judzeumque
3308 1180 3517 1236 inducit
3542 1181 3639 1237 ob-

2060 1274 2336 1343 jicientem
2367 1273 2492 1330 Jesu
2539 1273 2767 1345 puerilia
2797 1277 3044 1344 quaedam
3081 1284 3134 1330 et
3164 1290 3386 1345 prorsus
3420 1277 3637 1346 indigna

2064 1360 2373 1430 philosophi
2409 1363 2631 1427 canitie,
2669 1379 2768 1432 age
2807 1373 2862 1417 et
2890 1364 3005 1417 haec
3046 1378 3144 1431 pro
3181 1365 3322 1419 virili
3361 1367 3640 1422 examine-

2065 1465 2205 1514 mus,
2257 1455 2716 1523 ostendamusque
2751 1454 2901 1508 illum
2950 1454 3140 1509 Judan
3184 1469 3471 1522 personam
3528 1457 3640 1512 for-

2064 1560 2261 1609 masse,
2314 1560 2431 1614 (μισ)
2479 1562 2582 1600 non
2621 1549 2820 1617 ubique
2861 1548 2962 1603 sibi
3010 1556 3243 1603 constat.
3280 1549 3438 1617 Apud
3481 1551 3636 1605 illum

2062 1637 2226 1708 igitur
2284 1638 2503 1695 Judmus
2565 1657 2686 1695 cum
2747 1641 2871 1696 Jcsu
2939 1643 3288 1710 colloquitur,
3355 1643 3638 1714 ipsumque

376 1706 528 1756 ποιεῖ
562 1705 813 1759 Ἰουδαῖον
867 1708 1017 1778 αὐτῷ
1070 1710 1452 1784 διαλεγόμενον
1501 1715 1580 1785 τῷ
1623 1717 1818 1787 Ἰησοῦ,
1867 1721 1959 1773 καὶ

2073 1730 2279 1796 multis,
2334 1740 2393 1784 ut
2443 1741 2632 1800 putat,
2695 1733 3006 1789 nominibus
3056 1699 3422 1803 reprehendit.
3479 1752 3499 1784 ι
3557 1735 3638 1789 Ac

376 1794 668 1867 ἐλέγχοντα
704 1798 864 1852 αὐτὸν
908 1802 1036 1871 περὶ
1059 1802 1267 1857 πολλῶν
1294 1806 1408 1874 μὲν,
1439 1806 1514 1870 ὡς
1533 1807 1720 1872 οἴεται,
1759 1829 1778 1860 ι
1814 1811 1964 1883 πρῶ-

375 1905 468 1942 τον
501 1889 576 1952 δὲ,
612 1890 688 1954 ὡς
712 1891 1059 1965 πλασαμένου
1088 1895 1252 1949 αὐτοῦ
1285 1897 1384 1969 τὴν
1416 1898 1480 1951 ὲκ
1508 1899 1775 1971 παρθένου
1806 1902 1960 1970 γένε-

378 1998 464 2034 σιν
485 1999 498 2011 ο
525 1981 774 2048 ὀνειδίζει
827 1985 871 2036 δ’
928 1987 1078 2057 αὐτῷ
1131 1990 1225 2040 καὶ
1257 1989 1349 2041 ἐπὶ
1377 1989 1456 2059 τῷ
1489 1993 1552 2044 ἐκ
1585 1991 1778 2062 κώμης
1802 1995 1962 2048 αὑτὸν

376 2073 662 2140 γεγονέναι
721 2076 1042 2147 Ἰουδαϊκῆς,
1091 2080 1184 2131 καὶ
1225 2081 1332 2132 ἀπὸ
1385 2083 1642 2148 γυναικὸς
1691 2085 1956 2155 ἐγχωρίου

377 2167 472 2220 καὶ
499 2170 782 2240 πενιχρᾶς,
807 2171 900 2222 καὶ
924 2172 1252 2242 χερνήτιδος.
1281 2173 1417 2241 Φησὶ
1444 2173 1500 2226 δὲ
1533 2174 1702 2245 αὐτὴν
1738 2177 1830 2228 καὶ
1857 2177 1962 2230 ὑπὸ

376 2259 471 2311 τοῦ
504 2261 800 2330 γήμαντος,
833 2263 1084 2327 τέκτονος
1112 2265 1210 2335 τὴν
1241 2264 1436 2334 τέχνην
1479 2265 1648 2330 ὄντος,
1675 2266 1956 2335 ὲξεῶσθαι,

376 2349 721 2420 ὲλεγχθεῖσαν
757 2352 832 2416 ὡς
865 2355 1322 2425 μεμοιχευμένην.
1369 2351 1502 2408 Εἶτα
1542 2357 1710 2425 λέγει,
1752 2360 1827 2422 ὡς
1867 2363 1960 2414 ὲκ-

376 2440 637 2511 6ληθεῖσα
681 2443 785 2494 ὑπὸ
831 2444 927 2496 τοῦ
975 2445 1186 2516 ἀνδρὸς,
1243 2447 1336 2498 καὶ
1385 2445 1712 2517 πλανωμένη
1751 2451 1962 2520 ἀτίμως

379 2532 592 2584 σκότιον
617 2532 870 2602 ἐγέννησε
896 2534 986 2586 τὸν
1021 2536 1255 2605 Ἰησοῦν·
1296 2538 1390 2589 καὶ
1430 2538 1510 2590 ὅτι
1541 2532 1694 2602 οὗτος
1735 2540 1822 2592 διὰ
1869 2557 1964 2591 πε-

380 2620 502 2674 νίαν
557 2622 638 2684 εἰς
691 2623 966 2690 Αἴγυπτον
1003 2623 1378 2695 μισθαρνήσας
1414 2625 1549 2694 (44),
1602 2628 1762 2680 κάκεῖ
1807 2628 1964 2682 δυνά-

382 2711 530 2782 μεών
553 2730 715 2767 τινων
745 2714 1045 2787 πειραθεὶς,
1071 2717 1156 2784 ἐφ’
1180 2711 1267 2780 αἷς
1285 2719 1571 2786 Αἰγύπτιοι
1589 2718 1959 2790 σεμνύνονται,

377 2801 703 2873 ἐπανῆλθεν,
738 2806 794 2858 ὲν
828 2808 948 2870 ταῖς
982 2806 1246 2877 δυνάμεσι
1295 2809 1438 2879 μέγα
1491 2811 1723 2881 φρονῶν,
1774 2811 1867 2864 καὶ
1896 2813 1963 2865 δι’

377 2892 552 2957 αὐτάς
587 2895 721 2948 Θεὸν
758 2897 922 2949 αὑτὸν
973 2898 1330 2970 ἀνηγόρευσε.
1379 2920 1398 2952 ι
1448 2901 1633 2954 Ταῦτα
1685 2901 1740 2954 δὲ
1787 2902 1962 2955 πάντα

2066 1825 2296 1890 primum
2322 1827 2462 1895 quod
2491 1840 2550 1880 se
2583 1825 2803 1880 ﬁnxerit
2849 1836 3035 1880 natum
3072 1843 3138 1880 cx
3167 1826 3406 1897 virgine;
3441 1827 3638 1882 deinde

2065 1915 2194 1970 vitio
2229 1917 2341 1983 dat,
2370 1918 2512 1985 quod
2548 1932 2611 1972 ex
2643 1918 2762 1972 vico
2798 1917 3027 1973 Judaieo
3066 1920 3137 1973 sit
3174 1929 3349 1985 ortus,
3375 1929 3540 1990 atque
3570 1935 3637 1974 ex

2066 2015 2237 2060 matre
2286 2007 2562 2075 indigena,
2610 2005 2665 2061 et
2704 2009 3066 2078 paupercula,
3110 2013 3394 2081 nendoque
3433 2014 3636 2067 victum

2064 2097 2421 2164 quaeritante;
2466 2105 2574 2150 tum
2621 2099 2763 2167 quod
2813 2098 2928 2166 ejus
2967 2109 3140 2154 mater
3185 2116 3213 2155 a
3253 2101 3503 2172 conjuge,
3546 2105 3636 2172 qui

2066 2188 2218 2242 l'aber
2243 2198 2385 2253 erat,
2412 2190 2638 2258 expulsa
2677 2189 2860 2256 fuerit,
2891 2191 3142 2247 adulterii
3179 2194 3449 2248 convicta.
3493 2194 3639 2249 Prte-

2067 2287 2210 2334 terea
2239 2280 2382 2348 quod
2414 2281 2526 2334 bzec
2549 2296 2575 2332 a
2599 2279 2832 2349 conjuge
2857 2289 3081 2335 extrusa
3109 2289 3166 2334 et
3191 2291 3383 2350 vagata
3411 2284 3638 2352 turpiter

2063 2371 2395 2426 clanculario
2435 2380 2590 2441 partu
2629 2371 2816 2426 Jesum
2857 2372 3117 2437 ediderit;
3149 2374 3402 2443 quodque
3433 2373 3479 2428 is
3514 2388 3640 2441 pro-

2062 2474 2184 2531 pter
2212 2472 2584 2531 paupertatem
2610 2465 2662 2518 in
2686 2463 2925 2535 [Egypto
2949 2465 3199 2518 mercede
3227 2478 3446 2533 Operam
3481 2479 3637 2523 suam

2065 2553 2275 2621 locans,
2315 2555 2386 2610 ibi
2434 2569 2665 2609 arcanas
2699 2556 2960 2625 quasdam
2997 2564 3161 2623 artes,
3205 2571 3346 2628 quas
3392 2556 3639 2629 Egyptii

2066 2646 2247 2715 magni
2293 2646 2588 2711 aestimant,
2645 2647 2930 2711 didicerit;
2975 2657 3030 2701 et
3081 2657 3266 2718 postea
3311 2649 3364 2702 in
3407 2651 3640 2718 patriam

2066 2751 2320 2792 reversus
2361 2746 2566 2792 tantum
2593 2754 2650 2793 se
2683 2748 2907 2807 propter
2936 2739 3053 2794 illas
3091 2748 3235 2794 artes
3267 2740 3540 2807 extulerit,
3583 2753 3644 2796 ut

2065 2829 2230 2883 etiam
2274 2843 2334 2883 se
2381 2829 2549 2884 Deum
2586 2831 2906 2898 appellaret.
2955 2849 2974 2882 ›
3003 2830 3127 2884 Mihi
3179 2847 3332 2899 vero,
3370 2834 3463 2903 qui
3504 2835 3642 2889 nihil

2065 2934 2287 2989 possum
2330 2921 2397 2974 ab
2447 2921 2758 2977 inﬁdelibus
2799 2924 2987 2978 audire
3027 2925 3160 2992 quin
3197 2925 3483 2980 discutiam
3515 2936 3570 2980 et
3609 2943 3640 2982 a

375 2983 456 3054 τῷ
486 2985 650 3056 μηδὲν
676 2988 960 3059 δυναμένῳ
992 2989 1360 3043 ἀϐασάνιστον
1391 2993 1484 3062 ὲᾷν
1517 2992 1626 3044 τῶν
1654 2991 1959 3064 λεγομένων

2073 3010 2436 3067 fundamentis
2479 3023 2828 3083 perscruter,
2875 3015 2990 3070 haec
3041 3016 3223 3070 omnia
3277 3017 3440 3072 simul
3477 3018 3639 3074 ﬁdem

378 3073 485 3126 ὑπὸ
511 3074 622 3128 τῶν
668 3077 1058 3141 ἀπιστούντων,
1106 3077 1243 3130 ἀλλὰ
1283 3079 1380 3149 τὴν
1422 3080 1595 3152 ἀρχὴν
1629 3079 1736 3131 τῶν
1784 3095 1959 3150 πραγ-

382 3166 566 3236 μάτων
619 3166 920 3232 ὲξετάζοντι
973 3170 1122 3223 δοκεῖ
1179 3188 1268 3240 μοι.
1331 3173 1598 3240 συμπνεῖν
1664 3170 1743 3241 τῷ
1809 3171 1956 3236 ἄξιον

378 3257 660 3326 γεγονέναι
680 3260 778 3330 τῆς
818 3261 1176 3332 προρρήσεως
1209 3262 1339 3334 περ)¹
1363 3261 1458 3314 τοῦ
1489 3261 1622 3315 Θεοῦ
1652 3263 1784 3314 Υἰὺν
1816 3257 1960 3317 εἷναι

379 3347 473 3401 τὸν
513 3349 739 3420 Ἰησοῦν.

461 3439 791 3512 Ἀνθρώποις
819 3442 916 3512 μὲν
935 3441 1044 3514 γάρ
1072 3443 1435 3514 συμϐάλλεται
1459 3445 1596 3516 πρὸς
1630 3445 1690 3498 τὸ
1710 3443 1962 3512 γενέσθαι

376 3532 502 3586 τινὰ
527 3531 706 3586 αὐτῶν
731 3531 842 3603 (45)
871 3535 1155 3606 διάσημον,
1192 3536 1283 3588 καὶ
1317 3535 1546 3601 ἔνδοξον,
1578 3535 1672 3588 καὶ
1704 3536 1762 3588 τὸ
1793 3535 1961 3605 ὄνομα

375 3623 543 3679 αὐτοῦ
589 3624 893 3696 διαϐόητον,
928 3627 1104 3696 γένος,
1151 3628 1279 3681 ὅταν
1321 3629 1371 3680 οἱ
1413 3631 1588 3696 γονεῖς
1622 3631 1679 3680 ὲν
1721 3627 1958 3698 ὑπεροχῇ

374 3718 476 3774 καὶ
507 3720 804 3790 προαγωγῇ
830 3717 942 3789 (46)
969 3721 1295 3790 τυγχάνωσι,
1321 3721 1414 3774 καὶ
1441 3719 1668 3784 πλοῦτος
1690 3718 1798 3774 τῶν
1829 3722 1961 3774 ἁνα-

379 3976 621 4040 πλάσιοι,
662 3976 824 4045 idque
856 3986 1043 4032 contra
1074 3976 1236 4046 fidem
1271 3977 1511 4031 omnium
1554 3976 1953 4046 manuscripto-

381 4063 526 4102 rum.
582 4041 910 4101 Bohei'ellus
936 4063 1032 4115 pro
1066 4041 1141 4100 ὧν
1195 4048 1322 4115 legit
1375 4047 1471 4111 ὡς,
1510 4057 1568 4100 ιιι
1614 4048 1704 4112 sit,
1755 4041 1951 4114 inquit,

381 4117 541 4186 quasi
582 4119 950 4186 parenthesis,
993 4133 1096 4186 qua
1142 4118 1416 4184 signiticet
1463 4117 1727 4187 Origenes
1774 4118 1956 4187 plures

383 4187 590 4253 ubique
617 4202 739 4240 esse
774 4187 950 4240 doctis
973 4188 1275 4254 imperitos.

455 4257 568 4328 (41)
615 4255 744 4328 Ἐπὶ
783 4255 991 4312 πᾶσαν
1017 4255 1251 4325 ψυχήν.
1284 4255 1538 4328 TertulL,
1564 4254 1659 4310 lib.
1699 4255 1821 4311 adv.
1857 4255 1958 4311 Ju-

380 4325 556 4390 da‘os,
581 4341 697 4395 cap,
726 4327 757 4380 7
807 4343 822 4382 :
858 4345 877 4381 ι
919 4329 974 4382 In
1009 4329 1285 4391 universa,
1312 4325 1504 4394 inquit,
1538 4337 1681 4381 terra
1708 4328 1842 4380 exiit
1867 4343 1958 4382 so-

384 4412 490 4454 nus
519 4410 730 4467 eorum,
759 4409 814 4452 et
851 4413 1020 4467 usque
1048 4397 1128 4467 ad
1173 4397 1436 4450 terminos
1460 4404 1618 4450 terra:
1647 4396 1805 4452 verba
1857 4413 1955 4451 eo-

383 4482 528 4524 rum.
559 4465 613 4519 ln
649 4482 809 4536 quem
842 4465 984 4522 enim
1011 4466 1175 4520 alium
1211 4467 1475 4520 universa:
1498 4477 1688 4535 gentes
1711 4468 1958 4522 credide-

385 4545 536 4598 runt.
572 4538 672 4591 nisi
706 4538 758 4590 in
789 4538 1089 4603 Christum,
1115 4538 1206 4606 qui
1237 4536 1351 4602 jam
1381 4536 1568 4606 venit.?
1597 4539 1694 4590 Cui
1723 4539 1866 4591 enim
1901 4547 1956 4592 et

385 4608 507 4662 alia:
541 4617 729 4671 gentes
764 4605 1144 4662 crediderunti
1197 4607 1407 4667 Parthi,
1457 4605 1622 4669 Medi,
1674 4608 1953 4673 Elamitac;

385 4685 440 4730 et
473 4679 563 4744 qui
599 4678 905 4748 inhabitant
937 4677 1400 4748 Mesopotamiam.
1434 4677 1770 4748 Armeniam,
1791 4677 1958 4748 Phry-

389 4749 562 4812 giam,
612 4746 1044 4816 Cappadoi-lam;
1088 4746 1168 4800 ’et
1211 4746 1512 4800 incolentes
1564 4746 1796 4801 Pontum
1833 4788 1849 4811 ,
1902 4746 1956 4802 et

391 4815 596 4889 Asiam,
643 4815 1137 4889 et_’l’a-nipliyliam,
1177 4818 1527 4889 immorautes
1552 4816 1869 4889 Egyptum,
1902 4828 1956 4872 et

396 4885 668 4955 regionem
696 4885 891 4941 Africae
913 4885 1033 4954 qua:
1062 4897 1150 4940 est
1177 4897 1326 4942 trans
1358 4885 1957 4955 Cyrenemi‘nhabitan-

398 4951 502 5017 tes,
538 4951 762 5007 [iornani
798 4967 854 5009 et
884 4951 1113 5023 incolae;
1149 4967 1275 5012 tunc
1313 4967 1370 5010 et
1394 4951 1445 5008 in
1489 4956 1827 5013 Hierusalem
1863 4957 1956 5012 Ju-

392 5023 516 5087 dari,
559 5031 613 5076 et
646 5033 863 5095 creterre
901 5038 1123 5094 gentes;
1177 5037 1235 5080 ut
1277 5028 1389 5095 jam
1423 5026 1739 5082 Getulorum
1777 5030 1955 5081 varie-

396 5102 561 5157 tates,
603 5102 656 5145 et
684 5092 996 5147 Maurorum
1040 5092 1191 5150 multi
1229 5092 1385 5161 lines,
1418 5096 1804 5164 Hispaniarum
1835 5113 1956 5150 om-

392 5179 492 5218 nes
517 5164 755 5227 tcrmini,
783 5175 838 5216 et
861 5165 1160 5220 Galliarum
1186 5169 1415 5222 diversae
1440 5168 1707 5228 nationes,
1744 5176 1801 5221 et
1839 5169 1957 5220 Bri-

393 5242 684 5289 tannorum
738 5237 1014 5287 inaccessa
1064 5236 1328 5290 Romanis
1378 5238 1516 5299 loca,
1565 5235 1782 5290 Christo
1827 5251 1958 5290 vero

392 5305 632 5367 subdita,
659 5314 714 5359 et
741 5304 1139 5369 Sarmatarum,
1165 5316 1219 5361 et
1258 5307 1551 5372 Dacorum,
1581 5317 1637 5359 et.
1659 5305 1960 5359 Germano-

393 5389 542 5439 rum,
572 5386 626 5430 et
662 5376 1016 5446 Scytharum,
1062 5386 1116 5429 et
1160 5377 1466 5430 abditarum
1504 5376 1792 5446 multarum
1825 5389 1955 5446 gen-

397 5448 556 5507 tium.
589 5456 643 5500 et
671 5445 1101 5514 previnciarum,
1128 5455 1181 5499 et
1209 5447 1510 5500 insularum
1539 5445 1956 5499 multarum’no-

393 5516 475 5586 bis
505 5519 830 5586 ignotarum,
861 5523 914 5586 et
933 5531 1052 5583 quae
1077 5530 1400 5570 enumerare
1423 5516 1602 5569 minus
1632 5517 1958 5583 possumus?

393 5585 448 5638 ln
471 5584 668 5656 quibus
721 5584 978 5640 omnibus
1028 5586 1163 5640 locis
1207 5585 1407 5639 Christi
1449 5600 1668 5666 nomen,
1701 5588 1792 5666 quoi
1845 5586 1956 5652 jam

394 5661 561 5722 venit,
588 5667 779 5728 regnat
804 5674 818 5722 ;
855 5664 1042 5724 utpote
1073 5665 1197 5710 ante
1222 5669 1380 5722 quem
1409 5656 1650 5711 omnium
1679 5656 1958 5711 civitatum

707 5761 980 5819 ΡΑτιιοι..
1027 5759 1143 5819 Gn.
1193 5755 1304 5816 XI.

2065 3101 2245 3158 facere
2271 3105 2521 3158 videntur
2560 3106 2782 3176 dignum
2829 3106 3110 3162 exstitisse
3137 3105 3321 3164 Jesum
3353 3111 3639 3180 prophetia

2063 3209 2170 3266 qua
2201 3194 2370 3251 Filius
2400 3195 2491 3250 Dei
2523 3206 2888 3267 nuncupatur.

2132 3433 2292 3519 3&7
2317 3447 2406 3502 29.
2447 3446 2581 3500 Nam
2610 3460 2782 3514 genus
2806 3443 3043 3514 quidem,
3079 3453 3365 3514 parentum
3399 3446 3642 3516 dignitas

2063 3545 2116 3592 et
2143 3535 2536 3604 praecellentia,
2570 3535 2763 3602 ampla:
2794 3548 2982 3589 eorum
3026 3536 3090 3586 ad
3129 3534 3298 3588 lilium
3338 3535 3643 3592 liberaliter

2061 3627 2398 3682 educandum
2430 3625 2738 3690 facultates,
2780 3625 3060 3693 Splendida
3105 3637 3159 3680 et
3189 3625 3414 3682 illustris
3439 3628 3638 3696 patria,

2063 3717 2290 3771 multum
2349 3715 2642 3770 conferunt
2701 3716 2770 3772 ad
2822 3714 3206 3796 splendorem,
3259 3717 3327 3771 ad
3369 3717 3639 3786 gloriam,

2061 3985 2233 4046 porta:
2263 3983 2388 4028 sunt
2418 3981 2638 4043 aperlte,
2663 3973 2852 4046 etcui
2877 3971 3037 4046 nulla:
3062 3973 3451 4046 suntclausaz.
3477 3993 3496 4025 ι
3533 3973 3643 4030 Ire-

2066 4043 2232 4110 incus,
2276 4047 2369 4098 lib.
2428 4062 2469 4107 I,
2513 4060 2633 4113 cap.
2692 4043 2788 4110 10;
2829 4044 3120 4106 Arnobius,
3152 4044 3246 4098 lib.
3299 4058 3338 4098 ιι
3370 4045 3638 4098 Adversus

2063 4126 2282 4186 gentes;
2313 4115 2461 4186 Orig.
2498 4114 2646 4186 hom.
2677 4115 2722 4186 ζι-
2747 4115 2798 4168 in
2813 4113 3027 4186 _Ezech_.
3063 4115 3138 4186 (at
3168 4113 3270 4166 sibi
3305 4130 3412 4166 non
3441 4128 3644 4168 conve—

2065 4183 2146 4240 hit
2177 4183 2432 4239 tractatu
2459 4184 2531 4238 28
2581 4185 2632 4236 in
2677 4183 3038 4250 Matthawm);
3079 4183 3456 4251 Chrysostom.
3502 4191 3641 4236 orat.

2065 4255 2219 4320 Quod
2251 4256 2493 4309 Christus
2532 4263 2604 4305 est
2641 4253 2798 4304 Deus.
2832 4251 3032 4304 Fusius
3081 4252 3207 4321 agit?
3239 4251 3640 4318 Theodorctus,

2067 4339 2233 4379 serm.
2258 4326 2314 4386 9,
2355 4333 2409 4377 et
2435 4324 2561 4376 alibi
2601 4332 2698 4376 :et.
2736 4322 2860 4388 quis
2896 4320 3141 4374 veterum
3193 4320 3416 4374 Patrum
3444 4323 3512 4376 de.
3550 4324 3645 4376 hu-

2061 4395 2150 4458 jus
2184 4395 2260 4446 rei
2291 4394 2522 4448 veritate
2548 4393 2847 4446 dissentit?
2878 4392 3140 4444 Spsncun.
3173 4389 3295 4445 Mox
3333 4406 3430 4460 pro
3451 4393 3642 4445 ἀνατο-

2063 4463 2160 4534 λῆς
2189 4462 2340 4533 ἡλίου
2375 4461 2699 4534 Boherellus
2725 4461 3036 4534 elﬁuietus
3057 4461 3410 4534 scribendum
3446 4472 3644 4529 putant

2063 4529 2327 4604 ἀνατολὴν
2362 4533 2539 4604 ἡλίου,
2577 4541 2634 4585 ιιι
2659 4532 2732 4585 sit
2754 4530 2943 4584 allusio
2970 4531 3042 4604 ad_
3065 4529 3200 4604 Luc.
3236 4547 3276 4594 ι,
3319 4531 3411 4604 7_8.

2135 4603 2247 4674 (42)
2275 4599 2364 4657 Sic
2386 4599 2580 4674 omnes
2610 4616 2741 4656 mss.
2767 4610 2994 4670 excepto
3015 4599 3234 4655 Joliano
3259 4601 3500 4670 quicum
3527 4603 3645 4658 edi-

2067 4675 2134 4728 tis
2147 4673 2150 4674 ⁷
2163 4675 2326 4729 habet
2353 4673 2532 4743 μόνον.

2135 4743 2247 4816 (43)
2291 4739 2749 4816 Ἐξελέγξῳιεεν.
2787 4740 2878 4794 Sic
2894 4754 3096 4816 _omnes
3132 4739 3323 4816 codd;
3347 4755 3484 4816 mss:
3510 4741 3640 4796 llae-

2063 4807 2304 4868 scheli'us
2335 4829 2464 4867 vero
2505 4807 2838 4882 ’ἐλέγξωμεν.
2877 4807 3218 4882 iSpencerus,
3265 4809 3638 4882 ἐξελέγξομεν.

2064 4885 2266 4939 Ibidem
2317 4884 2476 4938 codd.
2529 4881 2730 4951 Regius
2770 4891 2827 4938 et
2873 4881 3200 4938 Basileensis
3249 4881 3313 4934 τὸ
3372 4881 3642 4937 Ἰουδαίων

2065 4954 2373 5025 πρόσωπον.

2139 5024 2251 5095 (44)
2285 5025 2386 5078 Pro
2418 5023 2793 5094 μισθαρνήσας
2840 5021 3178 5095 llmschelius
3232 5029 3290 5075 et
3331 5019 3642 5092 Spencerus

2065 5090 2268 5147 habent
2299 5095 2350 5146 in
2385 5090 2650 5164 margine,
2676 5090 3030 5164 ’ἀνεχώρησα
3059 5092 3259 5147 Guielo
3285 5090 3642 5148 scribendum

2065 5163 3142 5242 νὶᾀειιιτημισθαρνηήσωνἀνεχώρησε...
3215 5230 3246 5242 η
3385 5229 3397 5242 .
3505 5228 3538 5242 __

2138 5233 2250 5304 (45)
2283 5228 2529 5288 Αὐτῶν(
2565 5228 2656 5288 Sic
2692 5228 3055 5290 recte”co'déx
3103 5229 3466 5295 Basileensis;
3505 5228 3619 5281 libb

2066 5305 2222 5367 editi,
2259 5305 2442 5357 αὐτόν.

2137 5375 2248 5446 (46)
2278 5375 2618 5446 Προαγωγῇ.
2650 5375 2742 5430 Sic
2775 5390 2968 5432 omnes
2995 5387 3140 5447 _mss.
3173 5379 3401 5447 excepto
3430 5367 3645 5447 Joliano

2064 5437 2155 5516 qui
2195 5437 2655 5502 ciun'I-keselieﬁlio
2702 5450 2756 5516 in
2796 5454 2942 5499 textu
2995 5444 3188 5516 habet,
3212 5437 3428 5508 ἀγωγῇ,
3465 5437 3560 5491 sed
3591 5437 3646 5515 in

2065 5514 2342 5585 ιὶιειτιιῖηθ,
2400 5519 2724 5587 προαγωγῇ.
2745 5515 2911 5587 riuulo
2944 5521 3065 5582 post
3120 5514 3283 5587 iidem
3309 5525 3507 5587 __mss.,
3568 5514 3648 5580 εις

2065 5580 2344 5640 παίδευσιν
2405 5580 2498 5638 τοῦ
2557 5580 2701 5638 Υξοῦζ
2765 5580 3039 5646 Jolianus,
3095 5585 3172 5646 εἰς
3225 5580 3504 5632 παίδευσιν
3557 5587 3654 5622 του

2074 5656 2252 5726 ἰησοῦ
2274 5668 2328 5711 et
2355 5657 2424 5710 ita
2461 5654 2794 5710 lltnschclius
2825 5653 2876 5704 in
2902 5661 3078 5707 textu.

3257 5744 3335 5804 23
