3988 6156
375 252 478 308 715

1817 248 1973 306 ORIG
1982 248 2137 305 ΕΝΙὸ

3504 253 3608 312 716

371 375 438 431 ad
464 372 700 431 nominis
726 374 1099 430 celebritatem
1126 389 1142 439 ;
1165 373 1384 443 quando
1422 385 1548 427 vero
1586 371 1805 443 aliquis,
1844 388 1912 428 cu

2036 370 2412 442 θρεψαμένων,
2437 372 2536 443 ,καὶ
2558 370 2891 442 δυνηθέντων
2919 368 3195 426 ἀναλῶσαι
3224 368 3303 432 είς
3325 369 3606 427 παίδευσιν

368 465 486 520 haec
506 464 689 520 omnia
717 479 875 519 secus
911 462 1274 531 contigerunt,
1318 467 1492 530 potest
1520 474 1551 514 e
1593 469 1672 514 tot
1708 458 1935 513 difficul-

370 555 575 611 tatibus
610 545 1010 609 adclaritatem
1037 566 1338 621 emergere,
1372 552 1715 607 commovere
1746 550 1828 627 sui
1856 549 1936 603 fa-

366 660 454 699 ma
504 640 836 697 audientium
893 642 1123 706 animos,
1184 640 1300 696 ﬁeri
1355 632 1583 699 celebris
1622 649 1679 695 et
1729 639 1929 705 clarus,

364 738 617 804 famaque
640 735 723 788 sui
755 734 983 789 nominis
1007 734 1319 788 universum
1365 734 1552 789 orbem
1592 732 1818 801 implere
1851 732 1934 785 in-

363 828 524 883 solita
554 827 621 880 de
649 826 762 894 ipso
786 825 1187 893 praedicantem,
1221 825 1344 895 quis
1363 807 1600 880 indolem
1624 822 1929 892 hujusmodi

361 925 551 986 sponte
571 923 624 968 et
645 928 710 967 ex
730 913 905 983 seipsa
932 930 1272 984 generosam,
1293 915 1500 985 magnis
1524 916 1686 969 rebus
1714 929 1929 983 operam

360 1007 599 1071 dantem,
630 1005 828 1059 eximia
862 1003 1054 1059 fiducia
1085 1004 1362 1074 praeditam
1392 1020 1495 1059 non
1519 1005 1850 1059 admiretur?
1874 1006 1929 1059 Si

357 1095 478 1165 quis
503 1103 682 1149 autem
724 1095 891 1149 altius
925 1096 1157 1149 scrutari
1188 1094 1339 1159 velit,
1384 1111 1562 1150 annon
1594 1096 1638 1149 is
1670 1098 1929 1165 quaesitum

354 1198 450 1238 rus
489 1193 596 1252 est,
634 1199 870 1256 quonam
902 1186 1060 1239 modo
1092 1184 1180 1239 ille
1211 1200 1371 1254 parce
1418 1196 1472 1240 et
1514 1187 1568 1239 in
1614 1196 1930 1256 paupertate

352 1276 631 1345 educatus,
658 1277 928 1347 nullisque
955 1277 1269 1332 liberalibus
1317 1279 1614 1348 disciplinis
1665 1264 1926 1346 eruditus,

350 1370 503 1425 rudis
542 1377 598 1424 et
638 1369 922 1439 imperitus
961 1370 1186 1430 artium,
1217 1384 1335 1438 quin
1363 1378 1488 1424 sunt
1521 1369 1587 1426 ad
1611 1368 1926 1435 ﬂectendos,

349 1461 759 1527 demulcendos,
784 1450 1264 1531 conciliandosque
1292 1462 1397 1516 sibi
1436 1448 1671 1531 plurium
1713 1464 1928 1518 audito-

347 1568 470 1608 rum
506 1553 716 1607 animos
765 1554 1152 1619 accommodate,
1210 1567 1499 1622 aggressus
1526 1554 1599 1608 sit
1652 1569 1791 1608 nova
1835 1554 1930 1608 do-

348 1653 530 1714 gmata
553 1642 917 1712 promulgare,
938 1644 1352 1711 doctrinamque
1370 1642 1422 1695 in
1443 1657 1613 1714 genus
1633 1646 1925 1698 humanum

348 1735 629 1798 invehere,
660 1749 776 1802 quae
812 1744 865 1788 et
907 1733 1218 1788 Judarorum
1280 1738 1436 1800 ritus,
1479 1736 1696 1790 intactis
1747 1748 1922 1807 tamen

348 1839 536 1880 eorum
559 1825 859 1893 prophetis,
893 1824 1090 1889 abolet,
1127 1836 1183 1880 et
1224 1829 1462 1881 maxime
1505 1826 1821 1883 Graecorum
1856 1828 1923 1882 de

346 1917 598 1973 Numinis
648 1919 801 1973 cultu
853 1919 1000 1987 leges
1034 1920 1269 1975 evertit?
1303 1921 1407 1987 Qui
1440 1921 1560 1976 ﬁeri
1605 1922 1802 1992 potuit,
1864 1930 1926 1977 ut

346 2011 489 2066 idem
530 2010 620 2066 ille
663 2011 742 2065 sic
783 2007 1084 2076 institutus,
1121 2012 1377 2081 nihilque.
1408 2028 1685 2083 magnum,
1723 2025 1783 2068 ut
1815 2013 1920 2082 ipsi

345 2100 461 2170 ejus
491 2101 884 2158 obtrectatores
903 2094 1255 2165 confitentur,
1293 2104 1361 2157 ab
1407 2104 1626 2158 homine
1674 2105 1919 2171 edoctus,

345 2193 413 2247 de
453 2193 546 2248 Dei
575 2192 802 2261 judicio,
858 2195 925 2248 de
972 2194 1261 2248 criminum
1294 2195 1493 2264 pomis,
1545 2196 1613 2249 de
1660 2196 1919 2249 virtutum

342 2285 586 2354 praemiis
619 2288 746 2342 talia
777 2296 998 2356 tamque
1030 2302 1137 2342 non
1169 2287 1567 2342 contemnenda
1602 2285 1917 2352 dissereret,

343 2386 404 2432 ut
435 2392 543 2432 non
571 2386 816 2446 agrestes
852 2378 1014 2433 modo
1037 2386 1092 2432 et
1126 2376 1459 2443 illitteratos,
1491 2377 1584 2432 sed
1612 2377 1776 2431 etiam
1810 2391 1916 2430 non

340 2483 543 2536 paucos
570 2483 633 2523 ex
679 2469 747 2524 iis
790 2469 858 2525 ad
908 2484 966 2524 se
997 2467 1263 2535 alliceret,
1301 2469 1393 2539 qui
1427 2468 1671 2522 acutiore
1700 2467 1919 2538 ingenio

340 2565 497 2612 erant
546 2569 601 2612 et
649 2564 901 2626 poterant
942 2574 1144 2613 arcana
1198 2558 1553 2627 perscrutari,
1602 2572 1723 2626 quae
1759 2558 1917 2612 rebus

304 2702 314 2713 ,
342 2650 527 2721 specie
553 2650 861 2715 vilioribus,
900 2660 958 2704 ut
994 2648 1067 2705 ita
1093 2649 1295 2714 dicam,
1327 2649 1474 2705 velut
1508 2650 1746 2706 involuta
1783 2649 1916 2704 late-

339 2740 513 2795 bant?
536 2738 691 2809 Apud
720 2737 1000 2795 Platonem
1019 2744 1140 2795 cum
1167 2741 1452 2811 Seriphius
1480 2740 1696 2809 quidam
1721 2754 1915 2810 expro-

339 2830 553 2886 brasset
574 2827 926 2886 Themistocli
955 2829 1160 2885 bellica:
1182 2830 1402 2884 virtutis
1422 2822 1594 2900 gloria
1622 2826 1915 2885 celeberri-

2034 461 2127 514 τοῦ
2159 462 2299 526 υίοῦ,
2328 463 2425 517 καὶ
2447 465 2642 532 πατρὶς
2672 463 2880 534 μεγάλη
2914 479 2998 525 τις
3021 457 3154 515 οὖσα
3193 462 3288 514 καὶ
3314 460 3600 533 ἐπίσημος·

2033 553 2161 605 ὅταν
2186 553 2242 605 δὲ
2278 552 2452 606 πάντα
2488 553 2556 606 τὰ
2595 552 2805 615 τούτοις
2842 553 3060 607 ἐναντία
3095 551 3233 623 ἔχων
3261 569 3347 614 τις
3376 551 3600 626 δυνηθῇ,

2036 643 2354 713 ὑπερκύψας
2376 643 2443 697 τὰ
2468 643 2822 714 ἐμποδίζοντα
2846 644 3031 707 αὑτὸν,
3056 643 3357 713 γνωσθῆναι
3379 643 3471 697 καὶ
3495 647 3603 697 σεί-

2034 748 2124 785 σαι
2162 733 2286 794 τοὺς
2319 731 2446 802 περὶ
2474 733 2637 786 αὐτοῦ
2671 734 2985 797 ἀκούοντας,
3018 733 3113 787 καὶ
3144 732 3395 801 γενέσθαι
3429 734 3604 803 ἐμφα-

2033 824 2129 895 νὴς
2167 825 2260 877 καὶ
2290 824 2447 895 δῆλος
2460 825 2606 876 οἰκου
2614 825 2746 896 μένῃ
2767 826 2884 896 ὅλῃ,
2905 824 2973 877 τά
2990 823 3215 894 ἀνόμοια
3230 821 3461 895 λεγούσῃ
3477 823 3602 893 περὶ

2033 916 2195 969 αὐτοῦ
2212 932 2225 944 ·
2262 916 2378 979 πῶς
2399 917 2458 968 ού
2491 916 2829 987 θαυμαστέον
2851 916 2947 988 τὴν
2974 916 3227 987 τοιαύτην
3253 914 3412 983 φύσιν
3443 914 3601 969 αὐτό-

2034 1007 2125 1059 θεν
2160 1007 2258 1075 μὲν
2291 1007 2366 1070 ὡς
2402 1008 2739 1078 μεγαλοφυῆ,
2773 1009 2868 1061 καὶ
2910 1008 3164 1079 μεγάλοις
3207 1008 3599 1062 ἐπιϐάλλουσαν

2032 1098 2336 1169 πράγμασι,
2364 1099 2458 1152 καὶ
2483 1099 2708 1170 ἔχουσαν
2729 1100 3043 1173 παρρησίαν
3065 1100 3165 1152 οὐκ
3191 1099 3599 1171 εὐκαταφρόνη-

2030 1206 2152 1256 τον;
2189 1191 2252 1242 Εἰ
2285 1189 2342 1242 δὲ
2376 1192 2469 1243 καὶ
2504 1191 2597 1242 ἐπὶ
2631 1190 2814 1244 πλεῖον
2855 1187 3093 1254 ἐξετάζοι
3120 1208 3202 1253 τις
3230 1190 3298 1243 τὰ
3329 1188 3471 1243 κατά
3508 1187 3599 1243 τὸν

2029 1278 2287 1343 τοιοῦτον,
2328 1278 2446 1343 πῶς
2474 1281 2573 1334 οὐκ
2600 1281 2665 1334 ἂν
2695 1281 2948 1351 ζητήσαι,
2982 1279 3102 1332 τίνα
3125 1281 3324 1351 τρόπον
3359 1281 3417 1333 ἐν
3449 1280 3600 1331 εύτε·

2029 1369 2147 1439 λείᾳ
2171 1371 2266 1423 καὶ
2296 1370 2453 1441 πενία
2480 1370 2977 1441 ἀνατεθραμμένος,
3014 1372 3108 1424 καὶ
3140 1370 3408 1441 μηδεμίαν
3440 1370 3593 1437 ἐγκύ-

2030 1460 2176 1513 κλιον
2214 1460 2459 1515 παιδείαν
2502 1460 2824 1524 παιδευθεὶς,
2863 1461 2997 1533 μηδὲ
3030 1460 3215 1532 μαθὼν
3263 1462 3459 1530 λόγους
3501 1462 3593 1516 καὶ

2028 1551 2290 1622 δόγματα,
2327 1554 2417 1621 ἀφ’
2449 1546 2523 1605 ὧν
2557 1551 2657 1607 κᾶν
2686 1553 2909 1619 πιθανὸς
2937 1552 3186 1621 γενέσθαι
3218 1552 3437 1605 ἐδύνατο
3470 1555 3592 1622 ὁμι-

2030 1642 2140 1699 λεῖν
2172 1643 2367 1714 ὄχλοις,
2402 1644 2496 1697 καὶ
2526 1644 2892 1714 δημαγωγεῖν,
2932 1647 3026 1698 καὶ
3059 1644 3357 1714 ἐπάγεσθαι
3387 1647 3592 1717 ἀκροα-

2026 1735 2125 1798 τὰς
2164 1726 2434 1799 πλείονας,
2471 1734 2777 1789 ἐπιδίδωσιν
2809 1736 2998 1789 ἑαυτὸν
3036 1735 3350 1808 διδασκαλίᾳ
3394 1735 3590 1789 καινῶν
3634 1768 3639 1772 -

2025 1810 2327 1893 δογμάτων,
2360 1823 2667 1892 ἐπεισάγων
2692 1822 2769 1893 τῷ
2792 1825 2938 1892 γένει
2958 1823 3065 1877 τῶν
3094 1823 3393 1896 ἀνθρώπων
3414 1824 3588 1894 λόγον,

2025 1915 2094 1968 τά
2128 1932 2186 1967 τε
2240 1915 2507 1968 Ἰουδαίων
2552 1914 2646 1985 ἔθη
2688 1914 3040 1978 καταλύοντα,
3086 1914 3224 1985 μετὰ
3260 1915 3356 1968 τοῦ
3399 1932 3589 1985 σεμνο-

2025 2009 2197 2059 ποιεῖν
2221 2004 2398 2059 αὐτῶν
2426 2006 2551 2068 τοὺς
2596 2005 2899 2075 προφήτας,
2927 2004 3171 2067 καὶτοὺς
3211 2003 3475 2075 Ἑλλήνων
3503 2003 3588 2055 νό-

2028 2114 2159 2167 μους
2189 2097 2421 2168 μάλιστα
2442 2097 2567 2168 περὶ
2590 2095 2683 2149 τοῦ
2722 2096 2878 2148 Θείου
2902 2094 3292 2166 καθαιροῦντα;
3320 2096 3444 2158 Πῶς
3464 2095 3506 2147 δ’
3524 2094 3589 2148 ἂν

2021 2190 2049 2241 ό
2085 2186 2342 2250 τοιοῦτος,
2389 2186 2480 2239 καὶ
2524 2185 2697 2248 οὓτως
2736 2183 3232 2255 ἀνατεθραμμένος,
3286 2184 3380 2237 καὶ
3427 2183 3589 2254 μηδὲν

2025 2279 2042 2349 (
2059 2281 2135 2343 ὡς
2167 2280 2260 2332 καὶ
2288 2279 2337 2331 οί
2364 2274 2784 2343 κακολογοῦντες
2816 2276 2977 2328 αὑτὸν
3004 2273 3359 2345 ὁμολογοῦσι)
3394 2273 3588 2344 σεμνὸν

2023 2368 2173 2441 παρὰ
2200 2365 2485 2438 ἀνθρώπου
2518 2364 2724 2437 μαθὼν,
2753 2364 2975 2418 τοιαῦτα
3007 2366 3134 2435 περὶ
3167 2366 3399 2436 κρίσεως
3431 2363 3585 2427 Θεοῦ,

2020 2461 2113 2514 καὶ
2153 2460 2423 2512 κολάσεων
2473 2458 2569 2527 μὲν
2604 2456 2709 2509 τῶν
2749 2456 2889 2510 κατὰ
2932 2456 3029 2526 τῆς
3061 2455 3277 2520 κακίας,
3326 2454 3501 2526 τιμῶν
3531 2454 3589 2507 δὲ

2016 2554 2124 2607 τῶν
2148 2554 2289 2625 ὑπὲρ
2318 2552 2409 2607 τοῦ
2451 2552 2614 2607 καλοῦ
2649 2552 2826 2621 λέγειν
2853 2550 3084 2621 ἠδύνατο
3119 2551 3217 2603 οὐκ
3255 2550 3591 2621 εὐκαταφρο-

2018 2646 2223 2716 νήτως,
2262 2644 2388 2698 ὥστ’
2419 2644 2480 2697 οὐ
2523 2643 2682 2714 μόνον
2721 2643 3007 2713 ἀγροίκους
3049 2641 3145 2695 καὶ
3196 2640 3410 2706 ἰδιώτας
3461 2640 3587 2708 ἄγε-

2019 2738 2139 2792 σθαι
2168 2738 2271 2791 ὑπὸ
2299 2736 2404 2791 τῶν
2428 2736 2754 2806 λεγομένων,
2803 2734 2941 2789 ἀλλὰ
2986 2735 3079 2787 καὶ
3106 2733 3205 2785 οὐκ
3237 2732 3439 2801 ὀλίγοις
3478 2732 3584 2785 τῶν

2019 2830 2417 2901 συνετωτέρων,
2447 2829 2541 2882 καὶ
2564 2827 2879 2898 δυναμένων
2913 2826 3102 2897 ἐνορᾷν
3136 2824 3442 2896 ἀποκρύψει
3479 2824 3588 2895 (47)

339 2935 450 2987 mo,
495 2922 640 2990 quod
692 2928 799 2975 non
842 2920 1062 2990 propria
1117 2921 1319 2976 virtute
1373 2920 1718 2990 splendorem
1768 2930 1915 2975 esset

2020 2922 2120 2975 τῶν
2151 2919 2550 2991 εὐτελεστέρων
2586 2917 2955 2989 νομιζομένων
2993 2916 3460 2985 ἀπαγγέλλεσθαι,
3494 2933 3591 2968 πε-

338 3020 642 3076 assecutus,
697 3011 790 3066 sed
855 3011 979 3079 quia
1034 3013 1207 3083 patria
1270 3008 1345 3066 illi
1394 3012 1695 3080 contigerat
1746 3011 1912 3066 totius

2020 3012 2268 3086 ριεχούσῃ
2295 3030 2346 3064 τι
2362 3013 2459 3081 (ὡς
2479 3011 2622 3064 ἔστιν
2638 3010 2829 3080 εἰπεῖν)
2862 3008 3011 3063 ἔνδον
3038 3008 3489 3079 ἁπορῤητότερον;
3528 3007 3585 3060 ’0

337 3100 560 3156 Graeciae
590 3099 913 3163 clarissima,
948 3102 992 3155 is
1021 3110 1209 3170 gratus
1242 3103 1294 3155 in
1326 3102 1585 3169 patriam,
1635 3116 1796 3170 quam
1845 3102 1911 3154 ad

2020 3105 2113 3175 μὲν
2145 3099 2235 3157 οὖν
2263 3104 2411 3174 παρὰ
2423 3104 2500 3176 τῷ
2519 3103 2761 3156 Πλάτωνι
2784 3099 2890 3171 (48)
2916 3100 3183 3171 Σερίφιος,
3215 3099 3484 3163 ὀνειδίζων
3510 3098 3588 3168 τῷ
3648 3113 3659 3121 ‘

338 3204 494 3244 suum
520 3189 779 3243 honorem
808 3187 1105 3243 contulisse
1139 3197 1385 3253 noverat,
1416 3188 1727 3258 respondit:
1749 3206 1767 3239 ι
1801 3187 1912 3242 Nec

338 3295 440 3352 ego
462 3281 506 3336 si
534 3280 813 3349 Seriphius
838 3295 1032 3347 essem,
1074 3281 1145 3335 ita
1168 3279 1387 3335 clarus:
1423 3294 1521 3335 nec
1551 3288 1628 3344 tu,
1668 3280 1712 3333 si
1744 3279 1912 3334 Athe-

337 3373 565 3437 niensis,
591 3369 789 3426 fuisses
817 3371 1234 3426 Themistocles.
1266 3390 1284 3422 ι
1306 3370 1503 3427 Noster
1524 3383 1705 3427 autem
1731 3371 1909 3437 Jesus,

337 3462 426 3517 cui
455 3461 655 3531 probro
671 3464 832 3517 datur
862 3462 1006 3531 quod
1040 3476 1105 3516 ex
1138 3461 1256 3517 vico
1296 3469 1450 3517 ortus
1477 3462 1570 3530 sit,
1598 3476 1773 3532 eoque
1805 3477 1910 3517 non

337 3550 652 3610 Graecanico
704 3567 806 3607 nec
855 3552 990 3606 alius
1047 3552 1223 3619 gentis
1271 3550 1589 3619 celebratur,
1622 3553 1716 3621 qui
1772 3551 1913 3607 male

335 3644 487 3699 audit
515 3644 658 3715 quod
692 3643 1033 3713 pauperculae
1079 3644 1448 3713 operariaeque
1491 3644 1686 3699 matris
1722 3643 1793 3698 sit
1849 3644 1911 3695 ti-

334 3734 459 3800 lius,
479 3718 622 3804 quod
656 3735 839 3804 inopia
879 3742 1099 3789 coactus
1122 3733 1358 3803 patriam
1389 3733 1698 3803 reliquerit,
1731 3748 1911 3789 suam-

335 3839 442 3894 que
466 3825 521 3878 in
550 3822 784 3893 Egypto
834 3825 1083 3879 mercede
1123 3820 1289 3894 348
1337 3823 1599 3878 locaverit
1650 3838 1906 3894 operam;

334 3912 495 3970 Jesus
526 3913 635 3979 ille,
664 3916 754 3983 qui
779 3930 883 3971 non
910 3915 1081 3970 solum
1109 3917 1415 3983 Seriphius,
1449 3927 1508 3970 ut
1528 3916 1717 3970 eodem
1734 3930 1912 3970 exem-

335 4007 427 4078 plo
450 4015 593 4072 utar,
607 4019 676 4061 ex
701 4006 921 4060 minima
951 4005 1486 4075 despicatissimaque
1518 4006 1693 4060 insula
1723 4013 1907 4071 ortus;

335 4099 429 4155 sed
452 4098 616 4153 etiam
640 4097 1043 4167 Seriphiorum,
1075 4107 1135 4149 ut
1155 4097 1228 4150 ita
1248 4097 1447 4161 dicam,
1486 4097 1911 4166 ignobilissimus

333 4203 471 4259 erat,
494 4191 664 4246 valuit
682 4204 999 4261 permovere
1037 4198 1206 4243 totum
1230 4189 1440 4255 orbem,
1475 4202 1580 4243 non
1612 4189 1770 4244 modo
1799 4203 1911 4241 ma-

333 4287 416 4355 gis
445 4300 608 4355 quam
635 4281 980 4338 Atheniensis
998 4280 1414 4347 Themistocles,
1437 4270 1529 4336 sed
1562 4280 1724 4336 etiam
1747 4295 1908 4351 quam

2014 3193 2380 3264 Θεμιστοκλεῖ,
2400 3191 2665 3262 διαϐοήτῳ
2686 3190 3034 3260 γεγενημένῳ
3058 3190 3148 3242 ἐπὶ
3172 3193 3237 3261 τῇ
3266 3190 3585 3261 στρατηγίᾳ,

2013 3285 2088 3348 ὡς
2117 3284 2215 3338 οὐκ
2243 3286 2307 3337 ἐκ
2330 3284 2423 3337 τοῦ
2453 3284 2581 3337 ίδίου
2616 3283 2777 3354 ἤθους
2793 3283 2854 3337 τὸ
2879 3281 3084 3347 ἔνδοξον
3114 3282 3444 3351 ὰνειληφότι,
3477 3282 3587 3335 ἀλλ’

2013 3375 2077 3427 ἐκ
2107 3373 2198 3427 τοῦ
2234 3373 2585 3444 εὐτυχηκέναι
2608 3373 2863 3444 πατρίδος
2893 3374 2989 3444 τῆς
3019 3374 3077 3425 ἐν
3108 3370 3203 3444 ὅλῃ
3238 3372 3443 3425 Ἑλλάδι
3472 3374 3588 3424 ἐπι-

2015 3465 2345 3536 σημοτάτης,
2376 3466 2610 3536 ἀκήκοεν
2638 3464 2745 3517 άπὸ
2798 3463 3261 3533 εὐγνωμονοῦντος
3326 3463 3584 3532 Θεμιστο-

2012 3554 2219 3619 κλέους,
2267 3555 2361 3607 καὶ
2394 3554 2647 3625 ὁρῶντος,
2691 3554 2772 3606 ὅτι
2808 3552 3127 3606 συνεϐάλετο
3152 3550 3299 3621 αύτῷ
3347 3551 3483 3621 πρὸς
3525 3550 3586 3603 τὸ

2012 3645 2218 3711 ἔνδοξον
2241 3647 2335 3699 καὶ
2361 3649 2394 3716 ἡ
2424 3647 2641 3715 πατρὶς,
2669 3645 2771 3709 ὅτι,
2807 3662 2825 3695 ι
2856 3645 2969 3698 Ούκ
2989 3644 3054 3698 ἂν
3081 3644 3191 3714 ἐγὼ
3211 3645 3461 3714 Σερίφιος
3488 3643 3583 3707 ὣν,

2018 3730 2191 3799 οὕτως
2219 3736 2424 3801 ἔνδοξος
2470 3735 2742 3804 ἐγεγόνειν
2764 3752 2777 3766 °
2822 3726 2944 3790 οὔτε
2981 3737 3044 3790 σὺ
3105 3734 3391 3807 Ἀθηναῖος
3430 3737 3583 3789 εὐτυ-

2011 3826 2181 3897 χήσας
2205 3823 2478 3894 γενέσθαι,
2510 3825 2694 3892 ἐγένου
2718 3823 2782 3878 ἂν
2806 3824 3196 3896 Θεμιστοκλῆς.
3224 3844 3241 3877 ι
3286 3826 3342 3879 ’0
3372 3824 3418 3879 δ’
3452 3825 3584 3896 ἡμέ-

2009 3933 2163 3987 τερος
2210 3914 2413 3986 Ἰησοῦς
2443 3915 2537 3967 καὶ
2576 3914 2973 3986 ὀνειδιζόμενος
3004 3916 3079 3980 ὡς
3113 3918 3178 3969 ὲκ
3207 3915 3400 3987 κώμης
3427 3933 3583 3985 γεγο-

2011 4008 2136 4073 νὼς,
2168 4008 2262 4061 καὶ
2303 4005 2505 4077 ταύτης
2536 4008 2637 4077 οὐχ
2698 4008 3032 4079 Ἐλλαδικῆς,
3063 4008 3186 4062 οὐδέ
3224 4025 3367 4073 τινος
3399 4008 3581 4073 ἔθνους
3624 4043 3635 4051 ς

2009 4101 2157 4164 ὄντος
2187 4099 2336 4170 παρά
2362 4102 2474 4162 τοῖς
2508 4098 2721 4161 πολλοῖς
2754 4101 2811 4150 ἐν
2842 4103 3169 4172 προαγωγῇ·
3201 4101 3597 4173 δυσφημούμει

2010 4207 2096 4254 νος
2119 4189 2175 4243 δὲ
2196 4192 2291 4243 καὶ
2323 4188 2413 4242 ἐπὶ
2433 4187 2511 4259 τῷ
2533 4190 2793 4259 πενιχρᾶς
2815 4192 2908 4243 καὶ
2935 4192 3250 4263 χερνήτιδος
3284 4193 3396 4257 υίὸς
3421 4191 3576 4256 εἶναι,

2011 4281 2104 4336 καὶ
2135 4280 2222 4334 διὰ
2257 4280 2445 4335 πενίαν
2474 4279 2786 4334 καταλιπὼν
2818 4282 2916 4352 τὴν
2952 4282 3204 4354 πατρίδα,
3239 4285 3296 4337 ἐν
3323 4284 3579 4355 Αἰγύπτῳ

331 4377 508 4445 Plato,
559 4388 654 4430 aut
707 4373 1065 4445 Pythagoras,
1125 4382 1219 4427 aut
1268 4372 1531 4443 quidquid
1564 4364 1904 4441 sapientum,

2020 4374 2396 4446 ptoﬁapv'ﬁaat'
2424 4377 2518 4429 καὶ
2545 4377 2707 4429 οἱονεὶ
2732 4375 2888 4448 (πρὸς
2910 4377 2972 4430 τὸ
2988 4378 3188 4449 ληφθὲν
3213 4368 3576 4450 παράδειγμα)
3624 4389 3629 4393 ’

332 4484 541 4538 rogum,
582 4469 1078 4536 imperatorumque
1114 4473 1228 4520 toto
1261 4463 1394 4520 orbe
1434 4465 1556 4519 fuit.

2011 4470 2070 4521 οὐ
2122 4470 2280 4540 μόνον
2322 4470 2570 4541 Σερίφιος
2603 4470 2859 4540 γεγονὼς,
2894 4472 2988 4525 καὶ
3025 4471 3131 4525 ἀπὸ
3170 4471 3459 4543 ἐλαχίστης
3488 4472 3580 4524 καὶ

331 4559 681 4631 ἀσημοτάτης
712 4559 898 4629 νήσου,
961 4556 1097 4611 ἀλλὰ
1151 4559 1244 4610 καὶ
1282 4557 1545 4628 Σεριφίων
1598 4554 1710 4628 (ὡς
1760 4558 1905 4615 ἔστιν
1947 4562 2141 4633 εἰπεῖν)
2180 4565 2207 4614 ὁ
2256 4563 2661 4631 ὰγεννέστατος,
2723 4564 3002 4635 δεδύνηται
3042 4567 3215 4617 σεῖσαι
3261 4564 3356 4635 τὴν
3404 4567 3578 4618 πᾶσαν

332 4650 629 4721 ἀνθρώπων
666 4651 1007 4719 οἰκουμένην,
1046 4649 1105 4700 οὐ
1159 4649 1318 4718 μόνον
1352 4648 1490 4718 ὑπὲρ
1531 4648 1899 4718 Θεμιστοκλέα
1926 4653 2015 4708 τὸν
2060 4653 2355 4724 Ἀθηναῖον,
2389 4653 2524 4707 ἀλλά
2574 4655 2669 4709 καὶ
2714 4656 2851 4728 ὑπὲρ
2901 4655 3241 4727 Πυθαγόραν,
3299 4658 3396 4709 καὶ
3436 4658 3577 4712 Πλά-

332 4762 499 4808 τωνα,
530 4744 626 4797 καί
671 4761 820 4807 τινας
859 4744 1050 4806 ἄλλους
1094 4743 1200 4796 τῶν
1233 4742 1556 4796 όποιποτοῦν
1589 4746 1687 4814 τῆς
1729 4749 2053 4820 οἰκουμένης
2089 4750 2266 4819 σοφῶν
2299 4750 2331 4821 ἢ
2362 4749 2623 4820 βασιλέων
2653 4752 2684 4823 ἢ
2722 4752 3060 4825 στρατηγῶν.

403 4839 494 4895 50.
525 4840 660 4907 Quis
701 4839 882 4907 igitur,
932 4840 1023 4908 qui
1063 4848 1311 4894 naturam
1352 4853 1532 4893 rerum
1567 4841 1708 4893 haud
1737 4841 1906 4911 negli-

334 4940 526 5004 genter
571 4930 900 4995 consideret,
945 4946 1051 4985 non
1092 4931 1392 4986 admiretur
1421 4944 1545 4985 eum
1580 4930 1752 5002 gloria
1803 4948 1904 5003 po-

336 5024 504 5079 tuisse
528 5023 753 5077 vincere
772 5030 827 5075 et
861 5034 923 5075 ea
953 5022 1156 5088 omnia,
1191 5038 1313 5092 quae
1338 5020 1580 5077 infamiae
1610 5038 1730 5079 esse
1756 5035 1908 5095 pote-

335 5128 484 5179 rant,
508 5127 560 5171 et
588 5121 857 5182 quotquot
875 5128 1108 5182 unquam
1142 5114 1385 5170 celebres
1407 5116 1660 5170 fuerunt?
1678 5115 1812 5172 Nam
1837 5134 1907 5174 ex

332 5209 403 5263 iis
425 5206 518 5277 qui
557 5203 660 5261 sibi
697 5206 841 5261 inter
869 5205 1115 5261 homines
1162 5220 1359 5261 nomen
1390 5206 1655 5273 fecerunt,
1706 5224 1905 5278 paucos

406 5330 518 5404 (L7)
561 5326 1063 5404 Ἀποκρύψει.η8.ῑο
1083 5341 1279 5404 omnes
1316 5341 1448 5404 m_ss_.
1479 5338 1702 5404 excepto
1730 5328 1902 5404 Jolia-

333 5397 525 5471 no'qu'i
553 5416 674 5458 cum
711 5400 845 5454 libb.
889 5397 1051 5453 editis
1083 5399 1135 5453 in
1175 5405 1322 5451 textu
1355 5397 1540 5463 habet,
1586 5399 1895 5469 ἀποκρίσει.

334 5471 529 5519 Guielo
552 5469 899 5519 scrihendum
934 5468 1217 5519 videbatur
1246 5466 1547 5519 ὑποκρίσει.

334 5469 529 5526 Guielo
552 5469 899 5527 scribendum
934 5469 1217 5524 videbatur
1246 5469 1547 5536 ὑποκρίσει.

345 5610 377 5618 _
407 5539 518 5609 (48)
570 5540 732 5618 I_Iap&
760 5537 840 5603 τῷ
868 5537 1337 5618 ῃέάτωνιζὴγίθε
1379 5536 1657 5618 Platonem
1684 5538 1826 5618 libro
1879 5554 1897 5593 ι

335 5607 641 5733 Πειτίιῖζὺ.
697 5622 817 5680 pag.
873 5608 999 5675 329,
1051 5620 1106 5664 et
1159 5607 1433 5664 Plutarch.
1462 5607 1517 5665 in
1576 5608 1698 5664 Vita
1754 5607 1897 5677 The-

336 5694 436 5732 nns
462 5693 561 5732 O'l
598 5715 612 5730 .

2079 4844 2175 4908 Τίς
2205 4840 2299 4898 οῦν
2327 4845 2401 4916 μὴ
2435 4847 2725 4918 παρέργως
2745 4847 3045 4918 ἁνερευνῶν
3071 4848 3168 4919 τὴν
3193 4848 3299 4901 τῶν
3322 4848 3579 4919 πραγμά-

2009 4953 2117 4990 των
2139 4936 2318 5005 φύσιν,
2342 4937 2441 4990 οὐκ
2463 4937 2529 4990 ἂν
2556 4938 2716 4992 αὑτὸν
2737 4939 3110 5011 καταπλαγείη
3147 4941 3436 5011 νικήσαντα
3466 4937 3575 5010 (49)

2009 5025 2103 5078 καὶ
2133 5024 2540 5095 ὑπεραναϐἦναι
2584 5026 2886 5099 δυνηθέντα
2929 5030 2994 5099 τῇ
3034 5026 3164 5099 δόξῃ
3208 5028 3276 5081 τὰ
3324 5030 3577 5096 ποιητικά

2006 5113 2216 5180 ἀδοξίας
2250 5115 2442 5180 πάντα,
2484 5117 2576 5171 καὶ
2622 5119 2828 5181 πάντας
2875 5119 3001 5182 τοὺς
3050 5117 3258 5173 πώποτ’
3296 5118 3572 5186 ἐνδόξους;

2007 5208 2200 5261 Καίτοι
2246 5224 2309 5276 γε
2342 5210 2391 5261 οί
2430 5210 2488 5261 ἐν
2533 5208 2836 5281 ἀνθρώποις
2878 5209 3075 5276 ἔνδοξοι
3123 5210 3347 5264 σπάνιον
3390 5213 3440 5264 εἰ
3482 5211 3575 5264 ἐπὶ
3616 5228 3621 5233 '

2078 5327 2190 5399 (l9)
2213 5327 2577 5399 Νικήσαντα.
2602 5328 2693 5383 Sic
2723 5343 2912 5384 omnes
2938 5327 3093 5399 codd.
3148 5342 3306 5395 mss.,
3327 5327 3372 5381 si
3412 5342 3572 5382 cxce-

2005 5398 2152 5470 peris
2181 5398 2539 5468 Anglicanam
2562 5399 2775 5470 tertium
2801 5399 2853 5470 in
2884 5413 2992 5467 quo
3024 5398 3222 5470 legitur
3252 5400 3567 5470 xwﬁcawat,

2005 5466 2206 5538 ibidem
2235 5466 2476 5535 quinque
2505 5483 2655 5527 mss.,
2686 5467 2790 5538 καὶἒ
2821 5466 3250 5538 ὑπεραναϐἦναι.
3299 5466 3426 5538 Alii,
3477 5466 3572 5538 καὶ

2008 5536 2326 5610 ὑπερϐῆναι.
2357 5538 2511 5610 intra
2540 5539 2723 5610 codd,
2768 5535 3011 5610 Reg.__'et_
3050 5535 3395 5610 Basileensis,
3437 5536 3573 5610 σπάτ

2005 5605 2217 5661 νιονεῑ
2288 5608 2379 5660 ἐπὶ
2438 5606 2638 5660 πλεῖον.
2705 5609 2816 5662 Duo
2854 5605 3174 5668 'Vaticani,
3248 5605 3469 5658 σπάνιον
3520 5605 3568 5657 εί

2005 5679 2095 5731 ἐπὶ
2121 5676 2357 5749 πλείονα.
2391 5675 2627 5748 Reliqui,
2660 5676 2880 5733 σπάνιον
2910 5678 2957 5730 εί
2997 5677 3087 5728 ἐπὶ
3116 5675 3389 5729 πλειόνων.
3419 5678 3425 5687 “
