3988 6156
398 250 541 339 ’πί-ι’

1591 286 1869 344 CONTRA
1905 282 2181 345 CELSUM
2214 284 2343 341 LIB.
2388 282 2429 341 Ι.

3536 290 3640 347 7ί8

396 397 655 453 πλειόνων
700 394 816 471 ἅμα
862 399 958 471 τὴν
994 401 1146 465 δόξαν
1182 394 1468 455 ἀναλαϐεῖν
1512 403 1844 474 δεδύνηνται.
1901 405 1945 457 'C

2066 403 2324 475 reperias,
2346 401 2436 471 qui
2453 398 2701 472 pluribus
2721 398 2879 454 simul
2912 399 3221 457 nominibus
3238 400 3461 472 gloriam
3489 420 3638 462 eom-

393 487 496 556 μέν
519 486 625 556 γὰρ
646 488 737 540 ἐπὶ
762 489 942 559 σοφίᾳ,
968 489 1125 552 ἄλλος
1142 490 1184 541 δ’
1208 491 1300 544 ἐπὶ
1322 493 1637 563 στρατηγίᾳ,
1668 494 1959 564 βαρϐάρων

387 576 449 629 δέ
464 595 605 641 τινες
628 578 718 630 ἐπὶ
742 582 861 643 ταῖς
886 581 1207 652 παραδόξοις
1234 582 1291 648 ἐξ
1315 583 1535 654 ἐπῳδῶν
1556 584 1836 655 δυνάμεσι,
1866 586 1959 639 καὶ

386 667 539 721 ἄλλοι
565 665 650 723 ἐπ’
677 666 875 734 ἄλλοις,
908 669 968 724 οὐ
1012 670 1223 735 πολλοῖς
1247 673 1386 743 ἅμα,
1415 673 1836 746 ἐθαυμάσθησαν
1867 676 1959 728 καὶ

386 758 587 823 ἔνδοξοι
624 760 974 830 γεγένηνται·
1005 755 1157 825 οὗτος
1198 764 1254 815 δὲ
1285 765 1419 834 πρὸς
1461 767 1571 828 τοῖς
1602 765 1779 828 ἄλλοις
1826 766 1956 820 θαυ-

391 849 625 919 μάζεται
650 852 742 903 καὶ
766 851 859 903 ἐπὶ
889 852 1070 922 σοφίᾳ,
1105 853 1197 905 κού⁹
1216 854 1308 905 ἐπὶ
1332 853 1610 925 δυνάμεσι,
1634 856 1727 908 καὶ
1757 857 1848 908 ἐπὶ
1880 855 1956 926 τῷ

384 940 623 1011 ἀρχικῷ.
657 943 878 994 Ἔπεισε
898 942 1003 1011 γὰρ
1030 941 1141 995 οὔθ’
1172 944 1247 1006 ὡς
1275 944 1531 1015 τύραννος
1564 946 1955 1016 συναποστῆναι

379 1031 536 1101 αὐτῷ
568 1050 715 1095 τινας
743 1032 848 1085 τῶν
884 1033 1083 1103 νόμων,
1116 1031 1228 1087 οὔθ’
1260 1032 1335 1097 ὡς
1362 1035 1561 1106 λῃστὴς
1599 1038 1719 1089 κατ’
1743 1036 1953 1108 ἀνθρώ-

378 1138 503 1175 πων
534 1122 767 1192 ἀλείφων
803 1124 912 1195 (50)
946 1125 1070 1189 τοὺς
1100 1126 1416 1195 ἑπομένους,
1443 1127 1557 1181 οὗθ’
1596 1130 1670 1193 ὡς
1702 1130 1953 1192 πλούσιος

375 1215 635 1285 χορηγῶν
667 1218 779 1278 τοῖς
807 1216 1142 1287 προσιοῦσιν,
1167 1216 1281 1271 οὗθ’
1313 1218 1387 1283 ῶς
1418 1237 1501 1283 τις
1530 1220 1638 1274 τῶν
1666 1222 1955 1292 ὁμολογου-

377 1306 564 1376 μένως
591 1306 822 1375 ψεκτῶν·
860 1308 971 1361 ἀλλ’
999 1308 1073 1373 ὡς
1099 1311 1413 1374 διδάσκαλος
1433 1312 1527 1365 τοῦ
1554 1314 1679 1384 περὶ
1703 1312 1794 1367 τοῦ
1819 1313 1950 1367 Θεοῦ

372 1394 493 1448 τῶν
526 1398 661 1450 ὅλων
703 1397 881 1466 λόγου,
924 1400 1017 1453 καὶ
1041 1401 1140 1470 τῆς
1176 1402 1256 1465 είς
1294 1403 1455 1456 αὐτὸν
1506 1403 1816 1474 θρησκείας,
1862 1407 1954 1458 καὶ

372 1485 588 1547 παντὸς
632 1486 823 1556 ἠθικοῦ
857 1488 1078 1559 τρόπου,
1118 1490 1412 1561 δυναμένου
1446 1492 1721 1545 οἰκειῶσαι
1748 1493 1825 1564 τῷ
1858 1496 1951 1549 ἐπὶ

372 1576 525 1627 πᾶσι
555 1575 675 1640 Θεῷ
695 1577 784 1629 τὸν
809 1578 928 1631 κατ’
960 1580 1117 1633 αὐτὸν
1145 1579 1429 1650 βιώσαντα.
1468 1582 1572 1636 Καὶ
1598 1584 1952 1654 Θεμιστοκλεῖ

376 1666 569 1737 μὲν,ἧ
604 1684 711 1720 τινι
752 1670 860 1724 τῶν
900 1672 1119 1739 ἐνδόξων
1148 1675 1299 1727 ούδέν
1341 1676 1530 1743 γέγονε
1572 1676 1631 1729 τὸ
1679 1677 1951 1731 ἐναντιού-

2066 497 2398 567 paraverint.
2428 494 2581 550 Alius
2613 493 2831 563 quidem
2859 494 3144 563 sapientia,
3179 493 3318 550 alius
3343 495 3640 567 imperato-

2066 591 2163 644 riis
2196 589 2423 653 artibus,
2459 586 2677 656 quidam
2712 601 2776 640 ex
2809 584 3061 642 barbaris
3102 595 3415 655 portentosa
3448 588 3637 644 incan-

2067 680 2326 734 talionum
2374 687 2660 747 potestate,
2714 677 2804 730 alii
2876 676 2998 733 aliis
3047 678 3342 734 virtutibus
3388 680 3635 735 enituere
3676 708 3679 709 ν

2061 771 2389 837 fueruntque
2444 767 2812 831 admirationi,
2841 781 2944 821 non
2980 767 3163 821 multis
3200 769 3380 823 simul.
3417 769 3509 825 llle
3532 786 3632 825 au-

2063 860 2188 919 tem,
2239 864 2436 923 praeter
2484 865 2698 917 castora,
2734 862 2789 909 et
2834 856 3098 924 sapientia
3143 863 3200 910 et
3236 857 3630 914 miraculorum

2062 952 2325 1012 potestate
2346 954 2401 998 et
2430 946 2727 1013 imperandi
2756 946 2979 1000 scientia
3017 944 3117 999 fuit
3143 946 3504 1002 admirabilis.
3528 948 3634 1003 Ne-

2061 1050 2165 1106 que
2195 1035 2357 1101 enim,
2395 1044 2451 1088 ut
2485 1046 2762 1105 tyrannus,
2786 1035 3108 1104 quibusdam
3141 1038 3416 1104 persuasit
3444 1051 3631 1093 secum

2059 1138 2090 1177 a
2125 1123 2332 1194 legibus
2362 1124 2629 1189 deficere;
2664 1138 2761 1178 nec
2794 1132 2852 1177 ut
2885 1123 3027 1178 latro
3054 1125 3143 1193 qui
3167 1126 3429 1181 adversus
3459 1128 3635 1181 homi-

2061 1230 2158 1270 nes
2187 1230 2313 1270 suos
2346 1224 2522 1269 armat
2553 1215 2819 1285 ass‘eclas;
2852 1230 2950 1269 nec
2993 1225 3050 1269 ut
3095 1216 3387 1283 opulentus
3408 1218 3500 1287 qui
3534 1219 3637 1273 ob-

2060 1307 2176 1361 vios
2207 1306 2375 1361 allicit
2425 1304 2832 1374 largitionibus;
2880 1318 2981 1358 nec
3027 1313 3085 1357 ut
3129 1304 3398 1373 quiSpiam
3441 1322 3633 1364 eorum

2060 1410 2286 1465 quorum
2342 1395 2535 1465 agendi
2591 1395 2731 1449 ratio
2769 1393 3057 1449 manifeste
3107 1404 3190 1449 cst
3240 1397 3632 1467 vituperanda;

2059 1492 2151 1544 sed
2191 1498 2248 1547 ut
2276 1488 2534 1557 magister
2562 1488 2652 1556 qui
2676 1487 2870 1542 summi
2915 1487 3007 1540 Dei
3039 1486 3366 1551 doctrinam,
3400 1489 3629 1557 cultum,

2056 1595 2380 1649 omnemque
2412 1594 2618 1635 morum
2650 1580 2815 1633 tradit
2846 1576 3210 1647 disciplinam,
3235 1594 3355 1647 quae
3379 1593 3632 1645 supremo

2058 1671 2166 1724 Deo
2187 1669 2476 1725 conciliare
2494 1676 2693 1739 potest,
2717 1668 3028 1737 quicunque
3054 1682 3183 1723 suos
3208 1669 3273 1722 ad
3306 1682 3425 1721 eam
3452 1684 3632 1725 mores

377 1776 545 1830 μενον
567 1764 631 1832 τῇ
658 1761 781 1833 δόξῃ
798 1764 1010 1834 ὀτούτῳ
1032 1766 1088 1818 δὲ
1112 1766 1247 1836 πρὸς
1279 1768 1388 1829 τοῖς
1414 1766 1721 1837 εἰρημένοις
1744 1769 1942 1834 ἱκανῶς

2054 1760 2482 1829 composuerint.
2521 1761 2599 1813 Ae
2629 1758 3013 1813 Themistoclis
3065 1759 3283 1827 quidem
3338 1766 3433 1811 aut
3464 1758 3630 1814 ullius

372 1851 697 1920 δυναμένοις
730 1853 963 1923 καλύψαι
1006 1858 1063 1909 ἐν
1104 1857 1287 1929 ἀδοξία
1325 1857 1608 1930 ἀνθρώπου
1649 1860 1823 1931 ψυχὴν
1857 1863 1951 1915 καὶ

374 1942 524 1997 πάνυ
540 1944 788 2011 εὐφυοῦς,
817 1948 909 1999 καὶ
930 1947 957 1998 6
974 1946 1142 2001 δοκῶν
1162 1948 1354 2019 ἄτιμος
1383 1947 1522 2004 εἶναι
1549 1950 1773 2016 θάνατος
1800 1970 1952 2008 σταυ-

378 2034 608 2105 ρωθέντι
656 2035 835 2100 ἱκανὸς
866 2033 934 2108 ἧν
969 2041 1061 2091 καὶ
1082 2040 1180 2112 τὴν
1208 2040 1488 2109 φθάσασαν
1519 2043 1696 2110 δόξαν,
1739 2045 1830 2098 καὶ
1852 2047 1949 2117 τὴν

378 2126 899 2195 προκαταλαϐοῦσαν
943 2129 1279 2199 ἐξαφανίσαι,
1326 2130 1574 2198 καὶτοὺς
1613 2136 1708 2204 (ὡς
1750 2137 1948 2189 οἴονται

377 2219 430 2268 οἱ
461 2216 534 2288 μὴ
566 2219 1079 2291 συγκατατιθέμενοι
1108 2223 1271 2277 αὐτοῦ
1302 2228 1365 2295 τῇ
1390 2225 1726 2299 διδασκαλίᾳ)
1756 2228 1951 2298 προεξ-

378 2311 759 2383 απατηθὲντας
804 2314 1024 2383 ποιῆσαι
1083 2314 1184 2385 τῆς
1226 2318 1323 2387 μὲν
1366 2319 1580 2390 ἀπάτης
1623 2321 1944 2390 ἀποστῆναι,

380 2402 728 2474 καταγνῶναι
747 2403 802 2457 δὲ
826 2403 918 2457 τοῦ
947 2406 1350 2476 ἀπατήσαντος.

450 2645 595 2717 Πρὸς
619 2644 823 2710 τούτοις
840 2646 897 2700 δὲ
921 2647 1195 2719 θαυμάσαι
1218 2649 1283 2704 ἄν
1302 2666 1405 2717 τις,
1430 2651 1593 2705 πόθεν
1615 2649 1814 2724 ἐπῆλθε
1836 2658 1949 2721 τοῖς

386 2737 653 2806 μαθηταῖς
684 2736 843 2791 αὐτοῦ
876 2739 1008 2809 (51),
1041 2740 1117 2805 ὡς
1157 2740 1403 2810 λέγουσιν
1447 2745 1495 2797 οἱ
1528 2745 1950 2813 κακολογοῦντες

377 2828 472 2881 τὸν
506 2826 728 2900 Ἰησοῦν,
767 2829 839 2901 μὴ
864 2828 1161 2902 ἑωρακόσιν
1188 2832 1351 2887 αὐτὸν
1374 2834 1679 2888 ἀναστάντα
1710 2834 1816 2890 ἀπὸ
1840 2837 1947 2890 τῶν

376 2921 605 2994 νεκρῶν,
629 2922 761 2994 μηδὲ
790 2925 1083 2979 πεισθεῖσιν
1110 2927 1191 2979 ὅτι
1252 2927 1519 2998 θειότερόν
1548 2945 1601 2980 τι
1624 2924 1692 2999 ἧν
1719 2929 1944 2994 ἐκεῖνος,

377 3014 513 3085 πρὸς
550 3014 628 3084 τῷ
666 3014 739 3085 μὴ
784 3015 1081 3086 φοϐηθῆναι
1249 3016 1317 3070 τὰ
1355 3018 1492 3072 αὐτά
1533 3018 1609 3088 τῷ
1644 3019 1946 3090 διδασκάλῳ

377 3108 590 3172 παθεῖν,
622 3108 716 3161 καὶ
758 3108 920 3179 ὁμόσε
957 3109 1202 3180 χωρῆσαι
1247 3109 1325 3179 τῷ
1363 3110 1612 3181 κινδύνῳ,
1643 3111 1739 3165 καὶ
1774 3129 1945 3165 κατα-

376 3199 551 3252 λιπεῖν
583 3199 679 3262 τὰς
714 3202 976 3272 πατρίδας
1015 3202 1151 3272 ὑπὲρ
1183 3201 1273 3254 τοῦ
1307 3202 1512 3266 διδάξαι
1554 3203 1695 3257 κατὰ
1727 3203 1787 3256 τὸ
1840 3204 1945 3275 Ἰη-

380 3288 477 3342 σοῦ
512 3290 775 3361 βούλημα,
801 3292 888 3345 τὸν
915 3292 1281 3363 παραδοθέντα
1308 3292 1416 3363 (55)
1448 3295 1631 3357 αὐτοῖς
1661 3294 1751 3347 ὑπ’
1779 3295 1941 3348 αὑτοῦ

376 3380 563 3449 λόγον·
590 3376 740 3453 οἶμαι
771 3381 897 3453 γὰρ,
922 3384 1002 3437 ὅτι
1031 3383 1060 3437 6
1089 3382 1439 3455 εὐγνωμόνως
1472 3385 1737 3450 ἐξετάζων
1769 3387 1945 3458 πράγ-

378 3488 525 3545 ματα
553 3475 653 3526 οὐκ
680 3472 746 3527 ἂν
795 3473 940 3543 λέγοι
979 3473 1196 3537 τούτους
1236 3475 1462 3538 ἑαυτοὺς
1503 3475 1944 3545 παραδεδωκέναι

375 3563 748 3637 περιστατικῷ
797 3563 914 3635 βίῳ,
961 3565 1144 3619 ἕνεκεν
1188 3565 1288 3636 τῆς
1351 3565 1525 3635 Ἰησοῦ
1573 3554 1939 3631 διδασκαλίας,

372 3656 543 3727 χωρίς
579 3672 721 3719 τινος
753 3654 992 3727 μεγάλης
1024 3653 1263 3721 πειθοῦς,
1296 3656 1362 3727 ἣν
1390 3655 1714 3727 ἐνεποίησεν
1739 3658 1941 3720 αὐτοῖς,

370 3746 636 3800 διδάσκων
683 3747 743 3799 οὐ
790 3745 947 3816 μόνον
990 3744 1287 3798 διακεῖσθαι
1333 3746 1474 3799 κατά
1522 3746 1591 3799 τὰ
1647 3746 1944 3818 μαθήματα

371 3838 560 3904 αὐτοῦ,
594 3837 729 3890 ἀλλὰ
771 3836 865 3890 καὶ
906 3836 1096 3899 ἄλλους
1140 3835 1465 3890 διατιθέναι’
1515 3837 1608 3891 καὶ
1649 3836 1943 3890 διατιθέναι

375 3927 660 3999 προῦπτου
677 3927 847 3993 ὃντος,
870 3926 944 3989 ὡς
970 3926 1104 3997 πρὸς
1123 3927 1214 3979 τὸν
1234 3927 1532 3999 ἀνθρώπων
1554 3928 1687 3999 βίον,
1719 3928 1941 3999 ὀλέθρου

371 4018 451 4088 τῷ
470 4017 737 4088 τολμῶντι
766 4016 1039 4087 πανταχοῦ
1061 4020 1155 4071 καὶ
1179 4018 1315 4086 πρὸς
1342 4017 1548 4082 πάντας
1577 4022 1938 4089 καινοτομεῖν,

370 4110 469 4164 καὶ
511 4109 712 4179 μηδένα
756 4106 1077 4178 ἀνθρώπων,
1117 4107 1419 4178 ἐμμένοντα
1450 4107 1558 4178 (54)
1598 4110 1709 4172 τοῖς
1751 4108 1943 4178 προτέ-

374 4222 490 4277 ροις
520 4204 749 4274 δόγμασι
795 4201 888 4255 καὶ
929 4200 1092 4265 ἔθεσι,
1140 4200 1289 4268 φίλον
1324 4198 1502 4269 ἐαυτῷ
1545 4200 1749 4269 τηρεῖν.
1797 4195 1943 4271 Ἆρα

370 4297 481 4367 γὰρ
512 4296 609 4365 οὐχ
632 4294 820 4365 ἐώρων
845 4293 895 4345 οἱ
919 4291 1011 4344 τοῦ
1054 4289 1226 4362 Ἰησοῦ
1259 4290 1520 4361 μαθηταὶ,
1545 4290 1849 4361 τολμῶντες
1879 4292 1939 4345 οὐ

2056 1854 2289 1906 virorum
2320 1851 2611 1906 illustrium
2644 1850 2778 1905 nihil
2804 1860 2925 1904 erat
2951 1851 3097 1918 quod
3138 1849 3324 1919 gloriae
3357 1850 3618 1905 adversa-

2054 1951 2220 1997 retur.
2272 1941 2363 1997 llle
2409 1951 2589 1995 autem
2641 1950 2844 2011 praeter
2868 1940 2979 2008 jam
3039 1941 3204 2006 dicta,
3238 1956 3358 2010 quae
3390 1942 3628 1997 tenebris

2052 2032 2281 2088 obruere
2327 2038 2575 2100 poterant
2619 2030 2851 2085 indolem
2908 2030 3206 2099 quamlibet
3269 2045 3619 2099 generosam,

2053 2125 2294 2181 sublatus
2342 2126 2396 2179 in
2423 2137 2640 2179 crucem
2691 2131 2921 2177 mortem
2972 2136 3162 2191 passus
3196 2129 3299 2184 est,
3328 2135 3448 2190 quae
3504 2123 3624 2176 visa

2053 2216 2156 2269 fuit
2180 2214 2557 2285 ignominiosa,
2587 2222 2641 2267 et
2671 2227 2791 2281 quae
2820 2221 2939 2265 erat
2970 2210 3307 2280 hujusmodi,
3334 2220 3393 2264 ut
3446 2226 3508 2266 ea
3541 2212 3625 2266 vel

2046 2304 2154 2373 jam
2178 2313 2301 2358 ante
2324 2311 2631 2373 comparata
2667 2301 2839 2370 gloria
2866 2299 3172 2359 obliterari.
3213 2298 3511 2353 abalienari
3554 2298 3623 2353 ab

2050 2392 2171 2462 ipso
2196 2394 2524 2463 quicunque,
2570 2401 2627 2447 ut
2670 2398 2861 2460 putant
2891 2388 2983 2459 qui
3013 2387 3129 2456 ejus
3159 2386 3459 2442 doctrinam
3512 2402 3622 2443 non

2051 2493 2395 2552 receperunt,
2428 2484 2635 2551 decepti
2669 2482 2905 2547 fuerant,
2941 2488 2994 2535 et
3023 2479 3089 2533 ad
3115 2479 3480 2534 damnandum
3518 2480 3625 2533 imo

2050 2586 2323 2646 postorem
2351 2578 2574 2631 excitari
2601 2575 2920 2645 potuissent.

2121 2667 2211 2721 5!.
2241 2666 2429 2720 Mirum
2464 2667 2628 2721 etiam
2660 2673 2742 2721 est
2778 2664 2919 2719 unde
2942 2662 3240 2734 discipulis,
3275 2662 3384 2732 qui,
3423 2670 3481 2717 ut
3522 2663 3621 2733 ob-

2050 2764 2373 2813 trectatores
2414 2753 2540 2811 Jesu
2584 2756 2790 2823 dicunt,
2826 2769 2925 2810 nec
2963 2769 3085 2809 eum
3117 2770 3147 2808 a
3182 2755 3411 2809 mortuis
3449 2755 3621 2809 susci-

2049 2858 2221 2903 tatum
2249 2848 2536 2914 vidissent,
2574 2862 2672 2903 nec
2708 2862 2831 2902 eum
2883 2846 3127 2901 divinum
3170 2845 3447 2915 quidpiam
3497 2858 3623 2900 esse

2048 2949 2368 3007 persuasum
2440 2936 2784 3002 habuissent,
2839 2937 2895 2990 in
2933 2943 3170 2990 mentem
3222 2934 3458 2990 venisset
3510 2948 3620 2991 non

2048 3027 2402 3083 reformidare
2430 3043 2550 3094 quae
2578 3028 2836 3098 magister
2865 3041 3056 3096 passus
3116 3026 3314 3092 fuerat,
3350 3026 3620 3096 intrepide

2049 3130 2107 3171 se
2137 3116 2391 3186 periculis
2413 3118 2775 3182 committere,
2817 3116 3158 3186 patriamque
3198 3116 3527 3186 relinquere,
3561 3126 3621 3171 ut

2049 3223 2116 3263 ex
2141 3207 2417 3262 voluntate
2437 3204 2563 3262 Jesu
2610 3208 2915 3262 doctrinam
2969 3206 3072 3261 sibi
3112 3206 3181 3261 ab
3214 3207 3332 3277 ipso
3361 3207 3618 3262 traditam

2048 3297 2322 3351 docerent.
2372 3296 2505 3350 Nam
2550 3296 2795 3350 arbitror
2842 3295 3114 3349 neminem
3147 3295 3265 3351 fore
3303 3295 3417 3365 qui,
3456 3296 3621 3350 rebus

2049 3388 2337 3457 diligenter
2371 3388 2676 3457 perpensis,
2703 3387 2846 3441 dicat
2878 3387 3000 3442 illos
3028 3388 3418 3443 tumultuosam
3446 3387 3617 3441 vitam

2046 3476 2211 3549 349
2237 3488 2458 3547 propter
2496 3478 2621 3532 Jesu
2644 3476 2951 3531 doctrinam
2977 3476 3251 3531 electuros
3280 3475 3472 3543 fuisse,
3510 3476 3616 3531 nisi

2048 3582 2142 3621 eos
2171 3568 2520 3621 vehementer
2581 3565 2944 3633 persuasisset
2990 3573 3043 3619 et
3086 3579 3152 3619 ex
3180 3564 3293 3618 suis
3323 3566 3615 3634 prazceptis

2047 3657 2234 3711 vivere
2263 3666 2317 3709 et
2353 3657 2490 3710 alios
2536 3657 2601 3711 ad
2635 3670 2696 3709 ea
2729 3656 3057 3722 capessenda
3097 3654 3368 3709 adducere
3416 3671 3430 3707 :
3478 3669 3619 3723 prte-

2049 3748 2236 3802 sertim
2263 3763 2408 3813 cum,
2442 3759 2499 3801 ut
2521 3756 2648 3802 sunt
2675 3748 2926 3802 humanae
2951 3760 3063 3811 res,
3096 3746 3152 3799 in
3184 3759 3427 3815 praesens
3457 3744 3613 3800 exitii

2048 3838 2347 3907 periculum
2382 3852 2439 3893 se
2462 3839 2738 3907 conjiciat,
2766 3838 3014 3909 quisquis
3049 3850 3187 3892 nova
3210 3835 3517 3905 ubicunque
3557 3843 3615 3891 et

2048 3926 2301 3981 omnibus
2326 3928 2627 3996 praedicare
2655 3930 2833 3993 audet,
2855 3927 3203 3994 infensosque
3241 3925 3341 3979 sibi
3361 3924 3609 3988 reddere,

2047 4019 2355 4088 quicunque
2380 4028 2508 4072 sunt
2529 4020 2722 4089 priscis
2748 4019 3015 4088 dogmatis
3050 4026 3103 4072 et
3127 4015 3610 4072 consuetudinibus

2045 4110 2274 4165 addicti.
2315 4109 2509 4164 Annon
2540 4110 2594 4163 id
2624 4111 2853 4179 periculi
2886 4110 3144 4164 viderunt
3179 4106 3309 4163 Jesu
3351 4105 3608 4174 apostoli,

2045 4215 2166 4255 cum
2217 4201 2335 4255 ausi
2367 4210 2495 4257 sunt
2550 4217 2656 4256 non
2710 4202 2886 4257 solum
2915 4200 3116 4255 Judaeis
3165 4213 3233 4253 ex
3276 4197 3610 4267 propheticis

2044 4291 2383 4345 sermonibus
2434 4296 2686 4361 probare,
2744 4305 2867 4345 eum
2926 4304 3066 4355 esse,
3130 4301 3287 4357 quem
3333 4286 3610 4356 prophetae

374 4390 532 4460 μόνον
571 4387 840 4448 Ἰουδαίοις
866 4386 931 4438 ἐκ
957 4382 1062 4437 τῶν
1092 4382 1444 4455 προφητικῶν
1480 4382 1650 4450 λόγων
1681 4384 1943 4454 παριστά-

2052 4385 2450 4453 praedixerant;
2484 4384 2579 4438 sed
2615 4384 2777 4437 etiam
2808 4383 3032 4451 reliquis
3061 4382 3311 4453 gentibus
3336 4396 3484 4446 eum,
3513 4381 3608 4449 qui

370 4497 505 4544 νειν,
551 4480 630 4531 ὅτι
671 4471 823 4541 οὗτος
859 4475 942 4546 εἴη
990 4475 1018 4526 6
1064 4474 1475 4546 προφητευθεὶς,
1523 4472 1657 4526 ἀλλὰ
1698 4473 1791 4525 καὶ
1832 4474 1942 4535 τοῖς

370 4573 573 4635 λοιποῖς
613 4569 838 4633 ἔθνεσιν,
873 4568 953 4620 ὄτι
994 4568 1022 4619 6
1063 4566 1189 4636 χθὲς
1231 4565 1326 4618 καὶ
1372 4564 1560 4635 πρώην
1610 4564 1942 4636 σταυρωθεις

373 4663 513 4715 éxt‘ov
554 4660 739 4714 τοῦτον
779 4658 869 4712 τὸν
910 4657 1138 4710 θάνατον
1176 4658 1317 4727 ὑπὲρ
1361 4653 1454 4708 τοῦ
1487 4654 1592 4708 τῶν
1635 4654 1941 4725 ἀνθρώπων

373 4753 561 4819 γένους
602 4749 903 4816 ἀνεδέξατο,
946 4747 1205 4815 ἀνάλογον
1248 4749 1358 4810 τοῖς
1394 4745 1754 4801 ἀποθανοῦσιν
1800 4746 1939 4818 ὑπὲρ

375 4844 644 4913 πατρίδων
669 4843 761 4895 ἐπὶ
797 4841 874 4910 τῷ
907 4838 1094 4893 σϐέσαι
1130 4838 1351 4909 λοιμικὰ
1381 4840 1726 4910 κρατήσαντα
1771 4855 1940 4891 κατα-

445 5041 557 5113 (50)
625 5042 917 5117 ᾎλείφων.
992 5038 1253 5105 Ὀπλίζων
1295 5038 1552 5094 Gelenius
1605 5036 1802 5105 legisse
1855 5038 1935 5090 vi-

582 5178 987 5253 Αὐτοῦηιᾷρεξι
1022 5180 1075 5253 in
1113 5178 1268 5253 libris
1305 5186 1463 5253 antea
1491 5176 1797 5253 editis,._sed
1849 5191 1937 5232 re-

371 5243 581 5319 peritur
616 5251 688 5319 in
724 5251 883 5303 codd.
937 5249 1251 5319 Basileen_si,
1276 5243 1533 5319 “Jolia‘no.
1580 5254 1633 5298 et
1672 5244 1935 5319 Vaticano

411 5321 565 5374 rimo.
603 5318 772 5386 Paulo
806 5327 925 5386 post
960 5318 1131 5371 codex
1168 5315 1488 5386 Basileensis
1517 5328 1620 5386 no_n
1665 5314 1825 5386 male,
1857 5314 1937 5386 ὅτι

411 5337 565 5374 rimo.
604 5337 772 5373 rauto
806 5337 925 5386 post.
960 5337 1131 5371 couex
1170 5337 1488 5369 DaSIleeIISIs
1517 5337 1620 5366 ttuu
1666 5337 1825 5378 "tate,
1857 5337 1937 5368 οτι

371 5337 740 5460 θειότερον-ἦν
770 5390 964 5460 ἐκεῖνο,
1016 5386 1270 5460 nimirum
1290 5385 1363 5460 Δτὸ
1383 5381 1694 5460 ’.ἀναστῆναι
1717 5383 1786 5460 ’ἐκ
1833 5385 1937 5460 τῶν

371 5450 599 5544 νεκρῶν.
628 5450 843 5527 Reliqui
876 5471 1003 5512 mss.
1030 5471 1153 5509 cum
1176 5455 1352 5520 editis,
1380 5454 1459 5506 ὃτι
1495 5450 1759 5520 θειότερόν
1788 5469 1840 5505 τι
1869 5450 1936 5524 ἦν

373 5545 744 5669 εκῗέῗῖᾙρὸς
780 5596 860 5669 τῷ
882 5595 987 5669 μὴ
1036 5591 1386 5669 φοξηᾷᾔνᾳι.
1421 5591 1497 5644 lta
1533 5592 1732 5669 optime
1779 5594 1935 5669 codd.

372 5661 697 5726 BaSilécnsis
720 5661 777 5725 ct
809 5661 1076 5723 Julianus.
1122 5662 1337 5734 Reliqui
1373 5670 1576 5728 autem,
1608 5661 1741 5731 πρὸς
1768 5663 1827 5716 τὸ
1862 5662 1936 5735 μὴ

2046 4474 2167 4529 heri
2221 4484 2276 4529 et
2315 4474 2513 4528 nudius
2559 4474 2751 4528 tertius
2782 4475 2933 4528 cruci
2967 4472 3156 4528 allixus
3188 4472 3407 4538 fuerat,
3462 4473 3605 4527 hanc

2043 4565 2186 4621 ultro
2226 4574 2455 4620 mortem
2486 4580 2584 4635 pro
2614 4565 2851 4619 humano
2879 4578 3078 4634 genere
3098 4564 3369 4628 subiisse;
3397 4562 3476 4617 eis
3502 4562 3606 4616 ltac

2044 4655 2096 4707 in
2131 4668 2190 4707 re
2223 4654 2478 4720 similem,
2504 4654 2595 4723 qui
2630 4664 2859 4708 mortem
2894 4654 3255 4723 oppetierant,
3288 4651 3601 4722 utpalriam

2040 4759 2191 4798 suam
2217 4759 2247 4798 a
2282 4756 2572 4815 grassante
2616 4744 2927 4813 pestilentia
2949 4784 2963 4808 ,
3014 4753 3107 4799 aut
3138 4744 3458 4811 sterilitate,
3506 4750 3605 4797 aut

2042 4833 2455 4903 tempestatibus
2483 4833 2824 4888 liberarent?
2874 4833 2952 4887 lta
2981 4833 3125 4888 enim
3156 4841 3350 4887 natura
3377 4847 3605 4901 compa-

2040 5038 2355 5161 Q061§lﬁvan
3403 5102 3414 5114 .

2079 5107 2162 5184 __(5
2202 5106 2218 5176 )
2252 5107 2406 5163 Libb.
2449 5106 2599 5171 editi,
2625 5105 2716 5159 καὶ
2740 5104 2830 5184 τδν
2861 5102 3254 5184 παραδοθέντα,
3285 5103 3377 5184 sed
3403 5119 3453 5154 ιη
3478 5116 3605 5184 9η]Τ

2037 5169 2211 5233 nibus
2227 5192 2356 5231 mss.
2393 5169 2753 5246 praeterquam
2790 5178 2844 5230 in
2870 5169 3186 5246 An'glicanis
3219 5176 3370 5226 deest
3398 5169 3511 5231 καί,
3548 5179 3603 5224 et

2040 5255 2183 5301 recte
2214 5248 2453 5315 quidem.

2109 5305 2583 5385 (54)'Hmschelius
2615 5315 2668 5370 in
2699 5324 2845 5371 textu
2875 5312 3203 5385 ἐμϐαίνοντα
3226 5347 3240 5370 ,
3268 5317 3323 5361 et
3354 5305 3418 5356 ad
3452 5318 3600 5385 mar-

2038 5381 2216 5458 gineni
2240 5385 2561 5455 ἐμμένοντα.
2591 5381 2955 5458 Posteriorem
2984 5381 3601 5458 lectionem‘seqtttmtur

2038 5444 2158 5511 cum
2193 5444 2464 5523 Spencero
2495 5470 2688 5508 omnes
2719 5468 2851 5523 mss.
2902 5452 2945 5523 si
2995 5444 3600 5523 excipiasvati'cannm

2038 5506 2334 5590 recentem,
2350 5506 2418 5577 ’ἀί
2440 5506 2710 5578 lulianum
2733 5522 2825 5587 qui
2859 5521 3020 5572 etiam
3054 5506 3216 5586 supra
3245 5506 3602 5583 ἐμϐαίνοντα,

2037 5595 2331 5663 ascriptum
2372 5595 2568 5659 habet,
2600 5591 2924 5660 ἐμμένοντα.

2648 5742 2718 5749 -..α-
