3988 6156
387 251 486 307 719

1845 246 2169 304 ORIGENIS

3515 250 3617 308 79.0

382 381 563 427 ratum
592 371 807 428 videtur
832 374 903 428 ob
935 386 1161 427 arcanas
1182 371 1474 441 multisque
1503 370 1757 426 difﬁciles
1781 381 1937 440 captu

2043 370 2314 440 στήματα,
2343 369 2376 439 ἢ
2404 367 2651 440 ἀφορίας,
2676 369 2708 441 ἢ
2734 368 3057 434 δυσπλοίας;
3079 368 3238 432 Εἰκὸς
3263 366 3373 440 γὰρ
3395 365 3534 422 εἶναι
3557 371 3619 424 ἐν

382 465 645 528 rationes,
671 473 731 518 ut
760 464 922 518 unius
946 462 1080 529 justi
1120 476 1273 516 mors
1304 470 1499 531 sponte
1540 471 1787 531 suscepta
1830 462 1939 517 dae-

383 568 575 610 mones
610 553 732 609 illos
765 560 1107 618 averruncet,
1140 553 1235 621 qui
1260 552 1591 621 pestilentia,
1626 552 1936 618 sterilitate,

383 652 480 697 aut
518 643 950 712 tempestatibus,
985 641 1218 709 aliisque
1259 642 1311 696 id
1342 656 1510 710 genus
1536 642 1941 699 calamitatibus

387 742 561 787 terras
611 741 831 787 vexant.
888 732 1081 787 Dicant
1131 732 1315 802 igitur,
1347 733 1439 802 qui
1472 734 1666 790 nolunt
1715 736 1941 790 credere

383 825 566 882 Jesum
609 826 662 880 in
714 840 877 881 cruce
910 826 1184 879 hominum
1226 839 1389 880 causa
1438 835 1666 880 mortem
1714 827 1939 893 obiisse,

385 932 559 972 annon
599 917 893 971 multarum
928 916 1244 972 Graecarum
1287 927 1343 973 et
1373 918 1734 972 barbararum
1765 917 1939 973 histo-

384 1010 583 1063 riarum
618 1006 722 1063 ﬁde
761 1007 988 1064 credant
1034 1011 1298 1077 quosdam
1342 1024 1439 1077 pro
1469 1010 1643 1064 salute
1667 1011 1941 1065 communi

381 1104 705 1159 occubuisse
734 1110 936 1163 morte,
969 1109 1030 1153 ut
1055 1103 1123 1156 ab
1152 1102 1380 1155 urbibus
1405 1101 1768 1170 gentibusque
1792 1103 1940 1157 cala-

378 1194 595 1247 mitates
623 1190 976 1247 averterent?
1002 1190 1083 1244 An
1114 1191 1215 1245 hoc
1238 1190 1456 1258 quidem
1486 1189 1686 1244 factum
1714 1199 1814 1256 est,
1846 1192 1940 1245 sed

381 1293 411 1332 a
439 1293 568 1332 vero
608 1279 844 1334 alienum
875 1289 979 1343 est,
1014 1293 1137 1333 eum
1170 1317 1187 1340 ,
1211 1278 1299 1346 qui
1335 1293 1432 1348 pro
1472 1279 1693 1332 homine
1727 1279 1942 1334 habitus

379 1375 482 1432 est,
513 1379 740 1422 mortem
790 1367 1022 1423 subiisse
1048 1405 1064 1430 ,
1092 1381 1199 1434 quo
1252 1381 1481 1437 magnus
1507 1368 1714 1423 daemon
1741 1368 1943 1422 daemo-

380 1471 619 1525 nnmque
646 1457 902 1525 princeps
934 1454 1335 1525 proﬂigaretur,
1366 1456 1461 1523 qui
1492 1470 1705 1522 omnes,
1738 1472 1860 1526 quae
1885 1457 1939 1510 in

382 1545 548 1600 tetris
577 1553 703 1598 sunt
724 1585 739 1608 ,
771 1545 1050 1598 hominum
1080 1544 1289 1599 animas
1331 1545 1384 1596 in
1430 1559 1588 1607 suam.
1620 1554 1938 1613 potestatem

381 1633 706 1702 redegerat?
729 1632 857 1686 Haec
885 1647 1006 1686 cum
1041 1632 1558 1686 animadvertissent
1595 1630 1726 1688 Jesu
1769 1633 1937 1688 disci-

2041 459 2107 527 τῇ
2152 457 2307 526 φύσει
2350 456 2460 509 τῶν
2504 456 2864 528 πραγμάτων,
2907 458 3049 511 κατά
3088 474 3240 521 τινας
3278 457 3622 529 ἀπορρήτους

2041 548 2136 601 καὶ
2168 548 2503 616 δυσλήπτους
2533 552 2645 613 τοῖς
2672 548 2884 612 πολλοῖς
2910 549 3121 617 λόγους,
3152 548 3312 617 φύσιν
3338 548 3614 618 τοιαύτην,

2042 637 2118 701 ὡς
2156 638 2254 691 ἕνα
2290 638 2515 704 δίκαιον,
2557 640 2699 710 ὑπὲρ
2733 639 2825 691 τοῦ
2861 639 3039 693 κοινοῦ
3087 638 3428 693 ἀποθανόντα
3466 641 3618 692 ὲκου-

2045 710 2194 792 σίως,
2238 729 2719 800 ἀποτροπιασμοὺς
2767 730 3013 799 ἐμποιεῖν
3052 729 3269 802 φαύλων
3306 731 3619 807 δαιμονίων,

2044 819 2412 889 ἐνεργούντων
2446 819 2668 890 λοιμοὺς
2710 819 2743 889 ἢ
2778 821 3028 892 ἀφορίας,
3070 822 3104 893 ἢ
3143 820 3461 893 δυσπλοίας,
3494 823 3528 893 ἡ
3563 839 3618 875 τι

2042 909 2149 962 τῶν
2177 909 2591 981 παραπλησίων.
2624 909 2942 976 Λεγὲτωσαν
2968 906 3059 965 οὖν
3082 912 3132 963 οἱ
3163 910 3474 982 βουλόμενοι
3499 913 3619 965 ἀπι-

2044 1001 2187 1051 στεῖν
2243 998 2320 1071 τῷ
2383 1000 2588 1071 Ἰησοῦν
2643 1000 2785 1071 ὑπὲρ
2834 999 3137 1072 ἀνθρώπιον
3189 1001 3618 1073 ἀποτεθνηκέναι

2042 1088 2231 1159 τρόπῳ
2264 1087 2516 1158 σταυροῦ,
2546 1088 2771 1160 πότερον
2802 1089 2923 1142 οὐδὲ
2961 1089 3059 1152 τὰς
3102 1089 3418 1161 Ἑλληνικὰς
3445 1108 3627 1162 παρα-ι

2040 1178 2280 1244 δέξονται
2316 1180 2409 1232 καὶ
2446 1177 2783 1250 βαρϐαρικὰς
2812 1178 3011 1244 πολλὰς
3040 1178 3150 1251 (55)
3190 1181 3452 1251 ἱστορίας,
3485 1181 3616 1252 περὶ

2039 1267 2131 1320 τοῦ
2164 1284 2312 1332 τινας
2344 1269 2483 1339 ὑπὲρ
2512 1268 2606 1321 τοῦ
2643 1268 2821 1322 κοινοῦ
2852 1269 3169 1341 τεθνηκέναι
3210 1271 3614 1342 καθαιρετικῶς

2038 1360 2146 1412 τῶν
2189 1358 2713 1430 προκαταλαϐόντων
2754 1359 2851 1423 τὰς
2886 1360 3069 1424 πόλεις
3101 1360 3197 1415 καὶ
3237 1360 3305 1414 τά
3342 1361 3470 1435 ἔθνη
3514 1381 3616 1417 κα-

2040 1448 2184 1515 κῶν;
2216 1450 2248 1519 ἢ
2282 1451 2462 1503 ἐκεῖνα
2500 1449 2598 1518 μὲν
2631 1450 2945 1521 γεγένηται,
2978 1451 3130 1504 οὐδὲν
3164 1451 3220 1504 δὲ
3245 1451 3469 1506 πιθανὸν
3501 1453 3613 1523 ἔχει

2039 1540 2068 1590 ὁ
2104 1539 2455 1608 νομιζόμενος
2468 1539 2747 1610 ἅνθρωπος
2765 1541 2899 1611 πρὸς
2924 1542 2986 1593 τὸ
3017 1541 3309 1596 ἀποθανεῖν
3347 1543 3442 1595 ἐπὶ
3478 1543 3614 1597 καθ-

2039 1627 2242 1698 αιρέσει
2282 1628 2515 1699 μεγάλου
2542 1629 2791 1699 δαίμονος
2806 1630 2938 1702 (56),
2956 1633 3048 1684 καὶ
3058 1631 3321 1702 δαιμόνων
3337 1634 3615 1705 ἄρχοντος,

381 1724 496 1793 puli
520 1723 735 1793 aliaque
766 1723 919 1792 plura
951 1738 1073 1792 quae
1106 1722 1404 1778 verisimile
1430 1733 1515 1777 est
1545 1737 1641 1779 eos
1685 1739 1749 1778 ex
1780 1740 1940 1780 arca-

2043 1716 2403 1780 ὑποτάξαντος
2428 1718 2553 1782 ὅλας
2587 1719 2685 1782 τὰς
2718 1721 2810 1773 ἐπὶ
2841 1722 2941 1792 γῆν
2973 1721 3290 1793 ἐληλυθυίας
3311 1723 3615 1795 ἀνθρώπιον

382 1816 468 1870 nis
498 1828 621 1869 cum
648 1813 740 1869 illo
763 1814 1049 1883 colloquiis
1084 1815 1357 1881 didicisse,
1394 1814 1664 1883 simulque
1691 1818 1939 1885 quadam

381 1905 587 1960 virtute
641 1904 840 1974 repleti
891 1903 1013 1976 (nec
1036 1906 1182 1959 enim
1220 1905 1326 1959 illis
1374 1906 1544 1960 robur
1566 1914 1621 1960 et
1660 1906 1942 1960 audaciam

384 1996 660 2053 indiderat
698 1996 882 2050 nescio
934 2010 1052 2064 quae
1085 2002 1367 2062 poetarum
1399 1994 1556 2064 virgo
1581 2035 1597 2061 ,
1623 1995 1717 2050 sed
1762 1995 1942 2065 potius

382 2087 480 2142 Dei
505 2087 800 2158 prudentia
826 2093 883 2141 et
908 2083 1194 2155 sapientia)
1227 2085 1554 2140 studuerunt

554 2342 801 2396 Illustm
834 2340 954 2408 ﬁeri
985 2341 1126 2406 apud
1157 2354 1353 2402 omnes,

381 2450 490 2490 non
516 2433 694 2490 solum
727 2433 870 2501 apud
904 2431 1133 2499 Argivos
1163 2467 1178 2494 ,
1240 2429 1337 2484 sed
1376 2428 1539 2485 etiam
1582 2431 1724 2500 apud
1754 2445 1942 2490 omnes

380 2523 599 2579 Graecos
632 2532 688 2576 et
715 2520 994 2582 barbaros,

556 2610 787 2680 Lateque
821 2608 1020 2675 {ninam
1048 2606 1340 2673 effundere.

452 2701 543 2757 52.
574 2698 680 2755 Sed
706 2708 1045 2754 revertamur
1071 2699 1139 2752 ad
1181 2696 1354 2751 Judaei
1382 2712 1822 2769 prosopopmam,
1853 2703 1942 2758 ubi

382 2791 677 2847 narratille
700 2788 826 2843 Jesn
854 2799 1102 2851 matrem,
1122 2803 1244 2841 cttnt
1282 2803 1311 2840 a
1349 2788 1523 2854 fabro,
1556 2792 1644 2859 qui
1670 2792 1773 2847 sibi
1798 2793 1943 2848 illam

384 2884 771 2954 desponderat,
811 2888 1083 2935 temeratae
1112 2877 1273 2948 350
1315 2880 1591 2946 pudicitiae
1629 2897 1726 2938 rea
1764 2885 1944 2953 gravi-

459 3057 574 3129 (55)
612 3058 872 3124 Πολλάς.
888 3061 1050 3129 Deest
1082 3061 1135 3112 in
1169 3058 1518 3129 caditsnegio
1544 3067 1600 3112 et
1628 3056 1943 3129 Basileensi.
1974 3021 2021 3084 ο

383 3126 562 3200 Paule
581 3138 704 3200 post
732 3144 830 3196 pro
862 3126 1257 3200 καθαιρετικῶς
1285 3127 1392 3200 τῷν
1408 3126 1946 3200 προκαταλαϐόντων,

388 3198 562 3267 codex
595 3196 840 3267 Julianus
879 3196 1046 3267 habet
1074 3196 1488 3267 adgmarginem,
1532 3196 1948 3267 καθαιρετικοὺς

386 3266 495 3320 τῶν
550 3265 1092 3337 προκαταλαϐόντων.
1134 3265 1265 3332 Qua:
1323 3268 1592 3320 correctio
1646 3265 1755 3320 nun
1794 3282 1948 3337 sper-

388 3337 585 3394 nenda.

461 3396 574 3475 (56)
605 3403 878 3474 Μεγάλου
904 3404 1205 3475 δαίμονος.
1240 3404 1293 3458 ld
1341 3412 1426 3475 est
1448 3442 1464 3475 ,
1490 3402 1819 3466 Βεελζεϐούὸ
1840 3406 1949 3475 qui

387 3472 529 3546 apud
557 3472 774 3546 gentes
809 3472 1030 3546 vocatur
1055 3474 1328 3538 Πλούτων,
1376 3472 1630 3546 ,Σάραπις
1649 3512 1664 3537 ,
1726 3472 1945 3546 Ἑκάτη.

386 3541 522 3600 Vide
576 3541 871 3598 Eusebium
898 3583 913 3607 ,
943 3544 1039 3614 l_ib.
1069 3558 1123 3614 tv
1142 3582 1159 3606 ,
1189 3560 1308 3612 cap.
1357 3545 1429 3596 25
1449 3541 1477 3607 ,ἡ
1503 3541 1681 3614 Pirwpi.
1722 3541 1947 3614 evangﬁ;

387 3614 541 3677 item,
570 3614 667 3668 lib.
702 3628 756 3676 v,
786 3627 908 3680 cap.
947 3612 1001 3677 7,
1027 3621 1081 3664 et
1106 3613 1197 3666 lib.
1231 3630 1315 3677 ιιι,
1338 3628 1458 3680 cap.
1498 3613 1602 3675 l6;
1642 3612 1952 3669 Theodore-

389 3692 504 3753 tum
527 3699 703 3753 serm.
732 3683 788 3745 3,
817 3683 895 3753 De
931 3682 1154 3750 angelis,
1192 3684 1312 3743 diis,
1342 3693 1398 3736 et
1433 3681 1763 3753 dwmonﬂms
1786 3722 1801 3745 ,
1823 3699 1947 3753 pag.

389 3751 495 3812 £7;
525 3752 1030 3813 Lucanum,lib.w,
1060 3759 1114 3804 et
1141 3753 1393 3815 Statium,
1431 3752 1523 3804 lib.
1547 3765 1599 3804 tv
1638 3750 1946 3807 Thebaidos.

462 3821 579 3889 (57)
608 3819 908 3889 ὃὶοᾷωιιιιοε
946 3834 1079 3873 mss.
1106 3832 1332 3889 excepto
1364 3820 1581 3889 Joliano
1602 3819 1692 3888 qui
1724 3822 1775 3874 itt
1801 3829 1949 3875 textu

392 3884 516 4011 filim
542 3884 854 4010 Hmschégo
886 3890 1065 3954 habet,
1091 3884 1317 3941 ἔκδικοι.
1355 3890 1487 3943 Vide
1527 3884 1748 3943 Homer.
1782 3889 1946 3943 Iliad.

415 3976 428 4011 ι
473 3996 487 4009 .
521 3973 572 4011 ν.
608 3970 747 4009 vers.
817 3997 829 4010 .

415 3970 487 4012 ll).
521 3973 572 4020 ν,
608 3970 747 4009 vers.
774 3970 829 4010 'z.

488 4027 576 4096 58)
600 4026 657 4079 In
690 4025 939 4079 omnibus
955 4038 1126 4096 _mss.,
1157 4036 1517 4096 praeterquam
1548 4027 1599 4079 itt
1634 4026 1970 4095 Anglicanis

392 4106 447 4152 et
476 4094 735 4151 Vaticano
764 4094 1157 4158 reccnti,deest
1182 4094 1406 4161 κύουσα,
1429 4096 1571 4163 quod
1599 4094 1948 4161 sine’jactura

391 4182 425 4222 a
472 4176 621 4222 textu
666 4175 843 4233 potest
879 4164 1089 4234 abesse.
1135 4166 1301 4219 Paulo
1347 4173 1503 4234 post,
1550 4164 1644 4217 καὶ
1695 4169 1949 4219 τίκτουσα

390 4237 498 4293 ἀπό
510 4231 678 4300 ’τινος
697 4231 1023 4307 στρατιώτου
1054 4231 1580 4307 Πανθήρατοῦνομα.
1610 4234 1950 4307 Ηεεοόξευιιι

393 4308 450 4364 in
476 4308 654 4361 tribus
689 4304 1029 4374 An'glicanis,
1062 4313 1116 4358 et
1148 4304 1302 4359 erasa
1337 4314 1466 4359 sunt
1492 4304 1557 4357 in
1586 4305 1756 4359 veteri
1788 4304 1941 4358 Vati-

393 4391 551 4432 cano.
587 4375 645 4429 In
692 4372 877 4430 codice
909 4372 1121 4428 Joliano
1153 4389 1252 4443 pro
1294 4375 1553 4427 τίκτουσα
1611 4374 1809 4443 legitur
1845 4374 1941 4427 κύ-

391 4462 545 4501 ουσα.
580 4447 640 4503 ltt
671 4445 835 4515 Regio
868 4455 922 4499 et
952 4444 1242 4515 Basileensi
1276 4446 1428 4498 abest
1456 4445 1548 4515 καὶ
1573 4444 1852 4507 τίκτουσα,
1888 4456 1942 4499 et

393 4530 493 4596 pro
520 4512 782 4596 ῌανθήρᾶ
807 4515 1080 4596 .habetnn
1101 4512 1405 4596 Πάνθηρρς.
1457 4513 1652 4596 Horret
1685 4515 1936 4596 animus,

396 4581 570 4643 inquit
599 4581 947 4639 doctissimus
970 4581 1282 4636 Ludovicus
1295 4581 1502 4643 Roger,
1538 4582 1940 4635 Dissertationis

394 4650 663 4721 polentica:
696 4653 946 4721 adversus
989 4651 1207 4721 Iudaeos
1232 4666 1350 4721 pag.
1392 4650 1527 4721 589,
1552 4650 1759 4704 referre
1778 4666 1937 4704 exse-

394 4719 655 4775 crandam
697 4719 1004 4776 Iudaeorum
1033 4720 1099 4774 de
1147 4719 1450 4774 adulterino
1502 4719 1625 4774 Jesu
1677 4731 1938 4785 conceptu

395 4788 807 4857 blasphemiam.
844 4789 1026 4845 Iesum
1073 4788 1318 4842 Pandirae
1350 4789 1520 4842 lilium
1563 4786 1942 4857 etalfautheri-

398 4855 532 4927 num
556 4858 843 4927 appellant
867 4860 923 4912 in
954 4866 1184 4927 utroque
1231 4858 1537 4927 'l‘altnude,
1568 4857 1623 4909 in
1672 4855 1939 4927 Midrasch

396 4925 687 4989 Coheleth,
714 4940 779 4980 ac
803 4930 857 4981 in
885 4941 1046 4994 opere
1080 4925 1312 4980 nefando
1343 4926 1610 4980 llebraice
1641 4926 1821 4988 edito,
1851 4925 1938 4977 cui

396 4995 610 5061 titulus,
639 4994 1013 5049 Generationes
1039 4994 1190 5049 Jesu.
1219 4994 1275 5048 In
1300 4996 1438 5051 libro
1465 4994 1779 5048 Talmudico
1805 4994 1942 5046 San-

396 5064 613 5132 hedrin,
648 5079 768 5133 cap.
799 5065 853 5128 7,
885 5064 1209 5118 Pantheram
1244 5063 1426 5119 Maria
1468 5066 1724 5117 maritum
1766 5061 1942 5133 fuisse

396 5132 729 5200 memorant,
754 5135 848 5188 sed
880 5148 1000 5188 eam
1035 5133 1358 5187 adulterium
1407 5134 1692 5188 admisisse
1740 5132 1939 5185 ibidem

397 5214 650 5258 asserunt
680 5203 1084 5258 Pombeditante
1119 5202 1319 5257 schola:
1358 5203 1620 5270 magistri.
1669 5201 1751 5254 Ad
1801 5200 1944 5253 Pau-

400 5274 568 5328 therte
599 5288 695 5330 seu
741 5271 1027 5327 Pantbcris
1053 5286 1249 5325 nomen
1275 5274 1416 5341 quod
1448 5273 1670 5335 attinet,
1705 5270 1943 5339 Epipha-

398 5342 544 5408 nius,
572 5344 766 5400 hteres.
793 5343 883 5411 78,
919 5343 995 5397 ait
1024 5340 1524 5411 JacobumJosephi
1550 5350 1757 5411 patrem
1798 5344 1939 5392 Pan-

399 5411 610 5483 theretn
640 5428 762 5483 esse
795 5408 1269 5483 cognominatum;
1305 5420 1359 5467 et
1387 5408 1942 5483 Joannespatnasce-

396 5493 500 5535 nus
522 5480 614 5536 lib.
645 5498 696 5536 tv
732 5482 804 5537 De
829 5478 950 5552 ﬁde;
966 5482 1286 5546 orthodoxa,
1330 5495 1450 5552 cap.
1488 5481 1585 5552 15,
1630 5478 1810 5552 Mariae
1846 5492 1942 5546 pa-

399 5556 537 5618 trem
564 5552 698 5605 dicit
735 5549 901 5610 tuisse
924 5549 1258 5615 Joachimum
1315 5551 1480 5604 lilium
1515 5549 1936 5618 Barpanther‘ts,

396 5617 485 5686 qui
521 5628 727 5685 patrem
757 5621 943 5676 habuit
971 5621 1325 5676 'Pantheretn.
1355 5619 1460 5677 Sed
1489 5620 1629 5674 unde
1660 5619 1773 5671 haec
1803 5617 1938 5670 hau«

2040 1806 2247 1877 ψυχάς;
2293 1806 2554 1878 Ὀρῶντες
2585 1808 2643 1860 δὲ
2690 1808 2862 1862 ταῦτα
2907 1812 2957 1863 οἱ
2989 1811 3083 1863 τοῦ
3129 1811 3304 1882 Ἰησοῦ
3351 1812 3612 1883 μαθηταὶ,

2042 1899 2141 1952 καὶ
2178 1898 2313 1951 ἄλλα
2355 1898 2560 1952 τούτων
2596 1900 2834 1962 πλείονα,
2874 1900 2910 1954 ἆ
2941 1901 3084 1965 εἰκὸς
3115 1902 3309 1966 αὐτοὺς
3340 1906 3398 1957 ὲν
3439 1904 3613 1975 ἀποῤ-

2042 1988 2189 2062 ῥήτῳ
2217 1990 2323 2043 ἀπὸ
2347 1989 2439 2043 τοῦ
2481 1989 2653 2061 Ἰησοῦ
2689 1990 3098 2062 μεμαθηκέναιο
3135 1992 3215 2046 ἔτι
3240 1993 3297 2046 δὲ
3330 1993 3427 2049 καὶ
3449 1993 3609 2047 δυνά-

2044 2079 2190 2149 μεώς
2229 2096 2371 2143 τινος
2403 2080 2779 2151 πληρωθέντες
2811 2080 2967 2152 (ἐπεὶ
3000 2080 3198 2135 ἔδωκεν
3231 2082 3414 2146 αὐτοῖς
3454 2083 3613 2153 μένος

2041 2173 2136 2226 καὶ
2156 2171 2353 2242 θάρσος
2381 2171 2441 2224 οὐ
2476 2172 2729 2242 ποιητική
2759 2189 2842 2233 τις
2870 2170 3162 2240 παρθένος,
3190 2171 3306 2225 ἀλλ’
3332 2173 3367 2244 ἡ
3398 2172 3613 2242 ἀληθῶς

2042 2259 2300 2330 φρόνησις
2331 2260 2424 2312 καὶ
2450 2259 2611 2328 σοφία
2636 2259 2732 2312 τοῦ
2755 2257 2918 2329 Θεοῦ)
2951 2258 3242 2325 ἔσπευσαν,

2318 2349 2395 2401 ἵν’
2444 2348 2689 2415 ἔκδηλοι
2715 2347 2825 2418 (57)
2852 2347 3004 2416 μετὰ
3029 2346 3236 2411 πᾶσιν,

2042 2441 2104 2493 οὐ
2137 2439 2317 2510 μόνοις
2362 2438 2634 2510 Ἀργείοις
2678 2438 2939 2507 γένοιντο,
2973 2437 3109 2492 ἀλλά
3144 2440 3238 2492 καὶ
3279 2441 3445 2495 πᾶσιν
3489 2441 3611 2494 Ἕλ-

2041 2529 2196 2601 λησιν
2222 2528 2354 2600 ὁμοῦ
2388 2530 2483 2583 καὶ
2518 2528 2830 2600 βαρϐάροις,

2325 2618 2424 2672 καὶ
2459 2617 2638 2683 κλέος
2680 2617 2907 2673 ἐσθλὸν
2933 2618 3189 2687 ἇροιντο.

2127 2708 2290 2763 Ἀλλά
2310 2710 2417 2781 γάρ
2438 2698 2817 2783 ἐπανέλθωμεν
2840 2713 2919 2775 είς
2932 2712 3032 2783 τὴν
3052 2711 3147 2765 τοῦ
3174 2711 3425 2765 Ἰουδαίου
3447 2730 3608 2784 προσ-

2043 2800 2361 2864 ωποποιίαν,
2391 2802 2448 2852 ἐν
2559 2802 2969 2874 ἀναγέγραπται
2995 2804 3030 2874 ἡ
3071 2801 3166 2857 τοῦ
3221 2802 3395 2875 Ἰησοῦ
3427 2807 3600 2877 μήτηρ

2045 2890 2250 2944 κύουσα
2277 2890 2389 2962 (58)
2418 2890 2493 2954 ὡς
2525 2890 2821 2958 ὲξωσθεῖσα
2853 2892 2958 2946 ὑπὸ
2998 2893 3090 2946 τοῦ
3134 2895 3602 2966 μνηστευσαμένου

2051 3063 2559 3135 seriut,_incertum_
2579 3073 2684 3129 est,
2715 3075 2771 3120 et
2796 3065 3104 3135 suspicandi
3135 3065 3286 3124 locus
3310 3075 3393 3123 est
3429 3081 3599 3123 ecor-

2050 3135 2224 3202 ruptis
2254 3133 2491 3186 fontibus
2529 3133 2792 3188 derivata.
2825 3133 2985 3190 Certe
3019 3135 3338 3202 Africanus,
3372 3137 3465 3202 qui
3493 3138 3590 3191 du-

2059 3203 2360 3257 centesimo
2382 3210 2437 3273 et
2464 3203 2724 3271 vigesimo
2752 3214 2875 3273 post
2907 3204 3179 3260 Christum
3214 3222 3355 3260 anno
3380 3203 3559 3260 ﬂoruit
3581 3247 3597 3269 ,

2050 3280 2103 3326 et
2136 3280 2359 3343 propter
2382 3271 2682 3343 doctrinam
2722 3271 2788 3327 de
2817 3274 3075 3329 Ecclesiis
3123 3275 3327 3343 optime
3370 3277 3594 3329 meritus

2050 3352 2133 3395 eSt
2157 3379 2172 3403 ,
2202 3341 2694 3417 quiquecpisloLas
2742 3343 2806 3395 ad
2831 3341 3177 3417 _Aristidem:
3200 3344 3443 3417 scripsit
3475 3345 3601 3417 περὶ

2052 3408 2365 3480 συμφωνίας
2397 3408 2581 3480 τῆς-εν
2614 3411 2965 3479 Εὐαγγελίοις
3006 3408 3349 3480 γενεαλογίας
3380 3408 3596 3476 (Euseb.

2051 3477 2143 3532 lib.
2178 3477 2220 3545 t,
2249 3493 2369 3552 cap.
2394 3477 2466 3552 _6,
2502 3477 2708 3552 Eccles.
2744 3477 2930 3552 ἥξει),
2961 3477 3166 3552 etcum
3208 3477 3277 3537 iis
3308 3482 3604 3538 t‘oilocutus

2050 3558 2155 3613 est,
2180 3549 2269 3621 qui
2300 3547 2359 3621 se
2392 3547 2734 3621 Dominicos,
2768 3551 2821 3604 id
2861 3547 2947 3621 est
2994 3551 3195 3621 Christi
3222 3561 3515 3621 cognatos,
3546 3561 3601 3608 et

2049 3616 2383 3690 contribules
2398 3617 2661 3690 dicebant
2681 3656 2696 3682 ,
2726 3635 2826 3690 nec
2872 3618 3192 3690 Pantheris,
3214 3616 3327 3690 rne'c
3358 3616 3598 3690 Barp’au-

2052 3685 2516 3759 theris_nt_emittit,
2550 3685 2676 3739 licet
2718 3688 2950 3759 aliorum
2985 3689 3053 3741 de
3093 3689 3298 3743 Christi
3321 3685 3595 3759 genealo-

2049 3755 2136 3826 gia
2159 3753 2444 3820 Opiniones
2474 3768 2594 3822 qua:
2627 3769 2657 3807 a
2687 3770 2816 3810 vero
2847 3758 3101 3811 aberrare
3148 3760 3279 3812 visae
3325 3753 3476 3826 s'unt,
3511 3775 3599 3814 re-

2049 3822 2204 3887 l'ellit,
2224 3830 2534 3897 etquama
2596 3826 2979 3897 vetustissimis
3015 3836 3313 3897 acceperat,
3340 3822 3592 3896 exponit,

2053 3900 2192 3966 teste
2221 3890 2637 3966 EusebiqlibLt,
2665 3908 2783 3963 cap.
2822 3893 3044 3966 8,_Hist.
3080 3890 3251 3962 Each,
3284 3908 3339 3951 et
3371 3890 3595 3966 Nieeph.

2050 3960 2145 4036 lib.
2164 3975 2247 4036 xi,
2268 3975 2403 4036 _cap.
2433 3960 2521 4036 li.
2550 3960 2821 4036 Prtetei'ea
2860 3964 3211 4036 Hebraeorum?
3236 3960 3607 4036 ﬁgenealog'ias‘

2050 4030 2103 4082 in
2138 4029 2349 4083 tabulas
2390 4030 2588 4084 relatas
2639 4030 2900 4086 Herodem
2942 4029 3308 4089 combussisse
3353 4029 3595 4089 referunt

2049 4098 2312 4152 Eusebius
2353 4107 2408 4151 et
2438 4098 2773 4167 Nicephorns
2808 4102 3032 4157 ibidem.
3081 4102 3187 4155 Sed
3221 4113 3366 4168 esto,
3435 4103 3591 4157 ﬁdem

2049 4181 2114 4237 ea
2144 4168 2210 4220 de
2239 4182 2298 4221 re
2319 4178 2631 4221 mereantur
2660 4169 2991 4237 Epiphanius
3031 4182 3086 4225 et
3115 4171 3505 4236 Damascenus,
3540 4182 3594 4226 et

2050 4236 2335 4290 Pantheris
2357 4251 2657 4306 cognomen
2680 4236 2767 4292 vel
2796 4253 2826 4293 a
2851 4238 3053 4306 Mariae,
3076 4238 3175 4292 vel'
3187 4242 3364 4308 potius
3391 4256 3422 4294 a
3443 4240 3592 4297 Jose-

1973 4345 2016 4399 D
2052 4307 2514 4399 pl'iihparentibus
2571 4315 2781 4399 gestum
2818 4308 2980 4389 fuerit
3007 4307 3220 4399 ;.nihilo
3256 4313 3440 4399 veﬁius
3493 4313 3593 4364 erit

2045 4374 2296 4449 adulterii
2348 4374 2794 4449 crintenthlarite
2840 4377 3356 4449 impactum,_quod
3387 4393 3589 4434 meram
3627 4426 3630 4430 Α

2042 4458 2163 4497 esse
2192 4443 2540 4513 calumniam,
2582 4446 2817 4513 ipsorum
2851 4443 3045 4501 fabula
3067 4443 3336 4503 artiﬁcum
3369 4449 3587 4504 dissidia

2043 4510 2376 4586 probant.}‘_’
2404 4510 2923 4586 Queménimludaei
2952 4515 3135 4586 Mariae
3167 4532 3423 4586 sponsum
3453 4516 3587 4570 Pan-

2042 4582 2250 4654 therem
2274 4582 2467 4654 _l'uisse
2497 4584 2735 4654 volunt;
2762 4584 2906 4637 hunc
2940 4584 3128 4654 Celsus
3169 4582 3274 4641 n'on
3307 4600 3583 4654 sponsum,

2043 4653 2138 4703 sed
2165 4649 2466 4704 adulterum
2491 4652 2656 4708 fuisse
2686 4654 2838 4718 dicit,
2862 4662 2919 4707 et
2943 4652 3167 4706 Mariam
3220 4656 3273 4708 in
3320 4649 3589 4708 adulterio

2040 4719 2298 4791 a_m_arit_o
2353 4719 2784 4791 deprehensam,
2826 4721 3272 4791 domo_pulsam,
3297 4722 3483 4777 Jesum
3521 4737 3587 4775 ex

2041 4787 2349 4860 adulterino
2367 4787 2653 4860 Panthera:
2669 4790 2813 4860 illius
2836 4787 3120 4844 concubitu
3140 4787 3278 4847 clam
3298 4798 3585 4860 peperisse.

2044 4856 2113 4909 2°
2143 4856 2274 4922 Quis
2302 4857 2493 4930 credat
2518 4865 2666 4911 tanta
2685 4857 2869 4930 fuisse
2913 4860 3174 4928 patientia
3209 4856 3502 4930 Jos'ep'hum
3536 4870 3592 4911 ut

2043 4937 2290 4999 secnram
2312 4926 2498 4999 vivere
2528 4926 2836 4999 permiserit
2866 4926 3093 4999 nitorem
3123 4931 3174 4983 in
3207 4926 3454 4999 ﬂagranti
3502 4930 3591 4981 de-

2043 4993 2365 5068 prehensam
2388 4992 2609 5068 delicto,
2633 4997 2773 5065 quod
2799 4994 3109 5068 Judteorum
3140 4992 3417 5068 leges'tam
3438 5010 3586 5068 seve—

2042 5075 2102 5114 re
2127 5063 2455 5129 puniebant?
2473 5065 2533 5117 5°
2562 5063 2693 5130 Quis
2714 5068 2898 5119 credat
2924 5063 3217 5122 mulierem'
3232 5069 3486 5121 inlamem
3512 5066 3591 5119 in-

2044 5138 2128 5184 ter
2144 5134 2571 5204 consanguineas
2588 5143 2645 5188 et
2659 5133 2865 5197 alliues,
2885 5135 3021 5189 inter
3040 5138 3404 5204 legispcritos,
3419 5135 3589 5204 magi-

2043 5210 2210 5266 Stros,
2232 5201 2557 5273 Pharisaeos,
2587 5204 2918 5267 sacerdotes,
2948 5206 3040 5257 lilii
3060 5201 3139 5259 sui
3157 5201 3366 5273 furatos
3387 5201 3587 5273 hostes,

2043 5276 2211 5322 tutam
2239 5272 2479 5326 vixisse?
2505 5273 2571 5326 4°
2605 5274 2737 5336 Quis
2769 5274 2954 5326 credat
2992 5272 3177 5328 .Iesnm
3222 5274 3276 5327 in
3308 5272 3588 5327 ecclesiam

2040 5337 2251 5392 Domini
2278 5341 2568 5395 admissum
2597 5341 2762 5395 fuisse
2786 5382 2802 5407 ,
2834 5358 2861 5393 a
2894 5357 2999 5409 qua
3033 5342 3345 5397 Mumzerim
3371 5380 3388 5407 ,
3427 5343 3478 5394 id
3507 5349 3594 5394 est

2042 5409 2228 5481 spurio
2252 5411 2416 5481 geniti
2450 5411 2741 5481 concubitu
2795 5414 3076 5478 homines,
3121 5426 3193 5466 ex
3236 5412 3353 5480 lege
3392 5410 3593 5481 Moysi:

2042 5479 2512 5549 arcebantur?_5°
2565 5479 2849 5547 Quomodo
2893 5490 3049 5534 ortus
3093 5479 3408 5549 illegitiinus
3449 5479 3592 5534 nitn-

2043 5561 2206 5617 guam
2241 5547 2549 5617 fueritJesu
2581 5548 2862 5604 Nazareuo
2899 5550 3111 5617 publice
3138 5547 3387 5616 objectus
3418 5563 3448 5603 a
3481 5563 3593 5601 ma-

2043 5613 2232 5672 levolis
2256 5627 2305 5672 et
2332 5616 2524 5674 invidis
2553 5619 2855 5674 hominibus
2881 5613 3018 5686 quos
3050 5613 3242 5688 passus
3268 5627 3352 5674 est
3397 5634 3591 5689 quaut-
