3988 6156
350 347 352 350 ’
387 365 495 421 721

1602 359 1881 415 CONTRA
1915 354 2188 412 CELSUM
2225 354 2350 409 LIB.
2393 353 2433 408 Ι.

3519 348 3625 403 722

380 483 556 554 αὐτὴν
585 483 834 547 τέκτονος
868 484 1182 554 ἐλεγχθεῖσα
1210 483 1302 537 ἐπὶ
1330 483 1564 554 μοιχείᾳ,
1594 485 1687 536 καὶ
1709 482 1925 535 τίκτουσ

2067 480 2239 546 daque
2269 490 2297 529 e
2323 474 2525 536 milite,
2575 474 2660 530 cui
2691 472 2964 529 Panthera
2994 481 3194 525 nomen
3244 473 3398 530 erat,
3429 466 3622 535 depre-

379 573 498 627 ἀπό
523 591 664 637 τινος
693 574 1020 644 στρατιώτου
1053 575 1308 646 Πανθήρα
1334 573 1589 644 τοῦνομα·
1619 575 1710 626 καὶ
1741 574 1954 644 ἴδωμεν,

378 665 434 718 εἰ
480 665 553 736 μὴ
594 665 811 734 τυφλῶς
852 667 900 719 οἱ
938 665 1399 737 μυθοποιήσαντες
1442 666 1538 736 τὴν
1575 667 1816 736 μοιχείαν
1859 666 1958 734 τῆς

383 753 666 823 παρθένου
705 753 797 806 καὶ
840 753 934 806 τοῦ
985 754 1242 824 Πανθήρα
1279 754 1411 824 (59),
1461 754 1554 806 καὶ
1596 753 1686 805 τὸν
1731 753 1956 804 τέκτονα

377 841 728 911 ἐξωσάμενον
753 841 941 912 αὐτὴν,
969 841 1137 894 ταῦτα
1157 843 1336 894 πάντα
1367 841 1676 894 ἀνέπλασαν
1707 841 1798 894 ἐπὶ⁸
1825 841 1956 894 καθ-

375 930 594 996 αιρέσει
638 931 738 1000 τῆς
767 931 1070 1002 παραδόξου
1096 931 1203 984 ἀπὸ
1227 931 1382 999 ἁγίου
1416 930 1731 1000 Πνεῦματος
1760 930 1952 1001 συλλή-

373 1021 562 1090 ψεως·
605 1018 856 1075 ἐδύναντο
885 1022 992 1093 γὰρ
1023 1022 1195 1084 ἄλλως
1221 1021 1604 1092 ψευδοποιῆσαι
1632 1022 1719 1074 διά
1746 1023 1804 1075 τὸ
1836 1023 1954 1090 σφό-

372 1109 486 1180 δρα
518 1111 816 1181 παράδοξον
845 1112 940 1183 τὴν
975 1113 1232 1183 ἱστορίαν,
1267 1114 1360 1166 καὶ
1399 1113 1472 1183 μὴ
1519 1113 1758 1184 ὡσπερεὶ
1787 1115 1951 1167 ἀκου-

373 1201 516 1264 σίως
541 1203 998 1271 συγκαταθέσθαι,
1024 1207 1108 1258 ὅτι
1133 1206 1231 1258 οὐκ
1255 1205 1361 1258 ἀπὸ
1385 1205 1625 1276 συνήθων
1647 1204 1951 1276 ἀνθρώποις

370 1289 574 1360 γάμων
595 1293 623 1344 6
664 1291 870 1363 Ἰησοῦς
892 1293 1173 1363 ἐγεννήθη.
1207 1294 1316 1346 Καὶ⁴
1341 1292 1627 1344 ἀκόλουθόν
1650 1309 1711 1359 γε
1735 1287 1801 1362 ἦν
1829 1293 1950 1354 τοὺς

373 1379 457 1451 μὴ
478 1381 988 1452 συγκαταθεμένους
1008 1385 1071 1452 τῇ
1091 1381 1374 1452 παραδόξω
1386 1383 1600 1450 γενήσει
1616 1381 1721 1450 (60)
1742 1380 1832 1432 τοῦ
1859 1382 1950 1449 Ἰη-

371 1472 502 1534 σοῦ,
527 1473 726 1526 πλάσαι
754 1491 804 1525 τι
823 1473 1036 1542 ψεῦδος.
1059 1473 1132 1526 Τδ
1151 1473 1207 1526 δέ
1233 1473 1306 1542 μὴ
1325 1472 1562 1534 πιθανῶς
1580 1473 1774 1533 αὐτοὺς
1794 1470 1950 1523 τοῦτο

368 1560 626 1630 ποιῆσαι,
669 1561 802 1615 ἀλλὰ
839 1562 974 1631 μετά
1011 1561 1102 1614 τοῦ
1143 1564 1398 1633 τηρῆσαι,
1445 1563 1526 1614 ὅτι
1575 1563 1672 1614 οὐκ
1707 1562 1812 1614 ἀπὸ
1853 1560 1946 1612 τοῦ

377 1645 587 1717 Ἰωσὴφ
620 1648 886 1718 παρθένος
922 1650 1176 1703 συνέλαϐε
1211 1650 1302 1703 τὸν
1345 1649 1568 1719 Ἰησοῦν,
1595 1652 1704 1712 τοῖς
1734 1649 1946 1703 ἀκούειν

367 1737 473 1789 xal.
512 1735 753 1806 ἐλέγχειν
794 1738 1188 1808 ἀναπλάσματα
1249 1739 1562 1803 δυναμένοις
1612 1741 1836 1810 ἐναργὲς
1879 1735 1945 1809 ἦν

2062 569 2228 623 hcnsa
2259 574 2428 631 esset,
2455 565 2738 634 expulsam
2773 563 2939 618 fuisse
2965 579 2979 627 ;
3005 569 3060 616 et
3085 558 3366 613 videamus
3404 572 3497 621 an,
3529 559 3619 626 qui

2060 668 2115 712 et
2138 658 2430 710 admissum
2457 671 2486 708 a
2524 655 2732 724 virgine
2754 669 2874 708 cum
2902 651 3174 705 Panthera
3207 645 3535 700 adulterium
3567 656 3623 700 et

2058 764 2087 800 a
2131 746 2286 800 fabro
2312 747 2686 815 expulsionem
2741 744 3036 816 tinxerunt,
3084 741 3214 802 has?
3247 736 3462 790 fabulas
3511 751 3616 789 non

2057 848 2204 888 caeco
2227 834 2415 887 animo
2445 832 2739 887 commenti
2770 831 2902 894 sint,
2942 838 3004 883 ut
3042 828 3316 882 insolitum
3351 841 3383 880 e
3413 823 3617 892 Spiritu

2056 934 2242 979 sancto
2283 933 2604 990 conceptum
2632 936 2661 975 e
2691 921 2870 974 medio
2911 919 3182 973 tollerent.
3207 917 3339 971 Nam
3378 917 3452 970 ita
3481 929 3618 984 pra:-

2055 1027 2136 1072 ter
2163 1016 2619 1071 consuetudinem
2659 1021 2742 1068 est
2771 1016 2886 1066 haec
2921 1010 3184 1076 historia,
3223 1019 3282 1062 ut
3314 1009 3420 1062 alio
3458 1006 3618 1060 modo

2053 1120 2171 1160 eam
2204 1103 2454 1158 refellere
2483 1102 2816 1171 potuissent,
2854 1111 2954 1152 nec
2988 1098 3132 1152 velut
3168 1097 3327 1151 inviti
3361 1097 3614 1152 assentiri

2051 1197 2233 1252 Jesum
2263 1211 2366 1249 non
2403 1209 2522 1250 esse
2554 1193 2768 1264 vulgari
2817 1205 2967 1246 more
3019 1199 3204 1244 natum
3238 1204 3308 1244 ex
3344 1187 3612 1258 coniugio.
3702 1182 3709 1188 ’

2053 1287 2194 1342 Sane
2224 1296 2645 1341 consentaneum
2671 1293 2810 1348 erat,
2839 1282 2931 1352 qui
2968 1280 3184 1335 insolito
3209 1278 3337 1334 Jesu
3374 1280 3515 1335 ortni
3549 1278 3614 1331 fi-

2053 1377 2170 1432 dem
2210 1378 2560 1445 abrogarent,
2593 1375 2659 1428 ab
2691 1373 2770 1427 eis
2819 1371 3164 1425 mendacium
3208 1369 3464 1439 conﬁngi.
3505 1367 3612 1423 Sed

2052 1466 2296 1520 invenire
2344 1464 2685 1518 mendacium
2719 1461 2864 1515 nullo
2901 1460 3060 1513 modo
3089 1458 3400 1522 verisimile,
3432 1467 3614 1527 etquo

2051 1553 2287 1606 admisso
2315 1550 2665 1605 nihilominus
2691 1564 2876 1603 verum
2907 1556 2988 1601 est
3013 1544 3196 1601 Jesum
3221 1560 3248 1597 a
3275 1544 3485 1612 virgine
3508 1559 3612 1598 non

2050 1643 2216 1698 fuisse
2255 1658 2284 1697 e
2311 1641 2546 1710 Josepho
2573 1648 2917 1708 conceptum,
2953 1638 3101 1692 fraus
3135 1635 3354 1709 eratjis
3383 1634 3477 1700 qui
3509 1633 3610 1700 fig-

2049 1741 2230 1787 menta
2261 1733 2450 1786 audire
2479 1739 2534 1784 et
2562 1744 2860 1798 coarguere
2883 1735 3103 1792 norunt,
3132 1725 3446 1793 conspicua.
3477 1723 3609 1775 Nam

366 1827 590 1896 ψεῦδος.
625 1823 773 1897 τΑρα
800 1827 908 1899 γάρ
940 1828 1176 1897 εὔλογον,
1205 1830 1292 1883 τὸν
1315 1829 1551 1882 τοσαῦτα
1586 1830 1724 1901 ὑπὲρ
1748 1830 1837 1884 τοῦ
1863 1831 1929 1898 γέ

2048 1821 2318 1892 quomodo
2349 1821 2629 1890 probabile
2675 1831 2793 1883 est,
2820 1834 2940 1873 eum
2973 1817 3064 1886 qui
3122 1824 3269 1868 tanta
3311 1814 3612 1880 susceperit

351 1910 503 1994 you;
531 1915 639 1968 τῶν
689 1915 988 1988 ἀνθρώπων
1029 1918 1395 1989 τολμήσαντα,
1449 1918 1553 1983 ἵνα,
1598 1919 1658 1970 τὸ
1697 1919 1819 1971 ὅσον
1857 1920 1944 1970 ἐπ’

367 2005 544 2076 αὐτῷ,
572 2007 768 2070 πάντες
804 2009 1061 2079 ’Έλληνες
1105 2011 1198 2062 καὶ
1245 2010 1529 2080 βάρϐαροι,
1572 2011 1770 2082 κρίσιν.
1797 2009 1944 2064 θείαν

370 2098 862 2169 προσδοκήσαντες,
897 2100 1172 2153 ἀποστῶσι
1207 2103 1303 2170 μὲν
1328 2101 1427 2171 τῆς
1449 2102 1665 2164 κακίας,
1694 2101 1868 2155 πάντα
1890 2103 1945 2155 δὲ

368 2189 684 2260 πράττωσιν
717 2191 1055 2261 ἀρεσκόντως
1079 2190 1158 2256 τῷ
1184 2190 1291 2243 τῶν
1317 2192 1450 2245 ὅλων
1479 2193 1815 2263 δημιουργῷ,
1843 2211 1945 2244 πα-

369 2278 593 2351 ράδοξον
642 2281 738 2351 μὲν
789 2281 862 2352 μὴ
895 2282 1187 2351 ἐσχηκέναι
1230 2283 1441 2349 γένεσιν
1482 2283 1613 2352 (61),
1655 2283 1842 2335 πασῶν
1886 2283 1942 2334 δὲ

366 2370 640 2436 γενέσεων
673 2371 1140 2441 παρανομωτὰτην
1166 2373 1259 2424 καὶ
1278 2372 1589 2440 αἰσχίστην;
1629 2371 1766 2441 Ἐρῶ
1786 2372 1840 2423 δέ
1868 2372 1942 2436 ὡς

367 2456 511 2526 πρὸς
537 2457 822 2528 Ἕλληνας,
851 2459 943 2511 καὶ
974 2458 1207 2527 μάλιστα
1229 2459 1453 2523 Κέλσον,
1487 2461 1594 2511 εἴτε
1624 2460 1938 2529 φρονοῦντα,

365 2545 482 2600 εἴτε
518 2547 612 2618 μὴ,
658 2548 795 2618 πλὴν
831 2549 1262 2618 παρατιθέμενον
1299 2549 1366 2602 τά
1395 2550 1702 2612 Πλάτωνος·
1744 2547 1890 2619 1'Apat.
1914 2553 1941 2603 6

365 2635 750 2704 καταπέμπων
781 2635 956 2706 ψυχὰς
995 2639 1072 2700 είς
1097 2636 1394 2707 ἀνθρώπων
1419 2636 1665 2707 σώματα,
1699 2639 1788 2691 τὸν
1815 2656 1935 2691 τοσ-

362 2719 512 2773 αῦτα
551 2721 904 2793 τολμήσοντα,
956 2726 1048 2777 καὶ
1077 2724 1358 2788 τοσούτους
1378 2724 1672 2788 διδάξοντα,
1709 2727 1802 2778 καὶ
1833 2726 1940 2779 ἀπὸ

360 2810 468 2880 τῆς
489 2811 697 2880 χύσεως
724 2813 824 2882 τῆς
852 2814 993 2866 κατά
1026 2815 1122 2884 τὴν
1145 2815 1343 2868 κακίαν
1377 2817 1781 2886 μεταστήσοντα
1805 2817 1935 2870 πολ-

359 2896 492 2962 λοὺς
517 2900 840 2972 ἀνθρώπων,
876 2904 968 2955 ἐπὶ
991 2904 1087 2972 τὴν
1123 2903 1311 2956 πασῶν
1336 2905 1692 2976 αἰσχροτέραν
1726 2905 1936 2974 γένεσιν

357 2987 515 3053 ὤθει,
551 2991 684 3062 μηδέ
712 2991 797 3044 διά
825 2991 1019 3064 γάμων
1052 2994 1290 3064 γνησίων
1331 2995 1490 3047 αὐτὸν
1521 2995 1827 3063 εἰσαγαγὼν
1856 2997 1935 3059 είς

2051 1929 2145 1982 pro
2179 1914 2417 1966 humano
2444 1925 2662 1977 genere,
2691 1911 3009 1978 dederitque
3039 1917 3304 1978 quantum
3329 1907 3380 1960 in
3408 1921 3466 1960 se
3493 1914 3612 1958 erat

2058 2017 2302 2070 operam,
2335 2012 2393 2054 ut
2429 2015 2617 2055 omnes
2660 1998 2832 2054 Graeci
2863 2000 3067 2067 pariter
3096 2006 3150 2052 et
3193 1997 3411 2051 barbari
3464 2006 3608 2049 metu

2039 2091 2236 2160 judicii
2265 2092 2432 2145 divini
2465 2092 2790 2144 absisterent
2822 2106 2850 2144 a
2875 2091 3040 2155 vitiis,
3075 2098 3130 2143 et
3159 2089 3212 2141 in
3239 2087 3491 2142 omnibus
3527 2100 3610 2139 re-

2047 2197 2164 2235 rum
2190 2181 2430 2235 omnium
2464 2180 2734 2233 conditori
2765 2179 2977 2248 placere
3015 2179 3331 2241 studerent,
3358 2191 3464 2230 non
3507 2177 3608 2228 mi-

2048 2272 2272 2324 randam
2301 2270 2553 2324 habuisse
2586 2267 2952 2329 nativitatem,
2983 2268 3080 2320 sed
3110 2266 3351 2319 omnium
3388 2262 3610 2331 nequis—

2047 2363 2238 2417 simam
2293 2376 2356 2415 ae
2404 2361 2806 2429 turpissimam?
2853 2357 3142 2426 Interrogo
3192 2356 3417 2411 Graecos
3445 2364 3500 2409 et
3552 2355 3606 2407 in

2044 2453 2233 2520 primis
2263 2451 2502 2515 Celsum,
2552 2451 2643 2518 qui
2701 2459 2792 2503 aut
2850 2465 2972 2502 cum
3012 2446 3240 2501 Platone
3272 2445 3458 2508 sentit,
3515 2453 3609 2496 aut

2043 2542 2235 2596 saltem
2269 2542 2544 2594 Platonica
2587 2541 2808 2594 adducit
2842 2558 2854 2591 :
2884 2540 2984 2605 Qni
3051 2540 3262 2592 animas
3323 2536 3604 2590 hominum

2044 2631 2285 2684 immittit
2344 2633 2398 2685 in
2453 2645 2706 2699 corpora,
2761 2632 2806 2684 is
2843 2631 3157 2699 turpissimo
3208 2629 3450 2682 omnium
3481 2631 3602 2678 ortu

2043 2733 2108 2774 ac
2168 2735 2235 2774 ne
2284 2735 2384 2789 per
2439 2719 2709 2790 legitimas
2758 2720 2976 2788 quidem
3036 2719 3253 2789 nuptias
3315 2719 3368 2770 in
3435 2717 3600 2768 vitam

2039 2811 2316 2866 hominum
2343 2811 2880 2881 induxeriteum,qui
2920 2822 3071 2865 tanta
3106 2822 3486 2880 aggressurus,
3524 2816 3605 2860 t0t

2037 2901 2372 2965 eruditurus,
2405 2908 2514 2953 tam
2547 2900 2744 2955 multos
2779 2901 3025 2954 homines
3057 2915 3087 2953 a
3125 2897 3382 2951 vitiorum
3420 2895 3604 2964 prolu-

2037 2991 2122 3045 vie
2155 2999 2504 3045 revocaturus
2531 2991 2684 3046 erat?
2719 2996 2913 3044 Annon
2954 2989 3123 3043 multo
3163 2988 3319 3058 351
3359 2986 3603 3055 probabi-

358 3082 456 3134 τὸν
493 3081 600 3134 τῶν
642 3082 939 3153 ἀνθρώπων
988 3083 1134 3153 βίον;
1189 3083 1221 3154 ἦ
1260 3083 1642 3154 εὐλογώτερον,
1697 3086 1929 3156 ἑκάστην

2036 3080 2140 3135 lius
2173 3088 2256 3135 est
2291 3081 2526 3134 animam
2558 3079 2784 3135 occultis
2817 3079 3142 3149 quihusdam
3168 3078 3468 3132 rationibus
3497 3076 3601 3147 (Io-

357 3168 538 3240 ψυχὴν
561 3171 700 3224 κατά
722 3189 870 3236 τινας
902 3173 1241 3244 ἀπορρήτους
1269 3173 1458 3240 λόγους
1484 3171 1658 3243 (λέγω
1679 3173 1733 3226 δὲ
1760 3174 1928 3228 ταῦτα

360 3258 460 3311 νῦν
505 3259 644 3312 κατά
682 3262 1000 3334 Πυθαγόραν
1025 3263 1134 3334 (62)
1155 3304 1170 3329 ,
1219 3263 1312 3317 καὶ
1345 3264 1603 3318 Πλάτωνα
1638 3266 1748 3336 (6⁸5)
1775 3305 1788 3330 ,
1837 3268 1929 3319 καὶ

358 3433 674 3506 plurimos?
721 3434 784 3489 6°
819 3435 1101 3506 Quomodo
1148 3436 1273 3492 Jesu
1309 3435 1575 3492 Nazareni
1611 3437 1923 3506 populares,

359 3504 456 3574 qui
489 3505 746 3574 omnium
773 3505 976 3574 optime
1018 3505 1132 3571 ejus
1160 3515 1416 3572 parentes
1464 3504 1764 3560 noscebant
1787 3545 1803 3568 ,
1839 3507 1924 3560 fa-

357 3571 523 3644 brum
551 3573 694 3628 hunc
722 3571 942 3644 Joseplii
977 3575 1116 3629 fabri
1146 3585 1200 3628 et
1231 3575 1422 3628 Maria:
1445 3576 1611 3628 filium
1644 3576 1921 3644 dixerunt,

358 3639 676 3712 fratresque
707 3645 824 3712 ejus
852 3639 920 3698 ac
955 3657 1182 3698 sorores
1219 3645 1360 3712 apud
1408 3660 1466 3697 se
1509 3658 1731 3696 manere
1772 3639 1922 3699 asse;

355 3721 591 3765 ruerunt
625 3710 780 3766 Joan.
815 3728 866 3767 vr
893 3752 909 3776 ,
942 3713 1010 3767 42
1035 3753 1050 3778 ,
1091 3723 1146 3767 et
1178 3729 1215 3777 I,
1247 3710 1350 3766 £5?
1385 3714 1444 3765 7ο
1489 3713 1767 3778 Quomodo
1808 3715 1924 3774 {duo

357 3780 943 3851 caici_in_l€vangelio
997 3783 1302 3845 memorati,
1349 3781 1655 3836 Chananma
1703 3783 1918 3848 mulier,

359 3848 1176 3920 populus_Hierosolymitanus,
1214 3851 1490 3904 hominem
1539 3867 1602 3904 ex
1653 3853 1922 3907 adulterio

356 3928 574 3988 natum,
593 3918 811 3974 Davidis
839 3918 1008 3974 lilium
1026 3922 1134 3973 alta
1163 3935 1296 3975 voce
1322 3921 1771 3988 appellarunt?8°
1792 3923 1922 3987 Quis

355 3986 462 4066 sibi
497 3989 1197 4066 persuadeatevangelistas
1221 4000 1274 4042 et
1304 3986 1599 4066 apostolos,
1624 3990 1686 4066 in
1719 4006 1774 4066 re
1809 3986 1922 4066 ina-

355 4054 561 4108 nifesta
592 4065 646 4112 et
681 4058 894 4126 publice
924 4054 1072 4122 mila,
1101 4073 1262 4112 ausos
1293 4054 1415 4111 esse
1453 4059 1920 4124 impinlentissime

358 4126 603 4192 mentiri,
623 4141 688 4180 ac
709 4128 1016 4182 viventibus
1035 4129 1329 4181 etiamnum
1355 4127 1656 4193 pervulgati
1678 4128 1921 4180 criminis

359 4193 600 4264 testibus
632 4197 930 4264 virgineum
958 4195 1085 4250 Jesu
1135 4197 1402 4248 Nazareni
1444 4206 1760 4262 conceptum
1792 4210 1918 4262 pro-

356 4261 501 4334 priae
536 4263 693 4319 fama:
721 4261 1013 4334 dispendio
1046 4265 1384 4334 comminisci
1409 4304 1422 4325 ,
1471 4274 1525 4318 et
1565 4261 1630 4316 ad
1669 4261 1916 4334 Davidem

351 4333 554 4404 spuria:
581 4335 785 4390 sobolis
817 4333 987 4404 genus
1025 4333 1272 4404 referre?
1296 4333 1357 4404 97°,
1383 4335 1532 4387 Adeo
1562 4347 1666 4386 non
1702 4333 1917 4400 spurius

356 4401 579 4459 habitus
608 4415 690 4460 est
719 4401 1088 4473 suo‘tempore
1117 4401 1276 4456 Jesus
1316 4403 1624 4456 Nazarenns
1647 4443 1664 4467 ,
1687 4417 1836 4473 eum
1856 4411 1914 4454 ut

355 4480 545 4543 contra
578 4474 785 4542 virgine
806 4469 1126 4543 prognatum
1149 4483 1279 4526 mtas
1310 4488 1403 4526 sua
1427 4472 1739 4543 crediderit.
1780 4469 1915 4543 l-line

359 4537 546 4614 Simon
565 4537 774 4614 Maéus,
802 4537 934 4598 Iesu
955 4545 1176 4605 simius,
1204 4544 1400 4614 quippe
1424 4543 1513 4611 qui
1540 4540 1696 4614 Jesus
1727 4541 1912 4614 haberi

361 4609 552 4676 voluit,
595 4609 810 4668 ut'eum
847 4614 900 4666 in
935 4615 1186 4667 erunibus
1215 4609 1480 4675 referret,
1519 4614 1586 4665 de
1617 4611 1824 4679 virgine
1854 4625 1914 4665 se

354 4687 543 4756 uatum
575 4684 1100 4756 prazdieabat._Vide
1137 4681 1434 4756 Clementis
1486 4681 1913 4756 Recoyniriones,

354 4746 452 4823 lib.
482 4765 544 4823 tl,
575 4746 696 4818 cap.
734 4752 765 4803 7
796 4760 850 4804 et
887 4751 975 4823 14.
1008 4753 1270 4806 Eamdem
1300 4751 1370 4804 ob
1404 4746 1646 4804 causam
1672 4749 1912 4823 Minerva

358 4819 570 4886 virgine
602 4829 784 4872 natum
812 4835 871 4874 se
907 4822 1268 4876 Domitianum
1306 4824 1602 4874 asseruisse
1627 4859 1642 4883 ,
1691 4820 1912 4886 eonjieit

362 4880 622 4958 "uetitis.
667 4890 846 4958 Atque
908 4889 1046 4944 hanc
1086 4889 1255 4942 fuisse
1308 4880 1676 4958 pervulgatam
1714 4880 1913 4958 ubique

357 4955 498 5031 apud
525 4955 1058 5031 Judaaos‘opinionem
1077 4958 1266 5027 probat
1292 4955 1697 5025 historiaquam
1720 4974 1786 5012 ex
1813 4955 1915 5012 tra-

356 5022 563 5101 dilione
587 5026 755 5080 veteri
774 5022 959 5101 adsita
977 5022 1588 5101 propagatam_tempora
1603 5039 1912 5101 _tne_morant

352 5087 617 5173 Qrigettes
653 5103 810 5148 tract.
836 5097 909 5173 _?.6
932 5087 990 5151 in'
1015 5087 1204 5173 Matth.
1239 5105 1310 5173 ες.-
1331 5087 1555 5173 Basilius
1586 5097 1662 5149 De
1679 5097 1912 5173 humana

354 5160 557 5240 Christi
612 5166 980 5240 generatione,
1014 5167 1222 5240 scilicet
1275 5167 1597 5240 Zachariam
1657 5165 1914 5240 aJudacis

353 5234 598 5312 occisum
633 5235 776 5312 quod
800 5236 1228 5312 _inter_cessisset
1261 5252 1326 5312 ne
1363 5255 1391 5289 ιι
1438 5237 1620 5303 templi
1666 5234 1786 5288 loco
1820 5237 1910 5302 qui

353 5302 484 5354 solis
513 5304 735 5373 patebat
765 5305 1064 5373 virginibus
1092 5305 1258 5359 Maria
1293 5306 1418 5363 Jesu
1472 5302 1646 5360 mater
1693 5319 1912 5373 arcere-

355 5371 877 5446 ttit',_Qtt:e_quidetti
911 5374 1158 5446 historia,
1187 5387 1324 5430 utet
1367 5377 1453 5446 illa
1507 5389 1672 5443 quam
1715 5371 1911 5427 Suidas

357 5441 407 5488 in
453 5441 708 5509 Ἰησοῦς,
739 5442 1032 5510 evetustis,
1065 5453 1114 5496 ut
1150 5445 1262 5512 ipse
1297 5447 1393 5508 ait,
1426 5441 1730 5499 Judieorum
1763 5457 1912 5497 com-

355 5514 638 5587 Inentariis
674 5514 839 5568 refert
867 5514 987 5587 (etsi
1026 5524 1285 5587 prae-tare
1318 5526 1566 5587 neutram
1614 5513 1793 5587 velim)
1821 5527 1912 5567 ea-

355 5587 507 5634 tenus
534 5582 724 5637 saltem
757 5582 902 5639 valet
933 5594 991 5637 ut
1031 5585 1285 5638 ostendat
1318 5584 1544 5638 Mariam
1591 5583 1693 5638 etsi
1744 5582 1908 5651 piter-

353 5658 562 5715 peram,
598 5668 703 5707 non
731 5656 908 5710 minus
956 5656 1222 5726 virginem
1283 5655 1471 5725 primis
1519 5655 1754 5710 habitam
1792 5669 1912 5710 esse

355 5722 702 5777 Muneribus.

376 5735 702 5790 emportnus.

2033 3184 2170 3239 quor
2213 3185 2352 3224 nunc
2382 3169 2533 3237 juxta
2575 3169 2956 3240 Pythagoram,
2995 3169 3296 3235 Platonem,
3329 3169 3600 3238 Empedo-

2030 3263 2190 3330 clem,
2210 3276 2346 3332 quos
2364 3275 2505 3331 smpe
2527 3261 2718 3317 Celsus
2745 3261 3060 3332 nominavit)
3113 3261 3383 3316 addictam
3402 3275 3602 3330 corpo-

2105 3437 2216 3508 (59)
2252 3438 2365 3492 Καὶ
2385 3437 2492 3491 τοῦ
2517 3439 2815 3506 Πανθήρα.
2853 3437 2978 3492 Haec
3004 3437 3163 3491 etiam
3192 3435 3368 3508 deleta
3395 3438 3597 3508 suntin

2027 3507 2204 3562 veteri
2240 3509 2501 3562 Vaticano
2525 3546 2539 3569 ,
2589 3516 2643 3560 et
2683 3511 2877 3562 desunt
2910 3509 2963 3560 in
2996 3507 3202 3559 recenti
3230 3544 3244 3568 ,
3293 3520 3503 3560 necnon
3533 3507 3588 3558 in

2030 3577 2330 3646 Anglicano
2362 3576 2570 3646 primo;
2610 3578 2719 3628 imo
2747 3577 2812 3628 ad
2849 3576 3152 3644 marginem
3181 3573 3466 3646 Anglicani
3497 3589 3591 3628 se-

2027 3641 2186 3698 curidi
2221 3655 2277 3697 et
2311 3641 2452 3697 tertii
2485 3645 2730 3710 apposita
2759 3655 2883 3696 nota
2914 3641 3097 3697 monet
3123 3655 3242 3694 esse
3275 3641 3524 3695 delenda.

2099 3713 2207 3783 (60)
2236 3713 2389 3783 Libb.
2419 3713 2650 3783 editi_ad
2689 3715 3014 3778 marginem,
3055 3713 3324 3783 γεννήσει.

2098 3779 2214 3852 (6i)
2236 3781 2513 3852 Γένεεσινἶ
2557 3781 2632 3852 ita
2691 3791 2993 3852 rectetres
3023 3779 3302 3852 Anglicani
3322 3819 3335 3842 ,
3363 3779 3592 3852 ‘Regius,

2024 3847 2351 3906 Basileensis
2391 3863 2445 3903 et
2490 3850 2753 3904 .lolianus.
2788 3851 2895 3904 Alii
2938 3866 3058 3904 cum
3089 3847 3278 3914 editis,
3311 3847 3592 3919 γέννησιν.

2023 3921 2191 3974 Paulo
2242 3929 2364 3988 post
2403 3919 2602 3989 Regius
2637 3930 2692 3972 et
2737 3919 3095 3984 Basileensis,
3135 3921 3163 3971 6
3217 3919 3595 3989 καταπέμπων

2024 3991 2218 4060 ψυχάς.
2260 3991 2359 4042 Alii
2387 3987 2508 4042 cum
2540 3990 2724 4053 editis,
2759 3992 2786 4041 6
2815 3989 3192 4058 καταπέμπων
3219 3987 3417 4060 ψυχήν.

2094 4029 3512 4182 aggressa:"vagazrrzimeiaria.
3563 4073 3595 4110 ν

2098 4146 2146 4181 Ill
2157 4171 2167 4180 .
2283 4167 2296 4181 ο

2021 4145 2167 4182 DUIII.
2210 4145 2296 4182 ΖΙ.

2093 4198 2206 4265 (65)
2247 4196 2593 4251 Πλάτωνα.·
2643 4193 2822 4257 Plato,
2862 4196 3000 4265 libro
3042 4193 3118 4265 De
3167 4194 3345 4265 animo
3385 4197 3593 4265 mundi,

2021 4262 2145 4336 pag.
2173 4262 2272 4319 104
2299 4285 2315 4336 ξ
2348 4267 2602 4336 Λέγγοιντο
2627 4264 2998 4336 δῗλὰναγκαίως
3020 4263 3112 4336 κ-αὶ⁸
3140 4262 3592 4336 τιμωρίαιμξέναι,

2021 4281 2145 4336 pag.
2173 4279 2272 4319 HM
2299 4285 2312 4319 :
2348 4279 2602 4332 Λεγοιντο
2627 4279 2669 4315 0'
2689 4279 2998 4330 αναγκαιως
3020 4279 3112 4314 και
3140 4279 3400 4383 τιμωὲιαι
3425 4279 3592 4330 ςεναι,

2017 4334 2092 4397 ὡς
2140 4335 2564 4405 μετενδυομέναν
2613 4334 2732 4405 τᾶν.
2756 4335 2953 4405 ψλυχᾶν,
2997 4331 3125 4405 τῶν-
3152 4334 3254 4405 μὲν
3317 4332 3472 4405 ειλῶν
3513 4335 3593 4405 είς

2021 4401 2281 4472 γυναικέα
2329 4401 2562 4472 σκάνεα,
2620 4403 2736 4472 ποθ’
2774 4401 2943 4472 ὓϐριν
2991 4401 3339 4472 ἐκδιδόμενα,
3385 4402 3490 4472 τῶν
3537 4403 3593 4456 δὲ

2067 4475 2336 4543 ιαιιρόνων,
2360 4475 2416 4533 ἐς
2441 4471 2641 4543 θηρίων
2667 4470 2909 4541 σώματα,
2939 4472 3060 4543 ποτ).
3094 4471 3312 4543 κόλασιν
3332 4487 3350 4543 °_
3382 4470 3592 4540 λάγνων

2017 4491 2336 4595 μιαιφονῶν,
2360 4491 2416 4533 ες
2441 4491 2641 4542 σηριων
2667 4491 2909 4541 σωματα,
2939 4491 3060 4523 ποτι
3094 4491 3312 4522 κόλασιν
3332 4491 3345 4500 ν
3382 4491 3592 4540 Λαγνων

2048 4545 2071 4596 ἐ
2097 4547 2152 4607 ἐς
2188 4543 2327 4595 συῶν
2358 4542 2390 4612 ἢ
2415 4541 2649 4612 ,κάπρων
2678 4543 2888 4610 μορφάς
2908 4558 2920 4570 ⁸
2956 4540 3170 4612 κούφων
3195 4541 3251 4612 δὲ
3271 4540 3364 4612 καὶ⁵
3391 4543 3593 4611 μετεώ-

2021 4630 2126 4684 ρων
2143 4615 2213 4684 ἐς
2247 4610 2462 4684 πτηνῶν
2475 4610 2828 4684 ἀεροπόρων·
2866 4610 3049 4684 ἀργῶν
3073 4610 3254 4684 ﬁexa".
3272 4610 3587 4684 ἀπράκτων,

2016 4679 2240 4753 ἀμαθῶν
2286 4679 2353 4734 τέ’
2403 4682 2496 4733 καὶ
2539 4679 2812 4752 ἀνοήτων,
2871 4679 2927 4744 ἐς
2983 4682 3079 4734 τᾶν
3139 4679 3371 4753 ἐνύδρων
3422 4681 3584 4737 ἰδέαν.

2023 4751 2180 4806 «11υο
2219 4753 2380 4821 igitur
2409 4754 2475 4805 de
2503 4751 2664 4805 causa
2695 4753 2796 4805 hoc
2821 4753 3181 4810 concedatur,
3213 4751 3356 4821 quod
3401 4768 3588 4806 neces«

2017 4823 2161 4877 sario
2191 4820 2692 4890 commemorentur
2745 4822 3027 4888 peregrina
3075 4820 3376 4890 supplicia,
3429 4825 3585 4890 quasi

2017 4893 2212 4946 anima:
2243 4892 2600 4959 commigrent
2625 4889 2767 4943 ultro
2787 4891 3035 4957 citroque
3057 4892 3108 4942 in
3139 4889 3288 4942 varia
3316 4889 3544 4959 corpOra
3570 4910 3583 4957 ;

2016 4961 2334 5030 ignavorum
2369 4960 2618 5030 quidem,
2648 4959 2705 5030 in
2729 4974 2958 5030 corpora
2985 4960 3271 5030 tnuliebria
3293 4997 3306 5021 ,
3340 4963 3587 5030 corpori-

2016 5027 2115 5084 b'us
2151 5029 2366 5083 tributis
2407 5029 2472 5082 ad
2504 5029 2905 5098 ignominiam;
2946 5027 3367 5098 homicidarum,
3418 5027 3469 5083 in
3509 5031 3598 5090 fc-_

2018 5115 2198 5152 rarum
2231 5113 2459 5166 corpora
2490 5096 2558 5153 ad
2585 5112 2798 5165 pmnam
2833 5108 2888 5151 et
2923 5099 3246 5166 supplicium
3274 5113 3298 5166 ςγ
3337 5096 3585 5154 libidino-

2016 5183 2234 5234 sorum,
2285 5165 2343 5220 in
2392 5183 2548 5220 suum
2581 5169 2665 5220 vel
2706 5182 2958 5236 aprorum
2992 5165 3237 5231 formas;
3287 5165 3488 5236 levium
3533 5179 3587 5221 et

2015 5237 2425 5292 temerariorum
2497 5234 2808 5300 hominum,
2879 5238 2929 5289 in
2999 5237 3210 5306 species
3290 5234 3582 5306 volantium

2017 5309 2372 5360 animantium
2398 5321 2516 5372 quae
2545 5309 2598 5359 in
2654 5322 2778 5360 aere
2821 5307 2995 5360 solent
3032 5305 3282 5364 versari;
3339 5305 3581 5372 segnium

2016 5377 2279 5444 denique,
2312 5377 2647 5442 otiosorum,
2680 5377 3052 5444 imperitorum
3073 5416 3086 5436 ,
3121 5374 3439 5427 stolidorum
3463 5413 3476 5436 ,
3508 5374 3580 5444 _in

2015 5442 2332 5514 aquatilium
2388 5449 2686 5514 speciem.»
2737 5447 2801 5498 Et
2848 5447 2911 5514 in
2953 5443 3249 5514 P/HL’LIOIIB,
3302 5454 3421 5514 pag.
3463 5442 3578 5514 707:

2014 5505 2246 5579 Παλαιὸς
2285 5516 2382 5585 μὲν
2415 5505 2505 5568 οὖν
2538 5516 2652 5568 ἐστί
2685 5532 2766 5578 τις
2799 5518 2826 5566 6
2858 5513 3013 5585 λόγος
3054 5505 3240 5585 οὗτος,
3277 5511 3335 5570 οὗ
3373 5505 3568 5585 μεμνή-

2016 5586 2187 5656 μεθα,
2223 5583 2297 5648 ῶς
2331 5589 2465 5637 εἰσιν
2499 5585 2706 5656 ἐνθένδε
2739 5584 3066 5656 ἀφικόμεναι
3098 5584 3245 5648 ἐκεῖ,
3291 5585 3382 5641 καὶ
3423 5583 3582 5635 πάλιν

2012 5651 2075 5724 γε
2119 5656 2277 5726 δεῦρο
2324 5655 2705 5726 ἀφικνοῦνται,
2763 5654 2856 5704 καὶ
2901 5651 3174 5720 γίγνονται
3231 5658 3296 5713 ἐκ
3339 5655 3445 5712 τῶν
3498 5670 3584 5706 τε·-

2015 5725 2279 5792 θνεώτων,
2328 5737 2434 5781 etc.
2481 5743 2500 5776 ι
2544 5725 2820 5793 Antiquus
2855 5726 3072 5792 quidem
3114 5735 3198 5781 est
3243 5732 3329 5786 hic
3377 5740 3580 5786 sermo,
