3988 6156
417 337 525 394 Ἰ25

1869 327 2193 385 ORIGENIS

3554 321 3653 374 79.4

418 452 488 518 ri,
517 451 738 520 corpori
781 449 956 504 addici
997 462 1095 517 pro
1139 445 1351 502 meritis
1383 445 1783 516 praeteritisque
1821 447 1982 500 mori-

2102 442 2463 513 Ἐμπεδοκλέα
2481 441 2614 509 (64),
2649 439 2740 502 οὓς
2773 438 3031 500 πολλάκις
3057 435 3338 506 ὠνόμασεν
3363 437 3392 488 ὁ
3422 427 3653 499 Κελσος)

422 541 572 596 bus?
612 539 920 595 Verisimile
955 551 1083 605 ergo
1113 545 1197 591 est
1219 549 1339 590 eam
1364 535 1621 601 animam,
1653 550 1772 604 quae
1806 535 1987 589 multis

419 628 734 684 hominibus
761 627 887 698 (non
918 627 1042 680 dico
1069 625 1349 689 omnibus,
1382 639 1451 680 ne
1485 625 1708 678 nimium
1739 625 1990 695 praeiudi-

419 731 554 773 care
584 716 794 783 videar)
841 715 1025 770 utilior
1075 715 1254 769 futura
1305 723 1425 769 erat
1477 716 1712 769 humano
1767 715 1985 784 generi,

419 821 560 876 opus
605 805 860 860 habuisse
892 819 1140 874 corpore,
1173 805 1316 873 quod
1364 820 1468 858 non
1516 805 1686 859 solum
1719 814 1862 859 esset
1890 804 1988 857 hu-

422 895 598 950 manis
617 895 939 965 corporibus
961 893 1275 964 perfectius,
1300 897 1395 949 sed
1419 894 1579 950 etiam
1603 909 1713 963 prae
1739 894 1988 949 omnibus

418 984 729 1041 excelleret.

486 1160 576 1214 55.
615 1157 750 1213 Nam
775 1161 821 1215 si
853 1159 968 1214 hac
990 1159 1076 1214 vel
1097 1160 1186 1214 illa
1211 1161 1390 1214 anima
1413 1161 1642 1217 occultis
1664 1162 1986 1230 quibusdam

417 1248 604 1303 causis
628 1262 735 1302 non
769 1247 964 1303 merita
989 1247 1206 1314 quidem
1239 1248 1413 1304 brutae
1441 1250 1737 1304 animantis
1761 1266 1986 1322 corpore

418 1338 659 1406 includi,
693 1351 871 1406 neque
924 1338 1087 1407 digna
1127 1346 1304 1394 tamen
1329 1377 1344 1403 ,
1377 1355 1497 1409 quae
1541 1341 1822 1397 rationalis
1865 1344 1987 1398 ani-

419 1430 623 1485 mantis
652 1442 850 1498 corpus
881 1439 1132 1498 occupet,
1164 1429 1406 1484 induitur
1449 1441 1825 1500 portentosum
1865 1448 1988 1490 cor-

415 1536 555 1592 pus,
591 1520 666 1574 ita
709 1527 770 1573 ut
794 1519 865 1574 ob
897 1529 1058 1587 caput
1086 1519 1294 1589 reliquo
1319 1522 1533 1590 corpori
1581 1523 1760 1576 minus
1785 1533 1984 1577 attem-

418 1618 668 1680 peratum
705 1609 974 1679 nimisque
1012 1618 1299 1679 angustum
1330 1611 1472 1665 ratio
1510 1626 1638 1666 suas
1678 1612 1987 1670 functiones

414 1699 646 1770 exsequi
677 1708 946 1768 nequeat;
986 1699 1092 1754 alia
1132 1714 1262 1755 vero
1308 1700 1410 1754 tale
1444 1716 1642 1770 corpus
1672 1703 1894 1770 accipit,
1927 1711 1984 1756 ut

2090 531 2499 602 είσκρινομένην
2538 527 2778 598 σώματι,
2820 527 2937 580 κατ’
2963 525 3118 589 ἀξίαν
3161 523 3525 596 είσκρίνεσθαι
3567 526 3656 577 καὶ

2090 624 2230 677 κατά
2275 623 2343 676 τὰ
2379 621 2616 693 πρότερα
2658 619 2802 690 ἡθης
2855 617 3015 680 Εἰκὸς
3060 610 3153 670 οὖν
3193 615 3285 668 καὶ
3330 615 3531 682 ταύτην
3562 615 3653 685 τὴν

2087 715 2284 785 ψυχὴν,
2338 711 2545 765 πολλῶν
2599 711 2719 779 (ἴνα
2765 707 2838 779 μὴ
2873 707 3236 776 συναρπάζειν
3279 704 3440 768 δοκῶ,
3489 705 3654 772 λέγων

2090 804 2338 875 πάντων)
2382 801 2682 873 ἀνθρώπων
2727 798 3149 868 ὠφελιμωτέραν
3198 795 3274 865 τῷ
3308 795 3409 865 βίῳ
3436 795 3542 847 τῶν
3567 797 3656 847 ἀν-

2089 894 2321 965 θρώπων
2355 891 2743 963 ἐπιδημοῦσαν,
2778 888 3052 959 δεδεῆσθαι
3089 886 3369 956 σώματος,
3404 885 3464 938 ού
3503 885 3678 955 μόνον.

2087 985 2162 1047 ὡς
2193 983 2300 1053 (65)
2355 985 2413 1036 ἐν
2458 981 2815 1052 ἀνθρωπίνοις
2852 978 3065 1049 σώμασι
3106 977 3480 1048 διαφέροντος,
3525 975 3657 1028 ἀλλά

2089 1075 2182 1127 καὶ
2215 1074 2305 1126 τοῦ
2343 1073 2558 1126 πάντων
2599 1073 2922 1140 κρείττονος.

2160 1168 2221 1218 Εἰ
2261 1167 2368 1236 γὰρ
2399 1165 2492 1236 ἥδε
2537 1166 2634 1234 μὲν
2671 1167 2703 1232 ἡ
2733 1163 2911 1233 ψυχὴ,
2947 1160 3085 1214 κατά
3118 1177 3268 1222 τινας
3317 1159 3655 1230 ἀπορρήτους

2087 1255 2276 1323 λόγους
2306 1253 2431 1317 ἀξία
2463 1253 2724 1324 ’γενομένη
2764 1252 2838 1322 μὴ
2873 1252 3048 1320 πάντη
3092 1250 3188 1320 μὲν
3222 1250 3279 1302 ἐν
3327 1249 3522 1315 ἀλόγου
3565 1265 3657 1316 γε-

2088 1344 2274 1398 νέσθαι
2303 1342 2534 1414 σώματι,
2569 1343 2629 1395 ού
2666 1343 2769 1412 μὴν
2797 1341 2889 1395 καὶ
2918 1340 3173 1411 καθαρῶς
3207 1341 3264 1391 ὲν
3296 1338 3535 1407 λογικοῦ,
3570 1339 3658 1390 ὲν-

2087 1434 2266 1486 δύεται
2296 1433 2452 1503 σῶμα
2487 1431 2785 1502 τερατῶδες
2805 1471 2818 1495 ,
2845 1430 2918 1493 ὼς
2951 1430 3082 1500 μηδὲ
3111 1429 3201 1481 τὸν
3223 1428 3378 1495 λόγον
3404 1427 3655 1498 συμπλη-

2090 1525 2326 1596 ρωθῆναι
2350 1524 2601 1578 δύνασθαι
2638 1521 2714 1592 τῷ
2738 1521 2935 1573 οὑτωσὶ
2963 1520 3332 1590 γεγενημένῳ,
3360 1520 3452 1572 καὶ
3476 1519 3655 1588 ἀσύμ-

2092 1632 2281 1687 μετρον
2316 1615 2490 1684 ἔχοντι
2537 1614 2634 1683 τὴν
2683 1610 2917 1682 κεφαλὴν
2960 1610 3035 1680 τῷ
3078 1610 3248 1680 λοιπῷ
3282 1609 3513 1680 σώματι,
3559 1609 3656 1662 καὶ¹

2089 1709 2227 1762 πάνυ
2274 1705 2639 1776 βραχυτέραν·
2695 1703 2854 1776 ἑτέρα
2904 1703 2960 1756 δὲ
2993 1701 3191 1756 τοιόνδε
3224 1701 3380 1770 σῶμα
3415 1701 3657 1772 ἀναλαμ-

420 1765 587 1862 paulo
611 1766 733 1859 plus
757 1765 918 1858 quam
947 1789 1037 1844 illa
1063 1791 1269 1860 sapiat;
1317 1805 1382 1848 ac
1418 1765 1631 1846 rursum
1661 1792 1765 1846 alia
1791 1765 1982 1864 magis,

2087 1765 2575 1866 6d‘l5t,.t.i)g"6MY-tp
2620 1765 2827 1847 ἐκείνου
2858 1792 3109 1861 γενέσθαι
3157 1765 3489 1862 λογικωτέρα
3511 1808 3524 1822 ·
3560 1765 3656 1845 καὶ

417 1888 582 1950 prout
624 1889 817 1933 natura
867 1880 1114 1949 corporis
1160 1881 1332 1950 magis
1374 1881 1624 1935 minusve
1661 1882 1856 1936 rationi
1903 1897 1988 1938 re-

419 1969 703 2039 fragatur;
738 1972 867 2041 quid
889 1981 1035 2026 vetat
1060 1985 1179 2026 esse
1212 1972 1447 2040 aliquam
1477 1974 1736 2038 animam,
1771 1975 1857 2028 cui
1891 1989 1989 2030 no-

419 2074 547 2114 vum
604 2061 988 2131 insolitumque
1041 2077 1236 2130 corpus
1281 2064 1460 2128 detur,
1514 2065 1657 2134 quod
1706 2065 1983 2135 quidpiam

417 2168 543 2208 cum
598 2154 723 2210 aliis
777 2156 1031 2210 humanis
1083 2157 1402 2224 corporibus
1455 2171 1742 2212 commune
1789 2158 1987 2214 habeat

413 2243 635 2312 quidem
661 2283 676 2308 ,
710 2259 940 2313 quocum
966 2243 1087 2300 aliis
1118 2247 1323 2300 versari
1365 2246 1570 2316 possit;
1605 2231 1701 2302 sed
1731 2247 1875 2316 quod
1902 2257 1985 2302 ta-

417 2349 541 2389 men
573 2336 694 2390 aliis
745 2336 1069 2398 antecellat,
1121 2345 1177 2391 ut
1222 2337 1402 2390 anima
1431 2346 1594 2405 queat
1643 2339 1897 2392 immunis
1952 2354 1984 2393 a

412 2424 546 2480 vitio
579 2425 944 2494 permanere?
994 2427 1147 2492 Quod
1187 2427 1231 2479 si
1274 2426 1439 2480 etiam
1492 2442 1677 2481 verum
1713 2435 1796 2483 est
1840 2429 1984 2496 quod

413 2513 683 2568 allirmant
713 2515 1234 2587 physiognomonici,
1268 2526 1326 2568 ut
1358 2514 1623 2586 Zopyrus,
1659 2517 1858 2585 Loxus,
1883 2515 1986 2573 Po-

414 2603 594 2657 lemon
622 2641 638 2669 ,
666 2611 759 2657 aut
780 2603 1007 2672 quilibet
1029 2617 1212 2658 eorum
1244 2604 1334 2670 qui
1363 2603 1464 2658 hac
1507 2604 1572 2660 de
1596 2614 1714 2658 arte
1751 2606 1987 2675 scripseo

335 2714 340 2718 ι
415 2703 542 2747 runt
574 2708 877 2763 magnaque
920 2709 978 2748 se
1019 2694 1160 2748 scire
1198 2693 1515 2762 praedicant,
1547 2710 1772 2765 corpora
1802 2697 1983 2752 omnia

414 2795 539 2836 esse
561 2783 806 2838 moribus
835 2782 1142 2837 animarum
1174 2783 1611 2848 accommodata;
1645 2797 1712 2844 an
1745 2786 1984 2852 oportuit

417 2871 496 2925 illi
549 2872 775 2940 animae,
829 2889 948 2942 qua:
1006 2871 1267 2942 singulari
1313 2873 1473 2927 modo
1509 2873 1563 2926 in
1617 2874 1761 2929 hanc
1815 2875 1981 2929 vitam

416 2969 651 3016 ventura
673 2971 791 3016 erat
815 2961 1150 3032 magnasque
1185 2977 1274 3017 res
1307 2962 1540 3024 factura,
1574 2963 1738 3016 tribui
1761 2978 1979 3032 corpus,

2086 1889 2218 1957 ἀλλη
2249 1885 2327 1939 ἔτι
2360 1885 2579 1955 μᾶλλον,
2605 1884 2704 1953 τῆς
2725 1883 2939 1952 φύσεως
2967 1882 3056 1936 τοῦ
3085 1882 3332 1952 σώματος
3354 1882 3446 1934 ἐπὶ
3473 1882 3654 1936 πλεῖον

2084 1978 2118 2049 ἢ
2145 1979 2227 2030 ἐπ’
2247 1977 2461 2030 ἔλαττον
2481 1973 2944 2045 ἀντιπραττούσης
2964 1974 3030 2042 τῇ
3047 1969 3140 2023 τοῦ
3164 1971 3321 2038 λόγου
3338 1969 3613 2040 ἀντιλήψει
3633 1987 3651 2001 ο

2084 2067 2170 2120 διὰ
2200 2066 2252 2118 τί
2298 2065 2416 2134 οὐχ).
2458 2064 2550 2117 καὶ
2595 2064 2736 2134 ψυχή
2788 2081 2870 2126 τις
2927 2062 3079 2116 ἔσται
3126 2061 3300 2132 πάντη
3353 2059 3655 2132 παράδοξον

2086 2156 2540 2226 ἀναλαμϐάνουσα
2565 2153 2672 2223 (66)
2708 2152 2886 2224 σῶμα,
2923 2152 3043 2223 ἕχον
3079 2151 3173 2223 μέν
3205 2171 3258 2204 τι
3303 2152 3480 2206 κοινὸν
3516 2153 3656 2222 πρὸς

2085 2247 2209 2309 τοὺς
2230 2243 2543 2315 ἀνθρώπους
2562 2284 2576 2308 ,
2605 2244 2689 2296 ἵνα
2716 2245 2807 2296 καὶ
2834 2243 3207 2314 συνδιατρῖψαι
3228 2243 3406 2304 αὐτοῖς
3429 2240 3650 2312 δυνηθῇ,

2085 2335 2208 2406 ἔχον
2239 2335 2294 2388 δέ
2327 2352 2378 2387 τι
2411 2335 2504 2389 καὶ
2549 2333 2844 2404 ἐξαίρετον,
2897 2333 2984 2385 ἵνα
3023 2333 3122 2401 τῆς
3165 2333 3362 2398 κακίας
3389 2332 3654 2400 ἄγευστος

2085 2429 2118 2496 ἡ
2145 2426 2289 2496 ψυχὴ
2321 2424 2590 2494 διαμεῖναι
2621 2423 2818 2494 δυνηθῇ
2843 2440 2857 2488 ;
2902 2423 3023 2477 Ἐἀν
3049 2423 3105 2475 δὲ
3127 2424 3218 2478 καὶ
3242 2421 3308 2476 τὰ
3328 2423 3434 2475 τῶν
3467 2438 3652 2491 φυσιο-

2084 2514 2501 2586 γνωμονούντων
2565 2515 2738 2584 κρατῇ
2773 2553 2786 2576 ,
2850 2512 2957 2564 εἴτε
3017 2511 3277 2582 Ζωπύρου
3318 2509 3475 2582 (67),
3541 2510 3648 2562 εἴτε

2084 2606 2252 2672 Λόξου
2277 2605 2422 2676 (68),
2475 2603 2586 2657 εἴτε
2618 2603 2932 2673 Πολέμωνος
2957 2601 3098 2672 (69),
3139 2603 3248 2654 εἴτε
3287 2595 3493 2663 οὗτινός
3532 2601 3648 2652 ποτ’

2083 2694 2176 2752 οὖν
2211 2697 2430 2751 τοιαῦτα
2467 2695 2803 2768 γράψαντος,
2842 2694 2934 2746 καὶ
2962 2692 3420 2762 ἐπαγγειλαμένου
3450 2691 3650 2744 εἰδέναι

2083 2808 2136 2843 τι
2184 2787 2524 2858 θαυμαστὸν,
2578 2787 2751 2838 οἰκεῖα
2795 2787 2906 2845 τοῖς
2958 2782 3110 2852 ἤθεσι
3140 2781 3247 2835 τῶν
3277 2781 3463 2852 ψυχῶν
3492 2781 3647 2834 πάντ’

2084 2877 2222 2934 εἶναι
2255 2880 2323 2934 τὰ
2354 2879 2578 2950 σώματα
2604 2895 2616 2907 ·
2666 2880 2730 2947 τῇ
2755 2871 2845 2929 οὖν
2875 2873 3136 2945 μελλούσῃ
3170 2873 3484 2944 παραδόξως
3529 2875 3650 2926 ἐπι-

2084 2971 2273 3042 δημετν
2324 2971 2402 3040 τῷ
2459 2969 2586 3040 βίῳ,
2644 2970 2736 3023 καὶ
2787 2967 3188 3039 μεγαλοποιεῖν,
3243 2964 3346 3016 ἔδει
3395 2962 3646 3030 γενέσθαι

413 3052 581 3120 quod,
610 3060 670 3106 ut
700 3053 952 3120 opinatur
983 3052 1187 3118 Celsus;
1238 3066 1303 3104 ex
1335 3049 1621 3104 Panthera;
1659 3058 1714 3105 et
1756 3052 1982 3119 virginis

2089 3059 2278 3129 σῶμα,
2311 3059 2388 3121 ὡς
2430 3058 2600 3112 οἴεται
2649 3057 2886 3120 Κέλσος,
2940 3056 3048 3109 ἀπὸ
3095 3054 3350 3124 Πανθήρα
3379 3053 3485 3124 (Ἰο)
3532 3072 3651 3125 μοι-

413 3144 678 3201 adulterio
710 3143 872 3216 352
913 3152 1095 3197 natum
1143 3143 1375 3197 fuisset?
1431 3143 1575 3197 Sane
1609 3157 1674 3197 ex
1717 3141 1820 3197 hoc
1873 3144 1979 3199 im-

412 3235 616 3304 pudico
659 3236 803 3289 coitu
857 3233 1143 3302 prodiisset
1191 3231 1373 3302 potius
1429 3231 1653 3288 insanus
1688 3235 1980 3303 quiSpiam,

414 3323 697 3377 hominum
752 3323 1054 3392 pernicies,
1113 3324 1547 3392 intemperantiae
1593 3335 1646 3380 et
1702 3327 1981 3396 iujustitiae

417 3414 857 3484 reliquorumque
915 3413 1170 3468 vitiorum
1229 3414 1510 3487 magister,
1558 3430 1720 3486 quam
1773 3427 1980 3489 tempe-

408 3611 760 3688 qttem__niodo
791 3625 1318 3688 commemoramus,
1371 3617 1497 3673 hinc
1546 3631 1610 3672 eo
1663 3617 1981 3688 proﬁcisci,

409 3688 468 3732 ct
529 3679 1062 3752 illinchuciredire
1093 3679 1436 3740 mortuorum
1482 3679 1726 3752 animas,
1767 3696 1820 3741 ct
1867 3679 1984 3744 ﬁeri

407 3761 478 3800 ex
519 3749 763 3831 mogtuis.
792 3769 811 3802 ι
847 3751 977 3806 Item
1024 3767 1149 3862 pag.
1183 3754 1246 3808 81
1286 3772 1300 3808 :
1344 3755 1424 3809 Tdt
1452 3758 1580 3810 ποῖα
1607 3757 1670 3829 δὴ
1701 3749 1870 3811 ταῦτα
1899 3758 1986 3811 λέ-

407 3831 560 3862 γεις-
609 3835 654 3862 ω
697 3818 982 3862 Σώκηατρτ·
1008 3838 1021 3850 ο
1057 3822 1100 3862 ﬂ
1126 3841 1183 3862 nu
1228 3824 1356 3862 enim
1407 3825 1501 3862 usu
1545 3828 1984 3862 vnn-mumn-vlmo

406 3831 560 3884 γεις,
609 3820 1183 3899 ῷηὶέώκρατεςιςοῖον
1228 3824 1356 3899 τοὺς
1404 3825 1501 3895 μὲν
1543 3820 1984 3899 γαστριμαργίας

405 3901 506 3976 si,
527 3887 658 3976 βκαξ
873 3930 887 3954 ,
923 3891 1018 3942 καὶ
1052 3886 1366 3976 ιριλοτὶησίας
1395 3886 1986 3976 ,μεμελετηκόταςξκριὶ

413 3955 490 4026 μὴ
522 3955 1130 4033 διευλαβημ-ἐνους-,Αὲίς
1156 3955 1360 4033 τῶν
1393 3955 1527 4016 ὃνὼν
1564 3955 1696 4033 γένίη
1741 3955 1984 4019 καῖ’τῶν

411 4024 671 4106 τοιούτων
703 4024 906 4106 θηρίων
939 4029 1085 4106 εἰκὸς
1118 4029 1418 4106 ἐνδύεσθαι,
1441 4043 1550 4106 etc.
1576 4024 1836 4106 'tAQ'ualia
1873 4037 1985 4106 haec

411 4103 541 4171 sunt
569 4111 688 4171 quae
718 4097 854 4151 dicis
881 4137 896 4161 ,
938 4097 1197 4171 Socrates
1212 4101 1247 4171 ?_
1271 4097 1739 4171 Quemadmodum
1767 4117 1860 4157 eos
1891 4103 1986 4171 qui

411 4165 760 4239 gulositates,
799 4169 1199 4239 contumelias,
1234 4168 1490 4239 lascivias
1516 4171 1845 4239 cogitarint,
1885 4165 1987 4227 nec

409 4233 479 4308 ab
525 4233 634 4288 illis
676 4236 840 4308 rebus
865 4240 1144 4308 caverint,
1184 4238 1234 4291 in
1285 4237 1563 4308 asinorum
1587 4233 1795 4308 'genera
1831 4233 1987 4296 simi-

406 4299 648 4374 liumque
671 4303 906 4358 ferarum
935 4306 1164 4359 formam
1195 4307 1344 4360 indui
1373 4299 1670 4362 verisimile
1697 4299 1802 4374 est,
1830 4329 1848 4362 ι
1876 4319 1982 4365 etc.

407 4369 822 4448 dee'euttidem
857 4374 1186 4448 inP‘ltazdra,
1219 4393 1341 4448 pag.
1367 4376 1495 4448 9.48;
1530 4380 1579 4431 in
1613 4369 1832 4441 Tima’o,
1859 4395 1981 4448 pag.

2085 3150 2372 3220 χεύσαντος
2436 3149 2530 3201 καὶ
2589 3147 2853 3220 παρθένου
2911 3144 3318 3217 μοιχευθείσης;
3394 3145 3488 3196 Ἐκ
3540 3143 3649 3216 γὰρ

2085 3239 2338 3293 τοιούτων
2376 3240 2622 3307 ἀνάγνων
2654 3237 2849 3308 μίξεων
2878 3237 2982 3290 ἔδει
3012 3236 3206 3306 μᾶλλον
3238 3234 3461 3305 ἀνόητόν
3503 3252 3647 3300 τινα,

2087 3330 2180 3382 καὶ
2204 3329 2470 3398 ὲπιϐλαὸῆ
2508 3331 2620 3391 τοῖς
2652 3326 2988 3399 ἀνθρώποις,
3017 3324 3330 3379 διδάσκαλον
3358 3325 3649 3389 ἀκολασίας

2086 3421 2177 3478 καὶ
2209 3421 2417 3487 ἀδικίας
2450 3421 2542 3474 καὶ
2569 3419 2676 3476 τῶν
2707 3419 2908 3474 λοιπῶν
2959 3417 3142 3472 κακῶν
3193 3417 3478 3487 γενέσθαι,
3529 3415 3652 3486 οὐχ).

2087 3627 2143 3672 et
2204 3617 2278 3670 De
2325 3616 2527 3684 faton
2567 3615 2748 3682 Quid?
2809 3614 3093 3670 Socratem
3153 3627 3332 3668 nonne
3423 3613 3648 3682 legimus

2091 3686 2547 3756 quemadmodum
2569 3686 2784 3756 notarit
2808 3684 3048 3754 Zopyrus
3079 3684 3530 3753 physiognomon,
3555 3687 3648 3752 qui

2089 3755 2146 3811 se
2180 3755 2538 3823 proﬁtebatur
2565 3755 2843 3808 hominum
2872 3769 3047 3808 mores
3078 3765 3406 3823 naturasque
3436 3768 3500 3806 ex
3526 3767 3652 3823 cor-

2089 3821 2443 3895 poreLoculis
2465 3863 2479 3888 ,
2511 3823 2656 3895 vultu
2682 3861 2698 3889 ,
2731 3823 2931 3895 fronte,
2956 3823 3319 3895 pernoscere?
3341 3821 3647 3895 _Stupidum

2089 3889 2208 3948 esse
2234 3892 2512 3947 Socratem
2533 3893 2669 3946 dixit
2689 3903 2743 3947 et
2766 3889 3013 3957 bardum,
3042 3891 3184 3959 quod
3207 3889 3388 3959 jugula
3413 3906 3651 3944 concava

2089 3978 2196 4017 nou
2225 3963 2482 4026 haberet;
2541 3961 2853 4016 obstructas
2898 3976 2992 4015 eas
3039 3970 3220 4029 partes
3263 3969 3317 4014 et
3368 3960 3650 4014 obturatas

2088 4046 2210 4086 esse
2256 4029 2512 4095 diccbat;
2554 4030 2764 4084 addidit
2821 4030 2986 4083 etiam
3018 4029 3405 4093 mulierosum,
3456 4030 3508 4081 in
3544 4044 3652 4096 quo

2086 4100 2398 4155 Alcibiades
2429 4099 2757 4153 cachinnum
2793 4098 2989 4152 tlicitur
3019 4098 3379 4162 sustulissep
3416 4112 3515 4151 nec
3547 4099 3651 4150 im-

2088 4169 2302 4234 merito,
2342 4169 2519 4237 qualis
2558 4168 2702 4221 enim
2753 4167 2842 4222 hic
2888 4166 3076 4237 fuerit,
3104 4167 3374 4237 conjicere
3395 4167 3544 4237 _licet_
3582 4181 3650 4219 ex

2087 4229 2334 4306 Platone,
2357 4229 2538 4291 'Alcib.
2569 4237 2774 4304 primo,
2816 4252 2938 4306 pag.
2986 4236 3090 4288 ηε
3123 4253 3135 4287 :
3167 4229 3257 4288 Σο).
3287 4236 3360 4306 δ’,
3389 4229 3433 4289 ὧ
3476 4235 3651 4306 Ἀλκι-

2090 4305 2247 4378 6Αιάδη
2267 4349 2281 4374 ,
2317 4306 2609 4378 Περικλῆς
2629 4304 3267 4378 ὲπέστνησεήπαιδαγωγὺν
3295 4305 3402 4378 τῶν
3431 4304 3652 4378 οἰκετῶν

2085 4372 2555 4448 τὸν-ἀχρειότατον
2575 4375 2716 4448 Αύπὸ-
2737 4372 2922 4448 γήρως
2941 4416 2971 4448 ,Α
2989 4372 3244 4448 Ζώπυρον
3292 4375 3384 4428 τὸν
3426 4374 3647 4448 Θρᾷκα’

408 4438 481 4493 42
501 4480 517 4505 ,
551 4451 604 4496 cl,
633 4441 711 4496 De
742 4447 945 4509 republ,
983 4445 1077 4499 lib.
1109 4438 1180 4497 χξ
1218 4438 1352 4498 Viae
1383 4438 1760 4504 ξιιιιιόιξιιίοηθε
1793 4438 1982 4505 aid-lin,
2016 4441 2061 4495 D
2095 4463 2114 4496 t
2141 4438 2442 4510 ’l‘ibi"vero,
2470 4438 2782 4498 Alcibiades
2797 4438 2828 4509 Ι..
2853 4438 3087 4498 Pericles
3116 4438 3234 4497 eum
3263 4457 3292 4495 e
3323 4438 3494 4498 servis
3516 4438 3651 4512 ’μΐὶἓο

407 4523 440 4562 ν
489 4519 674 4563 contra
704 4513 947 4575 Celsum,
986 4530 1135 4566 nntn.
1170 4517 1261 4567 ‘2l.
1301 4514 1568 4569 SPENCER.

2095 4514 2223 4584 fecit
2250 4515 2597 4584 paedagogum
2635 4515 2724 4580 qui
2758 4513 3323 4584 prteseniowomnium
3359 4521 3441 4565 est
3480 4513 3651 4584 inuti-

481 4579 591 4652 (64)
646 4581 1082 4652 Ἐμπεδοκλέα,
1125 4582 1311 4652 Laert.
1367 4585 1420 4636 in
1478 4585 1780 4652 Empedocl.
1830 4609 1847 4640 .-
1880 4587 1982 4640 Kal

2093 4579 2372 4652 lissinius.
2408 4579 2694 4652 'Zopyruni
2752 4579 3001 4636 videlicet
3055 4582 3347 4637 Thracem.
3379 4599 3396 4632 ι
3473 4583 3540 4638 Et
3585 4596 3648 4635 ex

407 4646 506 4765 ᾗὴν
525 4646 720 4767 {tome
745 4653 970 4704 παντοῖα
1016 4651 1128 4720 εἴδη
1165 4651 1320 4714 ζώων
1353 4653 1444 4704 καὶ
1475 4646 1655 4719 φυτῶν
1685 4655 1984 4710 ἐνδύεσθαι.

455 4732 524 4770 ησ
580 4733 709 4770 γουν
732 4733 748 4748 ο
800 4754 811 4761 -

648 4733 748 4768 υν·
800 4754 811 4761 -

411 4733 452 4765 Ψ
494 4733 548 4767 σι
617 4733 709 4770 ουν
732 4733 748 4748 ο
800 4754 811 4761 -

411 4733 556 4880 ’ἕδη
580 4733 701 4874 ζ’άο
731 4811 860 4861 ποτ’
879 4809 993 4878 ἐγὼ
1023 4813 1282 4880 γενόμην
1315 4811 1534 4879 κοῦρός
1557 4828 1640 4873 τε,
1666 4814 1813 4879 κόρη
1836 4830 1919 4875 τε,

409 4873 642 4943 Θάμνὸς
670 4879 739 4941 τ’,
766 4873 972 4944 οἰωνός
991 4873 1072 4943 τὲ,
1094 4873 1194 4933 mil
1226 4873 1294 4944 ἐξ
1325 4873 1473 4947 ἁλῦς
1503 4873 1767 4950 ἓμπιιροξν
1796 4873 1981 4951 ἰχθῦς.

411 4963 581 5041 Ιχᾳηι,
612 4968 842 5034 meinini,
864 4969 1088 5041 fueram
1119 4974 1383 5040 quondam
1411 4989 1560 5041 puer,
1597 4985 1752 5041 atque
1779 4973 1977 5041 puella,

413 5032 737 5103 Plautoque,
769 5032 834 5091 eti
857 5032 1054 5106 ignitus
1087 5032 1241 5108 piscis
1261 5081 1276 5107 ,
1313 5032 1597 5165 perhixqge
1627 5032 1878 5097 volucris.

1576 5126 1801 5165 rescsn.

1576 5126 1801 5170 PENCER.

479 5198 589 5268 (65)
628 5197 769 5274 Tres
799 5198 1088 5274 Anglicani
1120 5208 1200 5253 ἐι
1248 5198 1529 5267 Jolianus,
1587 5202 1648 5256 οὐ
1695 5203 1978 5274 δεδεῆσθαι

407 5271 663 5340 σώματος
706 5270 862 5339 μόνον
881 5268 911 5334 ,⁷⁷
945 5268 1038 5332 ὡς.

478 5338 593 5412 (66)
637 5338 857 5412 Regius
907 5348 961 5393 et
1036 5338 1401 5412 Basileensis,
1441 5341 1974 5412 Ad‘JTLlaP6dVOUCa.

407 5406 574 5484 Paulo
623 5419 785 5484 post;
827 5410 1089 5484 ἄγευστος
1231 5409 1375 5484 ψυχὴ
1434 5406 1706 5484 διαμεῖναι
1751 5412 1974 5484 δυνηθῇ.

419 5477 480 5530 'll
512 5479 654 5548 ψυχή
685 5477 898 5550 videtur
924 5479 1118 5535 Guieto
1149 5477 1410 5534 inutiliter
1431 5477 1718 5550 repetitum
1761 5491 1816 5536 et
1863 5477 1976 5536 ine-

407 5561 523 5600 rum
547 5563 668 5602 esse
705 5548 994 5615 glossema.

479 5616 589 5685 (67)
631 5617 930 5690 quzyipov.
973 5618 1484 5690 Eusebiu§,__lib._vr
1511 5658 1525 5685 ,
1553 5635 1672 5690 cap.
1700 5619 1752 5686 9,
1789 5619 1969 5690 Prwp.

407 5699 586 5753 euang.
622 5700 685 5740 ex
716 5685 866 5742 Alex.
904 5688 1145 5760 Aphrod.
1197 5687 1358 5758 Tull.,
1409 5688 1502 5745 lib.
1561 5685 1636 5746 ιγ’
1678 5685 1831 5746 Tusc.
1866 5685 1968 5758 Qu.

2090 4650 2384 4720 Plutarcho
2419 4653 2472 4704 in
2500 4650 2761 4720 Lycurgo.
2802 4653 3064 4706 SPENCER.

2185 4719 2272 4789 68)
2339 4719 2560 4786 Λόξουῤ
2614 4721 2861 4786 Albert.,
2913 4723 3004 4775 lib.
3061 4737 3076 4774 l
3155 4720 3228 4774 De
3282 4719 3596 4773 animalibus
3630 4735 3649 4772 :

2097 4807 2115 4839 ι
2142 4790 2213 4842 Ut
2241 4797 2419 4843 autem
2458 4790 2650 4843 melius
2691 4792 2933 4845 sciantur
2971 4805 3032 4843 ea
3085 4805 3204 4857 qua:
3230 4790 3456 4844 dicenda
3490 4799 3646 4852 sunt,

2091 4872 2357 4927 ponemus
2390 4858 2722 4926 singulorum
2764 4860 3130 4912 membrorum
3159 4873 3256 4925 per
3287 4874 3346 4913 se
3381 4859 3649 4924 signiﬁca-

2087 4928 2295 4998 tiones;
2329 4938 2621 4998 sequentes
2643 4935 2893 4982 auctores
2914 4943 3138 4998 tnagnos
3163 4927 3466 4994 hujusmodi
3491 4929 3647 4990 artis,

2084 4996 2429 5059 Aristotelem
2465 4996 2716 5051 videlicet
2751 4996 3181 5057 etAvicennam,
3211 4997 3647 5059 Constantinum,

2085 5076 2141 5120 et
2167 5066 2372 5135 ipsum,
2425 5079 2584 5134 quem
2619 5068 2962 5120 commendat
2999 5066 3342 5130 Aristoteles,
3373 5064 3645 5119 Philemo-

2085 5133 2205 5188 neui
2227 5174 2242 5199 ,
2261 5133 2466 5188 Loxuru
2490 5149 2725 5203 quoque,
2747 5146 2800 5188 et
2829 5135 3183 5189 Palaemonem
3201 5135 3642 5196 declamatorem;

2082 5204 2170 5270 qui
2227 5203 2292 5257 de
2322 5204 2809 5275 physiognomonia
2842 5203 3374 5275 perfectius_c:eteris
3405 5204 3642 5257 tradide-

2081 5282 2224 5326 runt.
2264 5291 2282 5324 ι
2321 5272 2450 5326 ltein
2481 5272 2573 5327 lib.
2606 5288 2660 5336 ι,
2699 5283 2857 5329 tract.
2888 5273 2951 5336 2,
2982 5287 3102 5340 cap.
3133 5272 3186 5325 2.
3245 5273 3504 5326 SPENCER.

2149 5340 2261 5412 (69)
2314 5342 2683 5410 Πολέμωνος.
2741 5342 3087 5396 Atheniensis
3135 5350 3286 5404 erat,
3351 5350 3404 5393 et
3449 5341 3641 5412 librum

2078 5409 2294 5479 scripsit
2325 5413 2400 5466 De
2448 5409 2874 5475 interpretatione
2911 5413 3185 5478 signorum
3217 5421 3442 5466 natura.
3476 5409 3638 5461 Eum-

2075 5482 2195 5534 tletn
2257 5481 2506 5535 Nicolaus
2580 5479 2826 5533 Petreius
2894 5480 3189 5533 Latinitate
3246 5481 3498 5541 donarit,
3581 5485 3639 5530 et

2077 5549 2368 5619 Gryphius,
2402 5565 2544 5604 anno
2567 5550 2720 5604 Dom.
2745 5549 2904 5616 1559.,
2938 5550 3178 5604 Venetiis
3206 5549 3448 5602 excudit.
3472 5548 3632 5601 Gesn.

2075 5620 2129 5673 in
2167 5619 2416 5672 Biblioth.
2459 5619 2719 5674 Srsscsn.

2146 5688 2257 5760 (70)
2312 5687 2480 5746 Codd.
2517 5689 2716 5760 Regius
2745 5696 2797 5745 et
2820 5687 3165 5754 Basileensis,
3198 5686 3305 5740 ἀπὸ
3330 5683 3634 5754 Πάνθηρος.
