3988 6156
367 269 468 328 727

1811 269 2146 327 ORIGENIS.

3510 271 3625 329 728

359 393 618 463 deinceps
648 411 662 446 :
703 411 721 444 ι
758 393 856 449 Sin
887 404 1066 449 autem
1099 392 1152 448 in
1187 408 1318 464 agro
1365 395 1626 463 repererit
1657 394 1740 449 vir
1774 376 1940 464 puel-

2052 411 2097 446 τι
2141 394 2240 446 οὐκ
2275 392 2499 464 ὲὸόησεν
2535 393 2591 444 ὲν
2620 395 2687 463 τῇ
2719 391 2869 445 πόλει
2893 408 2904 420 ·
2945 389 3038 445 καὶ
3069 388 3159 444 τὸν
3184 390 3489 463 ἄνθρωπον,
3525 393 3625 445 ἐπὶ

357 482 490 550 iam,
505 498 628 554 quae
650 486 974 554 desponsata
995 493 1094 548 est,
1113 493 1166 537 et
1191 485 1600 553 apprehendens
1624 488 1934 539 concubue-

361 576 435 629 rit
465 591 588 631 cum
620 591 704 639 ea,
743 577 858 644 ipse
891 576 1150 628 morietur
1177 574 1344 637 solus,
1380 575 1555 641 puella
1589 575 1723 628 nihil
1755 575 1929 643 patie-

363 672 474 727 tur,
510 679 608 720 nec
636 673 720 720 est
756 679 844 719 rea
876 664 1063 718 mortis
1086 663 1150 714 ⁹¹.
1197 681 1218 714 ι

2045 482 2201 552 λόγου
2225 524 2240 547 ,
2302 484 2434 537 διότι
2491 485 2822 537 ἐταπείνωσε
2867 483 2966 552 τὴν
3001 485 3230 550 γυναῖκα
3269 484 3364 536 τοῦ
3397 483 3628 554 πλησίον

2039 574 2226 626 αὐτοῦ.
2257 593 2274 624 ι
2306 574 2416 626 Καὶ
2443 574 2566 643 ἑξῆς
2593 591 2605 603 ο
2639 593 2656 625 t
2701 572 2965 627 Ἐανδὲὲν
2986 575 3154 644 πεδίῳ
3175 574 3307 645 εὕρῃ
3338 574 3629 646 ἄνθρωπος

2036 662 2136 734 τὴν
2170 667 2332 719 παῖδα
2367 665 2480 736 (74)
2512 665 2608 736 τὴν
2634 663 3136 736 μεμνηστευμένην,
3169 667 3261 717 καὶ
3298 664 3628 734 βιασάμενος

359 756 533 828 αὐτὴν
565 760 594 811 6
616 757 897 828 ἄνθρωπος
927 756 1164 827 κοιμηθῇ
1221 757 1338 827 μετ’
1396 756 1584 827 αὐτῆς,
1620 759 1967 810 ἀποκτενεῖτε
2000 759 2092 810 τὸν
2126 759 2412 830 ἄνθρωπον
2442 759 2534 813 τὸν
2567 759 2905 830 κοιμώμενον
2945 760 3058 828 μετ’
3103 759 3268 830 αὐτῆς
3305 762 3492 829 μόνον·
3527 760 3628 812 καὶ

359 853 429 921 τῇ
459 852 656 906 νεάνιδι
686 852 746 903 οὐ
782 853 1035 922 ποιήσετε
1063 852 1218 904 οὐδέν
1237 869 1250 880 ·
1283 852 1384 904 οὐκ
1414 852 1529 905 ἐστι
1563 856 1627 923 τῇ
1658 853 1856 905 νεάνιδι
1890 853 2193 924 ἁμάρτημα
2222 853 2470 909 θανάτου.
2515 875 2532 906 ›

432 942 521 999 55.
555 944 623 996 At
660 957 728 998 ne
752 942 1036 997 videamur
1065 942 1390 998 Hebraicam
1427 945 1684 999 adhibere
1727 962 1934 1010 vocem,

359 1045 419 1090 ut
449 1035 536 1098 iis,
563 1034 653 1104 qui
679 1049 745 1088 an
787 1035 914 1090 huic
937 1037 1340 1097 assentiendum
1359 1039 1427 1090 sit
1446 1051 1638 1101 necne,
1670 1039 1932 1106 nescium,

359 1128 783 1196 persuadeamus
836 1139 904 1179 ex
953 1127 1169 1195 virgine
1221 1135 1428 1190 ortum,
1479 1127 1546 1180 de
1575 1128 1727 1197 cujus
1774 1144 1937 1195 gene-

363 1217 570 1272 ratione
595 1215 799 1271 dictum
823 1225 928 1281 est,
961 1235 980 1268 ‹
1019 1215 1307 1272 Nobiscum
1343 1217 1481 1272 Deus
1512 1236 1524 1270 :
1562 1238 1579 1270 ι
1603 1235 1630 1271 a
1661 1220 1936 1288 prophetis

359 1307 531 1363 fuisse
565 1307 969 1377 pronuntiatum
998 1323 1014 1372 ;
1055 1322 1156 1377 age
1186 1323 1252 1360 ex
1305 1307 1551 1376 ipsismet
1584 1309 1760 1364 verbis
1791 1311 1935 1378 quod

361 1397 560 1451 dicitur
639 1404 971 1450 astruamus.
1044 1395 1309 1449 Narratur
1392 1397 1654 1451 Dominus
1734 1399 1938 1453 dixisse

360 1487 583 1542 Achaz:
623 1506 640 1537 ι
681 1486 809 1541 Pete
858 1486 955 1540 tibi
1003 1486 1216 1555 signum
1275 1501 1304 1538 a
1346 1487 1570 1542 Domino
1617 1488 1724 1542 Deo
1762 1491 1934 1543 tuoin

362 1575 691 1644 profundum
739 1575 854 1630 sive
907 1575 958 1628 in
1010 1574 1304 1629 excelsum.
1352 1594 1370 1625 ›
1409 1573 1668 1643 Sequitur
1720 1577 1933 1645 signum

363 1665 550 1718 datum
575 1703 593 1731 ,
643 1677 835 1730 nempe
877 1677 892 1715 :
930 1681 949 1713 ι
985 1662 1128 1716 Ecce
1159 1663 1315 1730 virgo
1359 1663 1630 1730 concipiet
1667 1671 1720 1715 et
1764 1664 1938 1732 pariet

2116 945 2234 997 Ἵνα
2273 946 2329 998 δὲ
2372 945 2446 1018 μή
2495 945 2739 1016 δοκῶμεν
2781 946 2890 999 ἀπὸ
2935 943 3129 1009 λέξεως
3176 945 3467 1017 Ἐϐραῖκῆς
3509 951 3628 1011 τοῖς

2045 1038 2119 1110 μὴ
2141 1039 2250 1111 (75)
2276 1039 2748 1110 καταλαμϐάνουσι
2773 1039 2998 1108 πότερον
3030 1039 3456 1106 συγκαταθετέον
3481 1042 3625 1111 αὐτῇ

2044 1130 2076 1199 ἢ
2116 1130 2208 1200 μή,
2243 1130 2428 1201 φέρειν
2462 1129 2811 1201 παραμυθίαν
2841 1128 2968 1199 περὶ
2999 1127 3113 1192 τοῦ,
3148 1131 3430 1200 προφήτην
3472 1133 3628 1201 εἰρη-

2045 1221 2199 1274 κέναι
2249 1223 2312 1274 ἐκ
2361 1221 2632 1292 παρθένου
2688 1219 3044 1291 τεχθήσεσθαι
3097 1221 3304 1284 τοῦτον,
3336 1222 3420 1290 ἐφ’
3469 1216 3526 1275 οῦ
3551 1225 3627 1292 τῇ

2042 1308 2250 1374 γενέσει
2279 1309 2525 1363 λέλεκται
2548 1309 2628 1374 τὸ,
2667 1329 2686 1360 ‹
2723 1309 2857 1363 Μεθ’
2887 1308 3042 1379 ἡμῶν
3069 1310 3097 1360 6
3123 1309 3272 1372 Θεόςο
3309 1329 3327 1362 ι
3355 1310 3506 1381 φέρε,
3532 1312 3630 1364 ἐπ’

2043 1397 2212 1468 αὐτῆς
2253 1399 2364 1469 (76)
2394 1400 2495 1470 τῆς
2523 1399 2719 1466 λέξεως
2745 1398 3270 1470 παραμυθησώμεθα
3312 1400 3370 1452 τὸ
3393 1401 3631 1472 λεγόμε-

2041 1506 2149 1541 νον.
2213 1491 2271 1541 '0
2341 1491 2437 1561 μὲν
2492 1491 2696 1562 Κύριος
2757 1491 3168 1562 ἀναγέγραπται
3218 1493 3496 1562 εἰρηκέναι
3545 1493 3634 1564 τῷ

2055 1579 2219 1649 Ἀχάζ
2237 1598 2249 1610 ο
2291 1600 2308 1631 ι
2345 1582 2573 1652 Αἴτησαι
2605 1581 2814 1652 σεαυτῷ
2846 1586 3068 1652 σημεῖον
3113 1582 3263 1653 παρὰ
3298 1583 3501 1654 Κυρίου
3527 1583 3631 1636 τοῦ

2043 1670 2178 1722 Θεοῦ
2207 1688 2297 1723 σου
2322 1674 2400 1735 εἰς
2431 1671 2594 1742 βάθος
2627 1674 2658 1742 ἢ
2688 1675 2766 1736 εἰς
2796 1672 2946 1741 ὕψος.
2965 1693 2981 1724 ι
3003 1674 3158 1743 Ἑξῆς
3184 1675 3239 1726 δὲ
3264 1675 3323 1726 τὸ
3351 1675 3632 1745 διδόμενον

366 1757 557 1810 ﬁlium.
601 1775 620 1807 ι
657 1755 873 1824 Ecquod
900 1762 1081 1807 autem
1111 1754 1320 1821 signum
1357 1762 1442 1806 est
1481 1767 1674 1820 parere
1704 1753 1933 1822 puellam

2052 1763 2288 1829 σημεῖον,
2320 1760 2399 1824 τὸ,
2436 1781 2454 1814 ι
2500 1762 2628 1814 Ἰδοὺ
2657 1765 2688 1831 ή
2725 1762 2988 1832 παρθένος
3016 1765 3073 1816 ἐν
3103 1764 3302 1833 γαστρὶ
3333 1762 3442 1827 ἕξει
3462 1802 3478 1827 ,
3528 1765 3633 1817 καὶ

367 1860 476 1898 non
507 1843 820 1912 virginem?
868 1843 933 1896 Et
973 1843 1078 1895 utri
1127 1841 1340 1895 mulieri
1367 1842 1540 1910 magis
1566 1842 1817 1896 convenit
1845 1856 1938 1910 ge-

366 1936 554 1990 nuisse
584 1933 899 1988 Emmanuel
929 1942 1023 1988 aut
1047 1932 1336 1988 Nobiscum
1367 1933 1563 1998 Deum,
1592 1933 1639 1987 ei
1659 1973 1672 1997 ,
1703 1949 1822 2002 qua!
1859 1933 1938 1986 vi-

368 2041 488 2083 rum
519 2036 742 2095 experta
769 2027 927 2082 solito
960 2027 1282 2079 feminarum
1310 2041 1460 2080 more
1489 2026 1802 2092 conceperit
1827 2043 1840 2090 ;
1870 2042 1934 2078 an

366 2118 469 2182 illi,
497 2133 616 2188 qua:
637 2133 774 2188 pura
805 2125 857 2172 et
884 2117 1086 2171 intacta
1114 2117 1266 2186 virgo
1291 2119 1539 2186 concepit
1562 2119 1584 2170 ?
1607 2117 1766 2172 Certe
1799 2120 1938 2171 hanc

367 2209 540 2279 magis
565 2212 719 2264 decet
742 2223 1002 2278 generare
1032 2209 1235 2277 prolem
1293 2210 1359 2262 de
1393 2225 1496 2276 qua
1531 2217 1656 2262 nata
1695 2209 1934 2263 dicatur:

369 2319 393 2353 ‹
432 2299 722 2355 Nobiscum
753 2300 914 2354 Deus.
954 2317 972 2349 ι
1009 2300 1067 2352 Si
1099 2299 1220 2368 quis
1249 2299 1534 2353 cavilletur
1581 2300 1786 2354 dictum
1819 2315 1940 2355 esse

369 2393 550 2447 Achaz
581 2414 592 2446 :
621 2410 641 2443 ι
680 2390 808 2446 Pete
858 2391 953 2444 tibi
1003 2390 1216 2459 signum
1269 2406 1296 2442 a
1343 2388 1570 2444 Domino
1603 2390 1708 2444 Deo
1735 2399 1826 2444 tuo
1864 2409 1879 2457 ;
1915 2411 1933 2442 ι

367 2483 824 2553 interrogabimus
877 2483 1000 2551 quis
1053 2483 1390 2550 temporibus
1443 2484 1629 2538 Achaz
1692 2484 1941 2552 genuerit

365 2575 575 2644 prolem
622 2574 690 2630 de
735 2589 842 2643 qua
894 2583 1022 2628 nata
1063 2575 1270 2626 dictmu
1312 2575 1421 2640 sit,
1458 2591 1477 2624 ι
1537 2574 1877 2638 Emmanuel,
1915 2594 1934 2627 ι

371 2667 512 2736 quod
539 2675 644 2730 cst,
682 2682 700 2716 ι
737 2664 1032 2720 Nobiscum
1067 2665 1230 2719 Deus.
1270 2683 1290 2716 ι
1325 2663 1479 2730 Quod
1511 2664 1556 2719 si
1582 2665 1758 2719 nullus
1793 2666 1942 2720 inve-

371 2759 574 2822 niatur,
602 2755 946 2811 manifestum
982 2764 1067 2810 est
1095 2757 1144 2809 id
1177 2755 1322 2823 quod
1364 2755 1565 2809 dictum
1608 2756 1710 2810 fuit
1735 2758 1939 2823 Achaz,

367 2849 554 2904 domui
581 2849 748 2903 David
778 2849 981 2904 dictum
1014 2846 1184 2901 fuisse
1211 2865 1225 2912 ;
1255 2846 1380 2911 quia
1411 2846 1711 2915 Scriptura:
1738 2856 1943 2902 testan-

368 2950 460 2991 tur
493 2938 828 2992 Salvatorem
876 2935 1174 2992 secundum
1222 2951 1442 2990 carnem
1481 2949 1544 2990 ex
1587 2935 1806 2989 Davidis
1858 2950 1944 2988 se-

371 3032 519 3085 mine
549 3041 730 3084 natum
751 3044 872 3085 esse
893 3031 960 3081 ⁹².
988 3029 1213 3096 Signum
1243 3037 1422 3081 autem
1454 3028 1656 3082 dicitur
1689 3045 1708 3078 ι
1745 3028 1797 3081 iu
1824 3042 1946 3095 pro-

2041 1851 2250 1914 τέξεται
2307 1853 2438 1904 υἱόν.
2497 1873 2514 1904 ι
2565 1853 2723 1904 Ποῖον
2763 1849 2854 1904 οὖν
2905 1857 3131 1922 σημεῖον
3170 1852 3230 1906 τὸ
3281 1853 3496 1907 νεάνιδα
3549 1855 3630 1925 μὴ

2045 1943 2307 2013 παρθένον
2335 1947 2514 1996 τεκεῖν
2539 1961 2553 2008 ;
2583 1946 2690 1996 Καὶ
2726 1944 2832 1996 τίνι
2880 1944 3077 2014 μᾶλλον
3105 1941 3332 2014 ἁρμόζει
3362 1945 3632 2016 γεννῆσαι

2055 2035 2424 2106 Ἐμμανουήλ,
2457 2037 2720 2099 τουτέστι,
2762 2037 2894 2089 Μεθ’
2943 2036 3098 2106 ήμῶν
3124 2040 3152 2090 6
3181 2037 3344 2100 Θεός’
3377 2034 3486 2108 ἆρα
3530 2056 3633 2106 γυ-

2045 2129 2190 2180 ναικὶ
2245 2128 2726 2199 συνουσιασθείσῃ,
2780 2129 2876 2182 καὶ
2929 2128 3018 2181 διὰ
3062 2129 3268 2193 πάθους
3309 2131 3628 2198 γυναικείου

2044 2218 2401 2290 συλλαϐούσῃ,
2435 2220 2467 2289 ἦ
2505 2219 2584 2272 ἔτι
2617 2219 2832 2290 καθαρᾷ
2876 2219 2970 2272 καὶ
3008 2220 3142 2289 ἁγνῇ
3182 2219 3434 2291 παρθένῳ
3467 2221 3626 2291 (77);

2045 2312 2216 2384 ταύτῃ
2252 2311 2360 2382 γὰρ
2390 2313 2586 2381 πρέπει
2613 2313 2806 2382 γεννᾷν
2850 2313 3116 2382 γέννημα,
3169 2313 3256 2380 ἐφ’
3298 2305 3343 2378 ᾧ
3381 2311 3630 2381 τεχθέντι

2041 2400 2255 2468 λέγεται
2279 2400 2358 2462 τὸ,
2389 2400 2524 2453 Μεθ’
2553 2400 2709 2470 ήμῶν
2738 2403 2766 2453 6
2795 2400 2945 2463 Θεός.
2991 2401 3115 2452 Ἐάν
3139 2400 3196 2451 δὲ
3228 2401 3321 2452 καὶ
3352 2399 3523 2464 οὕτως
3546 2403 3631 2452 εὑ-

2045 2491 2296 2562 ρεσιλογῇ
2329 2490 2530 2558 λέγων,
2581 2491 2663 2543 ὅτι
2707 2490 2786 2560 τῷ
2845 2487 3010 2559 Ἀχὰζ
3047 2489 3291 2560 εἴρηται,
3345 2508 3363 2542 t
3396 2490 3630 2560 Αἴτησαι

2047 2581 2292 2648 σεαυτῷ
2315 2586 2537 2652 σημεῖον
2563 2581 2712 2652 παρὰ
2739 2581 2942 2652 Κυρίου
2973 2579 3067 2632 τοῦ
3093 2580 3226 2632 Θεοῦ
3248 2597 3340 2632 σου
3364 2596 3377 2610 ·
3419 2599 3439 2632 ι
3460 2581 3626 2634 ἀπαι-

2041 2679 2298 2746 τήσομεν,
2334 2673 2474 2727 κατὰ
2517 2675 2644 2737 τοὺς
2690 2673 2916 2744 χρόνους
2952 2671 3046 2724 τοῦ
3091 2669 3256 2740 Ἀχάζ
3280 2670 3366 2734 τίς
3403 2673 3629 2741 ἐγέννη-

2047 2783 2136 2818 σεν
2162 2765 2293 2836 (78),
2319 2766 2404 2834 ἐφ’
2430 2759 2489 2818 οῦ
2511 2767 2576 2834 τῇ
2603 2763 3046 2832 γενέσειλέγεται
3072 2760 3133 2812 τὸ
3159 2779 3178 2812 ι
3210 2761 3574 2831 Ἐμμανουήλ,
3603 2779 3624 2811 ι

2043 2857 2070 2908 ὃ
2103 2856 2238 2920 ἐστι,
2279 2874 2298 2906 ι
2339 2853 2471 2908 Μεθ’
2506 2855 2661 2925 ήμῶν
2694 2856 2721 2906 6
2753 2855 2919 2918 Θεός;
2962 2873 2980 2905 ›
3011 2855 3074 2906 Εἰ
3125 2852 3233 2923 γὰρ
3267 2852 3444 2914 οὐδεὶς
3474 2853 3629 2922 εὑρε-

2045 2945 2288 3017 θήσεται,
2335 2946 2577 3016 δηλονότι
2610 2946 2671 2999 τὸ
2721 2946 2797 3016 τῷ
2839 2945 3004 3016 Ἀχάζ
3055 2944 3346 3017 εἰρημένον
3376 2943 3452 3010 τῷ
3491 2942 3629 3012 οἴκῳ

2047 3035 2260 3107 εἴρηται
2303 3036 2485 3098 Δαυὶδ,
2522 3037 2609 3090 διὰ
2651 3038 2712 3090 τὸ
2765 3040 2828 3090 ἐκ
2881 3039 3191 3108 σπέρματος
3239 3034 3402 3087 Δαυὶδ
3433 3034 3631 3101 ἀναγε-

373 3123 599 3176 l‘undum
653 3131 747 3174 aut
797 3123 852 3174 in
899 3119 1172 3174 excelsum
1227 3140 1246 3171 ι
1282 3135 1401 3174 esse
1458 3121 1786 3189 petendum,
1821 3137 1947 3190 pro-

2052 3103 2289 3198 γράφθαι
2319 3128 2408 3180 τὸν
2429 3127 2658 3199 Σωτῆρα
2682 3127 2963 3196 γεγονέναι
2987 3103 3056 3180 -τδ
3077 3125 3218 3180 κατὰ
3244 3125 3442 3197 σάρκα.
3469 3123 3631 3176 Ἀλλὰ

374 3224 563 3284 pterea
598 3214 738 3282 quod
773 3231 791 3265 ι
825 3215 918 3281 qui
950 3213 1225 3267 descendit
1251 3251 1265 3275 ,
1296 3212 1410 3280 ipse
1435 3221 1517 3268 est
1553 3222 1607 3266 et
1631 3212 1725 3281 qui
1754 3229 1946 3266 ascen-

374 3305 459 3357 dit
509 3320 670 3374 super
717 3320 906 3359 omnes
962 3303 1129 3358 caelos
1157 3343 1173 3368 ,
1218 3311 1278 3356 ut
1332 3302 1579 3370 impleret
1615 3305 1795 3362 omnia
1819 3303 1885 3359 ”.
1924 3323 1942 3355 ι

375 3399 552 3464 Atque
579 3396 691 3449 hare
739 3397 860 3450 dico
895 3396 1046 3465 quasi
1080 3411 1192 3449 rem
1235 3394 1444 3449 habens
1485 3410 1606 3449 cum
1637 3393 1826 3450 Judaeo
1857 3397 1949 3465 qui

375 3488 673 3557 prophetia:
721 3489 966 3556 adjungit
1014 3487 1192 3542 fidem.
1240 3486 1395 3542 Dicat
1441 3501 1571 3540 vero
1619 3486 1809 3542 Celsus
1859 3494 1952 3539 aut

377 3579 571 3646 aliquis
617 3579 734 3648 ejus
776 3580 1065 3645 sodalium,
1097 3595 1202 3648 qua
1239 3589 1418 3632 mente
1449 3579 1710 3646 propheta
1747 3580 1812 3632 de
1860 3578 1946 3630 fu-

379 3672 516 3726 turis
560 3673 673 3726 ltace
720 3671 892 3726 aliave
946 3673 1000 3725 in
1050 3671 1348 3740 prOphetiis
1405 3671 1604 3738 scripta
1663 3670 1950 3738 przedicat,

378 3776 692 3832 praesagane
723 3761 1022 3816 futurorum
1052 3775 1231 3814 annon
1256 3761 1278 3814 ?
1303 3758 1436 3814 Nam
1465 3761 1509 3814 si
1540 3762 1766 3829 praescia
1801 3761 1950 3815 fulu-

383 3868 593 3916 rorum,
640 3853 884 3907 divinum
923 3851 1188 3920 Spiritutn
1218 3849 1490 3904 habebant
1514 3853 1832 3921 prophetat:
1868 3855 1951 3906 sin

383 3943 688 3998 futurorum
720 3945 929 4012 ignara,
969 3942 1201 4011 explicet
1239 3941 1513 4010 quodnam
1549 3945 1747 3998 mentis
1783 3959 1954 4011 genus

383 4033 603 4099 habeat,
639 4034 730 4101 qui
757 4043 864 4088 tam
891 4033 1147 4086 audacter
1185 4030 1252 4083 de
1282 4030 1481 4085 futuris
1511 4035 1671 4087 rebus
1701 4049 1951 4103 pronun-

383 4123 505 4188 tiat,
532 4131 588 4178 et
619 4123 710 4193 qui
743 4122 1048 4191 prophetiis
1090 4123 1144 4176 in
1181 4122 1267 4177 sui
1297 4120 1716 4174 admirationem
1743 4118 1957 4173 Judaeos

384 4215 548 4286 rapit.

451 4397 543 4451 36.
589 4396 856 4464 Quoniam
902 4410 1033 4451 vero
1085 4396 1140 4449 in
1185 4397 1570 4465 prOphctarum
1623 4393 1954 4447 mentionem
1992 4435 2034 4489 υ

384 4488 692 4554 incidimus,
739 4503 844 4541 non
889 4485 1088 4542 ludatis
1151 4496 1398 4548 tantum,
1451 4485 1542 4552 qui
1589 4485 1816 4538 credunt
1863 4497 1957 4536 eos

382 4575 569 4631 divino
601 4575 806 4644 Spiritu
838 4576 1047 4629 locutos
1077 4573 1266 4638 fuisse,
1299 4574 1448 4627 utilia
1480 4571 1644 4642 354.
1658 4581 1819 4626 erunt
1839 4585 1957 4638 qua:

387 4667 623 4721 addituri
669 4682 880 4726 sumus,
926 4667 1022 4720 sed
1066 4666 1228 4718 etiam
1282 4665 1368 4727 iis,
1406 4665 1497 4732 qui
1548 4665 1687 4716 inter
1735 4662 1957 4716 Graecos

386 4760 527 4829 aequi
560 4758 780 4814 fuerint.
834 4758 928 4811 [lis
979 4772 1110 4826 ergo
1143 4759 1374 4811 dicimus
1413 4756 1809 4810 admittendum
1841 4769 1958 4808 esse

388 4851 716 4913 necessario,
743 4849 884 4918 apud
903 4847 1117 4903 Iudaeos
1147 4850 1312 4905 fuisse
1341 4849 1627 4918 prepltetas
1652 4865 1664 4901 :
1689 4846 1958 4913 siquidem

389 4942 448 5000 in
480 4943 621 4997 datis
652 4942 754 4997 sibi
801 4943 1012 5012 legibus
1058 4941 1358 5008 contineri,
1409 4941 1634 4994 credere
1681 4938 1959 4992 Conditori

391 5034 845 5107 quemadmodum
875 5042 1214 5103 acceperant,
1248 5049 1347 5088 nec
1397 5049 1426 5086 a
1460 5032 1573 5101 lege
1617 5031 1961 5084 occasionem

460 5149 505 5181 "
537 5145 948 5208 Deut.xxv,26.
1027 5147 1072 5177 “
1098 5134 1251 5201 Joan.
1282 5162 1377 5210 vu,
1398 5144 1488 5201 42.

400 5475 575 5545 Regio
606 5487 664 5531 ct

467 5548 578 5617 (75)

734 5478 984 5553 asileensi
1000 5473 1250 5553 —dees_l._t:>
1282 5473 1586 5553 ἄνθρωπος.

396 5613 525 5688 Post
562 5613 1100 5688 vocetur'ElSpaizﬁ;
1159 5615 1355 5672 Guielo
1414 5613 1709 5670 de'siderari
1759 5613 1970 5668 videtur

395 5687 492 5757 τῆς
515 5685 866 5758 προφητείας.

659 5547 790 5601 Ἀπὸ
857 5546 1079 5611 λέξεως
1143 5541 1458 5612 Ἑϐραϊκῆς
1511 5543 1635 5609 τοῖς
1686 5541 1808 5612 μή,
1859 5551 1966 5594 etc.

2049 3219 2142 3270 καὶ
2175 3218 2234 3270 τὸ
2268 3221 2488 3288 σημεῖον
2517 3217 2674 3270 τοῦτο
2711 3238 2728 3268 ι
2751 3219 2829 3281 είς
2857 3218 3015 3287 βάθος
3041 3218 3073 3288 ἢ
3104 3220 3183 3280 εἰς
3213 3216 3346 3284 ὕψος
3368 3235 3386 3266 ι
3415 3216 3632 3282 λέγεται

2050 3305 2207 3372 εἶναι,
2235 3310 2356 3360 ἐπεὶ
2387 3327 2404 3359 t
2428 3311 2456 3361 6
2478 3308 2739 3371 καταϐὰς,
2766 3302 2920 3371 οῦτός
2948 3307 3214 3360 ἐστικαὶὸ
3245 3305 3451 3368 ἀναϐάς
3474 3306 3636 3376 ὑπερ-

2050 3401 2161 3453 άνω
2215 3400 2428 3452 πάντων
2478 3399 2585 3452 τῶν
2611 3399 2875 3469 οὐρανῶν,
2895 3400 2982 3453 ἵνα
3011 3396 3272 3469 πληρώσῃ
3291 3396 3360 3449 τὰ
3382 3396 3578 3450 πάντα.
3611 3414 3629 3446 ›

2051 3491 2233 3545 Ταῦτα
2257 3493 2313 3546 δὲ
2339 3492 2502 3560 λέγω,
2532 3492 2607 3555 ὡς
2640 3491 2775 3562 πρὸς
2801 3491 2892 3544 τὸν
2930 3491 3177 3542 Ἰουδαῖον
3241 3487 3634 3556 συγκατατιθέ-

2057 3600 2216 3652 μενον
2251 3585 2314 3652 τῇ
2345 3582 2664 3654 προφητείᾳ.
2694 3581 2914 3650 Λεγέτω
2936 3580 2993 3633 δὲ
3014 3581 3107 3633 καὶ
3141 3579 3341 3640 Κέλσος
3367 3579 3401 3647 ἢ
3427 3596 3508 3640 τις
3528 3578 3637 3630 τῶν

2055 3668 2150 3720 σὺν
2205 3667 2372 3737 αὐτῷ,
2410 3668 2546 3736 ποίῳ
2589 3665 2665 3736 νῷ
2715 3669 2742 3718 ὁ
2792 3667 3074 3736 προφήτης
3109 3665 3234 3736 περὶ
3277 3663 3632 3734 μελλόντωνῆ

2053 3758 2223 3811 ταῦτα
2271 3759 2304 3828 ἦ
2350 3758 2511 3828 ’ἐτερα
2556 3756 2724 3824 λέγει,
2756 3756 2929 3809 ὁπόσα
2976 3756 3384 3826 ἀναγέγραπται
3430 3757 3486 3806 ὲν
3516 3756 3634 3814 ταῖς

2056 3849 2413 3920 προφητείαις
2447 3866 2460 3910 ;
2493 3844 2640 3918 τΛρα
2686 3847 2794 3917 γὰρ
2825 3845 3216 3917 προγνωστικῷ
3249 3845 3570 3916 μελλόντων,
3599 3843 3631 3912 ἢ

2055 3937 2114 3990 οῦ
2145 3955 2158 4004 ;
2194 3939 2241 3990 εἰ
2279 3939 2377 4008 μὲν
2401 3939 2509 4008 γάρ
2541 3935 2930 4007 προγνωστικῷ
2967 3935 3283 4006 μελλόντων,
3322 3935 3461 3986 θεῖον
3493 3931 3636 4003 εἶχον

2056 4029 2280 4099 Πνεῦμα
2305 4030 2353 4080 οἱ
2386 4029 2697 4100 προφῆται·
2735 4028 2781 4078 εἰ
2818 4026 2861 4078 δ’
2892 4027 2951 4078 οὐ
2986 4023 3375 4095 προγνωστικῷ
3414 4024 3636 4094 μελλόν⁸

2055 4137 2162 4173 των
2183 4160 2197 4183 ,
2231 4119 2636 4192 παραστησάτω
2685 4118 2778 4170 ’τὸν
2807 4115 2930 4169 νοῦν
2965 4115 3060 4167 τοῦ
3093 4113 3505 4183 ἀποτολμῶντος
3545 4111 3637 4165 καὶ

2058 4211 2304 4280 λέγοντος
2351 4211 2479 4282 περὶ
2532 4208 2858 4280 μελλόντων,
2895 4205 2988 4258 καὶ
3032 4203 3446 4275 θαυμαζομένου
3485 4203 3640 4273 παρὰ

2060 4305 2173 4365 τοῖς
2219 4302 2494 4364 Ἰουδαίοις
2533 4302 2628 4353 ἐπὶ
2652 4297 2974 4370 προφητείᾳ.
3388 4343 3396 4353 ,

2143 4396 2295 4448 Ἐπεὶ
2321 4395 2376 4447 δὲ
2395 4392 2540 4458 ama
2559 4394 2638 4454 είς
2668 4391 2758 4444 τὸν
2792 4390 2918 4458 περὶ
2945 4387 3052 4440 τῶν
3082 4385 3375 4457 προφητῶν
3407 4384 3638 4456 ἧλθομεν

2065 4488 2240 4556 λόγον,
2280 4485 2548 4546 Ἰουδαίοις
2578 4485 2696 4552 μὲν,
2723 4483 2836 4542 τοῖς
2861 4478 3170 4532 πιστεύουσι
3203 4477 3331 4546 θείῳ
3365 4475 3638 4546 Πνεῦματι

2067 4581 2261 4640 αὐτοὺς
2281 4575 2651 4646 λελαληκέναι,
2677 4575 2736 4625 οὐ
2772 4573 2930 4642 μόνον
2960 4569 3111 4620 ἔσται
3133 4570 3374 4638 χρήσιμα
3395 4568 3463 4619 τὰ
3496 4569 3641 4618 ἐποι-

2069 4669 2407 4740 σθησόμενα,
2444 4666 2578 4719 ἀλλὰ
2609 4665 2704 4718 καὶ
2731 4665 2842 4725 τοῖς
2875 4659 3272 4729 εὐγνωμονοῦσι
3297 4659 3352 4711 δὲ
3381 4659 3488 4710 τῶν
3529 4657 3640 4709 Ἑλ-

2069 4762 2243 4831 λήνων
2263 4778 2275 4789 .
2307 4757 2441 4828 πρὸς
2481 4756 2572 4818 οὓς
2615 4754 2841 4826 ἐροῦμεν
2863 4793 2878 4817 ,
2912 4754 2993 4805 ὅτι
3023 4753 3314 4818 ἀναγκαῖον
3342 4748 3640 4819 παραδέξα-

2071 4854 2215 4914 σθαι,
2245 4853 2327 4903 ὅτι
2360 4850 2454 4902 καὶ
2499 4848 2740 4900 Ἰουδαῖοι
2768 4846 3050 4915 προφήτας
3075 4840 3218 4912 εἶχον
3243 4858 3256 4870 ·
3287 4842 3446 4910 εἴπερ
3482 4838 3637 4909 ἐμελ-

2045 4943 2157 5016 λλον
2189 4941 2504 5012 συνέχεσθαι
2544 4943 2600 4992 ὲν
2649 4942 2715 5010 τῇ
2755 4936 2971 5006 δοθείσῃ
3014 4935 3196 4996 αὐτοῖς
3231 4931 3516 5002 νομοθεσία
3551 4927 3640 4981 καὶ

2069 5034 2340 5088 πιστεύειν
2382 5032 2458 5102 τῷ
2490 5027 2844 5102 Δημιουργῷ,
2890 5025 3138 5095 καθάπερ
3172 5023 3484 5093 εἰλήφεισαν
3506 5061 3521 5087 ,
3549 5017 3638 5072 καὶ

1567 5144 1613 5176 ⁸³
1649 5145 1847 5214 Epltes.
1877 5162 1950 5210 tv,
1986 5146 2073 5199 10.

464 5264 576 5336 (74)
609 5264 948 5320 lltescbelius
975 5264 1027 5318 in
1067 5273 1224 5336 testu,
1259 5264 1457 5336 habet,
1492 5237 1773 5336 γυναῖκα,
1801 5279 1964 5336 quam

393 5333 682 5391 lectionem
716 5336 1020 5405 Spencerus
1066 5333 1256 5405 reiecit
1298 5335 1365 5387 ad
1392 5334 1965 5405 marginemJbidem,

390 5408 489 5460 καὶ
517 5403 845 5530 βιασάμενος
872 5406 1042 5476 αὐτὴν
1067 5407 1096 5457 6
1124 5403 1410 5474 ἅνθρωπος
1431 5403 1689 5473 κοιμηθῇ.
1725 5404 1780 5457 ltt
1807 5404 1966 5458 codd.

400 5475 575 5530 Restio
606 5487 664 5530 et
711 5478 984 5530 lasileensi
1017 5479 1190 5530 deest.
1222 5475 1250 5526 6
1282 5473 1586 5530 ἄνθρωπος.

2145 5259 2258 5353 ςιοξ
2291 5259 2436 5339 φέρε
2461 5260 2556 5312 ἐπ’
2586 5252 2794 5321 αὐτῆς.
2830 5251 2976 5321 Lego
3013 5264 3134 5304 eum
3167 5247 3482 5312 Bolierello,
3511 5258 3637 5318 φερε

2075 5335 2387 5470 ὰϋῡῗΐῧξι.
2414 5399 2572 5470 codd.
2606 5393 2809 5463 Regius
2849 5400 2904 5446 et
2935 5387 3283 5444 Basileensis.
3321 5387 3472 5442 Alias
3497 5427 3514 5451 .
3545 5379 3639 5438 καὶ

2074 5466 2210 5538 ἁγνῇ
2241 5466 2338 5522 καὶ
2367 5466 2638 5538 παρθένῳ.

2149 5525 2260 5610 (7'8)
2282 5539 2392 5610 _qu
2413 5525 2760 5610 ἐγέννὴοςιετ.
2793 5529 3151 5610 scribendum
3183 5525 3343 5610 forte,
3375 5525 3637 5610 τίςνὲγενῖ

2077 5593 2255 5733 Ἀήθης
2280 5593 2465 5732 Igitt'tllo'
2494 5593 2622 5678 post.
2657 5601 3032 5666 llmseltelius,
3079 5596 3160 5666 τῷ
3185 5593 3386 5665 ,οἰκείῳ
3430 5595 3638 5665 εἴρηται

2159 5695 2258 5731 υιο.
2345 5695 2372 5732 a
2397 5696 2444 5733 e.
