3988 6156
459 205 569 262 79.9

1672 205 1953 261 CONTRA
1985 205 2264 259 CELSUM
2303 203 2430 260 LIB.
2474 205 2514 260 Ι.

3628 203 3730 258 730

462 327 610 398 (ὅσον
643 325 737 379 ἐπὶ
757 325 836 396 τῷ
866 327 1035 399 νόμῳ)
1072 327 1145 397 μὴ
1172 325 1314 397 ἔχειν
1343 327 1596 398 ἀφορμὰς
1630 327 1933 396 ἀποστῆναι
1977 328 2056 390 είς

2163 342 2378 380 sumere
2421 325 2708 379 debuerint
2757 324 2821 377 ad
2853 323 3132 394 gentilium
3179 324 3400 378 deorum
3434 323 3732 377 multitudi-

462 419 566 484 τὴν
617 416 724 470 τῶν
758 417 925 470 ἐθνῶν
959 418 1348 491 πολυθεότητα.
1381 417 1454 469 Τὸ
1500 417 1547 470 δ’
1576 418 1874 484 ἀναγκαῖον
1913 417 2054 470 οῦτω

466 509 911 580 παραστήσομεν.
950 527 968 559 ι
1000 508 1081 562 Τά
1129 509 1256 579 ἔθνη
1283 549 1296 572 ,
1338 528 1356 560 ι
1400 508 1476 572 ὡς
1517 508 1824 579 γέγραπται
1864 509 1956 561 καὶ
1997 511 2054 562 ὲν

473 596 626 669 αὐτῷ
653 598 730 668 τῷ
768 598 876 651 τῶν
915 599 1180 653 Ἰουδαίων
1236 590 1406 670 νόμῳ,
1435 619 1453 650 ι
1497 598 1766 671 κλῃδόνων
1789 599 1883 651 καὶ
1919 615 2054 669 μαν-

463 687 628 742 τειῶν
657 688 975 743 ἀκούσονται
996 707 1009 719 ·
1037 710 1055 742 ι
1087 689 1163 760 τῷ
1187 690 1243 743 δὲ
1268 690 1380 760 λαῷ
1409 690 1605 768 ἐκείνῳ
1629 690 1872 762 εἴρηται·
1915 710 1933 741 ι
1964 692 2056 744 Σοὶ

462 775 525 828 δὲ
555 776 652 847 οὐχ
703 777 875 841 οὕτως
913 778 1080 831 ἔδωκε
1114 778 1224 848 (79)
1253 777 1457 850 Κύριος
1501 780 1528 831 6
1573 779 1706 842 Θεός
1743 796 1855 831 σου.
1892 798 1910 830 ι
1946 779 2056 832 Καὶ

465 869 790 940 ἐπιφέρεται
836 869 1011 940 τούτῳ
1050 869 1146 935 τὺ,
1200 889 1218 922 ι
1265 871 1559 942 Προφήτην
1587 871 1651 922 ὲκ
1679 870 1785 923 τῶν
1813 869 2055 940 ἀδελφῶν

468 974 568 1012 σου
597 961 888 1031 ἀναστήσει
921 977 1001 1013 σοι
1031 961 1234 1032 Κύριος
1283 963 1311 1014 6
1348 961 1481 1023 Θεός
1528 977 1640 1012 σου.
1677 981 1695 1012 ι
1727 962 1900 1032 Εἴπερ
1933 955 2050 1027 οῦν,

465 1049 579 1104 τῶν
617 1049 786 1103 ὲθνῶν
829 1051 1125 1122 χρωμένων
1175 1051 1455 1122 μαντείαις
1487 1051 1596 1105 εἴτε
1638 1051 1726 1105 διὰ
1765 1052 2055 1123 κλῃδόνων,

467 1139 581 1192 εἴτε
603 1138 669 1191 δι’
697 1138 926 1204 οἰωνῶν,
955 1142 1063 1193 εἴτε
1092 1141 1158 1196 δι’
1184 1140 1432 1211 ὀρνίθων,
1452 1138 1561 1192 εἴτε
1594 1140 1661 1193 δι’
1687 1141 2058 1211 ἐγγαστριμύ-

467 1225 615 1291 θων,
649 1227 760 1281 εἴτε
808 1228 903 1282 καὶ
953 1229 1040 1282 διὰ
1090 1228 1197 1282 τῶν
1240 1229 1339 1301 τὴν
1388 1228 1612 1300 θυτικὴν
1651 1229 2058 1300 ἐπαγγελλομέ-

465 1336 575 1371 νων
606 1319 751 1390 (80),
788 1319 900 1372 εἴτε
925 1319 1018 1371 καὶ
1046 1318 1131 1373 διὰ
1165 1319 1448 1374 Χαλδαίων
1481 1319 2057 1388 γενεθλιαλογούντων,

464 1409 613 1480 ἅπερ
657 1410 834 1463 πάντα
872 1409 1147 1472 Ἰουδαίοις
1172 1409 1436 1480 ἀπείρητο
1457 1455 1472 1479 ,
1523 1410 1763 1462 Ἰουδαῖοι
1795 1410 2060 1481 μηδεμίαν

461 1496 618 1571 εἶχον
646 1501 1001 1572 παραμυθίαν
1023 1498 1276 1568 γνώσεως
1302 1501 1409 1553 τῶν
1438 1499 1758 1570 μελλόντων,
1778 1502 1871 1553 ὑπ’
1891 1502 2061 1572 αὐτῆς

466 1591 542 1644 ἂν
589 1591 687 1661 τῆς
731 1590 1078 1661 ἀνθρωπίνης
1127 1590 1253 1662 περὶ
1298 1590 1397 1659 τὴν
1445 1589 1645 1658 γνῶσιν
1690 1591 1924 1661 λιχνείας
1951 1592 2060 1645 τῶν

467 1680 744 1752 ἐσομένων
773 1681 1050 1751 ἀγόμενοι,
1080 1681 1488 1752 κατεφρόνησαν
1527 1681 1624 1751 μὲν
1655 1681 1720 1734 ἂν
1749 1683 1857 1736 τῶν
1891 1683 2056 1750 ἰδίων,
2092 1666 2134 1718 Β

468 1772 546 1834 ὡς
573 1771 724 1824 οὐδὲν
756 1773 988 1841 ἐχόντων
1017 1770 1157 1824 θεῖον
1185 1773 1241 1824 ἐν
1274 1773 1518 1834 έαυτοῖςο
1555 1773 1646 1824 καὶ
1680 1774 1778 1826 οῦκ
1820 1773 1886 1827 ἂν
1923 1775 2060 1844 μετά

468 1860 678 1914 Μωσέα
728 1862 1014 1933 προφήτην
1053 1864 1428 1933 προσήκαντο,
1470 1865 1578 1918 οὐδ’
1607 1864 1921 1936 ἀνέγραψαν
1948 1865 2057 1938 (8|)

469 1951 650 2006 αὐτῶν
693 1955 820 2016 τοὺς
857 1953 1080 2023 λόγους,
1118 1955 1405 2026 αὐτόμολοι
1449 1956 1506 2008 δὲ
1537 1957 1630 2010 ἐπὶ
1655 1957 1722 2010 τὰ
1744 1957 1853 2012 τῶν
1890 1957 2061 2012 ἐθνῶν

472 2047 701 2117 μαντεῖα
729 2042 834 2098 ’καὶ
879 2048 1183 2119 χρηστήρια
1229 2049 1563 2120 μετέστησαν
1587 2088 1600 2111 ,
1637 2049 1670 2119 ἦ
1700 2049 2060 2122 ἐπεχείρησαν

469 2133 537 2187 ἂν
571 2135 780 2206 ἱδρῦσαι
810 2153 860 2190 τι
899 2139 1139 2194 τοιοῦτον
1167 2140 1261 2194 καὶ
1293 2142 1422 2213 παρ’
1455 2143 1687 2204 ἑαυτοῖς.
1724 2142 1876 2194 ”Ωστ’
1910 2143 2060 2195 οὐδὲν

469 2225 668 2285 ᾱτσπόν
688 2227 824 2294 ἐστι,
852 2230 944 2282 καὶ
968 2231 1097 2302 περὶ
1125 2231 1234 2284 τῶν
1257 2233 1525 2303 τυχόντων
1557 2233 1683 2296 τοὺς
1717 2234 1846 2304 παρ’
1876 2235 2061 2297 αὐτοῖς

474 2317 772 2386 προφήτας,
810 2319 889 2381 εἰς
921 2321 1272 2390 παραμυθίαν
1309 2322 1417 2375 τῶν
1464 2322 1532 2376 τὰ
1563 2322 1792 2376 τοιαῦτα
1832 2324 2060 2379 ποθούν-

469 2424 579 2460 των
627 2409 1015 2479 προειρηκέναι
1039 2427 1053 2440 ’
1086 2411 1225 2464 ὥστε
1260 2413 1354 2465 καὶ
1388 2414 1516 2483 περὶ
1549 2415 1684 2467 ὄνων
1713 2415 2061 2471 ἀπολωλυιῶν

471 2495 838 2566 προφητεύειν
864 2498 952 2549 τὸν
975 2499 1249 2569 Σαμουὴλ,
1275 2503 1370 2554 καὶ
1391 2503 1516 2570 περ)¹
1540 2503 1696 2554 νόσου
1739 2504 1928 2568 παιδὸς
1970 2505 2062 2575 βα-

477 2589 687 2642 σιλικοῦ
728 2591 821 2643 τὸν
853 2594 910 2645 ὲν
938 2595 1004 2663 τῇ
1033 2592 1193 2665 τρίτῃ
1227 2595 1335 2648 τῶν
1367 2595 1661 2650 Βασιλειῶν
1707 2598 2061 2668 ἀναγεγραμ-

476 2679 660 2751 μένον.
695 2681 820 2744 Πῶς
859 2683 916 2735 δὲ
954 2683 1021 2737 ἂν
1066 2683 1144 2754 τῷ
1193 2685 1500 2756 βουλομένῳ
1539 2687 1646 2740 ἀπὸ
1693 2686 1802 2740 τῶν
1829 2687 2061 2741 εἰδώλων

475 2767 733 2840 μαντείαν
754 2769 934 2824 λαϐεῖν
963 2772 1308 2845 ἐπέπλησσον
1329 2779 1376 2828 οί
1403 2777 1470 2830 τὰ
1487 2779 1579 2831 τοῦ
1601 2779 1765 2847 νόμου
1795 2779 2062 2833 Ἰουδαίων

473 2857 887 2928 πρεσϐεύοντες,
921 2861 1111 2936 ὥσπερ
1144 2867 1456 2937 εὑρίσκεται
1506 2868 1689 2930 Ἠλίας
1724 2867 1801 2938 τῷ
1846 2868 2061 2941 Ὀχοζίᾳ.

471 2951 843 3021 ἐπιπλήσσων,
879 2953 972 3006 καὶ
1005 2954 1177 3024 λέγων
1203 2974 1216 2988 ·
1250 2977 1268 3010 ι
1305 2960 1368 3011 Εἰ
1401 2959 1552 3031 παρά
1575 2960 1637 3012 τὸ
1669 2958 1743 3030 μὴ
1772 2955 1910 3012 εἶναι
1929 2961 2060 3015 Θεὸν

469 3046 532 3098 ἐν
589 3042 832 3114 Ἰσραὴλ,
881 3043 1038 3114 ὑμεῖς
1085 3048 1381 3118 πορεύεσθε
1418 3050 1712 3122 ὲκζητῆσαι
1743 3053 1851 3125 (82)
1889 3057 1948 3107 ὲν
1988 3057 2056 3127 τῇ

474 3138 621 3192 Βάαλ
649 3145 811 3211 μυῖαν
845 3139 964 3194 θεὸν
999 3139 1318 3210 Ἀκκαρῶν;
1361 3159 1380 3192 ι

589 3233 747 3284 Δοκεῖ
819 3250 908 3303 μοι
989 3227 1082 3284 οῦν
1151 3233 1388 3302 μετρίως
1451 3234 1923 3300 κατεσκευάσθαι,
1995 3236 2111 3288 ού-

477 3320 640 3398 μόνον
708 3322 790 3374 ὅτι
862 3321 1250 3394 γεννηθήσεται
1323 3324 1387 3376 ἐκ
1455 3323 1728 3395 παρθένου
1781 3326 1809 3377 6
1866 3326 2056 3398 Σωτὴρ

472 3410 654 3482 ἡμῶν,
701 3413 816 3466 ἀλλ’
867 3414 950 3468 ὅτι
992 3415 1086 3468 καὶ
1139 3416 1413 3487 προφῆται
1460 3410 1601 3486 ἦσαν
1647 3417 1706 3468 ὲν
1767 3415 2054 3481 Ἰουδαίοις,

470 3501 832 3573 προλέγοντες
890 3506 950 3556 οὐ
1005 3505 1163 3574 μόνον
1227 3505 1295 3558 τὰ
1349 3505 1610 3560 καθολικά
1663 3508 1790 3579 περὶ
1843 3507 2059 3577 μελλόν-

467 3611 602 3660 των,
643 3596 719 3659 ὡς
764 3594 835 3648 τά
888 3597 1017 3668 περὶ
1045 3597 1305 3668 Χριστοῦ,
1355 3597 1447 3652 καὶ
1490 3597 1559 3651 τὰ
1593 3598 1723 3669 περὶ
1771 3598 2058 3669 βασιλειῶν

470 3685 785 3757 κοσμικῶν,
841 3686 938 3742 καὶ
991 3689 1118 3759 περὶ
1171 3688 1279 3741 τῶν
1348 3689 1778 3761 συμϐησομένων
1821 3691 1895 3761 τῷ
1959 3693 2060 3744 Ἰσ-

471 3776 640 3851 ραὴλ,
687 3777 782 3830 καὶ
825 3778 953 3849 περὶ
997 3778 1105 3832 τῶν
1154 3781 1518 3834 πιστευόντων
1558 3780 1669 3851 (85)
1711 3781 1796 3851 τῷ
1845 3783 2057 3854 Σωτῆρι

470 3867 675 3932 ἐθνῶν,
709 3868 800 3921 καὶ
841 3869 1049 3924 πολλῶν
1094 3869 1271 3924 ἄλλων
1317 3870 1426 3925 τῶν
1473 3873 1602 3944 περὶ
1642 3871 1807 3925 αὐτοῦ
1838 3872 2056 3944 λεχθέν-

471 3974 612 4012 των·
662 3957 798 4012 ἀλλά
856 3959 951 4012 καὶ
990 3959 1061 4013 τά
1110 3960 1232 4013 καθ’
1277 3959 1404 4022 ἕνα,
1463 3960 1540 4022 ὡς
1588 3961 1717 4031 περὶ
1761 3960 1869 4014 τῶν
1921 3961 2057 4014 ὄνων

473 4047 577 4110 Kl;
618 4046 1000 4118 ἀπολομένων,
1034 4047 1152 4111 πῶς
1202 4046 1617 4118 εὑρεθήσονται,
1661 4049 1754 4100 καὶ
1787 4049 1916 4119 περὶ
1956 4049 2057 4118 τῆς

471 4138 660 4202 νόσου,
707 4134 776 4211 ἦς
805 4139 1061 4210 ἐνόσησεν
1111 4142 1140 4192 6
1183 4139 1276 4191 τοῦ
1339 4139 1603 4208 βασιλέως
1659 4139 1874 4209 Ἰσραὴλ
1921 4139 2054 4202 υἱός,

473 4228 504 4300 ἦ
546 4229 600 4284 εί
637 4247 690 4284 τι
725 4229 853 4284 ἄλλο
894 4229 1308 4301 ἀναγέγραπται
1343 4229 1603 4283 τοιοῦτον.
1656 4231 1776 4282 Ἔτι
1820 4230 1876 4282 δὲ
1923 4230 2057 4302 πρὸς

2157 436 2280 474 nent
2309 418 2614 476 delicieudi.
2637 417 2748 470 Hoc
2778 426 2960 470 autem
2993 415 3309 470 necessario
3333 413 3726 468 admittendum

2157 528 2277 568 esse
2310 509 2503 565 ellicio.
2538 508 2809 579 Scriptum
2847 516 2931 562 est
2963 507 3014 560 in
3037 504 3343 560 Judreornnt
3367 505 3481 574 lege
3505 523 3518 558 :
3545 523 3562 556 ι
3588 502 3733 558 Gen-

2158 615 2236 659 tes
2266 605 2622 658 divinationes
2654 611 2708 655 et
2754 600 3012 653 vaticinia
3061 599 3316 662 audient;
3353 616 3370 648 ι
3426 596 3500 650 illi
3548 602 3728 648 autem

2158 697 2351 766 populo
2381 697 2624 750 dicitur:
2670 712 2687 744 ι
2728 692 2847 745 Tibi
2887 701 3068 744 autem
3105 705 3210 742 non
3249 688 3328 742 sic
3361 686 3507 740 dedit
3538 684 3728 738 Domi-

2160 803 2260 838 nus
2288 787 2428 838 Deus
2457 791 2604 836 tuus.
2643 801 2660 834 ι
2687 782 2753 833 Et
2785 796 2905 834 mox
2934 798 2946 832 :
2983 798 2999 828 ι
3026 777 3352 844 Prophelam
3380 790 3443 829 ex
3473 773 3732 828 fratribus

2163 879 2267 933 tnis
2316 876 2605 932 suseitabit
2657 874 2752 927 tibi
2805 873 3069 926 Dominus
3107 873 3244 924 l)ens
3277 882 3397 923 tuus
3436 869 3501 922 θδ.
3542 886 3560 919 ι
3598 867 3730 921 Cum

2163 970 2324 1039 igitur
2355 968 2660 1021 futurorum
2688 963 3052 1034 cognitionem
3075 971 3263 1029 gentes
3290 966 3594 1028 quaererent
3617 958 3733 1010 sive

2159 1075 2223 1113 ex
2250 1057 2508 1122 oraculis,
2541 1056 2654 1109 sive
2691 1071 2756 1108 ex
2780 1051 3044 1122 auguriis,
3081 1053 3193 1106 sive
3217 1067 3284 1105 ex
3314 1050 3592 1120 auspiciis,
3618 1048 3736 1103 sive

2162 1166 2227 1205 ex
2257 1147 2639 1217 ventriloquis,
2671 1148 2784 1201 sive
2821 1160 2885 1199 ex
2921 1143 3286 1212 aruspicibus,
3321 1143 3438 1196 sive
3467 1156 3533 1194 ex
3573 1140 3735 1196 Chal-

2159 1242 2290 1295 daris
2319 1237 2696 1311 genethliacis,
2748 1249 2866 1304 qua:
2917 1233 3098 1287 omnia
3143 1230 3344 1285 Judaais
3370 1239 3526 1286 erant
3550 1231 3738 1299 probi-

2161 1334 2310 1395 bita;
2344 1331 2422 1396 hi,
2455 1331 2498 1385 si
2550 1327 2755 1382 nullum
2799 1323 3018 1377 aliunde
3047 1322 3361 1375 habuissent
3403 1334 3489 1373 res
3523 1317 3735 1373 futuras

2161 1421 2522 1494 cognoscendi
2557 1421 2721 1482 viam,
2753 1415 2838 1469 vel
2868 1417 2984 1468 solo
3022 1413 3334 1468 hominibus
3382 1411 3546 1466 insito
3576 1413 3738 1480 hujus

2161 1515 2365 1569 notitia:
2393 1511 2607 1581 pruritu
2639 1509 2880 1571 adducti,
2918 1521 3018 1560 sua
3047 1505 3382 1573 sprevissent
3413 1504 3568 1572 quasi
3599 1503 3736 1556 nihil

2163 1604 2270 1658 illis
2305 1604 2546 1658 divinum
2580 1602 2808 1666 inesset,
2843 1615 2950 1652 non
2999 1597 3162 1650 alium
3197 1605 3319 1664 post
3343 1593 3581 1664 Moysem
3613 1609 3739 1663 pro-

2162 1698 2379 1765 phetam
2427 1693 2780 1762 recepissent,
2827 1705 3018 1746 eorum
3071 1701 3350 1742 sermones
3396 1686 3596 1738 litteris
3629 1701 3737 1738 non

2164 1785 2555 1848 mandassent,
2606 1778 3028 1848 transfugissent
3077 1776 3144 1828 ad
3190 1773 3411 1828 oracula
3443 1771 3735 1824 divinatio-

2163 1890 2366 1945 nesqne
2406 1873 2671 1942 gentium,
2724 1881 2818 1922 aut
2859 1867 3039 1922 simile
3077 1866 3355 1934 quidpiam
3398 1863 3537 1931 apud
3562 1876 3619 1915 se
3651 1863 3737 1914 in~

2162 1968 2388 2019 stituere
2428 1962 2608 2017 conati
2660 1960 2911 2014 fuissent.
2967 1955 3156 2025 Itaque
3193 1957 3324 2009 nihil
3367 1956 3564 2009 mirum
3595 1955 3736 2022 apud

2163 2056 2381 2108 illorum
2429 2055 2724 2122 prophetas
2773 2052 2936 2105 etiam
2982 2050 3048 2103 de
3085 2047 3395 2115 vulgaribus
3429 2049 3593 2101 rebus
3617 2059 3738 2100 esse

2163 2147 2444 2211 vaticinia,
2492 2146 2560 2200 ad
2610 2159 2798 2199 eorum
2849 2143 3090 2197 solamen
3123 2142 3214 2208 qui
3247 2140 3510 2208 ejusmodi
3548 2154 3734 2192 rerum

2163 2238 2432 2295 desiderio
2469 2246 2806 2292 tenerentur.
2854 2233 3180 2303 llnjusmodi
3218 2231 3470 2284 vaticinia
3521 2231 3738 2284 fuerunt

2164 2329 2436 2386 Samuelis
2483 2330 2549 2384 de
2596 2328 2766 2395 asinis
2814 2325 3040 2394 perditis
3066 2323 3145 2390 9",
3190 2333 3244 2376 et
3275 2321 3426 2376 Abiu:
3454 2321 3517 2374 de
3550 2320 3737 2372 morbo

2163 2421 2258 2475 ﬁlii
2314 2422 2479 2490 regis,
2534 2419 2691 2489 cujus
2733 2418 2980 2472 meminit
3027 2415 3163 2470 liber
3196 2415 3386 2469 tertius
3438 2412 3642 2480 Regum
3665 2412 3734 2464 ’⁸.

2160 2511 2414 2578 Alioquin
2437 2511 2705 2578 quomodo
2732 2507 3030 2577 potuissent
3064 2505 3197 2575 legis
3245 2503 3485 2558 Judaica:
3532 2515 3738 2570 praeco-

2160 2586 2263 2654 Vnes
2291 2601 2572 2666 increpare
2603 2614 2726 2653 eum
2757 2599 2850 2667 qui
2883 2597 3152 2652 idolorum
3193 2593 3415 2648 oracula
3447 2590 3736 2646 consulere

2168 2691 2448 2759 voluisset,
2479 2691 2934 2762 quemadmodum
2952 2689 3099 2744 Elias
3128 2687 3212 2742 his
3240 2686 3415 2740 verbis
3443 2682 3735 2738 choziam

2163 2786 2471 2855 increpasse
2502 2785 2775 2838 invenitur
2802 2799 2815 2835 :
2855 2799 2874 2834 ι
2913 2782 2992 2833 Αιι
3026 2789 3313 2848 propterea
3349 2777 3494 2848 quod
3527 2790 3636 2830 non
3665 2774 3737 2827 sit

2164 2876 2307 2930 Deus
2351 2876 2406 2929 in
2455 2873 2641 2940 lsrael,
2677 2888 2770 2927 vos
2801 2871 2891 2924 itis
2923 2872 2976 2924 in
3009 2868 3140 2922 Baal
3183 2867 3457 2936 inquirere
3486 2877 3730 2919 muscam

2088 2989 2130 3046 ε
2165 2969 2332 3024 Deum
2363 2968 2608 3022 Accaron
2637 2965 2726 3019 '7?
2763 2983 2782 3016 ι

2231 3207 2322 3262 '57.
2359 3205 2454 3260 llis
2500 3203 2753 3259 omnibus
2789 3202 2918 3256 mihi
2954 3203 3090 3256 satis
3121 3201 3409 3271 probatum
3445 3201 3657 3254 videtur
3680 3209 3738 3256 et

2160 3298 2498 3352 Salvatorem
2539 3304 2785 3348 nostrum
2834 3308 2900 3346 ex
2934 3294 3140 3361 virgine
3193 3292 3341 3346 nasci
3382 3293 3654 3357 debuisse,
3681 3301 3734 3346 et

2159 3389 2298 3458 apud
2328 3387 2548 3442 Judaeos
2579 3385 2750 3439 fuisse
2788 3384 3103 3454 pr0pbetas,
3130 3384 3223 3452 qui
3254 3384 3319 3437 de
3343 3384 3504 3439 rebus
3531 3383 3733 3437 futuris

2160 3483 2523 3552 praedicerent
2567 3496 2674 3534 non
2724 3494 2789 3535 ea
2837 3485 3046 3532 tantum
3091 3491 3210 3544 quae
3253 3489 3442 3530 omnes
3488 3477 3734 3530 homines

2160 3587 2314 3642 aeque
2359 3572 2678 3639 spectabant
2704 3609 2719 3634 ,
2775 3578 2832 3622 ut
2862 3583 2981 3637 quae
3029 3567 3096 3620 de
3132 3567 3371 3628 Christo,
3412 3567 3475 3620 de
3504 3566 3734 3621 terrenis

2162 3665 2342 3735 regnis
2369 3705 2384 3731 ,
2429 3665 2494 3719 de
2535 3664 2604 3719 iis
2646 3677 2769 3732 quae
2819 3661 3001 3716 lsraeli
3075 3661 3378 3714 adventura
3425 3667 3624 3722 erant,
3665 3660 3734 3714 de

2159 3761 2412 3830 gentibus
2475 3774 2596 3828 quae
2672 3756 2943 3810 Salvatori
3006 3754 3294 3808 creditura:
3346 3761 3532 3820 erant,
3585 3752 3732 3806 aliis-

2161 3867 2265 3920 que
2305 3852 2370 3905 ad
2402 3850 2681 3904 Christum
2716 3845 3115 3916 pertinentibus
3162 3845 3306 3899 dicta
3349 3853 3511 3909 sunt;
3543 3859 3729 3899 verum

2158 3944 2319 3996 etiam
2345 3957 2467 4010 quae
2501 3939 2837 4010 singulorum
2873 3939 3014 3992 scire
3060 3937 3346 4002 intererat,
3396 3946 3455 3990 ut
3481 3952 3587 4004 quo
3616 3936 3734 3991 loco

2159 4034 2379 4102 perditae
2424 4033 2514 4088 (iis
2563 4031 2728 4086 asina:
2797 4030 3026 4084 inveniri
3080 4035 3332 4098 poterant
3371 4029 3540 4097 ;quis
3589 4027 3733 4080 futu-

2160 4140 2252 4180 rus
2296 4134 2416 4178 erat
2460 4123 2657 4187 morbi,
2703 4136 2812 4190 quo
2856 4122 3156 4190 :egrotabat
3189 4121 3334 4174 [ilius
3368 4120 3507 4187 regis
3540 4116 3730 4181 Israel,

2158 4217 2374 4282 exitus;
2405 4223 2496 4268 aut
2527 4214 2573 4268 si
2602 4214 2730 4283 quid
2762 4213 2909 4265 aliud
2941 4211 3180 4279 ejusdem
3216 4211 3431 4277 generis
3480 4211 3534 4262 in
3561 4207 3734 4262 sacris

474 4299 739 4392 ’Ἕλληνας
804 4321 1023 4375 λεκτέον
1080 4299 1441 4383 ἀπειθοῦντας
1504 4322 1572 4392 τῇ
1646 4322 1710 4373 ὲκ
1783 4299 2052 4390 παρθένου

2163 4307 2354 4361 litteris
2404 4314 2642 4360 notatur.
2697 4305 2751 4357 ld
2801 4305 2965 4357 etiam
3022 4302 3307 4356 dicendum
3350 4300 3595 4364 Graecis,
3639 4299 3731 4369 qui

469 4411 682 4479 γενέσει
709 4411 806 4464 τοῦ
842 4411 1038 4482 Ἰησοῦ,
1057 4413 1138 4465 ὅτι
1169 4414 1198 4464 ὁ
1224 4411 1569 4483 Δημιουργὸς
1601 4412 1658 4462 ὲν
1689 4413 1754 4481 τῇ
1786 4410 1896 4465 τῶν
1927 4428 2048 4464 ποι-

467 4504 632 4560 κίλων
657 4505 811 4571 ζώων
842 4507 1054 4575 γενέσει
1087 4506 1286 4570 ἔδειξεν
1305 4545 1319 4570 ,
1353 4507 1436 4560 ὅτι
1465 4501 1533 4576 ἦν
1560 4505 1708 4574 αὐτῷ
1741 4505 2050 4577 βουληθέντι

465 4595 690 4652 δυνατὸν
718 4599 942 4670 ποιῆσαι
974 4599 1111 4669 ὅπερ
1143 4599 1228 4666 ἐφ’
1255 4598 1376 4660 ἑνὸς
1406 4596 1546 4661 ζώου
1569 4637 1583 4659 ,
1620 4597 1714 4650 καὶ
1740 4597 1828 4649 ἐπ’
1849 4597 2047 4661 ἄλλων,

467 4691 564 4742 καὶ
593 4691 680 4742 ἐπ’
710 4690 888 4744 αὐτῶν
927 4690 1038 4744 τῶν
1078 4689 1401 4761 ἀνθρώπων.
1443 4691 1776 4761 Εὑρίσκεται
1817 4690 1872 4743 δέ
1926 4705 2049 4742 τινα

468 4778 579 4832 τῶν
608 4779 760 4844 ζώων
783 4781 969 4853 θήλεα,
991 4781 1065 4852 μὴ
1095 4779 1286 4851 ἔχοντα
1316 4780 1543 4851 ἄρρενος
1568 4781 1872 4846 κοινωνίαν,
1899 4780 1974 4843 ὡς
2000 4781 2048 4833 οἱ

468 4871 603 4941 περὶ
632 4865 783 4933 ζώων
806 4871 1218 4944 ἀναγράψαντες
1248 4871 1466 4940 λέγουσι
1505 4873 1633 4943 περὶ
1678 4872 1866 4942 γυπῶν
1901 4871 2010 4943 (84)
2031 4888 2045 4902 ·

2157 4397 2321 4468 355
2366 4395 2791 4450 noluntcredere
2833 4394 3016 4449 Jesum
3057 4410 3178 4450 esse
3200 4401 3466 4447 natumex
3489 4390 3729 4460 Virgine,

2155 4491 2504 4547 Conditorem
2564 4490 2617 4542 in
2667 4488 2946 4542 variorum
3015 4487 3328 4541 animalium
3382 4485 3732 4554 generatione

2157 4583 2470 4640 declarasse
2529 4582 2680 4636 hanc
2733 4580 2834 4634 sibi
2903 4579 3070 4634 fuisse
3126 4585 3478 4648 potestatem,
3540 4584 3634 4640 ut,
3683 4575 3729 4628 sl

2155 4680 2430 4744 libuisset,
2463 4675 2608 4745 quod
2651 4687 2778 4744 erga
2812 4689 2976 4728 unum
2995 4672 3143 4736 fecit,
3175 4672 3225 4725 id
3258 4672 3310 4724 in
3341 4677 3534 4724 caetera
3563 4678 3730 4736 atque

2155 4771 2323 4829 etiam
2357 4783 2482 4838 erga
2512 4765 2787 4820 hominem
2857 4766 3076 4820 faceret.
3102 4763 3174 4816 At
3235 4763 3378 4816 inter
3427 4761 3729 4814 animantes

2156 4862 2411 4934 quaedam
2453 4858 2668 4914 fetninae
2715 4865 2863 4923 sunt,
2895 4870 3034 4925 quae,
3064 4853 3274 4908 tametsi
3305 4866 3428 4907 cum
3474 4849 3727 4906 masculis

548 5009 1202 5094 °~neut.xwu,’u,ts.
1277 5024 1779 5098 "lReg.|x,20.
1855 5030 1902 5061 σο
1930 5027 1998 5082 ιιι
2025 5028 2297 5097 neg.m,
2329 5019 2415 5075 ιε.
2491 5017 2536 5050 οτ
2567 5015 2634 5071 tv
2669 5016 2803 5084 Reg.
2837 5014 2958 5080 1,5.

467 5179 673 5303 εδ
746 5177 1125 5248 Ηωεοιιειίιιε,
1181 5181 1400 5253 εἴρηται
1458 5179 1555 5237 sed
1617 5195 1807 5236 omnes
1869 5197 2040 5246 mss.,

529 5267 661 5303 ωκε.

543 5320 654 5390 (80)
720 5318 1305 5388 Ἐπαττελλομένων.
1371 5321 1466 5376 Sic
1511 5330 1657 5390 recte
1704 5320 1887 5390 codex?
1935 5319 2038 5372 Βιικ

467 5388 720 5444 sileensis
783 5403 844 5459 et
883 5397 996 5459 tres
1039 5390 1343 5459 Anglicani.
1385 5391 1534 5444 Alias
1560 5430 1575 5452 .
1628 5389 2043 5459 ἀπαγγελλομέ-

466 5474 599 5529 νων,
629 5459 790 5529 male.
820 5458 988 5529 Paulo
1026 5458 1150 5529 post
1193 5459 1324 5514 libb.
1358 5461 1486 5514 editi
1535 5459 1754 5524 habent,
1799 5458 2040 5512 Ἰουδαῖοι

470 5528 521 5580 εἰ
587 5522 684 5599 ηδε
735 5528 820 5584 ίαν
847 5522 995 5598 εἶχον
1017 5522 1041 5592 ,’
1066 5529 1162 5583 sed
1197 5543 1320 5582 cum
1357 5529 1620 5583 redundet
1648 5522 1858 5592 vah—nec
1885 5529 1953 5585 sit
1985 5529 2039 5586 in

474 5545 661 5652 codice
681 5547 918 5652 ibliano.
957 5597 1089 5652 illud
1116 5613 1148 5652 e
1178 5605 1326 5652 textu
1352 5599 1733 5652 exeunximns.

474 5597 661 5663 codice
681 5597 933 5666 Joliano,
957 5597 1089 5655 illud
1116 5613 1148 5656 e
1178 5605 1326 5655 textu
1352 5599 1733 5668 expuuximus.

2223 5176 2337 5250 (8i)
2367 5176 2536 5250 Libb._
2557 5176 2686 5250 editi
2712 5215 2727 5238 ,
2774 5175 2840 5229 ἂν
2867 5173 3133 5246 ἔγραψαν,
3163 5173 3255 5227 sed
3289 5180 3551 5239 praestare
3582 5169 3722 5225 vide-

2155 5245 2242 5303 tur
2264 5245 2422 5303 leetio
2446 5245 2778 5316 ἀνέγραψαν.

2229 5318 2334 5386 (82)
2365 5317 2535 5379 Alias,
2564 5317 2911 5386 ἐπιζητῆσαι.

2247 5335 2334 5386 δ’Ζ)
2365 5335 2535 5379 Alias,
2564 5335 2911 5386 επιςητησαι.

2367 5387 2803 5441 Πιστευόντων.
2852 5382 3206 5439 Scribendunr
3245 5379 3456 5432 videtur
3501 5390 3723 5434 πιστευ-

2211 5474 2369 5511 ντων.

2214 5527 2332 5600 (84)
2374 5525 2796 5600 Hmscheliuset
2817 5518 3203 5600 Spencerusjn
3235 5524 3377 5600 textu
3409 5513 3716 5600 γυπῷνιειιι

2149 5586 2453 5668 marginem
2488 5611 2618 5651 vero
2653 5586 3075 5660 liabcnt'yurrég.
3127 5587 3381 5642 Ambros.
3416 5587 3512 5642 lib.
3549 5599 3576 5632 ν
3609 5586 3720 5642 11οά
