3988 6156
425 269 521 327 731

1876 283 2195 340 ORIGEMS

3566 281 3666 334 752

422 404 531 445 non
583 389 904 463 iungantur,
959 397 1045 451 sui
1106 405 1284 452 tamen
1326 400 1542 469 generis
1592 404 1991 458 successionem

2101 407 2194 457 καὶ
2223 403 2378 456 τοῦτο
2405 403 2462 455 τὸ
2492 402 2628 465 ζῶον
2659 402 2826 473 χωρὶς
2858 400 3052 471 μίξεως
3087 399 3244 462 σώζει
3285 399 3384 469 τὴν
3423 397 3670 470 διαδοχὴν

423 491 662 549 servant,
691 485 830 540 sicut
860 488 1092 555 produnt
1124 489 1191 543 de
1232 491 1537 548 vulturibus
1589 495 1622 548 ii
1658 498 1750 564 qui
1785 498 1850 552 de
1879 499 1996 552 ani-

424 570 658 626 malibus
676 574 957 642 scripsere.
980 574 1116 640 Quid
1142 576 1308 646 igitur
1331 579 1648 651 incredibile
1669 593 1774 648 est,
1805 600 1834 639 λ
1861 587 1992 652 Deo,

425 659 518 726 qui
578 661 814 714 divinum
875 665 1162 731 quemdam
1203 670 1520 739 magistrum
1571 675 1636 729 ad
1692 676 1992 731 humanum

424 764 594 819 genus
617 753 829 806 mittere
863 753 1096 822 volebat,
1131 761 1408 826 provisum
1434 761 1624 831 fuisse,
1669 776 1717 820 ιι
1749 770 1994 824 nascitu-

424 854 516 893 rus
552 838 815 894 Christus
865 841 967 895 alia
1024 846 1238 902 ratione
1302 849 1354 902 in
1413 851 1896 923 lucem'prodiret,
1931 873 1996 914 ac

419 927 601 982 caeteri
633 929 880 985 homines
902 932 991 998 qui
1045 948 1111 988 ex
1163 935 1267 990 viri
1310 926 1430 993 cum
1490 941 1688 997 femina
1721 948 1994 1002 consortio

421 1022 758 1074 nascuntur?
806 1021 943 1088 Quid
983 1028 1126 1093 quod
1153 1036 1206 1080 et
1255 1029 1354 1097 ipsi
1415 1031 1586 1087 (ἔτωεί
1623 1033 1859 1090 fatentur
1887 1053 1991 1092 non

417 1123 605 1165 omnes
628 1111 874 1168 homines
904 1127 1196 1186 pragnatos
1235 1134 1354 1176 esse
1381 1135 1448 1175 ex
1498 1139 1648 1180 mare
1685 1136 1738 1180 et
1765 1126 1988 1183 femina.

417 1205 477 1260 Si
517 1207 660 1262 enim
727 1207 902 1264 factus
960 1219 1041 1265 est
1093 1214 1345 1280 mundus,
1393 1217 1536 1284 quod
1584 1220 1768 1275 multis
1827 1222 1992 1276 etiam

417 1295 728 1382 Graecorum
763 1300 960 1368 placet,
993 1315 1216 1358 necesse
1260 1315 1342 1359 est
1370 1307 1574 1375 primos
1604 1310 1852 1367 homines
1882 1329 1990 1368 non

417 1387 589 1443 fuisse
617 1389 718 1444 hoc
756 1393 917 1447 modo
966 1403 1140 1458 natos,
1171 1396 1263 1449 sed
1314 1399 1492 1466 potius
1548 1415 1614 1455 ex
1663 1409 1824 1466 terra,
1871 1418 1991 1472 quae

417 1483 690 1564 rationem
732 1485 1003 1538 seminum
1030 1486 1369 1543 continebat.
1404 1490 1555 1556 Quod
1601 1494 1816 1560 quidem
1857 1495 1988 1548 mihi

418 1573 581 1644 longe
625 1576 805 1630 minus
838 1578 1116 1646 probabile
1147 1581 1380 1647 videtur,
1411 1599 1574 1651 quam
1607 1583 1789 1638 Jesum
1839 1588 1985 1640 nasci

416 1665 645 1734 perinde
668 1681 729 1721 ac
744 1679 971 1725 cancros
997 1670 1264 1738 homines,
1284 1673 1503 1726 dimidia
1527 1675 1716 1728 saltem
1734 1691 1796 1729 ex
1819 1688 1987 1744 parte.

420 1753 527 1807 Sed
579 1756 838 1822 quoniam
887 1773 1007 1813 cum
1059 1759 1266 1814 Grazcis
1321 1763 1564 1830 agimus,
1609 1779 1716 1817 non
1757 1767 1988 1820 alienum

420 1843 585 1899 fuerit
613 1845 773 1900 etiam
800 1845 1004 1902 Graecis
1032 1848 1276 1903 historiis
1299 1851 1396 1913 nti,
1422 1860 1482 1904 ut
1513 1867 1580 1906 ne
1608 1853 1706 1907 soli
1739 1869 1850 1908 rem
1882 1865 1990 1910 tam

422 1934 696 1990 insolitam
720 1936 929 1992 referre
958 1937 1259 1992 videamur.
1288 1936 1402 1993 Non
1426 1939 1744 1996 dubitarunt
1770 1943 1990 2012 quidam

421 2025 686 2091 scribere,
744 2040 866 2081 cum
914 2042 1019 2082 non
1083 2035 1297 2083 veteres
1328 2038 1382 2082 et
1433 2030 1698 2096 heroicas,
1761 2033 1856 2087 sed
1907 2049 1994 2088 res

423 2116 715 2171 novissime
755 2127 930 2185 gestas
982 2129 1290 2181 narrarent,
1350 2118 1628 2175 Platonem
1663 2137 1728 2175 ex
1762 2123 1992 2191 Amphi-

422 2211 604 2263 ctione
653 2223 771 2264 esse
803 2217 1010 2274 natum,
1041 2207 1392 2279 Aristonique
1437 2212 1780 2266 interdictum
1826 2212 1993 2267 fuisse

421 2313 492 2352 ne
544 2300 611 2354 ad
664 2299 809 2354 illam
861 2301 1166 2364 accederet,
1223 2301 1395 2356 donec
1427 2300 1596 2354 filium
1635 2317 1704 2357 ex
1747 2303 1994 2372 Apolline

420 2398 741 2458 conceptum
761 2391 1081 2460 peperisset.
1109 2389 1306 2442 Verum
1327 2391 1442 2446 haec
1471 2406 1631 2445 merae
1650 2401 1779 2447 sunt
1802 2391 1994 2446 fabula:

419 2479 522 2535 hoc
547 2481 782 2537 consilio
812 2483 1156 2553 excogitatae,
1185 2493 1240 2538 ut
1269 2499 1431 2552 quem
1463 2483 1736 2537 hominem
1778 2485 1993 2553 sapien-

420 2571 492 2624 tia
524 2580 577 2625 et
608 2574 811 2628 virtute
838 2575 1052 2630 caeteris
1079 2573 1410 2631 antecellere
1435 2573 1840 2639 existimabant,
1868 2577 1913 2628 is
1961 2587 1991 2627 a

421 2666 895 2735 praestantioribns
943 2669 1415 2739 divinioribusque
1477 2669 1762 2738 principiis
1832 2681 1990 2722 suum

421 2772 620 2826 corpus
649 2758 882 2813 traxisse
931 2767 1247 2828 putaretur:
1298 2761 1449 2828 quasi
1507 2759 1557 2813 id
1610 2760 1830 2813 deceret
1873 2773 1989 2823 eos,

420 2848 510 2918 qui
547 2849 777 2918 majores
812 2857 958 2912 sunt,
986 2865 1146 2918 quam
1176 2849 1426 2904 homines
1453 2865 1576 2904 esse
1611 2849 1807 2904 solent.
1840 2848 1992 2914 Quod

423 2929 608 2993 autem
631 2939 821 2994 Celsus
859 2938 1099 2994 Judaeum
1134 2941 1360 3005 inducit,
1385 2941 1476 3010 qui
1511 2955 1632 2995 cum
1665 2939 1791 2994 Jesu
1820 2939 1992 2994 collo-

2099 495 2206 546 τῶν
2240 495 2430 562 γενῶν.
2471 493 2538 546 Τί
2581 489 2674 546 οὖν
2719 493 3055 564 παράδοξον,
3098 493 3146 544 εξ
3181 489 3459 561 βουληθείς
3485 491 3514 542 ὁ
3539 491 3670 554 Θεὸς

2099 583 2239 638 θεῖόν
2267 601 2388 637 τινα
2432 583 2744 637 διδάσκαλον
2787 582 2998 652 πέμψαι
3026 581 3104 652 τῷ
3142 581 3289 649 γένει
3320 580 3429 632 τῶν
3458 579 3668 651 ἀνθρώ-

2097 692 2234 738 πων,
2289 675 2588 743 πεποίηκεν
2641 674 2762 727 ἀντὶ
2813 670 3183 744 σπερματικοῦ
3235 671 3414 740 λόγου,
3464 670 3557 723 τοῦ
3606 675 3668 725 ἐκ

2099 764 2298 836 μίξεως
2331 765 2436 817 τῶν
2467 767 2708 835 ἀρῤένων
2726 767 2847 826 ταῖς
2859 761 3120 831 γυναιξὶν.
3139 762 3281 831 ἄλλῳ
3306 762 3489 834 τρόπῳ
3517 763 3668 829 γενέ⁹

2100 855 2221 908 σθαι
2257 855 2348 908 τὸν
2379 855 2537 921 λόγον
2580 855 2673 908 τοῦ
2704 854 3136 923 τεχθησομένου;
3170 851 3280 906 Καὶ
3324 853 3442 904 κατ’
3475 853 3668 916 αὐτοὺς

2095 946 2152 998 δὲ
2173 948 2297 1008 τοὺς
2322 945 2606 1014 Ἕλληνας,
2640 946 2699 996 οὐ
2727 946 2927 1006 πάντες
2962 942 3233 1015 ἄνθρωποι
3266 941 3324 1006 ἐξ
3360 941 3548 1013 ἀνδρὸς
3579 944 3668 996 καὶ

2095 1037 2350 1105 γυναικὸς
2371 1037 2635 1104 ἐγένοντο.
2668 1037 2731 1088 Εἰ
2755 1035 2862 1106 γὰρ
2885 1035 3106 1103 γενητός
3127 1037 3271 1087 ἐστιν
3287 1037 3314 1087 ὁ
3343 1035 3565 1104 κόσμος,
3595 1035 3669 1099 ὡς

2095 1130 2190 1181 καὶ
2215 1127 2431 1192 πολλοῖς
2498 1125 2764 1197 Ἑλλήνων
2785 1129 2997 1198 ἤρεσεν,
3032 1127 3240 1197 ἀνάγκη
3270 1128 3395 1190 τοὺς
3421 1126 3669 1196 πρώτους

2098 1221 2170 1290 μὴ
2207 1221 2269 1272 ἐκ
2307 1219 2591 1282 συνουσίας
2623 1221 2922 1288 γεγονέναι,
2975 1219 3088 1271 ἀλλ’
3121 1219 3230 1271 ἀπὸ
3258 1220 3380 1289 γῆς,
3415 1235 3666 1290 omptu-

2092 1310 2261 1362 τικῶν
2285 1310 2458 1377 λόγων
2479 1311 2787 1364 συστάντων
2815 1311 2872 1362 ἐν
2902 1313 2966 1380 τῇ
2992 1313 3083 1380 γῇ.
3113 1311 3288 1380 Ὅπερ
3311 1308 3462 1379 οἶμαι
3495 1327 3669 1379 παρα-

2093 1399 2268 1463 δοξὸτε
2277 1417 2368 1470 ρον
2399 1396 2534 1452 εἶναι
2551 1400 2642 1452 τοῦ
2662 1400 2719 1466 ἐξ
2737 1401 2966 1470 ἡμίσους
2983 1401 3183 1470 ὁμοίως
3205 1404 3315 1463 τοῖς
3338 1401 3541 1463 λοιποῖς
3558 1401 3664 1469 (85)

2093 1489 2402 1559 ἀνθρώποις
2446 1491 2697 1558 γενέσθαι
2751 1491 2840 1542 τὸν
2896 1491 3120 1560 Ἰησοῦν.
3179 1491 3343 1543 Οὐδὲν
3382 1491 3426 1542 δ’
3470 1492 3665 1544 ἄτοπον

2093 1582 2228 1651 πρὸς
2263 1582 2526 1651 ’Έλληνας
2563 1583 2656 1634 καὶ
2681 1582 3015 1650 Ἑλληνικαῖς
3054 1581 3310 1651 ἱστορίαις
3340 1581 3662 1651 χρήσασθαι,

2093 1671 2178 1722 ἵνα
2228 1671 2300 1740 μὴ
2343 1670 2586 1740 δοκῶμεν
2625 1671 2775 1740 μόνοι
2818 1673 2884 1739 τῇ
2918 1669 3204 1742 παραδόξῳ
3244 1671 3452 1740 ἱστορίᾳ
3496 1670 3665 1741 ταύτῃ

2094 1763 2413 1832 κεχρῆσθαι.
2449 1763 2634 1826 Ἔδοξε
2670 1762 2776 1832 γάρ
2813 1779 2954 1814 τισιν
2985 1763 3044 1813 οὺ
3074 1762 3201 1832 περὶ
3240 1762 3479 1830 ἀρχαίων
3508 1761 3665 1813 τινῶν

2097 1853 2344 1924 ἱστοριῶν
2373 1854 2464 1906 καὶ
2487 1851 2761 1923 ἡρωϊκῶν,
2795 1850 2930 1903 ἀλλὰ
2961 1852 3054 1903 καὶ¹
3087 1851 3211 1920 περί
3245 1867 3404 1902 τινων
3435 1849 3560 1920 χθὲς
3575 1853 3665 1904 καὶ

2095 1942 2288 2014 πρώην
2316 1941 2643 2011 γενομένων,
2676 1940 2984 2011 ἀναγράψαι
3031 1939 3106 2001 ῶς
3151 1937 3389 2000 δυνατὸν,
3443 1939 3524 1989 ὅτι
3575 1941 3664 1991 καὶ

2091 2033 2318 2086 Πλάτων
2361 2031 2470 2084 ἀπὸ
2519 2033 2616 2102 τῆς
2678 2030 3055 2103 ’Λρφικτιόνης
3104 2029 3214 2099 (86)
3253 2028 3462 2096 γέγονε,
3498 2028 3664 2081 κωλυ-

2093 2123 2274 2186 θέντος
2305 2123 2397 2176 τοῦ
2422 2123 2740 2194 Ἀρίστωνος
2767 2123 2902 2192 αὐτῇ
2926 2119 3212 2182 συνελθεῖν,
3240 2120 3344 2182 ἕως
3371 2120 3663 2190 ἀποκυήσει

2091 2213 2183 2266 τὸν
2210 2213 2267 2279 ἐξ
2297 2213 2626 2277 Ἀπόλλωνος
2661 2212 2956 2282 σπαρέν-ια.
3000 2211 3157 2264 Ἀλλὰ
3185 2210 3356 2265 ταῦτα
3401 2210 3497 2282 μὲν
3540 2211 3664 2280 ἀλη-

2093 2304 2202 2368 θῶς
2229 2304 2406 2375 μῦθοι,
2439 2305 2758 2374 κινήσαντες
2793 2304 2903 2374 (87)
2933 2305 3013 2364 εἰς
3039 2301 3100 2353 τὸ
3129 2300 3434 2354 ἀναπλάσαι
3463 2301 3663 2353 τοιοῦτό

2092 2412 2144 2446 τι
2182 2396 2312 2467 περὶ
2353 2393 2564 2465 ἀνδρὸς,
2613 2394 2672 2446 ὃν
2726 2391 2970 2464 ἐνόμιζον
3029 2393 3245 2463 μείζονα
3299 2393 3407 2444 τῶν
3460 2391 3662 2445 πολλῶν

2096 2483 2284 2553 ἔχοντα
2320 2483 2512 2551 σοφίαν
2544 2485 2639 2536 καὶ
2666 2483 2916 2552 δύναμιν,
2946 2483 3039 2535 καὶ
3072 2482 3180 2534 ἀπὸ
3213 2483 3534 2553 κρειττόνων
3572 2483 3662 2534 καὶ

2096 2575 2382 2646 θειοτέρων
2413 2575 2738 2646 σπερμάτων
2770 2575 2867 2644 τὴν
2898 2574 3072 2644 ἀρχὴν
3100 2574 3198 2643 τῆς
3234 2573 3542 2636 συστάσεως
3571 2573 3660 2626 τοῦ

2096 2668 2347 2738 σώματος
2373 2667 2670 2738 εἰληφέναι,
2701 2667 2775 2730 ὡς
2796 2665 2939 2719 τοῦθ’
2964 2667 3200 2737 ἁρμόζον
3227 2668 3336 2726 τοῖς
3370 2668 3605 2737 μείζοσιν
3630 2665 3662 2736 ἢ

2097 2760 2239 2814 κατὰ
2262 2759 2564 2828 ἄνθρωπον·
2589 2759 2708 2810 ἐπεὶ
2736 2758 2792 2810 δὲ
2821 2759 2912 2810 τὸν
2952 2758 3198 2810 Ἰουδαῖον
3225 2759 3252 2810 ὁ
3277 2757 3380 2809 Κέὶ
3394 2775 3483 2818 σος
3515 2758 3661 2826 εἰσή-

2093 2867 2231 2918 γαγε
2257 2850 2640 2920 διαλεγόμενον
2668 2847 2746 2918 τῷ
2786 2846 2977 2917 Ἰησοῦ,
2997 2849 3089 2899 καὶ
3117 2846 3437 2918 διασύροντα
3457 2849 3549 2918 τὴν
3569 2847 3666 2915 (ὡς

2093 2940 2304 3010 οῐεται),
2331 2939 2687 3009 προσποίησιν
2713 2939 2810 3008 τῆς
2840 2940 2902 2989 ὲκ
2948 2937 3220 3008 Παρθένου
3269 2937 3525 3005 γενέσεως
3563 2937 3664 2988 αὐ-

425 3045 594 3098 qnens
630 3032 810 3085 iictam
839 3031 978 3099 ejus,
1015 3040 1071 3085 ut
1104 3040 1280 3101 putat,
1311 3048 1379 3087 ex
1413 3032 1620 3102 virgine
1653 3032 1991 3085 nativitatem

2096 3029 2211 3092 τοῦ,
2244 3029 2475 3100 φέροντα
2502 3030 2626 3091 τοὺς
2670 3028 3012 3098 Ἑλληνικοὺς
3050 3027 3252 3095 μύθους
3295 3027 3422 3096 περὶ
3453 3025 3664 3100 Δανάης

429 3119 688 3176 conviciis
737 3121 959 3175 incessit
1007 3133 1236 3188 eamque
1285 3121 1403 3177 loco
1450 3121 1614 3176 habet
1663 3121 1995 3189 fabularum,

433 3329 774 3390 :raern.,cap.
792 3316 890 3372 20:
910 3334 931 3367 ‹
961 3319 1206 3374 Diximus
1229 3319 1295 3375 de
1317 3321 1578 3375 viduitate
1601 3322 1803 3390 avium,
1832 3337 1984 3376 eam-

428 3404 536 3455 que
566 3389 632 3442 ab
681 3389 787 3442 i.lis
829 3390 1059 3456 primmn
1097 3397 1341 3443 exortam
1376 3404 1498 3444 esse
1524 3389 1802 3444 virtutem.
1832 3393 1983 3447 Nunc

427 3459 495 3513 de
526 3458 833 3527 integritate
861 3459 1126 3522 dicamus,
1157 3474 1275 3526 qua:
1300 3461 1352 3514 in
1387 3459 1637 3528 plurimis
1666 3461 1880 3528 quidem
1909 3463 1983 3516 ita

427 3542 550 3583 esse
581 3538 942 3591 asseveratur,
982 3537 1039 3580 ut
1063 3529 1235 3596 possit
1263 3531 1428 3584 etiam
1456 3531 1512 3582 in
1552 3529 1856 3584 vulturibus
1884 3530 1983 3583 de—

426 3597 707 3667 prehendi.
742 3596 1025 3667 Negantur
1062 3597 1206 3652 enim
1249 3599 1494 3653 vultures
1535 3599 1815 3666 indulgere
1855 3614 1985 3653 con-

427 3665 656 3729 cubitui,
707 3665 1049 3736 etconjugali
1083 3669 1317 3735 quodam
1345 3684 1443 3722 usu
1488 3665 1854 3737 nuptialisque
1893 3683 1985 3722 co-

427 3737 566 3806 pula:
587 3746 732 3791 sorte
757 3737 995 3800 misceri,
1028 3748 1189 3807 atque
1220 3739 1290 3791 ita
1319 3738 1438 3792 sine
1469 3737 1577 3792 ullo
1622 3739 1982 3794 masculorum

429 3807 717 3873 concipere
750 3807 980 3876 semine.
1007 3816 1062 3860 et
1104 3809 1221 3861 sine
1251 3807 1636 3874 conjunctione
1688 3822 1978 3876 generare,

428 3871 692 3942 natosque
723 3889 788 3928 ex
810 3871 894 3929 his
917 3876 969 3929 in
1007 3877 1230 3945 multam
1263 3871 1472 3930 aetatem
1506 3877 1676 3945 longae
1691 3871 1830 3931 'vita:
1865 3892 1984 3945 pro-

429 3945 645 4008 cedere,
679 3953 739 3997 ut
766 3959 935 4012 usque
972 3944 1040 3996 ad
1066 3957 1283 3999 centum
1322 3961 1490 4000 annos
1523 3944 1644 4000 vitae
1673 3944 1876 4000 eorum
1901 3961 1987 3999 se-

430 4015 540 4067 ries
583 4014 949 4080 producatur;
985 4026 1082 4067 nec
1127 4015 1286 4068 facile
1334 4029 1426 4068 eos
1473 4017 1684 4083 angusti
1727 4016 1828 4069 aevi
1864 4015 1986 4069 linis

429 4084 685 4151 excipiat.
716 4083 853 4150 Quid
893 4083 1064 4147 aiunt,
1102 4087 1192 4152 qui
1234 4083 1406 4138 solent
1437 4094 1617 4138 nostra
1657 4084 1832 4139 ridere
1873 4099 1988 4153 my-

429 4155 625 4215 steria,
647 4169 770 4206 cum
803 4153 1029 4206 audiunt
1057 4155 1198 4220 quod
1234 4154 1384 4219 virgo
1429 4154 1747 4219 generavit,
1801 4163 1856 4207 et
1890 4153 1994 4206 im-

426 4223 740 4291 possibilem
775 4223 1206 4292 innupttc,cujns
1251 4224 1509 4291 pudorem
1542 4223 1684 4277 nulla
1715 4223 1816 4292 viri
1864 4238 1993 4278 con-

428 4295 656 4346 suetudo
703 4291 1046 4358 temerasset,
1089 4291 1411 4362 existimant
1449 4293 1704 4362 partum?
1736 4291 1993 4362 lmpossi-

426 4362 536 4432 bile
566 4371 784 4431 putatur
809 4365 860 4417 in
890 4365 984 4418 Dei
1021 4375 1214 4427 matre,
1245 4361 1385 4431 quod
1424 4361 1476 4417 in
1533 4361 1840 4418 vulturibus
1868 4377 1994 4432 pos-

428 4431 583 4501 sibile
610 4448 713 4486 non
747 4435 1010 4501 negatur?
1039 4435 1167 4488 Avis
1191 4436 1310 4489 sine
1341 4432 1580 4487 masculo
1601 4435 1760 4501 parit,
1796 4442 1850 4486 et
1873 4431 1990 4486 nul-

426 4499 774 4572 lusirefellit;
807 4499 860 4556 et
889 4505 1014 4572 quia
1051 4507 1372 4571 desponsata
1405 4505 1522 4557 viro
1543 4499 1724 4572 Maria
1752 4502 1982 4571 peperit,

427 4571 650 4639 pudoris
683 4573 806 4642 ejus
847 4571 1054 4627 faeiunt
1101 4573 1483 4642 qmestionem.
1534 4571 1723 4627 Nonne
1751 4574 1990 4626 adverti;

429 4655 574 4710 Inus,
601 4643 743 4708 quod
791 4641 1051 4696 Dominus
1075 4658 1139 4696 ex
1172 4644 1285 4710 ipsa
1331 4651 1521 4694 natura
1554 4643 1778 4710 plurima
1810 4655 1993 4710 exem-

429 4708 516 4779 pla
558 4721 682 4763 ante
726 4713 1008 4778 praemisit,
1055 4708 1250 4779 quibus
1295 4708 1568 4778 susceptae
1593 4709 1994 4779 incarnationis

431 4777 683 4831 decorem
717 4777 991 4845 probaret,
1024 4777 1088 4834 ei
1116 4789 1385 4833 astrueret
1419 4777 1990 4833 veritatem?»'l‘ertull.

432 4845 530 4914 lib.
554 4850 800 4900 adversus
833 4848 1236 4914 Valent.;Basil.
1258 4847 1514 4904 llexaem.
1533 4849 1676 4900 hom.
1699 4849 1766 4910 8;
1795 4845 1993 4898 1Eliau.

367 4933 370 4936 '
430 4913 531 4973 lib.
570 4930 631 4980 tt,
659 4931 780 4984 cap.
824 4919 913 4982 46,
946 4918 1021 4970 De
1050 4920 1384 4970 animalibus.
1414 4919 1550 4972 Vide
1589 4917 1864 4982 llorapoll.
1903 4915 1993 4968 lib.

432 4998 474 5051 l,
506 5001 630 5052 cap.
666 4987 754 5049 11,
793 4989 877 5052 1‘2;
909 4987 1256 5040 Plutarchum
1287 4988 1336 5040 in
1375 4987 1668 5052 Qtiwstion.
1701 4984 1992 5048 Romanis;

433 5066 711 5126 auctorem
759 5058 1000 5126 cpistola:
1054 5057 1119 5108 ad
1151 5056 1370 5111 llieron.
1414 5057 1491 5110 De
1518 5072 1664 5126 cerea
1697 5053 1993 5126 Paw/tali,-

435 5127 606 5183 Gesn.
652 5125 746 5179 lib.
775 5122 897 5190 ιῖιιι,
933 5126 1006 5179 De
1045 5127 1183 5180 avib.
1212 5127 1568 5190 Aldrovand.,
1599 5125 1692 5177 lib.
1741 5139 1802 5177 ιιι
1835 5122 1999 5176 0mi-

434 5197 654 5267 tholog..
681 5212 800 5268 cap.
840 5200 887 5260 ι,
918 5198 990 5250 De
1012 5195 1315 5268 vulturibus
1347 5213 1358 5246 :
1398 5213 1416 5245 ι
1467 5197 1534 5268 Ut
1560 5210 1685 5247 vero
1719 5196 1844 5260 quid
1877 5211 2001 5247 sen-

389 5311 392 5316 .
435 5265 702 5324 tiam—hac
726 5265 777 5322 in
801 5284 858 5322 re
879 5269 1082 5330 dicam,
1110 5265 1396 5333 plerosque
1426 5267 1580 5318 coire
1616 5275 1800 5320 certus
1844 5277 1996 5325 sum;

436 5348 489 5393 et
523 5339 766 5393 fabulosa
818 5347 1028 5406 reputo,
1080 5351 1198 5405 qua:
1228 5335 1292 5388 de
1319 5345 1583 5403 conceptu
1618 5348 1686 5387 ex
1719 5341 1879 5388 vento
1924 5334 2002 5385 fe-

435 5421 648 5463 runtur.
691 5427 708 5458 ι
744 5409 1001 5462 Speacen.

508 5477 1000 5547 (85)7Hmschelius
1027 5493 1122 5547 pro
1147 5477 1353 5539 λοιποῖς
1387 5476 1439 5528 in
1466 5480 1616 5547 textu
1655 5472 1843 5547 habet,
1883 5471 2004 5523 πολ-

437 5541 570 5617 λοῖς.
601 5541 743 5601 idem
785 5548 924 5602 infra
955 5541 1042 5604 ad-
1069 5549 1390 5617 marginem,
1425 5543 1518 5598 καὶ
1558 5541 1748 5613 πρώην
1787 5560 2007 5612 γεγενη-

441 5615 635 5683 μένων.

513 5687 622 5756 (⁸6)
672 5688 1095 5760 Ἀμφικτιόνης.
1125 5687 1215 5746 Sic
1257 5701 1446 5747 omnes
1491 5701 1619 5752 mss.
1647 5685 1834 5762 sicque
1865 5685 2004 5741 infra

2104 3122 2198 3175 xui.
2222 3120 2584 3191 Μελανίππης
2607 3120 2719 3190 (88)
2747 3120 2840 3173 καὶ
2875 3119 3056 3190 Αὔγης
3085 3119 3177 3172 καὶ
3214 3119 3517 3190 Ἀντιόπης·
3583 3117 3669 3168 λε-

2091 3324 2356 3392 Origenes
2393 3323 2531 3377 libro
2561 3332 2734 3387 sexto,
2774 3338 3000 3378 numero
3027 3333 3240 3377 octavo.
3280 3320 3661 3378 Verumtamen

2092 3395 2337 3462 profanis
2367 3393 2685 3446 auctoribus
2716 3393 2960 3462 Platonis
3003 3401 3177 3462 mater
3209 3392 3665 3462 vocaturilapzx-

2090 3459 2261 3532 ἷτιόνη.
2289 3461 2518 3532 Alliam,
2544 3463 2718 3525 lib.'x,
2744 3477 2865 3532 cap.
2899 3460 3198 3532 21,7Varig.’
3224 3459 3391 3524 Hist;
3418 3459 3660 3532 Hieron"

2093 3531 2187 3586 lib.
2223 3529 2239 3584 i
2270 3531 2402 3585 Adv.
2427 3532 2629 3594 Jovin.,°
2661 3531 2939 3595 Apuleius,
2971 3530 3063 3583 lib.
3096 3546 3110 3583 ι
3140 3529 3216 3582 De
3255 3533 3489 3595 dogmat.
3531 3530 3656 3583 Pla-

2093 3603 2270 3670 tonis;
2329 3602 2532 3670 Suidasr
2577 3601 2626 3652 in
2658 3597 2823 3670 ιΡΙαι,
2849 3615 2868 3652 .'
2919 3599 3272 3670 Περικτιόνης
3297 3599 3343 3670 μῆ
3373 3599 3660 3670 ΫΙΙοτώνης.

2099 3669 2341 3740 Laertius
2375 3670 2428 3740 in
2471 3667 2610 3720 Plat.
2637 3685 2654 3722 :
2687 3667 3034 3740 Σπεύσιππος
3061 3669 3117 3720 δὲ
3146 3667 3340 3740 ξένξτῷ
3369 3667 3665 3740 ὲπιγραεροτ

2097 3739 2242 3818 μένῳ
2276 3737 2592 3818 Πλάτωνος
2618 3739 2750 3818 περὶ
2778 3739 3045 3818 δείςτγοιζ,
3063 3739 3170 3818 οιαὶ
3198 3738 3476 3818 Κλέαρχος
3505 3737 3664 3818 ἐνιτῷ

2092 3807 2414 3872 Πλάτωνος
2437 3807 2723 3876 ἐγκωμίῳ,
2749 3810 2841 3862 καὶ
2883 3808 3212 3878 Ἀναξιλεδης
3242 3809 3298 3878 ὲν
3325 3807 3403 3878 τῷ
3430 3807 3648 3878 δευτέρη

2093 3878 2234 3960 Ιζερὶ
2259 3873 3252 3960 φιβος-όςςωιὲ,’φησίχχᾈθηνῃσιν’ἧν
3279 3873 3432 3960 λέγος
3460 3873 3665 3960 ὡραίαν

2092 3944 2384 4017 οὖσαντὴν
2402 3944 2754 4016 Περικτιόνην
2780 3944 3062 4016 βιάζεσθαι
3079 3948 3168 3999 τὸν
3208 3944 3529 4017 ’Δρίστωναζ
3572 3948 3663 4000 καὶ

2097 4017 2169 4087 μὴ
2212 4015 2853 4087 τυγχάνειν..παυόμενόν
2882 4034 2939 4068 τε
2981 4018 3077 4086 τῆς
3129 4017 3248 4084 βίας
3278 4015 3424 4087 ίίδεῖνί
3445 4017 3542 4087 τὴν
3573 4018 3663 4070 τοῦ

2113 4085 2442 4148 ’Λπόλλωνος
2480 4085 2788 4157 ὄψιει,,ὅθεν
2815 4085 3057 4157 καθαρὰν
3086 4087 3264 4156 γάμου
3295 4085 3525 4157 φυλάξαί
3562 4087 3665 4149 ἓως

2099 4158 2197 4226 τῆς
2245 4155 2652 4226 ἀποκυήσεως]
2678 4174 2694 4205 ι
2743 4155 3075 4226 Speusippus
3117 4155 3173 4210 in
3213 4156 3384 4226 Eptth
3412 4155 3664 4226 Platonis

2102 4223 2330 4292 funebri,
2369 4223 2454 4280 et'
2480 4223 2796 4280 Clearchus
2823 4227 2872 4278 in
2915 4223 3155 4279 Platonis
3213 4223 3559 4291 laudatione,
3611 4233 3664 4279 et

2099 4296 2418 4350 Anaxilides
2459 4295 2509 4347 in
2543 4296 2782 4348 secundo
2821 4295 2894 4348 De
2932 4294 3253 4362 philosophis
3287 4294 3460 4360 aiunt,
3496 4295 3663 4349 Athe-

2107 4367 2190 4418 nis
2242 4364 2440 4417 lamam
2492 4364 2681 4427 fuisse,
2711 4365 3018 4417 Aristonem
3047 4379 3168 4417 cum
3199 4363 3521 4417 Perictionze
3554 4365 3659 4418 vim

2027 4419 2072 4473 Ῑ)
2102 4434 2324 4489 afferret
2350 4473 2365 4496 ,
2395 4434 2595 4486 frustra
2643 4419 2895 4486 conatum
2948 4448 3098 4498 esse;
3148 4445 3384 4500 cumque
3420 4433 3487 4488 ab
3527 4434 3662 4487 infe-

2100 4505 2269 4558 renda
2303 4502 2354 4554 vi
2388 4503 2703 4564 destitisset,
2726 4502 2990 4571 Apollinis
3029 4504 3261 4570 speciem
3317 4501 3390 4554 illi
3424 4502 3657 4557 oblatam

2094 4585 2212 4626 esse
2247 4589 2260 4624 :
2299 4573 2551 4639 quocirca
2577 4586 2693 4624 eam
2716 4587 2744 4623 a
2777 4571 3063 4638 complexu
3102 4573 3362 4639 integram
3397 4585 3566 4636 usque
3597 4576 3660 4624 ad

2095 4649 2312 4708 partum
2348 4641 2676 4695 servavisse.
2720 4659 2739 4692 ι
2779 4641 3056 4708 Apuleius,
3082 4641 3301 4695 Hieron.
3345 4650 3398 4693 et
3441 4639 3656 4703 Snidas,

2096 4711 2229 4765 ibid.
2255 4709 2398 4762 Plut.
2427 4708 2610 4776 Symp.
2641 4710 2734 4764 lib.
2761 4724 2880 4773 vm,
2909 4719 3101 4777 qua-st.
3131 4711 3182 4773 1,
3203 4711 3331 4764 dicit
3353 4710 3657 4763 Aristonem

2100 4780 2373 4833 audivisse
2405 4793 2613 4842 vocem,
2641 4781 2948 4846 quaseidem
2981 4794 3327 4846 congressum
3351 4795 3446 4846 per
3469 4780 3657 4832 decem

2099 4863 2313 4902 menses
2334 4847 2626 4916 prohibuit.
2661 4848 2947 4916 Eumdem,
2976 4849 3019 4903 si
3047 4858 3220 4915 vacat,
3260 4849 3651 4915 disquirentem

2098 4919 2243 4973 vide.
2285 4919 2548 4972 Sreacen.

2171 4988 2282 5054 (87)
2322 4987 2508 5039 Μῦθοι
2553 4985 2930 5052 κινήσαντες.
2978 4987 3261 5042 Bolierello
3308 4986 3655 5042 scribendum

2103 5056 2349 5126 videtur.
2400 5055 2556 5124 μῦθοι
2587 5057 2910 5126 κινηθέντων
2933 5075 2962 5108 ·.
3001 5056 3193 5112 Guieto
3244 5067 3445 5121 autem,
3481 5058 3653 5126 μῦθοι.

2115 5125 2473 5197 Ἐκ-ινήθησαν
2498 5126 2604 5197 γὰρ
2633 5125 2956 5197 ἀναπλάσαι.

2175 5195 2284 5265 (88)
2315 5195 2735 5267 Μελανίππης,
2748 5195 3263 5267 Fortescribendum
3281 5196 3652 5267 Μεναλίππης.

2105 5260 2305 5319 Ibidem
2351 5280 2455 5317 non
2488 5267 2580 5318 καὶ
2603 5260 2802 5332 Αὐγῆς,
2831 5266 2927 5319 sed
2963 5260 3054 5317 xui.
3088 5264 3270 5335 Αὔγης
3305 5269 3463 5318 habet
3489 5260 3658 5323 codex

2104 5335 2452 5397 Basileensis,
2481 5347 2535 5388 et
2566 5338 2639 5388 ita
2671 5336 2928 5387 scribitur
2958 5338 3098 5402 apud
3141 5337 3525 5403 Apollodorum
3577 5337 3658 5390 Bi-

2108 5404 2298 5460 blioth.
2321 5405 2453 5474 libb.
2486 5421 2522 5458 ll
2548 5414 2601 5457 et
2627 5419 2710 5466 ut,
2737 5405 2923 5474 sicque
2955 5405 3170 5457 noniina
3191 5407 3402 5474 propria
3431 5418 3654 5460 accentu

2107 5483 2311 5527 mutato
2350 5473 2417 5526 ab
2453 5475 2576 5527 aliis
2625 5469 2932 5526 nominibus
2989 5469 3243 5541 distingui
3291 5469 3517 5530 debent.
3580 5476 3654 5528 Ita

2108 5559 2269 5611 supra
2311 5543 2441 5596 libb.
2471 5543 2717 5610 impressi
2748 5551 2895 5611 recte
2919 5544 3161 5596 scribunt
3189 5542 3383 5607 Λύξου,
3410 5559 3532 5596 cum
3563 5546 3657 5596 ad-

2104 5609 2360 5682 jectivnm
2417 5609 2621 5682 habent
2663 5609 2848 5676 Λοξός.
2883 5612 2983 5682 _lta
3033 5614 3422 5682 celeberrimus
3450 5613 3654 5682 Barncs

2118 5683 2274 5738 Iliad.
2299 5682 2373 5736 B'.
2401 5681 2506 5738 592
2528 5679 2822 5736 εΕΰκτιτον
2839 5676 2999 5750 Αἶπυ,
3020 5680 3083 5738 ad
3113 5676 3252 5751 quod
3270 5681 3417 5737 brev.
3444 5681 3650 5742 scliol.t
