3988 6156
375 281 476 334 35

1567 274 1847 334 CONTRA
1883 270 2154 328 CELSUM
2191 271 2320 328 LIB.
2357 271 2396 325 Ι.

3509 261 3612 317 751

332 406 557 472 κτὲον,
577 405 840 461 ὅτιταῦτα
852 399 1144 475 βωμολόχῳ
1168 399 1371 474 ἔπρεπε
1398 398 1465 453 τὰ
1495 400 1734 470 ῥήματα,
1766 396 1859 451 καὶ
1881 397 1943 449 οὐ

2051 411 2181 464 quas
2211 396 2276 450 de
2309 394 2511 459 Danae,
2539 364 2866 458 Melanippe,
2908 387 3058 455 Auge
3085 393 3137 441 et
3181 384 3407 454 Antiope
3436 382 3610 438 Graeci

329 493 727 558 σπουδάζοντι
753 494 810 546 ἐν
836 495 903 563 τῇ
931 491 1261 563 ἀπαγγελίᾳ.

441 668 574 720 Ἔτι
609 667 666 719 δέ
693 664 869 719 λαδὼν
906 664 1015 718 ἀπὸ
1040 663 1142 734 τῆς
1173 661 1566 734 γεγραμμένης
1603 661 1662 712 ἐν
1692 659 1770 729 τῷ
1804 660 1944 713 κατὰ

329 757 654 811 Ματθαϊον
682 755 994 826 Εὑαγγελίῳ
1030 754 1271 825 ἱστορίας
1299 753 1426 825 περὶ
1457 751 1549 805 τοῦ
1577 753 1656 813 είς
1674 749 1944 817 Αἴγυπτον

333 847 840 918 ἀποδεδημηκέναι
865 846 955 900 τὸν
994 843 1220 915 Ἰησοῦν,
1245 834 1360 906 τοῖς
1394 843 1490 912 μὲν
1519 838 1838 912 παραδόξοις
1867 840 1946 901 είς

334 937 536 990 τοῦτο
562 939 662 990 οὐκ
700 937 1038 1001 ἐπίστευσεν,
1069 935 1181 988 οὗθ’
1213 935 1295 988 ὅτι
1324 933 1551 1002 ἄγγελος
1590 930 1747 985 τοῦτο
1779 929 1944 1000 ἔχρη-

345 1044 492 1093 σεν,
530 1027 652 1081 οὔτε
679 1029 734 1082 εἷ
755 1045 808 1082 τι
836 1027 1085 1099 ᾐνίσσετο
1122 1029 1151 1079 ό
1201 1024 1515 1080 καταλιπὼν
1542 1024 1641 1094 τὴν
1691 1022 1946 1075 Ἰουδαίαν

359 1117 616 1189 Ἰησοῦς,
662 1119 754 1173 καὶ
781 1120 840 1172 ἐν
871 1118 1133 1188 Αἰγύπτῳ
1169 1115 1450 1186 ἐπιδημῶν
1471 1132 1484 1144 ·
1516 1113 1784 1168 ἀνέπλασε
1807 1111 1864 1164 δέ
1893 1128 1946 1162 τι

344 1210 581 1285 ἕτερον,
616 1209 1088 1280 συγκαταθέμενος
1113 1207 1210 1278 μέν
1241 1223 1356 1269 πως
1381 1206 1500 1267 ταῖς
1520 1200 1838 1273 παραδόξοις
1865 1201 1949 1253 δυ-

345 1301 624 1372 νάμεσιν,
659 1301 725 1364 ἃς
770 1298 974 1370 Ἰησοῦς
1003 1297 1278 1367 ἐποίησεν,
1323 1297 1382 1347 ἐν
1425 1287 1512 1356 αἷς
1549 1293 1675 1354 τοὺς
1722 1289 1948 1352 πολλοὺς

341 1391 589 1445 ἔπεισεν
627 1389 939 1444 ἀκολουθεῖν
984 1387 1130 1458 αύτῷ
1160 1386 1236 1450 ὡς
1263 1382 1483 1456 Χριστῷ
1507 1399 1520 1412 ·
1553 1380 1857 1434 διαϐάλλειν
1901 1380 1945 1432 δ’

345 1481 545 1544 αὐτὰς
575 1480 889 1551 βουλόμενος
919 1480 995 1542 ὡς
1023 1479 1131 1532 ἀπὸ
1161 1476 1406 1547 μαγείας,
1432 1476 1526 1528 καὶ
1556 1475 1616 1527 ού
1647 1473 1766 1544 θείᾳ
1790 1471 1947 1526 δυνά-

225 1584 242 1596 ‘
317 1591 321 1593 ·
348 1588 468 1642 «μει
490 1569 881 1650 γεγενημένας·
899 1569 1032 1639 φησὶ
1049 1567 1157 1639 γὰρ
1175 1587 1192 1618 ι
1215 1567 1376 1620 αὑτὸν
1405 1565 1615 1619 σκότιον
1643 1566 1942 1637 τραφέντα,

352 1660 821 1732 μισθαρνήσαντα
867 1661 948 1722 είς
991 1657 1287 1726 Αἴγυπτον,
1331 1657 1609 1728 δυνάμεών
1635 1672 1794 1709 τινων
1826 1671 1945 1707 πει-

368 1749 640 1822 ραθέντα,
681 1749 886 1803 ἐκεῖθεν
929 1748 1266 1812 ἐπανελθεῖν,
1297 1747 1428 1802 Θεὸν
1473 1748 1540 1801 δι’
1586 1747 1801 1808 ἐκείνας
1845 1745 1944 1808 τὰς

327 1842 628 1912 -δυνάμεις
666 1841 856 1894 ἐαυτὸν
898 1839 1315 1909 ἀναγορεύον-τα.
1361 1858 1380 1891 ι
1443 1837 1586 1906 Ἐγὼ
1633 1838 1677 1890 δ’
1705 1837 1804 1890 οὐκ
1848 1832 1942 1889 οἵδ’

331 1933 519 1996 -δπως
563 1932 629 1986 ἂν
673 1931 844 2003 μάγος
879 1931 991 2002 (89)
1024 1932 1329 2001 ἠγωνίσατο
1358 1928 1565 1993 διδάξαι
1610 1929 1786 1996 λόγον,
1821 1928 1942 1980 πεί-

355 2021 532 2076 θοντα
572 2022 746 2076 πάντα
782 2023 1062 2094 πράττειν,
1094 2021 1168 2084 ὡς
1202 2020 1340 2075 Θεοῦ
1374 2019 1684 2092 κρινοῦντος
1714 2017 1943 2071 ἕκαστον

359 2112 465 2166 ἐπὶ
511 2115 644 2166 πᾶσι
681 2115 794 2175 τοῖς
835 2111 1272 2184 πεπραγμένοις·
1326 2111 1421 2163 καὶ
1459 2109 1600 2163 οὕτω
1639 2108 1943 2162 διατιθέντα

357 2205 494 2267 τοὺς
525 2203 717 2257 ἑαυτοῦ
756 2205 1022 2275 μαθητὰς,
1055 2199 1136 2266 οἷς
1165 2202 1363 2274 ἤμελλε
1412 2201 1717 2273 χρήσασθαι
1758 2201 1942 2254 διακό-

356 2311 478 2357 νοις
502 2295 598 2364 τῆς
624 2293 817 2348 ἐαυτοῦ
846 2293 1209 2356 διδασκαλίας.
1241 2288 1387 2365 τΑροι
1407 2292 1514 2363 γὰρ
1545 2293 1784 2344 κάκεῖνοι
1803 2291 1944 2343 οὕτω
1971 2323 1979 2330 -

359 2384 702 2454 διδαχθέντες
729 2388 900 2437 ποιεῖν
926 2384 1200 2454 δυνάμεις,
1233 2384 1395 2454 ᾕρουν
1413 2385 1536 2445 τοὺς
1562 2383 1878 2444 ἀκούοντας,
1906 2381 1940 2454 ἢ

361 2475 488 2528 οὐδέ
519 2474 772 2544 δυνάμεις
800 2473 1014 2527 ἐποίουν
1040 2490 1054 2538 ;
1088 2473 1160 2526 Τὸ
1196 2474 1292 2542 μὲν
1325 2469 1417 2526 οὖν
1451 2472 1651 2541 λέγειν,
1676 2473 1758 2525 ὅτι
1786 2472 1943 2524 οὐδα-

373 2566 493 2636 μῶς
537 2564 793 2633 δυνάμεις
837 2562 1073 2626 ἐποίουν,
1119 2561 1254 2615 ἀλλὰ
1293 2561 1679 2624 πιστεύσαντες
1718 2561 1944 2632 οὐδεμιᾷ

373 2655 554 2723 λόγων
608 2652 913 2724 ίκανότητι,
972 2652 1368 2724 παραπλησίως
1411 2655 1476 2723 τῇ
1524 2653 1582 2705 ὲν
1633 2651 1940 2724 διαλεκτικῇ

380 2746 646 2817 Ἑλλήνων
689 2745 870 2816 σοφίᾳ,
911 2745 1192 2798 ἐπέδωκαν
1224 2746 1449 2807 ἑαυτοὺς
1483 2744 1560 2815 τῷ
1588 2745 1773 2798 καινὸν
1801 2744 1945 2798 διδά-

376 2854 528 2891 σκειν
553 2837 708 2905 λόγον
741 2832 823 2898 οἷς
861 2836 926 2890 ἂν
947 2835 1323 2908 ἐπιδημήσωσι
1341 2875 1356 2900 ,
1387 2836 1528 2890 πάνυ
1555 2838 1701 2890 ἐστὶν
1730 2836 1941 2906 ἄλογον.

365 2931 485 2983 Τίνι
509 2929 617 3001 γὰρ
643 2927 970 3001 θαρροῦντες
989 2929 1262 2982 ἐδίδασκον
1279 2929 1370 2982 τὸν
1398 2929 1574 2997 λόγον,
1606 2930 1702 2982 καὶ
1729 2931 1942 2995 ἐκαινο-

2047 488 2350 540 tinxerunt:
2385 485 2437 539 id
2455 497 2700 540 scurram
2735 479 2964 550 agentis,
3016 493 3120 532 non
3154 476 3296 531 serio
3327 474 3612 530 scribentis

2046 580 2279 633 hominis
2305 587 2409 632 est.

2114 669 2278 739 356
2302 669 2390 724 ⁸58.
2421 669 2686 722 Praeterea
2717 682 2783 720 ex
2820 655 3109 732 Evangelio
3145 656 3436 715 secundum
3472 655 3611 710 Mat-

2047 760 2246 813 thzeum
2267 761 2504 827 decerpit
2521 759 2799 812 historiam
2824 758 2889 810 de
2903 755 3027 810 Jcsu
3050 755 3102 808 in
3122 752 3413 822 Egyptum
3428 751 3622 822 migra-

2049 851 2217 904 tione.
2266 848 2370 902 Sed
2405 849 2682 902 miraculis
2737 859 2864 902 tunc
2909 846 3136 916 patratis
3165 854 3218 897 et
3259 840 3612 896 admonitioni

2047 941 2113 994 ab
2127 939 2314 1010 angelo
2329 937 2486 993 facta:
2503 939 2771 1007 denegans
2791 937 2971 1002 (idem,
2988 951 3086 990 nec
3110 933 3442 1002 investigans
3478 943 3618 982 nun-

2047 1031 2174 1100 quid
2200 1029 2442 1100 mystcrii
2475 1029 2664 1081 innuat
2690 1028 2802 1081 haec
2831 1024 3026 1080 Judacae
3053 1025 3334 1080 derelictio
3369 1023 3493 1078 etin
3515 1019 3614 1075 E-

2049 1130 2271 1194 gyptum
2309 1119 2726 1190 fuga,quiddam
2752 1117 3004 1185 cOnﬁngit
3028 1116 3193 1181 aliud,
3223 1129 3614 1183 assensumque

2047 1212 2444 1281 quodammodo
2500 1209 2704 1279 praebet
2735 1207 3012 1261 miraculis
3046 1221 3166 1274 qua:
3195 1205 3349 1260 Jesus
3381 1204 3525 1270 fecit,
3559 1212 3616 1257 et

2048 1302 2244 1372 quibus
2270 1300 2466 1354 multos
2504 1300 2745 1364 adduxit,
2770 1308 2830 1352 ut
2853 1299 3024 1365 ipsum
3058 1305 3312 1366 tanquam
3340 1295 3613 1350 Christum

2049 1399 2429 1459 sequerentur.
2461 1392 2531 1442 At
2575 1389 2834 1442 miracula
2879 1387 2965 1441 illa
3007 1401 3110 1440 non
3163 1387 3343 1441 divina
3391 1387 3613 1453 virtute,

2047 1482 2141 1537 sed
2164 1482 2391 1551 magicis
2411 1483 2619 1536 artibus
2647 1480 2786 1533 facta
2811 1494 2929 1533 esse
2953 1477 3328 1535 calumniatur.
3347 1477 3441 1529 Ait
3468 1477 3614 1531 enim

2036 1575 2071 1625 ἰ
2119 1574 2267 1628 illum
2317 1574 2459 1628 clam
2514 1573 2823 1637 educatum,
2886 1585 3009 1624 cum
3071 1570 3124 1623 in
3178 1567 3415 1639 Egypto
3460 1582 3616 1622 suam

2048 1666 2280 1720 locasset
2329 1679 2548 1732 operam
2602 1673 2854 1732 artesque
2890 1660 3152 1715 etiiciendi
3186 1659 3442 1713 miracula
3477 1659 3617 1713 didi-

2047 1757 2232 1822 cisset,
2271 1756 2397 1810 hinc
2424 1770 2703 1810 reversum
2749 1768 2867 1809 esse
2899 1755 3150 1821 denique,
3180 1761 3234 1806 et
3261 1759 3480 1821 propter
3526 1750 3616 1805 illa

2047 1846 2306 1901 miracula
2370 1860 2428 1901 se
2479 1862 2583 1915 pro
2629 1848 2739 1901 Deo
2779 1845 3107 1899 venditasse.
3140 1862 3157 1894 ›
3185 1843 3295 1912 Ego
3342 1857 3470 1896 vero
3511 1855 3616 1894 non

2045 1940 2286 2009 intelligo
2352 1941 2624 2009 quomodo
2682 1952 2868 2005 magns
2925 1937 3200 1990 docuisset
3260 1935 3507 1990 homines
3564 1935 3617 1987 in

2045 2032 2296 2086 omnibus
2344 2031 2457 2086 suis
2485 2030 2698 2084 actibus
2724 2029 2983 2097 cogitare,
3017 2029 3183 2081 Deum
3223 2027 3350 2080 olim
3404 2027 3616 2081 illorum

2045 2122 2286 2176 omnium
2329 2119 2567 2190 iudicem
2599 2121 2903 2188 fore,atque
2931 2120 3003 2172 ita
3029 2133 3156 2172 suos
3185 2111 3476 2187 discipulos
3507 2118 3618 2171 ins-

2044 2215 2301 2280 tituisset,
2334 2213 2531 2282 quibus
2587 2226 2699 2266 sua:
2731 2210 2989 2265 doetrinae
3039 2210 3371 2263 administris
3424 2223 3619 2264 usurus

2051 2316 2192 2360 erat.
2224 2303 2355 2358 Nam
2383 2319 2451 2357 an
2502 2302 2748 2370 discipuli
2789 2302 2868 2354 sic
2899 2300 3131 2353 instituti
3163 2300 3437 2352 miraculis
3470 2301 3617 2366 capi-

2045 2397 2207 2450 ebant
2236 2395 2533 2459 auditores,
2580 2403 2673 2446 aut
2712 2393 2830 2447 sine
2881 2389 3196 2442 miraculis?
3254 2391 3441 2443 Dicere
3474 2391 3614 2444 nulla

2045 2500 2137 2540 eos
2171 2484 2363 2540 fecisse
2402 2483 2678 2550 miracula,
2741 2485 2837 2538 sed
2909 2483 3207 2538 credidisse
3251 2481 3515 2533 duntaxat
3563 2489 3618 2535 ct

2046 2575 2193 2628 nulla
2233 2574 2446 2643 adjutos
2504 2573 2861 2642 persuadendi
2907 2573 3134 2641 peritia,
3203 2571 3417 2639 qualem
3477 2569 3616 2639 apud

2045 2664 2264 2720 Graecos
2316 2665 2601 2719 dialectica
2634 2663 2813 2728 docet,
2873 2677 3069 2717 novam
3111 2664 3434 2727 doctrinam,
3475 2677 3617 2731 quo-

2045 2771 2258 2826 cunque
2305 2755 2432 2810 ituri
2493 2763 2684 2819 erant,
2737 2753 3082 2823 promulgare
3136 2767 3420 2824 aggressos
3457 2768 3614 2820 esse,

2044 2847 2438 2917 perabsurdum
2461 2856 2564 2901 est.
2582 2845 2696 2911 Qua
2715 2847 2858 2899 enim
2876 2845 3072 2900 ﬁducia
3099 2844 3236 2898 hanc
3259 2844 3618 2913 praedicarent

2047 2939 2371 3002 doctrinam,
2401 2947 2459 2991 et
2500 2945 2764 2991 novarent
2790 2935 3007 2990 onmia?
3059 2934 3116 2988 Si
3145 2947 3322 2989 autem
3356 2934 3616 2990 miracula

365 3023 615 3102 τόμουνλ
638 3021 700 3073 Ei
738 3021 794 3075 δὲ
834 3019 1090 3090 δυνάμεις
1117 3021 1332 3073 ἐτέλουν
1369 3023 1631 3086 κάκεῖνοι,
1679 3021 1800 3075 τίνα
1832 3021 1943 3092 ἔχει

2051 3031 2349 3100 patrabant,
2368 3044 2434 3082 an
2459 3029 2635 3083 simile
2650 3028 2763 3082 veri
2793 3034 2874 3081 est
2896 3012 3091 3096 magos
3110 3042 3169 3082 se
3191 3035 3268 3082 tot
3301 3028 3352 3081 in
3378 3027 3617 3097 pericula

366 3097 700 3184 πιθανότητα
745 3111 806 3164 τὸ
845 3111 1048 3183 μάγους
1083 3112 1360 3177 τοσούτοις
1397 3113 1660 3177 κινδύνοις
1713 3115 1938 3177 ἑαυτοὺς

368 3204 842 3275 παραδεδληκέναι
873 3204 1188 3272 εἰσάγοντας
1207 3205 1314 3277 (90)
1334 3205 1675 3260 διδασκαλίαν
1707 3206 1938 3276 μαγείας

367 3293 816 3365 ἀπαγορεύουσαν
835 3311 850 3360 ;
1271 3335 1276 3339 .

443 3389 516 3441 Οὐ
563 3388 711 3440 δοκεῖ
757 3405 844 3458 μοι
884 3386 1251 3456 ἀγωνίσασθαι
1299 3387 1435 3457 πρὸς
1476 3388 1632 3456 λόγον
1674 3389 1746 3460 μὴ
1802 3388 1938 3459 μετὰ

369 3477 630 3548 σπουδῆς,
654 3477 788 3531 ἀλλὰ
828 3480 964 3550 μετὰ
985 3478 1180 3550 χλεύης
1210 3479 1515 3550 εἰρημένον·
1541 3499 1559 3530 ι
1585 3481 1646 3532 Εἰ
1667 3477 1776 3550 ἆρα
1801 3480 1938 3552 καλὴ

355 3566 438 3644 ἦν
465 3573 497 3642 ἡ
537 3571 717 3644 μήτηρ
740 3569 835 3623 τοῦ
889 3571 1082 3642 Ἰησοῦ,
1120 3571 1213 3623 καὶ
1244 3571 1320 3633 ὡς
1351 3570 1487 3642 καλῇ
1519 3571 1653 3643 αὐτῇ
1685 3571 1940 3641 ἐμίγνυτο

367 3663 399 3716 ὁ
434 3663 584 3728 Θεὸς,
619 3663 679 3715 ού
708 3661 964 3731 πεφυκὼς
994 3663 1123 3732 ἐρᾷν
1153 3661 1391 3734 φθαρτοῦ
1427 3661 1709 3732 σώματος;
1751 3663 1821 3715 Ἢ
1859 3663 1939 3715 ὄτι

357 3754 477 3806 οὐδ’
494 3754 639 3818 εἰκὸς
657 3749 726 3823 ἦν
749 3752 1145 3826 ἐρασθήσεσθαι
1165 3754 1334 3824 αὐτῆς
1360 3753 1449 3806 τὸν
1469 3753 1619 3818 Θεὸν,
1638 3752 1802 3824 οὔσης
1830 3753 1940 3806 οὔτ’

368 3845 683 3915 εὐδαίμονος
722 3844 845 3898 οὕτε
875 3845 1156 3915 βασιλικῆς
1182 3885 1197 3908 ,
1233 3845 1355 3898 ἐπεὶ
1387 3844 1574 3915 μηδεὶς
1598 3845 1767 3915 αὐτὴν
1805 3844 1939 3915 ᾔδει,

375 3938 506 4008 μηδὲ
533 3937 640 3990 τῶν
669 3937 959 4006 γειτόνων;
999 3957 1016 3988 ι
1039 3936 1230 4000 Παίζει
1262 3935 1319 3988 δὲ
1351 3935 1543 4002 λέγων,
1572 3937 1664 3988 καὶ
1697 3937 1778 3989 ὅτι
1805 3955 1824 3987 ι
1852 3955 1946 4006 μι-

367 4029 637 4101 σουμένην
652 4029 820 4099 αὐτὴν
843 4028 948 4080 ὑπὸ
983 4027 1078 4080 τοῦ
1108 4028 1376 4090 τέκτονος,
1404 4027 1498 4080 καὶ
1520 4027 1940 4099 ἐκδαλλομένην,

367 4121 466 4173 οὐκ
496 4119 666 4172 ἔσωσε
691 4118 813 4174 θεία
826 4118 1052 4189 δύναμις
1071 4117 1204 4188 (91),
1231 4116 1528 4183 οὐδὲλόγος
1552 4118 1940 4189 πιστικόςωίέ).

367 4208 533 4263 οὐδὲν
563 4204 677 4271 οὖν,
695 4207 1033 4278 φησὶ,ταῦτα
1049 4209 1182 4277 πρὸς
1200 4207 1298 4277 τὴν
1311 4206 1405 4259 τοῦ
1431 4205 1567 4258 Θεοῦ
1588 4206 1880 4276 βασιλείαν.
1921 4223 1939 4260 ι

366 4299 432 4353 Τί
462 4294 554 4353 οὖν
583 4299 754 4352 ταῦτα
781 4298 1025 4369 διαφέροι
1052 4296 1116 4350 ἂν
1140 4296 1248 4349 τῶν
1276 4298 1334 4349 ἐν
1370 4299 1492 4359 ταῖς
1523 4297 1754 4370 τριόδοις
1782 4297 1948 4352 λοιδο-

2041 3121 2364 3190 conjecisse,
2397 3129 2456 3174 ut
2503 3119 2810 3175 doctrinam
2844 3119 3182 3188 cvulgarent,
3212 3133 3331 3187 quae
3377 3121 3616 3190 magicas

2036 3222 2180 3270 artes
2221 3215 2408 3268 vetat?

2111 3397 2200 3451 59.
2237 3396 2366 3462 Quae
2395 3396 2541 3450 dicta
2577 3403 2704 3449 sunt
2733 3409 2836 3448 non
2869 3393 3034 3458 serio,
3071 3393 3163 3447 sed
3186 3393 3326 3448 risus
3351 3393 3608 3461 captandi

2040 3485 2216 3554 gratia
2275 3493 2518 3547 tantum,
2581 3499 2644 3538 ea
2705 3483 2951 3536 refellere
3005 3497 3111 3535 non
3178 3483 3390 3536 videtur
3432 3496 3616 3551 operte

2039 3577 2292 3646 pretium.
2346 3576 2653 3644 llujusmodt
2707 3583 2832 3628 sunt
2895 3574 3042 3627 haec:
3077 3591 3096 3623 ι
3134 3571 3436 3626 Pulchrane
3501 3569 3619 3625 erat

2041 3665 2166 3721 Jesu
2199 3677 2390 3730 mater,
2441 3675 2604 3735 atque
2652 3665 2860 3718 idcirco
2917 3663 3064 3716 illam
3097 3663 3258 3727 Deus,
3305 3677 3466 3730 quem
3517 3675 3616 3715 sua

2042 3766 2237 3811 natura
2305 3772 2408 3810 non
2459 3755 2664 3825 patitur
2715 3755 2963 3809 humanae
3005 3754 3192 3806 formae
3245 3768 3428 3808 amore
3470 3751 3617 3822 capi,

2043 3847 2327 3915 amplexus
2355 3845 2471 3900 est?
2498 3846 2579 3898 An
2612 3845 2760 3899 illum
2794 3859 2900 3898 non
2941 3845 3170 3898 decebat
3194 3844 3442 3913 deperire
3467 3844 3620 3897 muli-

2045 3953 2216 4003 erem,
2260 3953 2380 4007 qua:
2427 3951 2526 3990 nec
2577 3937 2770 4006 opibus
2817 3935 3075 4006 pollebat,
3129 3950 3228 3989 nec
3297 3936 3448 4004 regio
3500 3943 3619 3990 erat

2047 4043 2262 4098 genere,
2311 4037 2498 4097 utpote
2541 4044 2702 4096 quam
2755 4041 2822 4081 ne
2872 4027 2925 4080 in
2983 4027 3178 4080 vicinia
3226 4026 3440 4095 quidem
3477 4027 3620 4082 ullus

2047 4121 2500 4191 cognoscebat?»
2537 4119 2719 4190 Pergit
2763 4129 2996 4188 nugator
3051 4118 3175 4173 ille:
3246 4137 3264 4170 ι
3313 4117 3458 4172 lllam
3517 4132 3620 4173 nec

2049 4213 2226 4267 divina
2254 4221 2495 4280 potestas
2526 4227 2624 4265 nec
2647 4211 2824 4264 oratio
2847 4209 2914 4260 ad
2948 4206 3247 4262 faciendam
3278 4209 3434 4262 ﬁdem
3462 4221 3625 4276 appo-

2050 4304 2150 4357 sita
2182 4302 2444 4366 servavit,
2481 4301 2772 4370 quominus
2794 4302 2920 4356 odio
2946 4301 3128 4355 habita
3157 4315 3187 4353 a
3211 4297 3363 4352 fabro
3396 4295 3624 4364 expelle-

368 4390 644 4463 ρουμένων
681 4390 812 4454 τισὶ,
843 4389 938 4443 καὶ
965 4388 1119 4442 οὐδὲν
1151 4387 1388 4458 σπουδῆς
1421 4387 1572 4453 ἄξιον
1603 4387 1901 4456 λεγόντων;

2051 4404 2216 4446 retur.
2273 4389 2420 4444 Nihil
2477 4391 2644 4460 igitur
2698 4390 2896 4445 horum
2947 4390 3232 4456 onmium,
3295 4387 3500 4458 inquit,
3554 4385 3626 4440 ad

369 4501 592 4554 regnum
650 4485 745 4539 Dei
780 4485 1032 4555 pertinet.
1064 4505 1083 4538 ι
1140 4483 1328 4538 Nonne
1365 4487 1457 4540 tibi
1501 4485 1702 4540 videris
1753 4488 1943 4544 audire
1967 4505 2085 4554 eos,
2117 4489 2208 4558 qui
2236 4486 2448 4556 injuriis
2489 4488 2751 4557 quosdam
2800 4488 2854 4541 in
2905 4487 3082 4542 triviis
3133 4487 3428 4553 lacessunt,
3475 4481 3618 4538 nulla

367 4575 552 4631 habita
579 4575 792 4629 honesti
825 4580 881 4628 et
911 4573 1094 4629 decori
1130 4573 1378 4628 ratione?

447 4663 606 4736 Ἐξῆς
637 4665 694 4718 δὲ
726 4665 936 4728 τούτοις
980 4665 1088 4721 ἀπὸ
1137 4663 1233 4718 τοῦ
1271 4665 1414 4720 κατὰ
1451 4666 1752 4732 Ματθαῖον,
1801 4667 1943 4738 τάχα

368 4755 428 4809 δὲ
456 4754 549 4810 καὶ
571 4754 680 4810 τῶν
709 4755 911 4811 λοιπῶν
941 4755 1308 4826 Εὐαγγελίων,
1343 4756 1521 4812 λαϐὼν
1569 4756 1635 4810 τὰ
1678 4759 1805 4829 περὶ
1843 4759 1945 4829 τῆς

441 4928 487 4960 ’⁸
511 4928 701 4984 Matth.
740 4943 824 5000 ιιι,
872 4931 963 4991 16.

369 5083 546 5164 ῥίπτῃ.
573 5087 888 5164 Βαρυτόνως
924 5091 1176 5164 λεκτέον)
1233 5093 1403 5164 δνομα
1429 5095 1538 5164 γάρ
1571 5097 1684 5149 ἐστι
1712 5095 1939 5159 πόλεως.

588 5157 1002 5230 ὀξυτονούμενον
1033 5163 1284 5216 ἐπίθετόν
1306 5157 1453 5230 ἔστι,
1475 5157 1569 5217 καὶ
1599 5165 1854 5236 σημαίνει
1883 5157 1945 5218 τὸ

369 5229 774 5372 ῗψίθὶέῧωῦοᾱεχ
797 5296 1144 5372 Basileensis,
1162 5303 1310 5367 ὅπως
1341 5303 1408 5356 ἂν
1429 5303 1621 5372 μάγος,
1642 5318 1745 5358 non
1777 5302 1942 5358 male.

369 5368 538 5424 Paulo
569 5378 696 5443 post
733 5369 1070 5443 Anglicanus
1091 5373 1310 5443 tertius,
1332 5368 1572 5443 ὡς’Θεοῦ
1605 5371 1939 5443 κρινοῦντος,

369 5451 538 5494 recte.
569 5437 727 5493 Libb.
762 5438 920 5512 editi,
957 5437 1031 5512 ᾡς
1081 5439 1216 5512 Θεοῦ
1249 5437 1549 5512 κρίνοντος.
1604 5437 1774 5512 Paulo
1803 5442 1941 5497 infra

369 5523 555 5565 omnes
589 5523 746 5575 mss.,
779 5508 888 5581 ἄρα
920 5507 1027 5580 γὰρ
1064 5507 1324 5565 κάκεῖνοί.
1349 5511 1500 5567 Alias
1527 5512 1636 5582 ἄρα
1659 5510 1767 5583 γὰρ
1800 5513 1942 5564 ἐκεί-

369 5592 549 5720 νθιίξὶθ)
585 5647 980 5719 Εισάγοντας.
1015 5649 1177 5706 Deest
1207 5648 1346 5719 apud
1379 5647 1765 5707 iitesehelium.

2126 4666 2213 4722 ιο.
2258 4665 2460 4721 Deinde
2476 4681 2541 4721 ex
2568 4665 2857 4735 Evangelia
2887 4665 3188 4721 secundum
3223 4661 3527 4720 Matthaaum
3550 4664 3619 4731 ",

2055 4759 2216 4830 357
2262 4759 2496 4814 fortasse
2526 4767 2580 4814 et
2611 4773 2677 4814 ex
2723 4757 2848 4813 aliis
2890 4756 3216 4828 Evangeliis,
3247 4758 3442 4829 arripit
3479 4757 3624 4829 quod

2123 5094 2235 5166 (9|)
2277 5092 2369 5166 Sic
2401 5107 2587 5166 omnes
2617 5083 2746 5166 mss.
2771 5089 3230 5166 excepto_Jolian_0
3261 5088 3350 5156 qui
3387 5087 3439 5166 in_
3469 5094 3615 5166 textu

2055 5156 2239 5227 habet,
2273 5165 2333 5216 οὺ
2364 5161 2500 5232 μετὰ
2536 5161 2792 5231 σπουδῆς,
2811 5156 2921 5232 sed
2952 5159 3354 5232 ad_|_na~rgine_m,
3382 5157 3455 5232 μὴ
3485 5156 3623 5225 μετὰ

2057 5223 2688 5320 qwouaacwauloios
2722 5223 2915 5312 έιιερα
2940 5229 3088 5320 xei.
3109 5223 3623 5320 iii-.ff’fifilfﬁi'f.‘

2057 5307 2203 5369 dum,
2238 5294 2414 5374 ἥᾷρα
2447 5294 2583 5374 κοιλῇ
2610 5296 2676 5374 ᾖν
2697 5340 2714 5367 ,
2769 5294 2957 5368 εἰεέιιιο
2989 5294 3183 5366 Ιοεῖεεο
3213 5294 3424 5374 videtur
3449 5296 3623 5374 inter-

2055 5357 2203 5443 pres,
2227 5357 2506 5428 Gelenius.
2531 5357 2924 5443 inl‘ra'omnes
2966 5357 3110 5443 mss:
3140 5357 3413 5443 fitalCEIﬁé
3449 5359 3623 5426 λέγων

2050 5432 2143 5497 καὶ
2166 5443 2266 5496 ὅτι.
2297 5443 2451 5495 Libb.
2481 5441 2633 5502 editi,
2665 5439 2760 5492 καὶ
2791 5435 2974 5497 παίζει
3015 5434 3073 5485 δέ
3095 5432 3290 5502 λέγων,
3318 5432 3420 5482 δτι.

2121 5489 2464 5583 (θέλ-Χόξᾶ
2485 5489 3078 5583 ἓίξᾷνιὲὶδέ-έηγιτοηξςε.
3112 5489 3308 5583 dicitur
3349 5511 3397 5583 7a;
3438 5489 3623 5583 Delio.

2046 5564 2457 5704 Agl‘margincni
2499 5579 2701 5634 codicis
2735 5564 2930 5633 .ioliani
2979 5571 3200 5641 legitur,
3243 5564 3400 5635 λόγος
3435 5578 3631 5633 μυστι-

2047 5668 2078 5704 κ
2112 5668 2157 5704 ς.

2047 5668 2157 5715 κος.
