3988 6156
432 253 535 307 735

1897 257 2221 315 OBIGENIS
3593 259 3688 316 756

429 375 631 430 dicitur
664 375 729 429 de
759 375 1014 430 columba
1057 390 1176 444 qua:
1212 377 1264 429 in
1299 375 1636 432 Salvatorem
1682 387 1930 433 nostrum
1975 396 2003 433 a

2114 380 2416 450 ἑπιπτάσης
2439 378 2520 449 τῷ
2551 380 2762 448 Σωτῆρι
2795 377 3177 450 βαπτιζομένῳ
3205 377 3350 449 παρὰ
3378 377 3470 430 τοῦ
3511 378 3688 430 Ἰωάνκ

428 463 640 521 Joanne
703 467 1036 537 baptizatum
1067 468 1370 532 descendit,
1410 470 1574 538 idque
1605 485 1700 540 pro
1751 472 2008 541 ﬁgmento

429 556 622 611 haberi
677 558 810 611 vult.
865 557 1163 626 Postquam
1214 568 1435 624 autem,
1496 569 1554 614 ut
1621 570 1806 629 putat,
1869 563 2006 616 satis

429 647 726 715 exagitavit
774 650 840 700 de
895 646 1194 702 Salvator-is
1253 647 1426 702 nostri
1491 665 1559 704 ex
1621 653 1829 720 virgine
1880 661 2003 706 ortu
2047 708 2053 714 ,

428 737 732 792 historiam.
781 753 884 791 non
918 753 1037 806 qua:
1070 747 1374 805 sequuntur
1407 741 1599 795 ordine
1643 744 2004 811 persequitur.

426 829 570 885 Nihil
604 830 746 883 enim
779 829 942 884 habet
969 831 1283 884 ordinatum
1317 830 1395 884 ira
1429 841 1486 886 et
1527 833 1732 887 odium.
1783 835 1883 900 Qui
1923 850 2009 886 ra-

425 921 649 992 piuntur
677 921 984 990 hujusmodi
1023 923 1549 991 perturbationibus,
1587 925 1620 977 ii
1647 925 1697 978 in
1731 939 1848 989 eos,
1871 941 2008 995 quos

424 1021 770 1078 aversantur,
824 1012 1061 1068 fundunt
1107 1013 1371 1081 quidquid
1417 1015 1650 1083 primum
1688 1016 1742 1069 in
1802 1015 2006 1071 buccas

420 1098 596 1163 venit;
652 1100 853 1168 quippe
903 1099 1106 1169 quibus
1155 1117 1250 1170 per
1297 1117 1392 1156 eos
1449 1102 1678 1157 allectus
1728 1119 1832 1158 non
1879 1105 2004 1160 licet

421 1189 840 1242 accusationum
884 1191 1064 1258 capita
1105 1189 1402 1258 prudenter
1463 1207 1563 1246 suo
1603 1209 1830 1263 quaeque
1885 1193 2006 1250 loco

421 1279 733 1348 disponere.
791 1279 1050 1334 Ordinem
1103 1280 1248 1334 enim
1311 1281 1354 1334 si
1423 1295 1715 1349 servasset,
1785 1296 2004 1355 sumpto

421 1367 716 1439 Evangelio
769 1370 924 1440 cujus
976 1371 1271 1440 impetendi
1330 1374 1615 1428 consilium
1677 1388 1916 1446 ceperat,
1972 1395 2000 1432 a

420 1462 608 1530 prima:
626 1463 865 1517 historia
883 1462 1253 1518 eonfutatione
1278 1468 1342 1520 ad
1365 1469 1589 1522 alteram
1624 1467 1999 1536 refellendam,

422 1553 614 1623 sicque
645 1553 711 1606 ad
752 1563 978 1608 crateras
1019 1569 1343 1626 progressus
1378 1558 1590 1614 fuisset.
1635 1560 1835 1616 Contra
1876 1578 2002 1618 vero

420 1643 614 1700 Celsus
651 1644 761 1709 ille,
812 1647 901 1714 qui
943 1657 1131 1701 nostra
1176 1651 1356 1703 omnia
1417 1650 1615 1706 callere
1665 1667 1726 1705 se
1767 1653 1998 1722 iactitat,

419 1745 548 1804 post
579 1743 759 1790 ortum
797 1750 863 1790 ex
922 1739 1150 1808 virgine,
1189 1739 1424 1810 Spiritus
1457 1744 1633 1796 sancti
1687 1745 1868 1808 specie
1905 1759 2000 1799 eo-
2034 1723 2077 1778 Β

427 1825 621 1880 lnmba:
653 1827 705 1880 in
741 1829 1014 1898 baptismo
1057 1832 1376 1885 descensum
1442 1833 1751 1902 impugnat;
1804 1835 2003 1889 deinde

423 1918 794 1973 calumniatur
826 1921 1087 1975 vaticinia
1112 1923 1178 1976 de
1207 1925 1381 1978 nostri
1411 1922 1712 1980 Salvatoris
1745 1926 1999 1992 adventu;

425 2019 536 2062 tum
587 2011 890 2079 regreditur
919 2013 986 2066 ad
1029 2014 1247 2068 stellam
1303 2025 1564 2070 nascente
1592 2015 1744 2083 Jesu,
1781 2026 1838 2070 ut
1867 2020 2004 2072 scri-

421 2110 570 2168 ptum
621 2110 726 2166 est,
789 2113 1058 2170 exortam,
1097 2116 1151 2160 et
1209 2107 1274 2160 ad
1327 2121 1514 2175 magos
1537 2108 1628 2176 qui
1683 2121 1748 2162 ex
1781 2107 2004 2163 Oriente

419 2207 649 2264 puerum
669 2193 949 2249 adoraturi
967 2205 1253 2251 venerunt.
1275 2196 1366 2251 Sic
1397 2198 1566 2251 multa
1586 2207 1638 2252 tu
1663 2199 1778 2265 ipse
1805 2199 2002 2254 librttm

420 2282 682 2338 evolvens
706 2287 933 2339 confusa
965 2286 1220 2355 nulloque
1237 2289 1428 2344 ordine
1453 2299 1707 2360 congesta
1741 2291 1999 2360 reperies.

418 2374 598 2443 Atque
632 2375 737 2430 hoc
761 2389 1080 2446 argumento
1110 2380 1214 2434 erit
1251 2381 1316 2434 iis
1343 2381 1432 2450 qui
1483 2396 1725 2450 qmerere
1756 2382 2001 2437 ordinem

417 2474 475 2520 et
521 2480 742 2522 servare
793 2479 1014 2535 norunt,
1062 2487 1228 2540 quam
1293 2474 1580 2528 temeraria
1637 2475 2003 2530 ostentatione

419 2570 576 2611 suum
643 2559 839 2614 librum
873 2561 1216 2632 inscripserit
1257 2563 1565 2620 Sermonem
1614 2583 1811 2635 rerum,
1859 2569 2000 2638 quod

419 2649 603 2705 nullus
656 2666 896 2720 unquam
946 2668 976 2707 e
1031 2653 1208 2709 doctis
1257 2655 1600 2726 philosophis
1644 2655 1796 2712 fecit.
1848 2657 2002 2714 Plato

420 2751 582 2814 negat
615 2743 852 2800 hominis
877 2745 1162 2814 prudentis
1217 2762 1338 2802 esse
1363 2750 1658 2818 quidquam
1684 2765 2002 2808 asseverare

418 2834 485 2890 de
519 2836 681 2890 rebus
729 2836 1160 2893 obscurioribus.
1207 2839 1274 2894 Et
1306 2839 1642 2910 Chrysippus
1683 2849 1857 2910 saepe,
1901 2857 2001 2897 ex-

417 2925 608 2993 positis
635 2927 834 2996 quibus
864 2927 978 2997 ipse
999 2938 1176 2984 motus
1209 2929 1376 2984 fuerit
1404 2932 1730 2996 rationibus,
1755 2933 2002 3002 irejubet

417 3018 486 3070 ad
504 3032 598 3071 eos
618 3019 710 3086 qui
742 3019 934 3074 melius
958 3021 1072 3090 ipso
1104 3020 1393 3074 disserant.
1415 3020 1522 3075 Sed
1543 3021 1755 3086 Celsus,
1784 3023 1998 3089 Sapien-

420 3106 530 3160 tior
569 3107 775 3163 scilicet
833 3108 942 3162 illis
1014 3109 1339 3178 reliquisque
1390 3107 1617 3172 Graecis,
1677 3110 1818 3162 sicut
1877 3125 2003 3178 pro-

421 3197 596 3252 fessus
625 3207 709 3252 est
739 3214 798 3253 se
828 3199 969 3254 scire
992 3199 1196 3266 omnia,
1235 3201 1316 3255 sic
1337 3215 1433 3255 suo
1455 3199 1593 3255 libro
1627 3199 1839 3254 titulum
1859 3201 2004 3255 dedit

421 3289 686 3346 Sermonis
715 3291 843 3347 veri.

2109 489 2200 526 νου
2234 472 2343 541 (95)
2369 472 2717 540 περιστερᾶς,
2747 469 3053 522 διαϐάλλειν
3089 468 3336 539 βούλεται
3361 469 3436 531 ὼς
3468 469 3688 538 πλάσμα

2107 561 2169 612 τὸ
2202 561 2512 630 εἰρημένον.
2552 560 2822 629 Διασύρας
2860 559 2936 621 δὲ,
2967 560 3041 620 ὡς
3085 557 3243 628 ᾤετο,
3285 559 3384 628 τὴν
3429 559 3558 628 περὶ
3595 560 3685 613 τοῦ

2109 654 2172 704 ἐκ
2203 652 2471 722 παρθένου
2505 649 2827 721 γεγενῆσθαι
2864 650 2955 702 τὸν
2983 651 3210 720 Σωτῆρα
3243 649 3396 719 ἡμῶν
3430 651 3686 721 ἱστορίαν,

2109 747 2171 797 οὐ
2205 744 2273 797 τὰ
2306 744 2433 811 ἑξῆς
2462 747 2526 813 τῇ
2566 743 2717 808 τάξει
2754 741 3056 794 ἐκτίθεται’
3095 742 3218 794 ἐπεὶ
3259 741 3424 812 μηδὲν
3457 743 3568 811 ἔχει
3607 759 3688 794 τε-

2108 834 2379 904 ταγμένον
2413 833 2584 904 θυμὸς
2613 834 2706 886 καὶ
2741 832 2937 904 ἔχθρα·
2969 831 3104 885 ἀλλά
3133 831 3275 884 κατά
3304 830 3365 883 τὸ
3397 830 3620 884 ἐπελθὸν
3641 838 3684 885 ot

2110 925 2449 997 ὀργιζόμενοι
2498 925 2592 978 καὶ
2638 926 2687 976 οί
2731 922 3107 995 ἐχθραῖζοντες
3152 920 3556 992 κακηγοροῦσιν
3598 921 3688 985 οὓς

2113 1015 2350 1084 μισοῦσι,
2384 1015 2458 1086 μὴ
2501 1015 2916 1085 ἐπιτρεπόμενοι
2955 1013 3061 1092 ἀπο
3092 1012 3185 1066 τοῦ
3219 1011 3422 1076 πάθους
3463 1013 3574 1082 (94)
3607 1031 3688 1066 τε-

2109 1106 2472 1177 θεωρημένως
2503 1107 2597 1159 καὶ
2629 1106 2768 1160 κατά
2804 1105 2955 1170 τάξιν
2993 1105 3171 1173 λέγειν
3206 1103 3306 1167 τὰς
3335 1105 3683 1174 κατηγορίας.

2109 1197 2171 1249 Εἰ
2200 1198 2298 1267 μὲν
2321 1197 2430 1268 γὰρ
2451 1197 2548 1269 τὴν
2565 1196 2716 1263 τάξιν
2739 1199 2942 1269 ἐτήρει,
2969 1195 3148 1250 λαϐὼν
3164 1193 3229 1248 ἂν
3249 1194 3311 1248 τὸ
3339 1193 3683 1262 Εὑαγγέλιον,

2109 1294 2204 1346 καὶ
2246 1296 2573 1365 κατηγορεῖν
2611 1291 2774 1364 αὑτοῦ
2821 1289 3173 1362 προθέμενος,
3218 1288 3318 1358 τῆς
3361 1288 3585 1359 πρῶτης
3623 1286 3686 1340 ἂν

2111 1381 2350 1454 ἱστορίας
2371 1379 2666 1442 κατειπὼν,
2684 1379 2810 1448 ἑξῆς
2835 1379 2927 1432 ἐπὶ
2948 1380 3047 1449 τὴν
3065 1377 3321 1449 δευτέραν
3341 1377 3683 1448 παρεγίνετο,

2107 1471 2200 1524 καὶ
2229 1471 2398 1534 οὕτως
2428 1471 2522 1525 ἐπὶ
2553 1471 2652 1534 τὰς
2678 1470 2894 1533 λοιπάς·
2925 1470 3044 1523 νυνὶ
3072 1469 3147 1534 δὲ,
3180 1469 3319 1540 μετά
3340 1469 3438 1539 τὴν
3459 1469 3523 1520 ἐκ
3548 1484 3682 1538 παρ-

2110 1561 2267 1614 θένου
2292 1561 2563 1630 γέννησιν,
2589 1559 2617 1611 ὁ
2651 1560 2806 1614 πάντ’
2838 1560 3035 1614 εἰδέναι
3061 1559 3528 1629 ἐπαγγειλάμενος
3553 1558 3685 1610 Κέλο

2110 1670 2200 1718 σος
2246 1652 2314 1706 τά
2357 1651 2622 1722 ἡμέτερα,
2668 1653 2964 1720 κατηγορεῖ
3007 1649 3099 1703 τοῦ
3144 1649 3295 1718 παρὰ
3337 1648 3416 1719 τῷ
3496 1645 3682 1719 βαπτι-

2110 1744 2400 1814 σματι(95)
2421 1743 2677 1811 φανέντος
2708 1741 2862 1809 ἁγίου
2895 1741 3212 1810 Πνεύματος
3242 1741 3299 1793 ἐν
3331 1739 3461 1791 εῖδει
3529 1754 3680 1806 περι-

2111 1833 2457 1902 στεράς”εἷτα
2492 1834 2630 1904 μετά
2667 1833 2824 1887 τοῦτο
2855 1831 3128 1886 διαϐάλλει
3161 1836 3221 1884 τὸ
3255 1828 3683 1902 προφητεύεσθαι

2107 1926 2206 1998 τὴν
2248 1926 2340 1980 τοῦ
2385 1926 2635 1996 Σωτῆρος
2673 1925 2830 1996 ἡμῶν
2860 1923 3185 1994 ἐπιδημίαν·
3223 1924 3315 1975 καὶ
3347 1921 3485 1993 μετά
3523 1919 3684 1973 ταῦτα

2109 2017 2394 2088 ἀνατρέχει
2426 2017 2519 2068 ἐπὶ
2549 2015 2609 2068 τὸ
2641 2016 2765 2084 ἑξῆς
2799 2017 2864 2084 τῇ
2897 2014 3106 2082 γενέσει
3139 2012 3231 2065 τοῦ
3277 2010 3450 2082 Ἰησοῦ
3489 2012 3682 2077 ἀνα-γε·-

2110 2109 2447 2178 γραμμένον,
2481 2109 2541 2160 τὸ
2584 2108 2711 2176 περ’.
2755 2106 2848 2159 τοῦ
2889 2105 3116 2176 ἀστέρος
3157 2106 3420 2174 διήγημα,
3459 2101 3684 2154 καὶτῶν

2111 2198 2444 2268 ἐληλυθότων
2489 2197 2596 2250 ἀπὸ
2640 2195 2902 2266 ἀνατολῆς
2961 2200 3147 2266 μάγων
3195 2193 3572 2266 προσκυνῆσαι
3612 2190 3684 2262 τῷ

2110 2289 2325 2358 παιδίῳ.
2365 2287 2541 2340 Πολλά
2574 2287 2616 2338 δ’
2646 2289 2709 2339 ἂν
2740 2287 2833 2339 καὶ
2862 2286 3021 2348 αὐτὸς
3051 2285 3328 2355 ἐπιτηρῶν
3362 2283 3527 2354 εὕρῃς
3558 2299 3682 2349 συγ-

2107 2381 2421 2450 κεχυμένως
2448 2379 2525 2450 τῷ
2559 2380 2750 2449 Κέλσῳ
2781 2378 3044 2449 εἰρημένα
3075 2377 3135 2429 δι’
3171 2376 3297 2444 ὅλης
3339 2375 3437 2444 τῆς
3474 2374 3679 2444 βίϐλου·

2109 2473 2196 2525 ἵνα
2217 2474 2310 2525 καὶ
2331 2472 2419 2525 διὰ
2439 2472 2630 2526 τούτου
2663 2473 2768 2524 ὑπὸ
2788 2471 2895 2524 τῶν
2922 2469 3072 2532 τάξιν
3103 2468 3480 2538 ἐπισταμένων
3506 2469 3682 2538 τηρεῖν

2109 2568 2203 2619 καὶ
2250 2566 2450 2635 ζητεῖν,
2493 2563 2720 2634 ἐλεγχθῇ
2784 2563 2920 2633 μετά
2969 2561 3169 2630 πολλῆς
3214 2558 3551 2631 θρασύτητος
3594 2562 3684 2612 καὶ

2109 2656 2424 2720 ἀλαζονείας
2450 2655 2763 2724 ἐπιγράψας
2818 2651 3030 2720 Ἀνιηθῆ
3065 2655 3250 2721 λόγον
3281 2651 3376 2720 την
3395 2651 3573 2720 βίϐλον
3596 2650 3686 2702 a5-

2107 2747 2221 2810 τοῦ,
2249 2749 2385 2816 ὅπερ
2411 2748 2518 2801 τῶν
2547 2745 2845 2815 ἐλλογίμων
2873 2742 3173 2812 φιλοσόφων
3205 2742 3378 2804 οὐδεὶς
3413 2743 3681 2812 ἐποίησεν.

2121 2841 2178 2893 Ὀ
2215 2841 2312 2910 μέν
2355 2838 2463 2910 γάρ
2498 2839 2718 2891 Πλάτων
2753 2837 2864 2906 (96)
2928 2839 3111 2905 φησιν,
3154 2837 3214 2888 οὖ
3255 2835 3394 2890 κατά
3433 2834 3522 2887 τὸν
3566 2833 3687 2886 νοῦν

2108 2926 2299 2994 ἔχοντα
2328 2924 2462 2978 εἶναι
2500 2925 2560 2978 τὸ
2590 2924 3014 2996 διῖσχυρίζεσθαι
3056 2925 3181 2996 περὶ
3211 2923 3316 2976 τῶν
3344 2923 3554 2976 τοιῶνδε
3592 2923 3688 2976 καὶ

2107 3017 2474 3088 ἀδηλοτέρων·
2520 3019 2548 3070 ὁ
2585 3017 2640 3069 δέ
2678 3017 2998 3086 Χρύσιππος
3019 3056 3033 3078 ,
3078 3015 3341 3086 πολλαχοῦ
3397 3015 3687 3085 ἐκθέμενος

2108 3108 2176 3161 τά
2209 3110 2505 3178 κινήσαντα
2533 3110 2711 3173 αὑτὸν,
2744 3109 3056 3179 ἀναπέμπει
3089 3111 3236 3179 ἡμεῖς
3271 3109 3354 3177 ἐφ’
3382 3106 3471 3170 οὒς
3505 3109 3570 3161 ἂν
3598 3106 3686 3159 εἰ·

2113 3219 2300 3272 ροιμεν
2326 3204 2569 3271 κρεῖττον
2591 3201 2755 3254 αὐτοῦ
2784 3202 3056 3272 ἐροῦντας.
3081 3196 3245 3262 Οὗτος
3279 3197 3374 3253 οὖν
3395 3202 3423 3254 δ
3449 3199 3542 3253 καὶ
3567 3197 3685 3251 τού-

2111 3311 2218 3346 των
2243 3295 2336 3347 καὶ
2364 3293 2470 3346 τῶν
2496 3294 2697 3346 λοιπῶν
2736 3293 3000 3365 Ἑλλήνων
3034 3294 3362 3364 σοφώτεφς,
3385 3290 3688 3354 ἀκολούθως

427 3387 500 3459 τῷ
528 3386 758 3456 φάσκειν
799 3387 957 3441 πάντ’
989 3386 1208 3456 εἰδέναι,
1253 3385 1466 3457 Ἀληθῆ
1499 3388 1687 3456 λόγον
1707 3386 2014 3458 ἐπέγραψεν
2039 3388 2204 3442 αὑτοῦ
2230 3389 2288 3442 το
2320 3390 2542 3459 βιολίον.

489 3568 579 3624 ll.
630 3568 710 3625 Ne
766 3584 896 3625 vero
944 3571 1069 3641 quis
1119 3571 1424 3642 suspicetur
1460 3587 1560 3628 nos
1619 3573 1685 3628 de
1728 3573 1996 3628 industria

420 3662 693 3718 transilire
731 3663 848 3732 ejus
879 3661 1146 3732 capitula,
1182 3672 1470 3734 propterea
1509 3665 1653 3733 quod
1704 3665 1851 3719 deest
1893 3679 2000 3732 quo

420 3751 511 3806 illa
536 3752 891 3818 refellantur;
921 3755 1096 3808 visum
1135 3764 1221 3809 est
1265 3770 1364 3825 pro
1416 3755 1624 3809 viribus
1658 3757 2003 3822 unumquoda

419 3858 528 3912 que
557 3843 878 3900 confutare:
916 3861 1020 3900 non
1059 3854 1277 3900 servato
1305 3845 1498 3900 ordine
1529 3860 1634 3915 quo
1670 3859 1756 3900 res
1780 3846 1918 3898 inter
1943 3859 2002 3900 se

420 3934 717 3997 eohzereut,
759 3935 852 3990 sed
879 3951 1042 4004 quem
1074 3937 1190 4005 ipse
1228 3951 1328 3989 suo
1371 3936 1425 3989 iu
1471 3936 1606 3989 libro
1631 3945 1854 3989 secutus
1893 3944 1999 3989 est.

422 4025 714 4080 Videamus
777 4026 944 4096 igitur
994 4028 1125 4096 quid
1179 4027 1328 4082 dicat
1362 4037 1421 4081 ut
1453 4027 1716 4097 Spiritum
1751 4038 2002 4082 sanetum

420 4131 685 4188 corporea
724 4116 990 4172 columba:
1037 4118 1220 4186 specie
1260 4133 1291 4170 a
1323 4116 1605 4172 Salvatore
1652 4126 2002 4188 conspectum

423 4209 717 4265 inlicietur.
752 4209 843 4267 Sic
863 4209 1041 4265 adhuc
1056 4207 1272 4264 Judaeus
1296 4208 1590 4278 alloquitur
1619 4206 1806 4264 Iesum
1841 4224 2001 4278 quem

421 4309 667 4356 nostrum
699 4301 985 4356 Dominum
1022 4315 1146 4357 esse
1169 4302 1573 4357 conlitemurn
1639 4302 1734 4356 Ais
1761 4310 1813 4356 tu
1854 4302 1907 4355 in
1953 4311 2006 4357 te

421 4406 452 4446 ιι
486 4391 694 4449 Joanne
730 4393 896 4464 358
926 4393 1092 4449 lotum
1117 4408 1185 4449 ex
1213 4408 1342 4450 aere
1376 4393 1728 4449 simulacrum
1759 4395 1873 4449 avis
1915 4396 2000 4448 in-

419 4483 650 4544 volasse.
681 4485 835 4554 Quis,
867 4506 886 4539 ι
944 4487 1123 4559 pergit
1157 4487 1347 4543 scitari
1370 4485 1609 4554 Judaeus,
1667 4506 1686 4538 ι
1745 4486 1866 4556 quis
1899 4487 2002 4542 ﬁde

2179 3573 2296 3624 Ἵνα
2329 3570 2384 3624 δέ
2415 3570 2490 3642 μὴ
2517 3569 2763 3640 δοκῶμεν
2793 3569 3025 3633 ἑκόντες,
3051 3568 3137 3622 διά
3166 3567 3225 3620 τὸ
3254 3569 3479 3638 ἀπορεῖν
3523 3568 3690 3622 ἀπαν-

2105 3666 2335 3736 τήσεως,
2379 3662 2728 3732 ὑπερϐαίνειν
2765 3661 2927 3716 αὑτοῦ
2961 3665 3028 3714 τά
3061 3661 3346 3728 κεφάλαια,
3399 3660 3690 3732 ἐκρίναμεν

2106 3757 2333 3810 ἕκαστον
2360 3755 2503 3810 κατά
2530 3755 2753 3825 δύναμιν
2783 3753 2940 3806 λῦσαι
2973 3753 3082 3805 τῶν
3117 3754 3206 3806 ὑπ’
3242 3752 3404 3806 αὑτοῦ
3447 3751 3690 3822 προτιθε-

2113 3849 2308 3919 μένων,
2347 3847 2730 3916 φροντίσαντες
2762 3847 2821 3898 οὑ
2849 3844 2943 3898 τοῦ
2979 3847 3036 3898 ἐν
3070 3847 3136 3914 τῇ
3187 3844 3346 3914 φύσει
3382 3843 3490 3896 τῶν
3519 3859 3689 3913 πραγο

2114 3941 2298 4012 μάτων
2336 3938 2528 4009 είρμοῦ
2565 3939 2658 3990 καὶ
2689 3937 3025 4000 ἀκολουθίας,
3053 3935 3189 3990 ἁλλά
3218 3936 3318 4005 τῆς
3346 3933 3550 3998 τάξεως
3586 3933 3688 3986 τῶν

2110 4033 2170 4084 ἐν
2203 4035 2266 4102 τῇ
2300 4031 2464 4102 βίϐλῳ
2487 4031 2650 4084 αὐτοῦ
2679 4029 3201 4101 ἀναγεγραμμένων.
3226 4028 3350 4098 Φέρ⁸
3379 4023 3472 4081 οὖν
3497 4026 3681 4096 ἴδωμει

2111 4123 2164 4176 τί
2197 4140 2327 4175 ποτε
2357 4124 2450 4175 καὶ
2483 4122 2630 4191 λέγει
2657 4121 2956 4176 διαϐάλλων
2987 4121 3066 4184 τὸ,
3088 4115 3198 4173 οἷον
3232 4119 3557 4189 σωματικῶς
3594 4119 3682 4170 ἑω-

2115 4216 2347 4288 ραμένον
2386 4215 2490 4268 ὑπὸ
2540 4214 2632 4267 τοῦ
2681 4215 2931 4284 Σωτῆρος
2982 4213 3206 4282 Πνεῦμα
3258 4213 3411 4280 ἅγιον
3456 4211 3514 4263 ἐν
3563 4211 3685 4263 εῖδει

2110 4308 2464 4377 περιστερᾶς.
2501 4307 2656 4358 Ἔστι
2685 4305 2728 4356 δ’
2763 4306 2791 4357 ὁ
2839 4304 3088 4366 Ἰουδαῖος
3119 4302 3266 4372 αὐτῷ
3306 4302 3384 4355 ἑτι
3413 4301 3584 4355 ταῦτα
3615 4298 3688 4352 λέ·

2110 4411 2242 4462 γων,
2281 4396 2420 4465 πρὸς
2459 4395 2516 4447 ὃν
2549 4394 2918 4464 ὁμολογοῦμεν
2956 4389 3094 4446 εἶναι
3143 4391 3346 4463 Κύριον
3379 4389 3558 4462 ἡμῶν,
3603 4389 3690 4442 τὸν

2121 4485 2364 4557 Ἰησοῦν·
2396 4506 2413 4538 ι
2444 4487 2755 4557 Λουομένῳ,
2775 4485 2926 4555 φησὶ,
2951 4486 3032 4538 σοὶ
3055 4484 3205 4556 παρὰ
3226 4483 3302 4554 τῷ
3337 4483 3559 4556 Ἰωάννῃ
3582 4481 3688 4552 (97)
3753 4503 3756 4506 ·

494 4704 606 4776 (95)
647 4705 815 4774 Παρὰ
834 4705 940 4776 τοῦ
975 4705 1294 4776 Ἰωᾲννουεγ
1329 4705 1455 4759 [hec
1493 4705 1687 4776 desunt
1743 4703 1796 4755 in
1832 4704 1994 4776 codd.

2114 4702 2255 4776 li‘ano
2281 4703 2378 4771 qui
2422 4703 2473 4756 in
2503 4713 2652 4758 textu
2689 4703 2872 4768 habet,
2902 4701 3105 4773 εὕροις,
3135 4702 3228 4757 sed
3257 4702 3324 4756 ad
3363 4701 3687 4772 marginem,

426 4773 597 4846 Regio
628 4786 682 4829 et.
709 4773 1032 4846 Basileensi.
1061 4775 1227 4830 Vetus
1257 4775 1552 4846 Vaticanus
1581 4773 1726 4846 legit,
1754 4773 1911 4846 παρά
1929 4775 2006 4846 τῷ

436 4840 680 4915 Ἰωάννῃ.
708 4844 848 4910 Quid
877 4845 921 4898 si
949 4860 1075 4898 vero
1106 4846 1450 4899 scribendum
1486 4845 1556 4915 sit
1585 4841 1735 4915 ποιρά
1760 4840 1848 4915 τῷ
1875 4840 2000 4915 Ἰορί

425 4915 582 4986 δέινῃ.
613 4903 778 4986 [ἵει-ιιῙο
817 4924 942 4986 post
975 4929 1166 4986 omnes
1199 4930 1355 4977 mssa,
1390 4915 1466 4986 ὡς
1499 4903 1820 4986 πλᾴσξλαῖδ
1844 4903 1999 4985 aiens

429 4980 621 5056 paen.
655 4983 996 5056 Hmschelius
1037 4984 1090 5036 in
1136 4993 1285 5037 textu
1328 4985 1512 5048 habet,
1563 4980 1658 5044 ὡς
1684 4980 2004 5053 πλάσματος

426 5052 736 5126 εἰρημένον,
753 5052 920 5126 Λιιιιιιει.

501 5071 736 5176 Ἑμενον,
763 5071 920 5106 male.
948 5120 959 5132 .
1338 5122 1363 5132 ν
1683 5121 1692 5131 _

501 5126 520 5194 (
563 5125 615 5194 4)
651 5123 833 5194 Colle}
857 5121 1102 5176 Joltanus
1125 5121 1246 5194 rma
1273 5139 1366 5194 του
1391 5123 1616 5186 πάθους,
1650 5137 1837 5190 Sthue
1872 5122 2004 5180 lla:-

429 5192 674 5249 schelius
707 5201 761 5246 et
785 5192 1094 5260 Spencerus
1123 5193 1173 5244 in
1200 5193 1466 5260 margine.

513 5263 614 5334 '95)
653 5259 929 5334 Παράξτῷ
957 5259 1382 5334 ,βαπτίσμιιτιξΔ
1411 5262 1606 5334 Cuieto
1637 5262 2001 5334 scribendum

523 5277 614 5334 νῦ)
653 5277 818 5330 uapa
851 5279 929 5326 τῳ
957 5277 1350 5328 βαπτίσματι.
1414 5277 1606 5316 ωιιειο
1654 5277 2001 5317 sentiendum

429 5277 667 5399 videtur,
693 5331 843 5403 παρὰ
868 5332 928 5403 τὸ
958 5331 1261 5401 βάπτισμα.
1283 5401 1291 5403 _
1312 5329 1524 5403 Ibidem
1547 5333 1716 5403 codex
1753 5333 2005 5403 Anglica-

431 5421 534 5459 nus
563 5401 1128 5470 pritnus'etJoliauus,
1161 5401 1420 5472 φανέντος
1443 5401 1536 5454 τοῦ
1570 5402 1724 5468 ἁγίου
1753 5401 2004 5472 Πνεῦμα-

429 5490 541 5536 τος.
571 5473 712 5526 Infra
737 5472 1114 5544 προσκυνῆσαι
1140 5472 1218 5544 τῷ
1239 5470 1562 5544 παιδίῳηεὶς
1580 5487 1770 5526 omnes
1797 5470 1926 5544 mss.
1960 5473 2007 5526 si

430 5545 714 5610 exceperis
741 5540 1016 5598 recentem
1039 5540 1357 5597 Vaticanum
1387 5540 1440 5597 et
1463 5540 1733 5595 Joliannm
1756 5541 1848 5610 qui
1879 5557 2005 5595 cum

436 5612 586 5684 libris
633 5613 912 5682 impressis
965 5614 1191 5680 habent,
1239 5612 1617 5684 προσκυνῆσαι
1661 5611 1723 5665 τὸ
1773 5611 2004 5684 παιδίον.

439 5678 638 5737 Ibidem
673 5678 862 5759 omnes
894 5697 1051 5750 utss.,
1084 5678 1364 5757 ἐπιτηρῶν
1397 5678 1622 5762 εὕρῃς,
1658 5692 1886 5754 excepto
1912 5681 2007 5740 Jo-

2112 4789 2298 4836 ευρῃς.

2336 4842 2605 4906 Πλάτων.
2640 4842 2693 4895 In
2721 4842 3114 4911 Euthyphrone,
3147 4857 3267 4910 pag.
3304 4841 3475 4912 11,1"
3509 4840 3688 4912 ΡΙιηίΙ.

2114 4910 2237 4981 pag.
2271 4910 2394 4975 tos,
2427 4915 2478 4967 in
2513 4912 2749 4981 Cratylo.
2784 4910 2906 4982 pag.
2939 4912 3206 4976 592.400,
3241 4912 3366 4982 tot,
3397 4910 3688 4978 428,440;

2117 4983 2211 5034 lib.
2255 4998 2291 5036 ιι
2331 4984 2404 5036 De
2445 4983 2651 5050 repub.,
2703 4981 2826 5050 pag.
2860 4981 2999 5043 378;
3033 4983 3126 5035 lib.
3159 4991 3211 5034 Vl
3249 4981 3322 5034 De
3373 4996 3508 5048 rep.,
3566 4996 3688 5050 pag.

2113 5052 2239 5116 506,
2276 5053 2416 5116 507;
2455 5052 2546 5106 lib.
2579 5068 2650 5106 vtt
2686 5053 2757 5106 De
2789 5069 2924 5120 rep.,
2949 5067 3072 5119 pag.
3105 5052 3207 5106 517
3229 5070 3244 5113 ;
3270 5051 3364 5106 lib.
3389 5066 3422 5104 ι
3451 5051 3529 5104 De
3562 5068 3690 5118 rep.,

2115 5139 2238 5189 pag.
2264 5124 2360 5176 6H
2385 5140 2400 5188 ;
2430 5123 2481 5176 in
2516 5121 2736 5184 Timwo,
2775 5138 2895 5192 pag.
2920 5121 3135 5192 28,29,
3172 5125 3273 5187 40;
3310 5121 3474 5192 epist.
3509 5136 3606 5188 vn,
3639 5137 3688 5188 p.

2113 5193 2236 5246 544-
2275 5192 2410 5248 Vide
2457 5193 2627 5247 Clem.
2675 5190 2970 5246 Aleisainlr.
3022 5191 3228 5246 Strom.
3291 5205 3364 5258 v;
3419 5190 3690 5246 Theudor.

2113 5278 2391 5319 sermones
2424 5265 2459 5317 9.
2486 5275 2538 5318 et
2563 5265 2628 5329 4;
2659 5264 2846 5333 Cyrill.
2868 5273 3054 5317 contra
3081 5263 3316 5328 Julian.,
3346 5263 3439 5316 lib.
3462 5277 3499 5315 ι.
3526 5260 3692 5315 Spart-

2112 5348 2232 5386 CER.

2188 5404 2297 5475 (97)
2338 5408 2506 5472 Παρὰ
2535 5405 2615 5471 τῷ
2659 5405 2916 5471 Ἰωάννῃ.
2945 5405 3123 5458 Codex
3162 5402 3406 5475 Jolianus
3450 5401 3615 5456 habet
3641 5402 3692 5454 in

2117 5474 2382 5548 margine,
2418 5475 2569 5548 παρὰ
2594 5475 2670 5546 τῷ
2699 5475 2954 5548 ⁷ιορδόινῃ,
2982 5490 3098 5548 quae
3118 5474 3386 5548 correctio
3417 5487 3522 5526 non
3546 5488 3696 5540 sper-

2119 5534 2316 5625 nenda,
2356 5534 2466 5603 imo
2499 5534 2836 5604 'l'orte'ctia'm
2871 5534 2950 5601 n2."
2992 5534 3280 5616 legendum
3311 5552 3396 5600 est
3421 5534 3611 5612 supra,
3637 5549 3694 5595 ut

2119 5629 2453 5672 IDOﬂllllllUS.
