3988 6156
470 223 583 282 730
1922 225 2253 284 ORIGENIS
3619 237 3742 293 740

469 345 557 394 ret
587 352 707 408 quae
738 336 1060 394 introductae
1098 353 1349 409 persona:
1385 341 1640 394 tribuitur
1685 342 1882 396 oratio.
1931 340 2029 397 Sed

2143 337 2287 411 εἶχεν
2334 341 2623 398 ἀκόλουθον
2655 343 2732 414 τῷ
2765 346 3334 418 προσωποποιουμ-ένῳ
3381 348 3443 403 τὸ
3491 351 3736 423 λεγόμε-

474 444 582 486 ιιοιι
614 428 1001 483 animadvertit
1027 428 1234 491 Celsus,
1268 430 1428 484 homo
1453 429 1542 484 ille
1580 432 2029 500 sapientissimus,

2139 453 2246 488 νον.
2283 435 2418 487 Νυνὶ
2447 435 2503 487 δὲ
2535 435 2655 486 οὐδὲ
2691 434 2836 486 τοῦθ’
2868 436 2896 487 ὁ
2939 437 3247 505 σοφώτατος
3294 439 3506 504 Κέλσος
3535 441 3727 513 ἑώραδι

476 517 734 589 attingere
759 532 817 572 se
857 517 971 572 haec
999 520 1162 572 verba
1207 518 1418 583 .Iudaeo,
1465 519 1556 587 qui
1600 519 1767 572 multa
1797 533 1864 574 ex
1913 536 2029 588 pro-

2139 541 2254 590 κεν,
2289 526 2371 576 ὅτι
2415 523 2678 594 Ἰουδαίῳ,
2715 523 2934 579 πλείονα
2961 526 3267 580 πιστεύοντι
3296 529 3388 581 καὶ
3424 532 3732 602 παραδοξὸδ

473 609 706 680 pheticis
734 608 930 662 litteris
964 616 1017 663 et
1054 607 1463 662 incredibiliora
1487 609 1679 673 credit,
1707 623 1864 678 quam
1894 610 2029 678 quod

2138 633 2273 686 τερα
2306 616 2370 667 ὲκ
2392 613 2497 668 τῶν
2522 612 2871 684 προφητικῶν
2890 615 3142 686 Γραφῶν,
3165 617 3264 686 τῆς
3287 619 3413 688 περὶ
3429 620 3522 672 τοῦ
3545 622 3732 687 εἴδους

476 707 730 754 narratur
761 699 827 753 de
853 697 1112 753 columba:
1151 700 1349 767 specie.
1386 699 1431 752 Α
1462 698 1646 754 Ιιιάιιιο
1677 699 1820 754 enim
1862 700 2029 754 incre-

2139 705 2238 775 τῆς
2257 705 2580 784 περιστερᾶς
2597 704 2852 773 ἱστορίας,
2872 706 2961 759 τὸν
2980 705 3214 760 τοιοῦτον
3230 709 3522 781 περιέθηκε
3538 712 3726 782 λόγον.

476 791 602 844 dulo
655 798 709 844 et
744 789 882 843 hanc
914 789 1204 844 historiam
1256 791 1413 858 quasi
1459 790 1697 846 fabulam
1748 800 2029 860 respuentc

2141 798 2296 850 Εἴποι
2315 798 2421 868 γὰρ
2441 798 2504 850 ἄν
2531 813 2612 858 τις
2645 795 2722 866 τῷ
2750 797 3006 868 Ἰουδαίῳ,
3025 798 3257 868 περὶτοῦ
3293 801 3572 870 φάσματος
3598 807 3730 858 ἀπι-

473 880 787 948 requisierit
816 878 1089 950 quispiam
1127 877 1319 934 :Heus
1376 889 1455 948 tu,
1505 882 1648 934 unde
1692 881 1891 950 probes
1929 881 2029 935 Do-

2143 888 2373 952 στοῦντι,
2396 888 2490 940 καὶ
2508 887 2736 958 οἰομένῳ
2757 890 3082 960 κατηγορεῖν
3096 887 3259 942 αὐτοῦ
3273 889 3348 953 ὡς
3365 891 3681 962 πλάσματος
3701 913 3719 926 ο

473 970 674 1024 minum
719 969 889 1023 Deum
938 970 1131 1033 Adam,
1181 969 1327 1032 Erae,
1379 968 1536 1034 Cain,
1577 969 1712 1036 Noe,
1741 971 2029 1036 Abraham,

2141 980 2213 1032 Σὺ
2250 979 2306 1032 δὲ
2342 978 2522 1042 πόθεν,
2543 973 2587 1031 ὦ
2616 971 2786 1042 οὗτος,
2805 980 3082 1045 ἀποδεῖξαι
3117 978 3182 1032 ἂν
3214 979 3562 1054 ἔχοις,ὃτι
3595 980 3727 1038 εἷπε

470 1057 640 1124 Isaac,
670 1058 836 1113 Jacob
865 1059 1091 1124 dixisse,
1125 1074 1244 1127 quae
1270 1059 1376 1114 illis
1402 1060 1602 1114 dixisse
1649 1071 1751 1114 tuae
1782 1070 2058 1117 testantur.

473 1147 806 1217 Scripturae?
841 1149 1017 1216 Atque
1046 1160 1105 1201 ut
1130 1162 1400 1217 Opponam
1433 1148 1558 1202 huic
1588 1148 1827 1202 historia:
1872 1150 2042 1202 histo-

471 1236 630 1302 riam,
665 1238 894 1293 dixerim
922 1252 1021 1307 ego
1049 1236 1236 1291 Judaao
1285 1237 1373 1292 isti
1412 1255 1425 1291 :
1461 1236 1587 1292 Haec
1618 1239 1696 1290 tui
1751 1249 1871 1292 sunt
1902 1239 2039 1292 Eze-

471 1332 664 1388 chielis
697 1349 708 1383 :
750 1348 768 1381 ι
797 1328 985 1396 Aperti
1011 1335 1138 1382 sunt
1166 1327 1288 1381 caeli
1316 1336 1370 1382 et
1404 1327 1806 1396 vidiyisionem
1842 1329 1971 1393 Dei;
2013 1347 2032 1381 ι

472 1397 634 1492 quam
683 1433 946 1474 enarrans
991 1417 1252 1484 subiicit;
1293 1435 1311 1468 ι
1353 1417 1476 1472 llaec
1503 1418 1639 1473 visio
1672 1418 2040 1473 similitudinis

471 1515 659 1586 gloria:
741 1511 980 1566 Domini.
1036 1511 1103 1564 Et
1131 1510 1267 1564 dixit
1329 1511 1393 1564 ad
1440 1525 1526 1565 me
1594 1511 1675 1561 '9:
1715 1529 1734 1562 ι
1797 1510 1854 1564 Si
1901 1509 2038 1563 falsa

473 1611 602 1659 sunt
632 1617 751 1669 quae
799 1599 865 1653 de
915 1597 1039 1653 Jesu
1088 1598 1288 1667 scripta
1332 1607 1478 1666 sunt,
1506 1598 1630 1667 quia
1671 1598 1826 1653 nobis
1866 1599 2038 1664 deest,

470 1703 531 1748 ut
565 1702 744 1762 putas,
784 1691 925 1745 unde
955 1706 1016 1746 ea
1062 1705 1188 1744 vera
1231 1704 1351 1745 esse
1389 1691 1668 1745 evidenter
1703 1692 2037 1746 demonstre-

471 1801 616 1850 mus,
646 1793 832 1854 ulpote
860 1799 980 1853 quae
1007 1783 1073 1837 ab
1100 1783 1192 1837 illo
1212 1783 1349 1848 solo,
1383 1793 1456 1848 et,
1490 1792 1548 1837 ut
1586 1782 1677 1837 tibi
1719 1783 2035 1838 observasse

471 1876 694 1938 videris,
722 1875 788 1929 ab
834 1875 1002 1930 altero
1027 1889 1095 1928 ex
1125 1872 1372 1942 supplicii
1399 1873 1565 1927 sociis
1595 1872 1713 1927 visa
1756 1883 1810 1926 et
1851 1873 2033 1926 audita

467 1962 727 2032 fuerunt;
767 1973 966 2034 quanto
993 1967 1163 2034 magis
1189 1965 1368 2019 dicere
1391 1964 1573 2018 licebit
1597 1977 1743 2018 mera
1792 1971 2035 2033 portenta

541 2077 587 2109 ”
612 2075 810 2133 Ezech.
859 2078 978 2144 1,1,
1023 2077 1115 2143 28,
1149 2085 1204 2131 et
1242 2091 1304 2144 ll,
1333 2077 1385 2130 l.

469 2202 662 2248 auctor
721 2191 1062 2245 Democritus
1141 2189 1558 2258 prmsensionem
1635 2205 1816 2245 rerum
1879 2192 2018 2245 futu-

470 2277 653 2318 rarum
687 2261 1080 2329 comprobaret.
1120 2277 1140 2311 ι
1179 2259 1450 2329 Plutarch.
1482 2259 1572 2329 lib.
1614 2275 1646 2311 v
1682 2261 1758 2312 De
1816 2261 2025 2328 placitis

469 2327 964 2402 ρΙι-ἱίοξοιψηήειιρἕ
1024 2329 1075 2392 1,
1129 2328 1289 2402 ῌερὶ-
1321 2327 1655 2402 μαντικῆς·
1715 2327 2024 2402 Ξενοφάνης

469 2397 561 2452 καὶ
599 2398 916 2468 Ἐπίκουρος
937 2397 1339 2468 ἀναιροῦσιτὴν
1373 2400 1657 2467 μαντικήν,
1692 2417 1710 2450 ‹
1750 2397 2027 2467 Xenopha-

469 2483 568 2522 nes
611 2477 667 2537 ει
700 2467 964 2535 Epicurus
1009 2467 1711 2537 divinationemrejiciuut.
1749 2487 1767 2519 ι
1805 2469 1868 2520 Ει
1897 2484 2021 2537 cap.

467 2537 523 2609 2,
547 2535 681 2609 Πῶς
706 2537 922 2609 ὄνειροι
944 2538 1242 2609 ποίνογταις
1267 2535 1608 2609 ,ᾼημόκριτος
1642 2538 1768 2609 τοὺς
1794 2535 2032 2609 ὀνείρους

466 2606 708 2675 γίνεσθαι
746 2603 882 2676 μετά
907 2603 1003 2670 τάς
1027 2606 1134 2659 τῶν
1167 2603 1397 2658 εἰδώλών
1436 2603 1823 2676 παραστάσεις.
1875 2603 2035 2661 (θε-

470 2675 994 2730 ιιιοετίιιιεεοεεδειι
1029 2676 1320 2745 imaginum
1360 2676 1623 2729 insomnia
1655 2675 1768 2745 ﬁeri
1800 2685 1969 2744 putat.
2008 2693 2026 2727 ι

465 2745 632 2813 Arist.
663 2745 802 2799 libro
841 2745 918 2798 De
941 2744 1161 2798 divinat.
1180 2760 1272 2813 per
1305 2760 1564 2807 somnum,
1587 2759 1704 2813 cap.
1729 2744 1764 2797 2
1793 2763 1806 2800 :
1832 2745 2031 2798 Τοιόνδ’

464 2813 546 2885 av,
570 2812 652 2885 είη
691 2813 909 2883 μᾶλλον,
957 2814 990 2884 ἢ
1035 2811 1221 2885 ῶσπερ
1263 2811 1414 2885 λέγει
1453 2811 1809 2885 Δημόκριτος,
1844 2814 2036 2870 εἴδωλα.

466 2884 564 2938 καὶ
593 2883 900 2956 ἀπορροίας
925 2883 1263 2956 αἰτιώμενος.
1304 2901 1322 2934 ι
1361 2883 1453 2956 Sic
1481 2883 1827 2956 statuendum
1857 2885 2036 2956 potius

467 2962 575 3017 est,
608 2952 769 3019 quam
795 2964 854 3006 ut
878 2952 1213 3006 Democritus
1237 2953 1452 3014 asserit,
1477 2953 1689 3006 somnia
1732 2952 2036 3008 simulacris

2141 1067 2343 1139 Κύριος
2372 1067 2548 1130 ὁΘεὸς
2571 1067 2646 1137 τῷ
2689 1067 2878 1138 ’Δδάμ,
3052 1069 3235 1142 Εῠᾳ,ἢ
3274 1068 3352 1139 τῷ
3397 1071 3556 1136 Κὰῖν,
3584 1073 3722 1144 ῆτῷ

2138 1161 2282 1226 Νῶε,
2301 1162 2334 1232 ἢ
2356 1160 2764 1232 τῷ’Λ6ραάμ,ῆ
2790 1161 2866 1232 τῷ
2891 1162 3094 1226 Ἰσαὰκ,
3113 1163 3145 1233 ἢ
3165 1162 3244 1234 τῷ
3264 1164 3478 1230 Ἰακὼϐ,
3501 1164 3569 1219 τὰ
3591 1169 3718 1222 ἀνα-

2140 1253 2500 1322 γεγραμμένα
2532 1252 2692 1306 αὐτὸν
2729 1253 3004 1324 εἰρηκέναι
3037 1257 3148 1317 τοῖς
3199 1255 3421 1326 ἀνδράσι
3465 1257 3710 1323 τούτοις;

2144 1345 2260 1397 Ἵνα
2290 1343 2345 1395 δὲ
2379 1346 2443 1413 τῇ
2482 1343 2690 1414 ἱστορίᾳ
2719 1343 2890 1414 ταύτῃ
2913 1345 3149 1416 ἱστορίαν
3172 1347 3490 1417 παραϐάλω,
3509 1348 3711 1418 εἴποιμ’

2141 1434 2208 1487 ἂν
2241 1432 2376 1504 πρὸς
2397 1433 2487 1486 τὸν
2516 1433 2762 1486 Ἰουδαῖον
2782 1449 2796 1464 ·
2828 1433 2936 1487 Kal.
2963 1437 2990 1486 ὁ
3021 1434 3110 1499 σὸς
3143 1435 3399 1507 Ἰεξεκιὴλ
3414 1438 3705 1508 ἀνέγραψε,

2139 1523 2345 1591 λέγων’
2383 1543 2402 1575 ι
2456 1523 2810 1594 Ἦνοίχθησαν
2857 1525 2905 1577 οἱ
2939 1524 3179 1596 οὐρανοὶ,
3213 1527 3308 1580 καὶ
3340 1523 3477 1582 εἶδον
3521 1530 3707 1598 ὅρασιν

2139 1615 2294 1681 Θεοῦ,
2317 1615 2944 1685 »ἥντιναδιηγησάμενος
2963 1619 3212 1689 ἐπιφέρει
3246 1620 3383 1691 αὐτῇ
3405 1640 3418 1653 ο
3457 1637 3475 1669 ι
3499 1623 3644 1694 Αὕτη
3667 1626 3700 1695 ή

2067 1681 2110 1736 Β
2139 1705 2326 1775 ὅρασις
2351 1681 2873 1775 δμοιώματοςνδόξης
2890 1681 3114 1778 Κυρίου.
3133 1681 3250 1762 ’Καὶ
3267 1681 3387 1761 εἷπε
3407 1709 3544 1780 πρὸς

2140 1795 2203 1847 Ei
2228 1795 2336 1865 γάρ
2364 1795 2533 1864 ψευδῆ
2551 1795 2616 1848 τὰ
2634 1813 2698 1848 πε
2709 1797 2759 1864 pi.
2785 1796 2874 1848 τοῦ
2904 1797 3074 1867 Ἰησοῦ
3088 1798 3568 1870 ἀναγεγραμμένα,
3588 1803 3706 1854 ἐπεὶ

2144 1885 2217 1956 μὴ
2254 1885 2468 1957 ἔχομεν,
2516 1885 2590 1948 ὡς
2614 1885 3032 1956 ὑπολαμϐάνεις,
3060 1889 3303 1960 ἐναργῶς
3336 1892 3701 1962 παραστῆσαι,

2143 1974 2260 2039 πῶς
2291 1975 2465 2030 ταῦτά
2486 1978 2631 2029 ἐστιν
2661 1973 2854 2048 ἀληθῆ,
2888 1979 2979 2030 ὑπ’
3012 1975 3174 2031 αὐτοῦ
3206 1978 3366 2049 μόνου
3418 1981 3706 2054 ἑωραμένα

2130 2189 2514 2247 ἐπιδιώκουσαι
2555 2188 2682 2254 τοὺς
2725 2187 3064 2258 ἀνθρώπους,
3097 2189 3316 2243 ἐπειδὰν
3359 2192 3710 2248 καταλάϐωνιο

2129 2279 2240 2326 ται,
2273 2259 2744 2330 περιχέονταιγτοϊς
2770 2258 3003 2330 σώμασι,
3024 2260 3230 2330 ψυχραὶ
3257 2259 3351 2312 καὶ
3375 2261 3702 2330 παλμώδεις,

2131 2332 2273 2384 ὥστε
2314 2329 2440 2400 τοὺς
2491 2330 2586 2398 μὲν
2619 2329 3131 2400 ξένους-ἀσυνήθεις
3171 2329 3331 2400 δντας
3359 2329 3449 2382 διὰ
3489 2329 3550 2384 τὸ
3589 2332 3706 2396 δέος

2135 2398 2530 2468 ἐκπεπλῆχθαι.
2573 2415 2591 2447 ι
2625 2398 2867 2468 Mirabile
2895 2398 3055 2451 etiam
3092 2399 3345 2466 quiddam
3379 2400 3504 2454 huic
3526 2409 3700 2464 term,

2137 2482 2198 2524 ut
2231 2479 2287 2523 et
2313 2467 2480 2538 vasta:
2508 2467 2734 2538 interius
2760 2467 2985 2538 regioni,
3019 2477 3227 2538 etquae
3258 2468 3404 2538 Syrti
3433 2479 3518 2522 est
3544 2471 3701 2536 obje-

2137 2549 2250 2601 cta,
2292 2536 2577 2604 contingit.
2627 2535 2961 2604 Quandoque
3007 2537 3171 2606 enim,
3215 2544 3270 2590 et
3298 2535 3372 2591 ἰιι
3409 2535 3700 2606 plurimum

2137 2607 2314 2662 ventis
2361 2606 2580 2674 quietis,
2628 2615 2882 2659 concreta
2930 2605 3174 2674 quaedam
3207 2605 3432 2674 corpora
3473 2609 3524 2660 in
3574 2623 3702 2664 aere

2136 2673 2410 2740 videntur,
2437 2675 2708 2727 variorum
2735 2675 3079 2727 animantium
3113 2673 3316 2729 formas
3349 2677 3658 2732 exhibentia
3682 2696 3696 2733 :

2139 2759 2366 2813 quarum
2398 2743 2516 2797 aliae
2547 2743 2745 2814 quicle_
2771 2757 2829 2814 se
2878 2744 3176 2808 continent,
3230 2744 3348 2800 alizc
3393 2756 3702 2814 moventur,

2141 2811 2412 2870 interdum
2464 2826 2680 2881 quoque
2723 2811 2964 2884 fugiunt,
3006 2814 3288 2884 interdum
3333 2811 3699 2884 insectantur;

2142 2897 2373 2951 cumque
2399 2880 2753 2951 monstrosam
2788 2880 3075 2951 praeferant
3116 2882 3560 2951 magnitudinem,
3585 2880 3706 2937 stu;

2141 2948 2326 3016 porefn
2379 2965 2443 3004 ac
2485 2961 2685 3005 metum
2741 2948 2944 3019 ignaris
2977 2948 3229 3005 afferunt.
3272 2951 3398 3017 Quae
3447 2955 3703 3013 homines

468 3029 526 3091 ει
553 3020 850 3075 delluxibus
898 3029 1119 3091 accepta
1158 3020 1424 3075 referens.
1471 3041 1495 3091 a
1543 3022 1671 3090 Ejus
1712 3024 2036 3076 sententiam
2065 3031 2108 3091 α
2145 3028 2568 3091 persequuntur,
2598 3020 2915 3091 corporibus
2941 3019 3397 3091 apprehensorum
3431 3037 3554 3076 cum
3602 3022 3706 3075 iri-

465 3090 617 3145 haud
660 3091 839 3158 inepte
881 3090 1250 3156 explicabunt,
1297 3104 1417 3156 qua:
1468 3089 1936 3158 Diodorusirefert
1973 3093 2041 3146 de

468 3160 700 3244 spectris
748 3157 802 3243 in
843 3159 1024 3244 Africa
1066 3158 1197 3242 visis
1236 3159 1478 3244 εΓίνεται
1528 3159 1611 3244 δέν
1639 3175 1691 3210 τι
1743 3157 2040 3244 Θαυμρισιρν

468 3229 600 3350 περί
624 3245 681 3281 τε
707 3227 907 3307 ταυτην
935 3227 1035 3297 τὴν
1061 3227 1263 3296 χώραν,
1305 3227 1399 3278 καὶ
1424 3227 1520 3296 τὴν
1553 3227 1766 3297 χέρσον,
1816 3229 1909 3280 καὶ
1942 3231 2040 3301 τὴν

467 3299 551 3370 ἐπί
573 3314 730 3370 κειᾼνα
744 3315 840 3366 της
856 3297 1101 3370 Σύρτεως
1112 3296 1337 3370 Λιϐύην.
1357 3297 1491 3365 Περὶ
1508 3298 1614 3370 γάρ
1634 3314 1784 3370 τινας
1796 3300 2038 3370 καιροὺς,

467 3369 566 3440 καὶ
580 3367 809 3440 μάλιστα
821 3366 958 3440 κατά
969 3367 1200 3440 τάςνῃνε
1208 3366 1353 3440 μίας,
1368 3366 1650 3440 συστάσεις
1661 3366 2042 3440 ὁρῶνται’κατά

581 3434 728 3508 ’ἀέρα
753 3436 1018 3508 παντοίῳν
1051 3434 1377 3508 gemmea;
1409 3434 1800 3508 ἐμφαίνουσαι·
1836 3437 2041 3490 τούτων

463 3507 524 3561 δὲ
550 3508 606 3577 αἱ
636 3504 732 3577 μὲν
762 3505 1078 3577 ὲρημοῦ-σιν,
1117 3505 1174 3558 αἱ
1202 3504 1258 3556 δὲ
1297 3504 1509 3577 κίνησιν
1534 3505 1908 3577 λαμϐάνουσι,
1942 3508 2035 3577 καὶ

465 3576 597 3630 ποτὲ
637 3574 736 3646 μὲν
770 3574 1158 3646 ὑποφεύγουσι,
1203 3575 1332 3626 ποτὲ
1353 3574 1432 3646 Δδὲ
1460 3574 1732 3627 διώκουσι.
1766 3576 1943 3646 Πᾶσαι
1977 3576 2034 3627 δὲ

461 3647 524 3700 τὸ
557 3644 788 3716 μέγεθος
813 3644 1042 3698 ἄπλετον
1069 3644 1308 3716 ἔχουσαι,
1347 3644 1664 3714 θαυμαστὴν
1699 3645 2034 3716 κατάπληξιν

462 3714 569 3772 καῖ
599 3715 838 3786 ταραχὴν
867 3714 1338 3786 παρασκευάζουσι
1367 3717 1480 3776 τοῖς
1511 3716 1775 3785 ἀπείροις.
1820 3715 1885 3766 Αἱ
1922 3714 2030 3786 γὰρ

422 3854 425 3855 ν
464 3827 644 3896 Priap.
668 3843 792 3899 ev._:
811 3829 1008 3899 Omnes
1032 3827 1381 3899 Peripatetici
1405 3827 1468 3899 τὰ
1493 3827 1743 3898 βοώμενα
1778 3829 2022 3899 χρηστὴ-

467 3913 580 3969 ρια,
597 3897 788 3969 καιτά
804 3898 957 3969 παρά
983 3901 1115 3969 πᾷσι
1138 3898 1576 3969 μεταδιωκόλμενα
1610 3897 1855 3969 μαντεῖα,
1874 3897 2022 3950 οὐδὲν

465 3963 651 4037 φέρειν
692 3963 1231 4038 ἀληθὲςάπήλεγξαν
1253 3963 1500 4036 ἀνωφελῆ
1543 3963 1778 4038 τεέἷναι
1822 3969 2026 4036 ἀπεφή-

468 4035 648 4098 ναντο,
673 4035 807 4099 ειοζ,
840 4053 958 4106 qua:
987 4035 1183 4106 passim
1217 4035 1558 4106 iactabantur
1589 4037 1827 4100 oracula,
1882 4035 2022 4103 quae-

465 4120 575 4176 que
599 4108 837 4160 onmium
860 4105 1126 4160 Concursu
1153 4105 1471 4176 populorum
1507 4105 1762 4176 vaticinia
1790 4106 2025 4176 celebra-

466 4173 682 4240 bantur,
731 4191 794 4231 ea
839 4192 943 4229 non
993 4176 1149 4230 modo
1180 4173 1438 4226 vanitatis
1480 4188 1542 4228 ac
1577 4174 1840 4228 mendacii
1876 4189 2025 4227 coar-

465 4253 715 4315 guerunt,
760 4245 857 4300 sed
913 4246 1072 4298 etiam
1125 4242 1278 4298 exitii
1331 4244 1506 4315 potius
1551 4258 1715 4315 quam
1766 4243 2020 4315 utilitatis

467 4311 659 4369 causas
688 4330 809 4370 esse
840 4315 1296 4369 demonstrarunt.
1338 4332 1355 4362 ι
1387 4311 1556 4365 Aliter
1571 4311 1782 4366 sentire
1813 4313 2026 4367 videtur

465 4385 684 4448 Cicero,
722 4385 814 4438 lib.
849 4399 864 4438 ι
909 4384 982 4438 De
1015 4384 1181 4436 divin.
1209 4399 1228 4436 :
1264 4400 1284 4433 ι
1323 4381 1665 4453 Dicaearchus
1706 4381 2027 4453 Peripateti-

467 4468 566 4507 cus
593 4461 786 4508 caitera
824 4454 1170 4508 divinationis
1199 4466 1398 4521 genera
1427 4451 1664 4514 sustulit,
1691 4451 2023 4506 somniorum

466 4531 523 4576 et
553 4524 749 4577 luroris
778 4523 1013 4590 reliquit.
1055 4539 1074 4572 ι
1125 4521 1422 4590 Plutarch.,
1479 4521 1564 4590 De,
1597 4522 1804 4590 placitis
1854 4521 2028 4585 philo-

464 4593 641 4657 sOph.,
675 4593 766 4645 lib.
797 4607 849 4653 v,
881 4589 1002 4660 cap.
1033 4591 1057 4642 1
1084 4607 1098 4655 ;
1125 4590 1246 4643 Tull
1276 4627 1307 4660 ,ί
1329 4589 1422 4660 lib.
1464 4605 1504 4643 ιι
1538 4589 1613 4642 De
1648 4591 1848 4654 diviu.;
1890 4590 2026 4644 Ter-

470 4661 611 4722 tull.,
643 4661 779 4714 libro
816 4661 890 4713 De
918 4658 1114 4722 anima,
1139 4673 1256 4726 cap.
1283 4658 1382 4711 46:
1421 4676 1440 4709 ι
1483 4660 1798 4712 Aristoteles
1825 4660 2028 4727 majore

472 4729 797 4782 sententiam
832 4729 1118 4784 mendacio
1143 4732 1376 4796 reeitans
1402 4728 1647 4796 agnoscit
1676 4736 1730 4780 et
1759 4743 1976 4793 veram;
2001 4747 2020 4780 ι

468 4796 524 4866 id
569 4805 672 4864 est,
709 4799 1002 4866 interprete
1031 4797 1308 4851 Pamelio:
1341 4795 1656 4863 Quanquam
1702 4805 1853 4864 putet
1902 4812 2022 4850 ma-

463 4864 637 4935 jorem
687 4864 892 4935 partem
935 4866 1266 4920 somniorum
1303 4865 1639 4919 mendacium
1677 4880 1818 4935 esse,
1849 4874 2025 4919 tamen

468 4934 632 4987 etiam
671 4934 853 4989 veram
897 4937 1126 4990 subinde
1157 4936 1210 4988 in
1243 4935 1351 4988 illis
1399 4935 1680 5002 agnoscit.
1705 4934 1896 4998 Arist.,
1926 4935 2023 4988 lib.

466 5003 794 5074 Dedivinat.
820 5021 911 5072 per
943 5019 1206 5067 somnum,
1236 5019 1353 5071 cap.
1390 5004 1416 5056 1
1441 5001 1467 5053 Ξ
1504 5003 1637 5074 Περὶ
1665 5001 1721 5054 δὲ
1744 5005 1854 5074 τῆς
1886 5019 2025 5074 μαν-

465 5072 624 5144 τικῆς
657 5075 714 5125 ἐν
757 5071 868 5137 τοῖς
901 5073 1088 5135 ὕπνοις
1115 5074 1410 5144 γενομένης
1437 5073 1529 5125 καὶ
1560 5071 1856 5144 λεγομένής
1888 5071 2026 5143 συμ-

467 5141 675 5214 βαίνειν
710 5145 817 5197 ἀπὸ
848 5145 956 5214 τῶν
997 5141 1279 5208 ἐνυπνίων,
1311 5141 1432 5194 οὒτε
1480 5141 1882 5212 καταφρονῆσαι
1930 5141 2026 5214 ῥᾴ-

465 5211 576 5266 διον
621 5213 744 5267 οὔτε
790 5213 1092 5284 πεισθῆναι.
1127 5230 1146 5263 ι
1197 5213 1586 5284 Divinationem
1633 5211 1866 5284 aliquam
1902 5211 2025 5267 eSSe

467 5297 589 5352 quae
624 5284 675 5337 in
711 5299 900 5339 somno
933 5281 1046 5346 (iat,
1079 5291 1134 5335 et
1171 5281 1453 5352 provenire
1486 5281 1696 5333 dicatur
1726 5282 1794 5334 ab
1821 5282 2024 5352 insom-

466 5350 593 5424 niis,
631 5368 804 5424 neque
830 5350 1176 5424 contemnere
1199 5350 1356 5424 facile
1380 5359 1482 5424 est,
1520 5351 2016 5424 nequecredere.)

465 5419 878 5477 Constat-enim
922 5423 1181 5491 quosdam
1210 5421 1496 5491 insomnia
1549 5419 1802 5491 habuisse
1822 5421 2024 5491 ,___unde

465 5503 572 5562 non
591 5504 715 5547 sunt
733 5488 1066 5562 aspernanda
1093 5507 1106 5555 ;
1131 5490 1192 5542 τὸ
1204 5488 1260 5541 δὲ
1284 5488 1550 5562 μηδεμίαν
1568 5489 1790 5562 (αἰτίαν)
1805 5488 2024 5562 εὔλογον

463 5561 618 5632 ὀρᾷν,
657 5563 774 5616 καθ’
798 5559 870 5632 ’ἢν
919 5562 1009 5632 ἂνῌ
1043 5562 1250 5632 γένοιτο
1288 5559 1462 5632 τοῦτο,
1505 5559 1804 5632 διαπιστεῖν
1829 5560 2016 5632 ποιεῖ·

465 5626 613 5686 ὥτε
651 5634 757 5702 γὰρ
784 5626 912 5684 Θεὸν
959 5626 1094 5684 εἶναι
1134 5630 1224 5683 τὸν
1269 5628 1570 5698 πέμποντα,
1608 5627 1742 5698 πρὸς
1788 5631 1852 5700 τῇ
1887 5628 2020 5700 ἄλλῃ

2143 3088 2273 3158 ᾲοτε
2300 3100 2351 3144 ει
2379 3088 2722 3160 palpitatione
2747 3088 3268 3143 circumfunduntur.
3303 3091 3488 3160 Itaque
3515 3092 3702 3158 hospi-

2145 3157 2225 3214 tes
2270 3173 2373 3211 nou
2416 3157 2638 3218 assueti,
2674 3165 2819 3209 metu
2876 3165 3082 3210 tantum
3119 3173 3224 3210 non
3275 3157 3637 3214 emoriuntur.
3673 3179 3696 3212 ι

2148 3228 2324 3290 Diod.,
2361 3227 2453 3279 lib.
2510 3241 2568 3280 ιιι
2596 3226 2738 3282 Bibl.
2764 3226 2912 3290 Irish,
2951 3241 3072 3295 pag.
3111 3225 3241 3290 184;
3276 3228 3409 3281 Mela
3443 3227 3520 3282 De
3545 3229 3700 3282 Mau-

2144 3297 2374 3358 ritania;
2406 3295 2722 3358 Kircherus,
2754 3295 2892 3348 libro
2925 3295 3000 3350 De
3036 3295 3394 3365 Rheginorum
3433 3308 3655 3364 spectac.
3674 3315 3696 3365 ,-

2143 3367 2418 3422 Plutarch.
2461 3365 2534 3417 De
2564 3365 2771 3432 defectu
2801 3380 2944 3420 orac.
2983 3376 3036 3419 et
3067 3364 3142 3417 De
3185 3365 3480 3419 simulacris
3509 3364 3698 3432 Epic.;

2142 3433 2403 3504 Apuleius
2437 3437 2490 3488 in
2543 3433 2696 3504 Apol.
2748 3443 2804 3488 et
2849 3435 3052 3502 passim
3107 3433 3435 3504 Lucretius:
3471 3437 3700 3490 asseruit

2141 3502 2283 3560 enim
2315 3517 2494 3558 rerum
2541 3502 2825 3556 simulacra
2874 3504 2978 3557 huc
3022 3511 3076 3557 et
3117 3503 3244 3558 illuc
3272 3507 3604 3571 oberrantia,
3637 3521 3696 3559 ea

2140 3572 2432 3628 Subtilitate
2459 3583 2514 3625 et
2544 3573 2728 3640 vigore
2761 3573 3014 3626 invadere
3045 3573 3402 3627 dormientem
3437 3584 3491 3628 et
3519 3575 3697 3628 incur-

2141 3656 2280 3707 rere,
2311 3652 2369 3694 ut
2405 3643 2522 3709 ejus
2547 3644 2788 3694 animum
2820 3643 3088 3711 attingant
3116 3653 3169 3695 et
3209 3643 3530 3711 percellant,
3560 3646 3696 3699 unde

2138 3721 2352 3780 poterat
2386 3712 2453 3765 de
2488 3711 2681 3765 futuris
2707 3711 3033 3779 conjectare.
3076 3712 3335 3766 Spsmcsn.

2129 3825 2320 3894 ἀλογία
2351 3824 2464 3896 καὶ,
2495 3822 2554 3875 τὸ
2572 3823 2644 3896 μὴ
2676 3826 2788 3896 τοῖς
2811 3822 3102 3896 βελτίστοις
3130 3825 3222 3876 καὶ
3248 3826 3693 3896 φρονιμωτάτοις,

2131 3896 2271 3978 ἀλλά
2295 3893 2406 3978 τοῖς
2430 3893 2697 3978 ἱτυχρῦσιιν
2719 3894 2980 3978 πέμπειν,
3023 3895 3239 3978 ἄτρπον.
3290 3893 3694 3978 ἰξφαζιρεθείσῆς

2131 3965 2185 4016 δὲ
2212 3964 2312 4034 τῆς
2342 3963 2454 4034 ἀπὸ
2481 3963 2576 4034 τοῦ
2612 3962 2745 4014 Θεοῦ
2783 3965 2980 4034 αἰτίας,
3022 3963 3244 4034 οὐδεμία
3278 3962 3385 4017 τῶν
3413 3962 3584 4020 ἀλλων
3612 3962 3698 4019 εὖ·

2127 4029 2283 4102 λογος
2315 4029 2450 4086 εἶναι
2483 4032 2729 4100 φαίνεται
2755 4031 2921 4085 αἰτία.
2957 4050 2975 4082 ι
3006 4029 3318 4087 Cum-nulla
3355 4037 3693 4091 rationabilis

2130 4119 2291 4159 causa
2330 4103 2594 4172 videatur,
2633 4118 2728 4172 per
2754 4117 2919 4172 quam
2963 4102 3148 4156 istlnec
3193 4104 3451 4158 divinatio
3501 4120 3692 4172 prove-

2131 4175 2264 4237 niat,
2313 4170 2541 4226 ellicitur
2591 4179 2649 4224 ut
2683 4171 2815 4224 lides
2862 4171 3173 4240 abrogetur.
3222 4172 3354 4226 Nam
3399 4173 3446 4228 si
3480 4170 3698 4228 dicatur

2133 4245 2299 4297 Deum
2335 4255 2454 4294 esse
2487 4240 2577 4309 qui
2604 4241 2809 4294 somnia
2838 4241 3033 4304 mittat,
3061 4249 3260 4309 praeter
3304 4243 3409 4296 alia
3445 4245 3611 4297 multa
3640 4253 3694 4298 et

2132 4314 2233 4366 hoc
2264 4326 2479 4380 quoque
2527 4309 2925 4382 subabsurdum
2951 4319 3054 4382 est,
3086 4325 3194 4382 non
3207 4381 3213 4382 γ
3233 4311 3452 4380 optimis
3481 4315 3694 4382 sapien-

2134 4378 2485 4449 tissimisque,
2539 4379 2633 4433 sed
2676 4378 2961 4446 quibusvis
2999 4381 3117 4449 sine
3167 4378 3483 4449 discrimine
3528 4378 3688 4436 mitti.

2133 4451 2354 4505 Sublata
2379 4448 2564 4522 autem
2593 4461 2901 4522 causa’quae
2926 4450 2992 4501 ad
3023 4448 3187 4500 Deum
3223 4448 3687 4522 referatur,inulla

2129 4530 2389 4588 praeterea
2426 4519 2528 4572 alia
2561 4518 3162 4588 videturconsentauea
3192 4533 3335 4573 esse.
3377 4537 3395 4570 ι
3439 4518 3570 4574 Vide
3602 4537 3693 4576 ca-

2131 4585 2226 4658 put
2247 4588 2575 4658 secundum;
2601 4585 2952 4658 alicubigvero
2977 4587 3243 4658 insomnia
3273 4589 3380 4658 Deo
3416 4591 3688 4658 ascripsit.

2129 4655 2376 4718 Tertull.,
2432 4657 2567 4709 libro
2611 4655 2686 4708 De
2733 4655 2934 4720 anima,
2980 4671 3102 4724 cap.
3148 4657 3311 4712 49:1
3358 4657 3414 4710 Si
3463 4655 3611 4713 enim
3638 4669 3690 4713 et

2127 4726 2446 4779 Arist0teles
2476 4729 2693 4778 heroem
2723 4727 3008 4792 quemdam
3037 4725 3308 4782 Sardiniae
3333 4734 3504 4791 notat,
3535 4729 3690 4782 incu-

2127 4797 2346 4849 batores
2373 4795 2482 4847 lani
2527 4795 2612 4848 sui
2637 4793 2937 4863 visionibus
2969 4796 3312 4863 privautem:
3345 4797 3451 4849 erit
3491 4805 3548 4850 et
3588 4797 3690 4852 hoc

2129 4862 2866 4934 inAdzcnionumilibidinibus
2891 4862 2998 4918 tam
3026 4865 3240 4920 auferre
3268 4866 3499 4931 somnia,
3528 4881 3689 4934 quam

2129 4932 2365 4997 inferre;
2425 4944 2481 4985 ut
2529 4932 2754 4986 Neronis
2782 4945 3010 5002 quoque
3058 4935 3165 4986 seri
3209 4932 3597 5002 somniatoris,
3639 4946 3692 4989 et

2128 5002 2513 5072 Thrasymedis
2541 5001 2903 5072 insigne_in_d_e
2935 5004 3280 5070 processerit.
3311 5002 3417 5055 Sed
3451 5013 3506 5058 et
3527 5020 3557 5057 a
3582 5001 3690 5059 Deo

2126 5069 2441 5126 deducimus
2473 5069 3085 5141 somnia._Quid__ergo?
3116 5087 3214 5126 nec
3237 5088 3266 5125 a
3297 5072 3408 5125 Deo
3441 5074 3690 5127 Atlantes

2127 5141 2498 5195 somniarent?
2532 5140 2615 5195 vel
2639 5139 2766 5208 quia
2800 5139 2942 5193 nulla
2976 5139 3091 5210 jam
3124 5157 3256 5211 gens
3291 5141 3383 5194 Dei
3429 5153 3690 5196 extranea

2125 5220 2228 5272 est,
2267 5213 2320 5263 in
2349 5225 2560 5264 omnem
2594 5219 2813 5273 terram,
2857 5219 2911 5261 et
2939 5211 2991 5264 in
3027 5212 3289 5266 terminos
3327 5211 3475 5265 orbis
3514 5214 3694 5266 Evan-

2126 5281 2268 5348 gelio
2301 5278 2656 5334 coruscan‘te?
2688 5277 2826 5331 Num
2857 5292 2986 5349 ergo
3024 5288 3117 5334 aut
3145 5281 3298 5335 fama-
3336 5285 3564 5335 mentita
3608 5291 3692 5335 est

2125 5349 2399 5405 Aristoteli
2433 5359 2524 5402 aut
2572 5351 2876 5402 daemonum
2909 5351 3085 5404 adhuc
3130 5351 3268 5405 ratio
3298 5359 3409 5413 est;
3444 5351 3571 5404 dum
3624 5364 3692 5403 ne

2125 5422 2320 5474 animae
2374 5419 2551 5487 aliqua
2605 5425 2799 5471 natura
2846 5419 3102 5474 credatur
3146 5420 3405 5475 immunis
3453 5421 3690 5474 somnio-

2126 5490 2282 5542 rum?
2317 5507 2337 5540 ι
2377 5487 2636 5542 Soranum.

2195 5558 2272 5627 (5)
2313 5559 2458 5613 Ὅτι.
2511 5557 2670 5614 Deest
2703 5558 2756 5612 in
2792 5566 2952 5615 antea
2989 5559 3173 5628 editis,
3217 5560 3312 5616 sed
3353 5562 3590 5618 habetur
3626 5560 3687 5616 in

2125 5642 2254 5683 mss.
