3988 6156
223 239 342 295 741
848 295 852 299 .
1455 245 1729 302 CONTRA
1764 249 1826 305 GI

1932 249 2038 304 iUM
2082 251 2209 305 LIB.
2250 251 2288 305 Ι.
3395 259 3498 315 742

216 357 262 431 ἢ
303 357 683 421 ἀκουσθέντα,
719 357 834 420 καὶ,
865 357 939 420 ὡς
986 357 1168 423 ἔδοξας
1196 360 1570 429 τετηρηκέναι,
1607 364 1699 416 καὶ
1728 365 1826 432 ὑπὸ

1937 364 2160 420 ﬁnxisse
2188 363 2547 429 Ezechielem,
2581 371 2706 420 cum
2750 365 2826 420 ait
2853 373 3067 436 apertos
3111 366 3278 424 fuisse
3306 371 3500 442 caelos,

219 447 366 510 ἑνὸς
404 446 515 499 τῶν
549 445 934 498 κολασθέντων·
969 446 1019 497 τί
1063 446 1182 515 οὐχὶ
1220 445 1416 514 μᾶλλον
1461 448 1554 500 καὶ
1604 449 1693 502 τὸν
1737 452 1826 503 Ἰε-

1937 464 1992 509 et
2040 467 2233 511 caetera
2284 473 2404 526 quae
2449 459 2785 526 sequuntur?
2824 458 2890 511 Et
2930 458 3043 512 haec
3088 458 3239 515 Isaia:
3270 477 3287 514 :
3321 479 3340 512 ι
3381 461 3499 516 \‘idi

221 536 450 609 ζεκιὴλ
477 536 720 606 φήσομεν
754 535 1173 606 τερατευόμενον
1208 536 1486 607 εἰρηκέναι
1513 539 1592 602 τὸ,
1621 555 1638 586 ι
1671 538 1826 593 ἸΙνοίσ

1939 545 2226 601 Dominum
2282 549 2519 604 Sabaoth
2566 551 2839 604 sedentem
2880 564 3042 618 super
3079 550 3272 606 solium
3312 553 3500 608 excel-

222 629 472 698 χθησαν
489 625 793 698 οἰούρανοὶ,
822 645 841 678 ι
870 627 961 680 καὶ
1013 627 1082 679 τὰ
1133 627 1295 696 ἑξῆς;
1344 629 1479 681 Ἀλλ’
1513 629 1607 683 ἑὰν
1665 633 1757 684 καὶ
1807 634 1826 684 ἐ

1937 653 2056 691 sum
2084 648 2140 691 et
2163 639 2453 706 elevatum,
2477 651 2530 694 et
2570 640 2843 709 seraphim
2873 641 3089 695 stabant
3134 643 3279 698 circa
3326 644 3498 711 illum,

233 717 500 781 Ἡσαΐας
543 719 748 790 φάσκῃ,
791 736 809 768 ι
856 714 1008 770 Εἶδον
1039 718 1129 769 τὸν
1159 717 1360 788 Κύριον
1403 719 1628 772 Σαϐαὼθ
1668 722 1826 793 καθή-

1937 725 2043 778 Sex
2076 719 2174 780 ala:
2211 728 2324 789 uni,
2361 739 2413 782 et
2439 744 2531 782 sex
2567 729 2664 781 alm
2694 729 2848 782 alteri
2884 731 2926 794 ί,
2976 748 2997 782 ι
3031 741 3082 784 et
3111 741 3331 798 caetera,
3358 735 3499 788 unde

227 825 423 877 μενον
469 811 560 861 ἐπὶ
611 808 798 878 θρόνου
847 807 1047 880 ὑψηλοῦ
1095 809 1187 860 καὶ
1231 809 1576 896 ἐπηρμένου⁶
1618 813 1711 864 καὶ
1767 813 1826 865 τά

1934 815 2102 870 habes
2131 833 2254 871 vere
2284 821 2352 872 ab
2386 819 2479 873 illo
2511 819 2680 874 fuisse
2716 823 3050 890 conspecta?
3079 821 3222 876 Nihil
3257 825 3424 888 enim,
3467 814 3526 880 o-

230 901 506 970 σεραφὶμ
542 900 886 970 εἱστήκεισαν
919 898 1102 970 κύκλῳ
1131 899 1297 953 αὐτοῦ
1317 917 1330 930 ·
1367 899 1426 966 ἓξ
1451 901 1714 973 πτέρυγες
1757 902 1826 972 τῷ

1933 905 2137 973 Iudaee,
2168 908 2330 978 360
2371 910 2421 962 in
2460 910 2525 964 iis
2561 913 2722 966 rebus
2753 913 3031 980 suspicare
3067 915 3353 978 mendacii,
3381 930 3497 970 creo

225 988 346 1052 ἐνὶ,
370 989 473 1040 καὶ
499 987 560 1051 ἒξ
591 988 857 1058 πτέρυγες
884 987 960 1057 τῷ
991 988 1090 1050 ἑνὶ,
1123 1007 1140 1038 ι
1162 989 1254 1040 καὶ
1281 989 1348 1042 τὰ
1377 989 1500 1059 ἑξῆς
1519 1007 1531 1018 ·
1569 990 1728 1042 πόθεν
1759 992 1826 1062 (6)

1935 996 2017 1050 dis
2061 1011 2167 1050 non
2204 1000 2364 1053 modo
2393 1013 2486 1052 eas
2524 1015 2553 1052 a
2589 1001 2791 1069 Spiritu
2835 1011 3023 1055 sancto
3054 1013 3298 1059 ostensas
3329 1007 3498 1062 fuisse

222 1079 322 1131 ὅτι
384 1079 606 1149 ἀληθῶς
637 1079 880 1150 ἑώρακε;
915 1079 1290 1143 Πεπίστευκας
1331 1081 1460 1151 γὰρ,
1504 1076 1549 1134 ὧ
1589 1083 1826 1147 Ἰουδαίε,

1935 1091 2232 1160 prephetze,
2264 1091 2356 1144 sed
2402 1090 2548 1143 illum
2584 1091 2746 1144 etiam
2797 1091 2863 1144 ab
2893 1086 3317 1163 eodcm'spiritu
3347 1095 3496 1150 allia-

222 1171 466 1235 τούτοις
497 1172 573 1235 ὠς
609 1171 884 1242 ἀψευδέσι,
921 1174 1014 1226 καὶ
1059 1173 1162 1224 ὑπὸ
1209 1171 1478 1242 θειοτέρου
1517 1175 1826 1244 Πνεύματος

1937 1189 2048 1234 tum
2076 1197 2171 1236 eas
2200 1189 2254 1234 et
2291 1181 2489 1236 dixisse
2521 1191 2573 1236 et
2596 1181 2790 1235 litteris
2823 1183 3194 1251 consignasse.
3224 1186 3338 1240 Utri
3369 1204 3498 1243 vero

221 1262 295 1314 οὐ
352 1263 525 1331 μόνον
567 1263 897 1333 ἑωραμένοις
949 1262 1040 1333 τῷ⁸
1057 1265 1332 1336 προφήτῃ,
1368 1261 1503 1316 ἀλλά
1536 1266 1628 1318 καὶ
1677 1267 1826 1336 εἰρη-

1935 1271 2107 1340 magis
2149 1271 2487 1340 adjungenda
2517 1271 2651 1325 fides
2684 1281 2766 1325 est
2799 1288 2812 1322 :
2841 1267 2912 1324 illi
2937 1273 3028 1341 qui
3051 1273 3152 1328 sibi
3183 1275 3313 1330 dicit
3343 1293 3498 1346 aper-

227 1352 446 1422 μένοις
492 1355 584 1408 καὶ
619 1355 1145 1426 ἀναγεγραμμένοις.
1184 1357 1297 1409 Τίνι
1335 1357 1392 1408 δὲ
1431 1358 1525 1410 καὶ
1560 1356 1826 1411 πιστεύειν

1933 1366 2017 1414 tos
2043 1359 2209 1414 fuisse
2232 1361 2419 1426 caelos,
2451 1375 2634 1414 vocem
2665 1361 3026 1428 exaudivisse,
3058 1364 3260 1420 vidisse
3304 1367 3492 1422 Domi-

228 1445 460 1513 μᾶλλον
498 1446 665 1511 ἄξιον,
701 1446 960 1515 φάσκοντι
993 1447 1260 1516 ἀνεῷχθαι
1300 1447 1449 1516 αὐτῷ
1497 1449 1620 1511 τοὺς
1669 1449 1826 1520 οὐρα-

1934 1467 2061 1504 num
2089 1451 2328 1506 Sabaoth
2356 1453 2628 1506 sedentem
2673 1466 2837 1519 super
2884 1453 3076 1508 solium
3124 1455 3398 1509 excelsum
3441 1466 3498 1513 et

222 1537 400 1600 νοὺς,
429 1536 524 1589 καὶ
552 1536 733 1604 φωνῆς
772 1535 1084 1606 ἀκηκοέναι,
1120 1535 1152 1605 ἦ
1183 1537 1480 1607 ἑωρακέναι
1508 1537 1596 1589 τὸν
1630 1532 1826 1608 Κύριον

1932 1539 2232 1606 elevatum;
2264 1557 2330 1595 an
2375 1539 2542 1596 Jesu?
2591 1540 2732 1596 Nihil
2761 1544 2903 1596 enim
2955 1543 3199 1598 fecerunt
3241 1545 3407 1600 Isaias
3445 1558 3500 1601 et

223 1625 485 1680 Σαϐαὼθ
515 1625 818 1696 καθήμενον
847 1617 1140 1696 ἑπὶθρόνου
1171 1625 1374 1696 ὑψηλοῦ
1407 1627 1499 1679 καὶ
1520 1627 1826 1698 ἐπηρμένου

1932 1631 2200 1699 Ezechiel,
2229 1634 2511 1700 quodcum
2537 1634 2622 1702 iis,
2665 1651 2784 1705 quae
2813 1635 2968 1690 Jesus
3001 1634 3147 1699 fecit,
3191 1634 3498 1706 comparari

239 1723 468 1792 Ἡσαΐᾳ
519 1722 610 1774 καὶ
669 1720 1013 1792 Ἰεζεκιὴλ,ῆ
1061 1720 1137 1790 τῷ
1189 1719 1401 1789 Ἰησοῦ;
1449 1720 1698 1774 Ἐκείνων
1731 1722 1826 1791 μὲν

1932 1734 2127 1792 queat;
2182 1722 2340 1793 hujus
2380 1734 2560 1777 autem
2600 1727 2830 1779 virtutes
2875 1742 2980 1780 non
3031 1727 3281 1783 enituere
3322 1729 3494 1782 solum

224 1813 357 1884 γὰρ
393 1813 551 1883 ἔργον
585 1814 734 1865 οὐδὲν
767 1811 1077 1882 τηλικοῦτον
1115 1813 1455 1882 εὑρίσκεται·
1507 1811 1597 1864 τοῦ
1631 1813 1686 1865 δὲ
1724 1814 1826 1882 Ἰη-

1932 1826 2171 1886 tempore
2201 1817 2308 1882 illo,
2344 1833 2449 1886 quo
2497 1833 2691 1886 corpus
2744 1818 2962 1874 indutus
3013 1835 3138 1874 cum
3181 1820 3497 1876 hominibus

229 1904 342 1957 σοῦ
399 1904 460 1956 τὸ
493 1903 888 1974 ἀνδραγάθημα
919 1905 978 1955 οὐ
1032 1903 1171 1956 κατά
1213 1905 1338 1966 τοὺς
1376 1905 1572 1966 αὐτοὺς
1605 1905 1704 1974 τῆς
1745 1907 1826 1957 ἑν-

1932 1917 2175 1962 versatus
2201 1918 2311 1971 est;
2348 1909 2440 1962 sed
2477 1923 2646 1975 usque
2683 1909 2859 1963 adhuc
2887 1911 3002 1978 ejus
3025 1919 3292 1978 potestate
3319 1910 3398 1978 lit,
3433 1919 3494 1965 ut

230 1993 632 2064 σωματῶσεως
660 1993 849 2064 μόνους
883 1993 1070 2062 γέγονε
1102 1993 1344 2063 χρόνους.
1383 1991 1518 2046 ἀλλά
1539 1994 1630 2045 καὶ
1667 1993 1826 2064 μέχρι

1932 1998 2018 2066 qui
2046 1997 2154 2051 Deo
2181 2013 2276 2066 per
2303 1997 2448 2050 illiilli
2486 1997 2736 2063 credunt,
2767 2014 2796 2052 a
2828 1999 2978 2054 vitiis
3010 2002 3075 2054 ad
3105 2003 3380 2058 meliorem
3413 2001 3495 2057 vi-

227 2084 338 2137 τοῦ
374 2085 534 2155 δεῦρο
561 2084 782 2154 ἡἸησοῦ
813 2083 1037 2154 δύναμίς
1068 2085 1214 2136 ἐστιν
1254 2082 1545 2154 ὲνεργοῦσα
1579 2083 1675 2154 τὴν
1706 2085 1826 2136 ἑπι-

1933 2098 2038 2140 tam
2091 2096 2431 2140 revocentur.
2492 2085 2662 2151 Quam
2710 2103 2920 2142 morum
2972 2092 3323 2146 mutationem
3377 2093 3496 2162 ejus

233 2176 494 2245 στροφὴν
519 2176 614 2228 καὶ
630 2174 725 2245 τὴν
743 2174 1018 2244 βελτίωσιν
1049 2176 1104 2226 ἑν
1127 2177 1237 2238 τοῖς
1257 2173 1564 2227 πιστεύουσι
1581 2174 1646 2226 δι’
1664 2174 1825 2228 αὑτοῦ

1932 2188 2200 2248 potestate
2247 2178 2360 2232 fieri
2397 2179 2616 2247 planum
2662 2187 2716 2232 et
2757 2180 2982 2236 evidens
3027 2181 3153 2236 hinc
3187 2191 3290 2247 est,
3325 2183 3496 2252 quod,

231 2263 322 2333 τῷ
341 2262 483 2333 Θεῷ.
517 2264 770 2334 Ἐναργὲς
798 2264 854 2316 δὲ
875 2263 1072 2334 δεῖγμα
1098 2262 1192 2315 τοῦ
1222 2263 1628 2334 δυνάμειαύτοῦ
1657 2262 1826 2317 ταῦτα

1933 2283 2074 2332 cum,
2110 2279 2166 2321 ut
2198 2268 2312 2338 ipse
2341 2267 2475 2322 dixit
2508 2279 2562 2321 et
2587 2267 2921 2337 experientia
2949 2271 3352 2338 comprobatur,
3378 2286 3498 2325 omu

231 2356 520 2424 γίνεσθαι,
541 2356 622 2420 τὸ,
641 2357 715 2420 ὡς
744 2357 903 2418 αὑτός
937 2374 1089 2426 φησι,
1110 2356 1202 2408 καὶ
1232 2355 1704 2426 καταλαμϐάνεται
1729 2356 1826 2425 (7),

1933 2359 2060 2413 nino
2081 2358 2336 2413 deficiant
2366 2358 2454 2426 qui
2497 2357 2659 2412 messi
2703 2359 3008 2412 animarum
3051 2360 3421 2430 dentOpcram
3451 2362 3496 2426 ’,

237 2449 325 2519 μὴ
352 2448 523 2501 ὄντων
545 2447 789 2517 ἑργατῶν
813 2447 918 2499 τῶν
935 2447 1315 2515 ἐργαζομένων
1332 2447 1421 2522 τὸν
1449 2440 1706 2517 θερισμὸν
1721 2447 1826 2498 τῶν

1937 2458 2010 2502 tot
2037 2450 2230 2504 anima:
2275 2460 2452 2504 tamen
2485 2449 2537 2503 in
2566 2463 2719 2504 areas
2751 2448 2868 2516 Dei,
2895 2464 3014 2519 quae
3048 2460 3175 2505 sunt
3218 2451 3494 2517 Ecclesiae,

233 2539 464 2609 ψυχῶν,
496 2538 745 2592 τοσοῦτον
780 2534 918 2589 εἶναι
953 2537 1210 2606 θερισμὸν
1234 2536 1712 2607 συγκομιζομένων
1735 2539 1826 2590 καὶ

1933 2550 2341 2610 componentur
2367 2551 2420 2597 et
2455 2551 2874 2614 congregemur.

243 2630 650 2699 συναγομένων
673 2630 752 2690 είς
776 2628 874 2689 τὰς
903 2627 1177 2696 πανταχοῦ
1208 2627 1419 2690 ἅλωνας
1454 2626 1546 2679 τοῦ
1575 2625 1706 2679 Θεοῦ
1737 2626 1830 2679 καὶ

250 2717 466 2788 Ἐκκλη
475 2717 613 2778 σίας.

319 2807 436 2860 Καὶ
467 2807 639 2860 ταῦτα
679 2805 814 2878 πρὸς
828 2804 918 2858 τὸν
959 2804 1206 2858 Ἰουδαῖον
1240 2804 1401 2872 λέγω,
1431 2804 1530 2858 οὐκ
1562 2803 1826 2868 ἀπιστῶν,

1999 2805 2088 2862 44.
2130 2807 2305 2875 Atque
2333 2807 2417 2862 his
2453 2805 2696 2862 Judaeum
2723 2820 2910 2876 urgeo,
2947 2820 3052 2860 non
3078 2807 3219 2876 quod
3243 2805 3494 2862 Ezechiel

237 2901 270 2953 ὁ
309 2899 662 2969 Χριστιανὸς,
705 2898 781 2968 τῷ
844 2897 1100 2967 Ἰεζεκιὴλ
1147 2897 1241 2949 καὶ
1287 2896 1362 2966 τῷ
1419 2895 1612 2967 Ἡσαΐᾳ
1639 2914 1652 2926 ·
1699 2897 1826 2950 ἀλλά

1934 2907 1990 2953 et
2019 2898 2169 2953 Isaiae
2200 2897 2515 2952 testimonio
2547 2897 2709 2951 fidem
2750 2899 3037 2965 abrogem;
3082 2912 3204 2949 nam
3233 2897 3500 2952 Christia-

238 2991 513 3044 δυσωπῶν
559 2991 623 3042 ἑκ
672 2989 779 3042 τῶν
830 2992 982 3058 κοινῇ
1037 2987 1166 3057 ἡμῖν
1215 2988 1695 3052 πεπιστευμένων,
1747 2987 1826 3038 ὃτι

1935 3006 2036 3045 nus
2066 3005 2166 3060 ego
2189 3004 2342 3055 sum;
2372 2990 2465 3042 sed
2509 3003 2641 3043 usus
2683 3002 2800 3041 sum
2840 2988 2924 3051 iis,
2969 3002 3087 3055 quae
3136 3002 3238 3040 una
3281 3001 3494 3041 mecum

1859 1691 1901 1746 B

242 3081 434 3151 πολλῷ
488 3074 640 3142 οὗτος
693 3079 916 3132 ἐκείνων
969 3076 1116 3140 ἄξιός
1169 3078 1282 3129 ἑστι
1338 3076 1430 3128 τοῦ
1482 3073 1827 3128 πιστεύεσθαι

241 3171 479 3224 τοιαῦτα
519 3167 688 3238 λέγων
725 3169 1043 3240 ἑωρακέναι,
1079 3167 1192 3234 καὶ,
1229 3168 1305 3230 ὡς
1353 3165 1516 3230 εἰκὸς,
1559 3163 1827 3236 παραδοὺς

242 3267 367 3326 τοῖς
402 3257 667 3332 μαθηταῖς
716 3261 780 3332 ἣν
833 3257 970 3313 εἶδεν
1012 3259 1154 3328 ὄψιν,
1189 3259 1283 3312 καὶ
1328 3257 1422 3328 τὴν
1451 3255 1630 3327 φωνὴν
1661 3256 1732 3326 (8)
1762 3251 1830 3326 ἦς

243 3356 505 3425 ἧκουσεν.
554 3349 743 3414 Ἄλλος
772 3352 816 3404 δ’
858 3351 922 3405 ἄν
954 3367 1036 3412 τις
1066 3348 1229 3414 εἴποι,
1273 3347 1355 3401 ὅτι
1401 3347 1460 3400 ού
1505 3347 1703 3411 πάντες
1734 3345 1827 3400 τοῦ

259 3444 446 3515 Ἰησοῦ
476 3445 716 3514 ἤκουσαν
745 3441 914 3496 ταῦτα
941 3439 1294 3512 διηγουμένου
1329 3441 1376 3491 οἱ
1417 3439 1830 3509 ἀναγράψαντες

245 3537 320 3590 τὰ
354 3535 484 3606 περὶ
515 3532 605 3585 τοῦ
637 3531 808 3594 εἴδους
839 3532 936 3601 τῆς
971 3532 1297 3602 περιστερᾶς
1337 3531 1427 3582 καὶ
1458 3530 1555 3600 τῆς
1581 3530 1640 3594 ἐξ
1667 3530 1829 3601 ούρα-

245 3627 341 3680 νοῦ
390 3624 593 3695 φωνῆς,
636 3623 768 3676 ἀλλά
811 3623 870 3676 τὸ
914 3618 1126 3686 διδάξαν
1178 3620 1415 3674 Μωῦσέα
1450 3620 1673 3691 Πνεῦμα
1731 3621 1828 3692 τὴν

251 3715 630 3786 πρεσϐυτέραν
674 3714 836 3767 αὑτοῦ
897 3713 1153 3784 ἱστορίαν,
1211 3711 1526 3783 ἀρξαμένην
1579 3712 1685 3765 ἀπὸ
1731 3712 1829 3783 τῆς

249 3806 640 3879 κοσμογενείας
683 3806 841 3878 μέχρι
872 3803 970 3876 τῆς
1010 3804 1150 3858 κατὰ
1175 3804 1265 3858 τὸν
1322 3804 1563 3875 Ἀϐραὰμ
1621 3803 1697 3873 (9)
1732 3802 1824 3855 τὸν

251 3899 468 3968 πατέρα
494 3897 678 3961 αὐτοῦ,
717 3895 858 3950 τοῦτ’
892 3895 1093 3959 ἐδίδαξε
1137 3895 1228 3947 κα)⁸
1266 3895 1390 3956 τοὺς
1413 3893 1728 3964 γράψαντας
1769 3893 1829 3945 τὸ

251 3989 603 4056 Εὑαγγέλιον,
650 3988 710 4040 τὸ
747 3987 1030 4056 γενόμενον
1071 3985 1370 4058 παράδοξον
1409 3985 1517 4053 (-10)
1567 3984 1706 4037 κατά
1739 3977 1828 4037 τὸν

250 4080 443 4150 χρόνον
474 4077 564 4130 τοῦ
593 4075 963 4147 βαπτίσματος
1004 4074 1198 4144 Ἰησοῦ.
1244 4075 1301 4126 Ὀ
1331 4073 1385 4126 δὲ
1413 4074 1705 4143 κοσμηθεὶς
1733 4092 1831 4143 χα-

253 4171 498 4241 ρίσματι,
533 4168 850 4238 καλουμένῳ
881 4185 898 4215 Ι
930 4165 1075 4235 λόγῳ
1107 4164 1316 4233 σοφίας,
1348 4183 1366 4214 ι
1405 4163 1498 4216 καὶ
1527 4163 1623 4234 τὴν
1649 4164 1828 4216 αἰτίαν

249 4263 568 4332 διηγήσεται
597 4261 696 4330 τῆς
725 4257 978 4323 ἁνοίξεως
1002 4256 1107 4308 τῶν
1134 4255 1398 4325 οὐρανῶν,
1421 4254 1624 4308 καὶτοῦ
1657 4254 1827 4316 εἴδους

1932 3083 2124 3148 credit,
2162 3089 2217 3134 ut
2267 3081 2648 3150 persuaderem
2693 3078 2875 3134 Jesum
2923 3078 3114 3145 magis,
3162 3091 3322 3146 quam
3367 3092 3496 3146 pro-

1930 3173 2126 3241 phetae,
2163 3171 2265 3224 fide
2309 3183 2427 3224 esse
2474 3169 2717 3238 dignum,
2749 3183 2872 3222 cum
2915 3167 3069 3231 dixit,
3099 3175 3154 3220 et
3185 3167 3298 3220 suis
3331 3166 3495 3220 disci-

1929 3261 2092 3332 pulis,
2122 3270 2182 3314 ut
2211 3259 2470 3314 credibile
2503 3266 2606 3324 est,
2638 3257 2884 3311 narravit
2925 3271 2985 3312 se
3031 3257 3158 3310 talia
3199 3257 3400 3311 vidisse
3439 3265 3496 3311 et

1929 3365 2115 3406 vocem
2162 3350 2417 3404 audiisse.
2459 3347 2666 3402 Dixerit
2707 3348 2941 3402 fortasse
2983 3348 3141 3411 alius,
3191 3348 3280 3416 qui
3321 3348 3493 3401 histo-

1935 3442 2072 3496 riam
2111 3445 2177 3498 de
2201 3445 2380 3513 specie
2419 3443 2686 3499 columbae
2709 3448 2763 3494 et
2787 3443 2854 3496 de
2880 3443 3085 3498 caelesti
3117 3455 3248 3496 voce
3277 3438 3494 3508 scriptis

1933 3537 2280 3602 mandarunt,
2308 3553 2414 3592 non
2447 3552 2539 3592 eos
2580 3553 2772 3594 omnes
2813 3535 3050 3592 adfuisse
3087 3535 3326 3602 Quidem.
3368 3547 3492 3586 cum

1929 3629 2044 3682 hac
2097 3627 2372 3696 discipulis
2412 3638 2692 3684 enarraret
2720 3646 2734 3683 :
2761 3628 2855 3683 sed
2899 3625 3148 3694 spiritum
3197 3623 3366 3687 illum,
3400 3621 3492 3691 qui

1931 3717 2168 3788 Moysem
2213 3718 2433 3773 edocuit
2457 3719 2741 3773 historiam
2773 3717 2929 3787 longe
2976 3715 3093 3784 ipso
3125 3711 3490 3782 antiquiorem

1929 3822 2158 3878 quaeque
2210 3824 2239 3860 a
2310 3809 2588 3863 creatione
2649 3805 2833 3862 mundi
2868 3806 2936 3860 ad
2992 3803 3264 3858 Abraham
3321 3817 3491 3870 usque

1931 3900 2108 3969 gentis
2169 3896 2408 3953 Iudaica:
2469 3907 2746 3953 auctorem
2816 3897 3088 3966 pertinet,
3139 3894 3492 3964 scriptoribus

1937 3987 2347 4057 Evangeliorum
2397 3987 2666 4042 revelasse
2698 3985 3024 4056 prodigium,
3057 3984 3197 4054 quod
3251 3991 3493 4050 tempore

1933 4078 2182 4146 baptismi
2214 4076 2339 4132 Jesu
2375 4087 2719 4147 apparuerat.
2750 4076 2880 4144 Qua:
2902 4084 3076 4129 autem
3109 4087 3270 4128 causa
3303 4071 3488 4132 fuerit,

1931 4167 2284 4234 quamobrem
2324 4167 2496 4234 aperti
2536 4165 2731 4220 fuerint
2768 4165 2912 4232 cteli,
2952 4179 3048 4217 cur
3075 4161 3335 4216 columbae
3369 4174 3493 4227 spe-

1935 4258 2047 4311 cies
2076 4257 2193 4312 visa
2227 4255 2408 4320 fuerit,
2447 4272 2546 4311 cur
2576 4255 2860 4320 columbte,
2891 4264 2944 4308 et
2973 4268 3077 4306 non
3115 4251 3338 4306 alterius
3372 4249 3493 4302 ani-

251 4355 349 4424 τῆς
369 4353 714 4422 περιστερᾶς,
749 4349 842 4401 καὶ
865 4349 946 4400 ὃτι
983 4348 1080 4400 οὐκ
1115 4346 1273 4399 ἄλλου
1296 4346 1437 4408 τινὸς
1467 4343 1606 4408 ζώου
1640 4344 1767 4396 εἴδει
1792 4345 1823 4414 ἢ

1935 4348 2132 4402 mantis
2178 4349 2358 4416 specie
2403 4346 2642 4415 Spiritus
2679 4355 2893 4400 sanctus
2936 4342 3064 4398 Jcsu
3111 4339 3489 4410 aspectabilem

252 4443 440 4496 τούτου
476 4442 646 4511 ἐφάνη
672 4441 732 4492 τὸ
762 4440 912 4508 ἆγιον
946 4437 1172 4508 Πνεῦμα
1195 4436 1270 4505 τῷ
1316 4435 1509 4507 Ἰησοῦ.
1549 4435 1684 4504 Περὶ¹
1712 4433 1825 4486 τού-

252 4551 344 4587 του
386 4533 442 4586 δὲ
480 4533 579 4586 οὐκ
614 4534 832 4586 ἀπαιτεῖ
863 4531 955 4584 νῦν
988 4531 1137 4600 ἡμᾶς
1171 4528 1198 4580 ὁ
1231 4527 1386 4596 λόγος
1427 4524 1818 4598 διηγήσασθαιο

251 4625 310 4678 τὸ
339 4623 451 4697 γὰρ
502 4623 858 4696 προκείμενόν
901 4625 1068 4684 ἐστιν,
1112 4619 1326 4689 ἐλέγξαι
1359 4619 1448 4672 τὸν
1483 4618 1685 4670 Κέλσον
1726 4618 1822 4687 οὐχ

253 4715 419 4784 ὑγιῶς
458 4715 690 4785 Ἰουδαίῳ
739 4713 1022 4783 περιθέντα
1078 4712 1186 4782 (Η)
1230 4709 1367 4782 μετά
1406 4709 1620 4763 τοιῶνδε
1653 4708 1822 4777 λόγων

328 4907 343 4937 ⁸
369 4905 495 4961 Isai.
526 4922 603 4973 VI,
629 4907 682 4960 I.
757 4907 777 4938 ²
801 4905 990 4961 Matth.
1024 4922 1098 4971 ix,
1129 4905 1218 4962 57.
1293 4904 1352 4958 ³1
1379 4904 1505 4959 Cor.
1540 4917 1634 4970 xu,
1658 4902 1710 4957 8.

322 5085 401 5157 (6)
443 5083 565 5138 POSt
593 5082 1256 5157 ardesvdecstquippiam,
1306 5079 1386 5157 vel
1422 5076 1593 5144 οἶδας,
1613 5079 1697 5134 vel
1725 5078 1816 5148 δῆα

251 5151 360 5221 λον,
383 5151 642 5224 quamvis
668 5152 797 5204 nihil
831 5152 1004 5224 simile
1028 5153 1329 5224 reperiatur
1356 5151 1566 5224 in_mss.

319 5217 562 5298 (7)'Kal_
591 5217 1116 5298 καταλαμϐάνεταί.
1187 5221 1344 5274 Deest
1413 5220 1465 5272 in
1536 5217 1815 5272 codicibus

257 5293 422 5365 Regio
448 5304 503 5348 et
529 5293 849 5348 Basileensi.

320 5355 396 5438 (8)
439 5365 533 5438 Sic
577 5376 768 5438 omnes
821 5375 950 5414 mss.
997 5357 1332 5413 Ilmschelius
1373 5371 1503 5410 vero
1560 5355 1614 5410 in
1665 5365 1813 5409 textu

255 5431 431 5498 habet,
475 5435 572 5502 τῆς
601 5431 803 5502 φωνῆς.

325 5452 431 5498 net,
546 5452 572 5497 ς
601 5452 803 5502 φωνης.

323 5506 397 5575 (9)
441 5452 728 5575 Dmiitabat
755 5499 980 5575 Quietus
1009 5512 1078 5552 an
1111 5497 1454 5553 scribendum
1477 5495 1617 5550 foret
1648 5493 1809 5564 μέχρι

253 5569 354 5626 τῶν
380 5569 526 5628 ’κατά
554 5573 643 5625 τὸν
689 5569 955 5640 Ἀϐραάμ.

319 5647 429 5712 (l0)
470 5633 805 5698 Huischelius
849 5633 910 5694 et'
952 5645 1258 5708 Spencerus
1285 5635 1344 5687 τὸ
1382 5633 1670 5703 γενόμενον
1715 5633 1806 5685 καὶ

1931 4453 1989 4492 se
2021 4436 2331 4505 praebuerit,
2367 4437 2413 4491 is
2447 4445 2702 4504 exponet,
2733 4436 2822 4505 qui
2857 4434 3018 4497 dono,
3051 4433 3190 4500 quod
3227 4449 3246 4484 ι
3281 4431 3492 4499 sapien-

1941 4527 2027 4579 tiae
2064 4540 2245 4580 sermo
2272 4525 2292 4555 ³
2329 4543 2348 4576 ι
2385 4535 2629 4590 vocatur,
2659 4534 2886 4578 ornatus
2931 4522 3114 4575 fuerit.
3151 4519 3275 4574 Ilaec
3318 4518 3491 4587 expli-

1929 4630 2056 4670 care
2082 4617 2252 4670 nostri
2286 4630 2391 4670 non
2422 4625 2505 4671 est
2546 4615 2794 4670 instituti.
2845 4609 2900 4668 Id
2935 4611 3076 4666 enim
3111 4609 3267 4666 nobis
3295 4623 3492 4680 propo-

1930 4706 2092 4759 situm
2129 4712 2234 4768 est,
2259 4703 2545 4760 ostendere
2578 4718 2609 4758 a
2647 4701 2802 4757 Celso
2839 4699 2980 4755 male
3017 4698 3292 4753 inductum
3326 4695 3491 4749 fuisse

1922 5076 2268 5150 παράδοξον,
2296 5074 2397 5150 sed
2427 5074 2552 5128 illud
2596 5070 3200 5150 xat_resputiiit_omnes
3247 5082 3403 5150 mss,
3433 5068 3508 5150 _si-

1922 5136 2203 5214 exceperis
2235 5136 2600 5215 ’Auglicanum
2627 5136 2857 5215 primum
2893 5150 2946 5194 et
2973 5140 3269 5215 1Ioliauum.
3316 5136 3486 5188 Paulo

1923 5225 2044 5283 post
2060 5211 2167 5284 pro
2200 5211 2515 5284 καλουμένῳ
2545 5213 2688 5284 λόγῳ
2721 5212 2939 5284 σοφίας..
2964 5211 3484 5284 Guieto_perperam

1921 5277 2131 5339 videtur
2158 5277 2502 5338 scribendum
2536 5277 2849 5352 καλουμένῳ
2879 5279 3037 5352 δώρῳ
3064 5277 3272 5343 σοφίας.

1991 5355 2104 5424 (ll)
2146 5354 2480 5409 Hceschelius
2523 5362 2579 5406 et
2621 5350 2930 5424 Speucerus
2955 5350 3034 5424 “in
3074 5353 3261 5424 _textu,
3290 5353 3487 5424 ηπαραέ

1920 5407 2100 5486 θένταξ
2132 5407 2440 5479 δρα-ὸὴιηθε
2469 5438 2596 5476 mss.
2622 5407 2929 5491 περιθέντας.
2955 5414 3123 5491 Ρξὶιιιθ
3143 5419 3261 5478 llos"
3288 5407 3482 5491 GM???

1918 5473 2743 5614 séfig'e'nz'tiﬁn'IiItéidE'pmév
2787 5488 2925 5542 κατά
2964 5484 3030 5535 τά
3076 5473 3484 5542 πεπιστευμένα

1918 5580 1990 5614 υπ
2062 5579 2122 5614 κε
2149 5579 2261 5614 νου.

1915 5579 2001 5614 υξπ·
2031 5579 2261 5615 εκεινου.
