3988 6156
510 242 620 299 743

1980 245 2300 303 ORICENIS

3659 242 3766 295 764

505 357 776 423 Judaeum,
809 359 899 426 qui
946 356 1210 426 ejusmodi
1243 356 1581 425 argumentis
1615 357 1668 411 in
1712 358 1935 413 dubium
1988 377 2065 416 re-

2183 363 2439 414 ἀπιστῑαν
2474 363 2601 431 περὶ
2632 359 2976 429 πράγματος,
3009 357 3151 410 κατά
3177 356 3238 409 τὸ
3265 353 3410 419 εἰκὸς
3436 353 3765 424 γενομένους

505 461 727 506 vocaret
755 466 863 506 rem
891 465 1052 518 quam
1092 449 1364 504 accidisse
1391 457 1561 504 multo
1592 453 1766 522 magis
1795 454 2081 523 probabile

508 543 603 609 sit,
633 559 792 614 quam
823 557 884 597 ea
913 557 1032 611 qua:
1066 542 1261 596 credit.

577 632 668 688 45.
725 631 941 685 Memini
1004 639 1185 685 autem
1239 646 1326 686 me
1383 634 1688 702 quondam,
1741 650 1864 690 cum
1910 637 2080 692 babe-

509 738 621 778 rem
673 722 994 790 colloquium
1047 737 1171 777 cum
1219 721 1420 778 Judmis
1479 741 1543 780 ex
1599 741 1792 780 eorum
1849 742 2080 782 numero

505 830 642 884 quos
707 815 978 878 sapientes
1029 822 1266 878 vocant,
1331 816 1490 882 idque
1533 816 1720 870 multis
1772 818 2079 872 astantibus

502 906 591 975 qui
638 904 846 972 judices
892 913 1098 968 essent,
1153 905 1238 959 his
1281 906 1466 960 verbis
1512 923 1669 960 usum
1721 921 1842 962 esse
1875 927 1888 962 :
1926 928 1943 959 ι
1987 908 2079 961 Di-

502 997 627 1060 cite,
658 997 836 1062 sodes,
881 1011 1004 1049 cum
1053 997 1161 1049 duo
1208 996 1426 1063 quidam
1463 997 1528 1048 ad
1581 997 1858 1052 hominum
1909 1015 2078 1067 genus

501 1088 842 1151 advenerint,
905 1091 971 1141 de
1012 1088 1209 1154 quibus
1253 1088 1514 1155 stupenda
1567 1099 1622 1140 et
1674 1104 1792 1157 quae
1827 1101 2074 1143 naturam

502 1178 790 1232 humanam
850 1186 1150 1246 superant,
1203 1177 1406 1232 litteris
1459 1180 1711 1232 mandata
1766 1188 1928 1246 sunt,
1978 1196 2074 1234 ve-

498 1275 630 1334 ster,
688 1267 946 1334 inquam,
999 1267 1275 1335 lcgislator
1319 1269 1527 1339 Moyses
1590 1270 1681 1338 qui
1739 1271 1806 1324 de
1849 1286 1907 1324 se
1958 1272 2076 1340 ipso

498 1361 742 1428 scripsit,
770 1368 822 1414 et
849 1359 1004 1414 Jesus
1031 1361 1288 1428 magister
1312 1371 1495 1414 noster
1542 1363 1632 1430 qui
1678 1363 1880 1415 nullum
1925 1363 1991 1417 de
2017 1377 2076 1416 se

496 1453 759 1520 scriptum
813 1451 1058 1520 reliquit,
1117 1451 1216 1506 sed
1271 1451 1338 1506 de
1385 1467 1490 1519 quo
1554 1453 1804 1522 discipuli
1855 1455 1969 1524 ejus
2019 1454 2072 1509 in

497 1541 807 1611 Evangeliis
867 1543 1232 1596 testimonium
1281 1543 1598 1612 perhibent:
1657 1559 1903 1613 quaenam
1959 1547 2074 1600 hare

498 1636 720 1704 partitio
741 1644 850 1697 est,
888 1633 1057 1706 Moysi
1090 1635 1310 1704 quidem
1355 1636 1542 1690 haberi
1580 1636 1737 1690 fidem
1772 1648 1830 1691 ut
1870 1639 2071 1702 veraci,

2187 452 2386 521 μᾶλλον
2421 451 2572 523 παρὰ
2601 451 2668 504 τὰ
2698 447 3102 518 πεπιστευμένα
3130 448 3221 500 ὑπ’
3249 447 3475 500 ἐκείνου.

2253 623 2554 693 Μέμνημαι
2606 621 2663 674 δέ
2715 637 2865 680 ποτε,
2905 617 2962 671 ἒν
3006 634 3114 669 τινι
3165 615 3301 686 πρὸς
3357 613 3626 669 Ἰουδαίων
3675 614 3759 667 λε-

2179 715 2443 784 γομένους
2531 713 2727 780 σοφοὺς
2808 710 3038 775 διαλέξει
3116 708 3463 778 χρησάμενος
3534 706 3754 776 τοιούτῳ

2181 807 2341 876 λόγῳ,
2398 804 2656 856 πλειόνων
2703 802 3000 872 κρινόντων
3043 800 3102 852 τὸ
3135 798 3458 868 λεγόμενον
3504 816 3522 848 ι
3552 798 3754 852 Εἴπατε

2185 915 2304 968 μοι,
2343 890 2389 949 ὦ
2435 891 2611 958 οὗτοι,
2659 892 2751 946 δύο
2805 893 2966 945 τινῶν
3014 890 3467 961 ἐπιδημησάντων
3521 888 3600 960 τῷ
3651 889 3754 942 τῶν

2179 986 2478 1059 ἀνθρώπων
2530 985 2695 1053 γένει,
2749 983 2876 1053 περὶ
2907 976 2982 1035 ὧν
3033 979 3312 1052 παράδοξα
3338 979 3444 1048 (12)
3480 980 3575 1031 καὶ
3619 979 3755 1052 ὑπὲρ

2177 1079 2276 1148 τὴν
2297 1075 2638 1145 ἀνθρωπίνην
2665 1073 2825 1142 φύσιν
2845 1071 3278 1141 ἀναγέγραπται,
3298 1071 3430 1121 Moab
3440 1068 3575 1130 σέως
3594 1067 3752 1136 λέγω,

2177 1168 2268 1222 τοῦ
2300 1167 2452 1237 ὑμῶν
2479 1165 2791 1236 νομοθέτου,
2825 1163 2956 1234 περὶ
2986 1161 3176 1215 ἑαυτοῦ
3196 1161 3630 1232 ἀναγράψαντος,
3664 1159 3755 1212 καὶ

2189 1259 2361 1330 Ἰησοῦ
2391 1258 2481 1310 τοῦ
2513 1258 2781 1330 ἡμετέρου
2822 1254 3162 1317 διδασκάλου,
3199 1251 3362 1323 μηδὲν
3391 1251 3521 1322 περὶ
3562 1249 3752 1304 ἑαυτοῦ

2179 1351 2518 1420 σύγγραμμα
2553 1347 3003 1408 καταλελοιπότος
3033 1345 3144 1415 (15)
3163 1386 3177 1410 ,
3212 1342 3347 1396 ἀλλά
3377 1343 3481 1395 ὑπὸ
3510 1341 3620 1394 τῶν
3655 1359 3754 1411 μα-

2178 1430 2354 1513 θητῶν
2409 1444 2466 1494 ὲν
2511 1442 2622 1502 τοῖς
2661 1437 3006 1506 Εὐαγγελίοις
3051 1435 3570 1507 μεμαρτυρημένον·
3608 1433 3751 1503 τίςὴ

2177 1532 2582 1602 ἀποκλήρωσις,
2635 1527 2989 1582 πιστεύεσθαι
3025 1526 3122 1597 μὲν
3153 1527 3392 1580 Μωῡσέα
3420 1525 3497 1588 ὡς
3529 1524 3750 1595 ἀληθεύ-

2176 1641 2323 1689 οντα,
2346 1623 2522 1676 καίτοι
2543 1640 2606 1691 γε
2622 1621 2928 1690 Αἰγυπτίων
2948 1618 3337 1672 διαϐαλλόντων
3357 1617 3518 1671 αὐτὸν
3535 1617 3610 1678 ὼς
3627 1617 3743 1686 γόη-

497 1726 749 1798 quamvis
769 1725 1003 1796 Egyptii
1036 1726 1390 1795 impostorem
1427 1743 1550 1780 eum
1579 1726 1747 1781 luisse
1773 1739 1827 1780 et
1853 1729 2065 1798 magicis

2177 1733 2262 1780 τα,
2282 1716 2375 1770 καὶ
2400 1715 2706 1785 μαγγανεία
2731 1713 2828 1776 τὰς
2861 1713 3118 1783 δυνάμεις
3153 1710 3511 1780 πεποιηκέναι
3545 1709 3750 1763 δοκοῦν-

498 1818 711 1871 artibus
761 1817 1007 1886 prodigia
1058 1819 1222 1871 edere
1257 1819 1432 1872 visum
1475 1834 1596 1873 esse
1635 1819 2067 1885 calumnientur;

497 1910 626 1966 .lesu
670 1926 797 1964 vero
839 1925 1052 1964 omnem
1083 1911 1332 1980 abrogari
1391 1910 1571 1976 ﬁdem,
1618 1913 1746 1980 quia
1790 1926 1885 1965 vos
1920 1911 2068 1964 illum

497 2001 799 2057 incusatis?
824 1999 954 2054 Nam
994 2002 1212 2070 utrique
1236 2017 1330 2055 sua
1367 2015 1497 2071 gens
1527 2003 1938 2070 patrocinatur:
1971 2001 2071 2057 Ju-

497 2094 596 2147 dtei
627 2093 842 2162 quidem
877 2092 1079 2164 Moysi;
1110 2093 1406 2147 Christiani
1439 2107 1568 2147 vero
1599 2109 1719 2163 quae
1753 2095 1817 2147 de
1855 2092 1978 2147 Jesu
2005 2094 2072 2146 ab

493 2181 613 2250 eius
665 2183 947 2252 discipulis
979 2185 1181 2252 scripta
1229 2195 1353 2238 sunt
1411 2185 1693 2253 prodigia,
1760 2202 1858 2255 pro
1929 2186 2072 2238 veris

493 2273 729 2341 habent;
776 2291 952 2343 neque
1006 2276 1214 2330 idcirco
1264 2277 1466 2347 Moysis
1524 2279 1863 2348 prophetiam
1915 2295 2072 2345 rt‘pu-

491 2364 680 2431 diant;
732 2368 842 2422 imo
869 2368 997 2422 hinc
1046 2370 1284 2422 maxime
1334 2368 1659 2423 conﬁrmant
1687 2385 1804 2438 quze
1838 2370 1904 2423 de
1945 2369 2068 2424 Jesu

491 2458 741 2511 credunt.
774 2457 926 2524 Quod
957 2458 1002 2511 si
1062 2469 1262 2512 nostra!
1315 2460 1382 2513 de
1429 2459 1554 2514 Jesu
1608 2461 1729 2514 ﬁdei
1803 2463 2066 2515 rationem

487 2547 743 2616 poscitis,
767 2547 916 2617 prius
936 2562 1032 2602 vos
1050 2547 1212 2602 dicite
1228 2563 1327 2602 cur
1353 2548 1519 2620 Moysi
1547 2550 1782 2604 credatis
1804 2552 1892 2618 qui
1919 2551 2066 2604 illum

488 2638 798 2706 praecessit;
833 2653 935 2692 nos
980 2639 1177 2693 deinde
1226 2639 1470 2692 dicemus
1510 2654 1607 2692 cur
1647 2640 1733 2692 isti
1760 2641 2066 2693 credamus.

490 2727 597 2782 Sed
626 2729 670 2783 si
724 2729 1154 2799 tergiversemini
1211 2739 1265 2784 et
1313 2731 1577 2784 recusetis
1619 2732 1854 2800 probare
1895 2747 1993 2785 cur
2017 2731 2067 2785 ei

490 2819 753 2885 credatis,
806 2835 905 2874 nos
937 2819 1428 2890 impraesentiarum
1472 2836 1568 2876 vos
1623 2822 1979 2887 imitabimur,
2015 2831 2070 2876 et

487 2920 677 2966 nostra
731 2921 1051 2980 argumenta
1084 2913 1419 2967 'tacebimus.
1469 2912 1836 2968 Nihilominus
1895 2913 2067 2967 fatea-

490 3004 626 3059 mini
691 3003 868 3058 nullas
918 3019 1010 3058 vos
1036 3004 1103 3057 de
1138 3005 1323 3076 Moyse
1373 3007 1724 3076 probationes
1757 3007 1978 3071 habere,
2015 3015 2070 3060 et

2177 1823 2264 1858 τα⁸
2315 1806 2522 1877 Ἰησοῦν
2550 1806 2606 1858 δὲ
2625 1804 2990 1867 ἀπιστεῖσθαι,
3008 1804 3129 1855 ἐπεὶ
3145 1803 3303 1872 ὑμεῖς
3322 1801 3486 1854 αὑτοῦ
3523 1817 3752 1870 κατηγο-

2179 1899 2350 1964 ρεῖτε;
2385 1897 2551 1966 Ἔθνη
2581 1893 2688 1964 γάρ
2717 1893 3044 1964 ἀμφοτέροις
3066 1894 3349 1963 μαρτυρεῖ·
3391 1892 3627 1944 Ἰουδαῖοι
3658 1891 3752 1961 μὲν

2174 1988 2403 2055 Μωῦσῇ,
2430 1985 2742 2055 Χριστιανοὶ
2764 1984 2842 2048 δὲ,
2877 1985 2951 2054 μὴ
2982 1983 3302 2054 ἀρνούμενοι
3332 1982 3442 2052 (Η)
3474 1982 3572 2052 τὴν
3593 1985 3754 2036 Μωῦ-

2176 2078 2313 2140 σέως
2365 2077 2717 2147 προφητείαν,
2772 2075 2907 2128 ἀλλά
2956 2073 3208 2127 κάκεῖθεν
3241 2072 3658 2134 ἀποδεικνύντες
3686 2072 3752 2127 τὰ

2175 2170 2303 2240 περί
2335 2168 2426 2220 τοῦ
2470 2154 2667 2236 Ἰησοῦ,
2703 2166 3100 2238 παραδέχονται
3130 2164 3198 2218 τά
3232 2165 3360 2234 περὶ
3393 2163 3555 2216 αὑτοῦ
3583 2163 3748 2235 ἀληθῆ

2173 2257 2312 2313 εἶναι
2334 2259 2607 2331 παράδοξα
2640 2259 2744 2311 ὑπὸ
2771 2257 2878 2309 τῶν
2907 2256 3162 2327 μαθητῶν
3201 2256 3364 2308 αὐτοῦ
3399 2257 3748 2326 ἀναγεγραμ-

2176 2352 2331 2422 μένα.
2364 2352 2514 2402 Εἴτε
2548 2351 2654 2422 γάρ
2689 2349 2844 2416 λόγον
2872 2349 3152 2400 ἀπαιτεῖτε
3173 2349 3320 2418 ἡμᾶς
3355 2350 3483 2418 περὶ
3517 2347 3610 2400 τοῦ
3649 2348 3751 2416 Ἰη-

2175 2443 2291 2506 σοῦ,
2311 2441 2534 2494 ἀπόδοτε
2559 2441 2684 2511 περὶ
2706 2439 2984 2503 Μωῡσέως
3009 2439 3101 2491 τοῦ
3137 2440 3241 2510 πρὸ
3266 2439 3431 2491 αὑτοῦ
3463 2439 3750 2510 γενομένου

2175 2533 2460 2606 πρότερον,
2495 2531 2592 2585 εἷθ’
2629 2533 2756 2602 ἑξῆς
2786 2533 2947 2603 ἡμεῖς
2974 2531 3325 2601 ἀποδώσομεν
3352 2531 3444 2584 τὸν
3477 2533 3605 2602 περὶ
3631 2531 3750 2584 τού-

2171 2643 2286 2679 του.
2334 2625 2517 2694 ’Υμῶν
2547 2625 2590 2677 δ’
2623 2623 3003 2694 ἀναδυομένων
3033 2623 3128 2676 καὶ
3163 2623 3474 2691 φευγόντων
3503 2625 3601 2686 τὰς
3628 2625 3750 2694 περὶ

2171 2718 2380 2771 ἐκείνου
2401 2715 2740 2781 ἀποδείξεις,
2776 2716 2850 2779 ὡς
2882 2715 2978 2786 μὲν
3002 2715 3136 2785 πρὸς
3173 2715 3233 2766 τὸ
3261 2715 3458 2785 παρὸν,
3489 2716 3548 2768 τὸ
3572 2717 3750 2786 ὅμοιον

2171 2814 2298 2882 ὑμῖν
2342 2809 2648 2872 ποιοῦντες,
2693 2809 2793 2861 οὐκ
2840 2807 3263 2878 ἀποδεικνύομεν
3284 2824 3296 2836 ·
3326 2808 3478 2860 οὐδὲν
3504 2808 3559 2860 δὲ
3594 2805 3750 2879 ἧττον

2169 2903 2539 2974 ὁμολογήσατε
2577 2901 2685 2972 (15)
2719 2901 2779 2954 τὸ
2822 2904 2896 2972 μὴ
2927 2901 3071 2970 ἔχειν
3099 2900 3262 2966 δεῖξιν
3293 2901 3416 2973 περὶ
3447 2903 3748 2966 Μωῡσέως,

2171 2995 2266 3047 καὶ
2291 2993 2560 3047 ἀκούσατε
2589 2992 2690 3055 τὰς
2723 2992 2852 3064 περὶ
2897 2992 3071 3062 Ἰησοῦ
3101 2992 3400 3056 ἀποδείξεις
3421 2991 3525 3044 ἀπὸ
3548 2993 3646 3045 τοῦ
3675 2995 3753 3047 νόο

491 3094 678 3150 audite
712 3103 926 3148 nostras
985 3095 1053 3149 de
1093 3058 1327 3150 Jesuiex
1373 3058 1499 3165 iege
1543 3106 1597 3148 et
1656 3095 1937 3165 prophetis
1977 3097 2065 3148 de-

2177 3104 2277 3158 μου
2323 3086 2416 3138 καὶ¹
2453 3086 2559 3140 τῶν
2601 3067 2916 3156 προφητῶν.
2954 3087 3082 3150 Καὶ,
3126 3086 3185 3139 τὸ
3220 3086 3517 3158 παράδοξόν
3570 3104 3659 3154 γε,
3689 3088 3751 3138 ἐκ

489 3194 759 3254 sumptas.
804 3186 868 3239 Et
898 3187 1041 3254 quod
1080 3187 1328 3242 mirabile
1371 3204 1596 3258 prorsus
1629 3197 1732 3249 est,
1762 3202 1881 3255 qua:
1913 3186 2065 3239 nobis

489 3277 560 3332 de
595 3276 723 3331 Jesu
784 3277 867 3331 lex
912 3285 966 3331 et
1006 3278 1282 3346 propheta:
1339 3286 1656 3346 argumenta
1691 3279 2063 3346 suppeditant,

487 3369 684 3426 iisdem
716 3369 954 3440 Moysem
1008 3377 1063 3423 et
1112 3369 1407 3438 prophetas
1458 3369 1861 3424 demonstratur
1896 3369 2064 3424 fuisse

493 3460 584 3515 Dei
621 3463 931 3530 prOphetas.

560 3551 671 3623 36
685 3553 775 3607 46.
801 3554 1068 3608 Caeterum
1087 3553 1170 3608 lex
1194 3554 1537 3624 etprophetae
1556 3555 1739 3610 referti
1767 3565 1887 3610 sunt
1905 3559 2066 3613 rebus

489 3645 748 3711 insolitis,
781 3663 901 3716 quae
930 3657 1057 3702 sunt
1101 3645 1342 3716 ejusdem
1389 3647 1502 3701 fere
1546 3658 1750 3703 naturae
1814 3665 1877 3704 ac
1921 3651 2064 3718 quod

489 3737 750 3804 scriptum
773 3747 856 3792 est
880 3739 946 3792 de
975 3739 1156 3807 specie
1181 3739 1448 3793 columbae
1465 3749 1517 3794 et
1541 3755 1672 3794 voce
1690 3757 1720 3795 e
1739 3740 1874 3796 coelo
1901 3741 2065 3795 missa

489 3836 616 3876 cum
650 3822 807 3878 Jesus
846 3825 1236 3893 baptizaretur.
1289 3828 1549 3896 Spiritum
1598 3839 1775 3883 autem
1818 3842 2062 3886 sanctum

490 3913 684 3977 fuisse,
713 3916 804 3983 qui
857 3919 1108 3972 tune-sub
1145 3921 1324 3988 specie
1347 3920 1609 3975 columba:
1633 3922 1778 3976 visus
1804 3933 1905 3988 est,
1939 3937 2064 3992 pro-

489 4004 624 4060 bare
650 4016 778 4076 puto
795 4004 920 4060 Jesu
950 4008 1238 4084 miracula,
1261 4026 1382 4078 quae
1404 4021 1458 4064 ut
1478 4012 2061 4077 ealumnieturCelsus,

489 4094 568 4148 ait
612 4109 673 4149 ea
700 4096 868 4150 fuisse
900 4096 967 4151 ab
995 4111 1060 4152 eo
1104 4098 1244 4152 edita
1280 4100 1493 4156 artibus
1550 4118 1687 4170 quas
1724 4106 1862 4172 apud
1891 4104 2061 4175 Egy-

485 4187 631 4255 ptios
662 4186 949 4244 didicerat.
975 4188 1088 4244 Nec
1117 4189 1184 4244 iis
1208 4191 1338 4245 solis
1389 4201 1540 4258 utar;
1575 4207 1758 4246 verum
1784 4197 1970 4256 etiam,
2006 4204 2064 4249 ut

2173 3177 2280 3230 τῶν
2312 3177 2442 3248 περὶ
2489 3177 2666 3247 Ἰησοῦ
2690 3177 3014 3244 ἀποδείξεων
3041 3180 3098 3230 ὲν
3149 3179 3295 3250 νόμῳ
3325 3180 3419 3232 καὶ
3448 3180 3749 3249 προφήταις

2171 3267 2572 3331 ἀποδείκνυται,
2593 3268 2675 3320 ὅτι
2703 3268 2798 3320 καὶ
2829 3269 3068 3338 Μωῦσῆς
3101 3270 3195 3322 καὶ
3225 3271 3274 3322 οἱ
3308 3270 3589 3341 προφῆται
3613 3267 3746 3342 ἦσαν

2173 3357 2450 3428 προφῆται
2483 3356 2577 3410 τοῦ
2607 3357 2764 3414 Θεοῦ.
2805 3377 2824 3408 ι

2244 3562 2604 3633 Πεπλήρωται
2630 3561 2685 3614 δὲ
2714 3561 2941 3632 ὁνόμος,
2975 3562 3069 3615 καὶ
3096 3562 3143 3614 οἱ
3175 3562 3474 3633 προφῆται,
3506 3562 3615 3615 τῶν
3645 3580 3746 3616 πα-

2175 3650 2485 3721 ραπλησίων
2537 3651 2854 3724 παραδόξων
2919 3651 2998 3722 τῷ
3037 3653 3416 3724 ἀναγράψαντι
3465 3653 3576 3724 (16)
3627 3655 3747 3724 περὶ

2171 3743 2262 3795 τοῦ
2303 3744 2476 3814 Ἰησοῦ
2504 3744 2654 3816 παρὰ
2688 3744 2764 3814 τῷ
2807 3745 3162 3815 βαπτίσματι,
3211 3747 3338 3816 περὶ
3371 3746 3470 3816 τῆς
3502 3763 3745 3817 περιεῖτε⁴

2174 3834 2290 3903 ρᾶς,
2326 3834 2419 3886 καὶ
2446 3834 2546 3903 τῆς
2574 3833 2872 3904 ἐξούρανοῦ
2900 3837 3102 3904 φωνῆς.
3139 3837 3370 3907 Σημεῖον
3395 3837 3452 3889 δὲ
3477 3832 3628 3908 οἶμαι
3654 3837 3746 3890 τοῦ

2168 3925 2286 3976 τότε
2316 3926 2570 3993 ὀφθέντος
2594 3927 2701 3996 (17)
2735 3926 2889 3995 ἁγίου
2924 3927 3240 3996 Πνεύματος
3262 3931 3318 3981 ὲν
3344 3930 3474 3982 εἴδει
3508 3946 3748 4001 περιστε-

2173 4017 2292 4085 ρᾶς,
2328 4017 2395 4069 τὰ
2428 4018 2534 4070 ὑπὸ
2561 4016 2656 4070 τοῦ
2696 4017 2869 4088 Ἰησοῦ
2906 4019 3182 4090 παράδοξα
3210 4023 3567 4090 γεγενημένα,
3597 4022 3748 4074 ἅτινα

2168 4108 2468 4162 διαϐάλλων
2496 4109 2721 4172 Κέλσος,
2755 4111 2918 4180 φησὶν
2951 4110 3112 4163 αὐτὸν
3143 4111 3272 4182 παρ’
3305 4112 3625 4178 Αἰγυπτίοις
3652 4127 3745 4180 με-

2173 4199 2453 4271 μαθηκότα
2489 4200 2864 4270 πεποιηκέναι.
2907 4203 3015 4254 Καὶ
3059 4202 3159 4254 οὐκ
3200 4203 3427 4264 ἐκείνοις
3469 4219 3532 4270 γε
3569 4203 3743 4273 μόνοις

487 4292 587 4347 par
631 4286 734 4342 est,
775 4278 844 4334 iis
880 4295 998 4349 quae
1037 4291 1395 4350 patraverunt
1423 4283 1550 4340 Jesu
1587 4286 1835 4354 apostoli.
1879 4287 2063 4356 Neque

2177 4292 2458 4362 χρήσομαιο
2491 4290 2626 4344 ἀλλά
2668 4290 2795 4361 γὰρ,
2835 4291 2974 4344 κατὰ
3001 4293 3060 4345 τὸ
3097 4293 3263 4356 εἰκὸς,
3303 4293 3395 4346 καὶ
3430 4288 3512 4356 οἷς
3538 4295 3586 4346 οἱ
3622 4295 3746 4348 ἀπό-

487 4368 631 4422 enim
695 4370 816 4424 sine
874 4371 1153 4427 miraculis
1199 4376 1572 4446 prodigiisque
1622 4379 1930 4446 potuissent
1981 4378 2063 4432 in-

489 4459 687 4515 ducere
747 4478 859 4528 eos,
930 4467 1129 4533 quibus
1206 4483 1398 4523 novam
1461 4471 1767 4526 doctrinam
1813 4487 2061 4540 novaque

488 4549 734 4607 instituta
771 4556 1075 4625 tradebant,
1100 4567 1161 4614 ut
1189 4559 1394 4616 relictis
1439 4564 1632 4632 patriis
1657 4564 1943 4631 institutis,
1975 4563 2057 4618 vel

561 4750 674 4817 (12)
727 4753 819 4828 Sic
871 4769 1097 4828 omnes
1145 4773 1325 4823 mss.,
1389 4769 1616 4824 excepto
1689 4759 1904 4813 Joliauo
1973 4761 2064 4828 qui

486 4827 777 4942 uirgae-ique
793 4823 952 4878 habet
978 4827 1289 4894 lectionem,
1319 4823 1653 4896 παραδόξως,
1679 4841 1731 4882 et
1753 4845 1940 4898 supra,
1957 4823 2064 4883 πα-

492 4907 523 4942 ο
591 4909 706 4942 οεα.

492 4907 706 4960 ραοοςα.

559 4961 668 5037 (15)
709 4962 1071 5037 ἀζηδὲνᾼπερὶ
1099 4966 1314 5037 ἑαυτοῦ
1346 4968 1698 5037 σύγγραμμα
1716 4973 2062 5024 καταλελοι-

487 5031 689 5106 πότος.
735 5031 869 5106 Hinc
909 5031 1050 5106 forte
1093 5036 1348 5104 colligere
1380 5031 1657 5106 es't'quain
1686 5039 1710 5093 J
1737 5057 1812 5095 rsu
1845 5040 2051 5096 Christi

489 5102 1042 5176 nomineepistolam
1100 5106 1166 5158 ad
1202 5102 1475 5173 Abgarum
1515 5102 1737 5176 'profcrt
1788 5112 2054 5168 Eusebius

486 5170 584 5251 lib.
615 5185 632 5225 l
661 5171 816 5251 flia}.
862 5173 1068 5239 ποίει,
1112 5189 1236 5243 cap.
1270 5170 1483 5251 ἥρωι
1513 5170 1732 5249 Origcni
1775 5183 2050 5251 ignotam,

487 5250 579 5316 aut
625 5243 874 5316 ab__ipso
922 5259 1021 5311 pro
1071 5247 1412 5313 supposititia
1466 5259 1520 5300 et
1576 5243 1757 5316 spuria
1796 5243 2049 5305 babitaui

485 5310 673 5384 fuisse.
705 5310 1070 5384 Hieronymus
1110 5310 1474 5373 art—Ezechiel.
1513 5310 1656 5382 χειν,
1694 5319 1763 5374 29
1797 5339 1809 5375 :
1847 5341 1865 5373 ι
1898 5321 2052 5376 Unde

484 5382 813 5460 etSalratur
836 5382 1040 5460 nullum
1075 5384 1326 5460 uolumen
1355 5388 1614 5441 doctrina:
1639 5405 1748 5444 suae
1774 5393 2051 5460 proprium

485 5451 728 5520 reliquit,
779 5455 923 5528 quod
963 5456 1016 5507 in
1052 5451 1802 5528 plerisqueapocrypborum
1850 5451 2052 5514 delira-

486 5533 665 5599 menta
695 5525 1032 5599 contingunt,
1073 5526 1166 5599 sed
1198 5525 1376 5599 Patris
1402 5537 1456 5599 et
1491 5525 1589 5582 suo
1633 5529 1836 5599 Spiritu
1866 5531 2048 5598 quoti-

487 5591 573 5670 die
614 5591 930 5670 loquitur-in
963 5597 1128 5649 corde
1176 5594 1533 5670 crcdgptlum.
1558 5618 1591 5670 il
1620 5591 1756 5654 Vide
1783 5602 1839 5655 S.
1865 5591 2048 5670 Augu-

490 5663 618 5710 stin.
648 5661 737 5713 lib.
767 5677 802 5716 ιι
849 5661 1105 5734 Retracl.,
1146 5680 1266 5738 cap.
1303 5665 1388 5735 16,
1424 5678 1478 5724 et
1515 5669 1608 5725 lib.
1641 5686 1658 5724 ι
1693 5671 1766 5724 De
1791 5661 2044 5727 consensu

2170 4381 2343 4435 στολοι
2382 4381 2475 4433 τοῦ
2525 4380 2696 4452 Ἰησοῦ
2743 4386 3126 4454 πεποιήκασιν.
3173 4385 3284 4437 Ούκ
3332 4384 3396 4438 ἂν
3445 4384 3553 4456 γάρ
3578 4386 3744 4456 χωρὶς

2166 4471 2450 4544 δυνάμεων
2484 4471 2577 4524 καὶ
2606 4472 2922 4542 παραδόξων
2949 4475 3156 4527 ἐκίνουν
3189 4476 3314 4538 τοὺς
3342 4475 3541 4528 καινῶν
3574 4475 3741 4543 λόγων

2166 4565 2258 4617 καὶ
2277 4564 2478 4617 καινῶν
2509 4563 2846 4635 μαθημάτων
2884 4566 3179 4631 ἀκούοντας
3204 4567 3337 4639 πρὸς
3354 4568 3414 4621 τὸ
3428 4567 3741 4621 καταλιπεῖν

2176 4777 2382 4830 erang.,
2419 4778 2541 4832 cap.
2594 4763 2644 4838 '_7_.
2696 4773 2748 4818 et
2803 4767 2928 4838 eod.
2961 4766 3070 4825 lib..
3090 4782 3213 4836 cap.
3270 4767 3320 4828 9.
3358 4785 3474 4838 cap.
3505 4771 3608 4831 δίς
3646 4771 3734 4826 lib.

2171 4847 2338 4910 xsutu
2372 4845 2554 4910 contra
2588 4832 2846 4910 Fqusfum
2881 4832 3258 4906 Illanicltwum,
3287 4855 3405 4910 cap.
3424 4832 3464 4894 Ἀ
3490 4854 3546 4894 et
3569 4843 3725 4910 epist.

2170 4903 2546 4974 adlCet‘etiutu
2585 4905 2826 4974 episcop.

2239 4969 2351 5041 (1.1)
2392 4971 2562 5055 Codd.
2591 4969 2788 5044 Regius
2847 4985 2903 5029 et
2950 4975 3296 5046 Basilecusis,
3338 4979 3734 5050 Χριστιανοὶδὲ

2141 5096 2146 5104 ,
2167 5056 2614 5111 μαρτυρουμενοι.

2234 5111 2346 5252 (Ιὸζ
2390 5113 2522 5192 Reg.
2550 5125 2602 5167 et
2636 5114 2983 5183 Basileensis,
3022 5120 3424 5193 ὡμολογήσατε.

2264 5183 2322 5235 lli
2389 5185 2472 5246 Τῳ
2501 5183 2934 5252 ἀναγράψαντα
2977 5191 3337 5246 Scribendum
3392 5205 3424 5242 ν

2264 5183 2345 5252 lli)
2389 5183 2472 5260 Τῷ
2501 5183 2934 5253 ἀναγράψαντα
2977 5183 3337 5246 Scr'ibenilum
3392 5189 3630 5253 videtur,
3659 5187 3736 5260 τῷ

2161 5251 2549 5322 ἀναγραφέντι,
2599 5251 2662 5306 ut
2687 5251 2833 5310 recte
2858 5272 3080 5315 monent
3105 5261 3336 5316 Guietus
3376 5271 3428 5313 et
3471 5251 3729 5313 Belle-rell

2162 5322 2483 5401 luszlbidem
2504 5323 2736 5378 Guietus
2757 5340 3043 5401 perperam
3069 5331 3356 5401 legendum
3379 5339 3566 5384 censet
3579 5326 3731 5401 παρὰ

2157 5390 2220 5445 τὸ
2239 5392 2566 5472 (βάπτισμα,
2586 5410 2687 5472 non
2717 5390 2846 5449 vero
2859 5390 3015 5472 παρὰ
3040 5390 3501 5472 τῴνβαπτίσματι.

2230 5463 2344 5538 (17)
2389 5465 2730 5538 l‘lteschelius
2772 5476 2826 5519 et
2867 5463 3195 5534 Spencerus.
3229 5471 3322 5522 τοῦ
3350 5463 3423 5522 ’τε
3451 5469 3728 5538 ὀφθέντος,

2156 5537 2248 5609 sed
2290 5549 2483 5609 omnes
2514 5536 2674 5609 codd.
2717 5551 2855 5609 ms.,_
2886 5539 2982 5592 τοῦ
3021 5541 3142 5594 τότε
3179 5540 3460 5609 ὀφθέντος,
3496 5536 3727 5594 rectius.

2154 5601 2297 5681 Infra
2328 5605 2495 5681 eddea
2523 5603 2719 5673 Regius
2743 5617 2797 5661 et
2823 5605 3171 5679 Basilecnsis,
3211 5601 3371 5681 μέχρι
3403 5601 3633 5664 θανάτου
3665 5609 3730 5662 τὸ.

2153 5671 2357 5725 τούτων
2381 5670 2652 5746 θαύματα.
