3988 6156
289 263 400 316 743

1491 259 1768 315 CONTRA
1805 257 2082 314 CELSUM
2126 256 2249 311 [ιιι.
2298 254 2337 310 l.

3437 253 3537 306 753

291 383 400 450 μὲν
448 380 515 432 τὰ
547 380 768 448 πάτρια,
799 376 1203 450 παραδέξασθαι
1229 377 1284 430 δὲ
1307 379 1443 447 μετᾶ
1482 377 1736 431 κινδύνων
1764 377 1858 430 τῶι

1976 393 2098 430 eutn
2149 389 2359 430 summo
2395 372 2585 426 mortis
2639 372 2880 441 perieulo
2937 373 3174 441 ipsorum
3225 373 3542 426 documenta

293 472 465 542 μέχρι
492 470 720 524 Θανάτου
749 469 818 522 τὰ
835 469 1038 522 τούτων
1062 469 1379 539 μαθήματα.
1408 470 1518 522 Καὶ
1535 468 1612 522 ἔτι
1637 471 1752 539 ἴχνη
1776 469 1869 522 τοῦ

282 562 450 631 ἁγίου
469 561 674 614 ἐκείνου
687 561 825 614 Πνεύ
835 577 1020 630 ματος,
1034 560 1288 629 ὀφθέντος
1309 562 1366 612 ὲν
1382 561 1508 614 εἴδει
1527 562 1868 632 περιστερᾶς,

284 653 445 725 παρὰ
478 655 821 724 Χριστιανοῖς
846 651 1093 716 σώζεται.
1136 653 1418 719 Ἐξάγουσι
1449 651 1558 721 (18)
1589 651 1868 721 δαίμονας,

281 747 384 798 καὶ
415 745 616 807 πολλὰς
649 747 818 809 ἰάσεις
844 745 1167 807 ἐπιτελοῦσι,
1187 745 1462 816 καὶὸρῶσί
1489 761 1608 796 τινα
1639 744 1778 796 κατὰ
1812 745 1870 795 τὸ

286 837 542 908 βούλημα
563 838 654 890 τοῦ
677 839 848 906 Λόγου
881 840 1007 910 περὶ
1042 838 1358 909 μελλόντων.
1409 838 1524 891 Κᾶν
1565 838 1868 908 χλευάσῃδὲ

288 928 504 991 Κέλσος
536 929 595 982 τὸ
633 928 1048 998 λεχθησόμενον,
1092 929 1122 998 ἢ
1163 929 1220 983 ὃν
1254 929 1548 999 εἰσήγαγεν
1589 927 1867 990 Ἰουδαῖος,

282 1020 445 1089 ὅμως
471 1021 761 1087 λελέξεται,
797 1025 876 1076 ὅτι
904 1023 1105 1086 πολλοὶ,
1141 1021 1380 1092 ὡσπερεὶ
1401 1023 1643 1085 ἄκοντες,
1676 1039 1871 1093 προσε-

278 1111 553 1183 ληλύθασι
581 1115 1014 1186 Χριστιανισμῷ,
1067 1114 1376 1184 πνεύματός
1403 1131 1546 1177 τινος
1574 1114 1871 1184 τρέψαντος

275 1202 467 1254 αὐτῶν
508 1203 570 1256 τὸ
612 1206 935 1274 ἡγεμονικὸν
975 1205 1236 1274 αἰφνίδιον
1271 1205 1378 1257 άπὸ
1415 1204 1507 1256 τοῦ
1560 1207 1738 1274 μισεῖν
1779 1205 1870 1257 τὸν

287 1291 457 1361 λόγον
499 1297 591 1348 ἐπὶ
631 1297 691 1348 τὸ
729 1297 1168 1368 ὑπεραποθανεῖν
1205 1296 1394 1357 αὑτοῦ,
1429 1299 1520 1348 καὶ
1565 1299 1869 1363 φαντασιω-

280 1397 482 1446 σαντος
538 1385 734 1447 αὐτοὺς
786 1385 932 1455 ῦπαρ
969 1386 1004 1454 ἢ
1061 1385 1193 1454 ῦναρ
1237 1385 1368 1456 (19).
1420 1385 1597 1438 Πολλὰ
1647 1386 1752 1458 γὰρ
1780 1389 1873 1440 καὶ

275 1473 514 1526 τοιαῦτα
551 1475 927 1545 ἱστορήσαμενο
951 1475 1104 1528 ἅτινα
1129 1475 1223 1529 ἐὰν
1251 1475 1570 1546 γράφωμεν,
1602 1477 1752 1529 αὐτοὶ
1779 1477 1874 1530 αὺ-

275 1565 402 1628 τοῖς
432 1565 834 1635 παρατυχόντες
858 1567 952 1618 καὶ
985 1567 1200 1630 ἰδόντες,
1231 1566 1444 1633 γέλωτα
1477 1566 1684 1620 πλατὺν
1711 1568 1873 1638 ὀφλή-

279 1671 460 1725 σομεν
488 1659 599 1720 τοῖς
631 1657 902 1722 ἀπίστοις,
935 1658 1201 1728 οἰομένοις
1234 1659 1376 1727 ἡμᾶς
1401 1659 1601 1728 ὁμοίως
1629 1654 1710 1722 οἷς
1737 1661 1870 1712 ὑπο-

1975 468 2433 536 atnplexarentur.
2468 465 2606 530 Quin
2637 473 2689 517 et
2721 464 3017 516 etiamnum
3043 461 3182 530 apud
3203 461 3544 516 Cltt'iStianos

1974 557 2224 612 nonnulla
2281 565 2571 625 supersunt
2620 554 2762 608 illius
2816 554 3053 622 Spiritus
3083 555 3279 621 sancti,
3332 557 3423 624 qui
3455 571 3547 609 co-

1972 647 2168 702 lumba:
2231 645 2408 714 specie
2457 643 2730 712 apparuit,
2787 643 3029 710 vestigia.
3093 639 3225 694 Nam
3281 643 3544 696 tlzctnonia

1971 738 2212 804 ejiciunt,
2273 736 2489 789 morbos
2519 744 2733 798 curant,
2795 743 2847 784 et
2891 731 3106 786 volente
3137 733 3312 786 Verbo
3366 734 3544 788 futura

1972 827 2291 894 prmvident.
2328 826 2554 879 irrideat
2589 825 2716 877 lieet
2755 825 2945 879 Celsus
2997 834 3088 880 aut
3123 824 3339 880 Judzcus
3383 839 3545 892 quem

1975 918 2297 978 introduxit,
2331 919 2470 984 quod
2502 917 2736 978 dicetur,
2788 917 2964 970 dicam
2999 919 3371 986 nihilominus,
3397 920 3543 973 mul-

1975 1019 2057 1064 tos
2099 1010 2165 1062 ad
2205 1009 2524 1076 religionem
2565 1006 2930 1061 Christianam
2968 1015 3260 1066 accessisse
3291 1011 3544 1067 velutiu-

1976 1103 2143 1155 vitos:
2179 1103 2370 1171 spiritu
2405 1101 2636 1168 quodam
2675 1111 2895 1168 repente
2929 1102 3041 1155 sive
3061 1117 3154 1170 per
3187 1105 3356 1158 visum
3381 1105 3563 1176 362‘

1975 1194 2089 1247 sive
2118 1209 2212 1261 per
2243 1194 2512 1246 soumium
2554 1191 2608 1244 in
2633 1191 2844 1245 illorum
2879 1193 3088 1247 animos
3136 1207 3327 1264 agente
3384 1210 3545 1268 atque

1976 1286 2048 1338 ita
2089 1285 2208 1338 illos
2241 1287 2579 1347 immutante,
2628 1291 2684 1336 ut
2716 1285 2856 1350 quod
2884 1282 2935 1335 in
2983 1284 3125 1338 illam
3181 1299 3546 1357 conceperant

1975 1377 2156 1428 σιιίιιιιι
2211 1378 2566 1442 deponerent,
2618 1383 2673 1428 et
2720 1389 2818 1441 pro
2875 1375 2965 1429 illa
3014 1387 3241 1433 mortem
3291 1393 3546 1450 oppetere

1977 1477 2298 1522 statuerent.
2335 1465 2500 1520 Multa
2549 1466 2814 1536 ejusmodi
2868 1468 3135 1532 novimus,
3171 1484 3292 1538 qua:
3327 1474 3373 1526 si
3411 1478 3547 1528 St'l‘i.

1976 1560 2254 1623 heremus,
2285 1558 2499 1612 tametsi
2558 1558 2768 1612 illorum
2824 1561 3022 1614 oculati
3061 1569 3224 1617 testes
3256 1563 3540 1628 fuerimus,

1975 1648 2260 1717 benignam
2307 1649 2448 1703 risus
2494 1649 2774 1703 materiam
2827 1649 3191 1718 praeberenms
3230 1651 3544 1717 incredulis,

275 1745 629 1816 λαμϐάνουσι
660 1748 810 1801 ταῦτ’
840 1750 1302 1813 ἀναπεπλακέναι,
1336 1751 1429 1803 καὶ
1465 1752 1660 1814 αὐτοὺς
1694 1751 1858 1803 πλάσ-

1967 1741 2176 1808 quinos
2197 1751 2258 1793 ex
2293 1743 2481 1794 eorum
2513 1739 2744 1809 ingeniis
2762 1738 2899 1808 quos
2921 1743 3044 1796 talia
3078 1743 3303 1798 ﬁnxisse
3322 1755 3542 1808 norunt,

276 1854 424 1891 σειν.
469 1839 628 1892 Ἀλλά
653 1839 762 1910 γὰρ
789 1840 920 1903 Θεὸς
958 1842 1166 1913 μάρτυς
1203 1841 1295 1893 τοῦ
1337 1843 1604 1912 ἡμετέρου
1637 1844 1869 1896 συνειδόο

273 1945 412 1994 τος,
461 1929 791 2002 βουλομένου
829 1935 890 1986 οὐ
930 1931 1017 1984 διὰ
1059 1932 1267 2001 ψευδῶν
1305 1935 1683 2003 ἀπαγγελιῶν,
1735 1935 1868 1988 ἀλλὰ

271 2020 372 2076 διά
406 2039 548 2084 τινος
586 2023 869 2096 ἐναργείας
911 2021 1160 2096 ποικίλης
1189 2026 1521 2080 συνιστάνειν
1552 2027 1650 2097 τὴν
1691 2028 1864 2100 Ἰησοῦ

275 2112 436 2166 θείαν
455 2113 818 2168 διδασκαλίαν.
863 2115 1014 2168 Ἐπεὶ
1041 2117 1098 2169 δὲ
1129 2118 1377 2182 Ἰουδαῖός
1407 2121 1553 2172 ἐστιν
1573 2121 1601 2172 ὁ
1623 2137 1688 2173 πε
1699 2121 1749 2190 pl.
1772 2121 1863 2173 τοῦ

273 2205 772 2276 ἀναγεγραμμένου
809 2206 964 2273 ἁγίου
1003 2208 1319 2279 Πνεύματος
1357 2211 1772 2280 κατεληλυθέναι
1808 2215 1863 2265 ἐν

276 2293 415 2347 εἴδει
455 2301 781 2368 περιστερᾶς
825 2301 962 2372 πρὸς
988 2302 1077 2354 τὸν
1119 2302 1327 2372 Ἰησοῦν
1361 2302 1605 2371 ἀπορῶν,
1643 2302 1864 2355 λεκτέον

275 2383 347 2436 ἂν
374 2384 457 2455 εἴη
494 2386 606 2457 (20)
635 2389 769 2460 πρὸς
809 2392 972 2444 αὐτόν
993 2409 1006 2423 ·
1033 2388 1104 2443 Ὦ
1138 2387 1316 2455 οὗτος,
1356 2391 1438 2454 τίς
1467 2394 1610 2445 ἐστιν
1633 2396 1663 2446 6
1695 2394 1751 2446 ὲν
1783 2394 1863 2462 τῷ

289 2473 497 2546 Ἡσαΐᾳ
529 2477 722 2546 λέγων’
765 2481 876 2534 Καὶ
908 2481 1003 2536 νῦν
1043 2481 1246 2554 Κύριος
1290 2483 1574 2536 ἀπέστειλέ
1616 2501 1683 2554 με
1727 2485 1860 2554 (2.1),

274 2566 381 2619 καὶ
421 2567 484 2619 τὸ
529 2568 750 2639 Πνεῦμα
794 2571 981 2626 αὐτοῦ.
1026 2573 1114 2625 Ἐν
1154 2567 1200 2641 ᾧ
1237 2574 1538 2642 ἀμφιϐόλου
1577 2574 1728 2638 ὄντος
1768 2576 1861 2628 τοῦ
1931 2621 1935 2628 .

277 2656 475 2725 ῥητοῦ,
514 2659 738 2730 πότερον
768 2663 807 2713 '6
849 2661 1036 2735 Πατὴρ
1071 2665 1164 2716 καὶ
1201 2664 1262 2716 τὸ
1285 2664 1440 2732 ἆγιον
1467 2664 1694 2735 Πνεῦμα
1723 2665 1859 2718 ἀπέ-

278 2747 501 2802 στειλαν
527 2749 638 2820 (22)
665 2750 756 2804 τὸν
797 2754 1024 2824 Ἰησοῦν,
1057 2755 1088 2823 ἢ
1113 2757 1140 2808 6
1159 2755 1348 2827 Πατὴρ
1377 2756 1657 2810 ἀπέστειλε
1684 2757 1776 2810 τόν
1804 2776 1860 2810 τε

276 2837 520 2907 Χριστὸν
549 2842 641 2893 καὶ
665 2843 724 2895 τὸ
748 2844 902 2912 ἅγιον
928 2845 1172 2916 Πνεῦμα,
1205 2845 1265 2898 τὸ
1295 2846 1547 2918 δεύτερόν
1569 2848 1719 2901 ἐστιν
1747 2833 1859 2918 (25)

276 2929 500 2999 ἀληθές.
526 2933 632 2984 Καὶ
654 2935 774 2986 ἐπεὶ
806 2935 1081 3006 ἀπεστάλη
1105 2939 1133 2990 6
1165 2937 1374 3007 Σωτὴρ,
1407 2934 1522 2990 εἶτα
1554 2938 1613 2992 τὸ
1639 2937 1859 3008 Πνεῦμα

275 3020 345 3073 τδ
370 3021 544 3088 ἅγιον,
587 3024 672 3076 ἵνα
699 3024 960 3096 πληρωθῇ
992 3026 1052 3078 τὸ
1075 3028 1364 3098 εἰρημένον
1400 3027 1502 3080 ὑπὸ
1534 3027 1625 3080 τοῦ
1648 3030 1853 3098 προφή-

275 3129 399 3179 του,
430 3113 597 3186 ὲχρῆν
636 3115 693 3168 δὲ
735 3116 833 3186 τὴν
858 3117 956 3187 τῆς
993 3119 1326 3189 προφητείας
1359 3119 1636 3189 πλήρωσιν
1690 3121 1858 3188 ἐγνῶ-

280 3203 412 3257 σθαι
446 3204 557 3274 (24)
591 3206 815 3268 καὶτοῖς
842 3205 989 3277 eam
1033 3209 1122 3262 διὰ
1149 3210 1306 3263 τοῦτο
1334 3212 1647 3282 ἀνέγραψαν
1673 3215 1722 3266 οἱ
1756 3215 1859 3286 Ἰη-

277 3294 378 3346 σοῦ
413 3295 651 3364 μαθηταὶ
682 3297 742 3349 τὸ
763 3300 1148 3368 γεγενημένον.

367 3383 694 3455 Ἐϐουλόμην
734 3386 777 3438 δ’
812 3387 878 3441 ἂν
918 3388 1141 3456 Κέλσῳ,
1194 3394 1740 3463 προσωποποιήσαντι
1768 3394 1856 3446 τὸν

287 3475 545 3528 Ἰουδαῖον
564 3477 999 3549 παραδεξάμενον
1026 3498 1142 3544 πως
1169 3482 1416 3553 Ἰωάννην
1433 3483 1508 3547 ὡς
1526 3484 1855 3556 Βαπτιστὴν,

277 3566 611 3634 βαπτίζοντα
649 3570 741 3622 τὸν
777 3571 1002 3640 Ἰησοῦν,
1041 3574 1232 3638 εἰπεῖν,
1281 3574 1362 3626 ὅτι
1401 3573 1460 3626 τὸ
1494 3575 1742 3646 Ἰωάννην
1769 3593 1860 3643 γε-

272 3658 493 3723 γονέναι
527 3660 855 3732 Βαπτιστὴν,
901 3665 979 3725 είς
1005 3663 1195 3732 ἄφεσιν
1224 3666 1633 3736 ἁμαρτημάτων
1661 3667 1855 3736 βαπτί-

275 3749 464 3814 ζοντα,
499 3753 771 3824 άνέγραψέ
804 3771 888 3818 τις
928 3756 1036 3808 τῶν
1072 3757 1187 3826 μετ’
1216 3757 1277 3809 οὐ
1307 3757 1441 3810 πολὺ
1469 3757 1560 3810 τοῦ
1607 3758 1852 3813 Ἰωάννου

263 3845 375 3895 καὶ
399 3843 493 3896 τοῦ
534 3845 705 3912 Ἰησοῦ
735 3850 1135 3918 γεγενημένων.
1169 3849 1256 3902 Ἐν
1282 3849 1391 3920 γὰρ
1423 3850 1500 3920 τῷ
1525 3852 1851 3905 ὀκτωκαιδε-

275 3933 432 4003 κάτῳ
448 3935 546 4005 τῆς
589 3937 887 4007 Ἰουδαϊκῆς
927 3939 1305 4009 ἀρχαιολογίας
1337 3942 1364 3992 ὁ
1404 3940 1661 4012 Ἰώσηπος
1709 3960 1850 4014 μαρ-

269 4027 434 4095 τυρεί
461 4025 538 4095 τῷ
572 4028 810 4098 Ἰωάννῃ,
839 4029 914 4091 ὡς
943 4029 1217 4101 Βαπτιστῇ
1251 4031 1617 4102 γεγενημένῳ,
1649 4034 1741 4085 καὶ
1768 4051 1856 4086 κα-

273 4115 500 4188 θάρσιον
538 4120 650 4182 τοῖς
693 4119 1118 4189 βαπτισαμένοις
1172 4120 1644 4192 ἐπαγγελλομένῳ.
1702 4124 1758 4175 '0
1809 4123 1852 4175 δ’

271 4207 459 4274 αὐτὸς,
495 4208 668 4262 καίτοι
695 4227 758 4278 γε
785 4211 1030 4264 ἀπιστῶν
1054 4211 1132 4280 τῷ
1169 4212 1341 4282 Ἰησοῦ
1358 4213 1433 4276 ὡς
1462 4213 1683 4284 Χριστῷ
1716 4213 1852 4285 (25),

1965 1831 2294 1899 iudicantes,
2329 1833 2444 1884 haec
2476 1831 2639 1884 etiam
2677 1843 2706 1882 2
2745 1833 2899 1885 nobis
2926 1831 3155 1885 conficta
3206 1847 3327 1887 esse
3351 1835 3544 1888 ἰ·κίςιί-

1969 1931 2200 1976 marent.
2234 1920 2414 1976 Testis
2457 1930 2634 1975 tamen
2661 1931 2743 1975 est
2778 1920 2938 1988 Deus,
2964 1923 3053 1975 cui
3102 1921 3301 1978 arcana
3331 1927 3546 1980 conSci-

1968 2014 2127 2067 entite
2172 2021 2370 2066 nostrae
2397 2021 2612 2080 patent,
2669 2022 2766 2067 nos
2803 2013 3039 2067 divinam
3069 2015 3195 2069 Jesu
3238 2015 3539 2072 doctrinam

1968 2119 2074 2158 non
2117 2102 2270 2157 falsis
2300 2103 2746 2167 narratiunculis,
2779 2105 2872 2157 sed
2909 2106 3072 2160 variis
3112 2106 3287 2175 iisque
3315 2109 3542 2163 eviden-

1971 2192 2111 2247 tibus
2142 2194 2479 2262 argumcnti's
2518 2192 2845 2248 conﬁrmare
2887 2195 3039 2250 Velle.
3099 2191 3364 2262 Quoniam
3407 2213 3544 2251 vero

1964 2283 2182 2338 Judaeus
2220 2293 2321 2346 est,
2350 2285 2439 2352 qui
2485 2285 2788 2338 dubitatan
2840 2285 3075 2352 Spiritus
3113 2287 3332 2342 sanctus
3359 2291 3539 2358 specie

1967 2378 2230 2428 tolumha:
2274 2377 2324 2427 i'n
2363 2373 2547 2428 Jes‘ttut
2579 2376 2941 2442 descenderit,
2976 2379 3322 2445 quaerendum
3354 2381 3422 2431 ab
3450 2380 3540 2432 illo

1967 2480 2068 2531 est,
2104 2470 2355 2536 quisnam
2397 2468 2487 2521 ille
2515 2468 2586 2522 sit
2629 2470 2722 2538 qui
2764 2471 2905 2538 apud
2941 2471 3135 2526 [Saiam
3195 2472 3264 2525 ita
3293 2489 3351 2526 se
3409 2475 3541 2528 dicit

1969 2559 2192 2611 miSSum
2238 2573 2265 2611 a
2309 2559 2567 2623 Domino,
2623 2569 2683 2614 ut
2735 2561 3046 2631 ambiguum
3099 2563 3170 2617 sit
3217 2563 3451 2618 Paterne
3483 2577 3541 2620 et

1968 2646 2202 2714 Spiritus
2233 2656 2454 2702 sanctus
2501 2651 2751 2704 miserint
2803 2650 3007 2717 Jesum,
3041 2669 3109 2706 an
3137 2646 3297 2710 Pater
3334 2657 3542 2711 miserit

1968 2734 2243 2790 Christum
2273 2745 2326 2791 et
2353 2735 2613 2806 Spiritum
2632 2749 2902 2796 sanctum.
2933 2741 3045 2797 lloc
3059 2746 3328 2812 posueritis
3351 2762 3537 2800 verum

1965 2835 2070 2880 est.
2122 2827 2191 2881 Et
2222 2828 2346 2897 quia
2403 2830 2600 2885 missus
2654 2841 2739 2886 est
2785 2833 2958 2902 primo
3004 2835 3276 2904 Salvator,
3343 2838 3540 2894 deinde

1965 2916 2202 2986 Spiritus
2235 2928 2472 2982 sanctus,
2505 2929 2565 2974 ut
2592 2925 2736 2990 quod
2760 2931 2788 2976 a
2823 2924 3082 2993 propheta
3107 2925 3310 2982 dictum
3361 2929 3538 2986 fuerat

1967 3010 2320 3080 impleretur;
2369 3013 2654 3080 oportebat
2715 3023 2892 3067 autem
2948 3025 3004 3069 ut
3072 3017 3384 3073 vaticinium
3429 3022 3534 3076 hoc

1912 3114 1927 3132 λ
1965 3103 2167 3169 posteri
2195 3101 2472 3171 impletum
2503 3105 2671 3159 fuisse
2713 3111 3140 3173 cdgn’oscerent:
3170 3111 3371 3168 ideirco
3392 3117 3533 3181 quOtl

1967 3191 2165 3246 factum
2200 3194 2395 3259 fuerat,
2426 3193 2618 3250 litteris
2645 3199 2971 3252 mandarunt
2999 3199 3130 3254 Jesu
3159 3201 3430 3274 discipul.

2033 3389 2121 3443 47.
2171 3389 2436 3444 Prtelerea
2469 3392 2732 3444 monitum
2803 3393 3084 3447 volnerim'
3119 3398 3354 3467 Celsum,
3393 3406 3536 3472 apud

1963 3496 2122 3548 quem
2185 3477 2401 3534 Judams
2478 3485 2873 3549 quodammodo
2946 3488 3180 3541 admittit
3267 3490 3451 3546 Jesum
3503 3511 3532 3547 a

1968 3567 2172 3623 Joanne
2203 3569 2442 3638 Baptista
2467 3571 2638 3624 fuisse
2667 3572 3022 3640 baptizatum,
3061 3579 3403 3647 scriptorem,
3441 3588 3532 3652 qui

1967 3675 2155 3715 recens
2178 3662 2244 3716 ab
2262 3671 2419 3716 :etate
2450 3660 2672 3716 Joannis
2701 3671 2754 3716 et
2795 3661 2921 3717 Jesu
2971 3666 3087 3730 fuit,
3126 3666 3347 3725 Joannis
3383 3686 3537 3728 men-

1963 3751 2164 3807 tionem
2191 3751 2386 3807 fecisse
2416 3761 2472 3806 et
2505 3752 2758 3822 baptismi
2793 3755 2861 3806 ab
2881 3757 3070 3811 eodem
3089 3759 3140 3811 in
3162 3762 3531 3820 remissionem

1961 3856 2307 3916 peccatorum
2369 3847 2566 3904 collati.
2618 3845 2752 3902 Nam
2799 3849 3088 3919 Joseplms,
3139 3854 3277 3910 lihro
3321 3856 3532 3914 decimo

1959 3947 2151 3992 octavo
2189 3938 2592 4007 Antiquitatum,
2627 3947 2855 3995 testatur
2875 3941 3134 3998 Joannem
3166 3944 3332 4003 fuisse
3359 3951 3534 4020 bapti-

1962 4025 2345 4098 Stam,quique
2379 4028 2466 4094 iis,
2489 4027 2579 4098 qui
2605 4029 2931 4099 baptismum
2965 4037 3288 4105 reciperent,
3315 4040 3534 4108 pollice-

1960 4121 2124 4175 batur
2182 4120 2296 4175 lore
2331 4129 2390 4175 ut
2436 4135 2622 4175 eorum
2677 4132 2900 4190 peccata
2963 4123 3322 4182 diluerentur.
3359 4128 3528 4197 Idem,

1960 4212 2416 4283 quamvis‘lesum
2462 4227 2560 4282 pro
2605 4212 2827 4267 Christo
2873 4229 2978 4267 non
3013 4228 3354 4286 agnosceret,
3397 4225 3526 4279 dum

348 4345 461 4420 (18)
514 4346 855 4420 ἶεξάγεουσι.
885 4346 960 4420 lt_a
987 4347 1145 4401 codd.
1181 4345 1386 4420 Regius
1411 4355 1466 4420 et
1494 4346 1844 4420 Basileensis.
1882 4354 1924 4407 Ι)
1955 4349 2098 4420 Idem
2118 4343 2554 4420 habetOrigenes
2575 4347 2627 4400 in
2650 4363 2768 4417 cap.
2793 4363 2894 4420 aut
2928 4347 3339 4420 Matthnratque
3355 4367 3422 4408 ex
3444 4355 3527 4410 his

276 4415 624 4472 Hmschelius
661 4415 872 4478 veroet
907 4415 1236 4486 Spencerus,
1271 4416 1610 4486 ὲξεπᾴδουσι,
1654 4417 1845 4484 sicque

275 4486 475 4554 reliqui
501 4502 658 4549 mss.,
684 4488 843 4540 modo
871 4487 1114 4554 ettcipias
1139 4496 1375 4540 veterem
1402 4486 1726 4541 Vaticanum
1755 4490 1844 4555 qui

275 4555 333 4611 in
377 4555 626 4625 margine
663 4556 844 4621 habet,
877 4556 1273 4624 κατεξάγουσικ
1310 4555 1442 4612 Vide
1485 4569 1642 4612 notas
1685 4571 1846 4624 supra

272 4627 345 4682 ad
373 4641 523 4680 num.
553 4627 611 4679 2.

346 4696 469 4767 (19)-
503 4696 724 4767 "Tuae
752 4694 791 4762 ἣ
821 4693 1008 4767 ⁸ῥίναι).
1058 4693 1262 4767 Confer
1317 4709 1440 4767 quae
1496 4697 1565 4749 de
1610 4695 1846 4767 Basilide

274 4762 916 4835 scripSitEusehiuslib.
950 4779 1025 4835 vl,
1049 4779 1168 4835 cap.
1207 4765 1261 4835 5,
1311 4765 1514 4820 Hister.
1549 4765 1676 4818 eccl.
1716 4765 1845 4818 Vitle

274 4836 443 4904 etiam
462 4833 739 4904 Cypriani
785 4833 994 4904 epistol.
1032 4833 1132 4904 10,—
1150 4834 1216 4888 ad
1259 4835 1488 4904 clerum,
1521 4844 1653 4894 etc.;
1681 4839 1842 4904 epist.

274 4902 332 4967 8,
352 4900 442 4968 δι,
459 4900 548 4966 54,
565 4900 618 4958 et
641 4903 798 4970 epist.
820 4900 993 4973 69,,ad
1013 4903 1341 4958 Florentium
1359 4903 1658 4972 Pupianum
1680 4921 1696 4970 ;
1716 4900 1848 4958 Ter-

279 4973 546 5044 tull.,_l)e
590 4971 1090 5044 spectaculis,_cap.
1133 4973 1236 5039 26;
1287 4971 1672 5044 Deidalojatn
1723 4991 1845 5044 cap.

276 5042 384 5106 25;
420 5041 511 5165 90¢
558 5041 842 5110 virginibus
883 5042 1152 5106 vetandis,
1205 5057 1329 5112 cap.
1373 5042 1477 5108 27,
1524 5042 1602 5098 De
1648 5041 1848 5106 artium,

276 5124 397 5165 can.
459 5147 475 5164 .

276 5124 397 5165 CIID.
420 5124 475 5165 υ.

343 5127 760 5253 ἱξῶἰιὶεκτέον
800 5178 878 5235 ἂν
920 5183 1036 5248 εἴη.
1072 5182 1130 5237 1η
1177 5181 1338 5238 codd.
1394 5179 1530 5249 Reg.
1578 5188 1634 5236 et
1684 5180 1849 5236 Basil.

274 5249 428 5323 deest
441 5249 447 5250 ⁷
459 5249 654 5323 ἆν-είη.

349 5321 460 5392 (21)
501 5319 842 5392 Hmschelius
877 5321 930 5374 in
959 5331 1106 5376 textu
1133 5319 1564 5392 ﬁﬁéc‘taxxéips.

346 5391 456 5464 (22)
496 5391 644 5448 Idem
678 5391 1013 5464 intnargine,
1046 5391 1389 5464 ἀπέστειλαν.
1431 5391 1633 5445 Omnes
1667 5397 1847 5444 tamen

275 5460 446 5516 nostri
474 5461 828 5528 manuscripti
860 5460 1174 5513 ἀπέστειλε.

365 5532 455 5599 25)
505 5533 722 5586 Ἐστίν.
757 5531 920 5585 Deest
953 5531 1007 5586 in
1035 5531 1197 5599 Regio
1227 5538 1281 5584 et
1309 5529 1625 5599 Basileensi.

365 5533 433 5586 25
505 5533 722 5586 Ἐστίν.
757 5533 920 5585 Deest
953 5533 1007 5586 in
1035 5533 1197 5599 Regio
1227 5538 1281 5584 et
1309 5533 1625 5584 Basileensi.

496 5603 694 5678 Regius
721 5609 775 5654 et
804 5598 1538 5678 Ιξιιεὶιοεειείεηάνεγνῶσραιι.
1602 5671 1642 5678 __
1791 5667 1816 5678 _

345 5669 459 5744 (25)
495 5669 777 5742 Καίτοιγε
814 5669 1089 5726 ἀπιστῶν
1122 5669 1201 5736 τῷ
1259 5669 1452 5736 Ἰησοῦ
1477 5669 1555 5734 ὡς
1593 5669 1842 5737 Χριστῷ.

588 5773 856 5829 l’n'nOL.
903 5769 1017 5830 Gn.
1069 5767 1172 5829 ΧΙ.
1219 5855 1224 5863 Ι

1957 4417 2310 4472 duobuslocis
2335 4417 2598 4484 colligunt
2618 4418 2862 4471 nonnulli
2887 4418 3060 4471 critici
3084 4417 3352 4475 celebrem
3379 4424 3528 4478 illum

1955 4487 2175 4563 Josephi
2243 4489 2308 4540 de
2340 4483 2728 4563 ξεεμίοιιιίειος
2755 4489 2932 4542 locum
2981 4488 3071 4563 lib.
3136 4503 3267 4563 xvtu
3311 4491 3530 4563 Ἀντείᾳ..

1958 4572 2078 4629 cap.
2110 4559 2166 4621 4,
2197 4555 2480 4629 pag._6il,
2509 4569 2572 4607 ea
2607 4566 2766 4611 actate
2809 4567 2902 4629 aut
2931 4560 3170 4611 nomium
3203 4555 3257 4611 in
3302 4555 3526 4629 Josephi

1961 4626 2110 4680 Ilbl‘lS
2153 4627 2449 4684 exsitisse,
2501 4635 2596 4678 aut
2635 4629 2678 4677 si
2721 4628 3013 4686 exstiterit.
3069 4644 3166 4693 pro
3213 4626 3526 4686 adulterino

1959 4695 2200 4749 habitum
2257 4695 2456 4757 fuisse;
2511 4709 2685 4764 neque
2735 4697 2903 4755 enim,
2940 4697 3213 4765 inquiunt,
3247 4700 3290 4750 si
3326 4710 3421 4754 aut
3467 4718 3529 4754 ea

1952 4775 2113 4820 atate
2130 4765 2532 4834 exstitissetaut
2553 4780 2649 4832 pro
2666 4765 2910 4834 legitimo
2929 4767 3152 4819 habitus
3175 4767 3365 4823 fuisset
3381 4771 3532 4824 locus

1955 4835 2007 4887 in
2035 4849 2142 4909 quo
2168 4834 2323 4909 Jesus
2341 4848 2436 4901 pro
2452 4833 2670 4909 Christo
2693 4833 3026 4909 agnoscitur,
3047 4835 3313 4909 Origenes
3330 4855 3497 4909 negas
3519 4873 3528 4881 ε

1953 4903 2227 4959 setJesum
2247 4919 2274 4955 a
2291 4901 2524 4969 Josepho
2541 4916 2597 4956 ut
2616 4901 2860 4957 Mess-iam
2877 4906 3114 4972 agnitum
3135 4901 3533 4964 ﬁtisse.0bser-

1955 4986 2085 5028 vant
2119 4976 2342 5042 insuper
2375 4973 2655 5026 silentium
2686 4983 2928 5026 veterum
2961 4977 3242 5042 omnium,
3276 4981 3365 5042 qui
3399 4989 3528 5033 ante

1957 5044 2244 5097 Eusebium
2291 5043 2476 5094 vixere
2518 5051 2574 5094 et
2617 5059 2683 5096 ex
2728 5044 2974 5109 professo
3004 5045 3266 5101 adversus
3308 5047 3526 5102 Judzcos

1959 5114 2316 5178 scripserunt.
2343 5111 2494 5176 Licet
2545 5113 2686 5164 enim
2729 5111 2943 5180 Josephi
2992 5114 3162 5170 libros
3195 5130 3528 5180 memorent,

1960 5185 2063 5236 hoc
2089 5193 2264 5235 tamen
2293 5183 2359 5254 de
2381 5181 2507 5234 Jesu
2535 5183 2902 5254 testimonium
2931 5199 3211 5252 nunquam
3241 5196 3526 5254 usurpant,

1959 5267 2066 5304 non
2097 5251 2377 5313 omissuri,
2409 5259 2476 5320 ut
2497 5253 2734 5313 videtur,
2784 5253 2829 5305 si
2881 5261 3011 5306 tunc
3066 5251 3330 5320 temporis
3373 5251 3528 5306 inter

1956 5319 2126 5390 ipsius
2150 5334 2312 5390 opera
2344 5319 2664 5374 exstitisset.
2696 5322 2903 5389 Reponi
2933 5332 3107 5388 potest
3133 5319 3195 5374 in,
3217 5324 3371 5376 Actis
3394 5338 3528 5375 san-

1955 5393 2026 5443 cti
2073 5389 2261 5444 Donati
2310 5390 2689 5442 'l‘hmuitarum
2743 5391 2986 5458 episc0pi
3035 5391 3122 5444 die
3156 5404 3268 5444 uti
3323 5391 3447 5443 Maii
3495 5406 3524 5442 a

1953 5462 2422 5514 continuatoribus
2464 5459 2706 5512 Bollandi
2737 5457 2942 5521 relatis,
2978 5457 3081 5525 legi
3131 5459 3274 5512 hunc
3301 5458 3527 5525 Josephi

1952 5531 2150 5584 locum.
2183 5531 2289 5584 Sed
2316 5545 2419 5582 ιιοιι
2454 5537 2670 5583 constat
2703 5528 2966 5594 ejusmodi
3010 5530 3270 5580 Actorum
3301 5529 3530 5582 sinceri-

1955 5612 2059 5654 tas.
2131 5600 2260 5652 Utut
2300 5609 2402 5662 est,
2451 5597 2687 5651 Joannes
2717 5596 2916 5648 Malala
2950 5597 3001 5648 in
3030 5611 3127 5649 sua
3145 5595 3523 5662 Chronoluqiu,

1955 5687 2076 5739 pag.
2109 5669 2231 5734 519,
2271 5669 2494 5738 Josephi
2542 5665 2907 5720 testimonium
2956 5668 3034 5719 sic
3082 5669 3247 5720 rel'ert
3280 5685 3294 5718 :
3327 5662 3526 5727 Καθὼς

3103 5762 3178 5818 at
