3988 6156
482 269 593 326 747

492 488 547 535 et
580 478 833 547 templum
871 475 986 529 solo
1003 482 1296 542 aequatum,
1335 484 1443 522 non
1475 468 1606 522 dicit
1642 466 1887 536 quidem,
1918 465 2061 547 quod

494 546 932 625 dicereidebuit,
963 562 1014 614 in
1066 572 1225 613 causa
1272 557 1438 609 fuisse
1486 552 1734 616 insidias,
1768 563 1902 619 quas
1936 546 2058 602 Jesu

493 664 831 718 struxerant,
883 659 1224 717 mortemque
1253 661 1415 715 quam
1464 642 1679 698 Christo
1714 656 1743 694 a
1785 639 2063 708 prephetis

491 749 759 820 promisso
819 742 1147 806 intulerant;
1203 740 1299 794 sed
1356 748 1537 790 tamen
1598 732 1754 802 quasi
1800 730 2059 785 invitusa

491 818 721 893 veritate
764 848 877 888 non
910 830 1140 885 multum
1180 828 1403 883 recedit.
1428 826 1519 880 Ait
1543 824 1685 880 enim
1720 824 1836 877 haec
1865 818 2062 873 Judaeis

491 929 810 1000 contigisse,
835 923 995 997 363
1013 932 1070 975 ut
1092 919 1328 975 Jacobus
1352 918 1564 982 Justus,
1601 914 1692 984 qui
1749 914 1918 967 frater
1946 918 2064 964 erat

488 1022 619 1081 Jesu
651 1022 744 1091 qui
772 1020 1069 1075 vocabatur
1097 1014 1366 1076 Christus,
1384 1009 1781 1069 vindicaretur;
1807 1002 2062 1091 quoniam

486 1114 857 1186 iustissimum
890 1110 1042 1165 illum
1081 1106 1257 1161 virum
1289 1099 1694 1158 interfecerant.
1719 1095 1952 1150 Jacobus
1976 1090 2065 1145 ille

491 1184 576 1263 est
600 1218 759 1273 quem
774 1200 997 1263 Paulus,
1022 1211 1185 1251 verus
1207 1192 1333 1248 Jesu
1353 1188 1672 1258 discipulus,
1696 1187 1769 1239 ait
1793 1199 1850 1239 sc
1865 1184 2065 1236 vidisse

489 1306 553 1352 ut
581 1296 801 1350 fratrem
859 1288 1072 1344 Domini
1104 1286 1147 1352 l*;
1186 1285 1410 1339 fratrem
1455 1288 1657 1342 autem,
1707 1291 1816 1331 non
1860 1284 1967 1328 tam
1995 1274 2065 1325 ob

492 1380 779 1452 sanguinis
797 1376 1176 1447 cognationem
1195 1382 1646 1437 communemque
1664 1366 1902 1432 ipsorum
1930 1362 2064 1417 edu—

492 1475 786 1534 eationem,
828 1483 989 1538 quam
1039 1463 1110 1519 ob
1150 1476 1332 1518 mores
1376 1471 1431 1515 et
1459 1458 1782 1514 doctrinam.
1835 1453 1892 1508 Si
1936 1465 2067 1522 ergo

498 1564 633 1620 dicit
683 1560 893 1616 excisas
931 1565 1150 1628 propter
1182 1554 1439 1610 Jacobum
1486 1552 1654 1604 fuisse
1680 1546 2062 1615 Jerosolymas,

488 1671 596 1711 cur
648 1670 755 1708 non
785 1649 945 1704 fuerit
974 1646 1169 1702 rationi
1218 1646 1390 1715 magis
1418 1648 1841 1696 consentaneum
1886 1637 2065 1691 dicere

496 1749 552 1805 id
588 1746 852 1803 accidisse
902 1751 1121 1813 prOpter
1157 1738 1341 1795 Jesum
1375 1736 1467 1806 qui
1495 1735 1746 1789 Christus
1769 1733 1891 1787 est?
1914 1730 2067 1797 cujus

494 1836 803 1894 divinitatis
846 1843 1009 1890 testes
1041 1839 1167 1887 sunt
1199 1836 1275 1884 tot
1307 1826 1551 1882 ecclesiae
1585 1823 1886 1888 hominum,
1911 1821 2002 1887 qui
2036 1835 2063 1872 a

497 1928 752 1983 vitiorum
781 1924 1010 1982 colluvie
1036 1921 1248 1985 aversi,
1291 1915 1568 1973 Conditori
1625 1930 1686 1969 se
1740 1922 1883 1968 totos
1915 1911 2066 1965 addi-

498 2026 651 2085 cunt,
681 2025 736 2072 et
770 2016 827 2070 in
865 2012 1121 2069 omnibus
1154 2008 1231 2063 illi
1256 2005 1470 2076 placere
1512 2001 1749 2057 student.

573 2199 660 2254 48.
689 2193 804 2250 Etsi
838 2191 998 2262 igitur
1024 2202 1130 2243 non
1162 2183 1384 2241 habebit
1410 2180 1631 2237 Judaeus
1661 2190 1768 2246 quo
1795 2172 2065 2229 Ezechie—

502 2292 604 2347 lem
636 2298 690 2343 et
714 2286 907 2341 Isaiam
942 2280 1214 2343 defendat,
1255 2275 1384 2345 quia
1412 2288 1530 2343 quae
1561 2272 1717 2326 nobis
1750 2270 1817 2323 de
1867 2266 2068 2335 apertis

498 2381 623 2439 Jesu
653 2379 805 2434 cmlis
830 2384 885 2431 et
914 2373 1100 2429 audita
1124 2381 1258 2424 voce
1286 2366 1508 2433 obiecit,
1538 2364 1731 2418 eadem
1761 2371 1855 2415 aut
1885 2360 1955 2413 iis
1990 2358 2067 2413 si-

501 2472 651 2527 milia
682 2471 738 2525 in
763 2468 870 2521 illis
899 2472 993 2518 aut
1036 2463 1089 2516 in
1124 2460 1232 2513 alio
1262 2456 1522 2526 quopiam
1554 2452 1815 2522 propheta
1858 2449 2068 2517 reperi-

498 2579 641 2630 mus;
675 2574 771 2615 nos
799 2564 948 2613 certe
993 2561 1256 2625 quantum
1298 2549 1351 2603 in
1391 2545 1547 2603 nobis
1580 2553 1666 2600 est
1711 2557 1932 2597 causam
1971 2556 2068 2594 no-

494 2666 671 2710 stram
711 2648 985 2705 tuebimur
1010 2684 1026 2709 ,
1067 2642 1313 2698 dicentes
1340 2678 1355 2702 ,
1413 2635 1871 2706 quemadmodum
1928 2634 2067 2702 apud

499 2759 709 2808 omnes,
738 2742 829 2811 qui
862 2737 1151 2793 admittunt
1173 2730 1602 2793 Providentiam,
1631 2728 1686 2781 in
1710 2726 1961 2781 confesso
1989 2737 2071 2779 cst

501 2837 557 2891 in
590 2832 776 2889 multis
810 2844 905 2901 per
930 2824 1224 2887 somnium,
1254 2821 1367 2875 sive
1394 2819 1701 2889 perspicue,
1730 2817 1847 2872 sive
1866 2815 2067 2870 subob-

501 2937 679 2989 scure,
710 2916 947 2989 imprimi
966 2916 1106 2977 visa,
1130 2912 1375 2982 quaedam
1406 2909 1471 2963 de
1494 2909 1655 2963 rebus
1678 2908 1893 2972 divinis,
1926 2920 2072 2974 quae-

1934 254 2257 309 ORIGENIS

389 424 393 428 ι
489 386 722 459 inquirit
758 401 862 455 qua
921 384 986 437 de
1020 393 1177 435 causa
1213 378 1563 447 Jerosolymre
1606 390 1805 431 eversae
1860 372 2057 427 fuerint

2176 367 2337 439 ζητῶν
2369 367 2463 437 τὴν
2500 367 2677 419 αἰτίαν
2708 367 2803 435 τῆς
2834 366 2941 418 τῶν
2968 365 3351 437 Ἰεροσολύμων
3368 365 3627 430 πτώσεως
3648 368 3739 421 καὶ

3636 253 3740 307 743

2162 461 2260 531 τῆς
2287 459 2379 512 τοῦ
2411 458 2538 512 ναοῦ
2570 458 2959 528 καθαιρέσεως
2992 459 3110 511 δέον
3150 459 3312 511 αὑτὸν
3357 460 3553 521 εἰπεῖν,
3594 460 3676 512 ὅτι
3703 464 3735 530 ἡ

2164 551 2303 604 κατὰ
2347 551 2441 604 τοῦ
2498 549 2673 619 Ἰησοῦ
2729 550 2992 621 ἐπιϐουλὴ
3020 551 3225 603 τούτων
3259 550 3407 603 αἰτία
3432 551 3623 618 γέγονε
3665 552 3740 623 τῷ

2162 643 2294 713 λαῷ,
2328 643 2448 695 ἐπεὶ
2475 642 2800 695 ἀπέκτειναν
2835 641 2923 694 τὸν
2940 641 3413 712 προφητευόμενον
3439 641 3697 712 Χριστόνο
3714 648 3741 697 ὁ

2162 736 2240 798 δὲ,
2275 736 2368 788 καὶ
2395 734 2582 805 ὥσπερ
2607 733 2754 786 ἄκων
2780 733 2840 785 οὐ
2879 732 3095 803 μακρὰν
3116 734 3213 803 τῆς
3241 732 3498 802 ἀληθείας
3516 734 3639 800 γενό
3651 751 3741 802 με-

2164 843 2287 894 νος,
2333 825 2467 897 φησὶ
2498 825 2671 877 ταῦτα
2712 824 3112 895 συμϐεϐηκέναι
3162 824 3274 893 (26)
3311 828 3422 887 τοῖς
3468 826 3741 887 Ἰουδαίοις

2165 920 2285 971 κατ’
2319 916 2596 986 ἐκδίκησιν
2637 916 2893 969 Ἰακώϐου
2933 916 3024 969 τοῦ
3060 916 3300 980 δικαίου,
3336 916 3395 978 ὂς
3426 911 3495 986 ἦν
3520 914 3740 983 ἀδελφὸς

2178 1007 2352 1079 Ἰησοῦ
2382 1007 2477 1061 τοῦ
2497 1007 2788 1077 λεγομένου
2809 1007 3065 1078 Χριστοῦ·
3083 1008 3377 1079 ἐπειδήπερ
3404 1008 3737 1062 δικαιότατον

2165 1100 2325 1152 αὐτὸν
2351 1099 2478 1153 ὄντα
2502 1099 2849 1152 ἀπέκτειναν.
2884 1099 2986 1152 Τὸν
3005 1099 3061 1151 δὲ
3087 1099 3339 1152 Ἰάκωϐον
3365 1100 3598 1151 τοῦτονὸ
3642 1101 3729 1168 Ἰη-

2168 1195 2261 1248 σοῦ
2283 1195 2503 1263 γνήσιος
2520 1191 2764 1262 μαθητὴς
2782 1189 2993 1253 Παῦλος
3008 1189 3169 1260 φησὶν
3190 1190 3491 1261 ἑωρακέναι
3507 1190 3583 1252 ὡς
3594 1190 3737 1243 ἀδελ-

2168 1287 2263 1356 φὺν
2295 1285 2387 1338 τοῦ
2430 1284 2671 1355 Κυρίου,
2716 1284 2774 1335 οὺ
2823 1281 3074 1334 τοσοῦτον
3106 1282 3194 1333 διὰ
3232 1282 3293 1333 τὸ
3333 1281 3471 1351 πρὸς
3512 1281 3737 1351 αἵματος

2169 1377 2427 1445 συγγενὲς
2470 1374 2581 1445 (27)
2617 1374 2649 1443 ἦ
2681 1374 2779 1442 τὴν
2808 1374 2996 1443 κοινὴν
3036 1372 3215 1426 αὐτῶν
3252 1372 3581 1445 ἀνατροφὴν,
3619 1373 3736 1425 ὅσον

2166 1468 2252 1521 διὰ
2275 1468 2335 1520 τὸ
2362 1462 2492 1536 ἦθος
2507 1465 2598 1518 καὶ
2616 1465 2707 1517 τὸν
2723 1464 2898 1532 λόγον.
2922 1464 3052 1515 Είπε
3064 1481 3091 1534 ρ
3107 1459 3197 1516 οῦν
3220 1463 3305 1516 διὰ
3337 1464 3587 1518 Ἰάκωϐον
3605 1482 3665 1516 συ
3674 1482 3736 1534 μ-

2168 1559 2455 1632 ϐεϐηκέναι
2483 1558 2629 1626 λέγει
2650 1560 2760 1621 τοῖς
2795 1556 3065 1619 Ἰουδαίοις
3088 1556 3155 1608 τὰ
3173 1557 3314 1609 κατὰ
3342 1557 3441 1624 τὴν
3467 1558 3739 1626 ἐρήμωσιν

2166 1652 2267 1720 τῆς
2306 1650 2681 1721 Ἰερουσαλὴμ,
2724 1647 2840 1710 πῶς
2870 1647 2989 1716 οὐχὶ
3025 1646 3388 1716 εὐλογώτερον
3410 1647 3496 1699 διὰ
3537 1647 3739 1717 Ἰησοῦν

2167 1744 2257 1797 τὸν
2288 1742 2521 1813 Χριστὸν
2544 1740 2702 1793 τοῦτο
2732 1742 2960 1806 φάσκειν
2986 1742 3299 1806 γεγονέναι;
3334 1732 3394 1791 οὗ
3420 1740 3517 1808 τῆς
3544 1738 3742 1807 θειότη-

2165 1854 2256 1898 τος
2293 1835 2565 1904 μάρτυρες
2602 1834 2659 1884 αἱ
2701 1832 2961 1884 τοσαῦται
3017 1830 3126 1883 τῶν
3172 1830 3586 1900 μεταϐαλόντων
3639 1830 3741 1882 ἀπὸ

2166 1929 2263 1999 τῆς
2298 1927 2507 1998 χύσεως
2544 1924 2652 1977 τῶν
2697 1923 2883 1976 κακῶν
2924 1922 3237 1992 ἐκκλησίαι,
3282 1923 3373 1974 καὶ
3421 1922 3739 1992 ἠρτημένων

2168 2020 2259 2073 τοῦ
2281 2024 2353 2090 Δη
2364 2015 2643 2089 μιουργοῦ,
2674 2017 2767 2069 καὶ
2792 2015 2946 2068 πάντ’
2968 2014 3347 2085 ἀναφερόντων
3369 2016 3460 2067 ἐπὶ
3485 2015 3583 2085 τὴν
3612 2014 3741 2084 7:99»;

2169 2110 2371 2161 ἐκεῖνον
2400 2108 2710 2177 ἀρέσκειαν.

2239 2200 2300 2250 El
2330 2198 2421 2251 καὶ
2454 2195 2526 2265 μὴ
2555 2194 2951 2264 ἀπολογήσεται
2990 2188 3082 2246 οῦν
3130 2194 3156 2243 ὁ
3203 2193 3453 2255 Ἰουδαῖος
3485 2192 3612 2262 περὶ
3650 2191 3740 2243 Ἰε⁹

2170 2288 2357 2359 ζεκιὴλ
2376 2289 2471 2340 καὶ
2511 2287 2753 2349 Ἡσαΐου,
2779 2284 3220 2337 κοινοποιούντων
3241 2284 3394 2354 ἡμῶν
3416 2282 3484 2335 τὰ
3504 2281 3744 2353 περὶτῆς

2170 2378 2423 2442 ἀνοίξεως
2455 2377 2562 2430 τῶν
2590 2374 2834 2446 οὐρανῶν
2864 2377 2956 2428 ἐπὶ
2997 2374 3170 2445 Ἰησοῦ
3199 2376 3294 2428 καὶ
3325 2375 3424 2443 τῆς
3467 2371 3743 2427 ἀκουσθεί-

2173 2484 2271 2535 σης
2305 2466 2453 2535 αὐτῷ
2486 2466 2691 2534 φωνῆς,
2737 2466 2831 2517 καὶ
2860 2466 2931 2518 τὰ
2970 2465 3129 2535 ὅμοια
3162 2463 3525 2534 εὑρισκόντων
3572 2465 3629 2516 ἐν
3668 2462 3743 2532 τῷ

2184 2555 2439 2626 Ἰεζεκιὴλ
2466 2555 2949 2627 ἀναγεγραμμένα,
2986 2556 3073 2607 καὶ
3109 2557 3166 2608 ἐν
3217 2555 3293 2624 τῷ
3337 2555 3532 2623 Ἡσαΐᾳ
3571 2554 3604 2624 ἢ
3653 2554 3743 2606 καί

2170 2665 2275 2701 τινι
2304 2647 2447 2717 ἄλλῳ
2473 2647 2747 2717 προφήτῃο
2780 2648 2942 2716 ἡμεῖς
2970 2663 3033 2714 γε
3065 2646 3156 2698 τὸν
3185 2645 3361 2713 λόγον,
3393 2647 3491 2715 ὅση
3522 2644 3743 2714 δύναμις

2171 2742 2319 2810 ἡμῖν,
2352 2739 2796 2809 παραστήσομεν,
2827 2738 3095 2805 λέγοντες,
3119 2739 3201 2791 ὅτι
3237 2738 3425 2809 ῶσπερ
3470 2739 3604 2810 ὄναρ
3648 2755 3743 2790 πε-

2172 2831 2455 2883 πίστευται
2488 2828 2715 2891 πολλοὺς
2751 2827 3266 2897 πεφαντασιῶσθαι,
3312 2829 3431 2883 τινὰ
3478 2830 3575 2899 μὲν
3610 2829 3746 2882 θειό-

2170 2937 2326 2991 τερα,
2347 2920 2467 2973 τινά
2487 2919 2541 2971 δὲ
2562 2936 2629 2971 πε
2638 2918 2689 2989 ρὶ
2718 2918 3015 2989 μελλόντων
3038 2919 3303 2989 βιωτικῶν
3326 2920 3742 2987 ἀναγγέλλοντα,

484 3015 630 3069 .dam
660 3011 727 3065 de
766 3007 963 3061 futuris
998 3019 1120 3073 qua:
1155 3002 1223 3057 ad
1270 3002 1411 3055 hanc
1438 2999 1605 3052 vitam
1640 2998 1951 3066 pertinent;
1999 2996 2067 3047 ita

2176 3012 2281 3064 εῐτε
2313 3010 2521 3079 σαφῶς,
2556 3009 2667 3062 εἴτε
2698 3011 2788 3063 καὶ
2820 3010 2884 3062 δι’
2915 3011 3274 3081 αἰνιγμάτων,
3308 3011 3398 3064 καὶ
3419 3010 3559 3064 τοῦτ’
3591 3012 3747 3082 ἐναρ-

503 3102 642 3160 nihil
674 3098 894 3154 absurdi
926 3109 1067 3157 esse,
1100 3110 1205 3164 qua
1239 3094 1293 3147 vi
1324 3107 1422 3162 per
1463 3088 1982 3153 somnium,.eadem
2016 3097 2069 3141 et

506 3210 603 3266 per
631 3191 870 3260 vigiliam
900 3188 1023 3241 visa
1052 3182 1304 3253 insculpi,
1330 3197 1450 3252 qua:
1485 3190 1577 3236 aut
1605 3181 1680 3234 illi
1710 3181 1927 3251 ipsicui
1966 3181 2070 3233 tri-

507 3288 769 3347 buuntur,
795 3278 1025 3351 prosint,
1053 3286 1146 3331 aut
1182 3275 1308 3340 illis,
1339 3274 1536 3343 quibus
1576 3282 1659 3327 est
1698 3284 2067 3326 enarraturus.

504 3379 573 3433 Et
588 3379 730 3433 sicut
754 3388 848 3444 per
872 3370 1142 3426 somnium
1162 3366 1320 3422 nobis
1336 3365 1582 3421 videmur
1608 3365 1831 3435 pulsatis
1848 3366 2070 3419 auribus

507 3469 717 3533 audire,
740 3475 798 3521 et
822 3476 1049 3520 cernere
1087 3458 1292 3523 oculis,
1330 3457 1547 3512 tametsi
1589 3472 1689 3511 uec
1723 3472 1881 3511 aures
1906 3496 1922 3522 ,
1973 3472 2073 3511 nec

508 3563 669 3627 oculi,
689 3560 781 3616 sed
807 3558 919 3614 sola
944 3571 1097 3610 mens
1120 3561 1361 3623 permota
1394 3550 1577 3614 fuerit;
1600 3551 1676 3603 sic
1698 3550 1829 3603 nihil
1851 3550 2069 3604 absurdi

506 3652 826 3716 fuerit,'hoc
853 3650 995 3703 idem
1024 3645 1286 3700 accidisse
1317 3641 1616 3713 prophetis,
1651 3640 1858 3708 quoties
1887 3639 2073 3705 legun-

510 3756 598 3798 tur
624 3751 718 3795 aut
760 3738 1068 3809 prodigiosa
1103 3733 1349 3803 quaedam
1404 3730 1627 3797 vidisse,
1662 3738 1757 3783 aut
1800 3730 2073 3783 audivisse

510 3834 724 3890 Domini
755 3832 944 3893 verba,
979 3836 1074 3882 aut
1106 3825 1271 3882 ccelos
1298 3831 1517 3892 apertos
1558 3821 1723 3878 fuisse
1751 3821 2070 3890 conspicati.

582 3929 606 3961 δ
628 3926 800 3980 Galat.
827 3941 864 3988 ι,
898 3924 984 3977 19.

2175 3102 2268 3169 γές
2297 3102 2412 3153 ἐστι
2452 3102 2602 3172 παρὰ
2633 3103 2766 3155 πᾶσι
2805 3104 2918 3165 τοῖς
2953 3103 3419 3174 παραδεξαμένοις
3460 3102 3739 3173 Πρόνοιαν·

2175 3193 2317 3246 οῦτω
2346 3194 2398 3244 τί
2441 3194 2661 3256 ἄτοπον,
2711 3194 2769 3245 τὸ
2810 3194 3013 3246 τυποῦν
3061 3193 3172 3263 (28)
3218 3194 3297 3249 τὸ,
3324 3192 3644 3265 ἡγεμονικὸν
3690 3198 3744 3248 ἐν

2176 3286 2387 3357 ὀνείρῳ,
2406 3286 2663 3340 δύνασθαι
2686 3287 2816 3339 αὐτὸ
2838 3286 3037 3341 τυποῦν
3067 3287 3160 3340 καὶ
3185 3286 3330 3357 ῦπαρ
3361 3287 3497 3356 πρὸς
3523 3287 3583 3339 τὸ
3612 3288 3742 3359 χρή-

2179 3394 2333 3447 σιμον
2359 3377 2437 3448 τῷ
2469 3380 2525 3430 ἐν
2552 3372 2596 3444 ᾧ
2621 3377 2906 3441 τυποῦται,
2939 3377 2973 3448 ἢ
3002 3380 3112 3441 τοῖς
3157 3378 3282 3448 παρ’
3313 3376 3476 3430 αὑτοῦ
3519 3380 3742 3431 ἀκουσο⁹

2182 3466 2399 3535 μένοις;
2460 3466 2569 3518 Καὶ
2628 3464 2813 3536 ὥσπερ
2876 3467 3169 3535 φαντασίαν
3222 3465 3567 3536 λαμϐάνομεν
3620 3468 3741 3536 ὄναρ

2180 3555 2415 3620 ἀκούειν,
2460 3556 2553 3609 καὶ
2587 3556 2923 3627 πλήσσεσθαι
2950 3556 3047 3627 τὴν
3096 3555 3357 3626 αἰσθητὴν
3407 3558 3518 3626 (29)
3556 3557 3740 3627 ἀκοὴν,

2180 3646 2273 3699 καὶ
2296 3647 2427 3716 ὁρᾷν
2454 3647 2520 3698 δι’
2548 3646 2861 3718 ὀφθαλμῶν,
2891 3647 3013 3701 οὔτε
3037 3649 3146 3700 τῶν
3168 3649 3261 3700 τοῦ
3287 3647 3534 3717 σώματος
3563 3647 3745 3715 ὀφθαλο

2183 3735 2317 3805 μῶν,
2356 3734 2479 3788 οὔτε
2504 3737 2604 3807 τῆς
2641 3737 2811 3807 ἀκοῆς
2838 3737 3237 3809 πλησσομένης,
3270 3738 3405 3792 ἀλλά
3430 3736 3524 3789 τοῦ
3550 3738 3745 3807 ἠγεμο-

2179 3825 2327 3879 νικοῦ
2348 3826 2520 3881 ταῦτα
2551 3827 2869 3899 πάσχοντος·
2904 3829 3073 3894 οὕτως
3093 3830 3242 3883 οὐδὲν
3270 3830 3471 3884 ἄτοπον
3487 3869 3502 3894 ,
3526 3828 3746 3882 τοιαῦτα

522 4021 781 4090 Ἰώσηπος
809 4018 838 4069 ὁ
855 4014 1129 4090 ΔἙϐραίων
1146 4009 1648 4090 μφιλόσοφοςᾲταῦτα
1696 4011 2066 4090 συνεγράψατο

2176 4012 2368 4090 profert
2402 4027 2432 4067 e
2480 4011 2735 4090 Syncello
2760 4012 2846 4090 vel
2891 4026 2921 4066 e
2961 4013 3264 4090 codicibus
3296 4012 3519 4090 Josephi
3580 4030 3739 4090 manu

510 4082 746 4163 εἰρηκὼς
785 4082 1104 4169 καὶφτοῦντοΛ·
1142 4084 1223 4136 ὅτι
1263 4082 2067 4169 ἐξότεῆἰίουδαξοᾷἐσταύρωσαν

2176 4084 2401 4169 exaratis
2427 4082 2622 4169 quac'in
2652 4084 2811 4137 editis
2833 4083 2973 4169 haud
2994 4092 3226 4169 essunt.
3249 4082 3743 4169 lp‘se'eli‘am‘Chry:

521 4151 748 4236 Ἰησοῦν,
783 4157 841 4218 ὃς
877 4152 945 4236 ᾖν
991 4154 1273 4236 ἄνθρωπος
1305 4151 1521 4236 alapas
1543 4152 1635 4203 καὶ
1657 4152 1881 4236 δίκαιος,
1914 4154 2069 4236 ᾖττερ

510 4220 619 4293 ἄρα
646 4220 742 4282 τὸν
768 4220 1007 4280 τοιοῦτον
1046 4220 1326 4293 ἄνθρωπον
1353 4222 1435 4293 δεῖ
1468 4221 1644 4293 λέγειν
1692 4222 1785 4293 καὶ
1816 4220 1889 4289 μὴ
1917 4220 2069 4293 Θεὸν,

509 4289 610 4354 οὗκ
648 4293 1109 4367 ἐξέλειψενίὸδύνη
1148 4289 1215 4367 ἐκ
1246 4292 1343 4367 τῆς
1378 4290 1651 4367 ’Ἰουδαίας
1678 4290 1893 4367 λώρᾳς.
1941 4289 1993 4344 Id
2026 4289 2074 4367 si

513 4360 704 4424 verum
730 4360 985 4433 est,'quid
1038 4360 1129 4417 fiet
1183 4363 1253 4417 de
1285 4360 1531 4433 Origene
1567 4369 1621 4433 et
1678 4360 1913 4414 Eusebio
1978 4360 2070 4433 qui

2170 4161 2439 4224 sostonitts
2464 4154 2516 4206 in
2547 4152 2764 4224 Joanu.,
2797 4168 2917 4224 cap.
2951 4154 3003 4215 l,
3038 4154 3221 4206 liomil.
3252 4152 3345 4207 1‘2:
3374 4155 3483 4206 Καὶ
3514 4155 3624 4224 γὰρ
3650 4152 3745 4208 καὶ

2170 4221 2198 4271 ὁ
2242 4220 2502 4294 Ἱῶσηπος
2530 4226 2593 4293 τῇ
2628 4222 2816 4294 τούτου
2849 4222 3159 4294 (Ἰωάννου)
3193 4224 3416 4294 τελευτῇ
3458 4220 3549 4277 τὸν
3593 4220 3747 4294 ῖπρλε-

2179 4306 2276 4364 μον
2312 4290 2601 4360 λογίζεται,
2639 4292 2706 4364 δι’
2726 4292 2973 4364 ,αὐτόν-τε
2998 4293 3231 4345 δείκνυσι
3252 4290 3573 4364 μηδὲπὸλιν
3605 4290 3743 4348 εἶναι

2176 4357 2433 4436 τήν-ποτε
2471 4362 2806 4436 μητρόπολιν
2852 4357 3035 4436 οὖσαν,
3078 4357 3468 4436 καὶ-μακροὺς
3513 4364 3747 4436 συνείρει

509 4417 1187 4494 Judieoi'umcalamitates
1213 4417 1720 4501 voluntuJosepbum
1752 4445 1853 4486 non
1901 4417 2067 4485 ascri-

2178 4417 2307 4501 πὲρὶ
2335 4417 2499 4483 αὑτοῦ
2529 4417 2717 4501 λόγους
2743 4417 3053 4501 ἐγκωμίων.
3081 4433 3148 4483 At
3184 4417 3412 4488 Hieroclis
3445 4417 3745 4489 exercitum

510 4510 689 4575 risisse
721 4505 849 4559 Jesu
878 4504 1100 4575 Christi,
1134 4505 1231 4557 sed
1254 4502 1444 4575 Jacobi
1481 4500 1637 4575 neci}

586 4578 696 4647 (26)
736 4574 891 4641 Φησὶ
909 4572 1094 4626 ταῦτα
1113 4567 1739 4647 ξυμϐεϐηκέναε.-Ιάειη
1770 4567 2077 4647 lt_abet_0ri-

515 4637 688 4713 genes
711 4637 870 4696 libfu
895 4637 1315 4713 contrq_Cels_iim
1350 4656 1497 4692 num.
1528 4637 1636 4713 l5;
1658 4638 1855 4713 Euseb.
1893 4638 1989 4713 lib.
2013 4655 2051 4692 ιι

523 4706 841 4774 Hist.eccl.,
888 4727 1008 4777 cap.
1046 4710 1150 4770 25;
1198 4708 1557 4778 Hieronymus
1597 4706 1842 4778 Catalog.
1888 4709 2074 4771 script.

516 4773 875 4842 ecclesiastic.,
904 4773 1021 4845 cap.
1056 4779 1091 4831 2
1113 4788 1161 4831 et
1191 4779 1224 4831 5
1252 4795 1266 4841 ;
1298 4773 1490 4830 Suidas
1515 4778 1566 4828 in
1602 4790 1733 4828 voce
1774 4773 2032 4845 Ἰώσηπος
2054 4793 2067 4806 ·

522 4852 678 4904 hodie
716 4866 839 4901 veru
872 4850 923 4901 in
950 4847 1165 4914 Just-plu
1194 4846 1465 4901 codicibus
1493 4845 1624 4899 nihil
1656 4845 2074 4914 siuiileﬂreperi-

520 4932 624 4973 tur.
666 4918 888 4970 Huetius
932 4912 1226 4970 Demonsir.
1273 4932 1483 4982 evang.,
1520 4930 1639 4982 pag.
1688 4914 1778 4976 5|,
1824 4912 1912 4978 52,
1946 4928 2075 4966 cou-

518 4989 692 5041 tendit
738 4987 841 5038 lioc
874 4986 1235 5037 testiinonium
1273 4994 1328 5037 et
1356 4986 1457 5037 alia
1489 4982 1707 5050 Joseplii
1751 4984 1865 5036 loca
1893 4997 2013 5050 qua:
2043 4998 2072 5035 a

520 5056 793 5109 veteribus
817 5055 1102 5107 laudantur
1134 5069 1230 5107 nec
1262 5054 1421 5108 hodie
1451 5055 1810 5121 reperiuntur,
1831 5052 2074 5107 aJudwis

520 5127 687 5178 fuisse
707 5138 881 5188 erasa;
898 5133 1082 5175 contra
1100 5123 1428 5185 Blmulellus,
1451 5123 1544 5177 lib.
1568 5139 1583 5177 ι
1600 5122 1674 5174 De
1692 5122 1928 5190 Sibyllis,
1952 5137 2069 5189 cap.

519 5199 572 5259 7,
601 5194 789 5247 eadem
835 5193 1003 5245 fuisse
1028 5206 1057 5243 a
1094 5191 1424 5245 Christianis
1454 5194 1505 5245 in
1534 5192 1699 5244 libros
1728 5190 1946 5260 Josephi
1986 5193 2073 5245 in—

518 5275 685 5318 serta.
732 5260 992 5315 Neutrum
1047 5262 1179 5313 mihi
1230 5262 1286 5312 ﬁt
1335 5261 1651 5322 verisimile,
1688 5262 1779 5315 sed
1825 5266 2071 5314 videmus

517 5335 719 5401 passim
745 5334 811 5386 ab
838 5334 901 5385 iis
928 5330 1017 5397 qui
1044 5332 1335 5401 scriptores
1364 5331 1599 5395 laudant,
1629 5331 1925 5401 sententias
1957 5330 2071 5383 illo-

523 5398 638 5455 rum
668 5402 811 5455 malo
852 5402 1099 5468 exemplo
1141 5400 1337 5452 mutari
1377 5410 1430 5452 et
1457 5401 1793 5467 interpolari.
1824 5398 2065 5464 Orosius,

514 5473 665 5526 verbi
700 5472 895 5539 gratia,
929 5470 1021 5527 lib.
1057 5485 1149 5532 vtl,
1182 5486 1230 5522 c.
1268 5468 1320 5530 6,
1354 5484 1420 5522 ex
1454 5468 1671 5537 Joseplii
1704 5470 2068 5539 refertexpnl-

506 5556 606 5594 sos
645 5538 809 5593 lloma
840 5556 867 5592 a
905 5540 1124 5594 Claudio
1153 5541 1477 5607 imperatore
1501 5540 1785 5592 universos
1802 5538 2068 5591 Christia-

512 5625 637 5663 nos.
683 5610 833 5673 Quod
864 5611 914 5662 in
947 5610 1105 5663 editis
1131 5610 1326 5662 frustra
1363 5608 1661 5677 quaesieris.
1688 5608 1902 5661 lsaacus
1932 5607 2065 5660 Vos-

521 5681 633 5731 sius
667 5679 802 5731 liliro
831 5682 893 5731 de
923 5696 1023 5732 nx
1069 5679 1455 5748 Interpretibus
1502 5680 1622 5732 hinc
1660 5680 1779 5731 iii-2c
1822 5681 2060 5746 ιιιι.ι·ι1;ιιιι

2183 4501 2442 4563 deletum,
2492 4518 2597 4554 non
2638 4501 3067 4569 Hierosolymam
3110 4516 3357 4556 eversam
3410 4502 3481 4556 ob
3523 4502 3746 4558 Joannis

2181 4570 2379 4639 credem
2405 4572 2603 4625 scribit
2628 4570 2894 4636 Josephus
2916 4570 3016 4624 ‘lib.
3052 4586 3186 4625 xviii
3221 4571 3507 4638 Aniiqui‘L,
3540 4588 3658 4639 cap.
3692 4573 3744 4637 7,

2181 4649 2236 4709 p_.
2274 4637 2397 4709 626.
2428 4641 2519 4695 Sic
2566 4640 2707 4694 forte
2740 4641 3001 4709 origenes
3035 4650 3089 4693 et
3131 4642 3218 4693 alii
3255 4637 3377 4694 cum
3412 4644 3554 4709 apud
3588 4637 3738 4698 Jose-

2178 4704 2345 4783 phum
2372 4707 2469 4783 l_i_b.
2496 4724 2743 4783 _xx,_cap.
2776 4704 3121 4783 8,'legis_seut
3147 4710 3332 4764 Jacobi
3366 4704 3595 4783 mortem
3627 4712 3742 4782 plu-

2180 4774 2731 4849 ribusdisplicuisse,
2770 4774 2957 4849 postea
2996 4780 3147 4845 lapsu
3181 4780 3460 4834 memoria:
3482 4774 3741 4849 putarunt

2176 4839 2472 4921 Josephuni
2510 4848 2672 4921 etiam
2703 4839 2893 4921 Jacobi
2922 4839 3350 4921 neci-excidium
3386 4839 3742 4921 Jerosolymi-

2178 4920 2364 4984 tanum
2421 4920 2763 4984 ascripsisse.
2813 4915 3064 4971 Clemens
3101 4918 3508 4973 Alexandrinus
3546 4915 3744 4974 asserit

2173 4982 2392 5059 quidem
2433 4982 2579 5059 robe:
2610 4985 2878 5059 Ἰουδαίων
2924 4984 3198 5057 ἔμφρονας
3246 4986 3493 5052 δοξάζειν
3542 4989 3741 5059 ταύτην

2173 5044 2317 5172 ῗῖνῆι
2341 5052 2442 5174 Ιτὴν
2466 5044 2664 5119 αἰτίαν,
2701 5058 2795 5111 sed
2831 5044 3124 5125 Jose'pl'ium
3159 5044 3604 5114 disert-ls'verbis
3639 5044 3740 5111 no'n

2195 5136 2279 5174 aut
2304 5138 2330 5173 a
2366 5160 2381 5174 .

2195 5136 2381 5175 ειιιιιειι.

2244 5191 2356 5262 (27)
2386 5193 2490 5265 Διά
2525 5194 2588 5247 τὸ
2616 5195 2764 5263 πρὸς
2788 5196 3034 5263 αἵματος
3073 5196 3382 5265 συγγενές.
3435 5196 3569 5251 Vide
3603 5197 3743 5251 Vos-

2170 5265 2385 5334 siuni_in
2418 5264 2806 5320 Dissertatione
2837 5268 2911 5318 De
2939 5281 3123 5333 genere
3141 5264 3271 5319 Iesu
3296 5266 3515 5329 Christi,
3543 5280 3663 5334 cap.
3688 5268 3739 5319 6.

2239 5331 2352 5405 (28)
2392 5334 2461 5388 Τὸ
2490 5333 2723 5405 τυποῦν
2744 5374 2760 5401 ,
2809 5331 3042 5405 εῐιεςδίο
3066 5347 3213 5388 recte
3248 5352 3376 5389 mss.
3408 5331 3743 5405 Hceschelius

2169 5405 2395 5475 vero__in
2440 5414 2621 5475 textu,
2670 5404 2733 5475 τὸ
2781 5404 3051 5457 τυποῦντα
3079 5405 3140 5455 τὸ
3183 5406 3531 5475 ἡγεμονικόν.
3580 5404 3740 5457 Paulo

2168 5482 2290 5543 post
2308 5473 2642 5529 llueschelius
2664 5474 2728 5527 ad
2753 5475 3050 5543 margiuem
3082 5484 3135 5528 et
3155 5473 3462 5541 spencerus
3493 5476 3544 5527 iu
3571 5483 3738 5537 le.\tn,

2167 5537 2303 5615 ῖιτρὸς
2327 5544 2387 5595 τὸ
2412 5545 2679 5615 χρήσιμον
2707 5542 2800 5615 τοῦ
2834 5537 2900 5596 ἐν
2920 5537 2964 5611 ᾧ
2988 5537 3270 5615 τυςιτοῦται.

2238 5616 2349 5681 (‘29)
2378 5612 2695 5679 Aibflnz‘ﬁr.
2736 5614 2829 5667 Sic
2868 5629 2993 5668 mss.
3035 5612 3170 5667 Edili
3209 5628 3355 5677 vero,
3393 5612 3733 5683 αἰσθητικήν.
