3988 6156
258 287 368 344 749
1455 292 1634 348 CON'I‘
1644 294 1730 346 ΒΛ
1768 293 1833 348 Ci

1928 292 2041 348 SUM
2080 293 2208 348 LIB.
2242 292 2283 348 1.
3401 300 3503 352 750

257 405 540 476 γεγονέναι
571 406 664 458 ἐπὶ
692 405 800 458 τῶν
835 407 1148 478 προφητῶν,
1178 408 1265 460 ὅτε
1289 409 1701 479 ἀναγέγραπται
1737 411 1832 461 ἑω-

1933 407 2125 480 ,Νοηυε
2163 409 2307 462 enim
2358 408 2596 462 arbitror
2626 424 2847 462 necesse
2877 425 2997 464 esse
3046 420 3294 479 apertum
3341 413 3505 469 fuerit

261 499 490 569 ρακέναι
521 498 644 551 τινὰ
672 501 869 562 αὑτοὺς
897 500 1321 571 παραδοξότερα,
1361 501 1392 570 ῆ
1424 502 1716 570 ἀκηκοέναι
1748 503 1833 553 λό-

1937 501 2193 554 sensibile
2219 501 2320 554 hoc
2344 499 2540 553 coelum
2577 508 2670 552 aut
2694 500 2813 569 ejus
2847 516 3040 572 corpus
3073 504 3281 566 fissum.
3309 516 3369 559 ut
3392 507 3506 560 haec

259 605 393 656 γους
422 590 650 660 Κυρίου,
684 590 715 661 ἢ
738 590 1136 660 τεθεωρηκέναι
1157 593 1417 662 οὐρανοὺς
1437 593 1831 662 ἀνοιγομένους.

1937 589 2182 644 Ezechiel
2213 588 2452 643 scribere
2479 588 2738 656 potuerit.
2777 589 2909 644 Vide
2941 607 3071 659 ergo
3113 610 3177 646 ne
3226 594 3368 648 forte
3403 594 3504 651 hoc

269 677 414 746 Ἐγὼ
458 679 566 750 γὰρ
605 681 704 750 οὑχ
757 671 1124 751 ὑπολαμϐάνω
1174 683 1265 735 τὸν
1312 683 1565 754 αἰσθητὸν
1611 683 1834 755 οὐρανὸν

1934 680 2095 734 etiam
2130 680 2309 744 modo,
2341 680 2482 747 quod
2507 679 2568 732 de
2594 678 2876 735 Salvatorc
2907 694 3182 748 narratur,
3209 686 3506 756 intelligere

254 769 550 840 ἀνεῷχθαι,
573 772 739 825 καὶτὸ
762 772 920 843 σῶμα
940 773 1104 827 αὑτοῦ
1124 775 1340 842 ἀνοιγνύ
1349 793 1505 844 μενον
1524 775 1829 846 διῃρῆσθαι,

1936 769 2188 845 debeant,
2223 770 2310 836 qui
2343 770 2638 837 prudenter
2667 769 3018 839 Evangelium
3052 774 3233 842 legunt
3265 793 3278 829 :
3316 793 3507 845 quam-

257 861 348 914 ἵνα
375 861 667 934 ἀναγράψῃ
699 862 758 916 τὸ
785 863 1023 917 τοιοῦτον
1065 865 1340 935 Ἰεζεκιήλ.
1371 866 1582 936 Μήποτ’
1617 861 1708 917 οὑν
1742 869 1832 920 καὶ

1933 859 2017 912 vis
2051 859 2103 912 id
2128 858 2384 912 seandalo
2417 873 2538 910 esse
2571 858 2741 926 possit
2793 861 3230 930 simplicioribus,
3279 869 3370 935 qui
3409 885 3505 938 pro

251 952 348 1005 ἐπὶ
363 953 465 1005 ’τοῦ
495 955 744 1023 Σωτῆρος
768 954 858 1006 τὸν
887 953 1160 1024 φρονίμως
1187 955 1451 1008 ἀκούοντα
1471 955 1577 1008 τῶν
1595 957 1826 1024 Εὑαγγε-

1935 963 1996 1002 ea
2023 963 2126 1016 qua
2157 958 2284 1002 sunt
2328 948 2674 1017 simplicitate
2703 990 2719 1014 ,
2766 955 3024 1006 mundum
3057 956 3218 1009 istum
3264 973 3505 1014 commo-

245 1042 384 1096 λίων
414 1044 474 1097 τὸ
501 1046 683 1114 ὅμοιον
715 1045 1013 1109 ἐκδεκτέονς
1045 1045 1147 1098 κᾶν
1173 1047 1488 1118 προσκόπτῃ
1513 1045 1573 1097 τὸ
1597 1047 1820 1099 τοιοῦτοι

1938 1051 2083 1105 vent,
2126 1041 2396 1109 totiusque
2444 1042 2566 1095 caeli
2598 1059 2796 1112 corpus
2841 1056 3178 1113 compactum
3227 1051 3503 1108 scindunt.

249 1141 365 1200 τοῖς
411 1138 816 1210 ἁπλουστέροις.
853 1141 902 1192 οἳ
948 1140 1032 1193 διὰ
1075 1139 1274 1211 πολλὴν
1309 1140 1583 1210 ἁπλότητα
1625 1141 1824 1194 κινοῦσι

1938 1130 2041 1186 Sed
2068 1132 2158 1200 qui
2191 1133 2353 1186 altius
2383 1134 2497 1187 hazr.
2525 1133 2687 1206 364
2721 1135 3024 1201 rimabitur,
3058 1139 3103 1191 is
3134 1139 3276 1194 dicet
3312 1157 3506 1211 quem-

249 1229 345 1283 τὸν
374 1231 602 1300 κόσμον,
635 1231 910 1300 σχίζοντες
932 1233 993 1284 τὸ
1022 1231 1334 1302 τηλικοῦτον
1363 1231 1518 1302 σῶμα
1561 1233 1824 1302 ἡνωμένοι

1937 1225 2059 1276 dam
2090 1238 2154 1276 ex
2186 1225 2472 1293 Scriptura
2496 1226 2806 1293 generalem
2838 1244 2959 1284 esse
2986 1243 3204 1284 sensum
3235 1234 3501 1302 divinum,

247 1319 348 1373 τοῦ
404 1323 604 1384 παντὸς
653 1322 903 1393 ούρανοῦ.
959 1325 1014 1375 Ὀ
1055 1323 1112 1374 δὲ
1161 1323 1452 1392 βαθύτερον
1491 1324 1552 1375 τὸ
1602 1325 1822 1376 τοιοῦτοι

1935 1326 2095 1379 quem
2133 1311 2280 1364 solus
2307 1313 2497 1367 beatus
2532 1314 2772 1368 invenire
2818 1318 3009 1379 novit,
3056 1321 3197 1374 sicut
3245 1323 3504 1378 Salomon

247 1410 526 1475 ἐξετάζων
566 1415 712 1484 ἐρεῖ,
765 1414 846 1466 ὅτι
895 1412 1098 1482 οὔσης,
1131 1414 1206 1476 ὡς
1245 1417 1277 1483 ἡ
1325 1414 1514 1484 Γραφὴ
1561 1415 1822 1484 ὠνόμασε,

1937 1403 2012 1455 ait
2042 1423 2052 1458 :
2087 1421 2105 1451 ι
2138 1401 2366 1456 Sensum
2398 1403 2635 1456 divinum
2665 1405 2904 1458 invenies
2924 1408 2968 1472 5;
3004 1428 3021 1460 ι
3051 1424 3284 1477 cumque
3312 1427 3504 1467 sensus

247 1501 408 1566 θείας
439 1503 582 1567 τινὸς
607 1505 826 1573 γενικῆς
852 1504 1173 1574 αἰσθήσεως,
1209 1505 1274 1574 ἣν
1309 1505 1465 1574 μόνος
1504 1509 1531 1557 ὀ
1568 1507 1822 1577 μακάριος

1936 1493 2096 1559 hujus
2127 1495 2332 1562 species
2361 1495 2504 1559 sint,
2554 1496 2702 1550 visus
2739 1510 2894 1564 aptus
2940 1498 3006 1550 ad
3060 1503 3505 1571 contemplandas

243 1594 505 1664 εὑρίσκει
536 1595 635 1664 ’ήδη
685 1596 814 1664 (50),
851 1595 992 1649 κατὰ
1022 1596 1082 1647 τὸ
1115 1595 1399 1665 λεγόμενον
1440 1598 1530 1649 καὶ
1563 1597 1712 1668 παρά
1757 1597 1818 1667 τᾷ

1937 1601 2024 1640 res
2052 1585 2372 1654 corporibus
2403 1589 2829 1656 prtestantiores,
2871 1599 2929 1643 ut
2955 1591 3237 1645 cherubim
3273 1602 3322 1647 et
3352 1608 3505 1648 sera-

248 1683 582 1754 Σολομῶντι,
612 1685 692 1738 ὃτι
723 1705 739 1735 ι
783 1684 1041 1754 Αἴσθησιν
1072 1687 1218 1739 θείαν
1246 1689 1515 1758 εὑρήσεις·
1554 1708 1572 1740 ι
1605 1689 1696 1742 καὶ
1741 1690 1823 1742 ὄν-

1936 1677 2104 1744 pbim;
2135 1677 2352 1732 auditus
2375 1679 2464 1746 qui
2489 1693 2648 1733 voces
2681 1681 2863 1748 capiat
2910 1681 3044 1736 alias
3087 1685 3154 1738 ab
3187 1685 3252 1739 iis
3297 1701 3417 1753 quae
3449 1687 3504 1740 in

245 1792 361 1827 των
393 1774 550 1828 εἰδῶν
571 1776 772 1844 ταύτης
792 1777 892 1846 τῆς
918 1777 1239 1847 αίσθήσεως,
1265 1780 1504 1850 ὁράσεως
1527 1782 1820 1849 πεφυκυίας

1934 1781 2059 1822 aere
2088 1768 2408 1834 formantur;
2435 1779 2642 1838 gustus,
2677 1772 2758 1825 cui
2787 1773 2939 1840 panis
2981 1774 3132 1829 vivus
3163 1785 3217 1828 et
3265 1775 3332 1830 de
3366 1777 3502 1832 cutio

250 1865 476 1935 βλέπειν
501 1867 569 1919 τὰ
602 1869 880 1936 κρείττονα
916 1868 1179 1937 σωμάτων
1209 1870 1525 1940 πράγματα,
1555 1873 1611 1924 ἐν
1635 1868 1713 1935 οἷς
1741 1873 1825 1945 δη-

1935 1859 2186 1928 delapsus
2216 1859 2486 1927 vitamque
2518 1863 2718 1915 mundo
2747 1864 3038 1938 conferens
3064 1867 3238 1935 sapiat
3269 1867 3309 1933 ‘;
3359 1868 3502 1924 olfa-

249 1956 444 2010 λοῦται
470 1957 537 2010 τὰ
561 1959 879 2030 χερουὸὶμῆ
914 1960 982 2014 τὰ
1011 1964 1266 2033 σεραφίμ’
1300 1965 1392 2016 καὶ
1422 1964 1588 2033 ἀκοῆς
1617 1965 1824 2037 ἀντιλη-

1933 1957 2074 2010 ctus,
2105 1949 2195 2017 qui
2240 1949 2355 2003 haec
2388 1949 2469 2003 vel
2503 1949 2590 2002 illa
2635 1951 2893 2006 odoretur
2942 1969 3009 2008 ex
3054 1958 3254 2023 quibus
3295 1959 3500 2016 Christi

250 2051 455 2119 πτικῆς
487 2051 598 2121 (51)
625 2054 817 2120 φωνῶν
858 2053 978 2122 οὐχὶ
1011 2055 1067 2105 έν
1092 2055 1212 2123 ἀέρι
1238 2055 1335 2125 τὴν
1355 2055 1538 2108 οὐσίαν
1568 2057 1824 2126 ἐχουσῶν

1933 2039 2132 2093 bonum
2159 2039 2382 2094 odorem
2429 2040 2540 2095 Deo
2573 2039 2766 2096 Paulus
2797 2059 2855 2097 se
2886 2059 3006 2099 esse
3037 2046 3169 2102 dicit
3205 2049 3262 2113 ⁷;
3319 2059 3499 2106 tactus

250 2141 347 2191 καὶ
375 2139 614 2208 γεύσεως
645 2146 933 2213 χρωμένης
960 2144 1108 2216 ἄρτῳ
1138 2143 1319 2210 ζῶντι,
1357 2147 1448 2199 καὶ
1499 2147 1559 2210 ἐξ
1597 2149 1825 2219 ούρανοῦ

1933 2132 2184 2200 denique,
2217 2132 2429 2198 qualem
2460 2133 2922 2199 habuitJoannes,
2949 2138 3036 2205 qui
3067 2139 3142 2192 ait
3170 2155 3229 2194 se
3255 2143 3501 2199 manibus

244 2230 647 2303 καταϐεϐηκότι
666 2273 680 2296 ,
710 2238 802 2287 καὶ
829 2235 971 2306 ζωὴν
1000 2236 1189 2289 διδόντι
1223 2237 1299 2306 τῷ
1323 2239 1529 2308 κόσμῳ*
1577 2239 1748 2304 οὕτως
1773 2243 1819 2294 δὲ

1933 2220 2161 2275 Verbum
2197 2221 2319 2274 vita:
2345 2231 2714 2277 contrectasse
2742 2224 2784 2289 ⁸;
2820 2224 3008 2280 beatos
3039 2229 3345 2296 prophetas,
3377 2246 3499 2285 cum

247 2320 347 2372 καὶ
369 2323 686 2392 ὀσφρήσεως
713 2325 1139 2395 ὀσφραινομένης
1159 2326 1399 2390 τοιῶνδε,
1431 2328 1564 2380 καθὸ
1591 2331 1822 2400 Χριστοῦ

1931 2313 2168 2366 divinum
2209 2313 2354 2367 illum
2383 2330 2602 2370 sensum
2633 2317 2864 2371 assecuti
2897 2328 3118 2382 essent,
3164 2331 3325 2386 atque
3365 2324 3501 2378 adeo

242 2412 448 2466 εὑωδία
486 2414 631 2482 λέγει
664 2412 898 2485 εἶναιτῷ
931 2416 1048 2486 Θεῷ
1083 2417 1310 2480 Παῦλος·
1349 2419 1442 2470 καὶ
1481 2419 1624 2489 ἁφῆς
1649 2459 1662 2482 ,
1705 2423 1817 2474 καθ

1929 2403 2110 2458 divine
2138 2406 2408 2471 viderent,
2437 2408 2618 2463 divine
2647 2409 2890 2463 audirent
2915 2449 2931 2474 ,
2971 2409 3152 2463 divine
3193 2422 3495 2480 gustarent,

241 2503 317 2572 ἢν
363 2505 612 2573 Ἰωάννης
636 2506 766 2574 φησὶ
790 2507 909 2566 ταῖς
939 2505 1122 2574 χερσὶν
1150 2505 1553 2575 ὲψηλαφηκέναι
1584 2507 1712 2577 περὶ
1734 2508 1816 2560 toi

1927 2506 1982 2548 et
2010 2496 2304 2552 olfacerem
2337 2516 2521 2566 sensu,
2558 2509 2617 2552 ut
2657 2501 2726 2553 ita
2762 2499 2974 2569 loquar,
3023 2514 3212 2554 sensus
3246 2513 3496 2570 experte,

242 2593 426 2659 Λόγου
451 2593 548 2662 τῆς
572 2593 737 2663 ζωῆς·
769 2595 818 2645 ot
851 2594 1107 2664 μακάριοι
1127 2596 1418 2664 προφῆται,
1447 2596 1544 2663 τὴν
1576 2595 1726 2648 θείαν
1746 2597 1817 2648 ai-

1925 2595 1982 2638 ct
2003 2585 2106 2640 ﬁde
2137 2587 2366 2642 Verbum
2400 2591 2470 2642 ita
2505 2599 2806 2658 tangerent,
2838 2602 2893 2644 ut
2923 2591 3040 2659 ejus
3067 2591 3357 2646 deﬂuvium
3385 2610 3499 2649 ma-

247 2680 446 2749 σθησιν
474 2681 744 2751 εὑρόντες,
781 2682 874 2734 καὶ
907 2681 1190 2750 βλέποντες
1210 2683 1385 2745 θείως,
1415 2684 1508 2735 καὶ
1540 2683 1822 2748 ἀκούοντες

1930 2687 2086 2751 naret
2118 2679 2168 2731 in
2198 2679 2344 2747 ipsos
2369 2682 2656 2734 sanitatem
2688 2681 2998 2749 conferens,
3039 2684 3240 2738 vidisse
3286 2700 3406 2753 qua:
3440 2701 3499 2742 se

244 2771 433 2835 θείως,
466 2773 560 2824 καὶ
587 2772 868 2842 γευόμενοι
900 2761 1118 2842 ὁμοίως,
1157 2775 1248 2826 καὶ
1277 2775 1691 2845 ὀσφραινόμενοι
1739 2778 1819 2847 (ἵν’

1926 2766 2128 2821 vidisse
2151 2769 2418 2832 scribunt,
2451 2769 2696 2823 audiisse
2727 2784 2848 2838 quae
2879 2770 2979 2824 sibi
3022 2771 3204 2826 audita
3245 2787 3365 2826 esse
3411 2773 3495 2827 di-

240 2860 424 2924 οὖτως
454 2862 725 2932 ὀνομάσω)
769 2862 1017 2932 αἰσθήσει
1045 2863 1143 2916 οὑκ
1183 2863 1434 2934 αίσθητῇ,
1466 2866 1560 2918 καὶ
1589 2866 1815 2937 ἀπτόμε-

1925 2871 2079 2925 cunt,
2109 2861 2325 2930 aliaque
2354 2873 2605 2932 expertos
2627 2877 2748 2918 esse
2789 2863 3008 2940 similia,
3046 2866 3495 2933 quemadmodum

241 2969 326 3005 νοι
357 2951 450 3005 τοῦ
481 2953 657 3020 Λόγου
693 2953 830 3024 μετά
872 2954 1124 3018 πίστεως,
1158 2953 1285 3007 ὥστ’
1332 2957 1609 3027 ἀπορροὴν
1659 2958 1816 3010 αὐτοῦ

1923 2951 2167 3004 scribunt
2195 2968 2252 3008 sc
2276 2953 2399 3008 libri
2431 2955 2534 3009 sibi
2563 2956 2731 3010 oblati
2760 2957 3060 3010 comedisse
3088 2958 3301 3012 initium
3334 2960 3376 3012 ⁸.
3404 2958 3495 3014 Sic

244 3046 329 3108 είς
367 3042 559 3109 αὑτοὺς
592 3046 746 3115 ¹ήκειν
785 3045 1187 3116 θεραπεύουσαν
1224 3047 1335 3118 (52)
1373 3047 1602 3110 αὐτοὺς,
1651 3049 1819 3112 οὕτως

1926 3041 2073 3096 Isaac
2102 3044 2345 3106 odorem.
2373 3045 2462 3113 qui
2493 3061 2523 3100 e
2548 3046 2744 3100 divinis
2778 3048 2870 3101 lilii
2903 3050 3143 3104 vestibus
3184 3050 3489 3120 alllabatur,

242 3135 433 3205 ἑώρων
464 3135 916 3207 ἃάναγράφουσιν
942 3138 1265 3205 ἑωρακέναι,
1298 3137 1391 3189 καὶ
1424 3138 1616 3207 ἤκουον
1671 3139 1707 3191 ἃ
1732 3139 1817 3192 λέ-

1926 3133 2144 3200 olfecit,
2203 3145 2366 3204 atque
2422 3138 2560 3192 hanc
2611 3139 2911 3207 spiritalem
2967 3140 3230 3208 impertiit
3274 3143 3492 3199 benedi-

240 3244 433 3295 γουσιν
471 3227 783 3298 ἀκηκοέναι,
810 3229 904 3280 καὶ
941 3228 1010 3280 τὰ
1039 3229 1396 3298 παραπλήσια
1429 3228 1664 3298 ἔπασχον
1685 3271 1700 3292 ,
1747 3231 1815 3294 ὡς

1925 3225 2158 3288 ctionem
2203 3245 2217 3281 :
2272 3246 2293 3278 ι
2341 3227 2481 3284 Ecce
2519 3220 2653 3286 odor
2694 3230 2787 3284 lilii
2823 3232 2965 3296 mei,
3014 3234 3152 3286 sicut
3195 3235 3328 3288 odor
3375 3239 3490 3307 agri

239 3317 570 3387 ἀνέγραφον,
606 3317 866 3384 κεφαλίδα
919 3316 1184 3379 ἐσθίοντες
1212 3317 1491 3387 διδομένην
1527 3319 1709 3381 αὐτοῖς
1744 3318 1814 3387 βι-

1923 3315 2065 3384 pleni
2105 3317 2190 3370 cui
2233 3315 2505 3372 benedixit
2545 3318 2804 3373 Dominus
2856 3319 2918 3372 ¹⁰.
2981 3339 2999 3371 ι
3053 3321 3144 3376 Sic
3194 3323 3356 3378 etiam
3401 3322 3493 3380 Je-

239 3407 415 3460 ϐλίου.
447 3406 606 3460 Οὑτω
634 3407 689 3460 δὲ
724 3407 816 3460 καὶ
863 3405 1046 3460 Ἰσαὰκ
1069 3407 1361 3479 ὠσφρὰνθη
1386 3409 1484 3478 τῆς
1515 3410 1694 3479 ὀσμῆς
1713 3409 1814 3461 τῶν

1922 3420 2014 3459 Sus
2041 3408 2270 3476 spiritali
2301 3413 2470 3478 magis
2495 3425 2658 3479 quam
2700 3423 2962 3478 corporeo
3009 3411 3281 3480 leprosum
3319 3415 3491 3485 tetigit

235 3497 332 3552 τοῦ
357 3497 474 3552 υἱοῦ
503 3498 790 3569 θειοτέρων
823 3499 1071 3568 ἱματίων,
1105 3501 1196 3552 καὶ
1223 3501 1418 3551 ἐπεῖπε
1475 3504 1810 3572 πνευματικῇ

1924 3511 2084 3552 sensu
2117 3499 2180 3562 “,
2208 3509 2268 3553 ιιι
2296 3501 2444 3554 illum
2483 3516 2600 3554 mea
2622 3502 2840 3569 quidem
2886 3502 3156 3554 sententia
3201 3503 3491 3572 dupliciter

237 3590 464 3660 εὐλογίᾳ
501 3589 582 3654 τὸ,
629 3608 647 3640 ι
703 3589 831 3643 Ἰδοὺ
877 3590 1021 3666 ὀσμὴ
1070 3590 1164 3643 τοῦ
1211 3591 1325 3644 υἱοῦ
1372 3608 1510 3661 μου,
1551 3591 1625 3654 ὡς
1676 3594 1812 3665 ὀσμὴ

1921 3599 2198 3656 purgaret,-
2235 3605 2264 3644 a
2292 3591 2441 3658 lepra
2485 3593 2700 3661 quidem
2733 3592 2980 3660 corporis
3009 3606 3271 3661 corporeo
3315 3603 3488 3661 tactu,

236 3678 413 3748 ἀγροῦ
444 3679 700 3751 πλήρους,
728 3679 788 3732 ὃν
815 3678 1100 3750 εὐλόγησεν
1128 3682 1156 3732 ὀ
1186 3679 1408 3750 Κύριος.
1453 3699 1470 3730 ι
1521 3679 1811 3751 Παραπλή-

1921 3689 1977 3734 ut
2009 3680 2163 3734 tnulti
2193 3681 2523 3752 intelligunt;
2558 3691 2613 3736 et
2643 3683 2710 3735 ab
2741 3683 2846 3736 alia
2873 3683 3020 3754 lepra
3050 3695 3200 3742 tactu
3238 3701 3367 3742 vere
3397 3687 3485 3742 di-

238 3771 370 3836 σίως
410 3771 467 3824 δὲ
505 3771 746 3836 τούτοις,
797 3771 890 3824 καὶ
935 3772 1138 3839 νοητῶς
1192 3772 1392 3842 μᾶλλον
1429 3772 1460 3843 ἢ
1510 3772 1813 3843 αἰσθητῶς,

1918 3772 2066 3824 vino.
2102 3770 2192 3825 Sic
2217 3771 2386 3842 igitur
2423 3783 2478 3826 et
2502 3771 2738 3828 Joannes
2766 3784 2993 3831 testatus
3026 3789 3147 3842 est,
3193 3791 3316 3832 cum
3357 3780 3434 3834 ait
3465 3795 3483 3834 :

248 3863 457 3934 Ἰησοῦς
493 3864 668 3935 ἥψατο
700 3862 792 3916 τοῦ
827 3863 1025 3936 λεπροῦ
1047 3905 1060 3928 ,
1104 3864 1169 3917 ἵν’
1217 3865 1377 3917 αὑτὸν
1414 3865 1688 3936 καθαρίσῃ
1720 3865 1816 3935 (ὼς

1923 3881 1940 3913 ι
1979 3863 2100 3918 Vidi
2137 3864 2398 3933 Spiritum
2433 3865 2850 3922 descendentem
2884 3872 3038 3938 quasi
3071 3869 3374 3926 columbam
3419 3873 3487 3930 de

237 3953 347 4022 ἐγὼ
371 3950 542 4025 οἴμαι)
572 3954 754 4025 διχῶς,
787 3954 1142 4008 ἀπαλλάττων
1171 3954 1333 4008 αὑτὸν
1353 3956 1413 4008 οὑ
1443 3955 1619 4024 μόνον,
1658 3956 1734 4018 ὡς
1766 3957 1812 4007 oi

1916 3955 2073 4022 caelo,
2093 3965 2149 4011 et
2177 3957 2552 4028 mansitsuper
2577 3974 2722 4013 eum.
2759 3959 2826 4014 Et
2853 3975 2952 4030 ego
2979 3963 3291 4019 nesciebam
3319 3977 3484 4019 eum:

237 4049 422 4102 πολλοὶ
440 4049 713 4113 ἀκούουσι,
744 4050 950 4120 λέπρας
979 4049 1241 4121 αἰσθητῆς
1259 4051 1324 4104 δι’
1353 4051 1616 4122 αἰσθητῆς
1647 4053 1810 4122 ἁφῆς,

1914 4048 2006 4102 sed
2037 4048 2126 4117 qui
2153 4048 2301 4102 misit
2323 4061 2408 4101 me
2429 4049 2706 4117 baptizare
2732 4055 2784 4104 in
2810 4065 2972 4119 aqua,
3004 4051 3092 4106 ille
3134 4052 3265 4107 mihi
3300 4053 3440 4106 dixit
3467 4070 3481 4108 ‘.

235 4139 372 4194 ἀλλὰ
406 4141 501 4194 καὶ
529 4141 629 4211 τῆς
658 4141 822 4212 ἄλλης
851 4139 937 4194 διὰ
962 4141 1064 4209 τῆς
1100 4141 1176 4204 ὡς
1214 4141 1428 4210 ἀληθῶς
1459 4140 1610 4204 θείας
1647 4143 1810 4194 αὑτοῦ

1915 4139 2090 4210 Super
2111 4157 2269 4210 quem
2302 4139 2504 4196 videris
2536 4139 2802 4211 Spiritum
2835 4142 3257 4198 descendentem
3280 4154 3334 4198 et
3369 4157 3487 4196 ma-

235 4232 401 4302 ἀφῆς.
431 4232 616 4297 Οὕτως
643 4229 736 4286 οῦν
767 4231 1146 4304 ἐμαρτύρησεν
1182 4232 1453 4301 Ἰωάννης,
1489 4233 1660 4300 λέγων
1686 4272 1700 4294 ,
1731 4233 1810 4284 ὅτι

1915 4239 2127 4284 nentem
2156 4245 2323 4298 super
2346 4244 2492 4292 eum,
2543 4231 2632 4283 hic
2665 4239 2751 4284 est
2792 4231 2883 4299 qui
2917 4232 3150 4300 baptizat
3182 4234 3234 4286 in
3273 4232 3481 4301 Spiritu

241 4343 258 4375 ι
294 4323 571 4394 Τεθέαμαι
596 4325 656 4378 τὸ
687 4326 907 4395 Πνεῦμα
933 4325 1256 4398 καταϐαῖνον
1287 4324 1364 4386 ὡς
1395 4324 1723 4395 περιστερὰν
1751 4323 1811 4388 ἐξ

1913 4328 2122 4373 sancto.
2172 4319 2236 4372 Et
2271 4332 2370 4388 ego
2403 4319 2510 4371 vidi
2541 4328 2597 4371 et
2643 4320 3010 4372 testimonium
3057 4321 3306 4387 perhibui
3351 4320 3481 4390 quia

233 4415 484 4486 οὐρανοῦ,
519 4418 612 4469 καὶ
641 4416 850 4486 ἔμεινεν
883 4417 968 4469 ἐπ’
996 4416 1175 4470 αὑτόν.
1211 4414 1382 4482 Κάγὼ
1405 4415 1504 4468 οὑκ
1534 4415 1680 4485 ᾔδειν
1713 4415 1808 4467 αὑ-

1914 4408 2000 4463 hic
2033 4419 2115 4462 est
2150 4409 2316 4462 Filius
2345 4410 2434 4463 Dei
2469 4410 2535 4464 “.
2578 4427 2597 4460 ι
2641 4409 2705 4460 Ει
2736 4408 2864 4462 Jesu
2899 4411 3118 4478 quidem
3149 4411 3272 4464 caeli
3303 4412 3477 4480 aperti

232 4505 340 4559 τόνο
374 4507 489 4560 ἀλλ’
521 4510 548 4561 ὀ
592 4509 812 4578 πέμψας
846 4526 911 4577 με
959 4507 1236 4578 βαπτίζειν
1271 4508 1378 4577 (55)
1426 4508 1484 4558 ὲν
1514 4506 1591 4576 τῷ
1633 4506 1803 4574 ὕδατι,

1913 4509 2061 4564 sunt,
2101 4515 2199 4554 nec
2227 4501 2366 4554 ullus
2395 4510 2522 4553 tunc
2553 4510 2751 4568 praeter
2773 4501 3041 4556 Joannem
3069 4502 3332 4556 scribitur
3369 4516 3479 4557 cm-

234 4594 438 4660 ὲκεῖνός
479 4615 567 4668 μοι
592 4593 764 4650 εἶπεν
809 4599 922 4667 Ἐφ’
951 4598 1007 4651 ὃν
1037 4598 1102 4652 ἂν
1140 4598 1255 4669 ἴδῃς
1281 4597 1343 4649 τὸ
1382 4595 1605 4667 Πνεῦμα
1641 4614 1807 4650 κατα-

1911 4591 1992 4647 los
2023 4603 2238 4662 apertos
2263 4591 2483 4656 vidisse;
2514 4593 2607 4648 sed
2637 4594 2888 4649 Salvator
2913 4594 3025 4648 suis
3054 4594 3312 4663 apostolis
3335 4609 3476 4665 prae-

231 4685 432 4750 ϐαῖνον,
463 4689 554 4742 κα⁴ι
581 4688 740 4758 μένον
763 4687 848 4740 ἐπ’
886 4688 1065 4750 αὑτὸν,
1101 4682 1254 4750 οὑτός
1287 4689 1433 4740 ἐστιν
1457 4689 1485 4740 ὀ
1529 4687 1804 4756 βαπτίζων

1912 4684 2099 4738 dicens
2123 4682 2259 4748 fore,
2286 4694 2343 4737 ut
2371 4685 2539 4739 caelos
2569 4694 2789 4752 apertos
2815 4693 2871 4738 et
2894 4685 2994 4754 ipsi
3023 4694 3327 4750 cernerent,
3357 4686 3433 4739 ait
3459 4703 3472 4739 :

228 4780 286 4831 ὲν
313 4779 585 4848 Πνεύματι
613 4780 770 4851 ἁγίῳ.
800 4781 969 4848 Κάγὼ
997 4779 1236 4851 ἑώρακα,
1267 4779 1360 4831 καὶ
1382 4779 1801 4851 μεμαρτύρηκα,

1917 4793 1935 4826 ι
1968 4777 2160 4837 Amen,
2188 4791 2344 4830 amen
2369 4775 2490 4832 dico
2513 4777 2683 4844 vobis,
2706 4776 2962 4833 videbitis
2986 4777 3182 4831 caelum
3202 4787 3471 4846 apertum,

227 4870 308 4921 ὅτι
337 4862 493 4932 οὗτός
525 4873 666 4922 ἐστιν
691 4875 718 4924 ὁ
753 4872 878 4935 Υἱὸς
907 4870 1000 4923 τοῦ
1029 4870 1184 4924 Θεοῦ.
1223 4889 1241 4922 ›
1270 4870 1380 4924 Καὶ
1423 4869 1500 4939 τῷ
1535 4869 1705 4939 Ἰησοῦ
1739 4887 1802 4937 γε

1909 4877 1964 4922 et
1998 4868 2220 4938 angelos
2263 4869 2356 4922 Dei
2390 4869 2749 4924 ascendentes
2792 4877 2848 4922 et
2878 4869 3267 4924 descendentes
3310 4883 3475 4938 super

227 4959 556 5029 ἠνοίχθησαν
580 4963 628 5011 οἱ
661 4962 892 5032 οὐρανοί·
921 4963 1015 5014 καὶ
1045 4962 1167 5014 τότε
1193 4962 1312 5032 μὲν,
1351 4960 1489 5031 πλὴν
1529 4961 1798 5025 Ἰωάννου,

1905 4959 2102 5014 Filium
2155 4961 2391 5016 hominis
2439 4963 2502 5016 ¹³.
2544 4980 2562 5013 ι
2599 4961 2692 5017 Sic
2730 4972 2787 5018 et
2832 4961 3032 5017 Paulus
3074 4970 3256 5030 raptus
3296 4969 3382 5016 est
3417 4962 3472 5015 in

226 5052 398 5114 οὐδεὶς
455 5052 864 5122 ἀναγέγραπται
931 5054 1230 5124 ἑωρακέναι
1283 5053 1628 5122 ἀνοιχθέντας
1672 5053 1799 5115 τοὺς

1907 5055 2124 5106 tertium
2157 5055 2353 5108 caelum
2385 5070 2508 5108 cum
2550 5053 2679 5107 illtnl
2711 5053 2863 5122 prius
2909 5062 3157 5123 apertum
3206 5053 3469 5115 vidisset,

225 5144 487 5214 οὐρανούς
511 5159 523 5170 ·
553 5143 708 5196 τοῦτο
726 5144 782 5198 δὲ
802 5144 863 5197 τὸ
889 5145 1200 5217 ἀνοιχθῆναι
1232 5145 1357 5207 τοὺς
1383 5145 1644 5214 οὐρανοὺς
1673 5161 1798 5214 προ-

1905 5152 2088 5212 utpote
2115 5142 2242 5199 Jesu
2271 5145 2590 5214 discipulus.
2623 5145 2905 5214 Explicare
2929 5156 3110 5200 autem
3132 5159 3231 5198 cur
3251 5143 3466 5205 dixerit,

294 5311 314 5343 ⁵
337 5312 497 5365 Prov.
561 5326 620 5377 tt,
647 5310 701 5363 5.
811 5310 830 5339 ⁸
852 5308 1010 5364 Joan.
1038 5309 1218 5368 “.53.
1327 5311 1347 5342 "
1374 5308 1418 5362 lt
1451 5308 1576 5362 Cor.
1607 5323 1695 5361 xv.
1816 5309 1836 5340 ⁸

1916 5306 2071 5363 Joan.
2101 5323 2140 5370 I,
2175 5305 2227 5360 i.
2361 5307 2382 5337 ⁹
2409 5304 2608 5358 Ezech.
2633 5320 2716 5373 Ill,
2747 5307 2800 5358 2.
2905 5307 2946 5336 ¹⁰
2979 5304 3119 5358 Gen.
3161 5315 3334 5366 xxvu,
3374 5298 3465 5356 27.

235 5378 480 5437 “Matth.
527 5377 646 5444 vtii,
681 5381 736 5435 5.
817 5381 857 5409 ’³
886 5378 1044 5432 Joan.
1077 5395 1117 5442 t,
1145 5380 1215 5432 '52
1248 5394 1402 5449 seqq.
1481 5379 1525 5409 ¹³
1559 5377 1720 5432 Joan.
1756 5394 1798 5441 ι,
1832 5378 1922 5431 51.

265 5501 716 5584 .(§0)E1§p€qu
770 5501 902 5584 ᾔδη.
931 5501 1520 5584 pitieto_scribendt_tm
1557 5501 1788 5584 videtur,

1662 5511 1788 5584 διιπν
1972 5501 2083 5584 es)
2113 5502 2534 5584 ςοάάκιιρεαηεξι
2563 5500 2752 5584 snsi!»
2781 5494 3237 5584 θερσιῖτεξξῖξυῖοξις

229 5559 495 5640 εὑρίσκειν
515 5559 664 5637 ὀίδε,
711 5559 799 5627 vel‘
824 5559 1097 5644 εὑρίσκειν
1137 5573 1271 5643 ᾔδει,
1307 5573 1448 5639 quod
1487 5571 1641 5624 valde
1679 5572 1792 5640 pla-

1969 5559 2083 5644 (55)
2115 5559 2439 5631 Βαπτίζειιιῖ.
2464 5571 2552 5623 Sic
2581 5559 2937 5644 recte'oniiies
2969 5563 3279 5644 mssLLibb.
3310 5559 3469 5642 edita,

229 5632 329 5695 mi.
651 5632 659 5637 .
893 5632 904 5644 .
1143 5632 1168 5643 ..
1260 5632 1267 5635 .
1328 5632 1338 5639 .
1680 5632 1691 5640 .

1901 5632 2192 5710 βαπτίζων.
2243 5642 2407 5694 l’aulo
2447 5648 2565 5707 post
2593 5636 2768 5710 codd.
2802 5635 2937 5702 Reg.
2984 5645 3037 5685 et
3082 5632 3265 5696 liasil.,
3315 5632 3467 5698 καγὼ

294 5713 405 5781 (51)
433 5711 583 5766 Libb.
612 5714 737 5767 cdili
771 5716 835 5766 all
873 5715 1188 5783 marginem,
1221 5711 1772 5780 ἀντιλαμΰανομὲνης.

1301 5711 1772 5780 τιλ.αμΰανοί.ι.ἔνης.
1885 5705 2120 5783 ἑώρακα.
2155 5711 2310 5764 Libb.
2343 5705 2497 5775 editi,
2524 5707 2616 5759 καὶ
2645 5705 2876 5773 ἑώρακα.
