3988 6156
512 297 614 352 731

1972 300 2077 355 om

2186 302 2292 354 MS
3660 301 3769 355 752

522 432 540 468 ι
580 417 691 470 sive
714 414 766 470 in
795 429 1043 484 corpore,
1077 416 1281 482 nescio;
1313 418 1428 472 sive
1450 429 1603 473 extra
1628 434 1849 489 corpus,
1877 423 2077 481 nescio.

2186 419 2356 486 λέγων
2399 422 2508 482 τοῖς
2558 419 2825 489 μαθηταῖς
2882 422 2910 471 ό
2956 420 3143 490 Σωτὴρ
3189 420 3442 489 ἐσόμενον
3480 419 3771 491 ὀψομένοις

515 507 660 561 Dens
686 508 786 562 scit
810 508 871 571 “,
912 527 928 557 ι
960 524 1063 561 ιιοη
1092 517 1173 561 est
1192 511 1476 576 praesentis
1495 513 1776 579 temporis.
1800 512 2077 582 365lloc

519 598 690 661 addo,
733 596 843 649 falli
886 596 1120 662 Celsum,
1159 613 1279 652 cum
1332 610 1481 667 putat
1514 600 1699 656 Jesum
1742 602 1916 669 ipsum
1969 604 2083 656 suis

513 686 790 755 discipulis
824 701 1081 741 narrasse
1100 688 1363 743 ceelorum
1398 692 1735 759 apertionem
1766 704 1820 747 et
1844 693 2081 761 Spiritus

511 778 686 831 sancti
719 778 767 829 in
799 790 856 829 se
887 778 1068 846 specie
1122 779 1388 835 columba:
1418 782 1483 834 ad
1514 780 1806 837 Jordanem
1859 787 2082 838 descen-

510 882 651 920 sum.
680 865 837 923 Nullo
873 868 1285 939 Scripturarum
1324 874 1443 927 loco
1464 871 1624 927 Jesus
1656 875 1770 929 haec
1794 890 1852 929 se
1879 877 2081 931 vidisse

508 968 720 1014 narrat.
757 958 869 1015 Nec
898 963 1034 1017 vidit
1057 965 1254 1019 nobilis
1288 965 1378 1019 ille
1408 966 1491 1019 vir
1518 964 1660 1019 male
1689 970 1980 1023 convenire
2008 971 2080 1033 ei,

509 1048 600 1116 qui
638 1048 703 1102 de
728 1049 933 1104 visione
964 1066 1085 1119 quae
1136 1054 1187 1106 in
1239 1062 1428 1108 monte
1472 1054 1775 1122 contigerat
1804 1054 2082 1123 discipulis

507 1139 725 1193 dixerat
753 1159 766 1193 :
797 1158 815 1189 ι
848 1139 1062 1195 Nemini
1096 1142 1353 1197 dixeritis
1390 1142 1674 1207 visionem,
1708 1143 1884 1198 donec
1912 1144 2081 1198 Filius

507 1228 746 1286 hominis
782 1246 812 1285 a
842 1233 1072 1287 mortuis
1109 1235 1446 1301 resurgat”,
1473 1253 1492 1287 ο
1536 1244 1595 1288 ut
1636 1236 1913 1304 discipulis
1936 1236 2078 1305 quod

505 1323 682 1376 visum
735 1338 765 1376 a
806 1320 1014 1378 Joanne
1056 1325 1119 1377 ad
1155 1326 1444 1380 Jordanem
1491 1334 1546 1381 et
1596 1328 1841 1381 auditum
1879 1327 2077 1392 fuerat,

505 1422 917 1467 commemoret.
956 1414 1134 1483 Atque
1177 1430 1245 1469 ex
1292 1423 1404 1470 tota
1438 1417 1641 1471 Christi
1671 1418 1781 1471 vita
1816 1418 1975 1472 facile
2003 1420 2079 1470 vi-

2184 509 2334 571 αὑτὸ,
2374 510 2553 579 φησίν·
2598 529 2616 559 ι
2670 510 2859 578 Ἀμὴν,
2888 508 3033 579 ἀμὴν
3060 508 3201 577 λέγω
3228 510 3354 578 ὑμῖν
3378 551 3392 575 ,
3439 509 3633 579 ᾰψεσθε
3673 515 3769 566 τδν

2182 600 2407 668 οὐρανὸν
2436 600 2735 669 ἀνεῳγότα,
2770 603 2862 675 καὶ
2892 604 3017 663 τοὺς
3042 601 3303 669 ἀγγέλους
3330 602 3423 655 τοῦ
3454 602 3588 656 Θεοῦ
3622 607 3769 659 ἀνα-

2182 692 2465 754 ϐαίνοντας
2494 693 2587 745 καὶ
2617 691 3038 754 καταϐαίνοντας
3064 692 3154 744 ἐπὶ
3175 693 3266 745 τὸν
3288 693 3414 746 Υἰὸν
3440 692 3535 745 τοῦ
3555 695 3770 766 ἀνθρώ-

2183 799 2307 833 που.
2340 800 2357 833 ι
2386 782 2494 833 Καὶ
2516 780 2686 843 οὕτως
2716 781 2925 843 Παῦλος
2952 781 3176 853 ἡρπάγη
3205 784 3283 844 εἰς
3307 782 3487 850 τρίτον
3514 785 3766 853 οὐρανὸν,

2185 866 2445 936 πρότερον
2471 866 2591 919 ἰδὼν
2620 868 2782 919 αὑτὸν
2803 868 3138 937 ἀνοιχθέντα,
3161 871 3284 922 ἐπεὶ
3310 870 3556 942 μαθητὴς
3580 869 3648 944 ἦν
3669 876 3767 928 τοῦ

2195 956 2388 1025 Ἰησοῦ.
2415 959 2786 1028 Διηγήσασθαι
2815 960 2871 1011 δὲ
2906 960 2999 1011 νῦν
3028 960 3113 1013 διὰ
3134 962 3184 1013 τί
3212 962 3239 1012 6
3265 962 3475 1024 Παῦλος
3507 963 3654 1032 λέγει
3679 966 3762 1030 τὸ,

2189 1064 2206 1095 ι
2236 1047 2356 1097 Εῖτε
2392 1048 2449 1099 ἐν
2484 1046 2713 1116 σώματι,
2740 1049 2839 1102 οὐκ
2883 1046 3019 1113 οἶδα,
3052 1051 3161 1103 εἴτε
3191 1052 3346 1114 ἐκτὸς
3363 1052 3458 1104 τοῦ
3490 1052 3763 1124 σώματος,

2181 1133 2431 1205 οὐκοῖδα,
2455 1140 2482 1190 6
2514 1139 2644 1201 Θεὸς
2674 1136 2830 1205 οἶδεν,
2862 1159 2880 1191 ι
2903 1142 2963 1192 οὐ
2988 1140 3081 1193 τοῦ
3110 1143 3371 1212 παρόντος
3403 1146 3519 1196 ἐστὶ
3548 1147 3760 1217 καιροῦ.

2183 1230 2307 1282 Ἔτι
2350 1230 2406 1283 δὲ
2447 1230 2739 1301 προσθήσω
2768 1231 2846 1301 τῷ
2902 1233 3065 1303 λόγῳ,
3101 1234 3194 1286 καί¹
3240 1235 3399 1298 αὐτὰ,
3448 1236 3483 1289 ὃ.
3532 1236 3703 1290 οῐεται
3733 1241 3763 1289 ὁ

2179 1320 2411 1391 Κέλσος.
2447 1322 2529 1374 ὅτι
2556 1323 2718 1385 αὐτὸς
2756 1323 2964 1394 Ἰησοῦς
3009 1320 3131 1377 εἶπε
3165 1323 3232 1376 τὰ
3264 1326 3391 1394 περί
3432 1326 3529 1396 τὴν
3559 1327 3761 1393 ἄνοιξιν

2180 1410 2285 1463 τῶν
2319 1412 2580 1483 οὐρανῶν,
2623 1414 2716 1466 καὶ
2746 1414 2808 1464 τὸ
2837 1414 3078 1467 καταϐὰν
3110 1414 3333 1484 Πνεῦμα
3360 1415 3514 1483 ἅγιον
3545 1419 3633 1469 ἐπ’
3665 1420 3762 1472 αὑ-

507 1503 636 1557 dere
663 1512 751 1558 est
782 1512 1040 1572 quantum
1095 1505 1162 1561 de
1199 1521 1256 1571 se
1300 1506 1442 1576 loqui
1485 1507 1759 1577 effugerit.
1811 1509 2077 1575 Quocirca

2186 1502 2268 1555 τὸν
2302 1503 2429 1555 εῖδει
2462 1504 2794 1574 περιστερᾶς
2827 1504 2976 1574 παρὰ
3001 1503 3079 1574 τῷ
3113 1504 3384 1578 Ἰορδάνῃ·
3412 1507 3509 1577 τῆς
3535 1508 3757 1579 Γραφῆς

507 1593 724 1648 dicebat
751 1610 765 1648 :
796 1613 814 1646 ι
845 1596 901 1649 Si
931 1611 1031 1666 ego
1058 1597 1429 1652 testimonium
1479 1599 1739 1668 perliibeo
1761 1599 1828 1654 de
1852 1600 2076 1669 meipso,

502 1684 885 1741 testimonium
929 1678 1107 1741 meum
1161 1705 1266 1742 non
1315 1701 1400 1745 est
1452 1707 1639 1745 verum
1666 1691 1774 1743 η.»
1830 1688 1940 1745 Nec
1971 1691 2077 1745 alia

2178 1591 2338 1644 τοῦτο
2366 1592 2427 1644 o6
2445 1592 2898 1663 παραστησάσης,
2930 1594 3011 1645 ὅτι
3046 1594 3208 1657 αὐτὸς
3243 1591 3362 1647 εἶπε
3390 1596 3551 1649 τοῦτο
3578 1599 3757 1669 ἐωρα-

2182 1684 2355 1737 κέναι.
2411 1684 2486 1736 06
2534 1684 2735 1737 συνεῖδε
2779 1684 2824 1736 δ’
2850 1686 2878 1737 6
2922 1685 3319 1752 γενναιότατος,
3354 1688 3435 1739 ὅτι
3490 1689 3591 1740 οὐκ
3643 1689 3757 1740 ἐστι

502 1789 695 1841 .causa,
716 1776 823 1831 nisi
856 1779 985 1845 quia
1019 1780 1085 1833 de
1117 1795 1175 1834 se
1219 1782 1365 1852 loqui
1419 1783 1685 1851 fugiebat,
1713 1791 1769 1836 et
1800 1781 2074 1836 Christum

2186 1774 2323 1828 κατὰ
2354 1775 2446 1827 τὸν
2479 1774 2701 1827 εἰπόντα
2747 1777 2859 1838 τοῖς
2898 1774 3163 1846 μαθηταῖς
3188 1778 3280 1829 61:1
3325 1782 3391 1849 τῇ
3429 1781 3486 1832 ἐν
3519 1780 3596 1849 τῷ
3639 1780 3759 1851 ὄρει

506 1878 569 1919 se
594 1879 716 1919 esse
757 1869 991 1922 malebat
1022 1871 1276 1938 Operibus
1306 1888 1469 1942 quam
1496 1874 1656 1928 dictis
1693 1875 2073 1941 comprobare,

504 1955 558 2015 ei
591 1955 762 2012 Judaei
807 1957 1063 2016 dicebant
1099 1979 1111 2015 :
1145 1981 1163 2013 ι
1189 1963 1245 2018 Si
1282 1972 1336 2017 tu
1372 1978 1431 2019 es
1459 1964 1732 2032 Christus,
1782 1966 1870 2019 dic
1920 1966 2076 2018 nobis

504 2045 688 2113 palam
709 2048 773 2101 ".
802 2066 821 2099 ι
865 2048 1131 2115 Quoniam
1166 2065 1293 2104 vero
1333 2055 1475 2121 apud
1506 2052 1722 2107 Celsum
1754 2051 1968 2107 Judaeus
1993 2062 2077 2106 est

509 2135 601 2202 qui
648 2136 882 2206 loquens
927 2140 994 2193 de
1038 2139 1243 2207 Spiritu
1276 2149 1468 2196 sancto
1494 2143 1545 2196 in
1571 2143 1838 2197 columbae
1869 2142 2074 2212 specie,

519 2228 703 2282 Jesum
728 2231 809 2285 sic
837 2229 1131 2299 alloquitur
1161 2250 1172 2284 :
1214 2250 1231 2289 ι
1261 2230 1430 2288 Nemo
1470 2234 1521 2287 id
1550 2234 1689 2287 vidit
1717 2244 1912 2303 praeter
1941 2243 1994 2288 te
2023 2242 2078 2288 ct

492 2333 673 2395 ‘quem
698 2320 751 2373 in
774 2320 1143 2379 testimonium
1162 2322 1397 2378 advocas
1416 2326 1488 2378 tui
1508 2325 1759 2393 supplicii
1783 2325 2023 2388 socium;
2056 2346 2073 2376 ι

510 2422 735 2463 necesse
776 2420 861 2463 est
906 2411 1191 2466 ostendere
1229 2428 1390 2481 quam
1428 2423 1483 2467 et
1534 2415 1650 2468 haec
1684 2413 1865 2483 inepte
1905 2412 2075 2468 Judaei

507 2512 755 2565 personae
812 2500 1079 2559 attributa
1149 2503 1220 2556 sit
1271 2502 1471 2557 oratio.
1526 2502 1638 2557 Nec
1696 2505 1839 2556 enim
1903 2501 2074 2558 Judaei

501 2587 766 2644 Joannem
798 2604 919 2645 cum
957 2591 1082 2646 Jesu
1117 2593 1455 2658 consociant,
1486 2609 1587 2648 nec
1610 2592 1837 2649 Joannis
1869 2593 2080 2662 suppli-

500 2680 648 2743 cium
673 2696 795 2736 cum
836 2680 964 2737 Jesu
1010 2684 1280 2753 snpplicio
1312 2684 1670 2756 coniungunt.
1713 2684 1865 2752 Quod
1909 2700 2073 2755 argu-

504 2782 691 2828 mento
726 2782 827 2836 est,
875 2775 963 2841 qui
1007 2788 1064 2828 se
1105 2776 1283 2829 omnia
1319 2777 1459 2831 scire
1505 2776 1795 2846 gloriatur,
1818 2790 1940 2830 eum
1975 2790 2073 2830 ne-

503 2861 734 2919 scivisse
783 2878 902 2931 quae
943 2866 1109 2923 verba
1146 2864 1317 2919 Judaei
1367 2863 1548 2919 Jesum
1590 2866 1917 2939 alloqucntis
1948 2880 2074 2934 per-

506 2963 655 3034 sonae
694 2953 967 3022 assignari
995 2956 1312 3023 oportuerit.

2182 1866 2440 1936 ὀπτασίᾳ,
2477 1883 2496 1915 ι
2525 1865 2729 1935 Μηδενὶ
2758 1868 2947 1937 εἴπητε
2978 1867 3043 1919 τὸ
3071 1868 3276 1938 ὅραμα,
3308 1869 3412 1933 ἓως
3440 1872 3468 1922 6
3512 1873 3630 1935 Υἱὸς
3657 1873 3755 1925 τοῦ

2184 1954 2467 2026 ἀνθρώπου
2503 1956 2567 2007 ἐκ
2600 1956 2807 2025 νεκρῶν
2854 1958 3065 2028 ἀναστῇ
3087 1974 3097 1986 ·
3122 1976 3141 2008 ι
3177 1958 3452 2029 εἰρηκέναι
3488 1964 3597 2023 τοῖς
3648 1980 3753 2030 μα-

2184 2044 2373 2115 θηταῖς
2406 2046 2465 2098 τὸ
2500 2046 2649 2116 παρὰ
2680 2044 2759 2116 τῷ
2805 2046 3048 2117 Ἰορδάνῃ
3066 2047 3225 2116 ὀφθέν
3244 2048 3347 2100 ὑπὸ
3374 2048 3467 2100 τοῦ
3509 2050 3759 2103 Ἰωάννου

2183 2136 2275 2189 καί
2320 2135 2599 2188 ἀκουσθέν.
2644 2134 2861 2188 Ἐνιδεῖν
2894 2135 2951 2187 δὲ
3004 2134 3119 2187 ἐστι
3167 2138 3259 2189 καὶ
3314 2136 3392 2206 τῷ
3442 2136 3534 2190 τοῦ
3581 2140 3757 2207 Ἰησοῦ

2179 2229 2299 2301 ἤθει
2333 2228 2607 2297 πανταχοῦ
2666 2227 3091 2299 περιισταμένου
3128 2230 3240 2299 (54)
3268 2229 3366 2298 τὴν
3403 2232 3757 2299 περιαυτολο-

2179 2319 2323 2387 γίαν,
2365 2319 2457 2371 καὶ
2484 2319 2571 2371 διὰ
2604 2317 2761 2370 τοῦτο
2790 2318 3071 2385 λέγοντος·
3115 2338 3133 2370 ι
3159 2320 3275 2372 Κᾶν
3308 2320 3418 2388 ἐγὼ
3457 2323 3594 2375 είπω
3627 2341 3691 2375 πε
3699 2326 3759 2392 pi.

2182 2407 2443 2479 ἐμαυτοῦ,
2497 2411 2530 2478 ὴ
2586 2409 2857 2480 μαρτυρία
2884 2427 2984 2478 μου
3011 2409 3113 2462 οὐκ
3147 2410 3292 2463 ἔστιν
3333 2413 3560 2484 ἀληθής.
3588 2433 3607 2465 ι
3644 2416 3759 2467 Καὶ

2184 2498 2305 2550 61:61
2337 2499 2654 2568 περιίστατο
2710 2498 2807 2569 τὴν
2862 2501 3332 2569 περιαυτολογίαν,
3379 2505 3472 2557 καὶ
3514 2507 3627 2569 τοῖς
3660 2506 3757 2575 ἐρ-

2183 2606 2301 2658 γοις
2337 2590 2535 2660 μᾶλλον
2570 2588 2820 2642 ἐϐούλετο
2853 2590 3045 2661 δηλοῦν
3079 2588 3216 2644 εἶναι
3246 2594 3474 2664 Χριστὸς
3508 2596 3651 2666 ἥπερ
3684 2600 3755 2667 τῇ

2180 2679 2348 2746 λέξει,
2410 2679 2496 2732 διὰ
2551 2679 2709 2733 τοῦτό
2771 2697 2933 2749 φασιν
2981 2682 3029 2733 οἰ
3076 2681 3314 2735 Ἰουδαῖοι
3363 2684 3498 2755 πρὸς
3556 2687 3750 2739 αὐτόν·

2188 2788 2205 2821 ι
2231 2771 2295 2823 Εἰ
2324 2769 2387 2821 σὺ
2418 2765 2469 2820 εἰ
2496 2770 2525 2821 6
2550 2769 2804 2839 Χριστὸς,
2840 2770 2963 2821 εἰπὲ
2992 2771 3119 2839 ἡμῖν
3155 2771 3451 2841 παρρησίᾳ.
3477 2791 3496 2823 ι
3530 2773 3757 2828 Ἐπεὶὸὲ

2193 2861 2448 2923 Ἰουδαῖός
2479 2861 2624 2912 ἐστιν
2676 2863 2705 2912 6
2744 2862 2894 2933 παρὰ
2925 2862 3003 2932 τῷ
3046 2862 3238 2932 Κέλσῳ
3264 2862 3436 2930 λέγων
3461 2864 3538 2934 τῷ
3578 2866 3754 2936 Ἰησοῦ

2181 2956 2309 3025 περί
2339 2953 2617 3006 τῶνκατὰ
2638 2954 2698 3005 τὸ
2732 2954 2955 3023 Πνεῦμα
2986 2956 3046 3008 τὸ
3077 2954 3228 3023 ἅγιον
3255 2958 3311 3008 ἐν
3341 2958 3467 3009 εῖδει
3494 2974 3754 3028 περιστε-

510 3042 627 3112 ρᾶς,
656 3043 736 3108 τὸ,
778 3042 961 3116 «Πλὴν
983 3043 1062 3095 ὅτι
1107 3044 1169 3096 σὺ
1208 3046 1332 3115 φῂς,
1360 3047 1450 3097 καί
1483 3062 1604 3099 τινα
1630 3046 1726 3099 ἕνα
1761 3046 1945 3119 ἐπάγῃ
2002 3045 2111 3099 τῶν
2171 3044 2308 3116 μετὰ
2354 3043 2448 3096 σοῦ
2499 3044 2940 3114 κεκολασμένων·
2971 3064 2989 3096 ι
3028 3046 3319 3113 ἀναγκαῖον
3374 3046 3519 3117 αὐτῷ
3574 3064 3755 3121 παρα-

509 3132 727 3201 στῆσαι,
758 3132 839 3185 ὅτι
872 3134 963 3186 καὶ
994 3133 1150 3186 τοῦτο
1174 3136 1272 3186 οὐκ
1292 3136 1601 3204 οἰκείωςτῷ
1645 3136 1919 3206 Ἰουδαῖκῷ
1957 3135 2234 3206 προσώπῳ
2288 3135 2632 3207 περιέθηκεν.
2699 3135 2833 3188 Οὐδὲ
2886 3135 2994 3205 γὰρ
3064 3137 3392 3191 συνάπτουσι
3436 3138 3525 3191 τὸν
3567 3141 3753 3192 Ἰωάν-

510 3244 607 3296 νην
639 3227 689 3279 οί
728 3226 969 3279 Ἰουδαῖοι
998 3226 1076 3297 τῷ
1120 3228 1313 3297 Ἰησοῦ,
1356 3230 1446 3281 καὶ
1470 3229 1565 3299 τὴν
1608 3230 1853 3283 Ἰωάννου
1884 3232 1951 3300 τῇ
1984 3230 2077 3281 τοῦ
2122 3229 2292 3300 Ἰησοῦ
2329 3228 2565 3284 κολάσει.
2622 3230 2729 3281 Καὶ
2762 3232 2817 3281 ἐν
2850 3229 3022 3299 τούτῳ
3079 3226 3171 3283 οῦν
3230 3232 3509 3301 ἐλέγχεται
3536 3234 3564 3285 6
3592 3234 3751 3286 πάντ’

496 3318 1008 3389 «ἀλαζονευσάμενος
1040 3319 1260 3386 εἰδέναι,
1284 3320 1358 3390 μὴ
1393 3320 1648 3387 ἐγνωκὼς
1674 3321 1798 3374 τίνα
1830 3320 2086 3393 προσάψῃ
2113 3320 2333 3390 ῥήματα
2367 3318 2444 3389 τῷ
2482 3319 2754 3389 Ἰουδαϊκῷ
2778 3320 2913 3391 πρὸς
2942 3320 3032 3373 τὸν
3077 3321 3281 3389 Ἰησοῦν
3312 3318 3605 3394 προσώπῳ.

578 3412 669 3468 49.
706 3413 956 3467 Posutaec
1004 3414 1188 3468 nescio
1229 3414 1501 3482 quomodo
1545 3413 1691 3468 velut
1729 3415 1857 3468 data
1911 3428 2073 3482 opera
2104 3433 2145 3489 ρ

513 3503 885 3574 praetermittit
915 3513 1316 3573 argumentum,
1348 3520 1458 3574 quo
1493 3506 1730 3560 maxime
1758 3519 1821 3561 ea
1857 3520 1977 3575 quae
2010 3505 2075 3558 ad

503 3594 690 3651 Jesum
739 3602 1027 3663 spectant,
1104 3591 1531 3658 conﬁrmantur;
1592 3608 1808 3661 nempe,
1844 3592 1997 3647 illum
2046 3608 2075 3645 a

502 3684 815 3741 Judaeorum
834 3683 1134 3753 prophetis,
1165 3699 1195 3741 a
1222 3682 1423 3754 Moyse,
1459 3694 1512 3741 et
1544 3686 1612 3739 ab
1636 3685 1704 3740 iis
1738 3684 1982 3753 quiante
2022 3694 2077 3737 et

506 3784 630 3846 post
663 3774 901 3845 Moysen)
928 3776 1208 3840 vixerunt,
1252 3776 1423 3832 fuisse
1448 3776 1897 3846 praznuntiatum.
1942 3776 2074 3843 Opi-

507 3881 631 3931 nor,
694 3881 802 3922 non
841 3866 1015 3935 potuit
1068 3864 1317 3920 refellere
1378 3878 1757 3936 argumentum
1807 3867 1929 3921 inde
1975 3868 2068 3919 du.

508 3967 684 4023 ctum,
713 3959 855 4027 quod
888 3973 1064 4028 neque
1097 3957 1292 4024 Judaei,
1324 3973 1495 4027 neque
1528 3958 1635 4012 ulla
1660 3974 1886 4027 usquam
1907 3960 2077 4013 haere-

510 4051 587 4107 sis
611 4050 890 4109 Christum
929 4050 1249 4118 praedictum
1289 4063 1411 4104 esse
1454 4050 1790 4117 negaverint.
1820 4049 2077 4104 Fortasse

504 4143 671 4201 etiam
698 4142 787 4199 illa
823 4142 890 4197 de
925 4140 1051 4197 Jesu
1090 4140 1349 4197 vaticinia
1399 4139 1696 4199 nesciebat.
1737 4138 1990 4209 Alioquin
2028 4140 2072 4193 si

515 4236 712 4290 scisset
734 4249 855 4304 quae
888 4233 1189 4289 Christiani
1223 4232 1433 4297 dicunt,
1470 4230 1666 4284 multos
1688 4230 1979 4300 prOphetas
2009 4230 2074 4283 de

509 4325 816 4381 Salvatoris
846 4327 1078 4379 adventu
1107 4324 1281 4380 fuisse
1310 4321 1660 4391 prmlocutos,
1705 4334 1809 4374 nou
1846 4320 2071 4374 tribuis-

506 4428 591 4472 set
622 4416 806 4481 Judteo
825 4417 1153 4480 orationem,
1176 4430 1282 4485 qua
1315 4413 1585 4467 Samarita
1622 4422 1717 4467 aut
1741 4411 2075 4467 Sadducmus

508 4526 639 4565 usus
663 4510 856 4564 luisset
895 4508 1067 4561 multo
1110 4507 1563 4569 convenientius;
1613 4518 1786 4573 neque
1841 4504 2071 4558 [ictitius

508 4601 599 4653 ille
630 4599 847 4669 Judaaus
890 4600 1104 4653 locutus
1151 4606 1299 4652 esset
1334 4598 1450 4652 sic:
1484 4614 1501 4646 ι
1527 4595 1673 4650 Meus
1717 4604 1896 4650 autem
1946 4610 2074 4662 pro-

512 4693 675 4759 pheta
721 4691 860 4744 dixit
899 4690 1027 4744 olim
1057 4691 1109 4743 in
1137 4687 1491 4757 Jcrosolymis
1522 4698 1807 4742 venturum
1840 4701 1960 4742 esse
1988 4686 2077 4739 Fi-

2246 3411 2402 3465 Μετά
2433 3411 2607 3478 ταῦτ’,
2642 3412 2741 3464 οὐκ
2775 3409 2869 3464 οἷδ’
2903 3412 3069 3476 ὅπως,
3103 3412 3165 3464 τὸ
3194 3413 3445 3483 μέγιστον
3479 3414 3588 3483 (55)
3625 3411 3753 3483 περὶ

2184 3505 2283 3575 τῆς
2318 3505 2624 3568 συστάσεως
2656 3503 2750 3556 τοῦ
2797 3503 2970 3573 Ἰησοῦ
3005 3504 3316 3571 κεφάλαιον,
3350 3506 3426 3569 ὡς
3470 3506 3549 3559 ὅτι
3590 3524 3751 3577 1:916-

2184 3596 2425 3667 φητεύθη
2472 3594 2575 3647 61:6
2605 3593 2711 3646 τῶν
2745 3593 2895 3662 παρὰ
2940 3593 3211 3658 Ἰουδαίοις
3238 3596 3549 3665 προφητῶν,
3584 3597 3753 3650 Man";—

2184 3685 2321 3747 σέως
2351 3685 2443 3736 καὶ
2473 3683 2580 3734 τῶν
2615 3682 2731 3752 μετ’
2766 3680 2945 3745 αὐτὸν,
2987 3680 3020 3749 ἢ
3053 3682 3146 3733 καὶ
3176 3681 3281 3752 πρὸ
3321 3681 3617 3745 Μωῦσέως,
3649 3700 3756 3733 πα-

2185 3776 2465 3846 ραπέμπει
2517 3774 2628 3842 (56)
2682 3774 2848 3825 ἐκών·
2890 3774 2965 3834 ὡς
3016 3767 3190 3841 οἶμαι,
3230 3770 3309 3842 τῷ
3357 3773 3433 3843 μὴ
3487 3772 3755 3827 δύνασθαι

2183 3867 2427 3935 ἀπαντᾷν
2463 3864 2598 3934 πρὸς
2631 3862 2806 3929 λόγον,
2836 3861 2910 3923 ὡς
2941 3861 3061 3913 0666
3103 3860 3345 3913 Ἰουδαῖοι
3384 3861 3491 3913 066‘
3519 3862 3638 3913 ὅσαι
3670 3862 3760 3914 αἰ·-

2185 3956 2361 4027 ρέσεις
2380 3957 2442 4007 οὐ
2478 3953 2752 4024 βούλονται
2787 3950 3224 4023 προφητευθῆναι
3248 3951 3359 4019 (57)
3378 3951 3468 4002 τὸν
3494 3951 3751 4022 Χριστόν.

2183 4046 2333 4115 Τάχα
2366 4046 2421 4098 δὲ
2454 4045 2573 4098 0666
2614 4044 2726 4116 ⁴ᾔδει
2759 4042 2858 4105 τὰς
2889 4042 3017 4113 περί
3049 4040 3142 4093 τοῦ
3179 4039 3352 4110 Ἰησοῦ
3388 4042 3748 4111 προφητείας.

2183 4138 2295 4189 Οὐκ
2323 4138 2388 4191 ἂν
2418 4135 2547 4206 γὰρ,
2575 4132 2892 4189 καταϐαλὼν
2927 4133 3038 4203 (58)
3067 4132 3135 4184 τὰ
3168 4132 3271 4184 ὑπὸ
3302 4132 3639 4201 Χριστιανῶν
3671 4133 3757 4185 λε-

2182 4226 2406 4295 γόμενα,
2429 4225 2512 4277 ὃτι
2548 4223 2728 4276 πολλοί
2760 4222 3035 4293 προφῆται
3079 4224 3337 4293 προεῖπον
3381 4222 3621 4291 περὶτῆς
3650 4221 3749 4273 τοῦ

2182 4317 2433 4387 Σωτῆρος
2494 4314 2804 4385 ἐπιδημίας,
2864 4312 3157 4383 περιέθηκε
3216 4310 3297 4381 τῷ
3340 4310 3433 4363 τοῦ
3500 4311 3750 4364 Ἰουδαίου

2180 4406 2477 4477 προσώπῳ,
2514 4403 2549 4458 ἃ
2579 4405 2784 4475 ἥρμοζε
2819 4405 3065 4475 ΣαμαρΞῖ
3100 4402 3296 4473 μᾶλλον
3337 4402 3565 4471 εἰπεῖνῆ
3611 4402 3747 4455 Σαδ-

2182 4498 2441 4567 δουκαίῳ·
2474 4498 2565 4549 καὶ
2591 4498 2687 4549 οὐκ
2710 4496 2774 4549 ἂν
2811 4498 3060 4558 Ἰουδαῖος
3087 4498 3115 4548 6
3144 4497 3200 4547 ἐν
3242 4498 3305 4563 τῇ
3338 4494 3750 4564 προσωποποιίᾳ

2183 4590 2435 4659 ἔφασκεν·
2474 4609 2492 4640 ι
2530 4588 2665 4641 Ἀλλ’
2696 4584 2846 4642 εἶπεν
2881 4591 2907 4642 6
2951 4589 3080 4659 ἐμὸς
3113 4588 3399 4657 προφήτης
3427 4588 3484 4638 ἐν
3528 4586 3750 4653 Ἰεροσο-

2182 4681 2370 4751 λύμοις
2402 4680 2551 4741 ποτὲ,
2589 4680 2668 4732 ὅτι
2701 4680 2821 4749 ἥξει
2854 4677 2989 4732 Θεοῦ
3024 4678 3171 4739 Υἱὸς,
3204 4675 3307 4728 τῶν
3337 4674 3499 4727 ὁσίων
3525 4673 3733 4744 κριτὴς,

512 4782 643 4834 lium
682 4781 798 4842 Dei,
823 4781 1034 4847 piorum
1064 4777 1322 4845 judicem,
1358 4788 1410 4831 et
1441 4778 1809 4845 improborum
1862 4778 2073 4845 punito-

2186 4773 2275 4825 καὶ
2306 4771 2414 4824 τῶν
2456 4771 2655 4824 ἀδίκων
2705 4771 2989 4841 κολαστής.
3018 4789 3035 4820 1
3072 4770 3146 4820 Οὐ
3197 4766 3305 4836 γὰρ
3337 4759 3417 4828 εἷς
3466 4767 3747 4835 προφήτης

514 4884 649 4925 rem.
681 4891 699 4923 ›
739 4870 848 4924 Nec
876 4872 1020 4923 enim
1061 4886 1092 4924 e
1119 4868 1401 4938 prophetis
1426 4882 1563 4921 unus
1591 4867 1659 4921 de
1693 4866 1910 4921 Christo
1941 4882 2075 4934 prte-

2184 4865 2251 4916 τά
2291 4865 2419 4934 περὶ
2447 4862 2681 4931 Χριστοῦ
2716 4863 3107 4932 προεφήτευσε.
3128 4859 3243 4912 Κᾶν
3277 4859 3324 4910 οἱ
3359 4856 3516 4927 μόνου
3536 4856 3593 4909 66
3620 4856 3746 4908 Μω·

598 5027 644 5059 ⁸⁸
673 5026 717 5082 ll
741 5025 865 5081 Cor.
894 5028 1068 5092 xu,2.
1148 5030 1189 5059 ¹⁵
1219 5028 1409 5083 Matth.
1447 5042 1579 5090 xvn,
1635 5030 1685 5079 9.
1767 5026 1811 5057 ¹⁶
1838 5024 1996 5080 Joau.
2047 5042 2096 5091 γ,
2134 5028 2224 5083 51.
2304 5027 2522 5081 "Joan.
2567 5044 2618 5090 x,
2652 5028 2742 5080 23.

590 5184 706 5254 (54)
736 5180 826 5236 Sic
870 5179 1207 5254 Hmschelius
1246 5182 1296 5233 in
1330 5189 1500 5254 textu,
1532 5178 1626 5233 sed
1666 5179 1731 5254 ad
1765 5176 2070 5254 marginem

513 5249 699 5331 habet,
734 5250 1158 5321 περιισταμένῳ,
1194 5265 1313 5329 qua:
1353 5250 1510 5331 lectio
1552 5249 1819 5331 reperilpr
1857 5249 1912 5301 in
1951 5262 2068 5302 om-

513 5326 675 5377 nibus
696 5318 835 5376 .mss.
868 5318 1234 5390 przet‘erquam
1272 5321 1324 5390 in
1346 5318 1578 5372 Joliano.

585 5394 697 5465 (55)
736 5392 805 5445 Τὸ
826 5386 1388 5465 ιιξίγιᾳτοῦ,ᾼειο.ηιια
1419 5398 1527 5465 tres
1569 5387 1729 5465 codd.
1767 5386 2069 5465 Anglicani,

518 5457 738 5531 Regius,
771 5457 1203 5531 ert—Busileensis.
1232 5458 1400 5531 Alias,
1429 5457 1489 5531 1:6
1520 5458 1774 5531 μέγιστον
1799 5457 1910 5531 τῶν
1944 5458 2073 5526 περὶ

511 5526 628 5604 τῆξ
647 5530 954 5604 συστάσεως
986 5529 1080 5604 τοῦ
1119 5529 1290 5601 Ἰησοῦ
1325 5526 1651 5596 κεφαλαίων,
1679 5526 1751 5589 ὡς
1795 5528 1875 5578 ὅτι
1910 5544 2073 5596 προε-

515 5598 754 5675 φητεῦῄθη
780 5599 912 5671 πρὸς
943 5598 1071 5675 τῶν.

586 5665 698 5744 (56)
728 5665 1125 5736 Ῐιαραἒιέμπει.
1160 5666 1236 5723 Ita
1282 5680 1429 5727 recte
1466 5668 1619 5724 codd.
1652 5667 1854 5737 Regius
1886 5676 1939 5720 et
1962 5665 2077 5719 Ba-

2182 5179 2448 5235 sileensis.
2496 5179 2653 5232 Libb.
2692 5178 2819 5233 editi
2868 5180 2918 5231 in
2957 5187 3106 5230 textu
3151 5177 3349 5229 habent
3376 5171 3745 5241 παραπίπτει,

2180 5252 2354 5314 male;
2398 5250 2461 5301 ad
2502 5251 2798 5313 marginem
2838 5264 2963 5301 vero
2997 5244 3388 5316 παραρρίπτει,
3421 5259 3540 5310 quu-
3582 5243 3747 5293 lccttu

2183 5320 2521 5374 tolerabilior
2548 5328 2686 5371 erat.

2254 5390 2368 5459 (57)
2414 5388 2759 5459 llmSchclius
2796 5398 2850 5440 et
2890 5387 3196 5456 Spencerus
3220 5384 3295 5441 ad,
3314 5381 3613 5449 marginem
3651 5380 3752 5433 ha-

2177 5457 2861 5531 bemimnpoqpqtsﬁsbatz
2936 5526 2966 5531 υ
3080 5524 3091 5531 _
3271 5525 3281 5531 _
3309 5523 3319 5531 _
3656 5517 3674 5531 ς

2232 5530 2365 5615 ,(58)
2400 5523 2779 5583 καταϐαλών.
2830 5524 3186 5582 Scribcndum
3236 5523 3467 5588 videtur,
3512 5523 3755 5578 καταλα-

2181 5599 2308 5653 ϐών.
