3988 6156
255 307 359 361 755

1445 299 1722 355 CONTRA
1750 298 2026 356 CELSUM
2061 298 2188 353 LIB.
2228 297 2264 350 Ι.

3393 292 3497 346 754

258 424 395 486 σέως
414 420 840 492 παραδεχόμενοι
864 418 962 483 τὰς
994 418 1211 489 βίϐλους
1239 420 1512 490 Σαμαρεῖς
1547 420 1580 490 ἦ
1606 421 1829 474 Σαδδου-

1961 418 2177 473 lixit.Et
2197 426 2254 473 ut
2289 414 2573 470 Samaritae
2605 422 2658 467 et
2681 410 2989 478 Sadducmi,
3015 411 3105 481 qui
3135 410 3280 465 solos
3302 407 3500 480 Moysis

257 517 399 567 καῖοι
426 513 705 580 φάσκωσιν
736 513 794 566 ὲν
817 511 1043 574 ἐκείνοις
1067 510 1549 581 πεπροφητεῦσθαι
1586 512 1678 564 τὸν
1698 513 1831 582 Χρι-

259 602 413 654 στόν·
457 600 570 654 ἀλλ’
602 599 720 653 οὔτι
766 617 831 669 γε
886 603 945 654 ἐν
986 600 1398 671 Ἱεροσολύμοις,
1448 604 1561 664 τοῖς
1607 601 1831 671 μηδέπω

254 691 600 761 ὀνομασθεῖσι
647 690 790 744 κατὰ
824 692 920 746 τὸν
968 691 1249 754 Μωῦσέως
1292 691 1504 763 χρόνον,
1550 692 1583 761 ἡ
1622 709 1832 762 προφη-

257 782 375 835 τεία
393 781 632 835 λέλεκτο.
653 783 755 853 Είη
774 785 977 847 τοίνυν,
1002 784 1210 847 πάντας
1239 785 1365 846 τοὺς
1383 782 1477 835 τοῦ
1510 781 1669 850 λόγου
1704 799 1834 835 κατ-

258 873 491 944 ηγόρους
517 874 576 926 ὲν
598 874 834 945 τοσαύτῃ
867 869 1006 927 εἶναι
1046 873 1237 943 ἀγνοίᾳ
1273 873 1333 925 οὐ
1368 872 1524 943 μόνον
1548 871 1657 924 τῶν
1690 889 1830 942 πρα-

259 965 503 1034 γμάτων,
527 964 664 1019 ἀλλὰ
677 968 768 1019 καὶ
795 966 965 1035 ψιλῶν
981 966 1090 1019 τῶν
1106 964 1447 1035 γραμμάτων
1472 964 1568 1035 τῆς
1590 964 1833 1035 Γραφῆςς

259 1058 353 1111 καὶ
382 1061 709 1132 κατηγορεῖν
742 1060 1190 1130 Χριστιανισμοῦ,
1220 1059 1306 1111 ἵνα
1336 1058 1469 1129 μηδὲ
1508 1060 1606 1129 τὴν
1646 1057 1838 1128 τυχοῦ-

264 1167 363 1203 σαν
392 1149 724 1220 πιθανότητα
771 1152 799 1203 ὁ
851 1150 1008 1219 λόγος
1041 1150 1220 1202 αὐτῶν
1253 1149 1351 1222 ἔχῃ
1382 1149 1684 1219 δυναμένην
1715 1151 1839 1212 τοὺς

262 1242 691 1312 ὰνερματίστους
723 1242 821 1295 καὶ
848 1242 983 1313 πρὸς
1012 1242 1201 1313 καιρὸν
1235 1240 1586 1303 πιστεύοντας
1609 1241 1830 1309 ἀφιστά-

262 1348 375 1384 νειν
395 1333 458 1384 ού
478 1333 576 1403 τῆς
606 1332 859 1397 πίστεως,
889 1332 1024 1385 ἀλλά
1056 1333 1154 1402 τῆς
1180 1332 1546 1400 ὀλιγοπιστίας
1563 1336 1575 1383 ι
1595 1330 1843 1392 Ἰουδαῖος

264 1418 324 1473 δὲ
353 1419 456 1473 οὐκ
482 1420 547 1474 ἂν
577 1420 906 1491 ὁμολογήσαι
940 1421 1019 1474 ὅτι
1062 1422 1347 1492 προφήτης
1384 1438 1469 1484 τις
1510 1416 1663 1473 εἶπεν
1694 1419 1844 1490 ἥξειν

261 1509 402 1563 Θεοῦ
427 1510 585 1564 Υίόν·
615 1512 643 1564 ὃ
671 1511 780 1582 γὰρ
808 1513 1076 1580 λέγουσιν,
1109 1514 1276 1577 ἐστὶν,
1305 1513 1385 1565 ὅτι
1417 1512 1535 1582 ἥξει
1557 1515 1585 1565 ὁ
1612 1512 1845 1583 Χριστὸς

262 1598 360 1652 τοῦ
397 1600 551 1653 Θεοῦ.
597 1603 708 1655 Καὶ
750 1603 1006 1666 πολλάκις
1045 1620 1109 1671 γε
1163 1602 1385 1674 ζητοῦσι
1419 1604 1554 1674 πρὸς
1582 1605 1728 1674 ἡμᾶς
1761 1604 1848 1656 εύ-

264 1691 409 1754 θέως
467 1692 595 1764 περὶ
622 1694 753 1747 Υίοῦ
800 1694 960 1758 Θεοῦ,
994 1694 1069 1757 ὡς
1111 1695 1323 1759 οὐδενὸς
1369 1696 1520 1759 ὗντος
1577 1695 1840 1761 τοιούτου,

1935 512 2107 565 libros
2147 510 2437 579 recipiunt,
2476 508 2720 562 dicerent
2773 496 3052 560 Christum
3105 504 3157 558 in
3222 502 3325 557 illis
3382 516 3503 557 esse

1936 600 2351 671 praenuntiatum
2386 617 2399 665 ;
2439 600 2599 654 certe
2632 615 2736 653 non
2781 590 2987 652 editum
3039 607 3121 651 est
3166 596 3268 651 hoc
3305 595 3502 649 vatici-

1937 694 2084 748 nium
2150 690 2508 761 Jerosolymis
2560 692 2714 758 cujus
2762 691 2913 743 urbis
2960 701 3153 743 nomen
3189 703 3253 741 ne
3307 676 3505 759 M'oysis

1936 783 2151 852 quidem
2194 792 2353 837 aetate
2389 782 2573 835 fuerit.
2602 780 2766 850 366
2810 780 3025 835 Utinam
3075 792 3262 833 omnes
3310 785 3506 831 nostra:

1938 869 2199 927 doctrinae
2223 870 2648 925 Calumniatores
2682 871 2733 923 in
2768 871 2957 923 eadem
2979 885 3084 923 non
3116 869 3276 923 modo
3299 881 3506 932 rerum,

1940 965 2037 1020 sed
2072 964 2236 1020 etiam
2264 964 2568 1019 litterarum
2614 962 2913 1031 Scriptura:
2950 961 3255 1032 ignorantia
3292 973 3512 1015 versen-

1944 1068 2050 1121 tur,
2084 1066 2146 1111 ut
2183 1057 2395 1111 illorum
2428 1059 2609 1110 oratio
2643 1069 2710 1109 ne
2756 1054 3039 1107 minimam
3076 1053 3294 1125 quidem
3321 1050 3516 1121 proba-

1941 1147 2211 1201 bilitatem
2258 1146 2475 1210 habeat,
2516 1159 2635 1215 quae
2674 1151 2987 1214 pervertere
3034 1142 3204 1210 possit
3250 1156 3356 1194 non
3393 1140 3515 1194 dico

1947 1238 2132 1301 fidem,
2159 1238 2253 1291 sed
2282 1236 2632 1304 exiguitatem
2663 1234 2789 1289 ﬁdei
2819 1248 3006 1289 eorum
3028 1233 3118 1301 qui
3142 1246 3333 1301 parum
3372 1230 3516 1284 lirmi

1946 1332 2011 1384 ad
2043 1340 2257 1398 tempus
2299 1330 2566 1383 credunt!
2596 1326 2782 1395 Neque
2828 1339 2961 1379 vero
3008 1322 3226 1377 Judaaus
3258 1322 3519 1376 fatebitur

1948 1421 2260 1489 prmdictum
2296 1434 2323 1471 a
2354 1420 2604 1488 qu0piam
2632 1417 2921 1487 propheta,
2969 1415 3088 1469 fore
3117 1422 3173 1465 ut
3210 1412 3383 1466 Filius
3421 1412 3517 1467 Dei

1948 1511 2152 1565 veniat.
2180 1510 2336 1576 Quod
2378 1511 2519 1564 cnim
2553 1510 2761 1574 dicunt,
2786 1508 2914 1562 illud
2948 1514 3052 1571 est,
3083 1496 3363 1559 venturum
3397 1517 3517 1558 esse

1947 1601 2228 1655 Christum
2256 1602 2371 1655 Dei.
2404 1600 2556 1656 Unde
2580 1602 2660 1666 lit,
2690 1609 2751 1656 ut
2781 1614 2921 1669 saepe
2951 1614 3051 1653 nos
3092 1598 3422 1665 interrogent
3451 1596 3516 1649 de

1956 1693 2091 1748 Filio
2124 1693 2243 1758 Dei,
2269 1694 2421 1762 quasi
2463 1693 2641 1747 nullus
2663 1694 2754 1755 sit,
2785 1702 2878 1746 aut
2908 1691 3052 1745 illius
3090 1704 3365 1757 nunquam
3394 1704 3522 1758 pro-

265 1782 390 1834 ούδὲ
432 1785 920 1854 προφητευθέντος.
958 1787 1067 1839 Καὶ
1117 1788 1176 1839 ού
1230 1786 1387 1839 τοῦτό
1427 1804 1629 1857 φαμεν,
1664 1788 1749 1840 ὃτι
1786 1789 1846 1841 ού

1961 1786 2127 1856 pheta:
2184 1786 2411 1840 fecerint
2454 1786 2799 1839 mentionem.
2856 1784 3032 1853 Atque
3088 1782 3202 1837 haec
3244 1780 3511 1846 dicimus,

268 1877 671 1947 προφητεύεται
713 1878 823 1946 (59)
860 1877 986 1941 Υίδς
1023 1877 1193 1930 Θεοῦ·
1245 1877 1358 1931 ἀλλ’
1393 1879 1475 1930 ὅτι
1525 1878 1623 1948 οὐχ
1674 1880 1847 1949 ἁρμο-

268 1966 471 2031 ζόντως
507 1968 584 2038 τῷ
626 1968 902 2039 Ἰουδαῖκῷ
951 1968 1247 2040 προσώπῳ,
1277 1969 1350 2039 μὴ
1405 1969 1756 2040 ὁμολογοῦντι
1786 1970 1848 2023 τὸ

267 2059 499 2123 τοιοῦτο,
554 2059 845 2129 περιέθηκε
898 2060 979 2112 “:6-
1019 2056 1225 2111 «Εἶπεν
1274 2060 1406 2130 ἐμὸς
1462 2062 1749 2133 προφήτης
1792 2062 1849 2113 ἐν

281 2151 669 2224 Ἰεροσολύμοις
700 2152 849 2217 ποτὲ,
882 2153 964 2204 ὅτι
989 2150 1105 2222 ἥξει
1138 2150 1271 2203 Θεοῦ
1306 2151 1449 2214 Υἱός.
1474 2171 1493 2203 ι

342 2239 498 2305 Εἶτα,
519 2243 595 2305 ὡς
624 2242 781 2310 μόνου
816 2240 927 2311 (40)
952 2241 1420 2312 προφητευθέντος
1453 2241 1667 2305 τούτου,
1687 2241 1850 2293 ὁσίων

270 2333 435 2387 αὑτὸν
468 2330 605 2386 εἶναι
651 2334 864 2404 κριτὴν,
908 2335 1001 2386 καὶ
1035 2332 1142 2385 τῶν
1173 2333 1374 2386 ἀδίκων
1409 2333 1680 2404 κολαστὴν
1707 2372 1721 2396 ,
1758 2333 1850 2386 καὶ

274 2427 413 2497 μήτε
444 2426 611 2479 τόπου
636 2427 901 2495 γενέσεως
949 2426 1134 2490 αὐτοῦ,
1175 2427 1310 2496 μήτε
1342 2425 1547 2488 πάθους
1569 2423 1759 2489 αὑτοῦ,
1792 2418 1851 2477 οὗ

272 2516 383 2568 ὑπὸ
451 2517 718 2570 Ἰουδαίων
764 2517 1036 2578 πείσεται,
1084 2517 1206 2585 μήτ’
1260 2516 1609 2579 ἀναστάσεως
1664 2514 1850 2577 αὐτοῦ,

275 2608 417 2675 μήτε
463 2606 763 2675 τεραστίων
820 2599 896 2658 ὧν
934 2606 1147 2675 ποιήσει
1192 2606 1473 2675 δυνάμεων
1526 2604 1856 2677 προειρημέ-

274 2713 406 2757 νων,
437 2696 598 2765 φησί·
635 2716 651 2745 ι
674 2694 736 2747 Τί
777 2694 974 2764 μᾶλλον
1005 2695 1090 2759 σὺ,
1128 2693 1160 2763 ἢ
1210 2694 1359 2747 ἄλλοι
1411 2692 1682 2766 μυρίοι,οἳ
1719 2693 1855 2764 μετὰ

274 2786 378 2855 τὴν
435 2787 768 2856 προφητείαν
823 2787 1124 2856 γενόμενοι,
1183 2788 1308 2851 εἰσὶ,
1358 2787 1485 2856 περὶ
1543 2779 1617 2839 ὧν
1684 2784 1855 2839 ταῦτα

276 2874 681 2944 προεφητεύετο
715 2874 825 2945 (41)
851 2892 864 2936 ;
892 2895 910 2926 ι
945 2878 1053 2929 Καὶ
1077 2876 1176 2929 οὐκ
1216 2872 1314 2929 οἷδ’
1344 2878 1492 2940 ὅπως
1539 2876 1856 2948 βουλόμενος

275 2962 374 3015 καὶ
422 2962 634 3030 ἑτέροις
689 2963 990 3029 περιθεῖναι
1047 2963 1110 3016 τὸ
1159 2964 1419 3018 δύνασθαι
1483 2960 1853 3029 ὑπονοεῖσθαι,

275 3053 361 3104 ὅτι
427 3054 581 3105 αὐτοὶ
648 3049 787 3123 ἦσαν
856 3056 906 3106 oi
986 3056 1496 3127 προφητευθέντες,
1554 3060 1716 3128 φησὶν
1775 3061 1856 3113 ὅτι

281 3164 300 3194 ι
326 3145 374 3196 οἱ
422 3144 521 3213 μὲν
555 3144 956 3208 ἐνθουσιῶντες,
992 3147 1041 3198 οἱ
1088 3147 1143 3199 δὲ
1188 3148 1500 3219 ἀγείροντες
1528 3150 1664 3219 (ἆῖ),
1695 3152 1855 3219 φασὶν

274 3235 435 3301 ἥκειν
466 3234 670 3287 ἄνωθεν
696 3236 823 3289 Υίὸν
855 3235 1008 3289 Θεοῦ.
1026 3256 1043 3287 ι
1069 3238 1144 3289 Οὐ
1163 3237 1270 3309 γὰρ
1308 3240 1669 3310 ἱστορήσαμεν
1701 3240 1854 3294 ταῦθ’

274 3323 659 3394 ὁμολογεῖσθαι
720 3324 870 3397 παρὰ
929 3328 1044 3388 τοῖς
1087 3326 1358 3389 Ἰουδαίοις
1403 3329 1703 3394 γεγονέναι.
1754 3331 1857 3382 Λε-

275 3416 439 3469 κτέον
470 3413 563 3469 οὖν
592 3416 827 3487 πρῶτον,
861 3417 943 3468 ὅτι
978 3417 1165 3469 πολλοὶ
1202 3419 1474 3489 προφῆται
1507 3419 1859 3481 παντοδαπῶς

277 3508 543 3577 προεῖπον
571 3506 641 3559 τά
680 3509 807 3579 περὶ
829 3507 1087 3579 Χριστοῦ,
1118 3510 1168 3560 οἱ
1205 3509 1303 3579 μὲν
1330 3510 1398 3563 δι’
1430 3511 1786 3581 αἰνιγμάτων,
1812 3512 1858 3563 οί

276 3597 333 3648 δὲ
361 3597 432 3649 δι’
463 3597 809 3669 ἀλληγορίας,
837 3599 869 3669 ἥ
900 3599 1043 3670 ἄλλῳ
1074 3601 1278 3671 τρόπῳ,
1313 3601 1456 3663 τινὲς
1480 3602 1536 3653 δὲ
1569 3602 1662 3655 καὶ
1700 3604 1881 3655 αὐτο-⁷

279 3687 448 3751 λεξεί.
473 3689 581 3741 Καὶ
635 3690 757 3743 ἐπεὶ
781 3691 838 3742 ἐν
871 3693 982 3753 τοῖς
1014 3690 1141 3761 ἑξῆς
1180 3708 1342 3761 φησιν
1376 3692 1432 3744 ἐν
1478 3696 1542 3763 τῇ
1588 3693 1683 3747 τοῦ
1730 3694 1859 3747 Ἰου-

278 3780 434 3833 δαίου
468 3780 606 3850 πρὸς
649 3782 777 3845 τοὺς
825 3782 933 3835 ἀπὸ
979 3783 1074 3836 τοῦ
1110 3783 1239 3836 λαοῦ
1270 3785 1622 3848 πιστεύοντας
1652 3792 1870 3858 προσωέ

283 3870 532 3941 ποποιίᾳ,
563 3871 661 3934 τὰς
698 3874 778 3935 εἰς
807 3872 877 3925 τὰ
908 3875 1037 3944 περὶ
1067 3873 1254 3927 τούτου
1301 3877 1709 3947 ἀναφερομένας
1740 3895 1865 3948 προ-

283 3960 515 4032 φητείας
556 3961 811 4015 δύνασθαι
849 3965 941 4018 καὶ
971 3964 1150 4028 ἄλλοις
1181 3966 1511 4038 ἐφαρμόζειν
1550 3968 1861 4039 πράγμασι,

281 4051 475 4115 δεινῶς
526 4053 621 4105 καὶ
674 4053 995 4124 κακούργως
1052 4054 1210 4108 τοῦτο
1270 4055 1476 4125 λέγων·
1520 4058 1708 4126 ὀλίγας
1756 4059 1864 4111 ἀπὸ

284 4143 548 4198 πλειόνων
572 4144 936 4216 ἐκθησόμεθα,
958 4146 1087 4217 περ)¹
1126 4140 1200 4199 ὧν
1224 4149 1252 4200 ὁ
1276 4147 1595 4220 βουλόμενος
1627 4152 1865 4217 ἀναγκα-

287 4234 474 4288 στικόν
490 4252 542 4287 τι
559 4236 640 4298 είς
657 4236 969 4306 ἀνατροπὴν
1001 4235 1181 4289 αὐτῶν
1210 4236 1437 4301 εἰπάτω,
1465 4237 1559 4290 καὶ
1574 4236 1864 4307 δυνάμενον

285 4326 555 4399 ὲντρεχῶς
606 4326 955 4390 πιστεύοντας
979 4327 1315 4397 μεταστῆσαι
1343 4328 1452 4381 ἀπὸ
1477 4328 1578 4398 τῆς
1612 4328 1861 4391 πίστεως.

1951 1894 2057 1933 non
2098 1892 2206 1947 quo
2237 1892 2495 1948 negemus
2516 1877 2712 1931 Filium
2741 1875 2831 1929 Dei
2862 1864 3518 1944 praenu'ntiatum‘fuisse;

1951 1973 2042 2029 sed
2068 1978 2127 2025 ut
2158 1972 2511 2026 ostendamus
2541 1968 2730 2023 Iudaeo
2778 1968 2905 2022 huic
2938 1966 3012 2021 rei
3060 1960 3282 2021 minime
3331 1980 3521 2021 assen-

1953 2065 2107 2121 tienti
2138 2062 2280 2118 male
2320 2062 2516 2117 ascribi
2551 2063 2669 2116 haec
2700 2073 2715 2114 :
2752 2078 2769 2110 ι
2799 2060 2946 2116 Meus
2987 2058 3249 2130 prepheta
3280 2058 3334 2112 in
3366 2055 3523 2113 Jero-

1953 2155 2179 2228 solymis
2207 2154 2337 2211 olim
2372 2153 2527 2217 dixit,
2557 2161 2844 2208 venturum
2876 2167 2997 2208 esse
3029 2152 3120 2205 Dei
3158 2150 3377 2204 Filium.
3405 2168 3424 2202 ι

2023 2248 2113 2303 50.
2150 2246 2354 2302 Deinde
2381 2245 2535 2315 quasi
2580 2247 2681 2301 hoc
2717 2245 2889 2301 solum
2954 2244 3020 2297 de
3058 2242 3275 2298 Christo
3330 2239 3527 2310 praedi-

1955 2348 2103 2395 ctum
2137 2340 2352 2404 fuisset,
2381 2337 2529 2391 illum
2558 2336 2672 2392 fore
2701 2346 2755 2393 et
2785 2338 2993 2407 piorum
3020 2334 3256 2403 indicem
3284 2342 3338 2387 et
3364 2332 3528 2401 puni-

1962 2442 2138 2485 torem
2170 2430 2561 2499 improborum,
2597 2439 2652 2484 et
2679 2428 2957 2498 propheta:
2984 2428 3050 2481 de
3089 2424 3234 2479 illius
3273 2432 3420 2489 ortu,
3453 2423 3521 2477 de

1958 2520 2222 2589 supplicio
2248 2533 2354 2587 quo
2380 2518 2533 2572 illum
2567 2519 2807 2572 necaturi
2843 2526 3001 2571 erant
3025 2515 3219 2580 Judaei,
3248 2515 3313 2569 de
3337 2528 3526 2568 resur-

1959 2610 2202 2665 rectione
2252 2609 2645 2677 miraculisque
2698 2607 2765 2661 ab
2822 2607 2914 2661 illo
2974 2606 3256 2676 patrandis
3304 2605 3530 2659 omnino

1959 2702 2255 2768 siluissent,
2290 2701 2364 2754 ait
2396 2716 2454 2755 τι
2479 2699 2582 2765 Qui
2626 2698 2796 2767 magis
2844 2699 2897 2751 in
2936 2707 2989 2751 te
3028 2696 3347 2751 vaticinium
3383 2695 3528 2750 istud

1960 2794 2230 2858 convenit,
2265 2808 2426 2861 quam
2466 2793 2521 2846 in
2571 2799 2861 2847 sexcentos
2899 2788 3055 2855 alios,
3098 2788 3188 2859 qui
3227 2797 3351 2856 post
3397 2787 3530 2841 illud

1962 2887 2072 2939 nali
2126 2886 2338 2940 sunt?»
2378 2884 2514 2938 Tum
2570 2886 2724 2952 quasi
2785 2880 3112 2949 persuadere
3172 2879 3332 2934 vellet
3392 2878 3530 2933 alios

1961 2976 2156 3039 fuisse,
2188 2976 2386 3043 quibus
2417 2976 2521 3028 hoc
2541 2972 2857 3026 vaticinium
2889 2968 3293 3039 accommodari
3321 2968 3532 3037 potuis-

1960 3076 2063 3133 set,
2092 3067 2286 3120 asserit
2312 3066 2497 3119 nescio
2529 3079 2636 3133 quo
2685 3071 3009 3131 argumento
3047 3061 3243 3124 fretus,
3286 3080 3303 3111 ι
3328 3060 3531 3115 fanati-

1961 3175 2054 3213 cos
2089 3167 2147 3212 ct
2194 3159 2519 3227 impostores
2549 3170 2701 3223 esse,
2735 3155 2824 3224 qui
2877 3170 2939 3210 se
2979 3155 3160 3209 dicant
3208 3153 3402 3208 Filium
3438 3152 3530 3209 Dei

1958 3261 2080 3301 esse
2113 3245 2288 3311 illum,
2324 3244 2413 3313 qui
2452 3243 2689 3299 crelitus
2719 3243 2948 3297 venerit.
2977 3262 2995 3294 ι
3035 3240 3221 3312 Neque
3252 3244 3397 3296 enim
3434 3257 3534 3313 au-

1961 3335 2194 3388 divimus
2252 3334 2304 3386 in
2355 3332 2607 3387 confesso
2641 3347 2760 3387 esse
2808 3332 2912 3385 tale
2952 3332 3229 3401 quippiam
3267 3333 3410 3401 apud
3443 3326 3537 3386 Ju-

1962 3426 2105 3479 dzcos
2135 3423 2423 3479 accidisse.
2475 3424 2716 3478 Primum
2771 3422 2934 3492 igitur
2971 3422 3407 3490 respondendum
3448 3431 3533 3476 est

1964 3514 2153 3567 multis
2182 3528 2210 3565 a
2247 3513 2528 3582 prophetis
2563 3512 2711 3565 varia
2742 3512 2810 3565 de
2838 3508 3058 3566 Christo
3100 3510 3246 3564 edita
3279 3524 3401 3565 esse
3436 3524 3530 3563 va-

1966 3605 2172 3669 ticinia,
2207 3620 2326 3673 qua:
2363 3604 2453 3657 alii
2507 3604 2818 3673 aenigmatis
2869 3602 3286 3669 occultaverint,
3322 3602 3420 3657 alii
3452 3605 3541 3656 in-

1962 3695 2230 3750 vnlverint
2264 3694 2534 3762 allegoriis
2558 3703 2650 3747 aut
2676 3692 2781 3747 alio
2809 3694 2989 3756 modo,
3024 3691 3115 3746 alii
3164 3691 3381 3748 disertis
3413 3707 3551 3749 ver-7

1967 3789 2048 3841 his
2074 3786 2447 3854 conceperint.
2482 3784 2545 3837 Et
2566 3783 2691 3853 quia
2720 3784 3128 3839 commentitius
3154 3782 3293 3840 Celsi
3316 3783 3536 3840 Iudaeus

1966 3882 2018 3932 in
2045 3879 2401 3947 sequentibus
2431 3876 2673 3943 improbe
2699 3885 2755 3931 et
2784 3876 2928 3930 malo
2965 3875 3150 3929 animo
3181 3874 3312 3929 dicit
3346 3877 3414 3930 iis
3441 3877 3533 3943 qui

1965 3989 1995 4027 e
2024 3986 2122 4025 suo
2154 3970 2354 4040 p0pulo
2382 3970 2636 4033 credunt,
2680 3967 2895 4038 vulgata
2931 3966 2999 4021 de
3025 3966 3245 4023 Christo
3278 3969 3534 4022 vaticinia

1968 4076 2128 4131 posse
2169 4072 2223 4115 ct
2258 4061 2323 4115 ad
2357 4060 2461 4112 alia
2505 4059 2717 4129 negotia
2752 4060 3055 4127 pertinere;
3090 4072 3258 4126 pauca
3292 4074 3322 4113 e
3354 4058 3537 4112 multis

1967 4165 2327 4219 exponemus,
2356 4164 2476 4218 quae
2511 4148 2555 4202 si
2610 4148 2735 4215 quis
2766 4156 3088 4214 pervertere
3118 4147 3373 4211 voluerit,
3405 4160 3537 4213 pro-

1970 4240 2108 4294 ferat
2142 4241 2405 4309 quidquid
2440 4240 2601 4292 habet
2635 4238 2868 4291 validius
2896 4238 3326 4305 quodque‘pntat
3365 4238 3538 4306 magis

1968 4340 2125 4394 posse
2155 4341 2183 4377 a
2210 4326 2313 4377 [ide
2343 4326 2623 4378 deterrere
2662 4337 2756 4378 eos
2799 4324 2893 4392 qui
2925 4321 3220 4391 prudenter
3250 4324 3498 4379 credunt.

359 4413 588 4484 Εἴρηται
612 4416 674 4485 δὴ
718 4415 847 4486 περ).
890 4415 987 4485 μὲν
1023 4415 1117 4467 τοῦ
1151 4417 1316 4469 τόπου
1337 4418 1437 4488 τῆς
1467 4419 1735 4486 γενέσεως
1767 4418 1853 4471 αὐ·

2040 4415 2127 4469 51.
2162 4416 2241 4468 Ac
2276 4416 2342 4468 de
2378 4415 2497 4469 luco
2527 4415 2747 4483 quidem
2780 4414 2870 4469 ubi
2898 4414 3204 4469 nasciturus
3236 4427 3373 4480 erat,
3400 4431 3538 4486 pra:-

285 4504 404 4570 τοῦ,
432 4506 513 4557 ὅτι
544 4507 653 4559 ἀπὸ
682 4507 927 4577 Βηθλεὲμ
961 4508 1299 4574 ἐξελεύσεται
1333 4510 1360 4561 ό
1389 4510 1707 4580 ἡγούμενος,
1737 4509 1861 4562 τοῦ-

284 4613 381 4650 τον
403 4596 491 4649 τὸν
515 4598 713 4669 τρόπον
730 4615 744 4627 ο
789 4619 805 4649 ι
826 4599 935 4653 Καὶ
961 4600 1025 4651 σὺ
1057 4599 1328 4671 Βηθλεὲμ,
1361 4596 1512 4664 οἶκος
1531 4601 1625 4655 τοῦ
1661 4603 1861 4671 Ἐφρα-

289 4685 379 4751 θὰ,
408 4688 507 4741 οὐκ
530 4688 803 4757 ὀλιγοστὸς
836 4687 887 4742 εἶ
920 4690 1028 4762 (45)
1056 4692 1150 4745 τοῦ
1196 4690 1335 4749 εἶναι
1368 4696 1424 4747 ἐν
1458 4694 1695 4764 χιλιάσιν
1733 4694 1865 4747 Ἰού-

286 4781 387 4834 δα’
424 4785 487 4833 ὲκ
519 4782 613 4834 σοῦ
642 4783 748 4853 γάρ
784 4801 872 4854 μοι
904 4783 1240 4849 ἐξελεύσεται
1266 4786 1359 4840 τοῦ
1392 4784 1528 4840 εἶναι
1558 4790 1638 4851 εἰς
1672 4787 1864 4859 ἄρχον-

286 4890 361 4929 τα
388 4873 446 4924 ὲν
475 4872 553 4942 τῷ
585 4876 826 4947 Ἰσραήλο
862 4878 957 4929 καὶ
995 4880 1050 4931 αἱ
1084 4878 1251 4942 ἔξοδοι
1276 4879 1437 4932 αὐτοῦ
1463 4879 1558 4932 ἀπ’
1591 4879 1766 4948 ἀρχῆς
1806 4879 1865 4943 ἐξ

288 4964 519 5039 ¹ἡμερῶν
550 4966 772 5030 αἰῶνος·
795 4987 815 5020 ι
849 4969 985 5042 αὕτη
1013 4971 1056 5023 δ’
1091 4973 1122 5041 ἠ
1157 4970 1461 5042 προφητεία
1497 4970 1672 5023 οὐδενὶ
1698 4970 1866 5042 ἁρμό-

368 5081 411 5114 ¹⁰
443 5080 607 5134 Mieh.
646 5095 698 5146 v,
730 5080 786 5134 ‘2.

365 5176 477 5247 (59)
524 5176 979 5247 Προφητενὺεται.
1043 5176 1297 5234 Gelenius
1344 5178 1614 5245 interpres
1660 5176 1872 5229 videtur

295 5246 495 5315 legisse
522 5246 988 5315 πεπροφήτευται.

370 5312 484 5383 (40)
501 5312 693 5370 'Codd.
718 5312 851 5381 Reg.
880 5325 935 5367 et
962 5313 1309 5377 Basileensis,
1335 5314 1410 5377 ὡς
1432 5314 1492 5366 οὐ
1528 5312 1714 5382 μόνου.

371 5383 486 5470 tu)
518 5386 652 5440 Tres
672 5384 977 5457 Anglicani,
1001 5384 1138 5453 Reg.
1169 5396 1223 5439 et
1252 5383 1604 5448 Basileensis,
1632 5384 1871 5453 ἐπροφη-

294 5473 389 5510 τευ
398 5473 502 5510 ετο.

371 5527 482 5599 (42)
513 5527 666 5583 Libb.
702 5526 835 5599 editi
876 5524 945 5599 ad
976 5524 1303 5594 marginem,
1334 5521 1659 5592 ἐγείροντες,
1683 5521 1867 5591 sicque

299 5597 414 5651 tres
453 5597 584 5653 mss.
618 5597 927 5664 Anglicani.

378 5666 486 5737 (45)
530 5669 649 5720 Οὐκ
685 5661 1001 5736 όζιιγοστὸς
1032 5661 1102 5719 εἷ.
1138 5665 1179 5719 A
1230 5664 1437 5737 duobus
1473 5661 1784 5737 Anglicanis
1812 5670 1866 5737 et

302 5733 527 5807 utroque
557 5733 819 5793 Vaticano
864 5739 1018 5792 abest
1046 5737 1163 5801 οὐκ,
1202 5734 1655 5804 quemadmodum
1685 5751 1713 5787 ιι
1748 5733 1863 5787 vul-

1968 4507 2169 4561 dicitur
2189 4506 2305 4560 fore
2339 4517 2397 4559 ut
2447 4524 2511 4560 ex
2563 4506 2847 4561 Bethleem
2886 4508 3136 4578 prodeat,
3169 4508 3257 4576 qui
3284 4507 3538 4577 princeps

1971 4598 2184 4651 iuturus
2213 4606 2352 4651 erat.
2404 4597 2688 4667 Propheta:
2725 4600 2889 4653 verba
2933 4606 3063 4653 sunt
3100 4618 3111 4652 :
3147 4592 3254 4668 (Et
3289 4607 3357 4653 ιιι·
3377 4590 3541 4653 Belli-4

1968 4690 2132 4753 Icem,
2173 4690 2370 4743 domus
2418 4690 2719 4759 Ephratha,
2755 4702 2863 4745 non
2913 4690 3138 4746 minima
3187 4706 3245 4745 es
3289 4698 3347 4744 ut
3378 4691 3453 4745 sis
3485 4690 3539 4744 in

1969 4782 2210 4836 millibus
2239 4780 2398 4837 Juda.
2442 4783 2518 4835 Ex
2555 4792 2606 4836 te
2634 4784 2777 4837 enim
2813 4784 2946 4838 mihi
2984 4783 3295 4854 egredietur
3342 4784 3432 4852 qui
3467 4783 3539 4837 sit

1972 4873 2282 4928 dominator
2334 4873 2387 4927 in
2439 4873 2627 4938 lsracl,
2662 4883 2715 4928 et
2762 4884 3019 4945 egressus
3048 4872 3164 4942 ejus
3203 4874 3272 4928 ab
3302 4873 3478 4938 initio,
3505 4888 3538 4927 a

1976 4966 2169 5020 diebus
2217 4967 2540 5020 aeternitatis
2563 4966 2625 5019 ¹⁸.
2651 4986 2669 5018 ι
2718 4966 2829 5021 Hoc
2857 4952 3018 5037 367
3053 4966 3366 5021 vaticinium
3406 4958 3538 5019 nulli

1980 5182 2107 5241 gate
2143 5172 2301 5225 textu
2338 5170 2446 5223 τῶν
2499 5174 2572 5223 0'.
2606 5170 2790 5240 Neque
2840 5172 3021 5241 etiam;
3059 5171 3213 5224 hanc
3251 5168 3549 5241 negantem

1980 5235 2299 5310 particulam
2350 5244 2597 5310 agnoscit
2658 5235 2921 5296 Eusebius
2972 5239 3061 5293 lil).
3100 5255 3138 5291 ιι
3169 5248 3222 5310 e_t
3252 5235 3540 5310 vltuljlvane

1979 5304 2159 5379 gelicw
2189 5304 2677 5381 demens—(rationis,
2710 5321 2765 5364 at
2792 5316 3125 5381 agnoverunt
3169 5304 3543 5381 Tertullianus

1978 5374 2032 5435 et
2080 5380 2403 5451 Cyprianus
2424 5381 2521 5435 lib.
2570 5397 2611 5435 ιι
2645 5374 2959 5442 Τεδιὶηιόηη
3014 5376 3173 5451 cujus
3206 5374 3537 5451 verbalibct

1976 5444 2288 5505 ascribere:
2322 5469 2340 5501 ι
2371 5450 2429 5504 Et
2472 5461 2551 5517 tu,
2585 5451 2881 5511 Bethleem,
2914 5451 3105 5517 domus
3137 5444 3411 5517 Epitratat.
3428 5452 3533 5496 non

1975 5522 2163 5590 exigua
2200 5534 2279 5584 es,
2317 5530 2376 5573 ut
2411 5512 2762 5590 constituaris
2810 5519 2861 5570 in
2915 5514 3153 5590 millibus
3194 5512 3534 5590 JudaJCX‘tc

1974 5582 2107 5661 milii
2131 5582 2411 5661 procedet,
2442 5597 2500 5642 ut
2531 5589 2602 5661 sit
2637 5582 3071 5661 princepsuapud
3104 5582 3299 5661 Israel“;
3334 5582 3535 5661 Clyto-

1976 5653 2249 5716 ccssiones
2286 5653 2407 5729 ejus
2448 5674 2475 5712 a
2522 5653 2790 5729 principio
2823 5670 2849 5706 a
2885 5654 3072 5729 diebus
3107 5653 3311 5729 saeculi.
3340 5671 3357 5701 ο
3395 5654 3536 5729 Mat—

1976 5733 2146 5788 tlncus
2198 5722 2531 5798 evangelista
2570 5741 2626 5793 ιι,
2660 5722 2717 5793 6,
2756 5727 2897 5781 hunc
2954 5722 3189 5779 Miclneze
3236 5724 3419 5779 locum
3454 5723 3533 5776 sic
