3988 6156
449 349 556 405 755

1920 344 2240 400 ORIGENIS

3606 333 3717 388 756

450 465 714 527 fanatico,
749 461 882 516 nulli
909 458 1209 530 impostori,
1239 459 1372 514 nulli
1399 474 1586 515 eorum
1611 462 1702 531 qui
1729 476 1788 518 se
1813 460 2020 517 cmlitns

2134 477 2223 512 σαι
2255 458 2319 512 ἂν
2346 456 2451 510 τῶν
2471 497 2484 520 ,
2520 455 2596 517 ὥς
2643 471 2804 526 φησιν
2828 454 2856 504 6
2887 451 3038 524 παρά
3081 450 3158 521 τῷ
3195 451 3383 519 Κέλσῳ
3435 449 3710 516 Ἰουδαῖος,

452 555 672 608 venisse
697 551 1013 622 praedicant,
1054 557 1114 604 ut
1143 549 1218 603 ait
1244 547 1386 606 Celsi
1421 549 1672 616 Judzeus,
1723 567 2028 606 accommo-

453 645 690 711 daveris,
743 644 845 697 nisi
897 645 942 698 is
977 643 1386 700 demonstretur
1432 646 1482 701 in
1515 645 1789 699 Bethleem
1849 657 2025 710 natus,

455 744 572 802 aut,
618 745 676 788 nt
706 733 846 788 alius
913 731 1055 786 forte
1108 733 1327 799 dixerit,
1359 749 1425 790 ex
1459 735 1732 808 Bethleem
1779 751 2032 805 egressus

455 826 522 878 ad
549 825 837 893 regendum
869 824 1145 893 populum.
1174 823 1291 879 Jam
1323 827 1367 880 si
1396 829 1518 895 quis
1549 831 1651 882 hoc
1677 826 1912 882 Miehmte
1935 843 2029 879 va-

454 912 638 966 ticiuio
667 912 1006 981 historiaque
1055 914 1108 966 in
1157 912 1449 984 Evangelio
1495 933 1522 970 a
1579 916 1704 972 Jesu
1756 916 2032 983 diScipnlis

450 1002 648 1072 scripta
674 1003 897 1056 minime
916 1011 1228 1070 contentus,
1270 1005 1413 1058 ultra
1443 1007 1724 1074 quaesierit
1753 1007 2028 1076 quidpiam

451 1094 595 1148 aliud
624 1108 733 1163 quo
775 1095 1168 1162 persuadeatur
1219 1097 1403 1152 Jesum
1435 1100 1486 1152 in
1519 1100 1794 1154 Bethleem
1844 1111 2028 1155 natum

448 1199 604 1251 esse;
633 1185 678 1240 is
705 1185 972 1254 recogitet
1007 1186 1060 1239 in
1090 1187 1366 1242 Bethleem
1394 1190 1691 1244 monstrari
1717 1193 2029 1260 speluncam

449 1276 506 1330 in
536 1292 643 1346 qua
680 1285 837 1330 natus
865 1285 982 1339 est,
1030 1279 1162 1331 etin
1195 1278 1446 1348 spelunca
1490 1295 1758 1348 praesepe,
1810 1281 1897 1334 ubi
1950 1291 2032 1334 est

448 1366 634 1422 fasciis
676 1369 994 1432 obvolutus;
1050 1383 1169 1437 qua:
1217 1370 1397 1423 omnia
1462 1380 1819 1425 consentanea
1903 1383 2030 1425 sunt

448 1467 686 1512 narratae
715 1459 767 1511 in
795 1458 1088 1529 Evangelio
1113 1461 1178 1512 de
1207 1469 1330 1512 ortu
1362 1458 1478 1525 ejus
1534 1460 1798 1515 historiae.
1853 1463 2030 1530 Atque

449 1550 554 1603 hoc
580 1549 635 1603 in
663 1548 799 1603 locis
826 1549 933 1602 illis
971 1549 1349 1620 pervulgatum
1380 1560 1462 1604 est
1493 1559 1655 1619 atque
1683 1553 1846 1604 etiam
1885 1553 2025 1620 apud

451 1640 576 1694 ﬁdei
606 1641 788 1695 hostes
819 1640 1169 1704 celebratum,
1210 1641 1263 1693 in
1292 1640 1382 1693 illa
1413 1642 1670 1710 spelunca
1703 1652 1885 1695 natum
1907 1658 2026 1696 esse

449 1745 595 1795 eum,
618 1744 778 1798 quem
807 1729 1101 1784 Christiani
1130 1729 1428 1784 adorantet
1449 1732 1802 1795 admirantur,
1823 1729 2025 1786 Jesum.

2132 549 2526 604 ἐνθουσιώντων
2546 588 2561 612 ,
2607 547 2702 600 καὶ
2749 545 3076 616 ἀγειρόντων
3121 543 3234 613 (44)
3254 583 3269 607 ,
3307 543 3402 594 καὶ
3441 542 3710 610 λεγόντων

2130 643 2335 698 ἄνωθεν
2371 644 2524 713 ἥκειν
2545 658 2558 671 ·
2591 640 2685 693 ὲάν
2713 639 2787 711 μὴ
2829 637 3012 707 σαφῶς
3037 635 3341 704 δεικνύηται
3369 636 3436 686 ἐκ
3465 631 3710 703 Βηθλεὲμ

2131 732 2539 802 γεγεννημένος,
2565 730 2599 800 ἢ
2631 730 2727 799 (ὡς
2749 729 2814 783 ἂν
2844 727 2987 781 εἴποι
3015 743 3099 789 τις
3122 724 3298 794 ἄλλος)
3324 724 3431 776 ἀπὸ
3465 723 3709 794 Βηθλεὲμ

2133 827 2223 878 ἐπὶ
2252 826 2312 878 τὸ
2343 824 2588 894 ἡγεῖσθαι
2626 821 2719 874 τοῦ
2747 818 2874 873 λαοῦ
2901 820 3208 890 ἐρχόμενος.
3239 817 3372 886 Περὶ
3398 815 3455 868 δὲ
3483 814 3580 867 τοῦ
3618 832 3708 882 γε-

2130 918 2416 988 γεννῆσθαι
2439 917 2528 972 τὸν
2569 913 2775 986 Ἰησοῦν
2819 915 2878 966 ἐν
2921 912 3184 984 Βηθλεὲμ,
3230 911 3276 962 εἰ
3328 907 3576 979 βούλεταί
3627 925 3708 970 τις

2133 1009 2271 1080 μετά
2307 1008 2404 1077 τὴν
2449 1005 2540 1060 τοῦ
2597 1005 2828 1074 Μιχαίου
2881 1001 3232 1073 προφητείαν,
3293 999 3385 1054 καὶ
3432 997 3570 1070 μετὰ
3609 998 3707 1070 τὴν

2131 1096 2623 1170 ἀναγεγραμμένην
2648 1097 2706 1150 ὲν
2735 1097 2845 1156 τοῖς
2877 1090 3230 1160 Εὑαγγελίοις
3267 1088 3372 1141 ὑπὸ
3392 1087 3488 1140 τοῦ
3533 1086 3706 1157 Ἰησοῦ

2135 1191 2386 1262 μαθητῶν
2415 1188 2674 1258 ἱστορίαν,
2706 1185 2800 1238 καὶ
2829 1182 3046 1237 ἄλλοθεν
3081 1177 3394 1249 πεισθῆναι,
3439 1193 3705 1247 κατανοη-

2133 1284 2307 1346 σάτω,
2331 1282 2412 1335 ὅτι
2443 1278 2750 1339 ἀκολούθως
2775 1279 2841 1346 τῇ
2882 1277 2939 1328 ὲν
2966 1273 3044 1342 τῷ
3079 1269 3396 1339 Εὑαγγελίῳ
3433 1269 3563 1340 περὶ
3610 1269 3706 1339 τῆς

2131 1375 2391 1442 γενέσεως
2441 1369 2602 1424 αὐτοῦ
2664 1367 2894 1437 ἱστορίᾳ,
2951 1364 3219 1417 δείκνυται
3259 1360 3320 1412 τὸ
3363 1361 3422 1414 ὲν
3465 1360 3706 1430 Βηθλεὲμ

2133 1461 2389 1533 σπήλαιον
2419 1459 2550 1529 (45),
2582 1455 2708 1509 ἔνθα
2750 1452 3032 1522 ἐγεννήθη,
3070 1452 3164 1503 καὶ
3191 1453 3224 1520 ἡ
3252 1451 3310 1502 ὲν
3335 1450 3417 1520 τῷ
3459 1450 3709 1521 σπηλαίῳ

2132 1551 2323 1620 φάτνη,
2352 1547 2479 1600 ἔνθα
2520 1541 2934 1616 ὲσπαργανώθη.
2961 1541 3070 1594 Καὶ
3101 1541 3163 1592 τὸ
3192 1539 3534 1609 δεικνύμενον
3554 1539 3705 1592 τοῦτο

2131 1639 2410 1710 διαϐόητόν
2461 1638 2607 1689 ἐστιν
2658 1635 2716 1688 ὲν
2752 1636 2864 1696 τοῖς
2907 1632 3090 1694 τόποις
3133 1631 3227 1684 καὶ
3261 1629 3412 1700 παρά
3458 1633 3570 1693 τοῖς
3612 1633 3707 1702 τῆς

2131 1737 2363 1797 πίστεως
2388 1731 2705 1802 ἀλλοτρίοις,
2737 1730 2812 1792 ὼς
2836 1728 2944 1798 ἄρα
2981 1728 3037 1780 ὲν
3065 1726 3144 1797 τῷ
3180 1725 3429 1798 σπηλαίῳ
3469 1726 3642 1797 τούτῳ
3678 1728 3706 1778 6

448 1819 710 1888 Equidem
739 1818 989 1874 existimo
1020 1821 1291 1888 principes
1343 1821 1692 1874 sacerdotum
1727 1831 1779 1874 et
1810 1823 2020 1876 scribas

2130 1827 2234 1879 ὑπὸ
2245 1828 2290 1878 Χ
2299 1792 2581 1895 ρι’στιανῶν
2595 1792 2894 1894 προσκυνοῦ
2903 1837 3057 1892 μενος
3072 1792 3180 1892 (16)
3195 1792 3288 1872 καί
3303 1792 3547 1889 Θαυ-μαζό
3554 1792 3707 1887 μενος

449 1911 634 1980 populi
666 1910 746 1965 vel
778 1919 904 1965 ante
951 1911 1240 1963 adventum
1297 1909 1499 1964 Christi
1547 1920 1768 1978 prepter
1815 1910 2022 1979 perspi-

453 2003 710 2056 cuitatem
740 2011 795 2056 et
831 2001 1156 2056 evidentiam
1217 2001 1514 2070 prephetia:
1568 2001 1817 2055 docuisse
1861 1999 2020 2054 Chri-

452 2104 596 2149 stum
622 2094 676 2148 in
698 2093 968 2149 Bethleem
999 2092 1351 2146 nasciturum.
1392 2092 1502 2146 lmo
1555 2093 1696 2162 apud
1753 2092 1951 2146 multos
1993 2107 2023 2146 e

453 2183 653 2240 Judtcis
687 2185 1070 2254 percrebuerat
1113 2185 1199 2239 hic
1241 2199 1443 2238 rumor.
1483 2182 1634 2238 Unde
1669 2194 1723 2239 et
1756 2183 2020 2238 Herodem

452 2289 566 2328 rem
598 2275 934 2330 sciscitatum
975 2290 1041 2330 ex
1073 2273 1405 2344 principibus
1435 2273 1778 2328 sacerdotum
1813 2275 2024 2328 etscri-

453 2367 533 2418 his
560 2367 816 2435 populi",
849 2367 899 2419 id
929 2365 996 2419 ab
1021 2367 1100 2420 eis
1133 2366 1372 2436 responsi
1411 2366 1600 2420 tulisse
1630 2366 1892 2434 scriptum
1919 2377 2022 2428 cst,

451 2459 726 2512 Christum
785 2461 838 2513 in
890 2459 1168 2513 Bethleem
1243 2459 1440 2514 Judzcae
1494 2459 1824 2521 nasciturum
1883 2473 2021 2521 esse,

451 2567 570 2619 qua:
596 2549 700 2606 fuit
749 2551 970 2607 Davidis
1019 2551 1220 2622 patria.
1247 2550 1385 2616 Quin
1414 2558 1466 2605 et
1501 2550 1553 2603 in
1587 2549 1878 2618 Evangelio
1937 2563 2024 2602 se-

451 2645 686 2698 cundum
717 2642 982 2698 Joannem
1009 2642 1178 2698 Judaei
1206 2643 1392 2699 dicunt
1434 2650 1720 2695 venturum
1749 2641 2020 2694 Christum

455 2753 476 2785 ι
522 2737 587 2790 de
613 2735 913 2801 Bethleem,
945 2735 1086 2789 unde
1110 2745 1229 2788 erat
1267 2735 1516 2790 David".
1547 2753 1565 2787 ι
1593 2733 1698 2788 Sed
1718 2742 1844 2787 nato
1861 2733 2021 2788 Chri-

451 2839 560 2890 sto,
593 2828 682 2897 qui
711 2827 853 2880 enixi
899 2835 1045 2890 sunt,
1075 2835 1133 2880 ut
1157 2827 1482 2895 impedirent
1521 2826 1649 2894 quin
1681 2825 1798 2894 ejus
1829 2826 2024 2879 nativis

451 2921 579 2975 tatis
629 2920 780 2974 locus
819 2919 1134 2973 crederetur
1174 2918 1493 2986 jamdudum
1532 2933 1651 2972 esse
1693 2919 2022 2986 przcnuntia-

453 3024 563 3074 tus,
591 3009 659 3062 ab
693 3025 752 3064 ea
799 3025 858 3064 re
889 3011 1130 3064 docenda
1190 3009 1592 3062 abstinuerunt.
1627 3010 1681 3061 In
1714 3024 1820 3077 quo
1866 3008 2022 3076 plane

2124 1915 2442 1984 γεγέννηται
2525 1910 2750 1982 Ἰησοῦς.
2798 1909 2937 1978 Ἐγὼ
2986 1910 3031 1963 δ’
3068 1905 3254 1980 οἶμαι,
3309 1909 3390 1961 ὅτι
3447 1907 3553 1977 πρὸ
3613 1907 3705 1976 μὲν

2123 2010 2221 2078 τῆς
2249 2004 2484 2076 Χριστοῦ
2516 2005 2808 2074 ἐπιδημίας
2832 2005 2880 2056 οἱ
2907 2005 3182 2073 ἀρχιερεῖς
3214 2001 3318 2069 ,καὶ
3361 1999 3706 2070 γραμματεῖς

2121 2099 2215 2152 τοῦ
2239 2097 2390 2160 λαοῦ,
2416 2095 2504 2149 διὰ
2530 2096 2590 2148 τὸ
2615 2095 2782 2164 σαφὲς
2821 2095 2912 2146 καὶ
2946 2094 3172 2164 ἐναργὲς
3211 2091 3309 2160 τῆς
3349 2090 3703 2161 προφητείας,

2123 2188 2418 2250 ἐδίδασκον,
2461 2186 2542 2238 ὅτι
2572 2185 2601 2237 6
2646 2184 2876 2254 Χριστὸς
2911 2184 2969 2235 ὲν
3003 2182 3247 2254 Βηθλεὲμ
3298 2180 3703 2252 γεννηθήσεται.

2123 2281 2231 2334 Καὶ
2259 2280 2488 2348 ἔφθανεν
2518 2278 2629 2348 (47)
2654 2279 2683 2330 6
2708 2277 2862 2345 λόγος
2887 2269 3039 2339 οὗτος
3069 2277 3159 2329 καὶ
3197 2276 3289 2329 ἐπὶ
3320 2275 3447 2346 τοὺς
3475 2275 3702 2338 πολλοὺς

2122 2371 2230 2425 τῶν
2298 2371 2592 2424 Ἰουδαίων·
2639 2369 2760 2423 ὅθεν
2811 2369 2904 2421 καὶ
2938 2370 2966 2420 6
3003 2367 3247 2439 Ἡρώδης
3296 2368 3703 2438 ἀναγέγραπται

2124 2464 2524 2533 πυνθανόμενος
2569 2461 2677 2514 τῶν
2719 2461 3016 2532 ἀρχιερέων
3062 2461 3156 2514 καὶ
3195 2460 3566 2532 γραμματέων
3611 2459 3702 2511 τοῦ

2123 2555 2275 2619 λαοῦ,
2317 2557 2612 2626 ἀκηκοέναι
2650 2556 2780 2624 παρ’
2816 2553 3022 2620 αὐτῶν,
3063 2555 3146 2606 ὅτι
3177 2556 3206 2606 6
3241 2553 3475 2624 Χριστὸς
3509 2552 3567 2605 ἐν
3599 2553 3702 2621 Βη-

2124 2647 2286 2716 θλεὲμ
2331 2648 2428 2717 τῆς
2473 2646 2728 2707 Ἰουδαίας
2749 2644 3155 2715 γεννηθήσεται,
3195 2640 3315 2698 ὅθεν
3356 2639 3424 2714 ἦν
3459 2646 3488 2696 6
3525 2643 3700 2699 Δαυῖδ.

2127 2735 2244 2786 Ἔτι
2271 2734 2326 2786 δὲ
2350 2734 2443 2786 καὶ
2470 2734 2526 2786 ὲν
2549 2732 2624 2802 τῷ
2653 2734 2795 2786 κατά
2832 2732 3083 2802 Ἰωάννην
3107 2733 3371 2797 λέλεκται,
3423 2732 3702 2796 Ἰουδαίους

2122 2827 2399 2896 εἰρηκέναι
2425 2827 2505 2878 ὅτι
2533 2828 2561 2879 6
2584 2827 2816 2896 Χριστὸς
2850 2827 3238 2898 γεννηθήσεται
3286 2847 3305 2877 ‹
3352 2829 3410 2880 ὲν
3440 2827 3698 2897 Βηθλεὲμ,

2121 2915 2242 2968 ὅθεν
2271 2920 2300 2969 6
2322 2916 2484 2970 Δαυῒδ
2498 2913 2584 2987 ἦν.
2619 2937 2636 2967 ι
2664 2917 2820 2970 Μετά
2841 2918 2897 2970 δὲ
2933 2919 3030 2987 τὴν
3063 2917 3296 2989 Χριστοῦ
3336 2918 3624 2989 ἐπιδημίαν
3655 2921 3699 2970 oi

2125 3005 2632 3075 πραγματευόμενοι
2665 3005 2909 3058 καθελεῖν
2941 3004 3035 3074 τὴν
3078 3006 3205 3074 περὶ
3233 3003 3392 3057 αὐτοῦ
3442 3003 3701 3072 ὑπόληψιν

452 3101 693 3168 germani
727 3099 946 3153 luerunt
976 3100 1167 3166 iis.qui
1196 3098 1396 3152 milites
1425 3098 1657 3167 sepulcri
1687 3099 1940 3152 custodes
1969 3108 2020 3151 et

2128 3096 2200 3158 ὼς
2229 3095 2691 3166 προφητευθέντος
2707 3096 2911 3150 ἄνωθεν
2926 3096 3018 3150 τοῦ
3038 3115 3103 3148 πε
3109 3098 3164 3167 pi.
3177 3096 3279 3164 τῆς
3289 3095 3411 3163 γενέ
3421 3112 3554 3156 σεως
3571 3094 3697 3161 (48),

453 3190 695 3246 oculatus
749 3189 1161 3246 resurrectionis
1216 3197 1381 3243 testes
1431 3187 1828 3240 admonuerunt
1865 3188 2020 3240 haec:

459 3299 478 3331 ι
517 3280 686 3334 Dicite
709 3279 836 3348 quia
879 3278 1135 3344 Discipuli
1169 3279 1281 3346 ejus
1325 3287 1470 3331 nocte
1511 3284 1781 3341 venerunt,
1838 3285 1889 3330 et
1936 3277 2022 3344 fu-

455 3369 560 3423 rati
597 3379 716 3424 sum
757 3384 873 3420 eunt
919 3368 1067 3421 nobis
1119 3367 1519 3420 dormientibus.
1563 3369 1628 3422 Et
1668 3367 1709 3421 si
1740 3367 1839 3420 hoc
1874 3368 2026 3418 audi-

455 3471 568 3513 tum
607 3459 768 3512 fuerit
803 3475 831 3510 a
862 3458 1109 3525 praeside,
1149 3473 1244 3512 nos
1275 3457 1618 3511 suadebimus
1659 3459 1730 3520 ei,
1773 3465 1825 3510 et
1868 3472 2021 3511 secn-

456 3565 550 3605 ros
577 3565 674 3604 vos
708 3549 1052 3605 faciemus".
1091 3571 1109 3604 ι
1195 3542 1201 3546 ’

2074 3176 2095 3195 ²
2125 3187 2222 3257 τὴν
2262 3186 2513 3256 τοιαύτην
2556 3185 2901 3240 διδασκαλίαν
2946 3187 3213 3257 περιεῖλον
3269 3186 3373 3238 ἀπὸ
3410 3184 3501 3251 τοῦ
3535 3183 3661 3236 λαοῦ
3684 3201 3696 3212 ·

2126 3278 2348 3346 ἀδελφόν
2391 3297 2440 3330 τι
2490 3277 2764 3340 ποιοῦντες
2801 3281 2914 3341 τοῖς
2965 3279 3182 3331 πείσασι
3228 3277 3353 3340 τοὺς
3396 3276 3700 3347 ἑωρακότας

2126 3369 2285 3422 αὑτὸν
2333 3369 2634 3422 ἀναστάντα
2676 3369 2783 3422 ἀπὸ
2824 3370 2930 3422 τῶν
2969 3369 3174 3440 νεκρῶν
3219 3367 3549 3440 στρατιώτας
3600 3367 3698 3420 τῶν

2126 3446 2635 3532 φρουρούντων’(49)
2665 3461 2725 3512 τὸ
2755 3478 2856 3531 μνη
2867 3463 3035 3531 μεῖον,
3068 3461 3160 3513 καὶ
3173 3459 3315 3513 τοῦτ’
3335 3459 3699 3526 ἀπαγγέλλου-

2128 3568 2209 3605 σιν
2232 3552 2506 3622 εἰρηκέναι
2538 3553 2650 3615 τοῖς
2679 3549 2875 3604 ἰδοῦσιν
2895 3569 2909 3582 ο
2940 3572 2958 3602 ι
2988 3551 3215 3614 Εἴπατε,
3249 3553 3327 3604 ὅτι
3363 3555 3426 3604 Οἱ
3448 3550 3696 3619 μαθηταὶ

530 3664 573 3696 ¹⁹
602 3665 789 3718 Μίιιιίι.
829 3682 890 3728 ιι,
916 3667 967 3719 5.
1047 3669 1090 3697 ²⁰
1114 3667 1272 3721 Joau.
1302 3683 1392 3734 ιιι,
1423 3666 1511 3722 42.
1589 3670 1628 3698 ³¹
1662 3666 1848 3720 Matth.
1881 3680 2074 3727 xxvnt,
2104 3665 2187 3730 15,
2221 3663 2307 3718 14.

458 3827 676 3898 laudat:
710 3827 958 3896 οὐδαμῶς
993 3830 1247 3898 ἐλαχίστη
1275 3827 1342 3883 εἴ.
1387 3830 1595 3884 Norunt
1619 3831 1764 3884 docti
1802 3849 1818 3880 ι
1852 3831 2012 3882 ιειιίτ»

459 3894 743 3964 llebraium
780 3894 884 3948 nou
919 3894 1122 3950 tantum
1163 3917 1178 3945 ι
1208 3894 1458 3964 parvum,
1482 3919 1498 3949 ι
1536 3899 1628 3952 sed
1657 3901 1817 3953 etiam
1858 3917 1875 3948 ι
1899 3900 2017 3951 exi-

463 3963 650 4036 mium.
685 3964 893 4017 illustre
917 3985 939 4036 ι
967 3963 1267 4036 denotare,
1301 3969 1636 4035 proiudeqne
1669 3969 1810 4036 quod
1841 3967 2018 4034 ὀλιγο-

459 4031 582 4104 στόν
618 4042 893 4104 verteruut
923 4034 1061 4088 LXX
1128 4031 1469 4103 interpretes,
1505 4031 1558 4092 id
1589 4031 1901 4092 Matthaeum
1932 4031 2016 4090 re-

458 4102 815 4154 ctius'multo
853 4114 904 4155 et
940 4107 1003 4156 ad
1049 4102 1324 4171 prophetae
1366 4116 1596 4160 mentem
1632 4108 2012 4160 accommoda-

459 4171 563 4243 tius
590 4171 838 4241 οὐδαμῶς
868 4173 1153 4243 ἐλαχίστην
1183 4174 1546 4240 interpretari.
1586 4176 1676 4230 Sic
1707 4176 2015 4228 Herodotus

456 4239 890 4316 Lacedaemonem
934 4239 1087 4297 vocat
1110 4239 1266 4296 πόλιν
1288 4239 1400 4298 οὔτ’
1423 4247 1710 4316 ἐλαχίστην
1732 4244 1839 4296 οὔτ’
1859 4245 2018 4296 ἀσθε-

455 4311 740 4383 νεστάτην,
795 4315 1028 4383 lmc_est,
1063 4333 1081 4363 ι
1109 4316 1397 4368 maximam
1426 4328 1480 4369 et
1516 4311 1971 4383 potentissimum.
1993 4334 2010 4364 ι

458 4380 732 4455 Ejusmodi
787 4381 1007 4451 μειώσει
1060 4383 1190 4436 nihil
1246 4380 1587 4455 frequentius
1615 4385 1757 4454 apud
1803 4394 2014 4436 veteres

460 4452 773 4518 scriptores.

523 4520 633 4594 (μ)
661 4518 814 4573 Lihh.
859 4522 1086 4594 editihin
1134 4524 1378 4594 margine
1408 4524 1625 4582 habent.
1677 4525 2018 4594 ἐγειρόντων.

461 4590 628 4663 _P_aulo_
665 4598 796 4663 pos_t_
815 4593 972 4663 codd.
1004 4591 1134 4659 lleg.
1162 4603 1215 4646 et
1243 4590 1586 4663 Basileensis,
1630 4593 1768 4662 μετά
1798 4590 1894 4663 τὴν
1928 4593 2020 4644 τοῦ

456 4658 713 4731 Μιχαίου.
745 4659 894 4731 _Editi
922 4661 972 4710 in
1001 4658 1168 4731 textu,
1199 4663 1335 4731 μετὰ
1361 4662 1458 4731 τὴν
1491 4662 1581 4714 τοῦ
1612 4658 1837 4731 Μιχαία.

521 4726 964 4800 (45)-Δείιινυται
1002 4728 1064 4780 τὸ
1109 4726 1476 4799 ἐν’Βηθλεὲμ
1515 4726 1835 4795 omnium“.
1891 4729 2023 4800 ενοι-

448 4796 606 4848 lunca
645 4796 696 4847 in
726 4811 828 4862 qua
869 4808 1025 4848 natus
1052 4809 1133 4850 est
1161 4796 1445 4861 Christus,
1488 4802 1602 4851 sive
1632 4800 1876 4851 naturale
1919 4796 2016 4851 an-

449 4875 617 4926 trum,
680 4874 738 4916 ut
802 4877 958 4918 vocat
1021 4867 1156 4921 Beda
1188 4870 1239 4922 in
1278 4869 1457 4922 libello
1505 4869 1577 4921 De
1628 4869 1756 4919 loris
1803 4870 2018 4930 sanctis,

447 4934 748 5004 etiamnum
778 4936 1081 4987 ostenditur
1122 4939 1594 5004 peregrinantibus
1622 4937 1685 4989 ad
1713 4945 1889 4989 ortum
1929 4954 2022 5004 np-

447 5003 556 5074 pidi
583 5002 857 5056 Bethleem
886 5019 1072 5056 novem
1109 5002 1364 5074 gradibus
1397 5007 1532 5059 infra
1562 5018 1790 5068 terram,
1822 5017 1874 5059 et
1906 5002 2017 5072 jam

447 5072 804 5143 olimnotum
837 5074 1084 5143 omnibus
1117 5072 1247 5136 'l'uil,
1298 5083 1433 5130 teste
1479 5087 1675 5143 pra-ter
1726 5075 2016 5141 llrigeuem

448 5138 684 5213 Eusebio
715 5139 914 5213 Evnng.
945 5142 1256 5213 Δειιιοιιεινη
1276 5145 1368 5198 lih.
1404 5138 1499 5209 vn,
1525 5161 1646 5213 Cap.
1672 5145 1724 5202 ’5,
1745 5155 1796 5195 ct
1821 5138 1913 5198 lib.
1935 5161 2014 5206 ιιι,

447 5225 569 5278 cap.
605 5209 694 5274 40,
725 5210 802 5282 De
843 5214 950 5262 vita
1009 5209 1361 5282 Conslmtlini,
1409 5226 1459 5267 et
1511 5209 1631 5282 cap.
1675 5215 1778 5282 4‘25
1807 5213 2016 5268 .Iustinn

447 5291 707 5351 martyre,
738 5281 1099 5351 Dialogtcum
1133 5281 1424 5351 'l'rypltone,
1457 5281 1591 5351 pag.
1619 5283 1724 5335 505
1750 5281 1764 5345 ,
1797 5294 1846 5336 et
1873 5284 2012 5338 aliis.

447 5347 640 5423 Utrum
680 5364 806 5404 vero
844 5351 900 5403 ὲν
943 5347 1303 5423 Βηθλεέμξέιιι
1342 5347 1603 5423 σύνεγγυς
1647 5353 1746 5421 τῆς
1805 5352 2012 5423 κώμης,

448 5419 592 5486 quod
625 5427 910 5486 utrumque
962 5419 1157 5487 legitur
1207 5425 1345 5488 apud
1393 5419 1785 5483 JuStmum,'an
1820 5419 2012 5484 in'via,

446 5489 500 5540 in
527 5503 654 5557 agro
680 5489 1082 5561 Bethleemitico
1105 5531 1118 5552 ,
1149 5491 1205 5561 ὲν
1233 5489 1384 5561 χώρᾳ
1441 5491 1706 5561 Βηθλεέμ,
1758 5500 1816 5542 ιιι
1855 5491 2016 5544 habet

447 5560 813 5679 apocrgphnm
838 5560 1296 5627 protevangelinm
1323 5560 1536 5625 Jacobi,
1567 5560 1718 5614 anin
1756 5562 1870 5641 ipso
1917 5577 2012 5627 op-

447 5626 578 5679 mdo
627 5625 944 5679 ‘alvatorem
978 5632 1248 5679 nenererit
1273 5629 1460 5679 Maria-
1502 5631 1686 5679 multis
1736 5632 2009 5679 discepta-

447 5625 944 5699 pidoSalvatorem
978 5625 1248 5696 pepererit
1273 5629 1460 5691 Maria,
1502 5631 1686 5685 multis
1736 5625 2009 5699 discepta-

449 5703 536 5749 tur
573 5697 628 5750 ln
663 5706 947 5762 utramque
995 5709 1199 5764 partem
1226 5717 1253 5753 a
1285 5702 1414 5756 viris
1445 5703 1618 5758 doctis
1667 5697 2005 5762 Casaubono.

2124 3829 2442 3892 Lansselio,
2476 3829 2727 3898 aliisque.
2778 3828 2906 3882 Mihi
2967 3827 3108 3898 satis
3148 3825 3605 3898 erit_a_dnotasse_
3636 3838 3694 3872 ιιι

2124 3899 2306 3973 verbis
2333 3898 2523 3973 Matth.
2554 3892 2635 3959 ιι,’
2656 3898 2706 3959 1,
2733 3909 2788 3973 et
2811 3898 2968 3973 Luca;
3001 3913 3059 3973 ll,
3079 3895 3139 3973 fi,
3171 3892 3694 3973 difﬁcile'ridmodum

2123 3967 2386 4032 ejusmodi
2425 3970 2851 4021 controversiam
2913 3965 3092 4019 dirimi
3158 3960 3502 4032 posselVide
3561 3975 3694 4032 quio-

2121 4029 2283 4091 modo
2308 4037 2630 4105 interpretes
2655 4037 3009 4105 eruditissimi
3045 4029 3324 4105 exponunt
3349 4031 3564 4105 J_os.__v,
3609 4029 3692 4105 l3,

2126 4109 2178 4159 in
2205 4099 2528 4170 Jericlio,'et
2556 4122 2612 4167 Χ,
2641 4104 2730 4168 10,
2783 4107 2833 4158 in
2884 4099 3131 4162 Gabaon,
3173 4119 3227 4162 Χ,
3259 4102 3342 4164 17,
3375 4101 3427 4154 in
3459 4099 3695 4170 Maceda.

2127 4169 2509 4229 Verumtamen
2541 4175 2734 4229 ductus
2763 4175 3084 4228 auctoritate
3102 4171 3300 4226 Justini
3330 4169 3585 4238 martyris
3610 4170 3694 4236 qui

2123 4245 2502 4298 Samaritanus
2552 4254 2710 4307 erat,
2777 4259 2875 4298 nec
2927 4259 2955 4295 a
3023 4243 3218 4295 ﬁnibus
3282 4237 3698 4292 Bethleemiticis

2127 4314 2284 4383 longe
2313 4323 2572 4377 remotus,
2603 4315 2654 4367 in
2675 4313 2791 4381 ejus
2822 4311 3130 4383 propendeo
3155 4309 3519 4383 sententiam,
3548 4307 3694 4360 Chri-

2125 4375 2267 4436 stum
2293 4397 2485 4447 nempe
2535 4375 2718 4435 natum
2759 4375 2880 4437 esse
2917 4375 2973 4435 ἐν
3001 4379 3251 4450 σπηλαίῳ
3284 4378 3391 4430 τινί
3437 4375 3695 4450 σιὶνεγγυς

2052 4443 2100 4500 D
2126 4453 2221 4532 τῆς
2244 4443 2465 4532 ἕφμῃξ,
2490 4470 2530 4531 ,ι
2570 4443 3191 4532 in‘spelunranquad'am
3223 4443 3409 4532 prope
3431 4443 3640 4532 vicum.
3672 4465 3689 4496 ι

2127 4514 2216 4575 Ait
2243 4514 2573 4587 Epiphanius
2593 4561 2606 4581 ,
2640 4514 2834 4576 hicresi
2876 4514 2986 4584 20,-
3014 4514 3288 4575 Christum
3317 4514 3478 4571 etiam
3517 4514 3568 4568 iu
3599 4517 3694 4571 hac

2127 4592 2384 4658 Spelunca
2409 4590 2818 4642 circumcisum.

2197 4659 2308 4727 (46)
2340 4661 2891 4727 Προσκυνούμενος.
2923 4658 3014 4713 Sic
3040 4667 3186 4713 recte
3224 4671 3412 4712 omnes
3450 4670 3586 4710 mss.
3615 4655 3696 4709 Li-

2125 4729 2204 4783 bri
2232 4729 2549 4800 verohediti,
2579 4729 3036 4800 προσκυούμενος.

2195 4797 2304 4866 (47)
2341 4794 2652 4864 Ἕφθανειλ.
2692 4801 2784 4852 Sic
2824 4794 3053 4864 uterque
3087 4797 3405 4856 Vaticanus,
3453 4794 3693 4863 Anglica-

2127 4883 2226 4920 nus
2281 4867 2570 4927 secundus,
2633 4868 2830 4935 Regius
2877 4877 2927 4920 et
2971 4866 3324 4920 Basileensis.
3368 4866 3691 4935 Anglicanus

2123 4951 2252 4990 vero
2286 4937 2495 4997 tertius,
2526 4935 2780 5004 ἔφθασεν.
2811 4937 2964 4991 Libb.
2994 4937 3158 5000 editi,
3195 4935 3417 5003 ἔφανεν·
3456 4935 3526 4988 ad
3558 4949 3692 4988 mar-

2122 5005 2321 5074 ginem,
2353 5005 2608 5072 ἔφθακεν.

2194 5075 2304 5144 (48)
2347 5075 2466 5146 Tm)
2485 5076 2615 5142 περὶ
2646 5075 2755 5144 τῆς
2786 5077 3094 5146 γενέσεως.
3125 5075 3321 5146 Guieto
3357 5074 3690 5146 scribendum

2132 5142 2343 5198 videtur
2389 5145 2482 5197 τοῦ
2527 5147 2688 5199 τόπου
2709 5142 2822 5216 ’τῆς
2849 5146 3134 5214 γενέσεως,
3170 5145 3311 5212 quod
3340 5155 3395 5197 et
3424 5144 3555 5197 mihi
3586 5142 3691 5210 pla-

2121 5223 2228 5267 cet.

2192 5285 2302 5354 (49)
2342 5283 2462 5338 Τῶν
2516 5287 2946 5353 φρουρούντων.
2998 5285 3182 5338 Eidem
3235 5282 3428 5337 Guieto
3485 5279 3690 5354 videtur

2118 5346 2636 5430 scfibéndumfcob;
2660 5346 3096 5430 'tppoupoﬁv'cag,“
3127 5368 3174 5407 et
3219 5355 3379 5420 paulo
3431 5350 3573 5430 post;
3603 5346 3690 5430 agat.

2117 5422 2258 5476 τοῦτ’
2307 5424 2550 5493 εἰρηκόσι
2604 5419 2739 5486 τοῖς
2771 5419 2995 5478 ἰδοῦσιν·
3043 5419 3232 5475 εἴπατε
3270 5438 3367 5493 pro
3420 5419 3511 5472 καὶ
3533 5419 3674 5493 -τοῦλτ

2117 5487 2540 5560 ἀπαγγέλλουσιν
2562 5493 2835 5564 εἰρηκέναι
2862 5497 2970 5556 τοῖς
3002 5493 3215 5545 ἰδοῦσιν·
3258 5492 3482 5564 Εἴπατε.
3529 5487 3686 5564 Lihh.

2115 5559 2252 5616 editi
2278 5559 2372 5630 pro
2393 5559 2838 5632 ἀπαγγέλλουσιν,
2869 5565 2934 5618 ad
2967 5565 3260 5629 marginem
3276 5561 3492 5632 habent,
3516 5559 3690 5632 ἀπαγ-

2115 5628 2415 5700 γέλλοντας.
2447 5628 2756 5688 Boherellus
2776 5643 2950 5688 autem
2972 5628 3094 5701 legit
3112 5628 3619 5700 ἀπαγγελλομένοις.
