3988 6156
274 370 391 425 757
1552 384 1831 440 CONTRA

1942 385 2137 443 ZLSUM
2170 387 2297 444 LIB.
2327 387 2366 443 1.
3452 397 3568 453 758‘

265 491 509 559 αὐτοῦ,
535 494 704 564 ἡμῶν
733 500 1113 570 κοιμωμένων
1127 504 1365 571 νυκτὸς,
1401 505 1673 576 ἔκλεψαν
1697 506 1902 574 αὐτὸν,
1918 509 2013 561 καὶ
2032 508 2125 563 ἐὰν
2151 511 2388 582 ἀκουσθῇ
2413 510 2568 565 τοῦτο
2594 510 2684 565 ἐπὶ
2709 511 2818 585 (50)
2835 509 2928 566 τοῦ
2950 511 3233 583 ἡγεμόνος,
3250 513 3409 583 ἡμεῖς
3433 516 3557 567 πείο

266 600 480 655 σομεν,
514 588 607 641 καὶ
635 590 779 661 ὑμᾶς
813 594 1149 665 ἀμερίμνους
1177 600 1494 670 ποιήσομεν.
1534 621 1552 653 ›
2630 694 2643 708 θ
2728 693 2743 709 1
2800 695 2814 709 “
3094 703 3103 709 Δ
3186 697 3220 709 Δ,
3302 697 3314 709 ,

342 685 617 739 Χαλεπὸν
658 687 767 759 γὰρ
818 689 1116 758 φιλονεικία
1170 696 1260 748 καὶ
1310 696 1577 768 πρόληψις
1636 700 1772 771 πρὸς
1817 718 1836 752 1

1942 720 1957 758 ι
2054 698 2144 752 52.
2179 696 2385 765 Quippe
2418 695 2561 751 hanc
2593 694 2701 750 vim
2728 693 2929 751 habent
2956 697 3346 771 contentionis
3398 711 3556 754 amor

259 779 517 849 ποιῆσαι
560 782 652 836 καὶ
689 785 799 847 τοῖς
836 786 1117 856 ἐναργέσιν
1165 789 1503 860 ἀντιϐλέψαι,
1555 793 1643 847 ἵνα.
1674 797 1747 868 μὴ
1779 815 1836 851 κο

260 868 581 894 -.Α-ι.ι-.--
627 873 865 894 “nunc
900 874 924 894 ο
1160 880 1172 894 .
1406 876 1434 894 ν
1596 885 1645 894 .-
1759 888 1771 894 -
1833 889 1836 894 .

1980 801 2036 850 et
2060 802 2428 862 praeconcepta
2493 789 2695 858 opinio,
2748 797 2838 856 ut,
2882 789 2971 858 qui
3013 790 3080 845 iis
3125 790 3328 845 assueti
3385 790 3556 862 368

259 868 586 939 ταλείψωσι
623 873 869 944 δόγματα
896 874 1358 949 δευσοποιήσαντα
1377 876 1458 945 οἷς
1485 885 1734 955 συνήθεις
1756 888 1836 956 ἐγέ

1976 890 2127 947 sunt,
2156 882 2193 934 ii
2228 880 2392 936 rebus
2423 878 2587 933 etiam
2620 880 2927 949 perspicuis
2960 880 3300 950 refragentur
3346 882 3550 951 potius,
3594 952 3598 956 ~

256 961 433 1012 νοντό
496 980 631 1027 πως,
685 965 779 1018 καὶ
824 965 1133 1023 ποιώσαντα
1170 969 1282 1041 (51)
1329 972 1507 1029 αὐτῶν
1537 975 1635 1046 τὴν
1672 976 1836 1050 ψυχήι

1972 991 2134 1048 quam
2168 972 2450 1043 opiniones
2482 982 2689 1040 ponant
2744 974 2942 1043 quibus
2972 990 3162 1032 eorum
3219 977 3401 1032 anima
3447 979 3549 1033 im-

258 1052 382 1106 Ka‘t
417 1054 813 1127 εὐχερέστερόν
840 1076 902 1127 γε
940 1059 1223 1131 ἄνθρωπος
1252 1062 1349 1127 τὰς
1376 1067 1505 1137 περὶ
1542 1067 1677 1124 ἄλλα
1712 1088 1836 1144 συνη

1973 1069 2100 1122 buta
2134 1073 2238 1120 est.
2271 1063 2349 1118 Ac
2378 1062 2545 1118 multo
2571 1062 2783 1119 facilius
2813 1066 2879 1120 de
2902 1066 3027 1121 aliis
3060 1068 3223 1124 rebus
3250 1079 3544 1124 consuetu-

258 1142 453 1209 θείας,
480 1147 585 1202 κᾶν
600 1147 1061 1215 δυσαποσπάστως
1086 1153 1264 1207 αὐτῶν
1289 1154 1405 1228 ἔχῃ,
1431 1159 1748 1229 καταλείψαι
1781 1142 1836 1216 ἂν

1971 1158 2126 1213 dines
2171 1156 2455 1226 reliquerit
2493 1155 2792 1224 quispiam,
2840 1157 3088 1226 quamvis
3134 1159 3202 1213 ab
3259 1158 3365 1215 illis
3405 1160 3555 1215 difﬁ-

256 1239 292 1308 ἢ
326 1238 440 1302 τὰς
475 1241 606 1311 περὶ
634 1242 701 1294 τά
733 1240 997 1313 δόγματα.
1024 1244 1171 1315 Πλὴν
1206 1247 1313 1300 οὐδ’
1340 1229 1522 1303 ἐκεῖνα
1557 1252 1836 1323 εὐχερῶς(

1970 1250 2074 1306 cile
2123 1248 2412 1304 admodum
2460 1246 2746 1311 avellatur,
2807 1262 2968 1316 quam
3021 1264 3140 1317 quae
3175 1252 3242 1305 ad
3294 1252 3545 1321 dogmata

260 1331 539 1401 συνήθεις
564 1333 896 1404 παρορῶσινο
921 1335 1091 1398 οὕτως
1113 1336 1219 1389 οὐδ’
1246 1338 1439 1407 οίκίας,
1461 1342 1581 1397 οὐδὲ
1610 1346 1811 1411 πόλεις,
1832 1368 1836 1378 ι

1970 1342 2270 1413 pertinent.
2294 1340 2406 1396 Nec
2442 1349 2622 1395 tamen
2656 1340 2777 1395 illas
2807 1339 2961 1406 alias,
2987 1341 3076 1395 ubi
3114 1343 3281 1397 semel
3312 1344 3551 1399 inoleve-

254 1417 499 1489 κώμας,
529 1421 649 1474 οὐδὲ
675 1422 921 1493 συνήθεις
959 1425 1275 1497 ἀνθρώπους
1319 1430 1557 1501 εὐχερῶς
1592 1417 1866 1503 βούλονται

252 1509 603 1565 καταλιπεῖν
623 1513 671 1565 οί
697 1513 1093 1585 προληφθέντες
1134 1518 1335 1583 αὐτοῖς.
1367 1521 1524 1575 Τοῦτ’
1561 1520 1653 1580 οῦν
1694 1526 1865 1584 αἴτιον

249 1600 575 1671 γεγένηται
600 1602 694 1659 καὶ
740 1603 1005 1659 Ἰουδαίων
1043 1607 1257 1672 πολλοῖς
1280 1610 1400 1665 τότε
1428 1613 1520 1667 τοῦ
1554 1616 1864 1691 ἀντιϐλέψαι

246 1696 389 1758 ταῖς
447 1696 757 1765 ἐναργείαις
808 1697 915 1751 τῶν
957 1716 1015 1751 τε
1056 1702 1400 1772 προφητειῶν
1437 1709 1528 1761 καὶ
1572 1709 1678 1765 τῶν
1702 1729 1862 1783 τερα-

251 1788 465 1849 στίων,
493 1781 566 1841 ῶν
595 1790 813 1860 ἐποίησε
833 1832 849 1856 ,
895 1794 988 1846 καὶ
1022 1798 1342 1853 πεπονθέναι
1390 1781 1801 1876 ἀναγέγραπται
1835 1796 1885 1864 ὀη

262 1876 515 1948 Ἰησοῦς.
555 1881 676 1934 Ὅτι
713 1881 769 1935 δέ
804 1884 1041 1940 τοιοῦτόν
1074 1905 1126 1940 τι
1173 1889 1435 1947 πέπονθεν
1468 1898 1501 1966 ἡ
1547 1898 1859 1975 ἀνθρωπίνη

249 1968 435 2037 φύσις
460 1970 616 2041 δῆλον
664 1972 814 2044 ἔσται
838 1979 953 2041 τοῖς
979 1981 1349 2051 κατανοοῦσιν,
1367 1988 1446 2041 ὅτι
1471 1990 1519 2042 οί
1543 1990 1690 2059 ἅπαξ
1722 2012 1858 2067 προ-

247 2061 566 2133 ληφθέντες
598 2067 691 2119 καὶ
715 2069 772 2121 ἐν
799 2071 1103 2140 αἰσχίσταις
1127 2074 1220 2128 καὶ⁹
1255 2079 1489 2144 είκαίαις
1526 2084 1635 2157 (52)
1676 2061 1851 2160 παρα-

1970 1434 2099 1501 rint,
2123 1433 2281 1489 facile
2315 1432 2575 1487 excutiat.
2612 1431 2763 1488 Unde
2794 1432 2885 1486 vix
2935 1432 3129 1488 adduci
3189 1444 3417 1502 possunt
3447 1436 3547 1488 ho-

1966 1523 2164 1589 mines,
2197 1533 2256 1578 ut
2282 1533 2376 1577 aut
2409 1524 2626 1589 domos,
2654 1533 2748 1578 aut
2776 1525 2961 1591 urbes,
2993 1532 3087 1579 aut
3122 1524 3294 1591 vicos,
3318 1535 3414 1580 aut
3449 1527 3547 1581 ho-

1966 1615 2139 1671 mines
2166 1617 2442 1682 deserant,
2471 1616 2791 1685 quibuscum
2816 1615 3050 1685 iunxere
3072 1620 3540 1674 consuetudinem.

1965 1707 2080 1763 IIoc
2112 1708 2279 1777 igitur
2311 1707 2364 1761 in
2411 1722 2579 1763 causa
2611 1707 2734 1773 fuit,
2768 1723 2865 1764 cur
2892 1724 2922 1765 e
2958 1708 3158 1765 Judaeis
3183 1710 3348 1765 etiam
3382 1712 3538 1766 multi

1964 1799 2347 1855 vaticiniorum
2374 1812 2438 1853 ac
2464 1799 2855 1856 miraculorum
2904 1817 3024 1871 quae
3064 1800 3220 1858 Jesus
3251 1801 3378 1858 fecit
3425 1804 3561 1859 evi-»

1963 1892 2161 1947 dentice
2195 1891 2534 1957 resisterent,
2564 1907 2663 1947 nec
2696 1893 3126 1949 circumstantiis
3166 1895 3536 1964 percelleren-

1964 1991 2048 2034 tur
2072 1995 2258 2036 eorum
2295 1994 2415 2049 qua:
2446 1995 2569 2035 eum
2625 1997 2943 2052 perpessum
2993 1998 3113 2040 esse
3142 1985 3400 2054 scriptum
3430 1996 3535 2042 est.

1963 2067 2057 2124 llis
2088 2079 2267 2123 autem
2301 2068 2584 2125 affectibus
2634 2070 2922 2127 obnoxiam
2958 2088 3077 2128 esse
3106 2074 3396 2130 humanam
3441 2092 3541 2131 na-

893 2135 925 2140 --
1085 2135 1090 2136 γ
1468 2135 1485 2144 -
1527 2135 1633 2157 \-—/
1683 2135 1825 2160 ""r"

245 2152 447 2207 δόσεσι
483 2158 730 2228 πατέρων
757 2166 849 2218 καὶ
882 2176 1133 2241 πολιτῶν,
1160 2176 1260 2230 οὐκ
1283 2179 1522 2250 εὐχερῶς
1548 2183 1836 2249 μετατίθεν

1959 2168 2156 2226 turam,
2191 2158 2431 2213 evidens
2462 2160 2555 2213 fiet
2593 2161 2876 2232 cogitanti,
2908 2178 3072 2232 quam
3116 2164 3340 2220 difﬁcile
3375 2165 3441 2220 ab
3469 2166 3539 2222 iis

243 2261 369 2299 ται.
399 2249 479 2301 Οὐ
502 2254 709 2322 ταχέως
736 2259 864 2326 γοῦν
910 2263 1205 2332 Αίγύπτιον
1251 2271 1435 2324 πείσαι
1464 2271 1529 2328 ἄν
1562 2290 1645 2337 τις
1686 2291 1853 2328 κατα-

244 2339 531 2438 φρονῆσαι
556 2339 629 2399 ὧν
657 2350 721 2401 ὲκ
752 2354 1002 2423 πατέρων
1030 2362 1381 2434 παρείληφεν,
1416 2363 1555 2418 ὥστε
1591 2368 1664 2438 μὴ
1696 2368 1850 2437 νομί-

245 2430 464 2531 σασθαι
493 2436 603 2506 (55)
638 2439 769 2495 Θεὸν
802 2447 919 2499 τόδε
948 2450 1008 2501 τὸ
1046 2430 1256 2521 ἄλογον-
1284 2457 1441 2525 ζῶον,
1479 2460 1511 2530 ἢ
1553 2430 1712 2531 μέχρι
1753 2430 1850 2515 θα-

240 2522 425 2576 νάτου
459 2530 933 2597 φυλάξασθαι.ἀπὸ
961 2542 1115 2596 τοῦδε
1140 2546 1233 2598 τοῦ
1264 2547 1402 2611 ζώου
1443 2552 1619 2622 κρεῶν
1648 2554 1849 2622 γεύσα-

241 2616 407 2715 σθαι.
442 2619 502 2671 Ei
532 2625 625 2675 καὶ
652 2628 742 2680 ἐπὶ
767 2629 946 2686 πλεῖον
975 2631 1067 2689 οὖν
1094 2639 1183 2691 τὸν
1207 2643 1443 2697 τοιοῦτον
1472 2616 1626 2715 λόγον
1661 2616 1850 2713 ἐξετά-

240 2703 450 2813 ζοντες
474 2750 486 2774 ,
516 2713 583 2765 τὰ
606 2719 733 2788 περὶ
764 2721 1007 2795 Βηθλεὲμ
1030 2730 1121 2782 καὶ
1146 2730 1242 2800 τῆς
1278 2736 1402 2804 περὶ
1430 2703 1596 2808 αὐτὲις
1636 2703 1846 2813 προφη-

240 2798 409 2862 τείας
461 2804 944 2883 διεξεληλύθαμεν,
999 2798 1291 2892 νομίζομεν
1334 2798 1645 2897 ἀναγκαίως
1682 2798 1849 2890 ’τοῦτο

240 2896 642 2965 πεποιηκέναι,
670 2906 1093 2980 ἀπολογούμενοι
1121 2916 1255 2985 πρὸς
1288 2919 1414 2983 τοὺς
1452 2925 1724 2993 φήσαντας
1758 2928 1843 2992 ἂν,

240 2982 354 3047 ὅτι,
387 2988 438 3037 εί
463 2988 636 3055 οὕτως
664 2997 910 3068 ἐναργεῖς
945 2998 1083 3073 ἦσαν
1111 3009 1164 3058 αί
1192 3008 1322 3079 περὶ
1351 3012 1443 3065 τοῦ
1481 3016 1651 3085 Ἰησοῦ
1697 3022 1846 3090 παρὰ

255 3072 292 3090 ..
376 3074 403 3090 .
450 3077 461 3090 ι

255 3072 542 3142 Ἰουδαίοις
589 3094 941 3157 προφητεῖαι,
970 3072 1037 3147 τί
1066 3072 1281 3168 δήποτε.
1302 3072 1552 3167 ἐλθόντος.
1586 3107 1751 3160 αὐτοῦ

244 3169 651 3233 συγκατέθεντο
690 3182 755 3249 τῇ
802 3182 1117 3257 διδασκαλίᾳ
1162 3191 1326 3244 αὐτοῦ
1355 3232 1369 3257 ,
1420 3197 1511 3248 καὶ
1561 3199 1843 3267 μετέθεντο

242 3256 342 3310 ἐπὶ
388 3260 458 3313 τὰ
509 3265 611 3318 ὑπὸ
654 3270 746 3321 τοῦ
790 3274 961 3343 Ἰησοῦ
1007 3279 1329 3353 δεικνύμενα
1376 3290 1692 3358 κρείττονα;
1746 3312 1843 3364 μη-

240 3348 355 3412 δεὶς
394 3352 441 3404 δ’
481 3357 639 3425 ἡμῶν
696 3362 805 3432 (54)
854 3371 963 3429 τοῖς
1008 3374 1318 3428 πιστεύουσι
1362 3379 1423 3429 τὸ
1461 3383 1837 3454 παραπλήσιον

240 3439 574 3512 ὀνειδιζέτω,
602 3451 761 3520 ὀρῶν,
787 3456 867 3508 ὅτι
909 3460 1008 3511 οὐκ
1048 3464 1510 3538 εὐκαταφρόνητοι
1539 3472 1683 3539 λόγοι
1733 3476 1835 3527 ὑπὸ
1862 3462 1903 3518 C

240 3530 351 3583 τῶν
393 3539 789 3606 μεμαθηκότων
827 3549 1021 3614 αὐτοὺς
1070 3558 1388 3625 πρεσϐεύειν
1425 3563 1677 3633 φέρονται
1709 3571 1834 3640 περὶ

239 3623 342 3694 τῆς
371 3629 455 3690 εἰς
481 3630 569 3682 τὸν
610 3633 817 3703 Ἰησοῦν
846 3640 1100 3708 πίστεως.

312 3737 377 3789 Ei
405 3739 477 3838 δὲ.
497 3745 588 3795 καὶ
620 3744 873 3819 δευτέρας
909 3760 1238 3828 προφητείας
1264 3762 1525 3836 ἐναργοῦς
1546 3770 1673 3838 ἡμῖν
1695 3768 1831 3827 εἶναι

240 3830 579 3902 φαινομένης
604 3839 730 3907 περὶ
756 3840 847 3892 τοῦ
896 3844 1065 3913 Ἰησοῦ
1097 3851 1252 3918 χρεία
1286 3830 1451 3919 ἐστὶν,
1487 3830 1831 3932 ἐκθησόμεθα

238 3919 339 3989 τὴν
364 3922 772 3993 ἁναγραφεῖσαν
807 3932 914 4002 πρὸ
942 3936 1208 3994 πλείστων
1240 3944 1380 3999 ὅσων
1411 3947 1548 4002 ἐτῶν
1576 3953 1674 4021 τῆς
1728 3956 1831 4025 Ἰη-

241 4010 333 4062 σοῦ
371 4014 668 4085 ἐπιδημίας
703 4021 806 4072 ὑπὸ
851 4025 1154 4095 Μωῦσέως,
1182 4034 1446 4105 φήσαντος
1486 4041 1578 4096 τὸν
1613 4010 1825 4110 Ἰακὼύ,

240 4099 719 4177 ἁπαλλασσόμενον
748 4111 840 4164 τοῦ
876 4113 1010 4182 βίου,
1058 4099 1565 4195 πεπροφητευκέναι
1616 4099 1828 4207 ἑκάστω

237 4191 349 4245 τῶν
378 4194 532 4259 υἱῶν,
584 4201 677 4252 καὶ
706 4201 782 4270 τῷ
828 4205 994 4277 Ἰούδᾳ
1040 4191 1314 4283 εἰρηκέναι
1349 4218 1485 4286 μετά
1523 4224 1614 4275 καὶ
1656 4191 1826 4282 ἄλλων

239 4282 334 4333 τόν
366 4304 383 4334 ι
420 4288 534 4340 Οὐκ
579 4291 816 4361 ἐκλείψει
868 4296 1049 4367 ἄρχων
1100 4282 1159 4366 ἐξ
1199 4282 1404 4373 Ἰούδα,
1446 4311 1536 4362 καὶ
1592 4314 1827 4385 ἡγούμε-

238 4388 324 4436 νος
352 4376 415 4427 ἐκ
438 4375 546 4430 τῶν
579 4383 768 4452 μηρῶν
794 4385 976 4444 αὐτοῦ.
1005 4389 1109 4453 ἕως
1138 4392 1357 4468 ἀνέλθῃ
1397 4398 1464 4450 τά
1490 4375 1825 4474 ἀποκείμενα

238 4464 386 4535 αὐτῷ
421 4467 554 4537 (55).
589 4490 605 4521 ι
648 4473 1014 4547 Ἑντυγχάνων
1038 4482 1093 4533 δέ
1113 4500 1196 4546 τις
1216 4489 1279 4555 τῇ
1306 4492 1608 4563 προφητείᾳ
1628 4495 1820 4569 ταύτῃ,

238 4556 378 4609 κατά
427 4559 523 4628 μὲν
552 4562 612 4613 τὸ
636 4563 835 4635 ἀληθὲς
870 4569 1048 4641 πολλῷ
1088 4556 1433 4649 πρεσϐυτέρᾳ
1474 4556 1822 4660 ⁷τυγχανούσῇ

236 4644 551 4715 Μωῦσέως,
592 4653 666 4717 ὡς
710 4655 753 4707 δ’
798 4658 863 4713 ἂν
907 4662 1195 4734 ὑπονοῆσαι
1237 4686 1320 4732 τις
1350 4671 1457 4725 τῶν
1483 4675 1543 4726 οὐ
1591 4677 1814 4742 πιστῶν,

236 4735 339 4787 ὑπὸ
364 4740 639 4807 Μωῦσέως
668 4745 933 4821 λεχθείσῃ,
985 4753 1260 4827 θαυμάσαι
1298 4762 1383 4825 ἂν,
1419 4764 1534 4828 πῶς

233 4825 516 4899 δεδύνηται
532 4842 827 4904 προειπεῖν,
846 4844 925 4895 ὅτι
945 4847 991 4897 οί
1009 4847 1114 4900 τῶν
1144 4850 1407 4907 Ἰουδαίων
1424 4856 1812 4927 βασιλεύοντες,

231 4915 439 4973 δώδεκα
471 4924 642 4977 οὐσῶν
674 4930 849 4997 φυλῶν
872 4936 927 4989 ἐν
950 4939 1149 5006 αὐτοῖς,
1183 4944 1288 4999 ἀπὸ
1319 4948 1414 5017 τῆς
1452 4950 1616 5006 Ἰούδα
1648 4956 1817 5025 φυλῆς

311 5034 355 5064 ²²
388 5036 524 5091 Gen.
571 5057 716 5106 ειη,
755 5047 842 5101 10.

642 5160 865 5253 ﬁni-istas
910 5175 1113 5253 mavult
1142 5177 1245 5229 ὑπό
1269 5196 1281 5207 ο
1315 5181 1554 5253 sedi-Eni,
1589 5189 1802 5253 rectius,

236 5228 842 5306 ut[atl‘notaviuMillius
875 5242 938 5290 ad
970 5242 1152 5296 Matth.
1185 5228 1492 5306 xxviii—13’.

306 5294 418 5379 (ξι)
460 5296 830 5387 llteschlelius,
862 5294 1197 5387 ποιήσαντα,
1237 5294 1570 5387 Speticerus,
1616 5326 1800 5379 δευσο-

237 5366 662 5464 ποιήσανταίεθς(
682 5366 867 5427 omnes
860 5366 1043 5464 “mssa,
1076 5366 1401 5464 ποιῷσαῖιτα,
1436 5368 1599 5446 recte.
1621 5396 1801 5464 l‘cqne

237 5438 374 5513 enin.
408 5438 726 5533 virisimile’
745 5453 829 5496 est
859 5438 1146 5515 Origenem
1180 5454 1248 5507 ita
1279 5438 1361 5511 bis
1388 5438 1796 5533 'cbiﬁii'u'chB:

243 5504 411 5580 suisse
450 5507 926 5580 δευσοποιήσαντα.

272 5640 279 5669 ζ
304 5573 826 5669 (ξὲηίὶίίαίαερβω
846 5596 1072 5669 pterqne
1092 5591 1406 5669 Vaticanus,
1430 5599 1534 5653 duo
1560 5600 1797 5669 Anglic,

240 5653 418 5738 surpite
435 5647 771 5738 l::i_lliqiitlilhb_.
789 5657 875 5738 ed.
895 5658 945 5710 in
968 5647 1164 5738 manu;
1185 5664 1275 5715 scd
1297 5647 1533 5738 intextn,
1551 5647 1794 5738 οίκξίαιςῖ

308 5713 417 5774 (55)
448 5715 599 5772 Lihb.
629 5721 755 5775 editi
784 5727 846 5779 ad
883 5713 1200 5800 marginem,

1956 2264 2076 2319 qum
2122 2250 2223 2305 sibi
2256 2266 2283 2304 a
2320 2252 2637 2319 parentibus
2695 2254 3119 2325 concivibusque
3177 2259 3370 2313 tradita
3420 2259 3538 2315 fue-

1953 2350 2101 2408 runt,
2134 2341 2439 2397 avellantur
2485 2345 2577 2411 qui
2638 2345 2807 2400 semel
2858 2346 2926 2401 iis
2985 2345 3206 2403 fuerunt
3254 2354 3533 2421 occupati,

1953 2432 2258 2502 quamlibet
2280 2434 2653 2490 erubescenda
2692 2446 2745 2489 et
2775 2436 2934 2490 stulta
2966 2437 3096 2491 sint.
3137 2439 3323 2508 Itaque
3352 2441 3440 2495 vix
3466 2442 3538 2497 ab

1952 2518 2212 2591 Egyptio
2243 2523 2453 2591 eripere
2484 2525 2680 2593 possis,
2712 2533 2771 2579 nt
2799 2538 3020 2593 spernat
3044 2542 3107 2583 ea
3136 2545 3256 2599 quae
3282 2546 3311 2585 a
3338 2546 3532 2600 paren-

1954 2609 2097 2664 tibus
2126 2614 2357 2681 accepit,
2390 2624 2448 2666 nt
2480 2629 2548 2668 ne
2571 2616 2708 2670 hanc
2730 2617 3061 2673 animantem
3089 2621 3315 2677 rationis
3337 2638 3531 2693 exper-

1954 2705 2058 2751 tem
2086 2714 2187 2768 pro
2220 2701 2331 2754 Deo
2385 2703 2602 2770 habeat,
2637 2714 2691 2758 et
2721 2720 2788 2759 ne
2821 2708 2956 2761 mori
3004 2708 3190 2775 malit,
3236 2725 3396 2781 quam
3429 2715 3529 2769 hu-

1948 2789 2110 2857 jusce
2144 2793 2398 2849 animalis
2419 2809 2611 2850 carnes
2648 2797 2953 2867 degustare.
2976 2802 3092 2857 Etsi
3118 2818 3246 2858 vero
3276 2808 3391 2862 haec
3442 2806 3537 2862 fu-

1949 2880 2063 2934 sius
2096 2885 2370 2950 persecuti
2423 2884 2739 2956 diutiusque
2770 2889 2823 2942 in
2871 2892 3128 2948 vaticinio
3154 2896 3219 2950 de
3246 2896 3525 2953 Bethleem

1947 2968 2094 3021 edito
2128 2970 2398 3023 immorati
2430 2986 2638 3038 sumus,
2684 2985 2937 3043 putamus
2964 2979 3017 3032 id
3049 2979 3248 3036 factum
3272 2998 3526 3042 necessa-
3622 3057 3631 3064 _

1948 3058 2029 3112 rio
2070 3067 2126 3113 ut
2169 3061 2248 3114 eis
2279 3064 2703 3130 respondeamus
2731 3070 2824 3135 qui
2856 3068 3000 3124 forte
3027 3072 3223 3126 dicturi
3248 3084 3377 3131 sunt
3412 3095 3426 3131 :
3460 3078 3520 3135 Si

1947 3160 2054 3203 tam
2088 3150 2233 3204 clara
2264 3152 2487 3207 fuerunt
2534 3156 2678 3223 apud
2718 3155 2935 3214 Judazos
2960 3162 3026 3216 de
3057 3162 3183 3217 Jesn
3243 3168 3539 3232 vaticinia,

1943 3258 2059 3305 cur,
2094 3252 2376 3311 postquam
2398 3244 2464 3299 ad
2506 3245 2627 3301 illos
2660 3249 2826 3315 venit,
2866 3266 2972 3305 non
3012 3256 3192 3310 statim
3259 3259 3377 3328 ejus
3422 3262 3521 3318 do-

1920 3329 2133 3386 'Ctrinae
2163 3345 2575 3403 consenserunt,
2602 3353 2701 3393 nec
2726 3345 2792 3393 ad
2820 3344 3041 3398 meliora
3069 3362 3188 3414 qua:
3228 3350 3334 3405 illis
3363 3367 3515 3408 com-

1942 3426 2298 3492 monstrabat,
2335 3430 2585 3484 conversi
2615 3431 2773 3484 sunt?
2816 3431 2982 3487 Nobis
3017 3450 3147 3490 vero
3170 3441 3525 3497 credentibus

1940 3528 2099 3568 nemo
2126 3515 2232 3570 tale
2264 3517 2559 3586 quidquam
2594 3522 2909 3588 exprobret,
2956 3538 3076 3577 cum
3122 3529 3302 3581 videat
3353 3530 3515 3585 ﬁdem

1940 3603 1990 3654 in
2020 3602 2203 3658 Jesntn
2249 3607 2436 3661 solidis
2468 3611 2639 3664 astrui
2677 3612 2982 3669 rationibus
3011 3615 3079 3669 ab
3129 3619 3195 3673 iis
3247 3621 3341 3688 qui
3394 3623 3512 3677 illas

1936 3695 2204 3761 explicare
2235 3698 2553 3755 didicerunt.

2005 3783 2091 3836 55.
2134 3784 2227 3837 Sin
2256 3788 2419 3839 etiam
2451 3804 2586 3856 opus
2613 3799 2697 3843 est
2729 3791 2900 3847 altero
2933 3796 3211 3863 vaticinio,
3235 3802 3379 3869 quod
3411 3817 3508 3858 no-

1937 3873 2017 3925 his
2040 3874 2103 3926 ad
2131 3874 2313 3928 Jesum
2351 3879 2631 3933 manifeste
2681 3882 2956 3949 pertinere
3019 3888 3285 3955 videatur,
3343 3907 3509 3963 expo-

1935 3979 2123 4017 nemus
2158 3965 2285 4019 illud
2317 3971 2457 4035 quod
2493 3971 2675 4025 multis
2700 3974 2855 4028 annis
2876 3986 3167 4047 antequam
3213 3981 3371 4039 Jesus
3412 3988 3507 4039 ad-

1933 4056 2160 4121 veniret,
2195 4059 2454 4127 scriptum
2513 4073 2648 4115 esta
2680 4062 2882 4134 Moyse,
2932 4070 3022 4136 qui
3078 4083 3263 4126 narrat
3309 4074 3531 4134 Jacob-

1930 4155 2050 4194 cum
2075 4144 2196 4197 vitae
2223 4146 2345 4199 linis
2380 4146 2708 4213 inmiineret,
2746 4155 2973 4223 singulis
2997 4157 3122 4213 filiis
3152 4162 3500 4219 vaticinatum

1929 4245 2069 4293 esse,
2116 4235 2332 4289 ctintcr
2361 4237 2462 4290 alia
2516 4238 2666 4295 Juda:
2701 4244 2903 4298 dixisse
2953 4248 3065 4303 hazc
3098 4268 3112 4304 ε
3151 4270 3171 4303 α
3212 4253 3325 4307 Νυη
3371 4256 3497 4310 deli-

1927 4323 2032 4375 ciet
2058 4326 2309 4395 princeps
2334 4344 2400 4382 ex
2427 4329 2563 4384 Juda
2589 4341 2643 4385 et
2700 4333 2809 4386 dux
2840 4350 2870 4387 e
2900 4334 3195 4395 femoribus
3232 4346 3367 4413 ejus,
3402 4348 3501 4401 do-

1930 4430 2026 4467 nec
2055 4418 2303 4471 venerint
2336 4435 2456 4487 quae
2506 4426 2741 4490 reposita
2780 4429 3065 4487 sunt'ei“.
3098 4451 3117 4483 ι
3150 4433 3262 4489 Hoc
3306 4438 3523 4492 vatici-t

1926 4503 2315 4575 ninm’legenti,
2341 4513 2482 4578 quod
2505 4514 2628 4570 licet
2657 4534 2842 4574 revera
2875 4524 2947 4576 sit
2980 4525 3254 4592 antiquius
3291 4527 3496 4599 Moyse,

1925 4608 1953 4644 a
1992 4593 2172 4663 Moyse
2203 4609 2381 4653 tamen
2422 4605 2627 4658 editum
2673 4608 2972 4665 infidelium
3000 4615 3199 4683 aliquis
3232 4593 3493 4674 fortevsu—

1925 4687 2248 4757 spicabitur,
2287 4695 2387 4749 hoc
2427 4698 2657 4762 primum
2683 4701 3030 4760 admirationi
3070 4710 3195 4775 erit,
3223 4714 3496 4780 quomodo

1575 4768 1815 4840 Μωῠσῆς
1850 4795 1890 4847 D
1922 4776 2152 4849 Moyses,
2183 4800 2304 4838 cum
2344 4787 2650 4847 Jutlznorum
2677 4796 2783 4849 sint
2817 4798 3096 4853 duodecim
3132 4768 3319 4867 tribus,
3348 4820 3490 4873 prae-

1923 4871 2103 4929 dicere
2136 4882 2369 4943 poluerit
2402 4899 2527 4950 eos,
2563 4890 2653 4957 qui
2704 4893 2958 4962 populum
3007 4871 3395 4963 gubernarent,
3422 4913 3491 4953 ex

1928 4964 2069 5019 tribu
2098 4964 2232 5020 Juda
2268 4973 2575 5031 exorituros
2608 4993 2746 5047 esse,
2782 4982 2923 5036 unde
2951 4981 3259 5039 Iudaeorum
3295 5001 3491 5042 nomen

2133 5195 2468 5284 ἐρομένῳ-ηδε
2493 5203 2681 5273 μηδεὶς
2709 5206 2753 5284 δ’
2788 5207 2960 5284 ὐμῶν.
2995 5211 3168 5284 Lego,
3190 5214 3342 5284 ἡμῖν.

1985 5266 2095 5351 (βῦ)
2133 5265 2213 5319 Τὰ
2253 5265 2617 5351 ,ἀποκείμεναι
2640 5265 2847 5351 “Vannii.
2910 5265 3102 5351 Codef
3116 5265 3353 5351 the'git‘r-s
3382 5322 3398 5346 ,
3445 5279 3491 5351 ᾧ

1911 5335 2216 5389 ἀπόκειται.
2236 5335 2571 5418 _Bas.i_leensis
2590 5384 2606 5408 ,
2636 5344 2664 5396 ὃ
2709 5335 3014 5403 ἀπόκειται.
3061 5335 3261 5404 Lecti;
3274 5347 3318 5418 ᾦ
3337 5335 3489 5405 ⁷ἐίπόἶξ

1910 5408 2428 5488 κειται“οειηᾼιιιιιὶ.1ξξ
2444 5412 2868 5488 et__Sytnmachi;
2901 5420 2994 5471 sed
3019 5434 3140 5488 cum
3166 5419 3229 5488 in
3259 5408 3489 5488 q'uibus-

1907 5475 2026 5552 tlaut
2055 5474 2161 5552 τῶν
2196 5478 2249 5552 (_)'
2283 5474 2611 5552 editionibtis
2640 5474 2987 5552 reperiretur,
3016 5487 3140 5539 hinc
3160 5485 3259 5541 SS.
3274 5474 3488 5544 ‘Patres

1907 5543 2062 5595 modo
2098 5545 2163 5621 τὰ
2200 5547 2533 5621 ἀποκείμενα
2563 5543 2728 5621 αὐτῷ,
2772 5555 2928 5607 modo
2945 5543 2989 5621 ᾧ
3009 5555 3294 5611 ἀπόκειται
3329 5575 3486 5612 usur-

1906 5622 2053 5678 pant.
2076 5614 2600 5695 ἐἰοιιιοιιάίιςέιυιεῃι
2631 5614 2873 5695 Justinus
2927 5614 3136 5692 martyr
3166 5628 3219 5681 in
3257 5628 3485 5695 Dialogo

1908 5698 2032 5755 runt
2076 5683 2347 5752 'l'rypltone
2387 5686 2511 5739 illud
2542 5682 2586 5754 ᾧ
2630 5691 2910 5742 ἀπόκειται
2954 5682 3131 5747 νοηιίιι
3178 5711 3297 5755 esse
3342 5682 3485 5752 LXIX

1912 5750 2222 5819 lectionum,
2253 5771 2355 5807 non
2383 5750 2648 5811 ειυιυιιιτὰ
2676 5759 3008 5826 ἀποκείμεναι
3044 5766 3206 5839 αὐτῷ.
