3988 6156
477 366 580 422 739

1929 364 2249 422 ORIGENIS

3623 362 3722 416 ἸΕιο

470 497 655 542 natum
699 495 781 538 est
810 503 821 537 ε
853 485 919 536 ab
945 501 1045 535 una
1078 485 1216 534 tribu
1255 497 1418 548 penus
1452 499 1610 548 quam
1643 498 1860 549 regnum
1891 495 2022 547 erat,

2136 479 2514 550 γεννηθέντες,
2565 478 2780 551 ἄρξουσι
2818 475 2909 530 τοῦ
2938 475 3097 530 λαοῦ·
3131 475 3208 528 διὸ
3234 477 3326 530 καὶ
3363 478 3395 529 ὁ
3436 477 3546 539 πᾶς
3594 477 3722 542 λαὸς

468 577 813 628 denominata
832 585 988 642 gente
1003 573 1164 642 369
1185 574 1452 627 universa.
1486 573 1595 627 Iloc
1622 575 1783 628 etiam
1801 575 2035 628 admira-

469 663 617 718 bitur
675 663 932 716 candidus
963 661 1103 714 illius
1133 662 1502 729 praidictiouis
1526 662 1713 727 lector,
1743 664 2034 731 quomodo,

467 765 749 825 postqpam
777 751 1040 808 dixerate
1075 753 1216 806 tribu
1263 751 1399 808 Juda
1455 754 1716 809 oriundos
1777 754 1894 818 lore
1943 757 2033 824 qui

466 845 643 913 populi
677 843 946 911 principes
973 852 1154 894 essent
1186 856 1250 901 ac
1279 843 1475 916 duces,
1509 843 1852 907 constituerit
1892 844 2035 918 illius

463 937 760 1001 potestatis
797 934 953 995 linem
1013 934 1094 988 his
1153 934 1376 990 verbis:
1411 954 1427 982 ι
1474 934 1587 1006 Non
1641 936 2037 1008 tleficietmrin-

459 1043 587 1094 ceps
619 1043 682 1084 ex
723 1025 857 1082 Juda
885 1035 935 1078 et
967 1027 1072 1082 dux
1106 1041 1134 1084 e
1180 1024 1472 1088 femoribus
1523 1025 1660 1095 ejus,
1727 1029 1901 1092 donec
1947 1044 2036 1094 ve-

459 1121 639 1174 nerint
691 1134 810 1187 quae
854 1118 1085 1186 reposita
1140 1127 1268 1180 sunt
1301 1119 1386 1180 ei;
1439 1128 1492 1174 et
1540 1121 1652 1186 ipse
1702 1122 2032 1187 exspectatio

455 1209 778 1276 gentium”.
814 1227 832 1257 ι
868 1207 1022 1280 Venit
1053 1207 1197 1264 cuitu
1231 1206 1580 1274 cui,reposita
1609 1217 1753 1271 sunt,
1780 1209 2032 1264 Christus

459 1300 574 1364 Dei,
602 1301 1021 1370 promissionum
1056 1300 1142 1370 Ι)ρὶ
1181 1299 1447 1368 princeps,
1487 1300 1647 1366 Solus
1700 1300 1786 1366 ille
1827 1319 1934 1369 non
1965 1318 2029 1356 ex

459 1395 526 1448 iis
555 1396 839 1466 duntaxat,
877 1393 966 1461 qui
1023 1401 1149 1444 ante
1201 1390 1381 1454 illum,
1411 1393 1499 1456 sed
1533 1396 1718 1458 etiam,
1770 1397 2032 1460 audacter

456 1487 659 1546 dicant.
697 1500 764 1538 ex
811 1484 876 1542 iis
927 1483 1019 1552 qui
1049 1492 1165 1550 pust
1215 1484 1487 1552 vixerunt,
1525 1483 1646 1548 fuit,
1691 1496 1749 1538 ut
1806 1487 2033 1552 manife-

455 1587 728 1642 stumest,
762 1595 780 1628 ι
813 1579 1145 1646 exspectatio
1178 1578 1435 1651 gentium.
1469 1596 1486 1628 ι
1521 1576 1765 1648 Enerunt
1793 1581 1937 1642 enim
1963 1595 2027 1634 ex

455 1671 711 1728 omnibus
746 1671 1018 1741 gentibus,
1053 1670 1142 1738 qui
1176 1685 1274 1738 per
1305 1670 1465 1732 illum.
1498 1670 1617 1725 Deo.
1633 1673 1934 1738 crederent,
1978 1682 2032 1726 et

455 1771 645 1828 gentes
679 1761 728 1815 in
758 1762 876 1831 ejus
906 1761 1125 1820 nomine
1171 1775 1319 1828 Spem
1362 1777 1514 1820 suam
1568 1763 1974 1820 collocaverunt
2011 1781 2025 1816 :

2153 569 2392 623 Ἰουδαῖοι
2425 569 2794 639 ὀνομάζονται,
2824 569 2925 638 τῆς
2954 565 3339 638 βασιλευούσης
3371 567 3546 640 φυλῆς
3571 568 3720 634 ὄντες

2141 659 2433 729 ἐπώνυμοι.
2468 660 2577 711 Καὶ
2606 657 2854 728 δεύτερον
2881 657 2924 710 δ’
2947 657 3012 711 ἂν
3039 658 3311 736 θαυμάσαι
3351 659 3452 730 τὴν
3502 676 3716 731 προφη-

2137 751 2286 814 τείαν
2312 753 2340 803 ό
2369 750 2722 820 εὐγνωμόνως
2761 750 2896 818 αὐτῇ
2925 749 3293 821 ἐντυγχάνων,
3327 749 3449 806 τίνα
3493 752 3715 822 τρόπον,

2137 841 2304 902 εἰπὼν
2327 841 2432 895 ἀπὸ
2454 842 2551 911 τῆς
2567 841 2740 894 Ἰούδα.
2787 840 2956 910 φυλῆς
2977 839 3190 894 ἔσεσθαι
3211 841 3336 902 τοὺς
3353 841 3615 912 ἄρχοντας
3627 848 3716 898 καὶ

2137 934 2403 1004 ἡγεμόνας
2439 932 2544 1000 τοῦ¹
2569 931 2716 998 λαοῦ,
2758 931 2952 1002 ἔστησε
2983 933 3075 984 καὶ
3115 933 3174 985 τὸ
3214 933 3365 996 τέλος
3405 933 3509 1003 τῆς
3554 935 3714 1004 αὐτῆς

2135 1025 2327 1096 ἀρχῆς,
2363 1023 2529 1078 εἰπών
2554 1064 2569 1088 ,
2628 1043 2648 1074 ι
2692 1025 2792 1076 οὐκ
2835 1023 3102 1091 ἐκλείψειν
3151 1023 3384 1093 ἄρχοντα
3409 1021 3477 1087 ἐξ,¹
3528 1023 3710 1088 Ἰούδα,

2136 1118 2223 1169 καὶ
2250 1115 2633 1187 ήγούμενονέκ
2659 1115 2764 1168 τῶν
2799 1114 2984 1186 μηρῶν
3027 1113 3189 1168 αὐτοῦ
3214 1155 3230 1179 ,
3259 1113 3365 1178 ἓως
3395 1114 3461 1168 ἂν
3488 1113 3614 1186 ἔλθῃ
3647 1115 3712 1168 τά

2134 1206 2468 1276 ἀποκείμενα
2499 1205 2606 1277 (56)
2630 1205 2776 1276 αὐτῷ
2795 1224 2806 1235 ·
2837 1207 2928 1258 καὶ
2959 1205 3122 1269 αὐτὸς
3155 1205 3448 1276 προσδοκία
3477 1205 3666 1260 ἐθνῶν.
3689 1225 3706 1258 ι

2133 1291 2300 1354 τη).οε
2329 1293 2435 1365 γὰρ
2457 1288 2502 1362 ᾧ
2526 1297 2637 1350 ἐστι
2665 1294 2730 1347 τὰ
2763 1294 3119 1364 ἀποκείμενα,
3137 1297 3164 1347 ὁ
3189 1295 3420 1364 Χριστὸς
3445 1295 3540 1348 τοῦ
3558 1295 3709 1358 Θεοῦ,

2131 1383 2368 1454 δᾶρχων
2396 1383 2502 1441 τῶν
2540 1383 2880 1452 ἐπαγγελιῶν
2919 1382 3012 1436 τοῦ
3049 1384 3204 1438 Θεοῦ.
3243 1384 3350 1436 Καὶ
3407 1384 3596 1454 σαφῶς
3626 1386 3708 1454 γέ·-

2131 1493 2284 1542 γονεν
2311 1470 2472 1544 οὗτος.
2493 1475 2651 1545 μόνος
2681 1475 2830 1546 παρὰ
2857 1477 2983 1538 τοὺς
3009 1476 3114 1546 πρὸ
3134 1475 3299 1530 αὑτοῦ
3327 1477 3558 1540 πάντας,
3593 1476 3709 1549 θαῤ-

2134 1567 2238 1639 ρᾦ
2277 1566 2319 1619 δ’
2349 1565 2412 1620 ἂν
2447 1565 2657 1636 εἴποιμι
2699 1568 2791 1620 καὶ
2837 1568 2961 1630 τοὺς
2999 1567 3114 1637 μετ’
3146 1568 3304 1621 αὑτὸν
3324 1608 3339 1632 ,
3369 1586 3390 1618 ι
3420 1568 3708 1639 προσδοκία

2130 1657 2297 1709 ἐθνῶν
2317 1674 2329 1687 -
2378 1675 2394 1708 ι
2429 1656 2559 1709 Ἀπὸ
2592 1655 2700 1727 γὰρ
2722 1656 2937 1713 πάντων
2969 1657 3076 1712 τῶν
3121 1657 3288 1714 ἐθνῶν
3315 1659 3705 1715 πεπιστεύκασι

2129 1749 2205 1818 τῷ
2244 1748 2361 1820 Θεῷ
2391 1749 2456 1801 δι’
2492 1749 2703 1818 αὑτοῦ,
2736 1750 2856 1818 καὶ,
2887 1750 3024 1806 κατὰ
3064 1750 3123 1803 τὸ
3150 1750 3436 1820 εἰρημένον
3484 1751 3589 1805 ὑπὸ
3620 1752 3705 1806 τοῦ

455 1849 598 1919 quod
635 1850 703 1904 ab
750 1850 885 1908 Isaia
946 1853 1262 1921 praedictum
1295 1852 1472 1911 fuerat
1517 1853 1604 1906 his
1644 1853 1829 1908 verbis.
1857 1870 1874 1907 :
1905 1873 1922 1904 ι
1967 1855 2022 1908 ln

2141 1841 2380 1906 Ἡσαΐου,
2435 1840 2639 1910 ἐπιτῷ
2681 1841 2902 1911 ὀνόματι
2949 1839 3110 1900 αὑτοῦ
3160 1840 3285 1910 ἔθνη
3317 1840 3585 1910 ἤλπισαν,
3637 1845 3707 1895 εἰ-

456 1939 676 1992 nomine
707 1937 825 2014 ejus
854 1951 1042 2008 gentes
1079 1942 1370 2008 sperabunt
1393 1940 1456 1993 “.
1496 1960 1512 1991 ι
1559 1941 1675 2010 Ipse
1719 1945 2028 2011 estquidi-

455 2031 534 2082 xit
564 2030 630 2082 iis
655 2031 748 2097 qui
789 2030 842 2084 in
882 2029 1112 2085 vinculis
1155 2039 1314 2092 erant
1343 2030 1489 2098 (nam
1539 2045 1697 2086 nemo
1740 2043 1843 2096 est,
1895 2034 2024 2102 quin

452 2122 566 2183 suis
591 2123 829 2190 peccatis
849 2123 996 2178 velut
1025 2125 1232 2180 catenis
1249 2125 1673 2194 constringatur)
1701 2139 1716 2178 :
1754 2144 1772 2175 ι
1799 2125 1951 2188 Exite
1977 2144 2022 2192 ι;

452 2224 508 2267 ct
556 2215 643 2278 iis,
683 2215 777 2282 qui
805 2215 856 2268 in
902 2216 1201 2284 ignorantia
1243 2235 1255 2269 :
1293 2216 1546 2271 «.Venite
1592 2218 1658 2271 ad
1715 2218 1970 2275 lucem”.
2001 2237 2020 2269 ι

455 2303 578 2366 ΙΙεΡς
607 2305 753 2359 enim
785 2306 1144 2373 praenuntiata
1178 2306 1398 2362 fuerant
1426 2308 1530 2362 hoc
1582 2310 1742 2364 modo
1781 2326 1794 2363 :
1833 2327 1853 2360 ι
1890 2309 2020 2364 Dedi

453 2407 506 2451 te
541 2398 596 2454 in
630 2396 806 2452 fmdus
837 2399 1103 2467 gentium,
1153 2410 1213 2454 ιιι
1236 2399 1542 2455 suscitares.
1565 2409 1768 2454 terram
1818 2412 1876 2454 et.
1905 2415 2023 2469 pos-

451 2490 662 2546 sideres
695 2490 1040 2546 baereditates
1097 2491 1420 2561 dissipatas,
1459 2500 1516 2546 ιιι
1547 2492 1759 2547 diceres
1806 2493 1888 2548 his
1932 2494 2022 2562 qui

453 2581 620 2635 vincti
659 2591 788 2636 sunt
817 2601 829 2636 :
862 2581 1043 2647 Exite;
1075 2593 1131 2636 et
1168 2581 1253 2636 his
1292 2585 1382 2651 qui
1428 2583 1480 2636 in
1533 2583 1770 2640 tenebris
1800 2603 1812 2639 :
1846 2585 2020 2638 Rere-

449 2668 721 2726 lamini".
755 2689 773 2722 ι
806 2671 871 2726 Ει
894 2673 1078 2726 videre
1123 2682 1208 2727 est
1239 2674 1289 2726 iu
1329 2674 1485 2740 hujus
1521 2675 1750 2729 adventu
1801 2687 2025 2745 propter

449 2776 549 2824 eos
593 2761 696 2829 qui,
718 2763 915 2831 ubique
954 2773 1223 2822 terrarum
1259 2765 1577 2835 simpliciter
1604 2767 1849 2832 credunt,
1904 2768 2020 2821 exi-

448 2862 562 2904 tum
595 2853 850 2908 habuisse
878 2853 1006 2906 illud
1035 2869 1048 2904 :
1085 2870 1104 2904 ι
1137 2854 1312 2922 Super
1355 2870 1542 2910 omnes
1569 2857 1684 2912 vias
1711 2864 2020 2925 pascentur,

449 2953 508 2995 et
532 2942 590 2996 in
613 2943 863 3002 omnibus
894 2945 1102 2998 semitis
1133 2959 1333 3013 pascua
1373 2947 1641 3002 eorum".
1680 2967 1700 3000 ι

521 3114 611 3183 54.
652 3113 786 3180 Quia
839 3130 970 3168 vero
1013 3113 1231 3180 Celsus,
1276 3116 1368 3186 qui
1417 3126 1657 3173 nostram
1721 3120 2020 3174 doctrinam

450 3204 554 3277 sibi
584 3206 798 3273 penitus
833 3214 1174 3274 perspectam
1213 3221 1336 3260 esse
1374 3209 1694 3276 prolitetur,
1731 3213 2024 3278 exprobrat

451 3295 744 3361 salvatori,
768 3298 929 3365 quod,
961 3296 1087 3351 dum
1123 3306 1422 3367 pateretur,
1451 3299 1549 3368 ipsi
1574 3300 1736 3356 Pater
1755 3316 1858 3357 non
1886 3304 2025 3358 tule-

452 3388 525 3441 rit
554 3387 838 3454 auxilium,
871 3397 964 3441 aut
990 3390 1104 3456 ipse
1138 3389 1240 3444 sibi
1272 3389 1476 3446 auxilio
1513 3405 1631 3447 esse
1676 3407 1784 3447 non
1843 3406 2024 3462 potue-

451 3477 566 3542 rit;
637 3478 1067 3546 respondendum
1117 3479 1422 3546 passionem
1485 3477 1602 3546 ejus
1661 3479 1827 3540 fuisse
1879 3497 2020 3550 prae-

450 3567 684 3634 dictam,
726 3584 832 3624 nec.
860 3570 912 3624 id
951 3569 1158 3635 solum,
1208 3571 1302 3626 sed
1362 3571 1527 3625 etiam
1576 3572 1842 3639 passionis
1895 3588 2022 3627 cau-

449 3675 564 3714 sam
615 3680 628 3715 :
671 3675 864 3732 nempe
896 3664 1022 3731 quia
1061 3664 1260 3718 iurem
1307 3663 1584 3718 hominum
1629 3674 1769 3730 erat,
1815 3676 1872 3718 ut
1924 3682 2021 3734 pro

452 3747 560 3806 illis
589 3761 817 3804 mortem
851 3753 1083 3816 subiret,
1114 3762 1168 3807 et
1211 3754 1498 3812 damnatus
1549 3754 1770 3810 vulnera
1815 3756 2021 3825 perfer-

455 3845 559 3889 ret.
604 3837 930 3894 Przedictutn
968 3856 1181 3908 quoque
1223 3850 1306 3895 est
1357 3841 1492 3905 l‘ore,
1537 3850 1594 3894 ut
1641 3858 1706 3897 ex
1751 3844 2020 3911 gentibus,

453 3927 596 3994 apud
623 3943 760 3996 quas
785 3944 889 3984 non
925 3930 1138 3984 fuerant
1184 3931 1480 4000 prophetae,
1519 3941 1702 3989 essent
1753 3935 1844 4002 qui
1873 3934 2019 3989 illum

453 4031 836 4085 agnoscerent,
866 4021 1124 4090 illumque
1160 4026 1302 4076 inter
1329 4024 1578 4083 homines
1600 4024 1774 4081 visum
1803 4029 1867 4082 iri
1897 4043 2022 4097 spe-

449 4110 536 4163 cie
567 4125 687 4178 qua:
713 4110 817 4166 illis
847 4113 1242 4167 contemnenda
1272 4115 1566 4170 videretur.
1615 4116 1707 4171 Sic
1731 4120 1875 4172 enim
1923 4121 2020 4174 ha-

447 4201 581 4258 bent
655 4203 951 4272 prophetia:
1007 4206 1171 4260 verba
1227 4222 1242 4260 :
1310 4225 1328 4258 ι
1382 4207 1520 4262 Ecce
1569 4207 1836 4277 intelliget
1885 4226 2020 4279 puer

451 4304 622 4353 meus,
670 4300 724 4345 et
773 4293 1123 4360 exaltabitur,
1152 4304 1206 4348 et
1240 4294 1652 4364 gloriﬁcabitur,
1693 4307 1747 4351 et
1771 4299 2020 4354 sublimis

448 4381 552 4444 crit
573 4381 744 4450 valde.
781 4382 1247 4453 Sicutstupebunt
1298 4400 1461 4454 super
1489 4397 1539 4442 te
1574 4388 1750 4453 multi,
1801 4389 1880 4445 sic
1931 4389 2017 4444 in-

2128 1932 2317 2000 πόντος
2336 1931 2447 2002 (57)
2469 1950 2482 1963 ·
2512 1951 2530 1984 ι
2568 1933 2688 1985 Ἑπὶ
2709 1933 2784 2004 τῷ
2805 1931 3026 2001 ὀνόματι
3050 1931 3211 1990 αὐτοῦ
3231 1932 3668 2002 ἔθνη-ἐλπιοῦσιν.
3682 1954 3698 1985 ι

2128 2014 2294 2083 Οὗτος
2314 2021 2369 2073 δέ
2395 2021 2488 2075 καὶ
2517 2017 2636 2075 εἷπε
2667 2024 2778 2088 τοῖς
2808 2023 2864 2074 ἐν
2892 2022 3160 2092 δεσμοῖς,
3182 2021 3317 2074 καθὸ
3360 2025 3572 2092 σειραῖς
3604 2023 3704 2079 τῶν

2127 2111 2314 2168 ἑαυτοῦ
2330 2112 2612 2184 ἁμαρτιῶν
2627 2113 2854 2175 ἕκαστος
2871 2113 3175 2182 σφίγγεται,
3201 2113 3280 2178 τὸ,
3304 2132 3321 2164 ι
3362 2113 3658 2179 Ἐξέλθετε,
3682 2134 3701 2166 ι

2127 2202 2218 2253 καὶ
2244 2204 2355 2265 τοῖς
2382 2204 2438 2255 ἐν
2465 2205 2529 2272 τῇ
2572 2202 2794 2273 ἀγνοίᾳ,
2819 2202 2879 2254 τὸ
2900 2243 2913 2264 ,
2948 2221 2965 2251 ι
3006 2204 3098 2266 Εἰς
3156 2204 3271 2271 φῶς
3322 2204 3499 2274 ἥκειν.
3550 2225 3569 2256 ι
3602 2206 3704 2258 Καὶ

2123 2293 2326 2348 τούτων
2353 2293 2494 2346 οὕτω
2537 2294 3021 2366 προφητευθέντων
3046 2311 3059 2324 ·
3105 2314 3122 2344 ι
3156 2296 3266 2348 Καὶ
3310 2295 3486 2350 ἔδωκά
3521 2314 3580 2349 σε
3630 2299 3706 2360 είς

2123 2385 2384 2456 διαθήκην
2412 2385 2611 2449 ἐθνῶν,
2641 2383 2734 2437 τοῦ
2767 2386 3102 2455 καταστῆσαι
3133 2387 3232 2455 τὴν
3271 2387 3372 2457 γῆν
3393 2426 3409 2450 ,
3445 2389 3541 2440 καὶ
3581 2389 3707 2457 κληο

2126 2477 2418 2550 ρονομῆσαι
2463 2476 2827 2548 κληρονομίαν
2870 2478 3075 2547 ἐρήμου
3097 2517 3110 2540 ,
3145 2476 3372 2545 λέγοντα
3396 2481 3510 2541 τοῖς
3543 2479 3600 2531 ἐν
3624 2479 3705 2532 δε-

2125 2573 2299 2638 σμοῖς,
2342 2569 2614 2633 Ἐξέλθετε
2656 2570 2787 2640 (58),
2825 2571 2915 2622 καὶ
2939 2572 3050 2632 τοῖς
3075 2571 3131 2622 ἐν
3176 2571 3377 2636 σκότει,
3418 2570 3706 2624 Ἀνακαλύς

2125 2663 2314 2732 φθητε.
2359 2681 2377 2713 ι
2416 2661 2526 2714 Καὶ
2554 2660 2698 2713 ἐστιν
2732 2661 2857 2714 ἰδεῖν
2879 2659 2970 2712 ἐπὶ
2990 2662 3054 2730 τῇ
3077 2658 3263 2711 τούτου
3296 2663 3600 2732 παρουσίᾳ,
3621 2660 3705 2715 διὰ

2123 2753 2249 2813 τοὺς
2284 2747 2560 2820 πανταχοῦ
2603 2750 2701 2820 τῆς
2729 2749 3050 2820 οϊκουμένης
3091 2747 3454 2820 ἁπλούστερον
3497 2750 3706 2803 πιστεύ-

2123 2861 2299 2908 οντας,
2332 2842 2700 2914 πληρούμενον
2740 2841 2829 2894 τό·
2873 2861 2891 2893 ι
2931 2843 3040 2895 Καὶ
3077 2845 3133 2895 ἐν
3169 2843 3367 2904 πάσαις
3413 2845 3532 2906 ταῖς
3571 2842 3704 2904 ὣοῖς

2127 2935 2552 3006 βοσκηθήσονται
2575 2973 2590 2992 ,
2620 2933 2712 2986 καὶ
2745 2934 2802 2986 ἐν
2837 2933 3035 2996 πάσαις
3098 2935 3219 2995 ταῖς
3250 2932 3456 3004 τρίόοις
3490 2935 3524 3002 ή
3567 2933 3701 3004 νομὴ

2125 3025 2321 3078 αὐτῶν.
2358 3045 2375 3076 ι
3109 3037 3115 3046 “

2208 3115 2359 3169 Ἐπεὶ
2388 3114 2444 3168 δὲ
2491 3116 2518 3166 ὁ
2560 3115 3022 3186 ἐπαγγελλόμενος
3064 3115 3260 3170 ειδέναι
3301 3113 3370 3169 τὰ
3407 3114 3503 3169 τοῦ
3543 3115 3701 3184 λόγου

2126 3208 2302 3261 πάντα
2331 3207 2537 3270 Κέλσος
2557 3207 2798 3272 ὀνειδίζει
2841 3207 2918 3277 τῷ
2942 3209 3151 3280 Σωτῆρι
3177 3208 3268 3260 ἐπὶ
3293 3207 3371 3278 τῷ
3406 3208 3592 3271 πάθει,
3629 3208 3701 3271 ὼς

2128 3299 2200 3370 μὴ
2227 3298 2543 3370 βοηθηθέντι
2569 3300 2671 3351 ὑπὸ
2695 3299 2785 3352 τοῦ
2814 3299 3043 3371 Πατρὺς,
3069 3299 3102 3371 ἢ
3130 3300 3202 3370 μὴ
3225 3299 3504 3368 δυνηθέντι
3527 3297 3702 3368 ἐαυτῷ

2125 3389 2419 3460 βοηθῆσαι,
2483 3391 2845 3462 παραθετέον,
2893 3391 2972 3443 ὅτι
3015 3391 3075 3444 τὸ
3107 3391 3277 3454 πάθος
3331 3391 3498 3444 αὑτοῦ
3540 3408 3699 3461 προε-

2124 3481 2386 3552 φητεύετο
2425 3483 2558 3552 μετὰ
2599 3483 2696 3552 τῆς
2739 3481 2935 3543 αἰτίας,
2968 3482 3050 3533 ὃτι
3089 3482 3352 3552 χρήσιμον
3388 3477 3456 3550 ἦν
3495 3478 3699 3550 ἀνθρὼ-

2123 3591 2244 3637 ποις
2270 3573 2330 3625 τὸ
2374 3573 2575 3626 ἐκεῖνον
2620 3574 2758 3642 ὑπὲρ
2790 3572 2964 3625 αὐτῶν
2991 3573 3299 3636 ἀποθανεῖν,
3329 3572 3424 3624 καὶ
3459 3572 3699 3641 μώλωπα

2122 3664 2210 3718 τὸν
2248 3666 2339 3717 ἐπὶ
2370 3663 2445 3733 τῷ
2470 3663 2920 3717 καταδεδικάσθαι
2950 3663 3159 3716 παθεῖν.
3193 3662 3494 3733 Προείρητο
3524 3661 3580 3714 δὲ
3609 3662 3698 3712 καὶ

2122 3758 2202 3809 ὅτι
2241 3759 2556 3828 συνήσουσιν
2589 3756 2749 3808 αὑτὸν
2781 3757 2830 3808 οἱ
2861 3756 2967 3808 ἀπὸ
3005 3755 3108 3809 τῶν
3139 3753 3328 3817 ἐθνῶν,
3364 3756 3494 3824 παρ’
3525 3747 3605 3816 οἷς
3635 3752 3694 3804 οὐ

2122 3849 2403 3916 γεγόνασιν
2428 3849 2477 3900 οἱ
2505 3847 2800 3918 προφῆται,
2830 3847 2923 3900 καὶ
2956 3845 3173 3898 λέλεκτο
3215 3845 3296 3898 ὅτι
3342 3840 3481 3906 εἶδος
3507 3844 3694 3912 ἄτιμον

2122 3942 2180 3992 ἐν
2219 3939 2523 4010 ἀνθρώποις
2564 3938 2882 4008 φαινόμενον
2915 3937 3051 4006 ἔχων
3095 3937 3408 4008 ὀφθήσεται.
3450 3935 3606 3989 Οὕτω
3647 3933 3692 3986 δ’

2122 4034 2233 4104 ἔχει
2261 4035 2294 4103 ὴ
2329 4033 2504 4098 λέξιςο
2543 4051 2560 4084 ι
2615 4032 2744 4084 Ἰδοὺ
2782 4034 2999 4102 συνήσει
3027 4032 3056 4082 ὁ
3096 4033 3222 4092 παῖς
3268 4045 3388 4099 μου,
3430 4027 3528 4080 καὶ
3553 4027 3692 4094 ὑψω-

2122 4125 2373 4196 θήσεται,
2432 4125 2524 4176 καὶ
2569 4122 2985 4194 δοξασθήσεται,
3044 4123 3137 4175 καὶ
3202 4119 3690 4191 μετεωρισθήσεται

2123 4216 2347 4286 σφόδρα.
2382 4216 2476 4268 Ὃν
2519 4215 2714 4284 τρόπον
2753 4215 3108 4284 ἐκστήσονται
3142 4213 3233 4264 ἐπὶ
3273 4212 3332 4263 σὲ
3370 4211 3573 4274 πολλοὶ,
3601 4209 3690 4262 οὖ-

2120 4324 2225 4369 τως
2251 4306 2498 4377 ἀδοξήσει
2530 4305 2636 4358 ἀπὸ
2667 4305 2964 4375 ἀνθρώπων
2989 4305 3048 4358 τὸ
3074 4302 3210 4367 εἶδός
3235 4321 3352 4367 σου,
3381 4305 3476 4358 καὶ
3508 4307 3540 4374 ή
3572 4303 3691 4369 δόξα

2122 4412 2214 4447 σου
2242 4397 2349 4448 ἀπὸ
2370 4394 2478 4447 τῶν
2511 4393 2812 4464 ἀνθρώπων
2841 4394 2969 4463 (59).
2993 4393 3148 4446 Οὕτω
3172 4395 3539 4464 θαυμάσονται
3566 4393 3688 4462 ἔθνη

448 4470 617 4538 gloria
646 4473 750 4526 erit
777 4473 845 4528 ab
869 4476 1172 4531 hominibus
1199 4479 1407 4545 species
1446 4488 1557 4544 tua,
1586 4489 1639 4535 et
1668 4481 1836 4548 gloria
1864 4491 1953 4537 tua
1986 4497 2013 4536 ι

2127 4486 2290 4540 πολλὰ
2308 4489 2393 4540 ἐπ’
2416 4486 2580 4557 αὐτῷ,
2609 4486 2699 4539 καὶ
2730 4485 3006 4549 συνέξουσι
3040 4485 3276 4556 βασιλεῖς
3302 4488 3361 4539 τὸ
3389 4487 3566 4556 στόμα
3593 4487 3688 4538 αὐ·
3747 4490 3757 4495 ”

448 4561 900 4621 tiliisliotninum.
931 4565 1022 4632 Sic
1061 4568 1402 4623 mirabuntur
1430 4581 1617 4638 gentes
1645 4573 1823 4626 multa:
1853 4588 2016 4642 super

449 4664 536 4715 eo,
565 4661 616 4704 et
644 4667 796 4722 reges
826 4656 1178 4724 continebunt
1202 4674 1265 4710 os
1301 4675 1456 4711 suum
1481 4677 1494 4722 ;
1527 4663 1652 4726 quia
1681 4663 1878 4728 quibus
1904 4679 2008 4716 non

449 4751 530 4793 est
564 4743 938 4797 annuutiutum
968 4745 1032 4799 de
1054 4761 1140 4810 eo,
1170 4747 1462 4812 videbunt;
1491 4758 1546 4802 et
1575 4751 1664 4816 qui
1698 4766 1800 4804 non
1827 4753 2018 4806 audie-

450 4842 612 4891 runt,
692 4833 1010 4902 intelligent.
1075 4837 1324 4901 Domine,
1375 4839 1496 4907 quis
1520 4841 1753 4894 credidit
1811 4844 2014 4897 auditui

447 4923 676 4977 nostro?
719 4924 784 4976 Et
834 4925 1114 4982 brachium
1179 4929 1388 4983 Domini
1433 4935 1517 4984 cui
1569 4933 1862 4988 revelatum
1893 4938 2017 4990 est?

448 5015 904 5071 Annuntiavimus
932 5021 1087 5088 quasi
1135 5021 1414 5090 parvulum
1443 5023 1490 5074 iu
1517 5037 1808 5093 conspectu
1851 5027 1966 5096 ejus
1995 5047 2009 5094 ;

2125 4578 2259 4631 τῶν·
2293 4578 2373 4630 ὅτι
2403 4572 2483 4640 οἷς
2518 4579 2615 4630 οὑκ
2643 4576 2913 4646 ἀνηγγέλη
2956 4578 3082 4647 περὶ
3112 4577 3295 4640 αὐτοῦ,
3330 4578 3571 4645 ὕψονται,
3599 4573 3690 4630 καὶ

2123 4671 2171 4721 οἳ
2203 4669 2300 4720 οὐκ
2327 4668 2615 4737 ἀκηκόασι,
2654 4669 2960 4737 συνήσουσι.
2989 4667 3180 4737 Κύριε,
3208 4668 3290 4730 τίς
3314 4668 3598 4729 ἐπίστευσε
3623 4669 3687 4736 τῇ

2124 4762 2257 4829 ἁκοῇ
2284 4759 2440 4828 ήμῶν
2462 4777 2475 4823 ;
2502 4760 2610 4812 Καὶ
2635 4761 2662 4811 ὁ
2687 4760 2924 4830 βραχίων
2953 4760 3152 4830 Κυρίου
3173 4761 3277 4812 τίνι
3299 4758 3684 4827 ἀπεκαλύφθη;

2137 4850 2557 4920 ’Λνηγγείλαμεν
2581 4851 2654 4915 ὡς
2679 4852 2889 4904 παιδίον
2914 4852 3149 4904 ἐναντίον
3175 4851 3358 4913 αὐτοῦ,
3380 4851 3456 4913 ὡς
3486 4851 3608 4921 ῥίζα
3633 4851 3687 4901 ἐν

2124 4942 2190 5007 Υῇ
2219 4939 2445 5012 διψώσῃ.
2473 4943 2585 4994 Οὐκ
2611 4941 2756 4994 ἔστιν
2779 4937 2917 5004 εἶδος
2941 4943 3090 5012 αὐτῷ
3116 4943 3247 5012 (60),
3273 4943 3391 4994 οὐδὲ
3413 4942 3533 5006 δόξα
3558 4959 3573 4972 ο
3598 4941 3688 4994 καὶ

2121 5031 2332 5099 εἴδομεν
2356 5031 2535 5094 αὑτὸν,
2561 5034 2651 5086 καὶ
2675 5035 2772 5085 οὐκ
2801 5029 2942 5102 εἶχεν
2967 5033 3124 5099 εἶδος,
3159 5035 3276 5088 οὑδέ
3304 5034 3496 5097 κάλλος
3514 5052 3527 5064 ’
3555 5033 3684 5087 ἀλλὰ

521 5173 566 5203 ⁸⁸
597 5171 729 5231 Gen.
765 5189 914 5241 χιιι,
940 5175 1027 5230 10.
1102 5177 1147 5208 ’δ
1181 5176 1302 5233 lsai.
1328 5194 1458 5245 xm,
1485 5180 1539 5233 4.
1617 5182 1661 5212 ’⁵
1698 5182 1796 5237 lsa.
1835 5201 1980 5251 xux,
2013 5189 2022 5240 1

2145 5190 2188 5219 ’δ
2213 5189 2344 5244 ibid.
2371 5187 2424 5255 8,
2457 5189 2510 5242 9.
2587 5191 2630 5220 ’7
2662 5189 2762 5244 lsa.
2797 5207 2941 5257 xux,
2963 5192 3016 5245 9.

516 5341 632 5413 (56)
659 5340 829 5413 ngd.
862 5341 994 5408 Reg.
1020 5350 1074 5396 et
1106 5343 1449 5402 Basileensis.
1486 5353 1543 5395 ut
1577 5359 1760 5413 supra.

519 5411 632 5484 (57)
689 5411 1135 5484 Ηωειξιιοιίιιεῗὶη
1193 5422 1362 5478 textu,
1403 5411 1656 5478 simi/“ct,
1683 5415 1824 5484 quod
1871 5428 2016 5474 recte

445 5479 968 5553 Spencerusrejecit
996 5483 1062 5536 ad
1096 5485 1415 5553 marginem.

518 5551 628 5624 (58)
658 5550 814 5606 Libb.
862 5551 1087 5624 editiad
1123 5550 1444 5624 marginem,
1476 5552 1746 5619 ἐξέλθατε,
1782 5555 1921 5624 quod
1958 5557 2009 5612 in

447 5621 656 5691 duobus
697 5636 829 5674 mss.
860 5622 1169 5691 Anglicanis
1201 5621 1376 5690 primo
1398 5633 1450 5676 ct
1482 5626 1718 5678 sci-nudo
1767 5621 1820 5678 et
1865 5636 2010 5681 utro-

447 5704 553 5765 que
578 5690 834 5765 Yaticano
859 5690 1070 5765 legitur.
1097 5695 1312 5765 ibidem
1347 5696 1501 5765 codd.
1546 5694 1741 5765 Regius
1771 5706 1825 5749 et
1855 5697 2005 5750 Basi-

2115 5352 2596 5503 ῗῦιῗθζῧμνιιιειιιιιε
2652 5421 2964 5491 Bibliorum
2996 5431 3208 5492 textus,
3250 5424 3358 5479 ἀπὸ
3413 5425 3684 5482 υίῶν,ἀν-

2110 5490 2362 5562 θρῲπων.

2182 5561 2290 5632 (60)
2321 5560 2512 5626 Αὐτῷ.
2544 5559 2711 5632 Recte
2741 5561 2908 5617 codex
2959 5562 3304 5618 Basileensis.
3341 5563 3517 5617 Minus
3548 5565 3681 5619 bene

2107 5629 2235 5685 libb.
2269 5629 2417 5695 editi,
2452 5631 2636 5684 αὐτοῦ.
2688 5632 2849 5685 Paulo
2899 5643 3017 5700 post
3075 5635 3331 5702 Vulgatus
3388 5634 3676 5687 Bibliorum

2109 5710 2283 5773 textus
2340 5703 2533 5770 habet,
2590 5701 2833 5755 ἐκλεῖπον
2886 5703 3032 5773 παρὰ
3085 5701 3206 5766 τοὺς
3261 5705 3406 5767 uio-Ia;
3442 5703 3545 5756 τῶν
3587 5705 3677 5755 ἀνα

447 5752 643 5813 ιέθιιεὶε
677 5768 838 5820 recte,
874 5752 1301 5826 ἀνακαλύςιθ-ρτε.
1353 5763 1502 5820 Libb.
1540 5752 1686 5823 οιιιῖξ.
1739 5765 2006 5818 ἀνακαλύο

2127 5769 2352 5833 Ιριῖιτῑων.
