3988 6156
306 344 414 395 ’761

1574 345 1855 402 CONTRA
1890 346 2166 402 CELSUM
2201 347 2328 400 LIB.
2368 346 2407 401 1.

3476 344 3577 396 762

302 461 372 509 τὸ
407 454 561 521 εἶδος
592 458 754 511 αὐτοῦ
785 460 973 530 ἄτιμον
1009 462 1100 512 καὶ
1127 461 1373 513 ἐκλεῖπον
1405 464 1553 533 παρὰ
1578 464 1784 525 πάντας
1815 465 1893 515 ἀν-

2013 464 2155 516 si'cut
2190 464 2341 516 radix
2376 462 2425 514 in
2465 472 2606 515 terra
2635 458 2859 514 sitienti.
2890 456 3004 511 Non
3029 468 3109 511 cst
3142 458 3357 526 species
3378 457 3453 522 ei,
3483 472 3579 511 ne-

301 547 604 616 θρὼπους.
640 549 955 620 Ἀνθρωπος
988 551 1044 603 ὲν
1072 551 1251 621 πληγῇ
1281 550 1375 616 ὢν,
1412 553 1504 603 καὶ⁵
1536 550 1690 614 εἰδὼς
1722 553 1905 621 φέρειν

305 644 626 715 μαλακίαν·
659 645 737 697 ὅτι
762 645 1144 716 ἀπέστραπται
1171 646 1234 697 τὺ
1260 645 1548 717 πρόσωπον
1577 644 1761 709 αὐτοῦ,
1790 648 1905 716 ήτι-

303 736 539 808 μάσθη,
570 737 662 790 καὶ
685 738 784 790 οὐκ
818 737 1090 809 ἐλογίσθη.
1122 730 1288 800 Οὗτος
1320 738 1419 799 τὰς
1449 738 1722 809 ἁμαρτίας
1743 738 1903 817 μῶν

298 828 507 897 φέρει,
526 828 762 899 καὶπερὶ
788 830 819 899 ἡ
828 829 941 899 μῶν
957 828 1206 883 όδυνᾶται
1225 846 1239 859 ⁸
1262 830 1354 882 καὶ
1368 831 1527 899 ἡμεῖς
1546 828 1905 898 ἐλογισάμεθα.

296 920 489 973 αὑτὸν
521 916 667 973 εἶναι
683 921 910 988 ἐνηπόνῳ
928 921 1020 972 καὶ
1042 923 1097 973 ὲν
1116 920 1297 990 πληγῇ
1320 920 1413 972 καὶ
1431 916 1749 971 ὲνκακώσει
1763 935 1775 947 ·
1803 919 1901 969 αὑ-

295 1008 403 1072 τὸς
441 1011 506 1065 δὲ
530 1011 931 1083 ἐτραυματίσθη
953 1010 1039 1064 διὰ
1067 1010 1165 1074 τὰς
1192 1011 1465 1081 ἁμαρτία-ς
1491 1011 1666 1081 ἡμῶν,
1695 1011 1786 1064 καὶ
1810 1026 1905 1080 με’·

300 1102 659 1171 μαλάκισται
695 1103 783 1156 διὰ
815 1102 914 1165 τὰς
942 1102 1170 1172 ἀνομίας
1205 1102 1383 1172 ήμῶν.
1429 1102 1651 1156 Παιδεία
1681 1100 1902 1173 εἰρήνης

296 1193 491 1261 ἡμῶν,
520 1196 606 1247 ἐπ’
646 1194 828 1256 αὐτὸν,
860 1193 939 1264 τῷ
984 1192 1209 1263 μώλωπι
1252 1194 1418 1246 αὐτοῦ
1453 1196 1610 1263 ἡμεῖς
1653 1193 1898 1263 ἰάθημεν.

296 1283 536 1347 Πάντες
557 1284 632 1348 ὡς
663 1283 909 1355 πρόϐατα
935 1283 1207 1354 ἐπλανήθη
1217 1301 1331 1354 μεν.
1367 1284 1495 1336 "Ave
1506 1287 1774 1355 ρωπος-τῇ
1802 1283 1903 1354 ὁδῷ

295 1372 491 1429 αὐτοῦ
530 1371 827 1442 ἐπλανήθη,
867 1373 959 1425 καὶ
993 1372 1196 1443 Κύριος
1236 1372 1553 1442 παρέδωκεν
1589 1374 1749 1427 αὐτὸν
1786 1379 1901 1438 ταῖς

296 1463 631 1539 ἁμαρτίαις
656 1463 834 1533 ἡμῶν,
873 1465 967 1520 καὶ
1000 1464 1159 1526 αὐτὸς
1191 1464 1279 1518 διὰ
1319 1464 1379 1516 τὸ
1424 1464 1767 1521 κεκακῶσθαι
1803 1467 1901 1518 οὐκ

293 1553 626 1621 ἀνοίγειςτὸ
668 1556 841 1622 στόμα
877 1554 1061 1611 αὑτοῦ.
1100 1553 1223 1623 [Ὠς
1256 1554 1524 1625 πρόϐατον
1557 1555 1648 1608 ἐπὶ
1691 1557 1901 1626 σφαγὴν

295 1642 488 1712 ἤχθη,
520 1643 613 1703 καὶ
633 1643 903 1712 ὡςάμνὸς
926 1644 1037 1714 (θί)
1070 1644 1310 1698 ἐναντίον
1338 1644 1431 1697 106
1458 1645 1726 1716 κείροντος
1755 1647 1901 1714 ἄφω-

294 1750 428 1798 νος,
469 1733 773 1796 οὕτως,,οὐκ
797 1736 1000 1802 ἀνοίγει
1034 1735 1094 1787 τὸ
1119 1736 1288 1805 στόμα
1319 1736 1545 1807 αὑτοῦ.]
1581 1738 1668 1789 Ἐν
1708 1740 1772 1808 τῇ
1806 1755 1900 1790 τα-

298 1824 578 1876 πεινώσει
612 1825 775 1877 αὐτοῦ
810 1828 843 1896 ἡ
878 1827 1054 1897 κρίσις
1086 1826 1248 1880 αὐτοῦ
1282 1827 1442 1897 ήρθη.
1482 1827 1590 1899 Τὴν
1625 1828 1681 1881 δὲ
1707 1828 1897 1896 γενεὰν

297 1912 486 1966 αὐτοῦ
511 1914 593 1977 τίς
616 1914 932 1985 διηγήσεται
953 1932 966 1979 ;
996 1916 1115 1967 Ὅτι
1137 1917 1347 1986 αἴρεται
1366 1917 1473 1969 ἀπὸ
1496 1916 1593 1986 τῆς
1608 1917 1710 1986 γῆς
1730 1918 1760 1986 ἡ
1786 1917 1895 1986 ζωὴ

298 2005 506 2069 αὐτοῦ,
537 2006 649 2065 ἀπὸ
673 2005 780 2061 τῶν
807 2007 1043 2077 ἀνομιῶν
1064 2008 1155 2061 τοῦ
1182 2007 1312 2061 λαοῦ
1341 2025 1439 2078 μου
1467 2009 1607 2079 ’ήχθη
1630 2012 1708 2073 εἰς
1731 2009 1896 2062 θάνα-

296 2112 425 2151 τον.
460 2114 482 2150 ›
1300 2114 1303 2115 ⁷

381 2273 687 2345 Μέμνημαι
726 2274 783 2328 δέ
812 2293 962 2342 ποτε,
993 2276 1050 2329 έν
1088 2292 1194 2329 τινι
1234 2274 1370 2346 πρὸς
1410 2275 1543 2337 τοὺς¹
1574 2273 1896 2344 λεγομένους

302 2365 483 2434 παρὰ
506 2365 775 2429 Ἰουδαίοις
816 2368 1006 2435 σοφοὺς
1041 2364 1346 2435 ἑνζητήσει,
1376 2367 1495 2427 ταῖς
1540 2365 1896 2434 προφητείαις

299 2455 542 2519 ταύταις
593 2458 959 2527 χρησάμενοςο
1021 2458 1104 2525 ἐφ’
1162 2453 1242 2519 οἷς
1292 2456 1475 2523 ἔλεγεν
1528 2458 1556 2507 ὁ
1622 2457 1892 2519 Ἰουδαῖος,

302 2544 488 2597 ταῦτα
524 2546 1003 2615 πεπροφητεῦσθαι
1032 2546 1107 2607 ὡς
1144 2547 1271 2615 περὶ
1310 2546 1427 2607 ἐνὸς
1462 2544 1554 2596 τοῦ
1587 2545 1708 2598 ὅλου
1740 2545 1893 2609 λαοῦ,

305 2635 413 2686 καὶ
451 2636 742 2703 γενομένου
786 2637 842 2686 ὲν
882 2636 1273 2705 τῇ-διασπορᾷ,
1320 2636 1412 2688 καὶ
1446 2635 1760 2704 πληγέντος,
1810 2637 1895 2691 ἵνα

308 2723 509 2776 πολλοὶ⁹
550 2725 879 2795 προσήλυτοι
908 2726 1190 2794 γένωνται,
1232 2729 1297 2796 τῇ
1330 2725 1598 2797 προφάσει
1630 2725 1722 2779 τοῦ
1771 2729 1896 2781 ἐπε-

310 2813 558 2884 σπάρθαι
597 2814 892 2878 Ἰουδαίους,
907 2817 1017 2877 τοῖς
1042 2814 1253 2877 πολλοῖς
1273 2814 1383 2883 (62)
1408 2813 1602 2876 ἔθνεσι,
1630 2816 1723 2866 καὶ
1754 2815 1897 2869 οὕτω

304 2904 559 2973 διηγεῖτο
575 2903 655 2966 τὸ,
678 2923 695 2954 ι
743 2902 1013 2973 Ἀδοξήσει
1038 2904 1144 2956 ἀπὸ
1169 2902 1466 2972 ἀνθρώπων
1484 2902 1542 2954 τὸ
1567 2898 1704 2967 εἶδός
1731 2919 1843 2957 σου·
1870 2922 1889 2955 ι

306 2995 409 3046 καὶ
446 2993 526 3056 τὸ,
560 3013 579 3044 ι
617 2988 712 3057 Οἷς
744 2994 843 3053 οὐκ
874 2993 1147 3063 ἀνηγγέλη
1183 2993 1310 3060 περὶ
1341 2991 1526 3055 αὑτοῦ,
1568 2992 1785 3061 ὅψονται
1806 3008 1819 3017 ·
1870 3010 1891 3043 ι

306 3085 409 3136 καὶ
446 3084 521 3147 τὸ,
560 3102 578 3134 ι
624 3084 938 3155 Ἀνθρωπος
969 3086 1027 3137 ἐν
1057 3084 1241 3153 πληγῇ
1268 3083 1359 3136 ὢν.
1399 3102 1417 3134 ι
1448 3083 1764 3153 Πολλὰημὲν
1798 3078 1890 3136 οὖν
1921 3134 1961 3191 C

304 3175 422 3227 τότ’
456 3176 513 3228 ἐν
543 3178 608 3245 τῇ
650 3174 872 3246 ζητήσει
903 3175 1170 3239 λέλεκται,
1202 3174 1269 3228 τά
1304 3175 1610 3244 ἐλέγχοντα,
1646 3177 1726 3228 ὅτι
1762 3176 1888 3247 περί

303 3281 455 3326 τινος
489 3265 603 3329 ἑνὸς
632 3265 802 3319 ταῦτα
834 3265 1282 3336 προφητευόμενα
1303 3266 1403 3317 οὐκ
1428 3266 1665 3334 εὐλόγως
1694 3269 1888 3321 ἐκεῖνοι

304 3356 605 3423 ἀνάγουσιν
634 3356 727 3408 ἐπὶ
747 3355 865 3409 ὅλον
896 3355 986 3409 τὸν
1012 3354 1157 3408 λαόν.
1201 3354 1606 3425 Ἐπυνθανόμην
1638 3355 1716 3418 δὲ,
1750 3355 1888 3417 τίνος

302 3445 377 3499 ἂν
402 3448 503 3517 ⁴εἰή
539 3447 829 3517 πρόσωπον
862 3448 924 3500 τὸ
955 3448 1139 3515 λέγον·
1196 3466 1215 3499 ι
1265 3440 1435 3510 Οὗτος
1477 3446 1574 3511 τὰς
1616 3448 1889 3517 ἁμαρτίας

302 3536 471 3609 ήμῶν
521 3537 694 3608 φέρει,
740 3540 833 3590 καὶ
881 3538 1009 3609 περὶ
1055 3538 1210 3609 ήμῶν
1256 3540 1537 3597 ὀδυνᾶταισ
1598 3558 1615 3589 ι
1669 3540 1761 3597 καὶ
1805 3539 1885 3602 τὸ,

309 3647 327 3679 ι
382 3628 559 3692 Αὐτὸς
585 3629 641 3681 δὲ
680 3629 1087 3700 ἑτραυματίσθη
1130 3631 1219 3684 διὰ
1264 3631 1364 3694 τὰς
1403 3630 1887 3701 ἀμαρτίαςὴμῶν,

305 3720 409 3772 καὶ
440 3720 838 3790 μεμαλάκισται
868 3719 956 3773 διὰ
980 3719 1077 3784 τὰς
1102 3721 1331 3791 ἀνομίας
1353 3721 1530 3791 ἡμῶν·
1568 3740 1587 3772 ι
1627 3721 1719 3774 καὶ
1748 3720 1891 3782 τίνος

303 3811 603 3880 πρόσωπον
635 3806 700 3881 ἦν
726 3810 787 3862 τὸ
822 3810 1048 3879 φάσκον,
1087 3829 1105 3862 ι
1147 3811 1237 3881 Τῷ
1275 3811 1500 3881 μώλωπι
1526 3812 1707 3872 αὐτοῦ
1728 3815 1889 3882 ἡμεῖς

309 3902 563 3973 ἰάθημεν.
604 3921 622 3952 ι
661 3902 854 3971 Σαφῶς
880 3902 988 3973 γὰρ
1015 3905 1063 3955 οἱ
1097 3905 1154 3956 ὲν
1179 3906 1296 3966 ταῖς
1330 3904 1625 3974 ἁμαρτίαις
1663 3905 1891 3974 γενόμετ-

306 4013 414 4057 νοι,
443 3996 533 4046 καὶ
564 3993 797 4054 ἰαθέντες
826 3994 891 4044 ἐκ
918 3993 1009 4046 106
1034 3994 1125 4045 τὸν
1152 3993 1382 4063 Σωτῆρα
1402 3974 1753 4058 πεπονθέναι,
1789 3994 1887 4049 εἴτ’

304 4086 422 4140 ἀπὸ
466 4084 559 4137 106
606 4085 734 4138 λαοῦ
772 4086 1001 4148 ἐκείνου,
1048 4084 1159 4137 εἴτε
1207 4085 1305 4137 καὶ
1334 4086 1384 4137 οἱ
1422 4085 1543 4145 ἀπὸ
1568 4084 1674 4137 τῶν
1696 4084 1887 4148 ἐθνῶν,

304 4177 485 4229 ταῦτα
514 4176 729 4244 λέγουσι
767 4175 1024 4247 παρὰτῷ
1048 4177 1337 4248 προφήτῃ-
1369 4176 1763 4246 προεωρακότι,
1798 4177 1891 4231 καὶ

307 4266 422 4319 ἀπὸ
455 4264 545 4316 106
579 4265 735 4335 ἁγίου
780 4265 1095 4334 Πνεύματοςη
1119 4255 1291 4317 ταῦτα
1325 4265 1886 4335 προσωποποιήσαντι.

308 4357 563 4411 Μάλιστα
590 4358 635 4411 δ’
664 4357 922 4427 ἐδόξαμεν
950 4355 1165 4410 θλίϐειν
1184 4356 1291 4409 ἀπὸ
1321 4357 1420 4426 τῆς
1451 4356 1765 4428 φασκούσης
1800 4359 1889 4411 λέ-

2007 568 2111 621 que
2142 553 2345 622 gloria;
2382 564 2436 607 et
2466 553 2697 605 vidimus
2745 563 2890 614 emo,
2927 558 2984 601 et
3025 563 3130 603 non
3193 548 3424 602 habebat
3448 560 3567 617 spe-

2007 645 2165 706 ciem,
2198 658 2372 711 neque
2396 643 2677 711 decorem;
2709 644 2802 698 sed
2842 642 3049 711 species
3087 639 3250 709 370
3280 639 3395 709 ejus
3421 639 3577 694 inbo-

2007 746 2195 789 norata
2226 744 2282 788 et
2307 735 2563 789 deﬁciens
2589 749 2700 801 prae
2746 734 2997 788 omnibus
3046 732 3376 786 hominibus.
3402 730 3576 785 Homo

2007 827 2058 877 in
2092 824 2244 893 plaga
2274 826 2506 892 positus,
2546 834 2600 877 et
2628 824 2806 877 sciens
2830 824 2985 877 ferre
3013 822 3379 875 inﬁrmitatem
3407 838 3423 887 ;
3447 822 3571 891 quia

2005 927 2196 966 aversa
2233 921 2317 966 est
2369 912 2533 965 facies
2580 912 2733 981 ejus,
2784 914 3034 981 despecta
3079 917 3262 963 etnon
3305 915 3573 974 reputata.

2003 1008 2111 1059 Iste
2138 1012 2360 1074 peccata
2415 1012 2603 1057 nostra
2640 1010 2842 1071 portat,
2880 1014 2935 1056 et
2980 1016 3077 1072 pro
3115 1002 3269 1057 nobis
3311 998 3485 1065 dolet;
3520 1007 3575 1052 et

2004 1112 2099 1151 nos
2130 1096 2503 1165 reputavimus
2529 1109 2651 1148 cum
2685 1107 2807 1147 esse
2834 1093 2885 1146 in
2910 1093 3110 1153 labore,
3147 1099 3201 1147 et
3233 1090 3283 1144 in
3316 1090 3492 1159 plaga,
3520 1095 3577 1142 et

2004 1191 2054 1242 in
2090 1188 2417 1251 afﬂictione;
2462 1187 2579 1254 ipse
2620 1194 2803 1237 autem
2856 1183 3177 1238 vulneratus
3226 1191 3310 1235 est
3356 1188 3578 1249 propter

2004 1289 2223 1351 peccata
2256 1289 2460 1343 nostra,
2490 1288 2544 1332 et
2570 1277 2880 1330 inﬁrmatus
2904 1283 2985 1331 est
3012 1282 3237 1342 propter
3260 1272 3576 1340 iniquitates

2005 1380 2231 1422 nostras.
2276 1367 2569 1437 Disciplina
2604 1367 2756 1437 pacis
2788 1375 2988 1419 nostra:
3027 1377 3190 1431 super
3212 1377 3355 1429 eum,
3405 1361 3575 1416 livore

2001 1461 2115 1521 eius
2148 1461 2321 1513 sanati
2362 1475 2569 1514 sumus.
2609 1459 2810 1514 Omnes
2860 1456 3015 1525 quasi
3061 1468 3193 1509 oves
3247 1454 3569 1508 erravimus.

2000 1548 2244 1603 llomoin
2274 1551 2357 1602 via
2387 1565 2481 1603 sua
2510 1548 2734 1613 erravit,
2773 1555 2829 1601 et
2872 1545 3133 1599 Dominus
3170 1543 3394 1597 tradidit
3444 1556 3571 1597 eum

1999 1644 2218 1703 propter
2249 1635 2565 1703 iniquitates
2589 1644 2823 1700 nostras,
2852 1642 2905 1688 et
2930 1633 3045 1700 ipse
3077 1639 3296 1702 propter
3324 1629 3572 1685 aﬂlictio-

2000 1741 2122 1780 nem
2152 1741 2255 1779 non
2291 1728 2465 1795 aperit
2492 1742 2558 1779 os
2578 1742 2757 1782 suum.
2781 1726 2931 1780 Sicut
2950 1726 3065 1779 ovis
3083 1724 3147 1777 ad
3175 1723 3443 1778 victimam
3474 1725 3574 1776 duo

2002 1831 2123 1873 ctus
2154 1831 2257 1883 est,
2284 1830 2339 1873 et
2372 1821 2525 1887 quasi
2552 1834 2723 1887 agnus
2761 1834 2944 1872 coram
2978 1817 3234 1872 tondente
3264 1824 3466 1878 mutus,
3495 1814 3574 1868 sic

2004 1926 2111 1963 non
2148 1913 2314 1979 aperit
2332 1927 2391 1964 os
2410 1927 2585 1963 suum.
2616 1911 2668 1962 In
2698 1910 2998 1963 humilitate
3017 1909 3281 1977 judicium
3304 1906 3418 1974 ejus
3443 1904 3574 1960 sub-

2005 1999 2168 2067 latum
2197 2012 2297 2054 est.
2327 2000 2752 2054 Generationem
2783 2000 2899 2069 ejus
2931 2000 3055 2068 quis
3083 1996 3363 2052 enarrabit
3384 1996 3406 2049 ?
3431 1995 3572 2061 Quia

2003 2091 2213 2144 tollitur
2235 2091 2302 2143 de
2325 2099 2467 2144 terra
2498 2092 2607 2144 vita
2633 2090 2785 2157 ejus;
2832 2097 3053 2158 pmpter
3112 2086 3421 2156 iniquitates
3478 2098 3574 2154 po-

2003 2180 2112 2250 puli
2149 2181 2253 2233 mei
2284 2180 2478 2235 ductus
2515 2190 2598 2234 cst
2620 2181 2686 2234 ad
2713 2188 2938 2233 mortem
2955 2179 3020 2233 ".
3051 2195 3070 2230 ι

2073 2271 2159 2325 55.
2191 2269 2408 2325 Memini
2437 2284 2521 2324 me
2551 2270 2703 2334 olim,
2753 2284 2877 2323 cum
2930 2268 3263 2338 disputarem
3310 2268 3575 2323 adversus

2003 2364 2131 2417 illos
2148 2377 2211 2417 ex
2242 2362 2443 2417 Judzeis
2474 2363 2566 2432 qui
2622 2363 2894 2430 sapientes
2937 2369 3222 2424 vocantur,
3249 2375 3405 2414 usum
3448 2374 3572 2414 esse

2004 2455 2109 2507 illis
2144 2455 2441 2509 vaticiniis.
2492 2454 2700 2520 Quibus
2752 2468 2892 2507 unus
2941 2467 3009 2506 ex
3054 2454 3135 2506 eis
3185 2451 3447 2520 reposuit,
3480 2450 3570 2504 illa

2003 2550 2346 2619 intelligenda
2375 2565 2495 2603 esse
2526 2551 2592 2603 de
2633 2565 2743 2604 uno
2773 2564 2947 2619 eoque
2987 2550 3198 2617 integro
3238 2544 3455 2617 populo,
3489 2545 3572 2599 di-

2002 2655 2187 2707 sperso
2211 2648 2265 2692 et
2289 2654 2573 2708 percusso,
2600 2650 2659 2693 ut
2678 2639 2968 2693 occasione
2991 2636 3344 2707 dispersionis
3366 2634 3574 2689 Iudaeo-

2004 2745 2121 2783 rum
2148 2728 2290 2782 inter
2325 2728 2586 2796 plurimas
2614 2740 2804 2796 gentes
2830 2728 2980 2782 multi
3012 2726 3269 2797 prosclyti
3328 2725 3520 2779 ﬁerent
3553 2741 3567 2788 ;

2004 2830 2171 2886 atque
2220 2818 2291 2869 ita
2344 2818 2808 2883 interpretabatur
2848 2815 2977 2869 illud
3007 2830 3021 2868 :
3052 2834 3071 2866 ι
3100 2814 3333 2884 lngloria
3367 2814 3474 2868 erit
3502 2812 3572 2867 ab

2002 2908 2310 2963 hominibus
2351 2910 2558 2977 species
2590 2917 2713 2967 tua;
2750 2928 2769 2959 ι
2798 2918 2853 2962 et
2885 2908 3050 2963 illud:
3074 2925 3094 2958 ε
3127 2906 3332 2972 Quibus
3356 2920 3461 2959 non
3486 2914 3573 2959 est

2000 3002 2376 3053 annuntiatum
2403 3001 2468 3052 de
2485 3015 2571 3061 eo,
2606 2999 2888 3065 videbunt;
2924 3018 2942 3050 ι
2974 3009 3028 3054 et
3058 2998 3186 3052 illud
3208 3015 3228 3052 τ
3266 3015 3284 3048 ι
3322 2995 3492 3051 Homo
3516 2997 3573 3049 in

2000 3088 2155 3157 plaga
2188 3089 2410 3155 positus.
2452 3107 2471 3138 ι
2503 3087 2600 3140 Hic
2636 3087 2800 3140 multa
2828 3087 3044 3155 quidem
3081 3087 3191 3139 dixi
3223 3097 3281 3138 ut
3309 3085 3571 3139 ostende-

1996 3194 2106 3235 rem
2126 3194 2291 3248 quam
2320 3178 2616 3243 inunerito,
2642 3192 2762 3247 quae
2785 3178 2851 3231 de
2888 3191 2996 3230 uuo
3024 3176 3277 3245 quopiam
3318 3176 3571 3245 praedicta

1991 3272 2224 3334 fuerant,
2264 3271 2337 3323 ad
2362 3270 2675 3323 universum
2702 3268 2956 3337 populum
2984 3270 3273 3321 referrent.
3294 3264 3573 3336 Rogabam

1991 3361 2110 3430 quis
2148 3368 2291 3414 esset
2336 3359 2425 3412 ille
2477 3359 2567 3427 qui
2619 3359 2836 3414 dicebat
2871 3380 2883 3415 :
2921 3376 2939 3410 ι
2971 3357 3077 3412 Istc
3114 3365 3338 3428 peccata
3384 3369 3573 3413 nostra

1993 3454 2094 3507 fcrt
2137 3462 2191 3506 et
2238 3467 2334 3519 pro
2374 3454 2531 3505 nobis
2568 3452 2746 3517 dolet;
2787 3470 2805 3503 ι
2840 3460 2894 3504 et
2940 3451 3125 3505 istud:
3163 3468 3185 3502 ι
3229 3450 3346 3518 Ipse
3390 3459 3569 3503 autem

1991 3543 2307 3596 vulneratus
2336 3550 2419 3595 est
2443 3551 2662 3609 propter
2689 3550 2908 3607 peccata
2949 3549 3159 3603 nostra,
3186 3550 3240 3591 et
3265 3539 3571 3590 inﬁrmatus

1991 3644 2075 3687 cst
2110 3641 2349 3701 propter
2385 3631 2699 3699 iniquitates
2748 3640 2995 3694 nostras;
3047 3647 3066 3679 ι
3111 3639 3167 3682 et
3221 3630 3323 3683 hoc
3378 3629 3569 3685 aliud:

1997 3742 2015 3775 ι
2050 3723 2384 3792 Livore-ejus
2415 3722 2601 3775 sanati,
2629 3734 2841 3774 sumus.
2882 3739 2901 3771 ι
2939 3720 3157 3778 Clarum
3186 3729 3267 3775 est
3288 3721 3431 3774 enim
3454 3735 3569 3787 eos,

1991 3815 2080 3882 qui
2107 3813 2253 3883 apud
2280 3813 2599 3881 prophetam
2628 3825 2715 3865 res
2740 3810 2955 3865 futuras
3017 3811 3288 3865 videntem
3319 3812 3572 3880 taliaque

1995 3907 2141 3960 velut
2166 3908 2414 3975 personis
2457 3903 2639 3958 alliam
2665 3906 2841 3959 sancti
2880 3904 3120 3975 Spiritus
3149 3904 3570 3960 accommodan-

1993 4008 2099 4053 teut
2135 4000 2252 4052 haec
2287 3999 2599 4067 loquuntur.
2641 4012 2760 4051 esse
2806 3996 3054 4051 homines
3097 3998 3214 4051 sive
3255 4012 3323 4053 ex
3374 3998 3571 4067 p0pulo

1990 4090 2367 4145 Jmlaicosive
2408 4105 2474 4143 ex
2503 4088 2790 4159 gentibus,
2828 4088 2917 4156 qui
2962 4089 3202 4155 peccatis
3242 4087 3442 4141 dudum
3468 4090 3571 4140 ob-

1992 4185 2136 4237 noxii
2165 4182 2465 4238 Salvatoris
2502 4180 2756 4250 passione
2777 4180 2955 4233 sanati
2981 4188 3130 4234 sunt.
3167 4178 3272 4232 Sed
3305 4178 3424 4231 illos
3454 4191 3572 4229 tua-

1991 4277 2133 4328 xime
2164 4291 2429 4343 premere:
2454 4274 2630 4327 visum
2681 4281 2767 4326 est
2790 4273 2972 4326 istud:
3009 4290 3027 4322 ι
3062 4270 3287 4336 Propter
3312 4269 3571 4338 iniquita-

1995 4376 2073 4419 tcs
2118 4366 2298 4434 pepuli
2360 4366 2462 4422 inci
2516 4366 2716 4418 ductus
2756 4372 2838 4417 est
2877 4364 2949 4416 ad
2982 4371 3232 4417 mortem.
3266 4380 3285 4412 ι
3318 4360 3376 4415 Si
3426 4360 3572 4414 enim

308 4450 448 4516 ξεως
472 4451 551 4514 τὸ,
593 4468 612 4501 ι
653 4450 782 4503 Ἀπὸ
812 4450 919 4502 τῶν
952 4448 1189 4520 ἀνομιῶν
1223 4448 1313 4501 106
1349 4447 1476 4499 λαοῦ
1519 4466 1616 4518 μου
1651 4449 1789 4521 ήχθη
1814 4453 1892 4514 εἰς

2001 4456 2225 4525 populus
2252 4466 2379 4522 est,
2418 4465 2476 4508 ut
2531 4456 2749 4521 volunt,
2796 4455 2863 4509 de
2905 4470 3012 4523 quo
3058 4454 3432 4522 prophetatum
3477 4451 3570 4520 sit,

310 4540 559 4593 θάνατον.
594 4557 613 4591 ι
650 4541 714 4593 Ei
746 4539 911 4615 γάρνὸ
937 4539 1063 4602 λαὸς
1096 4540 1215 4591 κατ’
1250 4537 1487 4601 ἐκείνους
1516 4540 1651 4591 εἰσὶν
1678 4541 1728 4591 οί
1757 4558 1890 4611 προ-

311 4632 686 4701 φητευόμενοι,
741 4631 859 4693 πῶς
908 4630 1013 4684 ἀπὸ
1059 4629 1165 4682 τῶν
1209 4628 1443 4698 ἀνομιῶν
1488 4629 1581 4682 τοῦ
1619 4629 1747 4683 λαοῦ
1791 4631 1885 4684 τοῦ

310 4721 447 4773 θεοῦ
478 4723 691 4791 λέγεται
728 4719 890 4793 ἦχθαι
925 4722 1004 4784 εἰς
1043 4720 1270 4773 θάνατον
1303 4713 1479 4785 οὗτος,
1514 4722 1562 4773 εἰ
1595 4722 1668 4794 μὴ
1702 4722 1886 4794 ἕτερος

311 4812 388 4873 ὢν
414 4814 562 4882 παρά
591 4815 690 4866 τὸν·
712 4814 837 4867 λαὸν
870 4814 961 4867 τοῦ
994 4811 1159 4877 Θεοῦ;
1191 4812 1285 4875 Τίς
1314 4812 1361 4863 δ’
1393 4806 1566 4877 οὗτος,
1592 4816 1640 4867 εί
1671 4815 1745 4884 μὴ
1784 4815 1886 4886 Ἰη-

314 4900 442 4963 σοῦς
466 4903 728 4972 Χριστός;
750 4923 768 4954 ‹
803 4896 864 4956 οὗ
890 4903 967 4974 τῷ
993 4902 1218 4974 μώλωπι
1242 4902 1468 4973 ἱάθημεν
1500 4923 1519 4955 ι
1548 4906 1597 4957 οἱ
1624 4907 1705 4968 είς
1726 4906 1884 4960 αὐτὸν

311 4991 680 5057 πιστεύοντες,
713 5012 730 5044 ι
756 4996 1200 5065 ἀπεκδυσαμένου
1230 4994 1329 5056 τὰς
1355 4995 1411 5047 ὲν
1434 4995 1562 5065 ἡμῖν
1589 4996 1763 5067 ἀρχὰς
1792 4999 1909 5051 και

312 5082 581 5146 ἐξουσίας,
616 5086 707 5138 καὶ
743 5086 1336 5161 παραδειγματίσαντος
1371 5087 1480 5158 (65)
1515 5088 1684 5150 αὑτάς
1724 5091 1781 5141 ἐν
1810 5089 1888 5159 τῷ

317 5172 477 5243 ξύλῳ.
513 5193 530 5225 ι
569 5175 829 5228 Ἔκαστον
855 5177 912 5227 δὲ
935 5176 1039 5229 τῶν
1065 5178 1122 5229 ἐν
1143 5180 1207 5247 τῇ
1238 5175 1541 5247 προφητείᾳ
1566 5178 1889 5246 σαφηνίσαι,

389 5312 433 5342 ⁸⁸
465 5312 564 5365 lsa.
596 5325 692 5374 LII,
728 5310 793 5361 15
834 5324 984 5378 seqq.
1061 5311 1103 5340 ’θ
1135 5310 1346 5364 Coloss.
1382 5323 1443 5373 ll,
1478 5307 1566 5361 15.

386 5474 499 5545 (6i)
537 5472 636 5539 Ὧς
670 5472 969 5545 πρόϐατριξ
999 5480 1274 5545 ethczetera
1304 5487 1428 5545 quin
1459 5480 1568 5525 tum
1606 5472 1659 5525 in
1700 5484 1881 5527 nostra

314 5542 424 5599 tum
454 5542 505 5597 in
540 5542 807 5610 prioribus
841 5542 1170 5594 editionibus
1194 5544 1347 5595 uncis
1383 5543 1584 5594 illClllaiI
1616 5552 1760 5606 sunt,
1794 5546 1887 5597 de-

315 5616 628 5668 siderantur
663 5616 712 5666 in
742 5613 995 5667 omnibus
1022 5628 1153 5663 mss.

388 5686 494 5755 (6‘2)
532 5683 663 5751 Reg.
695 5693 756 5755 et
792 5682 1133 5755 Basileensis,
1164 5680 1258 5755 τοῦ
1288 5680 1556 5755 ἐσπάᾼρθμαι
1602 5681 1884 5755 Ἰουδαίους

313 5752 424 5806 τοῖς
446 5755 661 5815 λοιποῖς.
694 5753 803 5808 Duo
829 5754 1094 5819 Vaticani,
1119 5752 1211 5805 τοι]
1235 5752 1571 5821 ἐπεσπάρθαι
1607 5752 1885 5816 Ἰουδαίους

1998 4549 2265 4616 quantodo
2335 4557 2556 4615 propter
2631 4547 2944 4615 iniquitates
2991 4545 3171 4615 populi
3230 4545 3322 4599 Dei
3371 4545 3459 4597 hic
3502 4544 3572 4597 ad

1998 4648 2223 4694 mortem
2254 4640 2446 4693 ductus
2479 4640 2697 4702 dicitur,
2741 4638 2844 4691 nisi
2876 4639 2948 4691 sit
2980 4637 3117 4690 alius
3145 4654 3173 4690 a
3207 4636 3297 4690 Dei
3328 4635 3574 4705 populo?

1995 4731 2126 4796 Quis
2158 4730 2357 4784 ille.est
2386 4741 2589 4796 autem,
2637 4731 2738 4785 nisi
2784 4731 2943 4785 .Icsus
2967 4730 3237 4788 Christus,
3270 4746 3288 4777 ι
3324 4727 3476 4793 cujus
3510 4727 3574 4780 li-

1992 4836 2121 4875 vore
2172 4822 2350 4876 sanati
2399 4837 2587 4875 sumus
2639 4840 2657 4872 ι
2718 4832 2984 4891 quotquot
3018 4823 3070 4874 in
3107 4836 3228 4872 eum
3275 4818 3572 4882 credimus,

1998 4913 2137 4979 «.qui
2162 4912 2471 4979 exspolians
2501 4913 2830 4980 principatus
2860 4921 2911 4966 et
2933 4921 3233 4981 potestates
3253 4908 3437 4978 371,
3465 4898 3589 4961 tra?

1995 5001 2147 5055 duxit
2189 5001 2670 5055 eosconﬁdeuter
2722 5002 2771 5053 in
2813 5001 2955 5070 ligno
2973 5001 3038 5053 '9.
3077 5020 3095 5050 ι
3136 5001 3386 5068 Singulas
3416 4998 3575 5065 hujus

1998 5093 2292 5162 prophetia:
2342 5105 2526 5162 partes
2578 5093 2871 5161 explanare
2926 5094 3169 5160 nihilque
3216 5094 3572 5145 iudiscussum

2001 5185 2439 5250 praetermittere,
2465 5200 2571 5239 non
2611 5195 2693 5237 cst
2720 5185 2878 5253 hujus
2929 5186 3205 5254 temporis.
3237 5181 3361 5234 llaec
3391 5189 3572 5232 tamen

1992 5479 2104 5540 τοῖς
2133 5477 2357 5541 λοιποῖς.

2063 5536 2173 5617 (65)
2201 5536 2871 5616 Παραδειγματἶιγαντρς.
2933 5542 3095 5594 Recte
3142 5536 3568 5617 omninorodcx

1997 5605 2196 5685 lle‘giu's
2227 5605 2670 5682 metuamus;
2705 5605 2841 5669 libb.’
2875 5624 3053 5665 autem
3105 5608 3257 5675 editi,
3289 5605 3568 5677 παρρησίᾳ

1992 5686 2450 5756 δειγματίσαντος.
