3988 6156
407 269 512 325 765

1862 215 2184 305 ORlCENlS

3555 222 3679 277 76$

406 387 571 458 paulo
591 388 814 445 uberius
837 387 1138 454 disceptare
1177 378 1538 435 necessarium
1571 375 1743 430 visum
1784 382 1886 438 cst,
1927 385 1984 426 ut

2095 368 2176 419 καὶ
2235 362 2400 434 μηδὲν
2453 359 2809 415 ἀϐασάνιστον
2859 351 3038 408 αὐτῶν
3093 345 3440 420 παραλιπεῖν,
3496 339 3682 394 ἄλλου

409 496 533 551 quae
554 479 770 538 Judaeus
797 479 936 548 apud
967 476 1179 531 Celsum
1205 473 1358 538 dicit,
1391 469 1788 525 refellerentur.

479 744 568 800 56.
599 743 653 798 ld
681 748 861 796 autem
891 744 947 794 et
974 734 1190 792 Celsum
1211 741 1266 788 et
1297 731 1442 787 illius
1471 729 1718 785 Judaeum
1745 735 1801 783 et
1822 734 1980 796 quot-

408 841 540 900 quot
561 831 689 887 Jesu
716 844 820 884 non
853 826 1084 883 credunt
1109 823 1288 888 latuit,
1317 824 1450 878 duos
1477 836 1507 875 a
1537 819 1812 890 prophetis
1844 830 1981 886 prae-

408 924 582 977 dictos
620 935 738 976 esse
795 917 998 974 Christi
1026 917 1286 971 adventus
1332 932 1346 967 :
1380 914 1612 982 priorem
1641 909 1898 965 humilem
1927 915 1983 962 et

410 1011 662 1065 humanis
688 1006 1098 1064 inﬁrmitatibus
1142 1003 1463 1068 obnoxium,
1511 1009 1568 1055 ut
1596 1014 1717 1054 cum
1750 997 1982 1053 homini-

411 1107 509 1159 bus
533 1103 736 1170 degens
775 1115 870 1155 eos
897 1101 1116 1155 doceret
1148 1099 1288 1151 viam
1331 1109 1450 1164 quae
1495 1093 1647 1146 ducit
1678 1091 1745 1144 ad
1791 1089 1978 1156 Deum,

412 1193 650 1261 nullique
695 1191 973 1245 hominum
1024 1189 1348 1257 relinqueret
1375 1185 1550 1238 locum
1580 1181 1871 1237 excusandi
1925 1193 1984 1235 se

411 1283 576 1336 futuri
597 1281 785 1349 judicii
815 1280 1153 1350 ignoratione
1184 1297 1196 1331 :
1234 1277 1464 1330 alterum
1493 1275 1812 1342 gloriosum,
1839 1270 1984 1324 divi-

413 1391 536 1429 num
564 1373 957 1436 tantummodo,
983 1381 1039 1425 et
1071 1371 1159 1424 ubi
1191 1368 1450 1424 divinitas
1479 1365 1610 1420 nihil
1635 1365 1882 1418 humanae
1902 1363 1985 1416 in-

415 1467 689 1522 ﬁrmitatis
750 1465 1038 1518 admistum
1080 1471 1163 1518 est
1211 1462 1488 1514 habitura.
1544 1458 1787 1525 Longum
1837 1463 1986 1512 esset

413 1561 726 1627 prophetias
755 1559 808 1610 in
849 1557 1080 1610 medium
1112 1552 1376 1624 proferre.
1412 1552 1558 1604 Satis
1590 1551 1679 1605 hic
1723 1548 1889 1603 fuerit
1917 1562 1985 1600 ex

415 1647 627 1716 psalmo
707 1645 1119 1714 quadragesimo
1197 1652 1434 1711 quarto,
1491 1640 1647 1708 cujus
1709 1639 1762 1692 in
1828 1638 1988 1692 titulo

416 1740 530 1792 haec
571 1737 714 1790 inter
751 1737 853 1788 alia
885 1735 1135 1804 leguntur
1162 1751 1176 1787 :
1208 1733 1487 1786 Canticum
1507 1747 1604 1798 pro
1632 1731 1848 1792 dilecto,
1877 1729 1993 1783 hinc
2023 1734 2066 1789 B

418 1829 582 1882 verba
611 1827 910 1891 adducere,
935 1826 1025 1881 ubi
1065 1825 1154 1880 ille
1185 1825 1464 1880 evidenter
1507 1823 1648 1876 Deus
1673 1820 1988 1892 pronuntia-

421 1927 546 1971 tur:
573 1935 590 1967 ι
628 1917 829 1970 DitTusa
868 1923 951 1971 est
993 1916 1170 1985 gratia
1209 1915 1262 1969 in
1301 1913 1459 1968 labiis
1512 1912 1652 1977 tuis,
1701 1921 1987 1981 propterea

417 2007 694 2062 benedixit
751 2017 802 2060 te
851 2006 994 2060 Deus
1036 2006 1090 2060 in
1136 2014 1420 2059 :cternum.
1465 2003 1763 2072 Accingere
1809 2000 1987 2069 gladio

419 2109 510 2151 tuo
539 2112 700 2167 super
713 2096 890 2152 l'emur
915 2107 1083 2164 tuum,
1111 2105 1324 2167 potens,
1351 2097 1529 2166 specie
1555 2107 1643 2148 tua
1670 2102 1725 2147 et
1751 2093 1990 2162 pulchri-

419 2190 601 2244 tudine
651 2201 740 2242 tua
796 2189 1042 2254 intende,
1105 2203 1362 2258 pr05pere
1403 2188 1638 2258 procede
1683 2193 1767 2260 et,
1802 2199 1985 2252 regna.

417 2280 644 2352 Pr0pter
688 2282 975 2336 veritatem
1024 2290 1077 2337 et
1111 2280 1582 2342 mansuetudinem
1611 2292 1668 2333 et
1692 2278 1985 2348 justitiam,

415 2381 470 2426 et
491 2373 718 2428 deducet
757 2381 804 2426 te
831 2373 1157 2427 mirabiliter
1202 2373 1424 2426 dextera
1469 2381 1580 2424 tua.
1612 2368 1838 2438 Sagitta:
1889 2377 1990 2421 tuae

418 2472 610 2526 acuta},
646 2471 857 2530 potens,
891 2463 1073 2530 populi
1097 2464 1195 2518 sub
1221 2471 1273 2518 te
1297 2461 1492 2516 cadent
1521 2462 1574 2514 in
1603 2461 1765 2514 corde
1815 2459 1991 2512 inimi-

417 2567 600 2606 corum
626 2553 858 2622 Regis”.
885 2573 903 2604 ι
931 2553 1164 2607 Adverte
1185 2553 1422 2607 animum
1442 2552 1507 2606 ad
1528 2567 1589 2606 ea
1608 2566 1728 2621 qua:
1759 2566 1990 2619 sequun-

420 2653 526 2709 tur,
563 2654 616 2698 ct
658 2660 776 2712 qua:
828 2645 975 2698 illum
1038 2645 1206 2699 Deum
1238 2645 1527 2699 euuntiant
1561 2662 1574 2697 :
1610 2663 1628 2695 ι
1674 2643 1842 2698 Sedes
1873 2651 1986 2708 tua,

418 2739 581 2800 Deus,
611 2734 662 2791 in
681 2736 932 2792 smcnlum
963 2737 1164 2800 satculi,
1203 2736 1350 2805 virga
1377 2735 1688 2789 directionis
1720 2735 1868 2804 virga
1901 2749 1989 2787 re-

419 2829 508 2896 gni
540 2828 635 2882 tui.
659 2827 1190 2894 Dilexistijustitiam
1214 2835 1270 2880 et
1290 2828 1454 2880 odisti
1484 2826 1844 2894 iniquitatem;
1868 2840 1989 2893 pro-

421 2931 602 2988 pterea
645 2922 796 2972 unxit
843 2930 892 2970 te
930 2918 1090 2983 Deus,
1123 2918 1266 2972 Deus
1325 2928 1469 2984 tuus,
1502 2918 1619 2971 oleo
1649 2918 1848 2970 laetitiae
1880 2929 1989 2983 pra

2081 431 2271 525 καιροῦ
2301 431 2446 506 ἐστι.
2495 452 2605 506 Καὶ
2643 448 2814 502 ταῦτα
2863 446 2906 498 δ’
2948 445 3040 497 ἐπὶ
3083 441 3262 493 πλεῖον
3299 436 3544 525 εἴρηται,

2081 521 2304 618 νομίζω,
2335 541 2645 611 ἀναγκαίως
2670 538 2758 592 διὰ
2786 533 2886 602 τὴν
2918 531 3239 600 ἐκκειμένην
3270 526 3364 580 τοῦ
3399 522 3555 592 παρὰ
3590 521 3679 591 τῷ

2083 637 2276 705 Κέλσῳ
2311 633 2560 686 Ἰουδαίου
2593 630 2752 694 λέξιν.

2157 744 2355 800 Ἐλαθε
2390 744 2449 797 δὲ
2491 743 2583 796 τὸν
2628 743 2856 806 Κέλσον,
2891 742 2982 794 καὶ
3021 739 3114 792 τὸν
3153 735 3285 806 παρ’
3314 721 3479 802 ἀὐτῷ
3535 730 3678 781 Ἰου-

2083 838 2250 900 δαῖον,
2294 837 2387 889 καὶ
2422 835 2629 896 πάντας
2659 835 2774 887 ὅσοι
2816 832 2895 903 τῷ
2953 826 3128 900 Ἰησοῦ
3170 827 3244 898 μὴ
3291 821 3678 878 πεπιστεύκα-

2089 945 2172 982 σιν
2199 927 2336 998 (64),
2370 928 2455 980 ὅτι
2501 927 2558 979 αί
2593 927 2921 996 προφητεῖαι
2963 922 3056 975 δύο
3098 920 3347 988 λέγουσιν
3379 911 3520 968 εἶναι
3566 911 3676 974 τὰς

2086 1019 2323 1092 Χριστοῦ
2369 1017 2696 1087 ἐπιδημίας·
2743 1015 2843 1086 τὴν
2895 1013 2995 1084 μὲν
3039 1009 3332 1082 προτέραν,
3380 1004 3676 1078 ἀνθρωπο-

2087 1110 2426 1181 παθεστέραν
2451 1108 2546 1162 καὶ
2575 1105 2980 1177 ταπεινοτέραν,
3013 1103 3098 1156 ἵνα
3124 1103 3219 1154 σὺν
3242 1096 3553 1170 ἀνθρώποις
3590 1094 3675 1146 ὣν

2088 1204 2117 1254 6
2149 1202 2404 1273 Χριστὸς,
2430 1199 2618 1272 διδάξῃ
2647 1199 2745 1268 τὴν
2773 1198 3042 1268 φέρουσαν
3075 1193 3212 1264 πρὸς
3242 1191 3374 1243 Θεὸν
3405 1188 3543 1253 ὁδὸν,
3572 1186 3676 1240 καὶ

2094 1295 2279 1366 μηδεν)¹
2303 1293 2410 1346 τῶν
2443 1293 2500 1346 ἐν
2533 1292 2610 1361 τῷ
2640 1291 2738 1361 βίῳ
2770 1289 2875 1342 τῶν
2907 1285 3211 1357 ἀνθρώπων
3241 1281 3540 1349 ἀπολογίας
3576 1296 3676 1332 κα-

2089 1386 2289 1458 ταλίπῃ
2321 1385 2504 1446 τόπον,
2547 1383 2623 1445 ὼς
2653 1383 2752 1434 οὐκ
2795 1380 3054 1449 ἐγνωκότι
3087 1379 3214 1449 περὶ
3256 1377 3356 1446 τῆς
3397 1373 3672 1444 ἐσομένης

2091 1477 2324 1547 κρίσεως
2341 1492 2356 1506 ’
2383 1475 2481 1544 τὴν
2503 1473 2547 1526 δ’
2577 1473 2786 1544 ἑτέραν,
2816 1470 3024 1534 ἔνδοξον
3049 1469 3143 1523 καὶ
3175 1468 3335 1538 μόνον
3361 1465 3668 1535 θειοτέραν,

2090 1566 2239 1619 οὐδὲν
2267 1563 2736 1634 ἐπιπεπλεγμένον
2770 1565 2836 1633 τῇ
2867 1561 3100 1630 θειότητι
3126 1559 3352 1629 ἔχουσαν
3384 1557 3673 1628 ἀνθρωπο-

2091 1656 2279 1720 παθές.
2312 1655 2659 1727 Παραθέσθαι
2687 1654 2744 1707 δὲ
2767 1655 2860 1708 καὶ
2895 1653 2994 1716 τάς
3045 1649 3380 1722 προφητείας
3419 1650 3557 1703 πολὺ
3603 1647 3672 1702 ἂν

2094 1749 2206 1820 εἴη·
2234 1749 2394 1820 ἀρκεῖ
2423 1749 2468 1801 δ’
2503 1747 2596 1799 ἐπὶ
2622 1745 2716 1799 τοῦ
2756 1745 3021 1817 παρόντος
3043 1745 3104 1797 τὸ
3130 1742 3235 1797 ἀπὸ
3265 1742 3360 1796 τοῦ
3393 1757 3671 1811 τεσσαρα-

2094 1839 2290 1893 κοστοῦ
2333 1840 2428 1893 καὶ
2467 1838 2725 1908 τετάρτου
2758 1835 2994 1906 ψαλμοῦ,
3034 1835 3093 1898 ὃς
3137 1833 3231 1887 καὶ
3265 1833 3669 1903 ἐπιγέγραπται

2095 1933 2231 2004 πρὸς
2252 1931 2430 1995 ἄλλοις
2451 1926 2588 1983 εἶναι
2607 1929 2700 1983 καὶ
2729 1929 2862 1998 ᾯδὴ
2883 1927 3032 1996 ὑπὲρ
3053 1925 3160 1980 τοῦ
3183 1923 3515 1994 ἀγαπητοῦ,
3542 1922 3671 1975 ἔνθα

2095 2023 2187 2076 καὶ
2213 2021 2343 2085 Θεὸς
2369 2020 2727 2091 ἀνηγόρευται
2750 2017 2937 2087 σαφῶς
2960 2017 3051 2069 διὰ
3075 2015 3277 2069 τούτων
3296 2031 3310 2044 ο
3338 2033 3357 2065 ι
3407 2011 3668 2082 Ἐξεχύθη

2095 2117 2127 2185 ἡ
2162 2116 2318 2186 χάρις
2350 2115 2408 2166 ἐν
2437 2112 2638 2182 χείλεσί
2673 2129 2788 2174 σου,
2814 2109 2903 2164 διά
2933 2109 3091 2163 τοῦτο
3114 2107 3375 2178 εὐλόγησέ
3399 2123 3458 2159 σε
3486 2109 3515 2159 6
3537 2106 3670 2170 Θεὸς

2096 2206 2176 2266 είς
2205 2204 2294 2256 τὸν
2325 2203 2514 2257 αἰῶνα.
2550 2200 2857 2272 Περίζωσαι
2890 2199 2987 2270 τὴν
3022 2199 3294 2271 ῥομφαίαν
3328 2215 3421 2251 σου
3454 2198 3548 2249 ἐπὶ
3577 2196 3668 2248 τὸν

2099 2294 2270 2364 μηρόν
2306 2310 2421 2357 σου,
2456 2292 2670 2354 δυνατέ,
2700 2294 2767 2362 τῇ
2794 2288 3093 2361 -ὠραιότητί
3127 2305 3221 2341 σου
3255 2289 3346 2341 καὶ
3371 2286 3449 2357 τῷ
3483 2285 3665 2339 κάλλει

2097 2403 2212 2447 σου,
2236 2385 2329 2438 καὶ
2355 2384 2586 2436 ἔντεινον
2608 2383 2701 2436 καὶ
2723 2381 3012 2435 κατευοδοῦ
3037 2382 3131 2433 καὶ
3151 2378 3416 2450 βασίλευε.
3443 2378 3667 2429 Ἕνεκεν

2097 2477 2348 2547 ἀληθείας
2374 2475 2467 2528 καὶ⁵
2501 2474 2810 2546 πραότητος
2837 2475 2930 2526 καὶ
2951 2471 3314 2540 δικαιοσύνης,
3344 2470 3436 2522 καὶ
3469 2469 3665 2539 ὁδηγή-

2098 2587 2178 2623 σει
2213 2587 2272 2622 σε
2306 2567 2631 2638 θαυμαστῶς
2667 2568 2700 2636 ἡ
2736 2564 2884 2628 δεξιά
2917 2581 3029 2617 σου.
3063 2562 3144 2616 Τά
3176 2562 3303 2632 βέλη
3339 2577 3431 2613 σου
3466 2561 3661 2629 ἠκονη-

2099 2659 2254 2729 μένα,
2289 2657 2498 2711 δυνατέ·
2536 2655 2653 2708 λαοὶ¹
2688 2655 2945 2708 ὑποκάτω
2990 2669 3082 2705 σου
3113 2650 3404 2704 πεσοῦνται
3439 2652 3498 2702 ἐν
3534 2665 3660 2716 καρ-

2094 2750 2182 2820 δίᾳ
2213 2749 2320 2802 τῶν
2367 2746 2575 2819 ἐχθρῶν
2609 2745 2702 2798 τοῦ
2740 2745 3023 2816 βασιλέως.
3062 2763 3081 2795 ι
3121 2743 3366 2814 Πρόσχες
3392 2741 3434 2793 δ’
3476 2742 3664 2808 ἐπιμεο

2096 2839 2202 2901 λῶς
2224 2841 2334 2901 τοῖς
2366 2838 2511 2908 ἑξῆς,
2537 2837 2664 2890 ἔνθα
2683 2835 2815 2898 Θεὸς
2853 2835 3094 2906 εἴρηται·
3145 2852 3163 2885 ι
3218 2834 3275 2886 ’0
3303 2831 3491 2903 θρόνος
3517 2847 3606 2884 σου
3639 2849 3656 2881 ι

2097 2931 2202 3000 γάρ
2228 2946 2388 3000 φησιν
2420 2947 2438 2979 ι
2461 2931 2490 2981 6
2516 2928 2646 2990 Θεὸς
2675 2928 2755 2989 είς
2787 2927 2876 2980 τὸν
2903 2925 3075 2978 αἰῶνα
3094 2924 3187 2977 τοῦ
3220 2923 3436 2985 αἰῶνος·
3476 2920 3666 2991 ῥάϐδος

421 3009 767 3063 consortibus
817 3009 1005 3062 tuis“.
1050 3027 1069 3060 ι
1101 3009 1483 3062 Animadverte
1526 3008 1671 3077 quod
1728 3007 1986 3075 propheta

2099 3020 2386 3089 εὐθύτητος
2421 3021 2454 3088 ἡ
2506 3017 2698 3089 ῥάϐδος
2735 3019 2832 3088 τῆς
2866 3015 3140 3086 βασιλείας
3181 3032 3296 3068 σου.
3350 3014 3665 3081 Ἠγάπησας

422 3101 589 3155 Deum
621 3099 918 3167 alloquens,
944 3098 1094 3165 cujus
1123 3099 1278 3152 sedes
1309 3109 1394 3153 est
1425 3100 1476 3152 in
1505 3097 1763 3152 'sazoulum
1790 3096 1990 3161 saaculi,

2098 3085 2459 3180 δικαιοσύνην,
2485 3085 2584 3162 καὶ
2602 3085 2873 3180 ἐμίσησας
2897 3107 3123 3177 ἀνομίαν
3145 3124 3158 3137 ’
3185 3104 3273 3158 διὰ
3303 3101 3458 3158 τοῦτο
3488 3101 3664 3172 ἔχρισὲ

419 3187 571 3254 cujus
603 3187 753 3257 virga
795 3187 1111 3241 directionis
1140 3195 1223 3239 esl
1265 3187 1413 3254 virga
1466 3187 1614 3253 regni
1661 3187 1805 3256 ejus,
1844 3187 1988 3239 hunc

419 3278 596 3346 ipsum
627 3278 792 3333 Deum
815 3279 894 3332 ait
923 3279 1087 3332 fuisse
1111 3286 1331 3333 unctum
1359 3293 1385 3330 a
1420 3278 1549 3342 Deo,
1579 3278 1669 3347 qui
1698 3288 1815 3331 erat
1848 3277 1990 3332 illius

418 3370 592 3436 Deus;
622 3380 840 3425 unctum
873 3371 1037 3425 fuisse
1085 3380 1290 3434 autem,
1319 3371 1444 3438 quia
1493 3385 1606 3437 pra:
1646 3368 1992 3424 consortibus

419 3464 538 3517 suis
564 3463 752 3518 dilexit
772 3463 1043 3533 justitiam
1070 3472 1124 3516 et
1146 3463 1486 3531 iniquitatem
1515 3462 1642 3516 odio
1665 3461 1871 3516 habuit.
1898 3460 1992 3514 llis

419 3559 598 3612 verbis
648 3558 866 3611 memini
900 3573 983 3611 me
1017 3557 1147 3610 olim
1210 3557 1432 3610 multum
1495 3556 1758 3610 molestia:
1804 3568 1992 3608 creare

414 3648 602 3703 JlldiCO
633 3651 722 3718 qui
760 3649 978 3718 sapiens
1012 3647 1313 3702 habebatur
1365 3634 1519 3715 apud
1544 3661 1672 3701 suos
1705 3663 1718 3709 ;
1749 3644 1838 3714 qui
1867 3658 1988 3698 cum

417 3756 473 3792 se
504 3741 790 3794 admodum
819 3741 1081 3804 torsisset,
1137 3739 1277 3793 dixit
1328 3740 1542 3792 tandem
1590 3753 1710 3805 quae
1747 3753 1774 3790 a
1803 3734 1988 3790 Judmo

419 3841 735 3901 exspectare
757 3832 936 3896 debui,
963 3846 1154 3900 nempe
1176 3850 1188 3883 :
1210 3833 1276 3884 dc
1307 3832 1416 3884 Deo
1451 3833 1832 3883 universorum
1852 3828 1989 3881 scri-

421 3935 568 3991 ptum
593 3937 712 3976 esse
743 3940 755 3975 :
791 3940 809 3972 ι
844 3923 1012 3976 Sedes
1039 3931 1148 3986 tua,
1187 3921 1349 3982 Deus,
1388 3922 1438 3972 in
1480 3921 1736 3975 saaculum
1755 3915 1943 3977 saeculi
1975 3940 1990 3987 ;

420 4017 566 4084 virga
601 4015 913 4074 directionis
957 4013 1106 4082 virga
1154 4012 1302 4082 regni
1337 4012 1448 4079 tui;
1489 4031 1508 4063 ι
1543 4013 1608 4066 de
1635 4013 1850 4067 Christo
1895 4030 1992 4066 au-

421 4117 522 4162 tem
569 4122 584 4160 :
629 4125 647 4158 ι
703 4106 948 4160 Dilexisti
1001 4105 1264 4174 justitiam
1306 4115 1359 4157 et
1405 4104 1567 4157 odisti
1626 4106 1986 4174 iniquitatem,

417 4210 696 4269 propterea
749 4199 902 4252 unxit
934 4205 985 4251 te
1017 4197 1178 4262 Deus,
1217 4197 1356 4252 Deus
1394 4205 1538 4260 tuus,
1577 4214 1595 4248 ι
1631 4205 1684 4250 et
1720 4197 1947 4266 reliqua.

2100 3219 2157 3254 σε
2186 3203 2214 3253 6
2254 3201 2448 3266 Θεὸς,ό
2483 3201 2616 3264 Θεός
2641 3217 2734 3253 σου
2770 3199 2946 3252 ἔλαιον
2973 3197 3340 3266 ἀγαλλιάσεως
3372 3194 3526 3265 παρὰ
3545 3194 3663 3255 τοὺς

2101 3291 2357 3361 μετόχους
2381 3308 2497 3344 σου.
2534 3310 2553 3342 ι
2585 3291 2694 3343 Καὶ
2721 3289 2991 3354 κατανόει,
3017 3289 3097 3341 ὅτι
3126 3286 3243 3356 Θεῷ
3264 3284 3465 3357 ὁμιλῶν
3494 3286 3523 3336 6
3547 3299 3664 3354 προ-

2099 3382 2294 3452 φήτης,
2326 3376 2386 3435 οὗ
2425 3383 2454 3435 6
2492 3381 2680 3452 θρόνος
2713 3382 2859 3433 ἐστὶν
2889 3381 2968 3443 είς
2998 3379 3089 3432 τὸν
3122 3377 3293 3432 αἰῶνα
3316 3377 3412 3430 τοῦ
3455 3375 3660 3441 αἰῶνος,

2099 3475 2193 3527 καὶ
2222 3473 2412 3543 ῥάϐδος
2448 3474 2741 3544 εὐθύτητος
2766 3475 2798 3544 ἡ
2829 3471 3022 3542 ῥάϐδος
3053 3471 3152 3540 τῆς
3187 3469 3461 3540 βασιλείας
3484 3467 3659 3531 αὐτοῦ,

2095 3563 2280 3616 τοῦτον
2309 3565 2400 3616 τὸν
2423 3564 2555 3617 Θεὸν
2585 3565 2718 3635 φησὶ
2757 3563 3041 3634 κεχρῖσθαι
3069 3561 3174 3614 ὑπὸ
3198 3560 3360 3624 Θεοῦ,
3394 3560 3454 3623 ὃς
3482 3557 3549 3630 ἦν
3577 3559 3662 3611 αὐ-

2096 3653 2188 3706 τοῦ
2229 3653 2394 3716 Θεός·
2436 3655 2722 3723 κεχρῖσθαι
2770 3656 2844 3716 δὲ,
2890 3655 3011 3708 ἐπεὶ
3053 3653 3204 3725 παρὰ
3241 3653 3368 3714 τοὺς
3415 3653 3662 3723 μετόχους

2099 3742 2262 3796 αὐτοῦ
2291 3737 2444 3807 οὗτος
2466 3745 2722 3816 ἠγάπησε
2747 3745 3114 3816 δικαιοσύνην,
3141 3746 3234 3798 καὶ
3259 3743 3518 3814 ἐμίσησεν
3548 3745 3658 3795 ἀνο-

2103 3836 2252 3906 μίαν.
2288 3835 2397 3888 Kal
2441 3835 2722 3906 μέμνημαί
2765 3854 2830 3905 γε
2875 3837 3016 3890 πάνυ
3057 3836 3250 3906 θλίψας
3291 3835 3383 3886 τὸν
3422 3834 3656 3887 Ἰουδαῖον

2097 3925 2450 3997 νομιζόμενον
2490 3925 2651 3995 σοφὸν
2691 3928 2755 3979 ἐκ
2787 3928 2884 3998 τῆς
2926 3927 3126 3993 λέξεως
3165 3927 3398 3996 ταύτης”
3443 3931 3501 3990 ὃς
3535 3926 3658 3996 πρὸς

2094 4017 2265 4086 αὐτὴν
2309 4015 2549 4086 ἀπορῶν,
2596 4011 2717 4069 εἷπε
2751 4016 2819 4070 τὰ
2845 4016 2924 4087 τῷ
2961 4017 3152 4070 ἐαυτοῦ
3203 4015 3518 4085 Ἰουδαϊσμῷ
3545 4015 3657 4068 ἀκό-

2090 4105 2270 4158 λουθα·
2300 4105 2441 4169 εἶπε,
2459 4106 2595 4175 πρὸς
2619 4105 2718 4175 μὲν
2751 4105 2842 4158 τὸν
2863 4105 2970 4159 τῶν
2989 4105 3124 4159 ὅλων
3152 4105 3285 4158 Θεὸν
3311 4105 3558 4177 εἰρῆσθαι
3584 4104 3653 4164 τὸ,

2094 4216 2111 4248 ι
2152 4198 2210 4251 Ὀ
2237 4197 2426 4268 θρόνος
2452 4214 2544 4250 σου
2569 4200 2596 4250 6
2621 4197 2754 4261 Θεὸς
2781 4199 2861 4259 είς
2883 4197 2971 4250 τὸν
2989 4197 3157 4250 αίῶνα
3186 4197 3277 4250 τοῦ
3301 4198 3514 4259 αἰῶνος·
3547 4195 3658 4264 ῥάϐ-

413 4297 501 4358 δος
539 4294 828 4366 εὐθύτητος
869 4295 903 4364 ἡ
947 4292 1138 4366 ῥάϐδος
1168 4294 1266 4364 τῆς
1297 4293 1568 4363 βασιλείας
1604 4311 1696 4346 σου
1723 4310 1737 4323 ·
1783 4312 1801 4344 ι
1838 4293 1974 4364 πρὸς
2007 4292 2062 4346 δὲ
2095 4293 2186 4345 τὸν
2211 4293 2444 4363 Χριστὸν
2476 4293 2556 4356 τὸ,
2624 4311 2641 4342 ι
2687 4293 3006 4362 Ἠγάπησας
3034 4289 3397 4359 δικαιοσύνην,
3433 4291 3526 4344 καὶ
3549 4291 3655 4360 ἐμί-

417 4406 586 4458 σησας
618 4389 872 4461 ἀνομίαν·
909 4389 997 4442 διὰ
1025 4388 1180 4442 τοῦτο
1229 4387 1412 4458 ἕχρισέ
1443 4405 1502 4442 σε
1548 4391 1576 4442 6
1616 4388 1803 4453 Θεὸς,ό
1831 4387 1965 4450 Θεός
1987 4403 2101 4448 σου,
2134 4406 2151 4438 ›
2183 4387 2277 4439 καὶ
2299 4386 2368 4439 τά
2396 4385 2543 4456 ἐξῆς.

485 4484 575 4540 57,
615 4486 808 4538 Adhuc
866 4486 1007 4552 apud
1035 4484 1250 4538 Celsum
1291 4482 1506 4539 Judaeus
1541 4484 1878 4539 Saivatorem
1919 4484 1997 4538 sic
2031 4488 2074 4541 D

416 4573 745 4641 alloquitur:
773 4593 790 4624 ι
819 4573 874 4626 Si
899 4575 947 4626 id
965 4574 1117 4637 dicis,
1137 4574 1429 4642 quemlibet
1451 4573 1991 4642 hominemquijuxla

413 4663 652 4716 divinam
678 4664 1073 4731 providentiam
1111 4671 1268 4717 natus
1299 4662 1479 4728 fuerit,
1509 4676 1631 4715 esse
1657 4662 1848 4715 Filium
1877 4661 1992 4720 Dei,

415 4769 519 4822 qua
547 4755 598 4808 in
630 4769 687 4808 re
725 4755 890 4808 distas
949 4757 1105 4811 aliis?
1158 4777 1176 4810 ι
1223 4757 1323 4812 Cui
1370 4753 1814 4822 respondebimus
1871 4765 1993 4805 esse

415 4848 633 4918 quidem
679 4849 771 4902 Dei
834 4849 1028 4914 ﬁlium,
1060 4851 1327 4921 quisquis,
1377 4846 1675 4902 ut.Paulus
1713 4845 1888 4908 docet,
1919 4845 1993 4899 ti-

2175 4481 2295 4532 Ἔτι
2325 4479 2382 4532 δέ
2417 4479 2552 4549 πρὸς
2579 4479 2669 4532 τὸν
2699 4477 2926 4550 Σωτῆρα
2955 4478 3104 4548 αὐτῷ
3127 4480 3155 4531 6
3193 4477 3440 4539 Ἰουδαῖός
3475 4491 3648 4545 φησιν·

2099 4572 2180 4624 ὅτι
2210 4590 2228 4621 ι
2270 4572 2318 4622 εί
2347 4570 2503 4623 τοῦτο
2541 4570 2739 4637 λέγεις,
2775 4571 2856 4622 ὅτι
2889 4571 2994 4633 πᾶς
3028 4568 3310 4640 ἄνθρωπος
3346 4567 3487 4619 κατὰ
3525 4566 3685 4627 θείαν,

2101 4663 2356 4732 πρόνοιαν
2399 4660 2634 4729 γεγονὼς
2666 4662 2781 4724 υίός
2825 4663 2938 4714 ἐστι
2985 4659 3154 4723 Θεοῦ,
3190 4661 3242 4712 τί
3291 4660 3357 4713 ἂν
3403 4659 3466 4710 σὺ
3511 4656 3649 4710 ἄλλον

2100 4754 2394 4824 διαφέρῃς;
2419 4773 2436 4803 ι
2459 4753 2600 4824 Πρὸς
2617 4753 2674 4806 ὃν
2691 4753 2942 4823 ἐροῦμεν,
2967 4755 3047 4806 ὅτι
3069 4754 3178 4816 πᾶς
3199 4752 3294 4823 μέν
3317 4752 3365 4814 6,
3396 4750 3472 4813 ὡς
3487 4752 3514 4802 6
3531 4747 3651 4800 Παῦ-

2100 4843 2188 4906 λος
2205 4844 2257 4913 (6
2267 4844 2318 4913 5)
2329 4844 2601 4913 ὠνόμασε,
2625 4845 2820 4914 μηκέτι
2839 4844 2941 4896 ὑπὸ
2957 4843 3122 4911 φόϐου
3137 4841 3482 4910 παιδαγωγού
3491 4857 3646 4909 μενος,

415 4955 567 4994 more
599 4955 704 4993 non
733 4940 964 5006 ducitur,
997 4942 1157 5010 372
1176 4942 1268 4995 sed
1295 4941 1547 4994 virtutem
1575 4945 1792 5007 propter
1815 4936 1987 5004 ipsam

2098 4935 2234 4988 ἀλλὰ
2265 4936 2331 4987 δι’
2364 4937 2496 4989 αὐτὸ
2522 4937 2581 4989 τὸ
2611 4938 2772 4990 καλὸν
2805 4937 3145 5007 αἱρούμενος,
3186 4937 3300 4998 υίός
3344 4938 3460 4989 ἐστι
3499 4933 3646 4988 Θεοῦ·

415 5029 790 5098 amplectitur;
824 5031 967 5084 hunc
997 5046 1122 5084 vero
1164 5032 1320 5100 longe
1362 5031 1671 5098 discrepare
1701 5029 1768 5082 ab
1799 5026 1866 5081 iis
1893 5024 1986 5094 qui

2095 5020 2248 5089 οὗτος
2275 5028 2330 5080 δὲ
2363 5027 2542 5098 πολλῷ
2583 5029 2674 5082 καὶ
2705 5029 2902 5100 μακρῷ
2934 5029 3178 5098 διαφέρει
3210 5027 3410 5091 παντὸς
3453 5027 3544 5080 τοῦ
3577 5025 3648 5078 διὰ

417 5134 636 5195 propter
678 5125 927 5177 virtutem
955 5122 1046 5176 lilii
1074 5122 1169 5177 Dei
1195 5122 1563 5185 nominantur,
1593 5127 1652 5174 ut
1678 5118 1768 5189 qui
1795 5131 1981 5172 eorum

2095 5117 2190 5186 τὴν
2230 5119 2429 5189 ἀρετὴν
2451 5119 2878 5190 χρηματίζοντος
2911 5118 3029 5171 υἱοῦ
3062 5120 3153 5173 τοῦ
3198 5119 3354 5179 Θεοῦ,
3391 5120 3534 5180 ὅστις
3564 5117 3646 5169 ὡσ-

485 5283 529 5315 ³⁶
567 5283 712 5339 Psal.
752 5297 898 5346 xciv,
921 5283 974 5350 ὅ,
1009 5282 1064 5350 4,
1090 5283 1144 5346 5,
1172 5282 1226 5336 6.
1305 5281 1346 5311 ³¹
1379 5280 1509 5335 ibid.
1545 5281 1595 5347 7,
1631 5281 1685 5334 ι.

488 5448 597 5517 (64)
645 5448 814 5502 Codd.
863 5447 1059 5517 Regius
1093 5457 1145 5502 et
1186 5447 1509 5517 Basileensis
1535 5487 1550 5507 ,
1599 5447 1672 5517 μὴ
1708 5447 1992 5501 πιστεύου-

488 5464 597 5516 tua)
645 5464 814 5502 bona.
863 5464 1059 5568 negtiis
1093 5464 1145 5502 et
1186 5464 1509 5501 uasueensm
1535 5487 1550 5507 ,
1599 5464 1672 5517 μη
1708 5464 1992 5501 πιστευού-

417 5534 519 5589 σιν.
552 5513 775 5589 Ibidem,
823 5518 914 5589 δύο
983 5519 1195 5586 έγουσιν
1240 5513 1377 5589 εἶναι
1413 5518 1508 5589 τὰς
1543 5517 1774 5589 Χριστοῦ
1801 5519 1993 5589 ,ἐπιδη-

421 5588 566 5651 μίας.
599 5587 728 5637 Vide
761 5587 899 5639 infra
930 5603 1073 5640 num.
1105 5590 1195 5644 29.
1251 5588 1392 5644 Jttsi.
1421 5587 1562 5640 Dial.
1599 5587 1739 5640 'rnm
1794 5587 1986 5656 Tryph.

419 5669 450 5720 ι)
496 5657 622 5719 247,
663 5656 789 5719 ⁸268,
835 5657 970 5721 550,
1033 5656 1171 5712 Iron.
1218 5659 1308 5712 lil).
1349 5675 1419 5723 tv,
1465 5676 1582 5727 cap.
1625 5659 1726 5722 '55;
1755 5659 1982 5714 Tertull.

2099 5453 2319 5520 Apolog.
2352 5467 2472 5520 cap.
2504 5451 2593 5504 2i.
2645 5450 2903 5504 Enmdem
2949 5449 3090 5502 vide.
3120 5458 3302 5501 contra
3341 5446 3572 5511 Juda'os,
3600 5453 3642 5497 et

2100 5522 2191 5576 lib.
2225 5538 2282 5576 ιιι
2313 5534 2493 5574 contra
2519 5521 2862 5576 Marciouem.
2897 5521 3160 5573 SPENCEh.

2173 5592 2282 5662 (65)
2318 5590 2652 5646 liocschclius
2683 5591 2733 5643 in
2767 5600 2933 5657 textu,
2968 5589 3025 5643 ὃν
3052 5589 3125 5652 ὡς
3157 5605 3184 5641 ο
3207 5586 3437 5650 Παῦλος,
3473 5586 3610 5639 male.
