3988 6156
287 329 420 385 765

1565 327 1840 385 CONTRA
1878 324 2156 382 CELSUM
2190 282 2316 381 LIB.
2356 325 2396 382 ι.

3474 325 3576 382 766

288 449 482 518 «spei.
521 449 669 519 πηγή
697 466 782 512 τις
806 449 900 502 καὶ
929 449 1072 522 ἀρχὴ
1105 451 1212 505 τῶν
1241 451 1495 506 τοιούτων
1518 452 1798 522 τυγχάνει.
1840 449 1876 501 Ἰ

2010 450 2083 502 sit
2141 448 2311 503 veluti
2373 447 2496 503 fons
2523 454 2575 499 et
2602 443 2946 515 principium.
2988 443 3079 499 Sic
3106 441 3303 499 Paulus
3343 461 3355 497 :
3397 461 3417 494 ι
3455 443 3573 500 Non

283 531 353 585 δὲ
391 532 500 586 τοῦ
530 534 741 587 Παύλου
783 535 926 599 λέξις
962 536 1132 599 οὕτως
1172 537 1309 606 ἔχει·
1362 558 1378 587 ι
1421 540 1494 591 UO
1534 539 1642 610 γάρ
1671 535 1892 590 ἐλάϐετε

287 624 540 694 πνεῦμα
557 625 797 689 δουλείας
820 626 979 680 πάλιν
999 629 1078 690 είς
1103 611 1296 696 φόϐον,
1310 627 1422 680 ἀλλ’
1443 627 1658 682 ἐλάϐετε
1680 627 1892 698 πνεῦμα

285 713 609 777 υἱοθεσίας,
636 715 694 766 ἐν
713 708 756 782 ᾧ
781 715 1077 785 κράζομεν,
1111 716 1280 768 Ἀὅὸἄ
1312 718 1340 769 ὁ
1367 717 1575 788 Πατήρ.
1607 717 1894 778 ι-ιΤινὲς

278 801 343 855 δὲ
392 802 502 856 καὶ
533 803 860 871 ἐλέγξουσιν,
918 804 992 867 ὥς
1033 822 1198 875 φησιν
1237 808 1266 858 ὁ
1313 806 1458 875 παρὰ
1506 805 1701 876 Κέλσῳ
1763 808 1890 858 Ἰου-

277 893 494 957 δαῖος,
538 895 718 966 μυρίοι
761 894 850 947 τὸν
891 894 1116 966 Ἰησοῦν,
1153 895 1466 968 ξφάσκοντες
1518 898 1646 967 περὶ
1683 896 1892 949 ἑαυτῶν

275 983 486 1037 ταῦτα
504 986 750 1057 εἰρῆσθαι
774 987 916 1058 άπερ
943 989 1068 1059 περὶ
1092 987 1300 1040 ἐκείνου
1331 987 1747 1058 προεφητεύετο.
1779 987 1892 1040 Οὐκ

281 1074 534 1146 οἴδαμεν
573 1072 668 1130 οῦν
699 1080 747 1130 εί
779 1080 806 1131 6
839 1077 1045 1142 Κέλσος
1085 1078 1342 1130 ἐπίστατό
1367 1079 1476 1148 (66)
1505 1095 1655 1141 τινας
1704 1079 1890 1148 ἐπιδη-

285 1169 593 1236 μήσαντας
623 1168 702 1238 τῷ
740 1168 858 1238 βίῳ,
902 1170 994 1222 καὶ
1019 1169 1078 1221 τὸ
1117 1169 1492 1241 παραπλήσιον
1533 1167 1889 1239 βουληθέντας

283 1260 490 1309 ποιεῖν
514 1257 594 1326 τῷ
635 1258 828 1327 Ἰησοῦ,
856 1259 946 1311 καὶ
966 1259 1099 1311 Θεοῦ
1118 1260 1266 1321 υἱοὺς
1291 1260 1488 1321 αὐτοὺς
1510 1259 1883 1328 ἀναγορεύειν,

286 1348 325 1418 ἦ
371 1350 526 1402 Θεοῦ
560 1350 806 1420 δύναμιν.
852 1352 1002 1404 Ἐπεὶ
1034 1351 1090 1403 δέ
1126 1349 1433 1419 φιλαληθῶς
1476 1350 1543 1402 τὰ
1585 1349 1726 1402 κατά
1763 1352 1888 1411 τοὺς

281 1442 514 1504 τόπους
558 1441 899 1512 ἐξετάζομεν,
953 1443 1205 1513 ἐροῦμεν,
1260 1442 1343 1493 ὅτι
1387 1440 1590 1502 Θευδᾶς
1639 1441 1744 1510 πρὸ
1787 1441 1885 1509 τῆς

278 1531 581 1596 γενέσεως
631 1531 802 1602 Ἰησοῦ
846 1533 1036 1600 γέγονέ
1076 1550 1160 1594 τις
1205 1531 1354 1603 παρά
1395 1532 1685 1594 Ἰουδαίοις,
1715 1532 1886 1600 μέγαν

276 1623 425 1676 τινὰ
476 1624 664 1677 ἐαυτὸν
700 1624 903 1692 λέγων·
938 1619 997 1678 οὗ
1025 1625 1402 1688 ἀποθανόντος,
1433 1627 1480 1676 οἱ
1514 1623 1884 1695 ἀπατηθέντες

280 1715 392 1768 ὑπ’
427 1717 595 1770 αὐτοῦ
620 1717 1092 1788 διεσκεδάσθησαν.
1132 1717 1242 1770 Καὶ
1267 1719 1383 1785 μετ’
1411 1719 1636 1779 ἐκεῖνον,
1675 1719 1732 1768 ἐν
1763 1717 1883 1778 ταῖς

1997 541 2141 594 enim
2197 540 2492 609 accepistis
2548 537 2794 606 spiritum
2859 536 3135 592 servitutis
3171 536 3366 590 iterum
3419 536 3471 590 in
3506 537 3573 588 ti-

1995 645 2168 695 more,
2205 632 2298 685 sed
2341 627 2630 700 accepistis
2672 628 2917 697 spirituum
2978 627 3286 697 adoptionis
3336 625 3569 680 ﬁliorum

1995 719 2047 773 in
2075 735 2182 788 quo
2230 721 2529 775 clamamus
2562 736 2576 771 :
2613 719 2766 773 Abba
2823 718 3065 775 Pater".
3106 738 3124 770 ι
3167 717 3374 773 Rursus
3431 719 3570 787 apud

1992 809 2205 864 Celsum
2247 811 2460 865 Judzeus
2497 829 2509 864 :
2557 828 2575 861 ι
2615 809 2906 872 Innumeri.
2940 811 3143 880 inquit,
3179 808 3360 863 Jesum
3411 823 3570 863 coar-

1991 910 2182 971 guunt,
2227 901 2468 956 dicentes
2493 901 2564 954 de
2586 901 2779 971 seipsis
2835 901 3151 970 accipienda
3177 915 3298 956 esse
3350 914 3472 968 quae
3507 900 3573 953 de

1993 993 2086 1049 illo
2118 991 2374 1061 praedicta
2408 992 2651 1046 fuerant.
2699 1008 2717 1042 ι
2755 990 3016 1060 Equidem
3054 991 3327 1047 nescimus
3367 1005 3433 1044 an
3450 989 3572 1045 Cel-

1993 1097 2087 1138 sus
2137 1083 2416 1152 quospiam
2477 1082 2813 1151 cognoverit,
2864 1083 2974 1151 qui,
3037 1083 3161 1136 dum
3209 1084 3261 1136 in
3309 1083 3408 1137 hac
3460 1083 3571 1138 vita

1990 1183 2164 1238 erant,
2199 1174 2384 1226 eadem
2416 1187 2535 1241 qua:
2556 1169 2715 1226 Iesus
2738 1170 2940 1236 facere,
2971 1179 3026 1226 et
3050 1172 3190 1226 lilios
3225 1173 3318 1226 Dei
3344 1188 3402 1228 se
3438 1174 3566 1227 Dei-

1989 1280 2093 1331 que
2149 1264 2444 1331 potentiam
2512 1263 2785 1332 appellare
2840 1244 3132 1316 voluerint.
3193 1262 3324 1316 Cum
3387 1271 3567 1316 autem

1992 1370 2186 1424 magno
2227 1355 2471 1410 veritatis
2501 1369 2688 1408 amore
2734 1367 2854 1423 quae
2905 1353 3275 1423 unusquisque
3307 1355 3453 1410 locus
3481 1355 3566 1410 oI-

1991 1441 2116 1506 l'ert,
2143 1443 2533 1512 expendamus,
2581 1444 2825 1497 dicemus
2868 1439 3053 1508 fuisse,
3088 1453 3370 1512 antequam
3411 1443 3567 1500 Jesus

1990 1543 2324 1595 naSreretur,
2359 1533 2634 1587 Theudam
2661 1534 2947 1602 quemdam
3009 1535 3150 1604 apud
3209 1533 3443 1600 Iudaeos,
3473 1538 3565 1604 qui

1986 1642 2042 1679 se
2093 1641 2341 1694 magnum
2384 1626 2692 1696 quempiam
2744 1623 3067 1692 jactaret”;
3101 1635 3155 1680 at
3201 1627 3288 1680 vix
3330 1627 3562 1681 animam

1987 1714 2282 1780 efﬂaverat,
2313 1731 2434 1771 cum
2464 1715 2708 1783 dissipati
2755 1727 2879 1769 sunt
2925 1716 2961 1768 ii
2998 1717 3086 1785 qui
3112 1716 3294 1772 abillo
3354 1718 3564 1786 decepti

279 1809 395 1880 τῆς
428 1810 762 1880 ἀπογραφῆς
787 1810 1042 1882 ἡμέραις,
1072 1810 1147 1862 ὅτ’
1181 1808 1325 1861 ἔοικε
1352 1807 1678 1878 γεγενῆσθαι
1711 1809 1738 1858 ὀ
1781 1807 1876 1876 Ἰη-

1988 1807 2220 1860 fuerant.
2259 1806 2566 1862 Secundum
2597 1809 2743 1862 illum
2763 1848 2778 1873 ,
2809 1822 3006 1862 census
3037 1817 3299 1875 tempore,
3345 1811 3564 1878 quando

280 1897 472 1964 σοῦς,
523 1900 716 1963 Ἰούδας
757 1919 838 1964 τις
875 1900 1150 1964 Γαλιλαῖος
1192 1899 1419 1964 πολλοὺς
1461 1898 1636 1968 ἐαυτῷ
1673 1916 1877 1951 συναπ-

275 1988 536 2060 έστησεν
560 1990 668 2042 ἀπὸ
695 1989 787 2043 τοῦ
817 1991 946 2044 λαοῦ
991 1991 1099 2044 τῶν
1143 1990 1428 2054 Ἰουδαίων,
1474 1990 1550 2053 ὡς
1592 1989 1752 2058 σοφὸς
1787 1989 1878 2041 καὶ

280 2082 642 2152 καινοτομῶν
666 2099 807 2140 τινα.
836 2077 910 2136 Ob
945 2085 1038 2136 καὶ
1064 2081 1227 2134 αὑτοῦ
1261 2073 1416 2144 δίκας
1439 2081 1706 2145 τίσαντος,
1733 2083 1766 2152 ἡ
1796 2081 1876 2134 δι-

281 2178 572 2232 δασκαλία
609 2179 909 2250 καθῃρέθη,
945 2180 1085 2233 πάνυ
1126 2181 1183 2232 ἐν
1211 2177 1411 2246 ὀλίγοις
1450 2177 1543 2230 καὶ
1576 2177 1877 2248 ἐλαχίστοις

285 2269 559 2338 μείνασα.
592 2271 697 2323 Καὶ
741 2269 877 2340 μετὰ
911 2271 1036 2333 τοὺς
1079 2268 1248 2338 Ἰησοῦ
1291 2269 1348 2321 δέ
1388 2268 1613 2339 χρόνους
1645 2267 1875 2339 ἠθέλησε

282 2359 393 2411 καὶ
427 2361 455 2410 ὁ
487 2361 773 2431 Σαμαρεὺς
805 2359 1053 2424 Δοσίθεος
1089 2360 1198 2430 (67)
1241 2363 1421 2412 πεῖσαι
1460 2361 1754 2431 Σαμαρεῖς,
1794 2361 1875 2413 ὅτι

281 2451 467 2515 αὐτὸς
504 2451 588 2522 εἴη
621 2453 649 2502 ὁ
687 2453 1159 2523 προφητευόμενος
1184 2453 1286 2505 ὑπὸ
1306 2453 1582 2516 Μωῦσέως
1607 2455 1840 2524 Χριστός
1859 2470 1872 2483 ·

282 2541 400 2592 καὶ
438 2540 584 2604 ἔδοξέ
608 2557 769 2592 τινων
797 2543 861 2610 τῇ
895 2541 1086 2592 ἐαυτοῦ
1110 2542 1427 2613 διδασκαλίᾳ
1451 2545 1872 2614 κεκρατηκέναι.

300 2632 478 2684 Ἀλλά
491 2632 680 2700 τδείρη
689 2632 844 2700 μένον
863 2633 1002 2684 πάνυ
1020 2632 1195 2700 σοφῶς
1209 2635 1312 2687 ὑπὸ
1327 2635 1421 2687 τοῦ
1433 2637 1490 2687 ὲν
1506 2639 1624 2699 ταῖς
1641 2636 1816 2708 Πράξε
1827 2654 1876 2689 σι

283 2721 414 2774 τῶν
442 2721 751 2774 ἀποστόλων
781 2723 1264 2792 άναγεγραμμένου
1304 2724 1599 2794 Γαμαλιὴλ,
1631 2727 1729 2779 οὐκ
1757 2726 1878 2778 ἄλο-

284 2827 403 2878 γον
442 2810 811 2882 παραθέμενον
841 2814 1031 2878 δεῐξαι,
1080 2814 1196 2877 πῶς
1241 2816 1436 2867 ἐκεῖνοι
1477 2817 1575 2885 μὲν
1609 2817 1875 2888 ἀλλότριοι

282 2900 404 2969 τῆς
438 2901 762 2968 ἐπαγγελίας
787 2897 945 2972 ἦσαν,
979 2902 1101 2955 οὔτε
1131 2903 1236 2955 υἱοὶ
1274 2904 1431 2966 Θεοῦ,
1463 2904 1583 2957 οὔτε
1618 2907 1874 2977 δυνάμεις

285 2991 453 3052 ὄντες
484 2992 646 3044 αὑτοῦ
671 3009 684 3022 ·
721 2994 748 3044 ὁ
787 2993 842 3044 δέ
884 2994 1114 3064 Χριστὸς
1166 2993 1371 3063 Ἰησοῦς
1397 2995 1611 3066 ἀληθῶς
1643 2992 1709 3066 ἦν
1739 2997 1872 3048 Θεοῦ

284 3080 448 3144 Υἱός.
481 3077 615 3135 Εἷπε
642 3085 686 3136 δ’
715 3086 828 3136 ἐκεῖ
857 3086 884 3136 ὁ
913 3085 1210 3157 Γαμαλιὴλ,
1252 3089 1353 3147 ὅτι,
1392 3106 1409 3138 ι
1456 3086 1578 3140 Ἐὰν
1683 3087 1741 3152 ἐξ
1782 3091 1872 3141 ἁν-

286 3169 535 3242 θρώπων
562 3175 593 3243 ή
629 3173 789 3244 βουλὴ
820 3175 956 3244 αὕτη
987 3147 1078 3228 καὶ
1107 3147 1320 3245 ὁιλόγος
1347 3173 1522 3241 οὗτος,
1563 3147 1868 3248 καταλυθή-
1902 3147 1942 3201 C

285 3277 473 3313 σεται·
512 3281 531 3313 ι
565 3262 640 3324 ὡς
661 3264 754 3316 καὶ
783 3263 852 3316 τὰ
882 3265 1104 3318 ἐκείνων
1133 3267 1422 3337 κατελύθη,
1451 3269 1829 3323 ἀποθανόντων
1853 3289 1864 3299 ο

292 3370 313 3402 ι
361 3352 459 3405 ἐὰν
508 3352 564 3405 δὲ
680 3357 745 3406 ἐκ
787 3356 942 3418 Θεοῦ,
983 3358 1042 3408 οὐ
1086 3358 1379 3428 δυνήσεσθε
1431 3360 1728 3414 καταλῦσαι
1773 3362 1871 3431 τὴν

282 3442 489 3494 τούτου
507 3443 876 3509 διδασκαλίαν,
915 3449 1122 3517 μήποτε
1141 3450 1234 3502 καὶ
1257 3450 1512 3520 θεομάχοι
1535 3453 1594 3502 εύ
1605 3451 1813 3522 ρεθῆτε.
1848 3476 1865 3502 ι

300 3535 569 3607 Ἦθέλησε
615 3539 670 3591 δὲ
711 3541 803 3591 καὶ
836 3541 1015 3610 Σίμων
1047 3542 1153 3611 (68)
1199 3545 1226 3595 ὁ
1272 3546 1556 3616 Σαμαρεὺς
1589 3547 1774 3614 Μάγος
1805 3551 1870 3617 τῇ

288 3627 502 3697 μαγείᾳ
532 3629 819 3696 ὑφελέσθαι
846 3633 1014 3694 τινάς.
1047 3634 1155 3684 Καὶ
1176 3635 1296 3685 τότε
1327 3635 1423 3703 μὲν
1448 3635 1691 3705 ὴπάτησε
1716 3654 1728 3665 ·
1758 3639 1871 3689 νυνὶ

283 3717 344 3770 δὲ
377 3721 504 3781 τοὺς
527 3721 731 3784 πάντας
757 3724 813 3773 ἐν
834 3725 898 3793 τῇ
925 3724 1214 3796 οἰκουμένῃ
1238 3726 1338 3776 οὐκ
1362 3726 1481 3778 ἔστι
1507 3727 1872 3796 Σιμωνιανοὺς

285 3811 476 3880 εὑρεῖν
537 3813 626 3866 τὸν
683 3813 940 3884 ἀριθμὸν,
995 3809 1144 3884 οἶμαι
1201 3817 1510 3887 τριάκοντα.
1580 3819 1688 3872 Καὶ
1730 3820 1871 3890 τάχα

369 3979 417 4010 ³²
443 3978 602 4032 Rom.
636 3993 753 4040 vni,
789 3977 875 4030 15.
951 3977 997 4009 ³³
1019 3979 1140 4032 Act.
1174 3992 1227 4042 ν,
1263 3978 1354 4031 56.
1434 3980 1478 4010 “
1506 3979 1637 4033 ibid.
1684 3980 1773 4033 '57.

364 4133 478 4201 (66)
527 4132 828 4199 Speucerns
873 4133 935 4184 ad
983 4133 1304 4196 marginem,

287 4203 636 4257 Ilmsebelins
679 4204 840 4256 habet
868 4202 920 4254 in
956 4211 1129 4257 textu.

366 4273 478 4342 (67)
505 4274 803 4337 Δοσίθεος.
840 4270 974 4324 Vide
1021 4271 1275 4342 Drusum,
1330 4271 1437 4342 lib.
1472 4287 1531 4323 ιιι
1597 4271 1670 4324 De
1713 4271 1878 4322 tribus

287 4340 465 4398 sectis
505 4344 839 4404 Jurlworum,
897 4357 1014 4409 cap.
1043 4340 1078 4392 4
1110 4349 1165 4394 et
1203 4342 1257 4397 6.
1323 4358 1340 4391 ι
1399 4340 1641 4393 Fuerunt
1701 4348 1877 4391 autem

1379 4134 1664 4202 ἠπίστατο,
1735 4134 1876 4202 quod

286 4415 474 4482 plures
502 4413 873 4501 bocruom'iue,
905 4430 936 4501 »Ι
959 4420 1164 4501 (Ἀρηξιι
1185 4420 1415 4477 quatuor
1435 4419 1680 4501 rec'euset
1707 4409 1880 4476 capite
1914 4448 1956 4501 Β

290 4480 512 4552 quarto.
557 4502 575 4531 ι
612 4482 848 4536 Dosithei
887 4484 1068 4552 plures
1102 4482 1358 4543 fuerunt,
1408 4480 1702 4552 utdictnm
1739 4489 1824 4532 est
1861 4503 1872 4533 ;

289 4550 362 4606 ex
397 4554 460 4605 iis
505 4555 755 4604 vixerunt
811 4561 932 4618 post
984 4550 1110 4604 .lesu
1175 4561 1415 4614 tempora
1450 4551 1587 4613 duo;
1629 4565 1764 4618 uiuis
1811 4565 1875 4601 ex

257 4622 491 4678 Jndazis
523 4622 661 4675 ﬁlius
689 4621 788 4674 l'nit
813 4617 886 4674 Β.
917 4620 1123 4684 Jannii,
1149 4629 1202 4674 et
1239 4618 1540 4687 discipulus
1585 4619 1650 4672 Il.
1698 4617 1871 4682 Meir;

291 4691 484 4745 altere
512 4692 831 4760 Samaritis,
868 4692 958 4760 qui
1019 4700 1248 4745 conatus
1301 4689 1403 4760 l‘uit
1442 4688 1872 4760 persuadere_ci-

288 4763 452 4814 vibus
477 4763 592 4814 suis
622 4775 678 4814 se
707 4758 980 4814 Christum
1031 4775 1171 4815 esse.
1220 4759 1394 4827 IIujus
1454 4759 1701 4812 meminit
1755 4758 1876 4812 Ori-

295 4845 483 4900 genes.
523 4851 540 4880 ι
581 4831 652 4883 De
701 4829 1018 4897 posteriore,
1067 4831 1158 4900 qui
1202 4829 1652 4900 postiChristum
1719 4829 1872 4890 vixit,

293 4899 534 4968 loquitur
566 4900 844 4966 Origenes,
872 4910 1088 4955 tractat.
1127 4899 1278 4953 27in
1313 4899 1502 4952 Matth.
1536 4907 1590 4952 et
1616 4908 1745 4968 toni.
1786 4914 1874 4950 xw

293 4966 557 5023 in'Joan.
606 4987 625 5018 ‹
682 4968 791 5022 Nec
837 4985 970 5024 sane
1023 4971 1379 5035 ignorandum
1430 4978 1534 5031 est,
1593 4980 1651 5021 ut
1718 4966 1874 5021 .Iesus

292 5039 531 5105 seipsmn
563 5051 683 5092 esse
706 5054 769 5090 ex
796 5038 994 5092 Iudaeis
1021 5039 1270 5092 Messiam
1324 5039 1536 5092 dicebat
1561 5045 1614 5090 et
1645 5039 1874 5090 demon-

291 5108 526 5170 strabat,
569 5110 648 5160 sic
685 5107 991 5161 Dositheum
1041 5111 1204 5162 etiam
1261 5107 1550 5176 quemdam
1602 5107 1875 5160 exstitisse

291 5194 356 5232 ex
386 5177 776 5239 Samaritanis,
811 5177 900 5245 qui
939 5179 1172 5245 seipsnm
1207 5180 1411 5232 diceret
1466 5176 1716 5230 Messium
1753 5193 1876 5244 pro-

293 5251 581 5314 phetarum
610 5263 624 5307 ;
658 5262 723 5298 ex
749 5262 856 5309 quo
884 5261 1050 5312 usque
1099 5263 1240 5301 nunc
1276 5247 1584 5301 Dositheani
1631 5255 1777 5303 sunt.
1813 5247 1876 5295 li-

293 5319 420 5370 bros
450 5315 687 5369 Dosithei
736 5317 1214 5380 circumferentes,
1249 5327 1301 5372 et
1352 5315 1563 5368 fabulas
1615 5316 1873 5382 quasdam

293 5396 617 5440 enarrantes
647 5387 714 5439 de
748 5401 840 5445 eo.
892 5386 1113 5452 perinde
1159 5388 1309 5452 quasi
1355 5387 1442 5440 ille
1471 5399 1576 5438 non
1628 5385 1872 5451 perierit,

293 5455 386 5508 sed
447 5456 640 5510 alicubi
691 5457 742 5509 in
795 5457 894 5509 hac
945 5458 1049 5508 vita
1103 5455 1343 5523 degeret.
1399 5475 1417 5506 ι
1479 5454 1870 5516 Theodoretus,

293 5524 384 5578 lib.
417 5541 430 5578 ι
469 5525 546 5578 De
578 5529 759 5580 hauet.
817 5525 947 5593 fatu,
999 5524 1220 5591 loquens
1247 5527 1313 5579 de
1354 5524 1596 5579 Simonis
1658 5523 1870 5585 haeresi,

295 5597 369 5648 ait
401 5611 418 5650 :
461 5613 479 5645 ι
521 5596 594 5649 Ex
629 5597 727 5650 hac
757 5598 918 5648 etiam
955 5594 1292 5650 amarissima
1335 5596 1516 5649 radice
1543 5594 1718 5647 exorti
1749 5603 1872 5646 sunt

296 5664 628 5720 Dositheani.
671 5685 688 5716 ι
722 5666 983 5720 διιεκοιειι.

366 5735 473 5804 (68)
499 5737 707 5804 Σίμων.
742 5735 961 5804 Justin.,
1003 5735 1148 5791 Dial.
1189 5753 1305 5789 cum
1337 5733 1554 5806 Tryph.,
1583 5749 1703 5807 pag.
1739 5733 1862 5798 559',

1989 1907 2198 1950 constat
2252 1906 2433 1950 natum
2465 1913 2586 1952 esse
2620 1899 2824 1962 Jesum,
2853 1897 3023 1953 Judas
3050 1899 3266 1968 quidem
3306 1899 3563 1956 Galilmus

1986 2001 2013 2037 a
2046 1985 2243 2054 populo
2281 1986 2508 2041 Judaico
2551 1987 2808 2042 deficiens
2857 1987 3052 2043 multos
3097 2003 3280 2043 secum
3313 1991 3562 2056 traxit“,

1987 2088 2099 2130 tum
2129 2079 2392 2146 sapientia
2418 2095 2580 2148 quam
2619 2079 2928 2143 simulabat,
2955 2090 3066 2133 tum
3095 2083 3248 2135 novis
3281 2099 3415 2152 quas
3447 2099 3564 2137 mo-

1983 2172 2216 2225 liebatur
2259 2175 2439 2225 rebus.
2471 2171 2575 2225 Sed
2611 2182 2894 2241 postquam
2943 2171 3058 2240 ipse
3105 2173 3326 2228 sceleris
3374 2192 3564 2244 pinnas

1982 2263 2153 2329 dedit,
2193 2265 2461 2316 exstincta
2508 2263 2689 2317 statim
2730 2263 2956 2331 cstejus
3017 2261 3282 2330 doctrina,
3336 2283 3432 2321 nec
3461 2269 3558 2325 nisi

1983 2354 2121 2422 apud
2147 2369 2442 2423 perpaucos
2483 2354 2682 2407 nullius
2725 2355 2958 2409 nominis
2983 2356 3235 2412 obtinuit.
3275 2357 3403 2412 Post
3434 2357 3562 2414 Jesu

1987 2457 2227 2515 tempora
2258 2447 2426 2501 voluit
2453 2455 2508 2501 et
2539 2446 2822 2501 Dositheus
2869 2448 3088 2516 quidam
3137 2449 3407 2504 Samarita
3450 2452 3563 2506 suis

1982 2539 2308 2606 persuadere
2341 2555 2398 2592 se
2429 2554 2549 2593 esse
2577 2539 2850 2594 Christum
2909 2541 3082 2606 illum,
3135 2558 3295 2610 quem
3350 2543 3563 2615 Moyses

1983 2628 2327 2695 praedixerat,
2359 2631 2613 2698 visusque
2637 2632 3026 2688 estnonnullos
3055 2632 3154 2687 sibi
3187 2649 3281 2687 sua
3309 2635 3560 2688 doctrina

1982 2718 2292 2773 conciliare.
2350 2723 2454 2776 Sed
2508 2723 2842 2786 Gamalielis,
2872 2725 2936 2777 de
2961 2740 3069 2792 quo
3111 2725 3168 2776 Iit
3202 2727 3255 2777 in
3293 2725 3562 2791 apostolo-

1984 2825 2101 2861 run:
2138 2810 2287 2864 Aelis
2319 2815 2542 2880 mentio,
2573 2817 2789 2884 sapiens
2829 2814 3046 2867 eli‘atum
3081 2815 3328 2883 proprius
3362 2817 3446 2868 hic
3478 2827 3562 2871 est

1983 2905 2315 2955 memorandi
2347 2905 2512 2959 locus.
2548 2906 2660 2960 IIoc
2699 2908 2841 2961 enim
2895 2907 3086 2974 probat
3117 2909 3351 2961 maxime
3385 2909 3503 2963 illos
3532 2927 3561 2962 ιι

1981 2991 2340 3057 promissione
2368 2998 2594 3061 alienos,
2628 3013 2733 3052 non
2770 2997 2910 3052 lilios
2962 2997 3077 3062 Dei,
3124 3013 3227 3050 non
3262 2997 3354 3051 Dei
3397 2999 3564 3052 fuisse

1978 3095 2242 3152 virtutes,
2303 3088 2394 3141 sed
2452 3087 2635 3143 Jesum
2703 3087 2976 3143 Christum
3045 3105 3171 3142 vere
3227 3089 3316 3142 Dei
3366 3089 3562 3144 Filium

1980 3186 2162 3238 fuisse.
2197 3183 2287 3236 Sic
2315 3191 2494 3234 autem
2525 3181 2634 3234 illic
2665 3178 2928 3232 Gamaliel
2963 3198 2976 3233 :
3019 3199 3036 3232 ι
3074 3180 3128 3233 Si
3161 3191 3245 3234 est
3275 3196 3337 3233 ex
3385 3181 3561 3235 homi-

1977 3274 2138 3327 nibus
2162 3273 2446 3328 consilium
2484 3274 2606 3335 hoc,
2641 3283 2732 3324 aut
2755 3287 2912 3342 opus,
2940 3272 3348 3337 dissolvetur",
3375 3292 3392 3324 ι
3423 3273 3566 3327 sicut

1976 3378 2032 3420 et
2065 3367 2278 3418 illorum
2313 3364 2632 3418 dissolutum
2677 3375 2758 3416 est
2803 3372 2923 3432 post
2949 3379 3138 3418 eorum
3175 3365 3417 3429 obitum;
3455 3383 3472 3415 ι
3515 3365 3560 3418 si

1979 3471 2104 3508 vero
2137 3471 2199 3508 ex
2234 3455 2338 3507 Deo
2371 3466 2473 3518 est,
2506 3469 2609 3507 non
2639 3454 2887 3519 poteritis
2918 3454 3214 3508 dissolvere
3244 3455 3382 3506 hanc
3418 3453 3563 3508 illius

1979 3548 2300 3605 doctrinam.
2360 3561 2424 3597 ne
2483 3545 2616 3597 forte
2670 3555 2720 3596 et
2781 3544 2887 3598 Deo
2944 3559 3248 3611 repugnare
3309 3543 3554 3596 invenia-

1983 3637 2190 3688 nnini“.
2262 3653 2278 3685 ι
2334 3633 2814 3686 νιιιιιῐιριὸιιιιοιι
2876 3631 3064 3698 Magus
3121 3631 3390 3684 Samarita
3448 3629 3562 3684 suis

1983 3726 2205 3790 magicis
2247 3726 2458 3776 artibus
2487 3726 2748 3792 quosdam
2782 3722 3058 3789 decipere,
3090 3731 3146 3775 et
3193 3730 3318 3774 tunc
3345 3720 3560 3788 decepit

1980 3819 2229 3886 quidem;
2264 3833 2407 3869 nime
2436 3831 2564 3868 vero
2597 3831 2704 3869 non
2731 3814 2968 3866 arbitror
2999 3814 3050 3865 in
3089 3821 3197 3866 toto
3237 3811 3368 3865 orbe
3401 3825 3559 3880 repe-

1851 3979 1896 4010 ³⁸
1936 3979 2065 4032 ibid.
2099 3977 2188 4030 58.
2262 3975 2309 4005 ³⁸
2350 3975 2479 4026 ibid.
2514 3971 2606 4026 59.

1985 4131 2135 4198 Apol.
2170 4129 2225 4192 Ξ,
2263 4145 2310 4196 p.
2342 4128 2410 4181 69
2438 4127 2584 4198 etm9l
2609 4142 2634 4198 ;7
2658 4125 2822 4198 Iren.,
2843 4123 2935 4177 lib.
2969 4138 3006 4188 ι,
3035 4120 3558 4198 cap._%_;‘Te£t_ull.,

1984 4190 2161 4266 Apol”
2195 4190 2313 4266 cap.
2350 4199 2444 4261 15;
2483 4197 2703 4266 Euscb.,
2739 4194 2919 4266 lib._u,
2955 4208 3075 4258 cap.
3113 4192 3199 4266 I5_,
3251 4191 3349 4266 ιι;
3381 4190 3559 4266 Theo-

1987 4259 2125 4331 ἀοι-υ
2167 4259 2304 4321 ΙὶΙ).ἰ
2335 4267 2407 4319 De
2433 4259 2614 4317 lueret.
2648 4265 2788 4332 fab.,'
2817 4262 3113 4332 Damascw
3150 4259 3226 4313 De
3269 4260 3560 4332 hmyqticis;

1985 4329 2294 4406 Augustin.,
2345 4336 2422 4388 De
2478 4329 2706 4406 lueret._;
2758 4330 3050 4406 Ep_i_phan.,
3101 4329 3294 4406 ὴωεοξ.
3487 4331 3561 4384 De

1989 4399 2160 4461 morte
2185 4407 2300 4473 ejus
2331 4407 2451 4458 vide
2477 4403 2800 4473 Arnobium,
2833 4401 2923 4455 lib.
2957 4415 3016 4463 ιι,
3045 4415 3166 4473 pag.
3196 4399 3560 4473 50;_Clemeu-

1989 4487 2119 4538 lem,
2153 4469 2378 4528 Constit.
2405 4471 2653 4542 (lpustol.,
2690 4471 2786 4542 lib.
2819 4485 2894 4542 vi,
2930 4486 3050 4542 cap.
3087 4470 3151 4532 9;
3188 4469 3558 4542 Ambrosium,

1981 4538 2452 4608 llea‘aem.,lib.lv,
2479 4557 2593 4605 cap.
2623 4541 2684 4604 8;
2710 4540 2964 4609 Cyrillum
2982 4538 3561 4610 ,Ilierosolymitannm,

1980 4615 2252 4668 catecbes.
2289 4615 2351 4676 ιι;
2382 4613 2697 4673 Eusebium,
2732 4612 2822 4663 lib.
2849 4627 2909 4672 ιι,
2944 4626 3063 4676 cap.
3093 4610 3158 4664 Η
3185 4626 3198 4672 ;
3237 4609 3558 4676 Sulpicium,

1980 4686 2074 4740 lib.
2110 4699 2184 4748 ιι;
2225 4681 2642 4745 'I‘heodoretnm,
2697 4681 2788 4735 lib.
2829 4696 2842 4732 I
2879 4681 2952 4734 De
2999 4683 3179 4732 lm'ret.
3215 4678 3359 4746 [πίω
3391 4677 3561 4733 Isido-

1979 4770 2097 4808 rum
2146 4753 2496 4813 Pelusiotam,
2548 4751 2640 4803 lib.
2693 4768 2735 4814 ι,
2793 4751 2953 4817 epist.
3016 4750 3117 4813 13;
3175 4750 3560 4814 Auastasium,

1979 4832 2175 4891 quaest.
2234 4823 2335 4887 23;
2388 4822 2766 4891 Augustinum,
2807 4831 2963 4891 tom.
3000 4818 3186 4886 XVIII,
3237 4833 3401 4871 serm.
3431 4819 3466 4870 5
3491 4819 3562 4875 De

1981 4890 2136 4946 Petro
2165 4903 2210 4945 et
2242 4891 2431 4946 Paulo.
2485 4890 2741 4957 Quaerunt
2788 4890 2957 4954 docti,
2991 4905 3058 4942 an
3093 4891 3166 4943 illi
3201 4897 3380 4940 statua
3436 4904 3559 4943 cum

1979 4964 2080 5017 hoc
2110 4963 2265 5016 titulo
2295 4972 2473 5014 erecta
2509 4961 2693 5024 fuerit,
2757 4959 2945 5014 Smom
2975 4960 3083 5013 Deo
3124 4959 3360 5014 Sucro.
3396 4960 3562 5011 Asse-

1980 5044 2106 5085 runt
2164 5031 2432 5095 Justinus,
2493 5031 2747 5094 Irenmns,
2813 5029 3203 5094 'l'ertnllianus,
3270 5029 3558 5090 Eusebius,

1979 5103 2374 5165 Tbeodoretns,
2430 5111 2482 5154 et
2522 5099 2610 5151 alii
2647 5100 3052 5168 quampluritni.
3102 5100 3271 5153 Cerda
3312 5101 3363 5151 in
3397 5097 3560 5151 dubio

1980 5172 2255 5237 relinquit,
2287 5172 2338 5222 in
2374 5172 2513 5224 nolis
2539 5171 2604 5222 ad
2632 5168 2945 5223 Tertulliani
2990 5170 3410 5237 Apologeticunt,
3438 5182 3556 5232 cap.

1980 5242 2066 5294 15.
2095 5236 2403 5304 Ciaconius,
2431 5243 2482 5293 in
2508 5255 2692 5309 opusc.
2725 5249 2849 5294 ante
2881 5236 3560 5309 Expositionemcolumuw

1982 5311 2224 5379 Trajam',
2261 5322 2450 5378 negat;
2486 5305 2609 5362 item
2642 5308 2942 5364 Salmasius
2967 5305 3026 5360 in
3061 5309 3198 5361 notis
3225 5307 3298 5379 ad
3315 5305 3558 5379 Spartia-

1979 5373 2130 5434 num.
2168 5373 2364 5434 Verum
2424 5373 2564 5449 lege,
2612 5379 3209 5450 sirilubet,illustriss1
3264 5373 3557 5450 Barpniinn

1979 5453 2044 5503 ad
2083 5467 2210 5504 ann.
2263 5451 2350 5513 LI,
2420 5441 2570 5506 ιιιῖιιι,
2622 5449 2712 5510 55,
2771 5451 2860 5512 56,
2904 5441 3554 5519 57,58,-59,.εῑοιοιηξες.

1979 5519 2369 5574 Hammondum
2429 5521 2479 5571 in
2542 5520 2758 5571 dissert.
2807 5533 2841 5578 ι,
2873 5531 2992 5582 cap.
3024 5517 3078 5575 9.
3113 5513 3191 5567 De
3233 5513 3358 5582 jure
3396 5513 3554 5577 epiac.

1976 5600 2162 5644 contra
2221 5589 2554 5642 Blomlcllum
2594 5605 2610 5638 :
2645 5606 2662 5638 ι
2704 5587 2885 5650 Multa,
2936 5584 3144 5650 inquit,
3205 5585 3272 5636 ad
3315 5582 3556 5636 Ciacunti

1978 5659 2193 5730 (addam
2225 5675 2325 5730 ego
2356 5659 2630 5726 Salmasii)
2661 5655 3030 5730 conjecturam
3059 5651 3414 5710 vellicandam
3447 5650 3557 5705 dici

1978 5724 2226 5798 possunt,
2259 5724 2304 5782 si
2340 5730 2455 5782 ISlis
2484 5724 2825 5780 vacaremus.
2862 5743 2879 5776 ι
2921 5724 3183 5781 Sussex-zu.
