3988 6156
294 303 432 359 769
1599 301 1880 356 CONTRA
1915 302 1932 356 (

2043 300 2195 359 SUM
2233 302 2356 357 LIB.
2404 304 2439 358 1.
3495 307 3607 358 ’7⁵70

267 417 580 489 -ἀστέρας
607 456 620 478 ,
673 415 1034 487 σημαίνοντας
1133 416 1490 486 μεταστάσεις
1541 414 1826 484 βασιλειῶν
1847 456 1862 478 ,
1892 415 1928 485 ἢ

2043 415 2263 478 iusmodi
2285 429 2455 480 astra,
2481 431 2599 484 qua:
2625 424 2716 469 aut
2743 431 3036 485 regnorum
3067 415 3480 482 translationes,
3513 430 3608 474 aut

299 506 649 578 πολέμους,
678 508 710 576 ἢ
743 508 842 559 ὃσα
866 507 1091 560 δύναται
1125 507 1183 558 ἐν
1214 507 1577 578 ἀνθρωπίνοις
1631 508 1925 578 συμϐῆναι,

2043 509 2168 563 uella
2204 509 2556 578 portendunt,
2589 517 2682 560 aut
2711 507 2977 577 quidquid
3008 507 3151 562 inter
3193 507 3444 561 homines
3475 522 3607 560 con-

299 601 524 650 σεῖσαι
569 596 638 650 τὰ
687 599 779 651 ἐπὶ
827 597 930 667 γῆς
967 597 1260 668 δυνάμενα.
1321 598 1658 669 Ἀνέγνωμεν
1688 599 1732 651 δ’
1757 601 1816 652 ὲν
1852 600 1929 669 τῷ

2043 602 2242 671 tingere
2267 610 2443 670 potest
2476 609 2530 654 et
2562 617 2650 654 res
2679 603 2946 654 humanas
2997 609 3315 654 concutere.
3344 598 3606 666 Legimus

298 689 482 757 Περὶ
520 689 796 758 κομητῶν
849 691 1194 761 Χαιρήμονος
1238 690 1348 762 (72)
1383 689 1475 743 τοῦ
1503 690 1741 744 Στωϊκοῦ
1801 708 1930 760 συγ-

2043 703 2210 746 autem
2266 693 2320 746 in
2363 691 2737 747 Chaeremonis
2793 691 2960 746 Stoici
3023 692 3208 747 libello
3269 691 3350 746 De
3389 693 3608 745 cometis

296 779 636 850 γράμματι
673 819 688 844 ,
739 780 858 834 τίνα
900 781 1098 850 τρόπον
1129 781 1240 834 ἔσθ’
1266 824 1275 828 .
1297 783 1385 834 ὅτε
1417 781 1510 834 καὶ
1539 782 1630 834 ἐπὶ
1671 785 1930 852 χρηστοῖς

2043 784 2486 854 quemadmodum
2515 786 2835 838 exoriantur
2861 784 3159 852 aliquando
3186 792 3413 837 cometae
3439 784 3604 837 etiam

298 872 624 943 ἐσομένοις
655 872 888 942 κομῆται
913 872 1214 936 ἀνέτειλαν,
1241 873 1332 924 καὶ
1370 872 1643 926 ἐκτίθεται
1671 875 1770 944 τὴν
1803 873 1929 944 περὶ

2043 889 2214 928 rerum
2241 875 2453 927 utilium
2481 875 2813 942 praenuntii;
2842 875 3002 944 idque
3022 874 3281 944 exemplis
3300 873 3603 928 confirmat.

299 961 551 1016 τούτων
577 963 848 1032 Δἱστορίαν.
874 963 1046 1035 Εἴπερ
1066 960 1158 1017 οὖν
1191 964 1282 1016 ἐπὶ
1321 963 1618 1033 βασιλείαις
1649 968 1862 1021 καιναῖς
1893 965 1926 1036 ἢ

2043 965 2088 1019 Si
2120 980 2250 1034 ergo
2277 964 2342 1018 ad
2375 980 2664 1034 regnorum
2696 967 3015 1020 novationes
3039 966 3244 1019 aliosve
3275 963 3441 1034 374¹
3469 964 3606 1018 insi-

302 1051 526 1116 ἄλλοις
553 1053 808 1123 μεγάλοις
837 1053 949 1124 (75)
981 1054 1378 1124 συμπτώμασιν
1407 1056 1498 1108 ἐπὶ
1523 1056 1626 1131 γῆς
1653 1055 1929 1109 ἀνατέλλει

2043 1071 2164 1127 goes
2179 1071 2339 1111 casus
2351 1065 2558 1110 cometa
2580 1055 2797 1109 aliudve
2811 1056 2986 1109 simile
3004 1057 3153 1110 sidus
3167 1057 3453 1119 excitatur;
3475 1055 3607 1123 quid

299 1148 340 1199 ὁ
367 1147 728 1218 καλούμενος
748 1150 1014 1219 κομήτης,
1030 1149 1062 1218 ἦ
1079 1165 1162 1212 τις
1183 1149 1290 1201 τῶν
1317 1149 1712 1220 παραπλησίων
1733 1149 1925 1220 ἀστήρ·

2043 1150 2248 1215 mirum,
2268 1158 2527 1203 nascente
2549 1148 2660 1213 illo,
2679 1148 2769 1216 qui
2788 1162 2924 1200 nova
2953 1149 3094 1200 inter
3119 1148 3366 1202 homines
3391 1148 3609 1203 molitur

305 1235 373 1288 τί
411 1237 740 1307 θαυμαστὸν
769 1237 862 1289 ἐπὶ
889 1241 954 1307 τῇ
984 1237 1194 1304 γενέσει
1214 1237 1306 1290 τοῦ
1337 1241 1679 1308 καινοτομεῖν
1713 1237 1929 1308 μέλλον-

2043 1256 2160 1305 rus,
2191 1254 2455 1308 suamque
2489 1239 2792 1291 doctrinam
2819 1252 2926 1290 non
2959 1239 3098 1305 apud
3126 1237 3342 1292 Judaeos
3373 1247 3606 1302 tantum,

304 1343 422 1390 τος
461 1328 526 1378 ὲν
558 1325 636 1397 τῷ
671 1326 818 1395 γένει
851 1326 960 1379 τῶν
1027 1325 1331 1396 ἀνθρώπιον
1363 1367 1377 1391 ,
1442 1327 1536 1380 καὶ
1589 1327 1931 1380 διδασκαλίαν

2043 1330 2125 1382 sed
2151 1328 2314 1381 etiam
2340 1328 2480 1397 apud
2497 1327 2722 1381 Graecos
2747 1326 3052 1392 mult-asque
3071 1327 3336 1379 barbaras
3359 1325 3608 1378 nationes

307 1417 662 1485 ἐπεισάγειν
704 1419 763 1469 οὐ
796 1418 956 1488 μόνον
1002 1417 1313 1481 Ἰουδαίοις,
1369 1417 1504 1470 ἀλλά
1533 1417 1626 1469 καὶ
1657 1416 1880 1486 Ἕλλησι
1914 1458 1927 1480 ,

2043 1419 2444 1488 pervulgalurus
2475 1425 2594 1472 erat
2617 1457 2632 1481 ,
2682 1416 2896 1471 stellam
2933 1425 3181 1470 exortam
3208 1416 3368 1469 esse?
3407 1416 3488 1469 Ac
3529 1418 3606 1497 .de

2033 1509 2502 1578 cometisquidem
2533 1509 2760 1564 dixerim
2797 1509 3004 1563 nullum
3045 1508 3386 1563 circumferri
3417 1511 3610 1563 vatici—

2034 1603 2182 1656 nium
2223 1602 2365 1670 quod
2398 1616 2528 1671 erga
2561 1602 2663 1655 hoc
2692 1613 2784 1656 aut
2817 1602 2948 1656 illud
2991 1617 3213 1671 regnum
3245 1603 3348 1656 hoc
3379 1601 3464 1656 vel
3517 1603 3610 1655 illo

2037 1701 2284 1761 tempore
2317 1692 2585 1746 oriturum
2624 1707 2744 1746 esse
2795 1702 3068 1747 cometam
3121 1692 3432 1761 significet;
3466 1693 3609 1759 quod

2041 1799 2165 1839 vero
2212 1785 2264 1839 in
2313 1794 2434 1838 ortu
2491 1783 2618 1838 Jesu
2671 1785 2824 1840 sidus
2877 1784 3164 1852 apparuit,
3215 1783 3344 1838 illud
3387 1782 3607 1836 Balaam

2038 1875 2386 1945 praedixerat.
2424 1875 2516 1930 Sic
2560 1877 2702 1930 enim
2749 1875 2795 1930 is
2828 1878 2968 1944 apud
2999 1875 3275 1946 Moysem:
3333 1894 3352 1926 ‹
3389 1875 3611 1930 Orieiur

2039 1969 2202 2023 stella
2250 1983 2316 2021 ex
2348 1967 2548 2030 Jacob,
2614 1976 2671 2022 et
2701 1976 2996 2034 consurget
3031 1969 3116 2020 vir
3148 1967 3215 2022 de
3247 1966 3411 2021 Israel
3461 1967 3530 2019 ³⁸.
3586 1986 3606 2018 ι

2039 2060 2191 2126 Quod
2222 2060 2266 2114 si
2293 2059 2599 2114 examinari
2629 2067 2848 2128 oportet
2875 2067 2929 2112 et
2953 2074 3014 2112 ea
3043 2075 3165 2126 qua:
3190 2059 3256 2113 de
3288 2059 3458 2128 magis
3481 2057 3613 2112 Stoi-

2040 2151 2203 2218 laque
2233 2151 2303 2204 ab
2329 2149 2436 2204 illis
2466 2158 2726 2203 nascente
2749 2147 2876 2202 Jesu
2902 2157 3194 2218 conspecta
3224 2150 3428 2218 scripta
3462 2160 3609 2213 sunt,

2039 2243 2146 2297 alio
2171 2259 2295 2297 cum
2327 2241 2553 2306 Graecis,
2587 2240 2696 2295 alio
2726 2256 2848 2296 cum
2878 2239 3083 2295 Iudaeis
3111 2255 3363 2296 sermone
3393 2251 3535 2295 utar.

313 1509 568 1572 πολλοῖς
592 1508 648 1561 δὲ
677 1510 791 1570 τοῖς
825 1508 1114 1579 βαρϐάρων
1144 1508 1372 1572 ἔθνεσιν,
1408 1507 1612 1577 ἀστέρα
1642 1506 1933 1559 ἀνατεταλ-

312 1599 536 1664 κέναις
571 1598 712 1668 Ἐγὼ
729 1598 775 1650 δ’
799 1598 1007 1670 εἴποιμ’
1038 1598 1125 1662 ἂν,
1155 1599 1236 1652 ὃτι
1268 1599 1397 1670 περί
1422 1599 1519 1670 μὲν
1539 1599 1647 1652 τῶν
1676 1598 1932 1669 κομητῶν

313 1690 572 1761 οὐδεμία
590 1691 896 1761 προφητεία
924 1690 1166 1762 φέρεται,
1188 1691 1263 1755 ὡς
1279 1692 1358 1744 ὅτι
1380 1690 1521 1744 κατὰ
1539 1690 1692 1762 τὴνδε
1721 1691 1820 1761 τὴν
1840 1690 1934 1760 βα-

319 1783 556 1836 σιλείαν
585 1783 618 1852 ἢ
649 1782 837 1836 τούσδε
863 1783 991 1844 τοὺς
1019 1785 1243 1854 χρόνους
1283 1783 1560 1837 ἀνατέλλει
1587 1783 1697 1853 (74)
1728 1783 1932 1836 τοιόσδε

321 1877 616 1946 κομήτης
640 1893 706 1929 πε
716 1877 767 1946 pl.
785 1875 842 1928 δὲ
863 1874 954 1928 τοῦ
971 1877 1064 1928 ἐπὶ
1083 1879 1149 1946 τῇ
1171 1875 1381 1944 γενέσει
1408 1875 1500 1928 τοῦ
1518 1874 1692 1945 Ἰησοῦ
1725 1875 1934 1928 ἀνατεί-

321 1967 540 2030 λαντος
557 1967 925 2037 προεφήτευσε
940 1966 1168 2036 Βαλαὰμ
1186 1966 1378 2034 λέγων,
1395 1968 1465 2030 ὡς
1487 1967 1760 2037 ἀνέγραψε
1778 1969 1935 2021 Μωῦ-

327 2057 452 2128 σῆς
475 2074 488 2087 ο
533 2076 549 2107 ι
575 2056 844 2110 Ἀνατελεί
871 2057 1066 2128 ἄστρον
1098 2057 1158 2121 ἐξ
1195 2057 1408 2123 Ἰακὼϐ,
1442 2059 1534 2111 καὶ
1567 2061 1929 2128 ἀναστήσεται

329 2148 638 2219 ἄνθρωπος
666 2147 724 2212 ἐξ
754 2148 986 2219 Ἰσραήλ.
1013 2167 1036 2199 ›
1061 2150 1123 2201 Ei
1154 2148 1208 2201 δὲ
1239 2147 1419 2219 δεήσει
1451 2149 1545 2200 καὶ
1575 2147 1644 2199 τὰ
1669 2149 1797 2218 περὶ
1823 2147 1931 2200 τῶν

332 2240 544 2310 μάγων
559 2240 937 2311 ἀναγραφέντα
957 2240 1047 2292 ἐπὶ
1062 2242 1128 2310 τῇ
1151 2239 1364 2308 γενέσει
1383 2239 1477 2292 τοῦ
1507 2239 1701 2310 Ἰησοῦ,
1727 2240 1818 2293 καὶ
1839 2239 1931 2292 τοῦ

334 2324 531 2399 ὦφθαι
550 2330 640 2383 τὸν
670 2331 876 2402 ἀστέρα
897 2330 1166 2395 ἐξετάσαι,
1183 2330 1407 2382 τοιαῦτα
1428 2329 1491 2383 ἂν
1517 2330 1785 2400 εἴποιμεν,
1813 2330 1937 2384 τινὰ

341 2422 455 2493 μὲν
488 2422 625 2492 πρὸς
657 2422 940 2492 Ἕλληνας,
975 2423 1105 2476 ἄλλα
1125 2422 1181 2473 δὲ
1211 2422 1346 2492 πρὸς
1386 2421 1688 2485 Ἰουδαίους.

426 2514 570 2583 Πρὸς
603 2514 698 2582 μὲν
727 2509 818 2565 οὖν
855 2512 1141 2582 Ἕλληνας,
1169 2511 1250 2563 ὅτι
1289 2512 1487 2580 μάγοι,
1533 2512 1783 2580 δαίμοσιν
1815 2513 1936 2581 ὁμι-

341 2601 595 2665 λοῦντες,
631 2604 725 2654 κα)⁴
766 2602 989 2665 τούτους
1023 2605 1105 2672 ἐφ’
1138 2601 1174 2654 ἃ
1211 2600 1563 2671 μεμαθήκασι
1599 2603 1690 2653 καὶ
1727 2601 1936 2669 βούλον-

344 2711 450 2746 ται
481 2691 771 2756 καλοῦντας
800 2732 814 2756 ,
846 2693 1058 2745 ποιοῦσι
1094 2693 1192 2763 μὲν
1219 2693 1279 2744 τὸ
1335 2679 1616 2758 τοιοῦτον,
1669 2692 1791 2743 ὅσον
1823 2691 1934 2762 (75)

349 2783 509 2837 οὐδὲν
543 2782 808 2854 θειότερον
841 2784 934 2836 καὶ
965 2784 1310 2854 ἰσχυρότερον
1341 2767 1450 2836 τῶν
1481 2783 1748 2853 δαιμόνων
1773 2825 1786 2846 ,
1842 2784 1937 2836 καί¹

1970 1750 2008 1802 Β

2111 2501 2202 2557 60.
2238 2501 2440 2557 Graecis
2473 2500 2694 2570 quidem
2737 2499 2942 2564 dicam,
2974 2512 3162 2567 magos
3191 2499 3286 2566 qui
3351 2513 3477 2552 cum
3507 2499 3613 2553 dae-

2041 2595 2237 2648 moniis
2265 2593 2656 2649 commercium
2707 2592 2930 2655 habent,
2963 2591 3165 2659 quique
3197 2591 3284 2643 illa
3312 2591 3379 2645 ad
3402 2605 3465 2645 ea
3493 2606 3614 2659 qua:

2044 2683 2232 2738 volunt
2261 2684 2412 2754 juxta
2452 2697 2545 2736 eas
2581 2697 2715 2752 quas
2769 2682 3079 2736 didicerunt
3117 2683 3253 2736 artis
3304 2696 3415 2736 suae
3468 2683 3614 2754 leges

2045 2775 2330 2838 advocant,
2365 2774 2418 2827 id
2455 2774 2633 2843 ipsum
2661 2771 2898 2838 ellieere,
2931 2775 3167 2840 quandiu
3193 2773 3329 2826 nihil
3356 2774 3612 2839 divinius,

347 2874 460 2944 τῆς
490 2873 759 2943 καλούσης
787 2874 983 2936 αὐτοὺς
1012 2873 1246 2943 ἐπῳδῆς,
1269 2875 1610 2942 ἐπιφαίνεται
1637 2874 1667 2944 ἢ
1697 2875 1931 2942 λέγεται·

351 2963 453 3017 ἐὰν
479 2965 535 3016 δὲ
563 2963 808 3034 θειοτέρα
841 2981 925 3026 τις
954 2965 1244 3032 ἐπιφάνεια
1273 2965 1518 3033 γένηται,
1552 2964 1936 3036 καθαιροῦνται

351 3057 415 3108 αἰ
446 3055 552 3110 τῶν
578 3055 846 3125 δαιμόνων
877 3056 1144 3126 ἐνέργειαι
1188 3056 1260 3128 μή
1293 3055 1590 3126 δυνάμεναι
1620 3057 1934 3126 ἀντιϐλέψαι

351 3147 436 3217 τῷ
461 3149 558 3217 τῆς
590 3147 850 3218 Θεότητος
893 3147 1051 3217 φωτί.
1083 3147 1244 3209 Είκδς
1271 3143 1363 3199 οὖν
1393 3148 1486 3199 καὶ
1511 3145 1653 3200 κατά
1704 3148 1804 3218 τὴν
1840 3148 1933 3200 τοῦ
1963 3172 2009 3234 c

369 3239 544 3309 Ἰησοῦ
578 3240 788 3306 γένεσιν
811 3279 826 3304 ,
861 3239 982 3292 ἐπεὶ
1010 3238 1208 3309 πλῆθος
1238 3239 1498 3309 στρατιᾶς
1524 3238 1776 3308 οὐρανίου
1813 3237 1832 3309 (
1858 3240 1934 3302 ὡς

352 3331 386 3382 ὁ
415 3331 627 3394 Λουκᾶς
647 3330 941 3401 ἀνέγραψε,
973 3329 1126 3398 κάγὼ
1161 3329 1438 3400 πείθομαι)
1459 3329 1616 3400 ᾔνεσε
1653 3330 1742 3382 τὸν
1779 3329 1930 3394 Θεὸν,

353 3423 454 3476 καὶ
486 3421 638 3490 ἔλεγε
659 3438 672 3453 ·
715 3441 733 3473 ι
771 3421 907 3485 Δόξα
936 3423 993 3474 ὲν
1024 3421 1267 3489 ὑψίστοις
1297 3421 1415 3491 Θεῷ
1437 3459 1452 3483 ,
1483 3421 1576 3474 καί¹
1602 3422 1694 3474 ἐπὶ
1726 3421 1830 3491 γῆς
1858 3423 1935 3473 εἰ-

356 3512 521 3584 ρήνη,
552 3515 608 3565 ὲν
631 3510 933 3583 ἀνθρώποις
964 3511 1186 3563 εὐδοκία
1209 3526 1221 3542 ο
1258 3530 1275 3560 ι
1313 3509 1399 3563 διὰ
1421 3509 1582 3562 τοῦτο
1609 3511 1658 3562 οἰ
1685 3510 1936 3581 δαίμονες

351 3603 627 3674 ἠτόνησαν
682 3604 776 3656 καὶ
833 3602 1214 3674 ἐξησθένησαν,
1246 3602 1592 3673 ἐλεγχθείσης
1633 3601 1808 3654 αὐτῶν
1836 3603 1935 3671 τῆς

352 3697 632 3764 γοητείας,
664 3695 758 3748 καὶ
785 3695 1175 3763 καταλυθείσης
1219 3695 1316 3764 τῆς
1344 3694 1621 3764 ἐνεργείας
1643 3709 1657 3722 ⁸
1685 3695 1746 3745 οὐ
1779 3694 1936 3763 μόνον

354 3788 466 3841 ὑπὸ
492 3787 601 3840 τῶν
633 3787 1080 3858 ἐπιδημησάντων
1115 3784 1224 3858 (76)
1254 3785 1332 3856 τῷ
1363 3786 1626 3856 περιγείῳ
1652 3785 1804 3856 τόπῳ
1832 3787 1934 3853 ἀγ-

355 3880 534 3950 γέλων
581 3880 669 3933 διὰ
696 3882 795 3952 τὴν
838 3879 1014 3950 Ἰησοῦ
1067 3879 1277 3947 γένεσιν
1311 3878 1728 3952 καθαιρεθέντες
1751 3918 1764 3942 ,
1802 3877 1936 3930 ἀλλά

356 3973 455 4026 κα)⁵
483 3973 587 4026 ὑπὸ
615 3972 714 4042 τῆς
744 3971 925 4042 ἰσχύος
973 3971 1082 4041 (77)
1110 3971 1204 4023 τοῦ
1245 3969 1419 4040 Ἰησοῦ
1450 3971 1542 4023 καὶ
1571 3971 1671 4040 τῆς
1699 3973 1755 4023 ὲν
1788 3969 1937 4041 αύτῷ

359 4066 655 4136 θειότητος.
686 4065 749 4117 Ol.
776 4063 957 4116 τοίνυν
990 4062 1153 4132 μάγοι
1185 4061 1254 4114 τὰ
1286 4061 1486 4132 συνήθη
1528 4062 1790 4132 πράττειν
1847 4061 1937 4114 θέα

357 4160 560 4222 λοντες,
593 4159 737 4228 ἅπερ
765 4157 1030 4228 πρότερον
1055 4155 1144 4208 διά
1168 4172 1328 4208 τινων
1357 4155 1579 4226 ἐπῳδῶν
1608 4155 1701 4207 καὶ
1727 4172 1938 4225 μαγγα-

359 4249 518 4305 νειῶν
547 4250 760 4304 ἐποίουν
784 4289 798 4313 ,
827 4246 1097 4320 ἐζήτησαν
1123 4246 1220 4318 τὴν
1254 4246 1432 4299 αἰτίαν
1452 4285 1466 4308 ,
1503 4245 1741 4316 μεγάλην
1769 4246 1937 4317 αὐτὴν

359 4339 501 4397 εἶναι
551 4342 972 4415 τεκμαιρόμενοι
995 4357 1008 4369 ·
1063 4340 1159 4393 καὶ
1195 4339 1391 4402 ἰδόντες
1425 4337 1717 4408 θεοσημίαν
1765 4341 1821 4390 ὲν
1852 4338 1938 4390 οὐ·

364 4434 549 4507 ρανῷ,
591 4435 872 4487 ἐϐούλοντο
919 4432 980 4485 τὺ
1010 4431 1404 4502 σημαινόμενον
1450 4429 1543 4482 ἀπ’
1577 4429 1748 4499 αὐτῆς
1791 4429 1935 4482 ἰδεῖν.

2043 2865 2289 2933 nihilque
2313 2864 2645 2920 daemonibus
2683 2874 2775 2917 aut
2797 2873 3059 2917 evocante
3091 2863 3213 2919 illos
3245 2865 3614 2920 iucautatione

1977 2971 1985 2980 ‘
2042 2956 2238 3012 fortius
2267 2964 2360 3009 aut
2393 2965 2620 3024 apparet
2664 2966 2758 3008 aut
2787 2956 3136 3021 nominatur;
3183 2955 3266 3008 sin
3301 2966 3479 3010 autem
3514 2957 3614 3011 ali-

2040 3063 2148 3118 qua
2178 3062 2299 3102 sese
2329 3047 2408 3101 vis
2437 3047 2675 3101 divinior
2704 3046 2930 3112 exserit,
2963 3047 3354 3102 dzmnoniorum
3380 3047 3614 3100 virtutes

2049 3138 2415 3208 pessumdari,
2452 3152 2552 3190 nec
2583 3136 2894 3192 Divinitatis
2928 3152 3086 3205 posse
3121 3137 3395 3192 sustinere
3424 3137 3612 3206 Splen-

2039 3232 2248 3286 dorem.
2289 3227 2593 3282 Verisimile
2626 3242 2754 3296 ergo
2809 3238 2894 3284 est
2939 3244 3060 3282 cum
3116 3241 3277 3283 natus
3315 3239 3400 3285 est
3433 3228 3613 3295 Jesus,

2039 3323 2300 3392 quoniam
2325 3320 2612 3376 multitudo
2637 3320 2842 3374 militiae
2860 3321 3121 3384 caelestis.
3147 3333 3204 3376 ut
3235 3323 3407 3378 Lucas
3430 3333 3615 3376 narrat

2045 3425 2099 3469 et
2128 3429 2231 3484 ego
2259 3414 2445 3479 credo,
2469 3411 2710 3466 laudavit
2739 3412 2906 3466 Deum
2937 3413 3019 3466 his
3045 3413 3224 3467 verbis
3249 3430 3264 3466 :
3304 3433 3322 3465 ι
3350 3413 3534 3467 Gloria
3561 3414 3614 3467 in

2041 3505 2272 3559 excelsis
2305 3505 2432 3566 Deo,
2461 3503 2590 3556 etin
2622 3511 2764 3555 terra
2787 3517 2912 3569 pax,
2943 3503 2996 3554 in
3023 3503 3333 3557 hominibus
3354 3504 3495 3557 bona
3520 3519 3616 3555 vo-

2044 3597 2305 3662 luntas”,
2331 3615 2350 3648 ι
2370 3605 2660 3664 propterea
2678 3593 3068 3647 daemoniorum
3086 3594 3230 3647 vires
3246 3603 3300 3647 et
3318 3595 3613 3661 potentiam

2050 3688 2337 3752 defecisse,
2359 3684 2715 3755 deprehensis
2737 3699 2923 3738 eorum
2945 3684 3257 3755 praestigiis,
3284 3693 3340 3738 et
3364 3685 3517 3739 irrita
3536 3685 3617 3739 fa-

2043 3791 2134 3836 cta
2164 3781 2385 3834 virtute.
2420 3779 2602 3849 Atque
2629 3779 2679 3832 id
2701 3776 2880 3833 effecit
2904 3793 3011 3832 non
3033 3779 3194 3832 modo
3215 3779 3527 3848 angelorum
3547 3779 3615 3832 ad

2043 3871 2161 3926 loca
2187 3880 2346 3926 terrae
2363 3870 2542 3924 vicina
2571 3878 2793 3938 propter
2810 3866 2937 3922 Jesu
2961 3867 3304 3922 nativitatem
3325 3868 3614 3934 adventus,

2043 3965 2135 4020 sed
2151 3972 2205 4019 et
2225 3963 2399 4040 virtus
2419 3960 2569 4026 Jesu,
2585 3969 2639 4014 et
2659 3975 2777 4028 quae
2800 3961 2852 4014 in
2879 3959 2971 4014 illo
2990 3968 3112 4014 erat
3131 3958 3404 4015 divinitas.
3432 3959 3617 4030 Itaque

2044 4057 2209 4127 magi,
2242 4071 2365 4110 cum
2399 4052 2579 4108 facere
2614 4051 2822 4107 frustra
2854 4061 3156 4106 tentassent
3179 4065 3299 4120 quae
3333 4051 3485 4120 prius
3518 4066 3617 4120 per

2045 4149 2443 4204 incantationes
2492 4159 2803 4213 arcanaque
2857 4145 3063 4214 magica
3095 4143 3275 4198 facere
3323 4143 3614 4205 solebant,

2044 4240 2207 4306 hujus
2241 4239 2316 4293 rei
2341 4251 2581 4299 causam,
2617 4250 2722 4288 non
2759 4233 3036 4302 vulgarem
3065 4247 3187 4286 esse
3221 4231 3614 4301 conjicientes,

2045 4331 2413 4401 quaesierunt;
2447 4337 2501 4379 et
2528 4326 2646 4379 viso
2673 4326 2726 4380 in
2765 4325 2917 4378 caelis
2952 4323 3219 4392 prodigio,
3253 4323 3440 4377 videre
3471 4323 3618 4389 quod

2047 4423 2139 4478 illo
2164 4420 2572 4490 significabatur
2595 4418 2906 4472 voluerunt.
2941 4414 3032 4468 Sic
3057 4429 3190 4483 ergo
3219 4412 3351 4467 mihi
3377 4412 3614 4466 videtur:

361 4503 521 4583 Δοκεῖ
553 4546 642 4601 μοι
672 4523 787 4592 οὖν,
817 4528 898 4580 ὅτι
926 4525 1139 4596 ἔχοντες
1180 4523 1273 4577 τοῦ
1322 4521 1549 4592 Βαλαὰμ
1584 4521 1718 4593 (78),
1745 4521 1812 4586 ἃς
1857 4522 1932 4576 κα

2057 4531 2178 4571 cum
2215 4511 2453 4567 Balaami
2491 4509 2581 4580 qui
2614 4518 2668 4564 et
2705 4508 2820 4576 ipse
2867 4507 3056 4560 harum
3094 4505 3293 4559 artiqu
3353 4503 3619 4572 peritissi-

435 4647 480 4678 ³⁸
501 4644 662 4711 Num.
709 4659 857 4706 xxiv,
885 4642 970 4696 l7.
1047 4639 1090 4672 θ’
1124 4638 1253 4692 Luc.
1282 4653 1343 4700 ιι.
1383 4636 1470 4690 15.

436 4769 548 4841 (72)
576 4765 964 4841 Χαιρήμογος.
1001 4761 1462 4841 ρειριιιιιιειιιοιιθ
1515 4758 1634 4836 vide
1681 4755 1928 4814 Vossium

368 4824 464 4892 lib‘.
495 4824 557 4902 ιί,
586 4824 964 4904 εορῖιιῖριιὶωρ
991 4831 1067 4884 De
1093 4829 1358 4904 historicis
1395 4824 1610 4880 Graecis.
1630 4896 1660 4904 __
1696 4895 1708 4904 _
1861 4853 1864 4855 λ

388 4924 394 4932 ν
443 4895 556 5029 με)
580 4895 893 4974 Μέτάλὸις.
927 4902 1087 4956 Deest
1119 4899 1171 4951 iu
1203 4898 1356 4950 libris
1386 4907 1544 4951 antea
1579 4895 1783 4960 editis,
1838 4896 1930 4949 sed

369 4980 437 5034 ha
463 4985 600 5028 retur
632 4977 683 5027 in
714 4990 840 5026 mss.
873 4971 1040 5034 Regio
1073 4977 1125 5021 el
1162 4967 1482 5020 Basileensi.
1834 5033 1839 5034 γ

463 4985 600 5028 retur
632 4983 683 5027 in
714 4990 840 5026 mss.
873 4983 1040 5028 nemo
1073 4983 1125 5021 el
1162 4983 1482 5020 uasueeusr.

389 4986 600 5034 labetur
632 4991 683 5027 tn
714 4990 840 5026 mss.
873 4986 1040 5040 Hegio
1073 4986 1125 5021 et
1162 4986 1482 5020 uasueeusr.

439 5045 552 5113 (71)
600 5041 961 5113 Ἀνατέλλεα
1000 5039 1359 5113 Scribendum
1414 5033 1931 5113 videturﬁyats-its'i.

465 5103 546 5169 75'
565 5114 634 5168 Τὸ
667 5111 962 5170 τοιοῦτον,
990 5109 1158 5162 ὅσον.
1186 5106 1381 5162 Guieto
1411 5103 1758 5159 scribendum
1790 5105 1938 5155 vidc-

370 5179 486 5248 tur,
518 5184 577 5236 τὸ
609 5180 868 5241 τοιοῦτον,
903 5179 987 5248 ἐφ’
1015 5179 1213 5248 ὅσονεμ
1363 5200 1373 5206 -·

438 5241 1131 5325 (76)γἘπιδημηο-ιξντωιςἶ
1157 5245 1249 5325 Sic
1273 5257 1462 5325 omnes
1498 5241 1660 5325 codd.
1695 5249 1938 5325 mss.'at-

368 5311 474 5396 qu‘e
505 5311 674 5396 etiam
707 5311 1036 5396 ininargine
1077 5315 1208 5368 libb.
1257 5315 1386 5368 editi
1420 5313 1510 5380 qui
1545 5313 1596 5362 in
1651 5321 1798 5363 textu
1841 5311 1940 5363 lm-

367 5386 521 5455 lient,
554 5386 989 5461 ἐπιδημούντων...
1122 5454 1135 5461 _
1226 5451 1238 5461 .
1345 5450 1422 5461 η
1677 5448 1688 5461 1
1759 5447 1770 5461 _
1855 5449 1880 5459 η

441 5447 553 5533 (77)
580 5447 864 5533 ϐοαίίίἶρς.
885 5467 935 5533 ο(
957 5451 1323 5533 Βξς.,.ἰσχύος.
1345 5450 1462 5529 Ιλὶἰιζ
1485 5463 1612 5533 vero
1625 5447 1940 5533 annonas

438 5518 549 5604 (‘78),
568 5530 734 5604 ᾼοκεὶ
747 5518 848 5604 μοὶ
866 5521 977 5604 οὖν
994 5523 1080 5576 ὅτι
1099 5518 1342 5604 ἔχοντες
1360 5518 1836 5604 τοῦὶῃαλίις“ιμ,.άς
1849 5520 1943 5604 κῆ)

370 5589 628 5670 Μώῢόνῆς
664 5589 995 5670 ἀνέγραψε,
1030 5593 1420 5670 προφητείας.ζ
1445 5590 1725 5670 Qt‘igenes.
1756 5589 1940 5670 liom'il.

375 5677 442 5727 15
464 5675 514 5727 in
540 5659 698 5728 Nam.
721 5687 736 5726 :
761 5659 908 5723 «'Sia
935 5659 1138 5740 Moyse,
1151 5659 1357 5730 inquit,
1383 5659 1623 5712 Balaami
1643 5661 1942 5740 prephetiae

374 5745 590 5798 insertae
616 5751 744 5797 sunt
773 5741 824 5794 in
854 5732 1040 5795 sacros
1075 5735 1262 5800 libros,
1298 5742 1503 5800 quanto
1532 5732 1699 5798 magis
1729 5732 1938 5784 descri-

2039 4761 2143 4824 ptae
2179 4754 2306 4803 sunt
2367 4742 2434 4824 ab
2492 4741 2562 4795 iis
2615 4739 2704 4808 qui
2756 4733 3617 4824 habitabant“tnncwllesopota-

2042 4804 2230 4880 Enim,
2266 4815 2407 4885 apud
2442 4825 2580 4885 quos
2633 4804 2954 4885 inagnifieus
3012 4805 3314 4885 habebatur
3368 4804 3612 4885 Balaam,

2041 4875 2602 4958 quosque'artis'ejus
2630 4875 2849 4931 constat
2873 4875 3381 4958 fuissedise‘ipulos.
3402 4875 3490 4956 Ἐκ
3523 4877 3616 4929 illo

2043 4945 2217 5016 fertur
2242 4955 2475 5022 denique
2505 4945 2780 5022 magorum
2809 4961 2982 5022 genus
3009 4956 3062 4997 et
3089 4945 3381 5022 institutio
3401 4945 3452 4998 in
3484 4961 3614 5013 par-

2047 5013 2192 5084 iibus
2225 5013 2468 5080 Orientis
2517 5013 2723 5088 vig'ere.
2761 5037 2779 5069 ι
2813 5013 2893 5088 Ad
2929 5017 3050 5088 haec
3090 5013 3319 5088 fortasse
3370 5015 3485 5068 loca
3516 5029 3612 5088 re-

2048 5083 2224 5169 spexit
2255 5083 2666 5169 auc_tor_0_pe'ris_
2696 5086 2985 5169 imperfeci'i
3033 5086 3087 5138 in
3123 5083 3431 5166 Mutthwum
3457 5125 3470 5147 ,
3514 5084 3612 5136 lio--

2049 5156 2162 5222 mil.
2189 5167 2261 5219 2:
2298 5184 2315 5215 ι
2344 5163 2494 5230 Legi,
2521 5156 2716 5230 inquit,
2740 5164 2876 5226 apud
2906 5157 3138 5230 aliquem
3166 5169 3351 5230 magos
3386 5156 3517 5206 istos
3531 5167 3615 5230 ἐκ

2046 5221 2201 5290 libris
2250 5221 2824 5301 Balaamdivinaloris
2873 5221 3201 5301 appariturae
3251 5221 3406 5301 hujus
3444 5221 3614 5301 stellae

2049 5307 2329 5360 scientiam
2367 5300 2664 5367 accepisse,
2691 5298 2844 5361 cuius
2872 5297 3132 5367 divinatio
3159 5295 3448 5367 po_sita_est
3473 5303 3528 5342 et
3557 5295 3610 5342 in

2056 5376 2227 5430 Veteri
2263 5361 2648 5426 Testamento:
2685 5367 2899 5421 Orielur
2935 5365 3084 5418 slel'a
3119 5377 3181 5414 ea:
3203 5361 3368 5411 .lncob
3394 5397 3409 5423 ,
3441 5370 3487 5412 et
3521 5376 3614 5410 err-

2051 5456 2221 5514 surget
2259 5445 2413 5496 homo
2443 5455 2508 5492 ea:
2535 5437 2728 5500 Israel,
2762 5448 2809 5490 el
2835 5432 3196 5514 dominabitur
3224 5431 3460 5514 muniunt
3489 5445 3613 5514 μευ-

2239 5495 2560 5567 »γνϐωιοιυιιι
2609 5495 2804 5570 verba,
2833 5500 3107 5571 ἀνα-τελεῖ
3144 5500 3355 5571 -ἅστρον
3402 5495 3464 5560 εξ
3511 5497 3615 5550 Ἰα-

2052 5567 2204 5648 κώϐ,
2221 5583 2372 5637 Isaiae
2398 5591 2652 5646 tanquam
2674 5567 2892 5648 aue—tori
2923 5569 3113 5648 tribuit
3136 5567 3382 5648 Justinus
3408 5575 3615 5636 martyr

2048 5637 2307 5721 Apaiogm
2334 5637 2635 5721 prima'pro
2663 5641 3008 5709 Christianis,
3040 5653 3164 5709 pag.
3185 5637 3276 5706 74,
3306 5652 3371 5693 ex
3403 5653 3612 5693 memo-

2049 5718 2164 5792 riae,
2197 5718 2253 5777 ut
2287 5724 2513 5782 videtur,
2547 5718 2717 5783 lapsu.
