3988 6156
408 251 508 305 771

1851 244 1980 299 0th

2088 241 2173 296 llS
3565 252 3655 306 772

408 388 530 428 mus
548 372 670 437 fuit,
699 372 965 428 haberent
986 369 1238 424 vaticinia
1265 384 1293 421 a
1318 367 1500 437 Moyse
1522 382 1736 438 quoque
1755 369 1976 436 scriptis

2088 366 2213 417 Μωϋ
2223 365 2320 436 σῆς
2341 365 2637 436 ἀνέγραψε,
2659 367 3007 437 προφητείας,
3029 368 3102 431 ὼς
3132 369 3224 422 καὶ
3250 368 3415 421 αὑτοῦ
3449 370 3576 436 περὶ
3599 372 3660 424 τὰ

409 464 638 528 tradita,
659 472 712 516 et
740 464 848 517 illic
877 465 942 516 de
963 462 1120 516 stella
1146 461 1399 527 legissent
1431 460 1606 514 istud:
1639 477 1657 509 ι
1678 458 1970 515 Ostendam

408 557 487 623 ei,
515 568 572 610 et
603 571 706 609 non
742 557 938 618 modo;
974 552 1190 606 beatum
1224 551 1366 604 facio
1412 561 1466 604 et
1497 566 1602 604 non
1638 552 1974 621 propinqua-

408 647 604 710 bit“;
643 666 662 698 ι
725 645 1074 712 conjecerunt
1129 643 1410 701 hominem
1475 643 1668 708 illum,
1703 644 1797 712 qui
1854 659 1977 698 cum

409 736 564 790 stella
591 735 984 803 praenuntiatus
1009 733 1214 799 fuerat,
1239 733 1289 787 in
1319 733 1462 786 hanc
1485 733 1661 786 lucem
1690 733 1977 800 prodiisse;

408 839 644 894 cumque
673 825 785 893 jam
843 825 970 878 inde
1017 824 1198 878 animo
1248 825 1636 892 praecepissent
1666 824 1812 878 illum
1862 840 1982 878 esse

407 917 689 971 dazmoniis
716 925 772 970 et
819 915 1106 984 spiritibus
1135 915 1229 983 qui
1285 915 1419 982 ipsis
1451 929 1714 983 apparere
1737 926 1791 968 et
1823 914 1983 968 titini-

405 1019 582 1061 strare
613 1007 884 1071 solebant,
913 1009 1376 1070 prmstantiorem,
1411 1009 1639 1060 adorare
1675 1005 1836 1076 375
1872 1017 1982 1061 sta-

408 1109 646 1153 tuerunt.
683 1100 738 1153 In
769 1098 1008 1154 Iudaeam
1039 1100 1208 1169 igitur
1246 1108 1533 1162 venerunt,
1565 1115 1664 1168 pro
1703 1111 1852 1154 certo
1882 1101 1978 1152 ha—

408 1192 599 1245 bentes
633 1191 942 1258 quempiam
984 1204 1164 1258 regem
1201 1200 1386 1242 natttm
1419 1205 1562 1253 esse,
1623 1191 1870 1257 quamvis
1928 1200 1983 1244 et

406 1282 676 1349 quodnam
714 1280 865 1349 regni
917 1294 1087 1348 genus
1115 1281 1425 1344 habiturus,
1461 1290 1513 1334 et
1546 1281 1634 1335 ubi
1672 1283 1982 1334 nasciturus

407 1381 574 1430 esset,
627 1371 983 1439 ignorarent;
1020 1370 1362 1437 sumptisque
1413 1384 1597 1423 secum
1641 1373 1978 1437 muneribus,

406 1476 527 1530 qua:
550 1458 712 1513 veluti
745 1457 984 1528 symbola
1017 1457 1090 1510 illi
1118 1459 1208 1527 qui
1235 1472 1298 1510 ex
1321 1459 1429 1512 Deo
1451 1469 1504 1511 et
1522 1460 1741 1512 homine
1767 1458 1978 1511 mortali

407 1561 574 1614 esset,
611 1561 666 1604 ιιι
696 1551 768 1602 ita
805 1551 1000 1613 dicam,
1032 1552 1387 1618 compositus,
1422 1552 1615 1604 darent
1644 1567 1659 1615 ;
1694 1560 1978 1618 postquam

408 1644 718 1696 didicerunt
756 1642 977 1695 ubinam
1011 1650 1170 1695 natus
1203 1641 1417 1704 fuisset,
1449 1652 1507 1695 ttt
1536 1643 1648 1710 regi
1679 1658 1893 1704 aurum,
1923 1653 1981 1696 ttt

410 1735 674 1787 morituro
706 1734 1004 1803 myrrham,
1054 1741 1110 1785 ιιι
1171 1733 1278 1786 1)οο
1316 1733 1440 1785 thus
1487 1731 1827 1785 obtulerunt.
1874 1733 1980 1786 Sed

2078 456 2300 508 τοιαῦτα
2332 458 2620 527 γενομένου
2647 458 2842 522 δεινοῦ,
2866 459 2958 512 καὶ
2987 460 3235 529 εὑρόντες
3265 462 3382 513 ἐκεῖ
3410 463 3541 531 περὶ
3571 462 3657 514 τοῦ

2081 551 2282 618 ἄστρου
2315 549 2407 600 καὶ
2437 549 2497 601 τό
2530 567 2540 578 ·
2582 569 2598 600 ι
2632 549 2800 615 Δείξω
2830 549 2997 620 αὑτῷ,
3021 552 3116 604 καὶ
3143 551 3263 621 οὑχὶ
3312 553 3408 604 νῦν
3437 569 3450 581 ·
3489 570 3656 621 μακα-

2085 638 2217 708 ρίζω
2240 679 2254 703 ,
2290 640 2383 694 καὶ
2421 641 2520 692 οὐκ
2550 642 2749 708 ἐγγιεῖ·
2793 660 2810 692 ›
2845 635 3208 712 ἐστοχάσαντο
3239 645 3329 695 τὸν
3382 643 3521 712 μετὰ
3571 644 3656 696 τοῦ

2081 731 2280 800 ἄστρου
2303 733 2777 802 προφητευόμενον
2801 733 3088 804 ἄνθρωπον
3111 734 3568 804 ἐπιδεδημηκέναι
3587 737 3659 804 τῷ

2086 820 2184 891 βίῳ
2213 825 2307 875 καὶ
2336 824 2411 885 ὡς
2445 825 2662 878 πάντων
2693 826 2962 895 δαιμόνων
2996 827 3088 878 καὶ
3123 825 3228 877 τῶν
3257 828 3314 877 ἐν
3344 825 3459 878 ἔθει
3487 826 3660 889 αὐτοῖς

2086 911 2507 982 φανταζομένων
2542 915 2634 967 καὶ
2659 914 3024 987 ἐνεργούντων
3055 914 3338 984 κρείττονα
3370 914 3660 985 προλαϐόν-

2081 1019 2192 1065 τες,
2219 1006 2590 1075 προσκυνῆσαι
2625 1005 2913 1076 ἠθέλησαν.
2951 999 3123 1058 ’Ἧκον
3153 1002 3244 1058 οὖν
3275 1007 3369 1058 ἐπὶ
3398 1007 3499 1075 τὴν
3539 1007 3658 1058 Ἰου-

2081 1094 2236 1148 δαίαν
2261 1136 2274 1158 ,
2309 1097 2391 1148 ὅτι
2444 1098 2539 1166 μὲν
2574 1097 2826 1166 βασιλεύς
2879 1116 2961 1160 τις
2989 1097 3280 1167 γεγένηται
3303 1098 3621 1167 ,πειθόμενοι
3644 1138 3656 1161 ,

2083 1186 2202 1238 τίνα
2233 1187 2287 1239 δὲ
2320 1186 2593 1255 βασιλείαν
2629 1188 2959 1258 βασιλεύσων
2995 1190 3130 1260 (79),
3163 1190 3261 1241 οὑκ
3287 1190 3656 1258 ἐπιστάμενοι,

2082 1276 2114 1346 ἢ
2143 1275 2244 1328 ποῖα
2274 1277 2695 1347 γεννηθήσεται,
2727 1281 2786 1332 οὑ
2816 1280 3207 1348 γιγνώσκοντες
3231 1299 3243 1311 ⁸
3282 1282 3540 1353 φέροντες
3571 1285 3659 1353 μὲν

2081 1365 2247 1436 δῶρα,
2272 1367 2307 1420 ἃ
2338 1368 2355 1437 (
2372 1368 2438 1419 ἵν’
2459 1368 2629 1432 οὕτως
2660 1371 2910 1439 ὀνομάσω
2936 1372 2952 1441 >
2989 1371 3225 1442 συνθέτῳ
3271 1374 3375 1425 τινὶ
3427 1376 3492 1426 ἐκ
3532 1374 3658 1426 Θεοῦ

2083 1462 2176 1510 καὶ
2206 1457 2497 1528 ἀνθρώπου
2537 1460 2731 1529 θνητοῦ
2763 1463 3139 1530 προσήνεγκαν
3193 1462 3433 1533 σύμϐολα
3458 1467 3659 1534 μὲν,ώς

2085 1549 2288 1617 βασιλεί
2313 1551 2400 1603 τὸν
2431 1552 2629 1621 χρυσὸν
2658 1552 2875 1621 (80),ώς
2897 1553 2952 1604 δὲ
2975 1553 3346 1625 τεθνηξομένῳ
3365 1557 3463 1626 τὴν
3497 1558 3661 1628 σμύρ-

2082 1657 2199 1705 ναν,
2228 1643 2303 1704 ὡς
2334 1643 2390 1694 δὲ
2416 1642 2533 1710 Θεῴ
2556 1643 2646 1696 τὸν
2681 1644 2977 1698 λιϐανωτόν
3001 1663 3013 1675 ·
3041 1649 3421 1717 προσήνεγκαν
3448 1649 3526 1711 δὲ,
3564 1667 3660 1717 μα-

2086 1733 2266 1796 θόντες
2290 1735 2379 1786 τὸν
2403 1736 2567 1787 τόπον
2587 1736 2682 1805 τῆς
2704 1735 2968 1802 γενέσεως
2999 1737 3181 1790 αὑτοῦ.
3227 1739 3362 1790 Ἀλλ’
3387 1741 3508 1792 ἐπεὶ
3537 1740 3659 1802 Θεὸς

412 1825 668 1894 quoniam
721 1826 859 1879 Deus
899 1833 1016 1879 erat
1051 1823 1315 1878 Servalor
1365 1823 1454 1876 ille
1488 1823 1705 1892 generis
1735 1823 1974 1887 humani,

2088 1821 2168 1895 ἦν,
2226 1829 2253 1879 ὁ
2304 1828 2444 1898 ὑπὲρ
2494 1828 2620 1889 τοὺς
2668 1826 2993 1897 βοηθοῦντας
3047 1828 3351 1900 ἀνθρώποις
3402 1831 3660 1899 ἀγγέλους

411 1918 618 1987 angelis
649 1923 740 1986 qui
775 1916 1084 1971 hominibus
1115 1915 1378 1968 auxilium
1413 1923 1672 1982 praestant
1707 1913 1862 1982 longe
1891 1930 1983 1969 su-

408 2008 659 2074 blimior;
687 2009 911 2080 angelus
938 2025 1238 2079 magorum,
1263 2010 1352 2079 qui
1379 2007 1565 2063 Iesum
1591 2011 1978 2069 adoraverant,

413 2101 595 2168 pietati
650 2101 930 2170 prtemium
981 2101 1165 2154 retulit
1216 2102 1516 2154 admonens
1558 2119 1576 2150 ι
1639 2116 1705 2153 ne
1742 2101 1980 2153 redirent

411 2191 479 2245 ad
511 2191 798 2259 Herodem,
835 2193 929 2246 sed
959 2207 1056 2261 per
1096 2193 1259 2246 aliam
1295 2193 1438 2245 viam
1472 2200 1879 2246 reverterentur
1928 2192 1980 2244 in

411 2283 688 2352 regionem
720 2298 874 2336 suam
904 2283 974 2336 υ.
1010 2303 1029 2334 ι

478 2371 569 2426 61.
615 2371 844 2428 insidias
886 2387 1014 2426 vero
1050 2373 1115 2426 ah
1152 2372 1361 2428 Herode
1397 2373 1523 2429 Iesu
1560 2382 1685 2427 nato
1741 2383 1981 2428 structas

407 2476 547 2524 esse,
606 2463 819 2516 tametsi
868 2461 920 2515 id
949 2478 1053 2516 non
1091 2463 1279 2518 credat
1319 2464 1461 2533 apud
1491 2463 1710 2519 Celsum
1738 2463 1978 2528 Judaeus,

410 2551 634 2604 minime
670 2551 974 2605 mirandum
1010 2562 1114 2605 est.
1147 2553 1304 2607 Cmca
1339 2555 1484 2608 enim
1517 2569 1603 2607 res
1635 2563 1718 2608 est
1749 2555 1978 2618 malitia,

407 2655 461 2698 et
498 2643 664 2697 fatum
697 2644 897 2712 ipsum,
925 2645 1080 2714 quasi
1117 2646 1312 2700 fortior
1337 2655 1502 2711 esset,
1533 2662 1798 2716 superare
1845 2647 1977 2701 vult.

409 2735 526 2802 Quo
560 2751 626 2789 ex
658 2736 846 2789 morbo
873 2735 1128 2790 laborans
1152 2738 1416 2803 Herodes,
1442 2749 1498 2794 et
1523 2739 1754 2793 credidit
1778 2738 1980 2793 .Ituheis

409 2835 595 2880 natum
630 2840 750 2880 esse
782 2843 988 2897 regem,
1023 2838 1077 2882 ct
1103 2828 1389 2882 consiliqu
1426 2829 1570 2895 cepit
1600 2829 1723 2882 huic
1755 2844 1981 2896 persua—

408 2919 544 2973 sioni
580 2921 722 2974 nullo
749 2922 905 2974 modo
932 2931 1374 2975 consentaneum.
1412 2917 1679 2974 Nimirum
1709 2935 1812 2975 non
1847 2921 1981 2975 vidit

406 3025 501 3068 aut
527 3016 746 3080 omnino
796 3031 973 3085 regem
1023 3030 1169 3077 esse,
1219 3023 1272 3066 et
1312 3025 1709 3082 rrguaturum;
1746 3023 1841 3066 aut
1873 3029 1978 3068 non

409 3113 792 3175 regnaturum,
843 3115 896 3160 et
951 3106 1151 3159 frustra
1206 3103 1557 3158 interfectum
1604 3105 1692 3157 iri.
1742 3103 1978 3159 lnterlici

412 3197 574 3266 igitur
605 3197 810 3260 voluit,
844 3205 1147 3266 pugnantes
1183 3196 1234 3249 in
1285 3195 1586 3248 sententias
1637 3194 1983 3264 improbitate

416 3298 602 3358 raptus
634 3290 979 3359 agitatusque
1010 3305 1038 3341 a
1069 3303 1216 3342 caeco
1245 3285 1600 3356 improboqnc
1628 3287 1871 3351 diabolo,
1895 3289 1986 3355 qui

411 3379 680 3434 Salvatori
702 3380 815 3448 jam
840 3381 909 3434 ab
936 3379 1089 3433 initio
1122 3378 1412 3433 insidiatus
1443 3389 1549 3443 est,
1579 3379 1832 3446 opinatus
1861 3395 1983 3432 eum

406 3478 464 3522 et
494 3483 613 3522 esse
639 3478 694 3523 et
730 3468 848 3524 fore
885 3484 1161 3537 magnum.
1199 3468 1378 3535 Quare
1410 3469 1668 3538 angelus,
1706 3469 1821 3537 qui,
1859 3469 1988 3523 licet

409 3561 461 3613 id
494 3560 684 3614 Celsus
713 3575 818 3615 non
845 3562 1056 3625 credat,
1091 3561 1268 3614 ordini
1307 3575 1488 3616 rerum
1521 3575 1643 3615 sese
1677 3575 1986 3616 accommo-

408 3651 593 3716 dabat,
643 3649 939 3719 Josephunt
993 3652 1204 3706 monuit
1248 3662 1305 3706 ut
1336 3667 1459 3706 cum
1510 3665 1676 3720 puero
1722 3659 1778 3705 et
1810 3663 1985 3705 matre

406 3741 527 3809 ejus
559 3744 610 3796 in
635 3742 930 3814 IEgyptum
961 3743 1192 3814 fugeret.
1215 3743 1458 3799 Herodes
1486 3754 1694 3806 autem,
1719 3753 1985 3814 quotquot

408 3845 562 3889 erant
588 3837 638 3889 in
663 3836 938 3891 Bethleem
960 3837 1158 3906 oppido
1177 3836 1406 3906 ejusque
1435 3837 1633 3892 liuibus
1657 3851 1847 3892 recens
1871 3837 1982 3890 nati

413 3925 675 3980 trucidari
703 3925 908 3993 jussit,
938 3927 1094 3994 quasi
1129 3941 1252 3980 cum
1287 3926 1367 3981 eis
1416 3925 1809 3980 interfecturus
1837 3937 1983 3980 esset

410 4026 596 4073 natum
629 4016 938 4072 Judazorum
984 4032 1203 4088 regem:
1237 4019 1333 4073 sed
1385 4033 1492 4072 non
1523 4018 1759 4072 advertit
1793 4027 1987 4086 poten-

412 4110 542 4163 tiam
570 4124 711 4173 esse,
745 4122 867 4179 quae
884 4119 1149 4178 perpetuo
1184 4108 1430 4178 invigilat
1455 4109 1633 4177 dignis
1669 4107 1760 4175 qui
1789 4107 1855 4161 ad
1886 4106 1984 4160 ho-

410 4203 615 4257 minum
644 4203 875 4257 salutem
905 4211 1192 4257 serventur
1214 4242 1230 4269 ,
1268 4211 1324 4255 et
1365 4202 1509 4256 inter
1541 4214 1636 4255 eos
1679 4199 1980 4268 principem

406 4302 465 4348 et
517 4293 777 4363 dignitate
825 4301 881 4346 et
923 4293 1241 4363 prtestantia
1299 4292 1474 4348 locum
1524 4301 1709 4347 tenere
1760 4289 1977 4355 Iesum;

407 4385 500 4453 qui
533 4386 749 4454 quidem
780 4400 874 4440 rex
900 4394 1022 4441 erat
1060 4385 1300 4450 futurus,
1334 4399 1441 4438 non
1475 4393 1656 4438 tamen
1698 4390 1756 4436 ut
1789 4371 1981 4436 existi-

2083 1917 2401 1988 ἐνυπάρχων
2437 1917 2572 1987 (81)
2603 1919 2792 1988 Σωτὴρ
2826 1917 2918 1970 τοῦ
2955 1920 3145 1987 γένους
3178 1920 3283 1972 τῶν
3337 1921 3656 1994 ἀνθρώπων,

2083 2009 2311 2076 ἄγγελος
2359 2008 2630 2078 ἠμείψατο
2678 2010 2773 2080 τὴν
2801 2009 2909 2062 τῶν
2941 2011 3130 2080 μάγων
3163 2013 3257 2064 ἐπὶ
3292 2016 3658 2085 προσκυνῆσαι

2081 2101 2171 2153 τὸν
2221 2099 2426 2169 Ἰησοῦν
2482 2100 2769 2154 εὐσέϐειαν
2800 2141 2813 2163 ,
2872 2102 3215 2172 χρηματίσας
3267 2105 3488 2168 αὐτοῖς,
3527 2126 3544 2156 ‹
3589 2107 3658 2178 μὴ

2081 2190 2233 2258 ἥκειν
2262 2189 2396 2258 πρὸς
2423 2188 2512 2241 τὸν
2546 2187 2808 2259 Ἡρώδην,
2831 2188 2941 2242 ἀλλ’
2971 2191 3280 2246 ἐπανελθεῖν
3305 2193 3439 2264 ἄλλῃ
3462 2195 3566 2265 όδῴ
3585 2197 3661 2260 εἰς

2081 2281 2150 2334 τά
2179 2283 2374 2334 οἰκεῖα.
2411 2301 2428 2331 ι

2157 2370 2215 2421 Εἰ
2266 2368 2310 2420 δ’
2357 2368 2602 2440 Ἡρώδης
2648 2371 3002 2424 ἐπεϐούλευσε
3043 2371 3121 2442 τῷ
3170 2373 3516 2444 γεννηθέντι,
3563 2376 3665 2430 κᾶν

2085 2461 2159 2531 μὴ
2213 2461 2478 2534 πιστεύσῃ
2530 2462 2745 2531 ἀληθῶς
2785 2463 2942 2515 τοῦτο
2989 2464 3265 2532 γεγονέναι
3316 2468 3344 2518 ό
3387 2468 3538 2538 παρά
3589 2467 3663 2536 τῷ

2082 2552 2273 2622 Κέλσῳ
2306 2552 2575 2616 Ἰουδαῖος,
2607 2554 2668 2605 οὑ
2707 2554 3032 2621 θαυμαστόν.
3071 2555 3282 2624 Τυφλὸν
3311 2556 3419 2627 γάρ
3447 2557 3497 2608 τί
3522 2561 3664 2610 ἐστιν

2083 2646 2114 2714 ἡ
2145 2646 2377 2716 πονηρία
2398 2686 2411 2709 ,
2445 2647 2539 2698 καὶ
2572 2645 2892 2718 βουλομένη.
2910 2647 2984 2709 ώς
3013 2648 3334 2718 ἰσχυροτέρα
3349 2649 3440 2702 τοῦ
3469 2650 3660 2720 χρεὼν,

2082 2739 2235 2806 νικᾷν
2275 2739 2426 2790 αὑτό.
2465 2739 2642 2808 Ὅπερ
2688 2738 2783 2790 καὶ
2829 2739 3068 2809 Ἡρώδης
3119 2739 3337 2803 παθὼν,
3373 2742 3468 2793 καὶ
3508 2742 3662 2794 πεπίο

2085 2845 2275 2880 στευκε
2305 2829 2527 2898 βασιλέα
2559 2829 2913 2899 γεγεννῆσθαι
2959 2830 3242 2894 Ἰουδαίων,
3290 2833 3382 2884 καὶ
3412 2832 3662 2903 ἀνομολο-

2082 2920 2354 2990 γουμένην
2400 2917 2511 2990 εἶχε
2565 2923 2628 2990 τῇ
2683 2920 2860 2972 πίστει
2903 2920 3074 2994 ταύτῃ
3119 2922 3552 2990 συγκατάθεσιν·
3590 2923 3662 2993 μὴ

2088 3014 2230 3078 ἰδὼν,
2265 3015 2348 3067 ὅτι
2383 3015 2500 3084 ἤτοι
2535 3015 2749 3076 πάντως
2783 3010 2894 3081 (8-2)
2934 3012 3185 3082 βασιλεύς
3217 3015 3354 3078 ἐστι,
3389 3017 3482 3068 καὶ
3513 3008 3664 3085 βασι-

2084 3106 2295 3168 λεύσει,
2331 3106 2362 3175 ἢ
2398 3106 2458 3157 οὑ
2497 3104 2833 3174 βασιλεύσει,
2869 3108 2963 3158 καὶ
3007 3106 3183 3176 μάτην
3228 3107 3658 3178 ἀναιρεθήσεται.

2106 3196 2399 3267 Ἐϐουλήθη
2432 3193 2526 3249 οὖν
2549 3197 2709 3248 αὑτὸν
2741 3197 3076 3262 ἀποκτεῖναι,
3115 3198 3423 3268 μαχομένας
3452 3199 3542 3253 διὰ
3567 3201 3663 3269 τὴν

2093 3287 2287 3341 κακίαν
2330 3286 2466 3356 ἔχων
2501 3287 2737 3358 κρίσεις,
2786 3287 2890 3341 ὑπὸ
2922 3287 3017 3340 τοῦ
3055 3288 3255 3356 τυφλοῦ
3295 3289 3387 3343 καὶ
3429 3287 3663 3362 πονηροῦ

2089 3377 2333 3431 διαϐόλου
2365 3377 2699 3447 κινούμενος,
2732 3377 2792 3440 ὃς
2831 3377 2923 3430 καὶ
2961 3378 3197 3450 ἀρχῆθεν
3237 3379 3561 3433 ἐπεϐούλευε
3587 3381 3662 3451 τῷ

2092 3469 2323 3540 Σωτῆρι,
2359 3467 2685 3538 φαντασθεὶς
2709 3469 2870 3521 αὑτὸν
2902 3463 3038 3521 εἷναί
3065 3485 3185 3521 τινα
3215 3469 3386 3539 μέγαν
3419 3470 3512 3522 καὶ
3547 3470 3662 3522 ἔσε-

2093 3561 2232 3613 σθαι.
2266 3560 2530 3629 Ἀγγελος
2563 3560 2660 3631 μὲν
2692 3555 2785 3613 οὖν
2818 3560 3151 3631 ἐχρημάτισε
3192 3560 3268 3630 τῷ
3314 3561 3540 3633 Ἰωσὴφ,
3567 3563 3662 3630 τὴν

2086 3651 2403 3705 ἀκολουθίαν
2431 3650 2540 3703 τῶν
2571 3650 2910 3720 πραγμάτων
2943 3649 3124 3721 τηρῶν
3145 3690 3158 3714 ,
3195 3650 3297 3702 κᾶν
3331 3651 3405 3721 μὴ
3439 3652 3662 3724 πιστεύῃ

2086 3743 2311 3805 Κέλσος,
2346 3741 2701 3812 ἀναχωρῆσαι
2725 3742 2864 3812 μετὰ
2889 3741 2979 3793 τοῦ
3005 3741 3193 3804 παιδὸς
3218 3742 3310 3793 καὶ
3332 3742 3433 3811 τῆς
3463 3723 3664 3814 μητρὸς

2086 3832 2249 3884 αὑτοῦ
2290 3834 2370 3895 εἰς
2396 3832 2698 3898 Αἴγυπτονο
2741 3833 2769 3882 ὁ
2793 3829 2836 3881 δ’
2881 3829 3121 3899 Ἡρώδης
3173 3829 3350 3883 ἀνεῖλε
3389 3831 3566 3884 πάντα
3598 3832 3662 3884 τά

2085 3927 2141 3978 ἐν
2175 3924 2421 3996 Βηθλεὲμ
2447 3913 2539 3975 καί
2559 3925 2669 3984 τοῖς
2690 3923 2856 3992 ὁρίοις
2875 3921 3046 3990 αὐτῆς
3075 3921 3283 3983 παιδία,
3309 3921 3382 3984 ὡς
3413 3939 3662 3975 συναναι-

2087 4017 2267 4086 ρήσων
2318 4016 2408 4067 τὸν
2444 4012 2771 4083 γεννηθέν-τα
2815 4011 3081 4063 Ἰουδαίων
3144 4012 3385 4080 βασιλέα.
3433 4013 3507 4065 Οὐ
3557 4013 3660 4084 γὰρ

2084 4107 2228 4177 ἐώρα
2283 4106 2379 4175 τὴν
2429 4104 2725 4172 ἀκοίμητον
2787 4100 3018 4172 φρουρὸν
3067 4100 3292 4170 δύναμιν
3342 4101 3449 4154 τῶν
3498 4101 3660 4166 ἀξίων

2085 4196 2437 4267 φρουρεῖσθαι
2484 4195 2575 4246 καὶ
2615 4191 2896 4263 τηρεῖσθαι
2941 4194 3006 4262 τῇ
3043 4194 3286 4263 σωτηρίᾳ
3314 4192 3420 4244 τῶν
3452 4192 3660 4262 ἀνθρώ-

2087 4307 2198 4342 πων
2226 4331 2240 4350 ,
2273 4283 2350 4342 ὧν
2403 4286 2618 4358 πρῶτος
2652 4285 2867 4338 πάντων
2908 4286 3040 4354 τιμῇ
3087 4283 3179 4336 καὶ
3225 4283 3466 4354 ὑπεροχῇ
3515 4285 3661 4356 πάσῃ

2087 4379 2288 4451 μείζων
2342 4375 2409 4450 ἦν
2459 4381 2486 4430 ὁ
2537 4376 2762 4447 Ἰησοῦς,
2818 4375 3100 4445 βασιλεὺς.
3145 4375 3241 4444 οὑχ
3285 4375 3361 4437 ώς
3417 4372 3660 4445 Ἡρώδης

408 4480 592 4534 mabat
617 4478 883 4544 Herodes,
914 4479 1008 4533 sed
1040 4477 1498 4547 quemadmodum
1532 4476 1764 4530 decebat
1798 4491 1977 4541 regem

2088 4473 2242 4544 ᾤετο,
2266 4473 2542 4540 ἐσόμενος,
2579 4469 2690 4521 ἀλλ’
2726 4469 2801 4530 ώς
2833 4467 3038 4538 ἔπρεπε
3071 4466 3160 4519 τὸν
3191 4465 3322 4518 Θεὸν
3349 4464 3545 4518 διδόναι
3569 4463 3662 4534 βα-

409 4586 552 4635 esse,
589 4572 671 4625 cui
700 4571 843 4626 Deus
879 4585 1100 4639 regnum
1134 4569 1474 4635 contulerit;
1510 4584 1706 4637 nempe
1731 4570 1822 4637 qui
1854 4569 1980 4623 sub-

411 4663 538 4717 ditis
564 4663 703 4716 bene
729 4663 956 4728 faceret,
986 4677 1090 4716 nou
1118 4661 1424 4717 tribuendis
1449 4661 1641 4714 mediae
1667 4669 1876 4714 natura:
1907 4669 1978 4726 et,

411 4764 475 4807 ut
521 4753 593 4806 ita
638 4753 831 4823 loquar
856 4795 870 4817 ,
924 4750 1357 4807 iudiﬂ‘erentibus
1393 4749 1698 4812 beneﬁciis,
1729 4749 1822 4802 sed
1853 4763 1982 4802 eru-

408 4845 608 4898 dicudo
637 4859 732 4898 eos
771 4845 1116 4912 regendque
1156 4843 1361 4914 legibus
1404 4854 1533 4894 vere
1563 4840 1786 4894 divinis.
1829 4841 1980 4905 Quod

410 4937 595 4991 sciens
629 4935 786 4989 Jesus
811 4947 1118 5003 negansque
1146 4949 1204 4988 se
1233 4948 1301 4989 eo
1318 4945 1482 4987 sensu
1506 4946 1631 4986 esse
1662 4946 1843 5000 regem
1870 4946 1983 5000 quo

410 5029 656 5100 plerique
684 5026 1009 5094 intelligunt,
1045 5039 1108 5080 ac
1147 5025 1348 5081 docens
1377 5032 1584 5093 quanto
1614 5022 1684 5077 sit
1712 5022 1984 5076 excellen-

412 5124 516 5176 tius
551 5134 776 5188 regnum
799 5117 934 5185 ejus,
963 5117 1080 5170 ait:
1113 5134 1131 5167 ι
1174 5117 1231 5171 Si
1257 5131 1322 5170 ex
1357 5117 1463 5170 hoc
1493 5116 1694 5169 mundo
1721 5123 1867 5170 esset
1895 5131 1982 5168 re—

407 5227 574 5277 gnum
607 5224 805 5268 meum,
843 5207 1080 5262 ministri
1131 5209 1234 5262 mei
1278 5207 1466 5277 utique
1512 5208 1892 5271 decertarent,
1927 5215 1986 5260 ut

482 5328 526 5360 ⁸⁸
557 5327 714 5382 Num.
765 5340 912 5389 xxtv,
968 5324 1058 5380 17.
1137 5324 1180 5356 ⁸¹
1216 5323 1406 5377 Matth.
1437 5337 1502 5387 tt,
1549 5323 1639 5377 12.

413 5496 429 5508 ,
487 5424 650 5509 ,(79)
705 5423 840 5481 Tres
897 5422 1184 5493 Anglicani
1235 5430 1290 5475 et
1357 5418 1741 5473 Basileensis:

410 5511 604 5632 ’³ἷῖὄὶ
637 5565 733 5630 Ὧς
778 5563 1034 5630 βασιλεῖ
1074 5563 1183 5618 τὸν
1234 5561 1500 5632 χρυσόνν
1555 5569 1661 5612 θιο·
1721 5557 1977 5632 Εαωειεηι

415 5628 1021 5704 ιηῄειίιείιιιῐιιιιιηρτιιιιι
1061 5651 1087 5687 a
1123 5628 1298 5703 magis
1341 5631 1651 5689 oblatorum
1703 5628 1977 5700 signiﬁca-

1810 5416 1934 5487 βασι
1954 5447 1980 5457 -

2093 4562 2296 4615 σιλείαν
2322 4599 2336 4621 ,
2393 4561 2478 4611 ἐπ’
2511 4557 2798 4626 εὐεργεσίᾳ
2840 4555 2947 4608 τῶν
2993 4553 3420 4625 βασιλευομένων
3448 4594 3462 4618 ,
3493 4553 3570 4624 τῷ
3599 4554 3660 4607 οὑ

2094 4655 2262 4724 μέσην
2312 4652 2402 4704 καὶ
2434 4650 2720 4719 ἀδιάφορον
2756 4647 2843 4716 (ἵν’
2875 4646 3044 4710 οὑτως
3076 4645 3344 4717 ὀνομάσω)
3377 4645 3664 4718 εὐεργετή-

2092 4763 2234 4800 σοντι
2256 4746 2383 4807 τοὺς
2407 4742 2891 4811 ὑποτεταγμένους,
2917 4739 3050 4792 ἀλλά
3079 4739 3265 4808 νόμοις
3295 4736 3508 4806 ἀληθῶς
3527 4737 3659 4790 Θεοῦ

2092 4837 2431 4892 παιδεύσοντι
2466 4835 2558 4887 καὶ
2594 4831 2848 4894 ὑπάξοντι
2881 4829 3075 4892 αὐτούς
3097 4846 3109 4858 ·
3157 4830 3290 4899 ὅπερ
3329 4829 3422 4880 καὶ
3457 4828 3662 4899 Ἰησοῦς

2091 4929 2480 4996 ἐπιστάμενος,
2520 4925 2612 4977 καὶ
2660 4921 2988 4993 ἀρνούμενος
3033 4921 3131 4991 μὲν
3177 4919 3238 4972 τὸ
3281 4915 3459 4984 εἶναι,
3491 4918 3566 4982 ὡς
3613 4918 3660 4970 οἱ

2089 5019 2272 5072 πολλοὶ
2302 5017 2633 5086 ἐκδέχονται,
2659 5013 2928 5084 βασιλεὺς,
2960 5011 3224 5065 διδάσκων
3255 5010 3313 5063 δὲ
3369 5009 3431 5064 τὸ
3461 5010 3664 5082 ἐξαίρε-

2088 5129 2180 5165 τον
2218 5112 2316 5182 τῆς
2367 5108 2556 5163 ἑαυτοῦ
2594 5106 2896 5178 βασιλείας,
2943 5104 3076 5174 φησὶ
3107 5103 3198 5156 τόο
3236 5121 3254 5154 ι
3287 5103 3349 5155 El
3375 5091 3444 5173 ἦν
3474 5104 3538 5156 ὲκ
3571 5101 3660 5155 τοῦ

2092 5205 2296 5273 κόσμου
2341 5200 2528 5255 τούτου
2578 5201 2611 5269 ἡ
2655 5197 2900 5269 βασιλεία
2956 5198 2989 5266 ἡ
3028 5195 3169 5267 ἐμὴ,
3214 5199 3262 5250 οἱ
3305 5196 3572 5268 ὑπηρέται
3615 5197 3658 5246 oi

2085 5416 2290 5469 tionem
2337 5410 2497 5470 εισι-τι
2526 5407 2666 5462 lren.
2693 5406 2730 5460 l.
2760 5421 2818 5458 lll
2859 5415 3041 5458 contra
3065 5404 3230 5468 Imm,
3256 5418 3305 5459 c.
3332 5403 3389 5466 9,
3415 5400 3632 5456 aliale

2177 5483 2267 5546 81)
2313 5479 2724 5546 Ἐνυπάρχων.
2754 5475 2979 5529 Guietus
3007 5475 3210 5526 mavult
3242 5473 3520 5546 ὑπάρχων.

2177 5485 2238 5536 81
2313 5485 2724 5546 Ἐνυπάρχων.
2754 5485 2979 5529 Uutetus
3007 5485 3210 5526 mavult
3242 5485 3520 5542 ὑπάρχων.

2156 5485 2270 5624 ἓ82ζ
2299 5551 2561 5624 ῌάντως.
2596 5547 2688 5598 Sic
2712 5554 2860 5601 recte
2885 5546 3058 5599 codex
3084 5551 3314 5610 uterque
3343 5542 3654 5597 Vaticanus.

2086 5618 2232 5679 Libri
2252 5618 2422 5685 'editi,
2451 5618 2688 5679 πάντων.
