3988 6156
274 245 396 280 tto

276 438 425 489 νυνὶ
469 436 544 489 δὲ
586 438 690 491 οὐκ
721 437 868 490 ἐστιν
901 441 964 490 ὲκ
991 436 1084 490 τοῦ
1126 439 1330 508 κόσμου
1373 439 1561 492 τούτου
1598 443 1629 511 ἡ
1684 441 1924 511 βασιλεία

275 527 319 596 ἡ
358 529 523 598 ἐμή.
584 548 604 579 ι
637 527 819 582 Ταῦτα
851 528 896 580 δ’
927 530 973 580 εί
999 529 1234 599 ἑωράκει
1263 533 1291 582 6
1323 529 1552 593 Κέλσος,
1577 531 1677 583 οὐκ
1709 531 1775 584 ἂν
1811 533 1924 584 ἔλε-

272 633 429 686 γεν·
489 638 511 669 ι
555 620 625 671 Εἰ
654 619 697 672 δ’
729 619 876 682 ὅπως
908 619 981 690 μὴ
1016 622 1078 672 σὺ
1105 619 1360 690 αὐξηθεὶς
1387 621 1501 673 ἀντ’
1531 621 1738 674 ἐκείνου
1781 622 1925 690 βασι·

274 708 527 780 λεύσῃς
561 710 697 781 (85),
715 711 766 763 τί
787 711 970 782 ἐπειδὴ
997 727 1060 779 γε
1087 710 1345 782 ηὐξήθης,
1368 713 1428 763 οὐ
1463 712 1783 780 βασιλεύεις,
1809 713 1923 765 ἀλλ’

274 801 311 852 6
372 799 494 852 τοῦ
544 801 686 853 Θεοῦ
731 803 859 864 παῖς
895 800 1069 864 οὕτως
1099 801 1338 871 ἀγεννῶς
1397 804 1667 874 ἀγείρεις,
1713 805 1922 857 κυπτά-

278 888 416 952 ζων
442 889 582 962 (84)
610 891 714 944 ὑπὸ
734 891 896 960 φόϐου
914 893 1008 946 καὶ
1043 893 1522 964 περιφθειρόμενος
1547 895 1658 948 ἀνω
1686 895 1836 947 κάτω
1858 913 1870 958 ;
1899 914 1916 946 ι

278 980 425 1033 Οὐκ
462 982 604 1035 ἔστι
647 983 692 1036 δ’
726 983 946 1050 ἀγεννὲς
981 983 1042 1035 τὸ
1065 1023 1078 1047 ,
1131 984 1246 1054 μετ’
1292 985 1599 1054 οἰκονομίας
1643 986 1923 1055 περιιστά-

285 1089 488 1142 μενον
529 1075 664 1136 τοὺς
708 1073 1002 1136 κινδύνους,
1042 1074 1114 1144 μὴ
1164 1075 1328 1143 ὁμόσε
1383 1075 1564 1137 αὐτοῖς
1597 1076 1824 1144 χωρεῖ-ι·
1860 1076 1918 1127 οὐ

280 1163 391 1217 διὰ
433 1165 626 1232 φόϐον
657 1165 905 1228 Θανάτου,
930 1165 1043 1218 ἀλλ’
1064 1167 1203 1236 ὑπὲρ
1226 1165 1317 1219 τοῦ
1345 1167 1628 1236 χρησίμως
1656 1167 1814 1220 αὑτὸν
1845 1166 1921 1235 τῷ

290 1255 412 1327 βίῳ
491 1255 873 1328 ἐπιδημοῦντα
927 1258 1146 1328 ἐτέρους
1202 1257 1473 1325 ὠφελεῖν,
1552 1256 1657 1320 ἕως
1725 1260 1917 1328 ἐπιστῇ

281 1349 320 1402 ὁ
399 1351 736 1420 ἐπιτήδειος
801 1348 986 1420 καιρὸς
1043 1349 1135 1401 τοῦ
1195 1350 1284 1402 τὸν
1341 1349 1663 1420 ἀνειληφότα
1713 1350 1922 1420 ἀνθρώ-

285 1457 418 1492 που
465 1440 592 1511 (85)
624 1439 784 1509 φύσιν
808 1439 1096 1510 ἀνθρώπου
1134 1439 1361 1492 θάνατον
1387 1440 1695 1503 ἀποθανεῖν,
1730 1440 1920 1509 ἔχοντά

284 1547 352 1584 τι
427 1533 722 1601 χρήσιμον
791 1533 901 1594 τοῖς
963 1529 1285 1602 ἀνθρώποις.
1354 1533 1529 1602 Ὅπερ
1595 1532 1750 1603 δῆλόν
1803 1536 1917 1585 ἐστι

287 1623 385 1693 τῷ
419 1624 696 1692 νοήσαντι
735 1623 826 1675 τὸν
870 1623 1074 1690 Ἰησοῦν
1107 1623 1242 1692 ὑπὲρ
1267 1623 1566 1694 ἀνθρώπων
1593 1624 1878 1677 ἀποθανεῖν
1899 1643 1911 1655 ·

290 1715 451 1784 περὶ
486 1707 555 1766 οὗ
591 1713 730 1767 κατά
756 1713 981 1781 δύναμιν
1014 1715 1069 1764 ὲν
1101 1717 1212 1775 τοῖς
1238 1713 1341 1782 πρὸ
1369 1713 1570 1766 τούτων
1597 1713 1840 1784 εἴπομεν.

378 1804 564 1858 Νῐετά
592 1803 762 1857 ταῦτα
792 1804 837 1856 δ’
868 1804 985 1856 ἐπεὶ
1018 1803 1150 1874 μηδὲ
1182 1803 1271 1856 τὸν
1298 1804 1526 1874 ἀριθμὸν
1554 1805 1662 1858 τῶν
1687 1806 1912 1860 ἀποστόο

292 1895 426 1950 λων
491 1897 856 1966 ἐπιστάμενος
906 1915 924 1946 ι
961 1896 1092 1949 δέκα
1142 1915 1159 1946 ι
1209 1891 1360 1947 εἶπεν
1415 1917 1433 1946 ι
1474 1895 1506 1966 ἢ
1542 1897 1731 1950 ἕνδεκά
1761 1915 1912 1961 τινας

296 1988 778 2060 ἐξαρτησάμενον
805 1988 894 2041 τὸν
916 1988 1120 2059 Ἰησοῦν
1149 1989 1325 2059 ἑαυτῷ
1347 1989 1676 2060 ἐπιρρήτους
1705 1989 1912 2061 ἀνθρώ-

297 2093 491 2142 πους,
529 2076 766 2141 τελώνας
795 2079 890 2131 καὶ
926 2079 1123 2142 ναύτας
1158 2081 1286 2144 τοὺς
1313 2079 1730 2150 πονηροτάτους,
1776 2080 1912 2149 μετά

298 2168 537 2222 τούτων
577 2170 703 2240 τῇδε
744 2171 968 2224 κάκεῖσε
1006 2170 1166 2224 αὐτὸν
1194 2169 1635 2241 ἀποδεδρακέναι,
1673 2171 1912 2241 αἰσχρῶς

299 2261 415 2313 καὶ
471 2261 744 2332 γλίσχρως
775 2262 978 2334 τροφὰς
1017 2263 1349 2330 συνάγοντα·
1396 2281 1415 2313 ι
1456 2262 1587 2332 φέρε
1631 2263 1723 2314 καὶ
1784 2263 1909 2332 περὶ

298 2349 570 2413 τούτων,
619 2351 760 2404 κατά
802 2351 862 2403 τὸ
895 2351 1144 2416 δυνατὸν,
1174 2351 1534 2421 διαλάϐωμεν.
1580 2351 1816 2421 Φανερδν
1853 2351 1908 2403 δέ

301 2441 447 2493 ἐστι
479 2445 588 2504 τοῖς
622 2442 1041 2511 ἐντυγχάνουσιν
1071 2442 1442 2509 εὐαγγελικοῖς
1464 2441 1662 2509 λόγοις,
1682 2440 1774 2503 οὒς
1800 2441 1907 2492 οὐδ’

307 2533 696 2600 ἀνεγνωκέναι
723 2536 751 2585 ὁ
780 2532 986 2595 Κέλσος
1018 2533 1286 2599 φαίνεται,
1317 2533 1398 2584 ὅτι
1447 2532 1651 2584 δώδεκα
1689 2532 1912 2583 ἀποστό-

303 2625 458 2686 λους
489 2629 516 2678 ὁ
543 2625 750 2695 Ἰησοῦς
774 2624 1082 2690 ἐπελέξατο,
1112 2624 1348 2695 τελώνην
1377 2625 1475 2694 μὲν
1504 2624 1592 2677 τὸν
1611 2623 1904 2676 Ματθαῖον·

307 2713 423 2774 οὒς
472 2713 514 2766 δ’
550 2709 670 2765 εἷπε
704 2713 1114 2783 συγκεχυμένως
1147 2713 1378 2779 ναύτας,
1412 2713 1552 2782 τάχα
1583 2713 1670 2765 τὸν
1723 2711 1904 2766 Ἰάκω-

307 2802 423 2855 ϐον
462 2803 570 2873 (86)
595 2805 686 2856 καὶ
713 2804 802 2856 τὸν
848 2803 1093 2874 Ἰωάννην
1121 2805 1304 2876 φησιν,
1339 2805 1482 2866 ἐπεὶ,
1521 2803 1906 2867 καταλιπόντες

309 2894 382 2946 τὸ
413 2893 596 2947 πλοῖον
634 2895 728 2948 καὶ
759 2895 848 2947 τὸν
875 2896 1084 2967 πατέρα
1117 2895 1296 2950 αὐτῶν
1327 2895 1605 2949 Ζεϐεδαῖον
1625 2934 1640 2958 ,
1675 2893 1904 2963 ἠκολού-

311 2986 500 3056 θησαν
527 2986 604 3056 τῷ
644 2987 845 3058 Ἰησοῦ·
879 2988 970 3041 τὸν
1017 2987 1124 3058 γὰρ
1159 2987 1363 3058 Πέτρον
1409 2987 1503 3039 καὶ
1541 2986 1631 3038 τὸν
1676 2985 1902 3055 ἀδελφὸν
1929 3007 1974 3068 c

313 3077 492 3130 αὐτοῦ
549 3078 834 3150 Ἀνδρέαν,
886 3078 1282 3150 ἀμφιϐλήστρῳ
1331 3077 1643 3148 χρωμένους
1685 3075 1770 3129 διὰ
1800 3075 1899 3140 τὰς

311 3169 631 3236 ἀναγκαίας
659 3171 881 3241 τροφὰς,
913 3171 1010 3224 οὑκ
1043 3173 1100 3223 ὲν
1128 3171 1369 3233 ναύταις,
1399 3168 1511 3221 ἀλλ’
1548 3168 1643 3237 (ὡς
1667 3167 1899 3238 ἀνέγρα-

311 3257 425 3325 ψεν
457 3261 490 3331 ή
517 3261 749 3332 Γραφὴ,)
784 3264 841 3313 ὲν
863 3261 1102 3316 ἁλιεῦσιν
1125 3261 1473 3333 ἀριθμητέον.
1509 3261 1688 3312 Ἔστω
1719 3258 1775 3311 δὲ
1803 3258 1898 3319 καὶ

277 3352 342 3402 -ὁ
375 3350 562 3420 Λεόὴς
585 3350 822 3422 τελώνης
858 3352 1226 3424 ἀκολουθήσας
1267 3350 1344 3421 τῷ
1383 3349 1588 3420 Ἰησοῦ’
1632 3349 1745 3402 ἀλλ’
1780 3349 1894 3403 οὔτι

311 3459 380 3510 γε
416 3442 508 3497 τοῦ
535 3442 766 3514 ἀριθμοῦ
801 3444 906 3497 τῶν
935 3444 1245 3498 ἀποστόλων
1274 3442 1437 3496 αὐτοῦ
1469 3438 1556 3514 ἦν,
1578 3444 1626 3496 εί
1647 3442 1722 3514 μὴ
1755 3443 1897 3497 κατά

309 3553 443 3590 τινα
475 3537 584 3590 τῶν
629 3537 974 3609 ἀντιγράφων
1008 3536 1117 3608 (87)
1163 3536 1258 3590 τοῦ
1284 3535 1426 3589 κατὰ
1463 3535 1686 3604 Μάρκον
1717 3535 1894 3601 Εὐαγ-

311 3626 526 3692 γελίου.
558 3625 679 3680 Τῶν
707 3627 764 3680 δὲ
787 3627 987 3681 λοιπῶν
1014 3627 1074 3680 ού
1101 3625 1498 3699 μεμαθήκαμεν
1520 3625 1588 3678 τά
1613 3626 1750 3695 ἔργα
1772 3625 1893 3678 ὅθεν

312 3717 428 3789 πρὸ
470 3719 570 3790 τῆς
617 3719 909 3789 μαθητείας
945 3719 1037 3773 τοῦ
1094 3718 1266 3789 Ἰησοῦ
1301 3718 1644 3789 περιεποίουν
1684 3719 1891 3779 ἑαυτοῖς

309 3811 418 3872 τὰς
440 3812 664 3881 τροφάς.
695 3812 839 3883 Φημὶ
863 3808 954 3867 οὖν
986 3812 1079 3866 καὶ
1110 3812 1246 3882 πρὸς
1274 3810 1468 3875 ταῦτα,
1489 3811 1569 3864 ὅτι
1594 3811 1705 3874 τοῖς
1734 3811 1891 3863 δυνα-

1543 235 1818 291 CONTRA
1854 238 2132 294 CELSUM
2171 240 2294 295 LlB.
2343 242 2377 295 Ι.

269 343 426 412 ἐμοὶ
451 343 819 413 ἠγωνίζοντο
849 345 932 410 ἂν,
958 346 1042 398 ἵνα
1073 347 1146 417 μὴ
1171 347 1457 418 παραδοθῶ
1484 352 1595 412 τοῖς
1632 351 1897 413 Ἰουδαίοις

2032 367 2136 406 non
2192 357 2430 409 traderer
2467 354 2668 409 Judmis
2710 376 2721 419 ;

3501 256 3600 309 ’ΠΛ

2770 375 2910 412 nunc
2953 369 3130 414 autem
3167 379 3387 432 regnum
3422 385 3598 425 meum

2029 456 2134 494 non
2186 452 2269 497 est
2318 458 2380 497 ex
2435 445 2535 499 hoc
2575 450 2776 500 mundo
2802 449 2864 500 δ’.
2906 468 2924 499 ι
2976 449 3098 504 llaec
3130 453 3173 504 si
3220 454 3409 509 Celsus
3443 458 3602 512 intel-

1996 532 2270 598 ,lcxisset,
2302 550 2408 589 non
2440 535 2702 590 dixisset:
2739 557 2756 588 ‹
2793 538 2885 591 Siti
2920 539 3038 593 ideo
3060 581 3076 607 ,
3127 559 3192 596 ne
3227 554 3280 596 tu
3308 545 3430 600 loco
3459 547 3605 604 illius

2026 637 2283 689 reguares
2306 636 2591 694 postquam
2623 630 2689 680 ad
2720 631 2958 683 adultam
2985 641 3202 686 aetatem
3227 638 3604 704 pervenisses;

2024 727 2144 775 cur,
2172 724 2453 783 postquam
2488 718 2810 784 pervenisti,
2847 735 2951 774 non
2999 737 3194 793 regnas
3217 765 3230 789 ,
3263 727 3358 780 sed
3387 727 3477 782 ille
3511 731 3602 784 Dei

2023 801 2186 872 376
2217 802 2384 857 Filius
2415 805 2771 859 mendicando
2804 811 3016 878 vagaris
3044 827 3153 880 prae
3191 824 3332 868 metu
3367 818 3598 887 supplex

2023 903 2078 945 et
2106 895 2341 949 miseriis
2374 899 2713 964 oppressus?
2750 919 2768 950 ι
2809 900 2880 953 At
2907 903 3168 974 ignavum
3218 922 3321 961 non
3354 917 3438 963 est
3469 927 3600 979 pru-

2025 983 2516 1039 deuterdecliuare
2567 989 2842 1055 pericula,
2882 1007 2988 1046 non
3042 999 3231 1051 mortis
3280 1011 3446 1065 mem,
3503 1004 3598 1056 sed

2022 1073 2142 1128 aliis
2175 1075 2225 1128 in
2262 1076 2368 1128 vita
2406 1078 2662 1142 prodesse
2691 1081 2958 1135 desiderio
2989 1100 3003 1142 ;
3034 1086 3208 1140 donec
3250 1089 3297 1141 ei
3321 1130 3334 1153 ,
3375 1092 3466 1158 qui
3501 1106 3598 1145 na-

2025 1173 2199 1218 turam
2251 1167 2542 1220 humanam
2579 1169 2773 1233 induit,
2804 1184 3105 1241 opportuna
3157 1193 3214 1232 se
3257 1179 3348 1234 det
3379 1185 3596 1235 Occasio

2022 1257 2311 1311 humanam
2367 1269 2595 1314 mortem
2653 1266 2944 1332 oppeteudi
2997 1282 3116 1333 quae
3161 1271 3434 1338 quidpiam
3491 1276 3596 1327 titi-

2023 1349 2188 1402 litatis
2266 1350 2572 1405 hominibus
2657 1354 2867 1408 allen-at.
2951 1358 3102 1422 Quod
3183 1362 3398 1427 quidem
3479 1383 3595 1418 u.a-

2022 1441 2282 1496 ttifestum
2343 1455 2426 1497 est
2482 1446 2801 1517 iutelligeuti
2866 1446 3051 1501 Jesum
3101 1451 3374 1506 hominum
3423 1471 3591 1510 causa

2019 1539 2248 1667 Hiortem
2291 1533 2523 1590 subiisse
2569 1537 2681 1592 :de
2725 1554 2827 1607 qua
2867 1553 2923 1593 re
2962 1555 3058 1608 pro
3101 1542 3304 1598 viribus
3335 1551 3592 1614 superius

2058 1628 2274 1667 minus.

2058 1628 2274 1668 ιιιιιῐιιιε.

1947 1680 1991 1740 Β

2086 1793 2175 1848 62.
2208 1793 2453 1850 Posthan
2480 1797 2737 1864 quoniam
2767 1815 2830 1852 ue
2857 1815 3139 1854 numerum
3173 1803 3388 1870 quidem
3411 1807 3591 1863 sciens

2016 1885 2383 1953 apostolorum
2409 1887 2503 1951 ait,
2530 1907 2546 1937 ι
2569 1887 2755 1942 Jesum
2785 1891 2966 1944 ascitis
2996 1893 3177 1946 decem
3213 1904 3304 1946 aut
3332 1897 3584 1952 undecim

2015 1975 2329 2031 hominibus
2365 1977 2583 2031 famosis
2609 2019 2624 2043 ,
2661 1980 2966 2046 publicanis
3001 1987 3285 2053 nautisque
3321 1989 3586 2056 nequissi-

2013 2069 2138 2133 mis,
2173 2068 2279 2122 huc
2321 2070 2447 2123 illuc
2478 2085 2600 2124 cum
2633 2071 2740 2124 illis
2792 2071 3052 2140 fugitasse
3099 2079 3328 2144 turpiter
3361 2090 3418 2134 et
3443 2097 3586 2149 aegre

2012 2160 2165 2213 cibos
2193 2159 2556 2228 colligentem,
2597 2179 2616 2213 ι
2650 2177 2750 2230 age
2785 2170 2838 2214 et
2870 2162 2935 2216 de
2972 2165 3055 2219 his
3091 2180 3190 2233 pro
3227 2169 3366 2222 virili
3412 2173 3587 2226 disse-

2011 2267 2217 2307 ramus.
2245 2253 2348 2319 Qui
2384 2253 2677 2324 Evangelia
2705 2269 3090 2321 versaverunt,
3121 2274 3241 2327 quae
3280 2261 3469 2316 Celsus
3505 2267 3587 2317 vi-

2011 2344 2166 2397 detur
2213 2360 2279 2398 ne
2330 2345 2526 2414 legisse
2558 2347 2800 2414 quidem,
2851 2347 2886 2398 ii
2921 2359 3123 2402 norunt
3157 2352 3442 2406 duodecim
3471 2355 3582 2408 ele-

2010 2445 2128 2487 ctos
2159 2449 2189 2487 a
2229 2433 2354 2487 Jcsu
2383 2436 2550 2489 fuisse
2577 2436 2850 2502 apostolos
2871 2434 2917 2466 ⁸³
2942 2453 2954 2498 ;
2993 2438 3336 2504 publicanum
3363 2444 3580 2510 quidem

2012 2525 2178 2579 fuisse
2209 2524 2518 2579 Mattlueum
2555 2527 2808 2580 nomine:
2845 2542 2985 2595 quos
3030 2543 3160 2584 vero
3213 2541 3408 2588 nautas
3455 2550 3583 2603 pro-

2010 2617 2216 2670 miscue
2250 2629 2448 2681 vocat,
2478 2619 2734 2687 intelligit
2773 2617 3001 2674 fortasse
3044 2620 3305 2677 Jacobum
3337 2635 3389 2678 et
3416 2625 3582 2682 Joan-

2009 2723 2154 2771 nem,
2185 2709 2311 2776 quia
2344 2709 2552 2762 rel-ictis
2582 2724 2720 2761 nave
2747 2718 2801 2762 et
2828 2719 2980 2778 patre
3004 2727 3101 2766 suo
3127 2713 3384 2770 Zebedaio
3407 2719 3581 2774 secuti

2007 2808 2135 2854 sunt
2168 2798 2353 2853 Jesum
2379 2797 2445 2856 “.
2473 2799 2606 2852 Nam
2645 2801 2840 2856 Petrus
2870 2801 3096 2871 ejusque
3119 2804 3287 2858 frater
3308 2807 3577 2873 Andreas.

2007 2889 2099 2958 qui
2126 2889 2332 2942 retibus
2354 2893 2721 2943 necessarium
2741 2891 2841 2945 sibi
2865 2893 3066 2946 victum
3097 2898 3436 2963 quaerebant,
3467 2916 3574 2956 non

2008 2979 2149 3033 inter
2175 2988 2391 3044 nautas,
2422 2981 2540 3044 sed,
2579 2990 2634 3033 ut
2659 2982 2921 3049 scriptum
2964 2993 3070 3045 est,
3102 2985 3247 3039 inter
3275 2987 3576 3055 piscatores

2005 3071 2326 3125 numerandi
2352 3080 2476 3125 sunt
2498 3073 2564 3126 ⁸⁵.
2593 3072 2672 3126 Sit
2702 3082 2755 3127 et
2776 3073 2902 3127 Levi
2929 3075 3249 3143 publicanus
3272 3081 3363 3147 qui
3387 3078 3573 3135 Jesum

2005 3170 2224 3217 secutus
2270 3164 2342 3216 sit
2385 3181 2400 3226 ;
2455 3172 2512 3216 at
2560 3180 2667 3218 non
2716 3166 2818 3218 fuit
2856 3165 2944 3220 ille
2978 3181 3042 3221 ex
3074 3169 3439 3237 apostolorum
3471 3191 3575 3228 uu-

2003 3267 2176 3316 mero,
2205 3252 2306 3307 nisi
2331 3253 2482 3322 juxta
2511 3255 2756 3324 quaedam
2789 3255 3063 3326 Evangelii
3101 3260 3394 3314 secundum
3426 3261 3575 3316 Mar-

2003 3356 2124 3398 cum
2147 3343 2477 3412 exemplaria
2497 3344 2562 3398 ".
2592 3345 2707 3412 Qua
2735 3361 2860 3400 vero
2883 3354 2999 3401 arte
3027 3350 3234 3412 caeteri,
3258 3352 3572 3422 priusquam

2002 3435 2255 3504 discipuli
2302 3434 2427 3490 Jesu
2481 3438 2690 3503 tierent,
2728 3439 2933 3492 victum
2975 3440 3077 3494 sibi
3111 3447 3569 3513 comparaveriut,

2003 3526 2159 3580 nobis
2209 3528 2602 3596 incompertqu
2649 3537 2750 3580 est.
2785 3529 2925 3598 Ergo
2974 3531 3039 3582 ad
3085 3531 3200 3584 haec
3242 3537 3566 3600 respondeo,

2000 3616 2090 3683 qui
2125 3617 2419 3684 prudenter
2450 3627 2506 3670 et
2534 3618 2764 3670 candide
2803 3633 2888 3672 res
2917 3619 2984 3672 ab
3029 3621 3287 3686 apostolis
3323 3620 3446 3676 Jesu
3476 3639 3568 3694 ge-

1999 3720 2116 3764 stas
2161 3717 2387 3777 possunt
2430 3709 2785 3776 examinare,
2824 3711 2891 3763 iis
2921 3712 3268 3781 manifestum
3313 3714 3431 3770 ﬁeri
3468 3717 3569 3772 hos

1999 3805 2179 3859 divina
2217 3805 2420 3857 virtute
2457 3805 2742 3857 roboratus
2773 3803 2938 3858 fuisse
2981 3817 3233 3874 oportere
3277 3819 3335 3863 ut
3366 3811 3564 3864 edoce-

390 3904 435 3934 “
483 3901 639 3958 .Ioau.
675 3919 829 3969 xvrtt,
867 3902 952 3957 56.
1028 3903 1074 3934 ⁸³
1105 3903 1290 3957 Matth.
1320 3918 1378 3964 ι,
1405 3905 1424 3955 1
1454 3918 1468 3963 ;
1504 3900 1669 3956 Marc.
1705 3916 1788 3966 tu,
1817 3903 1884 3956 M

2000 3917 2078 3955 uc.
2112 3915 2185 3967 vr,
2218 3899 2306 3953 15.
2382 3895 2429 3929 ⁸³
2459 3896 2651 3952 Matth.
2685 3913 2739 3963 ι,
2765 3898 2826 3962 '5;
2855 3897 3021 3954 Marc.
3059 3915 3098 3962 ι,
3129 3899 3218 3954 20.
3297 3902 3344 3934 ’⁸⁸
3364 3903 3555 3960 Matth.

314 3989 397 4036 Iv,
430 3973 529 4037 18;
559 3972 725 4026 Marc.
755 3975 937 4037 11,14.
1015 3973 1060 4003 ⁸⁸
1083 3973 1250 4028 Marc.
1293 3988 1372 4036 tu,
1404 3971 1488 4026 18.

390 4063 504 4134 (83)
525 4065 937 4134 Βασιλεύσῃς.
973 4064 1106 4118 Tres
1133 4063 1433 4131 Anglicani,
1465 4063 1665 4130 Regius
1691 4071 1744 4118 et
1777 4063 1882 4117 Ba-

311 4133 587 4205 sileensis,
621 4133 928 4205 ﬁaotleung.

390 4203 502 4272 (84)
549 4199 816 4272 Hice/pet;-
850 4199 1192 4262 'kvm'dfwr.
1237 4201 1312 4254 lta
1369 4200 1525 4258 codd.
1576 4199 1787 4272 Regius
1828 4211 1882 4256 et

311 4271 664 4340 BaSileensis,
698 4284 753 4327 et
786 4275 857 4327 ita
893 4272 1308 4326 Hmscheliusiu
1347 4280 1535 4337 textu;
1569 4271 1879 4337 Speucerus

310 4343 715 4415 verohdystpecc
741 4341 1088 4415 κρυπτάζων.

384 4413 498 4482 (85)
525 4408 901 4480 ⁷Ἀῖνθγοιιῦἐτου.
957 4413 1028 4482 ita
1070 4409 1224 4482 codd.
1263 4408 1396 4478 Reg.

311 4482 458 4537 Libri
480 4479 686 4536 autem
711 4483 863 4548 editi,
890 4479 1256 4550 ἀνθρωπίνην.

277 4602 291 4614 ,
382 4551 495 4622 (86)
558 4551 716 4622 Τάχα
745 4552 851 4605 τὸν·
890 4548 1431 4622 Ἰάκωϐονίιξιρκεο
1471 4548 1571 4603 1οοὶ
1610 4549 1780 4618 magis
1809 4563 1876 4602 ex

313 4619 491 4677 mente
519 4619 668 4677 Celsi
695 4637 1002 4676 sermonem
1040 4621 1275 4673 instituit
1309 4619 1570 4686 Origenes
1603 4632 1764 4683 quam
1808 4633 1876 4672 ex

312 4706 428 4746 sua.
460 4692 672 4747 Etenim
711 4691 869 4759 paulo
896 4701 1019 4758 post
1059 4705 1180 4743 cum
1235 4689 1357 4743 aliis
1398 4687 1651 4743 Ecclesiae
1685 4689 1876 4740 docto-

313 4761 462 4814 ribus
506 4776 696 4816 omnes
732 4761 1002 4828 apostolos
1047 4759 1236 4813 dividit
1277 4761 1330 4814 in
1369 4759 1667 4828 piscatores
1697 4769 1748 4810 et
1779 4772 1876 4824 pu-

311 4828 572 4884 blicanos.
601 4825 926 4886 Certe-tilios
953 4829 1197 4884 Zehedtei
1223 4825 1484 4884 Jacobum
1505 4838 1560 4883 et
1585 4825 1870 4891 Joannem,

310 4899 537 4966 perinde
567 4909 728 4968 atque
759 4900 972 4954 Petrum
1004 4907 1060 4954 et
1085 4899 1354 4968 Andream
1391 4898 1740 4968 piscatoriam
1784 4912 1871 4950 ar-

310 4965 418 5037 tem
465 4965 795 5032 exercuisse,
841 4978 988 5037 patet
1026 4983 1092 5023 ex
1115 4967 1329 5037 Matth.
1364 4965 1484 5036 cap.
1521 4983 1596 5034 νι,
1631 4965 1793 5020 Marci
1830 4982 1868 5032 ι,

305 5046 360 5092 et
391 5035 548 5090 Luca:
577 5051 628 5099 ν,
657 5047 711 5090 et
737 5054 801 5092 ex
839 5035 1084 5105 plurimis
1106 5035 1329 5091 Patrum
1363 5035 1708 5105 testimoniis.

377 5107 489 5177 (87)
542 5105 702 5160 Κατὰ
759 5124 890 5161 τινα
945 5106 1063 5160 τῶν
1120 5107 1511 5176 ἀντιγράφων.
1566 5105 1622 5177 ln
1674 5106 1870 5175 quibus

307 5176 472 5230 Marc.
510 5191 568 5230 ιιι
595 5178 720 5248 ,Ᾱ18
743 5217 757 5242 ,
794 5192 888 5246 pro
911 5177 1162 5229 Θαδδαῖον
1215 5177 1443 5248 legitur,
1480 5176 1743 5248 Λεϐὕαίον
1776 5186 1870 5228 aut

307 5249 487 5318 potius
534 5245 742 5318 Λεόήν,
797 5244 1354 5318 ’ῳιιιιῐιιιύιιιοιίιιιιίιιι
1398 5247 1632 5318 editione
1680 5244 1867 5318 Graeca

306 5311 879 5384 iI‘heodo.'eti,'qua:s_t.
916 5315 982 5368 16
1012 5317 1062 5384 in
1096 5314 1388 5383 Numeros,
1430 5317 1688 5384 habetur,
1733 5311 1869 5384 Θαδτ

303 5386 442 5449 δαῖος
468 5389 497 5438 6
517 5386 613 5440 καὶ
636 5381 782 5449 Δεῧί,
811 5385 898 5440 ubi
934 5385 986 5438 in
1013 5381 1413 5438 Caeco-Latina
1441 5383 1694 5444 Θαδδαῖος
1725 5385 1752 5433 6
1775 5381 1867 5434 καὶ

302 5455 584 5520 Λεϐϐαῖος.
617 5456 788 5510 Graeci
832 5454 1161 5524 posteriores
1190 5454 1417 5524 Λευαίον
1449 5455 1656 5524 dicunt.
1787 5453 1866 5524 ili-

304 5542 394 5579 cas
423 5526 610 5580 Matth.
639 5543 668 5580 ιι
687 5569 701 5592 ,
741 5525 802 5591 5,
832 5521 1099 5593 scriptum
1130 5523 1290 5574 etiam
1324 5540 1443 5577 esse
1485 5523 1576 5575 καὶ
1605 5521 1863 5584 Λεϐϐαῖος

302 5598 329 5648 6
359 5596 666 5666 ἐπικληθεὶς
709 5595 984 5658 Θαδδαῖος,
1040 5601 1222 5666 monet
1255 5593 1466 5666 _Millius_
1511 5594 1860 5666 hmc‘rverba,

292 5661 935 5737 Λεϐϐαῖοςὸὲπικληθείς,
955 5666 1143 5721 deesse
1179 5663 1231 5716 iu
1255 5663 1405 5730 Vulg.
1429 5663 1581 5730 Copt.
1614 5661 1860 5725 Iliorum,
1927 5671 1935 5676 '

1444 4417 1498 4464 et
1529 4408 1876 4464 Basileensis.
1911 4384 1955 4437 D

1992 4070 2047 4112 et
2077 4060 2127 4112 in
2159 4056 2540 4119 Prolegomen.
2571 4053 2676 4107 586
2699 4093 2712 4118 ,
2743 4057 3019 4110 contendit
3059 4075 3078 4108 ι
3121 4058 3382 4112 insertum
3421 4061 3558 4114 Λεσο

1991 4131 2140 4192 6αῖος
2221 4130 2249 4180 6
2328 4123 2693 4198 ἐπικληθείς,
2750 4127 2900 4198 haud
2984 4127 3129 4198 aliud
3202 4143 3320 4182 esse
3395 4131 3558 4198 quam

1990 4200 2217 4252 studiosi
2276 4193 2555 4265 cujusdam
2611 4193 2890 4257 scholiou,
2938 4197 3027 4263 qui
3085 4211 3116 4249 e
3170 4193 3553 4265 regione—«:06,

1987 4267 2297 4329 Ματθαῖος,
2345 4264 2631 4319 adnotarat
2678 4265 2728 4316 in
2775 4264 3024 4334 margine
3061 4264 3374 4334 ἐπικληθεὶς
3415 4269 3554 4321 Λεϐ-

1988 4338 2159 4400 ϐαῖος,
2183 4352 2291 4404 quo
2315 4334 2675 4404 signiﬁcatum
2701 4333 2932 4404 volebat,
2949 4333 3266 4404 Matthamin
3292 4337 3434 4390 hunc
3457 4355 3554 4404 pu-

1984 4401 2254 4461 blicanum
2282 4404 2430 4456 illum
2469 4403 2642 4470 ipsum
2676 4415 2798 4455 esse
2828 4403 2918 4470 qui
2945 4401 3128 4457 Marco
3152 4411 3204 4457 et
3231 4403 3392 4458 Luca:
3419 4401 3553 4461 Acut

1981 4491 2076 4530 seu
2131 4471 2393 4535 Λεϐϐαῖος
2436 4473 2651 4524 dicitur.
2692 4470 2745 4522 ln
2784 4474 2885 4524 hoc
2915 4472 3160 4526 incidens
3191 4472 3393 4540 scriba,
3426 4491 3548 4530 cum

1980 4553 2188 4612 parletu
2227 4551 2404 4597 textus
2430 4555 2550 4595 esse
2583 4540 2849 4607 crederet,
2897 4555 3071 4610 neque
3112 4557 3238 4598 vero
3274 4543 3442 4599 sciret
3480 4547 3550 4602 ad

1978 4628 2142 4682 quam
2179 4613 2409 4682 princise
2433 4619 2639 4682 partem
2668 4622 2959 4682 spectaret,
2992 4626 3150 4666 voces
3176 4613 3340 4668 hasce
3367 4624 3548 4670 trans-

1979 4681 2184 4751 positas
2208 4681 2439 4748 conjecit
2458 4681 2509 4734 in
2542 4695 2740 4751 corpus
2769 4681 2890 4734 libri
2920 4682 3038 4736 loco
3066 4697 3169 4736 non
3193 4697 3315 4738 suo.
3356 4701 3375 4735 ι
3410 4685 3548 4742 Hinc

1977 4749 2237 4823 Origenes
2282 4751 2482 4823 asserit
2527 4749 2816 4823 nullibi_iu
2848 4755 3096 4823 catalogo
3146 4755 3544 4821 apostolorum,

1978 4818 2099 4877 nisi'
2115 4822 2330 4894 forteiu
2357 4822 2678 4894 quibusdam
2704 4818 2975 4894 Marci_t_tt,
3005 4818 3096 4886 f8,
3118 4818 3544 4894 exemplaribus,

1977 4894 2200 4962 reperiri
2241 4891 2426 4946 Levitn
2459 4889 3043 4962 pttlilicatttttti,_Marc.
3087 4907 3160 4958 tt,
3195 4889 3294 4956 14,
3315 4902 3368 4948 et
3411 4889 3541 4950 Luc.

1975 4959 2138 5027 v37,
2161 4972 2539 5024 memoratur»,
2564 4974 2721 5029 quem
2755 4977 2784 5012 a
2817 4959 3068 5016 Matthteo
3099 4964 3323 5031 proinde
3352 4965 3545 5017 distin-

1973 5033 2192 5101 guebat,
2217 5032 2343 5085 licet
2369 5031 2618 5101 eutndetn
2650 5045 2874 5101 prorsus
2906 5030 3179 5086 hominem
3211 5048 3331 5089 esse
3358 5035 3545 5089 videa-

1976 5098 2062 5154 iur
2086 5102 2292 5157 sentire
2321 5101 2371 5154 in
2400 5098 2717 5170 praefatione
2742 5100 3144 5168 explanationis
3167 5102 3218 5155 in
3246 5103 3539 5170 Epistulam

1973 5175 2040 5224 ad
2064 5172 2358 5225 Romanos.
2389 5168 2552 5224 Levin
2572 5185 2615 5241 _a
2646 5168 2898 5241 Mattharo
2924 5171 3210 5241 distinguit
3238 5168 3402 5225 etiam
3435 5173 3541 5226 lle-

1973 5241 2190 5296 racleon
2241 5241 2529 5295 haereticus
2572 5237 2976 5294 Valentinianus
3020 5237 3158 5308 apud
3203 5241 3537 5294 Clementem

1971 5310 2390 5365 Alexandrinum
2427 5326 2478 5364 tv
2509 5309 2803 5373 Stromat.,
2842 5323 2964 5379 pag.
3018 5310 3123 5364 502
3145 5350 3160 5375 ,
3189 5319 3245 5361 et
3282 5311 3423 5362 inter
3452 5324 3538 5362 re-

1969 5383 2237 5435 centiores
2287 5380 2438 5449 l-lugo
2491 5380 2737 5442 Grotius,
2767 5381 2859 5449 cui
2900 5379 3022 5449 vide
3069 5393 3190 5446 qua:
3245 5379 3536 5449 respondet

1966 5450 2269 5506 Cotelerius
2343 5446 2396 5504 in
2468 5451 2612 5504 notis
2676 5452 2744 5503 ad
2821 5448 3196 5502 Constitution.
3257 5446 3531 5514 apostolic.

1968 5537 2082 5581 viu,
2125 5522 2178 5585 2,
2217 5532 2270 5573 et
2326 5521 2630 5576 Dodweltus
2677 5517 3058 5572 dissertatione
3109 5513 3374 5584 priuta’in
3417 5513 3533 5568 Ire-

1967 5607 2159 5656 lthJt,
2193 5591 2218 5661 §
2249 5590 2340 5644 54.
