3988 6156
448 266 551 321 ’175

1908 248 2232 306 ORIGENIS

3601 242 3707 298 ’76

452 385 572 433 rent
599 376 967 432 Christianam
1002 375 1317 442 religionem
1341 381 1397 426 et
1442 370 1693 425 homines
1731 367 1899 422 verbo
1932 366 2022 420 Dei

2133 362 2310 433 μένοις
2345 362 2622 433 φρονίμως
2662 360 2754 411 καὶ
2779 358 3135 427 εὐγνωμόνως
3178 359 3449 425 ἐξετάζειν
3481 359 3550 411 τά
3582 356 3711 431 περὶ

450 470 799 538 subjicerent.
822 468 939 523 Non
962 468 1106 522 enim
1125 468 1204 521 eis
1221 465 1519 519 seeundmn
1540 474 1685 515 artes
1714 458 2025 515 Graecorum

452 562 766 617 dialecticas
784 568 877 614 aut
895 558 1195 613 rhetoricas
1211 555 1425 609 dicendi
1444 552 1678 607 facultas
1692 560 1745 605 et
1764 550 2028 603 disseren-

453 655 505 708 di
542 654 677 707 ratio
698 654 872 706 inerat
895 664 1000 719 qua
1020 649 1296 703 auditores
1319 648 1423 701 sibi
1442 644 1824 699 conciliarent.
1853 643 2027 711 Atque

451 744 699 810 etiam,si
725 741 882 797 Jesus
922 740 1177 808 elegisset
1213 747 1267 793 et
1301 737 1566 791 doctrinae
1594 750 1706 790 suae
1748 734 2027 788 ministros

449 831 783 888 adhibuisset
809 843 935 895 eos,
974 828 1067 898 qui
1113 827 1411 880 multorum
1456 824 1718 892 Opinione
1750 821 2025 887 sapientes

448 924 610 995 377
654 922 943 985 habentur,
1006 927 1060 974 et
1113 926 1208 971 aut
1252 916 1526 984 cogitandi
1585 913 1886 967 subtilitale
1934 923 2026 962 aut

447 1013 723 1069 sermonis
778 1011 1035 1065 facundia
1094 1007 1462 1062 multitudinis
1520 1005 1744 1073 plausus
1801 1011 2026 1071 captare

448 1112 680 1175 possunt
708 1121 721 1169 ;
752 1102 898 1172 justa
929 1117 1051 1156 meo
1084 1102 1305 1170 quidem
1332 1098 1535 1167 judicio
1565 1095 1802 1163 suspicio
1831 1092 2027 1146 fuisset

450 1194 612 1248 simili
643 1208 767 1248 eum
806 1194 1019 1246 ratione
1048 1202 1212 1260 atque
1240 1190 1326 1241 via
1361 1203 1517 1241 usum
1550 1185 1739 1248 fuisse,
1775 1198 1878 1251 qua
1907 1182 2026 1250 phi-

449 1285 658 1354 1050phi
692 1291 855 1337 secta:
884 1282 1184 1352 cuiuspiam
1219 1286 1471 1333 auctores
1522 1275 1603 1329 usi
1654 1283 1803 1335 sunt,
1855 1286 2025 1341 neque

447 1380 591 1448 quod
638 1377 963 1448 promissum
1000 1384 1083 1429 est
1115 1374 1181 1427 de
1241 1372 1502 1427 doctrina:
1556 1368 1673 1437 ejus
1722 1366 2022 1430 divinitate,

445 1469 722 1522 videretur
772 1464 1149 1535 adimpletum.
1204 1460 1336 1515 Nam
1376 1474 1555 1515 sermo
1599 1468 1658 1512 et
1718 1455 2025 1524 praedicatio

446 1560 681 1614 fuissent
711 1560 764 1611 in
794 1556 1146 1627 persuasione
1170 1553 1318 1607 illius
1350 1551 1652 1620 sapientia},
1684 1562 1804 1615 quas
1832 1547 2025 1600 verbo~

446 1666 567 1705 rum
640 1650 908 1704 lenocinia
965 1656 1019 1702 et
1070 1657 1213 1715 aptae
1266 1642 1677 1713 compositionis
1738 1639 2025 1694 blanditias

447 1742 670 1796 affectat
703 1758 718 1793 :
763 1750 819 1794 et
848 1740 977 1793 fides
1007 1739 1123 1792 hzec
1172 1746 1358 1789 nostra
1392 1733 1616 1801 perinde
1650 1748 1710 1785 ae
1741 1746 1826 1795 ea,
1862 1743 2022 1797 quam

446 1835 559 1890 suis
590 1832 861 1903 dogmatis
897 1830 1097 1884 habent
1122 1826 1281 1895 hujus
1307 1826 1491 1880 mundi
1531 1821 1858 1892 philosophi,
1886 1816 2025 1873 luis-

446 1934 531 1979 set
566 1942 584 1976 ι
619 1925 671 1977 in
708 1922 977 1987 sapientia
1010 1920 1289 1974 hominum
1331 1927 1385 1972 et
1411 1931 1517 1971 non
1549 1916 1745 1969 virtute
1778 1915 1871 1968 Dei
1898 1912 1965 1967 ⁸⁷.
2000 1931 2019 1964 ι

448 2015 601 2069 Nunc
630 2023 808 2068 autem
838 2012 1027 2080 ecquis
1062 2020 1167 2077 est,
1227 2010 1340 2078 qui,
1376 2023 1500 2062 cum
1546 2007 1693 2061 videt
1723 2006 2025 2076 piscatores

448 2116 505 2160 et
530 2105 852 2175 publicanos
876 2105 959 2157 vel
988 2103 1289 2171 primorum
1321 2100 1714 2154 elementorum
1749 2097 2027 2166 imperitos

449 2196 528 2268 (id
563 2196 710 2251 enim
741 2195 807 2250 de
829 2194 937 2249 illis
967 2194 1253 2262 Scriptura
1283 2199 1538 2254 testatur,
1575 2200 1629 2245 et
1651 2189 1845 2244 Celsus
1893 2189 2025 2258 ipsis

448 2287 799 2343 inscientiam
831 2300 983 2341 suam
1015 2298 1146 2339 vere
1170 2284 1608 2338 describentibus
1645 2279 1866 2350 credit),
1897 2294 2027 2334 eon-

451 2380 682 2433 lidenter
726 2378 793 2432 de
826 2377 931 2431 fide
977 2374 1104 2431 Jesu
1152 2376 1491 2445 adjungenda
1532 2388 1635 2427 non
1680 2372 1838 2426 modo
1884 2372 2024 2441 apud

448 2467 664 2523 Judzeos
690 2467 989 2535 disputare,
1032 2465 1125 2519 sed
1154 2465 1316 2518 etiam
1365 2462 1505 2530 apud
1558 2463 1797 2528 reliquas
1838 2469 2027 2530 gentes

450 2571 711 2627 prospere
763 2552 946 2609 Jesum
1001 2553 1351 2617 annuntiare,
1412 2568 1521 2605 non
1560 2550 1838 2620 qumsierit
1880 2550 2024 2602 unde

454 2648 561 2703 illis
588 2643 1180 2714 inessetpersuadendi
1218 2640 1493 2696 facultas?
1526 2656 1703 2709 neque
1730 2640 1874 2694 enim
1902 2646 2027 2692 erat

444 2737 706 2807 vulgaris.
763 2734 966 2803 Ecquis
1022 2749 1127 2787 non
1179 2731 1379 2786 dixerit
1428 2731 1613 2787 Jesum
1658 2732 1709 2784 iu
1767 2728 2028 2799 apostolis

446 2830 629 2884 divina
664 2828 901 2899 quadam
939 2826 1144 2880 virtute
1182 2834 1499 2880 exsecutum
1548 2824 1715 2878 fuisse
1749 2823 1894 2892 quod
1945 2822 2027 2876 his

449 2919 891 2987 promiserathis
912 2918 1092 2971 verbis
1120 2933 1133 2968 :
1164 2936 1182 2968 ι
1210 2916 1406 2970 Venite
1431 2924 1551 2984 post
1580 2930 1684 2978 me,
1715 2914 1910 2967 faciam
1932 2928 2028 2968 vos

2129 454 2252 515 τοὺς
2298 451 2627 513 ἀποστόλους
2667 450 2762 502 τοῦ
2809 448 2983 519 Ἰησοῦ
3007 491 3023 514 ,
3064 450 3343 518 φαίνεται,
3376 451 3459 503 ὅτι
3486 450 3713 520 δυνάμει

2129 542 2247 613 θείᾳ
2295 543 2570 596 ἐδίδασκον
2616 538 2761 596 οὑτοι
2803 542 2893 595 τὸν
2947 542 3411 612 Χριστιανισμὸν,
3462 542 3556 594 καὶ
3586 544 3710 595 ἐπε

2126 634 2392 703 τύγχανον
2467 634 2768 701 ὑπάγοντες
2845 632 3165 703 ἀνθρώπους
3240 631 3320 702 τῷ
3398 631 3540 701 λόγῳ
3615 632 3707 685 τοῦ

2126 726 2281 779 Θεοῦ.
2327 726 2401 779 Οὑ
2443 726 2552 796 γὰρ
2592 726 2624 795 ἡ
2673 727 2752 787 είς
2785 724 2847 776 τὸ
2891 723 3069 792 λέγειν
3117 723 3372 793 δύναμις,
3428 724 3523 777 καὶ
3558 722 3709 788 τάξις

2127 817 2464 886 ἀπαγγελίας
2488 856 2503 880 ,
2547 815 2688 870 κατά
2726 814 2826 878 τὰς
2870 812 3132 884 Ἑλλήνων
3164 814 3511 877 διαλεκτικὰς
3540 814 3573 884 ἢ
3608 816 3703 883 ρη-

2126 909 2347 979 τορικὰς
2420 910 2648 977 τέχνας,
2704 902 2771 977 ἦν
2836 907 2892 958 ὲν
2954 907 3136 969 αὐτοῖς
3206 906 3524 976 ὑπαγομένη
3584 907 3706 969 τοὺς

2127 997 2443 1061 ἀκούοντας.
2506 1000 2663 1050 Δοκεῖ
2721 997 2777 1048 δέ
2843 1013 2969 1066 μοι,
3030 997 3111 1048 ὅτι
3185 998 3380 1068 σοφοὺς
3436 996 3547 1069 (88)
3611 998 3704 1066 μέν

2125 1104 2276 1151 τινας
2304 1090 2379 1150 ὡς
2412 1090 2548 1159 πρὸς
2587 1088 2684 1158 τὴν
2722 1087 2829 1141 τῶν
2873 1087 3080 1140 πολλῶν
3128 1088 3414 1158 ὑπόληψιν,
3451 1088 3547 1141 καὶ
3591 1090 3707 1140 ἰκα-

2126 1178 2254 1241 νοὺς
2290 1180 2423 1250 πρὸς
2453 1180 2514 1231 τὸ
2546 1182 2684 1231 νοεῖν
2717 1179 3059 1248 ἀρεσκόντως
3102 1177 3333 1248 πλήθεσι
3371 1178 3466 1230 καὶ
3508 1178 3704 1245 λέγειν,

2127 1274 2528 1342 ἐπιλεξάμενος,
2570 1273 2662 1325 καὶ
2698 1274 3039 1342 χρησάμενος
3087 1272 3268 1333 αὑτοῖς
3311 1270 3578 1332 διακόνοις
3609 1272 3704 1340 τῆς

2124 1368 2468 1431 διδασκαλίας
2524 1371 2551 1420 ό
2614 1366 2849 1437 Ἰησοῦς·
2918 1365 3237 1435 εὑλογώτατ’
3300 1369 3365 1421 ἂν
3432 1368 3701 1438 ὑπενοήθη

2124 1460 2286 1531 ὁμοίᾳ
2304 1460 2610 1528 φιλοσόφοις
2635 1458 2932 1529 κεχρῆσθαι
2948 1458 3061 1527 (89)
3090 1459 3301 1528 ἀγωγῇ,
3332 1459 3598 1529 αἱρέσεώς
3622 1479 3701 1513 τι-

2125 1568 2213 1612 νος
2242 1550 2690 1621 προϊσταμένοις·
2744 1550 2835 1602 καὶ
2862 1550 3043 1602 οὐκέτι
3096 1549 3160 1601 ἂν
3198 1552 3230 1620 ή
3270 1550 3397 1620 περὶ
3438 1550 3533 1602 τοῦ
3565 1550 3701 1604 θεῖόν

2126 1633 2263 1690 εἶναι
2289 1636 2382 1689 τὸν
2414 1636 2568 1703 λόγον
2594 1636 2892 1704 ἐπαγγελία
2921 1637 3264 1704 ἁνεφαίνετο’
3294 1638 3388 1690 ἆτε
3424 1638 3519 1690 τοῦ
3548 1638 3701 1705 λόγου

2126 1731 2276 1794 ὄντος
2302 1733 2398 1784 καὶ
2428 1730 2522 1783 τοῦ
2555 1731 2905 1801 κηρύγματος
2932 1734 2988 1784 ὲν
3012 1733 3188 1785 πειθοῖ
3221 1732 3330 1803 (90)
3358 1734 3457 1802 τῆς
3485 1737 3543 1787 ὲν
3572 1736 3701 1804 φρά-

2129 1840 2211 1874 σει
2239 1822 2331 1874 καὶ
2366 1820 2611 1874 συνθέσει
2650 1821 2761 1872 τῶν
2812 1820 3007 1886 λέξεων
3062 1820 3283 1889 σοφίας’
3335 1824 3429 1875 καὶ
3472 1819 3541 1895 ἦν
3573 1824 3637 1877 ἂν
3669 1828 3699 1896 ή

2128 1914 2332 1978 πίστις,
2363 1914 2565 1983 ὁμοίως
2592 1916 2657 1982 τῇ
2691 1913 2799 1965 τῶν
2851 1912 2946 1965 τοῦ
2981 1914 3185 1984 κόσμου
3229 1914 3535 1983 φιλοσόφων
3578 1918 3703 1987 περὶ

2124 2005 2233 2059 τῶν
2261 2006 2548 2076 δογμάτων
2583 2005 2785 2066 πίστει,
2822 2006 2880 2057 ὲν
2914 2004 3072 2074 σοφίᾳ
3130 2004 3453 2075 ἀνθρώπων,
3482 2009 3574 2060 καὶ
3608 2010 3702 2061 οὑκ

2127 2101 2186 2153 ὲν
2213 2097 2444 2168 δυνάμει
2488 2096 2643 2149 Θεοῦ.
2685 2096 2817 2149 Νυνὶ
2838 2096 2894 2148 δὲ
2929 2097 3029 2159 τίς,
3068 2096 3277 2167 βλέπων
3309 2098 3479 2161 ἁλιεῖς
3500 2100 3595 2152 καὶ
3622 2117 3704 2152 τε·

2126 2190 2320 2253 λώνας,
2380 2190 2514 2261 μηδὲ
2576 2189 2647 2242 τὰ
2706 2190 2897 2257 πρῶτα
2962 2190 3263 2261 γράμματα
3324 2191 3701 2262 μεμαθηκότας

2128 2282 2224 2351 (ὡς
2281 2280 2343 2333 τὸ
2395 2279 2725 2349 Εὑαγγέλιον
2783 2281 3087 2351 ἀναγράφει
3140 2283 3268 2351 περὶ
3309 2281 3509 2345 αὐτῶν,
3556 2283 3647 2335 καὶ
3675 2286 3701 2336 0

2127 2371 2337 2434 Κέλσος
2371 2371 2511 2423 κατά
2561 2370 2733 2423 ταῦτα
2767 2370 2878 2441 (91)
2920 2372 3281 2426 πεπίστευκεν
3322 2374 3526 2436 αὑτοῖς,
3574 2374 3700 2444 άλη-

2130 2460 2345 2515 θεὺουσι
2393 2462 2524 2532 περὶ
2580 2462 2679 2531 τῆς
2734 2462 2997 2524 ἰδιωτείας
3038 2462 3236 2532 αὐτῶν)
3286 2464 3702 2535 τεθαρρηκότως

2128 2556 2188 2607 οὑ
2222 2555 2380 2624 μόνον
2425 2554 2701 2616 Ἰουδαίοις
2732 2554 3050 2624 ὁμιλοῦντας
3091 2557 3219 2625 περὶ
3245 2556 3341 2625 τῆς
3374 2557 3451 2619 εἰς
3477 2556 3567 2608 τὸν
3602 2557 3702 2624 ἰη-

2133 2644 2257 2699 σοῦν
2302 2647 2556 2709 πίστεως,
2594 2646 2728 2699 ἀλλά
2779 2646 2871 2699 καὶ
2905 2649 2961 2699 ὲν
3010 2650 3122 2711 τοῖς
3170 2648 3373 2711 λοιποῖς
3412 2648 3587 2701 ἔθνεσι
3619 2666 3704 2717 κη-

2136 2737 2434 2809 ρύσσοντας
2464 2738 2625 2791 αὑτὸν
2660 2738 2752 2790 καὶ
2795 2737 3073 2803 ἀνὺοντας,
3106 2739 3205 2792 οὑκ
3231 2739 3295 2792 ἂν
3328 2739 3580 2808 ζητήσαι,
3616 2740 3704 2792 πό-

2130 2832 2220 2885 θεν
2255 2828 2323 2902 ἦν
2355 2833 2540 2893 αὑτοῖς
2562 2829 2789 2900 δύναμις
2831 2831 3086 2899 πειστική
3116 2829 3249 2900 (9‘2);
3289 2830 3348 2882 οὑ
3370 2829 3535 2900 γάρή
3570 2848 3704 2882 νενο-

2134 2924 2369 2993 μισμένη
2395 2924 2506 2984 τοῖς
2533 2921 2765 2983 πολλοῖς.
2800 2921 2907 2972 Καὶ
2932 2920 3016 2983 τίς
3060 2920 3159 2972 οὑκ
3198 2920 3263 2974 ἂν
3297 2919 3462 2988 λέγοι,
3517 2921 3599 2972 ὅτι
3628 2922 3702 2984 τὸ,

458 3014 767 3082 piscatores
789 3013 1067 3066 hominum
1104 3010 1193 3063 ‘3?
1229 3029 1246 3059 ι
1286 3010 1441 3065 lianc
1470 3010 1714 3063 eamdem
1769 3008 2022 3060 virtutem

2137 3033 2155 3065 ι
2198 3015 2361 3067 Δεῦτε
2403 3014 2578 3066 ὀπίσω
2609 3030 2733 3083 μου,
2762 3014 2855 3067 καὶ
2888 3014 3096 3083 ποιήσω
3130 3013 3272 3083 ὑμᾶς
3304 3012 3475 3075 ἁλιεῖς
3506 3012 3705 3082 ἀνθρώ-

449 3105 843 3159 eommendans
874 3100 1094 3165 Paulus,
1130 3111 1188 3155 ut
1238 3117 1400 3171 supra
1427 3100 1687 3163 diximus,
1727 3098 1804 3151 ait
1842 3115 1855 3150 :
1895 3115 1913 3149 ι
1961 3099 2027 3152 Et

450 3210 631 3249 sermo
659 3209 812 3250 meus
835 3204 887 3249 et
916 3194 1232 3264 prmdieatio
1266 3207 1382 3246 mea
1422 3206 1527 3244 non
1569 3191 1622 3243 in
1655 3190 2030 3259 persuasibili-

447 3285 551 3339 lms
599 3287 847 3339 humana:
896 3284 1174 3351 sapientia:
1208 3282 1415 3344 verbis,
1458 3280 1557 3335 sed
1608 3280 1661 3335 in
1712 3282 2031 3335 ostensione

453 3373 701 3443 Spiritus
732 3383 785 3427 et
812 3372 1051 3437 virtutis,
1097 3381 1154 3425 ut
1203 3372 1334 3425 lides
1363 3382 1549 3425 nostra
1592 3385 1698 3424 non
1736 3372 1807 3425 sit
1852 3370 1905 3423 in
1939 3382 2030 3424 sa-

446 3467 655 3534 pientia
684 3466 987 3531 hominum,
1019 3464 1110 3517 sed
1142 3463 1192 3517 in
1222 3464 1427 3517 virtute
1458 3463 1552 3516 Dei
1584 3462 1651 3516 ⁶⁹.
1710 3482 1729 3515 ι
1773 3462 1931 3528 Nam,
1972 3473 2030 3516 ut

446 3557 762 3625 praedictum
798 3557 973 3610 fuerat
1005 3571 1033 3608 a
1070 3556 1348 3626 prophetis
1376 3554 1817 3628 prcedieationem
1851 3554 2029 3609 Eran-

446 3649 572 3718 gelii
622 3648 1141 3717 prmnuntiantibus,
1198 3668 1217 3700 ι
1280 3648 1544 3703 Dominus
1599 3648 1751 3702 dedit
1804 3650 2029 3701 verbum

446 3740 952 3808 evangelizantibus
1007 3740 1211 3794 virtute
1250 3739 1442 3803 multa,
1470 3755 1565 3794 rex
1627 3740 1891 3793 virtutum
1944 3739 2031 3791 di-

449 3832 577 3885 lecti
617 3831 701 3896 l’°;
739 3850 761 3885 ι
798 3843 855 3885 ιιι
882 3832 1202 3900 impleretur
1228 3843 1283 3887 et
1313 3835 1457 3888 istud
1491 3833 1805 3887 vaticinium
1843 3849 1904 3886 ει
1938 3832 2033 3884 Ve-

452 3922 648 3976 lociter
674 3922 847 3976 currit
878 3937 1057 3980 sermo
1080 3927 1195 3991 ejus
1226 3924 1294 3976 ἰ.
1343 3934 1362 3975 ι
1400 3922 1468 3977 Ει
1500 3924 1716 3992 quidem
1741 3924 1852 3992 jam
1885 3924 2034 3975 vide-

452 4030 577 4070 mus
606 4033 624 4067 ι
665 4017 717 4069 ἰιι
750 4030 968 4069 omnem
999 4026 1204 4071 terram
1241 4016 1478 4070 exivisse
1523 4030 1716 4069 sonum
1752 4032 1771 4065 ι
1808 4024 2031 4083 aposto-

452 4107 628 4162 lorum
676 4105 825 4171 Jesu,
864 4126 882 4159 ι
920 4116 977 4162 et
1027 4109 1079 4161 in
1133 4108 1269 4161 fines
1322 4108 1474 4161 orbis
1532 4116 1693 4161 terra:
1729 4108 1894 4161 verba
1933 4123 2032 4160 eo-

447 4212 569 4252 rum
597 4198 664 4252 ⁵².
695 4215 714 4249 ι
756 4197 1025 4264 Quocirca
1082 4200 1173 4267 qui
1206 4199 1437 4252 audiunt
1484 4198 1710 4251 verbum
1759 4214 1883 4253 cum
1919 4201 2031 4251 vir-

453 4298 570 4345 tute
623 4290 1004 4360 praadicatum,
1045 4292 1327 4360 replentur
1374 4301 1429 4344 et
1482 4290 1583 4358 ipsi
1635 4292 1852 4354 virtute,
1901 4305 2030 4361 quae

2134 3123 2270 3167 πων,
2324 3122 2341 3154 ι
2380 3105 2606 3173 δυνάμει
2638 3106 2745 3157 τινὶ
2768 3104 2887 3175 θείᾳ
2919 3105 2979 3157 ὲν
3028 3106 3140 3166 τοῖς
3174 3104 3487 3167 ἀποστόλοις
3543 3103 3701 3156 αὑτοῦ

2132 3196 2445 3267 ἐπλήρωσεν
2493 3197 2521 3249 0
2558 3197 2794 3266 Ἰησοῦς;
2825 3198 3053 3250 ’Ἡντινα
3083 3197 3175 3250 καὶ
3224 3197 3252 3248 0
3293 3196 3503 3259 Παῦλος
3552 3213 3705 3265 παρι-

2134 3286 2263 3348 στὰς
2295 3286 2388 3355 (ὼς
2418 3286 2511 3339 καὶ
2572 3287 2630 3340 ὲν
2678 3288 2791 3349 τοῖς
2834 3287 3089 3355 ἀνωτέρω
3139 3285 3477 3357 εἰρήκαμεν)
3539 3287 3701 3355 φησί·

2138 3396 2155 3427 ι
2193 3377 2302 3429 Kal
2331 3380 2358 3429 ὁ
2382 3376 2538 3444 λόγος
2574 3394 2674 3447 μου
2705 3377 2800 3429 καὶ
2829 3377 2890 3429 τὸ
2919 3378 3177 3447 κήρυγμά
3213 3393 3313 3446 μου
3360 3377 3459 3428 οὑκ
3504 3377 3561 3428 ὲν
3594 3392 3710 3427 πει-

2132 3466 2245 3533 θοῖς
2307 3470 2654 3542 ἀνθρωπίνης
2718 3472 2909 3540 σοφίας
2928 3472 3125 3539 λόγοις,
3175 3471 3286 3525 ἀλλ’
3340 3471 3398 3521 ἐν
3444 3470 3706 3533 ἀποδείξει

2133 3560 2447 3631 Πνεὺματος
2497 3563 2591 3615 καὶ
2634 3563 2935 3631 δυνάμεως,
2976 3564 3063 3615 ἵνα
3116 3564 3147 3633 ἡ
3191 3564 3371 3621 πίστις
3417 3564 3571 3632 ἡμῶν
3601 3562 3705 3631 (95)

2136 3652 2208 3722 μὴ
2329 3656 2385 3705 ἐν
2432 3654 2593 3725 σοφίᾳ
2624 3653 2947 3725 ἀνθρώπων,
2994 3655 3108 3707 ἀλλ’
3154 3658 3211 3708 ἐν
3239 3656 3462 3723 δυνάμει
3492 3653 3645 3706 Θεοῦ.
3686 3674 3701 3703 ι

2133 3744 2288 3795 Κατὰ
2325 3746 2434 3814 γὰρ
2458 3744 2523 3796 τὰ
2552 3746 2819 3815 εἰρημένα
2852 3746 2909 3798 ὲν
2956 3749 3066 3808 τοῖς
3100 3746 3422 3816 προφήταις,
3466 3761 3705 3813 προγνω-

2134 3832 2333 3898 anxi-3c
2356 3834 2757 3902 ἀπαγγέλλουσι
2782 3837 2911 3907 περὶ
2929 3838 3027 3907 τῆς
3052 3836 3328 3905 κηρύξεως
3354 3834 3447 3888 τοῦ
3470 3836 3707 3902 Εὑαγγε-

2134 3924 2287 3992 λίου,
2331 3946 2349 3977 ι
2396 3924 2601 3995 Κύριος
2646 3927 2815 3981 ἔδωκε
2864 3928 3015 3997 ῥῆμα
3057 3929 3167 3988 τοῖς
3206 3924 3707 3994 εὑαγγελιζομένοες

2132 4017 2359 4089 δυνάμει
2390 4020 2581 4089 πολλῇ,
2600 4021 2628 4071 0
2654 4019 2905 4088 βασιλεὺς
2932 4019 3040 4071 τῶν
3071 4018 3349 4088 δυνάμεων
3373 4016 3467 4068 τοῦ
3495 4018 3709 4085 ἀγαπη-

2132 4110 2247 4176 τοῦ,
2288 4132 2305 4162 ›
2329 4113 2415 4164 ἵνα
2443 4113 2535 4165 καὶ
2568 4115 2600 4183 ή
2651 4112 2882 4180 λέγουσα
2921 4112 3243 4182 προφητεία,
3284 4129 3301 4162 ι
3342 4111 3485 4173 Ἕως
3515 4111 3707 4178 τάχους

2131 4204 2418 4274 δραμεῖται
2451 4205 2479 4254 0
2506 4203 2661 4270 λόγος
2694 4202 2879 4268 αὑτοῦ,
2918 4222 2935 4253 ι
2973 4202 3251 4273 πληρωθῇ.
3300 4201 3408 4253 Καὶ
3444 4198 3706 4269 βλέπομέν

2132 4313 2217 4361 γε,
2241 4296 2322 4347 ὅτι
2361 4314 2378 4346 ι
2423 4297 2502 4357 εἰς
2534 4297 2716 4347 πᾶσαν
2756 4294 2854 4363 τὴν
2880 4294 2983 4362 γῆν
3017 4291 3237 4362 ἐξῆλθεν
3270 4294 3297 4345 0
3328 4290 3436 4344 τῶν
3480 4290 3707 4343 ἀποστό-

448 4398 575 4437 cum
631 4382 685 4438 in
735 4398 922 4437 eorum
969 4381 1251 4437 affectibus
1280 4383 1623 4453 actibusque,
1660 4392 1769 4437 tum
1800 4384 1855 4437 in
1888 4396 2022 4437 con-

2133 4387 2238 4439 λων
2276 4385 2448 4456 Ἰησοῦ
2503 4385 2762 4453 φθόγγος,
2796 4384 2889 4435 καὶ
2922 4384 3001 4444 είς
3046 4380 3115 4433 τὰ
3146 4381 3356 4451 πέρατα
3398 4380 3496 4449 τῆς
3533 4380 3707 4430 οίκου-

453 4475 653 4529 stantia
685 4475 754 4527 ad
804 4482 1034 4529 mortem
1072 4489 1169 4541 pro
1201 4476 1447 4528 veritatis
1484 4475 1799 4530 defensione
1853 4475 2025 4543 perfe-

451 4566 677 4621 rendam
708 4565 917 4630 elucet;
958 4567 1180 4637 quidam
1215 4577 1395 4621 autem
1426 4568 1581 4621 Vaeui
1617 4577 1769 4632 sunt,
1802 4568 2019 4621 etiamsi

455 4656 567 4711 Deo
607 4674 701 4727 per
747 4654 936 4713 Jesum
986 4662 1212 4716 credere
1249 4660 1628 4725 profiteantur,
1678 4660 1770 4728 qui
1819 4660 2021 4713 virtute

521 4864 566 4897 ⁵⁷
587 4864 611 4921 Ι
635 4865 761 4923 Cor.
786 4884 846 4934 ιι,
877 4868 932 4923 5.
1015 4866 1063 4897 ⁸⁸
1085 4864 1478 4933 Matth.|v,19.
1554 4868 1600 4900 δ’
1626 4868 1645 4922 ι
1668 4870 1791 4924 Cor.
1811 4885 1870 4933 ll,
1894 4870 1945 4925 4.
2025 4891 2026 4896 η

2133 4871 2225 4928 sal.
2254 4871 2525 4936 vau,12.
2604 4871 2647 4901 δι
2670 4867 2809 4924 Psal.
2840 4863 3148 4929 cxcvu,15.

520 5054 634 5125 (88)
669 5052 839 5109 Codd.
886 5052 1082 5123 Regius
1116 5067 1173 5107 et
1203 5053 1563 5125 Dasileensis,
1594 5053 1764 5125 erret
1800 5052 2018 5125 σοφούς.

448 5122 617 5180 Paulo
647 5135 765 5196 post
798 5122 1113 5196 Philocalia,
1144 5124 1279 5196 πρὸς
1308 5125 1368 5178 τὸ
1397 5126 1536 5177 νοεῖν
1568 5123 1661 5177 καὶ
1688 5122 2023 5195 λέγειν’ἀρέ-

449 5212 680 5257 σκοντας
706 5194 986 5267 πλήθεσιν.

520 5310 633 5383 (89)
659 5310 1022 5381 Κεχρῆσθαι.
1057 5308 1147 5363 Sic
1173 5319 1323 5383 recte
1347 5306 1663 5383 Pliiloealia.
1692 5306 2028 5383 lloeschelius

450 5378 631 5435 autem
660 5395 715 5436 et
742 5378 1070 5450 Speueerus,
1108 5378 1471 5450 κεκηρῦχθαι.
1514 5378 1676 5433 Paulo
1722 5392 1846 5446 pom
1900 5378 2029 5450 Phi-

454 5452 671 5511 localia,
732 5447 903 5506 codex
958 5449 1160 5518 Regius
1215 5447 1269 5504 et
1322 5447 1675 5513 Basileensis,
1729 5447 2029 5518 ἐπαγγελία

453 5522 790 5590 ἀνεφαίνετο.
848 5516 1186 5577 “(eschelius
1232 5528 1287 5576 et
1336 5520 1662 5591 Spencet‘us,
1722 5516 2030 5587 ἀπαγγελία

452 5593 790 5659 ἀνεφαίνετο,
816 5593 972 5646 male.

528 5684 638 5755 (90)
686 5684 853 5743 Cod-1.
911 5684 1039 5755 llcg.
1100 5684 1444 5753 Basilceusis,
1500 5682 1604 5739 duo
1637 5679 1908 5748 Vaticani,
1967 5685 2021 5735 et

2134 4481 2303 4550 μένης
2332 4478 2399 4530 τὰ
2428 4480 2646 4548 ῥήματα
2675 4475 2850 4527 αὑτῶν
2892 4474 3019 4545 (94).
3072 4492 3089 4523 ι
3128 4472 3225 4524 Διά
3248 4470 3401 4523 τοῦτο
3429 4468 3705 4537 δυνάμεως

2134 4574 2231 4642 μὲν
2257 4570 2586 4641 πληροῦνται
2635 4571 2683 4620 οἱ
2738 4567 2895 4635 λόγου
2939 4564 3030 4617 τοῦ
3064 4563 3199 4633 μετά
3223 4563 3503 4632 δυνάμεως
3532 4560 3709 4643 ἀπαγέ

2127 4662 2449 4732 γελλομένου
2482 4661 2788 4721 ἀκούοντες,
2822 4659 2886 4728 ἣν
2924 4655 3323 4709 ἐπιδείκνυνται
3355 4655 3421 4723 τῇ
3448 4668 3507 4704 τε
3534 4648 3706 4704 διαθέ-

3226 4862 3273 4892 ⁸²
3296 4860 3437 4913 Psal.
3468 4872 3624 4923 xvtu,
3652 4856 3703 4910 5.

2132 5048 2473 5105 lltesclmlius
2498 5048 2547 5100 in
2577 5057 2747 5109 textu,
2770 5048 2825 5097 ἐν
2850 5042 3076 5105 πειθοῖς.
3099 5037 3413 5103 Philocalia,
3437 5037 3494 5090 έν
3510 5034 3705 5089 πειθοῖ.

2203 5138 2314 5212 (91)
2350 5139 2557 5212 Ταῦτα.
2582 5138 2780 5212 Quieto
2814 5134 3165 5212 srribendum
3197 5132 3431 5193 videtur,
3460 5128 3507 5179 τ’
3545 5127 3701 5179 αὑτά.

2202 5205 2314 5281 (92)
2356 5209 2670 5266 Ι³Ιιίίυι·υιί;ι,
2704 5205 2951 5274 πιστική.

2199 5301 2309 5371 (93)
2347 5297 2564 5369 Ἠμῶν.
2617 5296 2771 5366 Apud
2818 5294 3041 5348 Paulum
3092 5291 3314 5359 legitur,
3347 5285 3524 5358 ὑμῶν,
3556 5284 3697 5355 quod

2128 5379 2376 5440 putauit.

2201 5460 2310 5531 (94)
2349 5456 2675 5531 Τιἰῥήμςιτιῑ
2709 5453 2927 5531 αὐτῶν.
2991 5452 3078 5506 Sic
3129 5465 3310 5531 nimios
3360 5448 3517 5500 codd.
3562 5459 3700 5531 'mss;

2131 5540 2184 5584 et
2206 5518 2536 5583 ‘l’hiloealia.
2565 5526 2911 5579 llmschelius
2942 5539 3068 5577 vero
3099 5534 3149 5575 et
3184 5521 3519 5589 Spencerus,
3553 5518 3580 5569 0
3611 5518 3704 5589 τοῦ

2129 5600 2441 5653 ἀποστόλων
2470 5600 2643 5665 λόγος.
2678 5596 2877 5665 Ibidem
2911 5584 3403 5665 Philoralia'male,
3433 5584 3695 5665 πληροῦν-

2128 5689 2216 5724 ται
2250 5672 2296 5723 οἱ
2325 5671 2471 5737 λόγοι
2500 5656 2765 5736 τοῦμετὰ
2800 5664 3079 5731 δυνάμεως
3106 5656 3597 5727 ἐπαγγελλομένου.
