3988 6156
303 276 396 330 ΠἹ

1477 263 1753 320 CONTRA
1791 264 2067 321 CELSUM
2104 263 2231 318 LIB.
2275 263 2316 316 1.

301 408 382 447 σει
411 386 501 442 καὶ
531 382 608 454 τῷ
641 381 758 453 βίῳ,
807 381 901 434 καὶ
950 381 1027 451 τῷ
1077 380 1181 444 ἕως
1227 380 1457 434 θανάτου
1509 381 1866 451 ἀγωνίζεσθαι

1975 381 2147 436 divina
2176 391 2379 441 carent,
2416 387 2470 434 et
2497 378 2677 446 specie
2711 387 2870 434 tenus
2922 377 3085 434 verbo
3134 379 3226 434 Dei
3279 379 3528 435 adhaere-

301 479 425 551 περὶ
453 476 550 544 τῆς
582 473 862 543 ἀληθείας·
891 472 1125 524 διάκενοι
1151 471 1207 524 δέ
1249 471 1392 534 τινές
1414 473 1539 534 εἰσι,
1570 473 1672 524 κᾶν
1697 473 1866 539 ἐπαγ-

300 570 585 641 γέλλωνται
620 565 729 637 (95)
754 564 1030 617 πιστεύειν
1055 562 1132 633 τῷ
1173 562 1292 633 Θεῷ
1319 563 1406 615 διὰ
1452 562 1546 614 τοῦ
1587 563 1782 634 Ἰησοῦ,
1817 565 1864 614 oi

302 656 374 727 μὴ
394 654 618 722 δύναμιν
644 651 791 704 θείαν
822 651 1052 721 ἔχοντες,
1083 651 1451 719 προσάγεσθαι
1483 651 1764 713 δοκοῦντες
1790 650 1867 720 τῷ

299 747 435 816 λόγῳ
456 742 550 796 τοῦ
570 741 726 794 θεοῦ.
754 743 816 795 Εἰ
851 742 943 794 καὶ
971 742 1225 814 ἀνωτέρω
1255 741 1298 794 δ’
1333 741 1608 812 ἐμνήσθην
1635 741 1867 808 εὐαγγε-

297 834 444 888 λικοῦ
476 832 638 904 ῥητοῦ
670 831 772 884 ὑπὸ
798 831 889 884 τοῦ
924 832 1171 902 Σωτῆρος
1193 830 1500 902 εἰρημένου,
1535 830 1686 882 οὐδὲν
1705 825 1866 900 ἦττον

297 925 390 979 καὶ
419 922 512 976 νῦν
551 921 698 992 αὐτῷ
729 921 867 975 κατὰ
913 922 1098 992 καιρὸν
1132 922 1426 992 χρήσομαι,
1469 919 1738 994 παριστὰς
1771 921 1866 972 καὶ

296 1010 393 1081 τὴν
412 1007 504 1060 τοῦ
539 1009 791 1078 Σωτῆρος
817 1009 973 1080 ήμῶν
1008 1011 1134 1080 περὶ
1159 1011 1259 1080 τῆς
1296 1009 1389 1061 τοῦ
1423 1009 1735 1078 εὐαγγελίου
1763 1026 1863 1078 κη-

299 1095 499 1166 ρύξεως
551 1097 856 1167 πρόγνωσιν
898 1097 1147 1151 θειότατα
1191 1099 1550 1169 δηλουμένην,
1610 1098 1705 1151 καὶ
1763 1099 1864 1168 τὴν

295 1187 385 1239 τοῦ
424 1187 583 1256 λόγου
632 1190 807 1258 ἰσχὺν,
843 1191 1014 1260 χωρὶς
1043 1189 1374 1244 διδασκάλων
1419 1188 1725 1260 κρατοῦσαν
1757 1188 1864 1243 τῶν

297 1282 655 1336 πιστευόντων
695 1284 762 1352 τῇ
808 1281 944 1351 μετᾶ
968 1282 1248 1353 δυνάμεως
1297 1281 1446 1344 θείας
1480 1280 1679 1334 πειθοῖ.
1729 1281 1866 1352 Φησὶ

299 1372 362 1442 δὴ
392 1373 420 1424 6
467 1371 707 1443 Ἰησοῦςο
749 1392 767 1424 ι
791 1373 848 1426 '0
879 1374 974 1443 μὲν
1009 1373 1266 1444 θερισμὸς
1296 1372 1482 1435 πολὺς,
1515 1373 1562 1425 οἱ
1593 1372 1647 1424 δέ
1701 1371 1864 1442 ἐργά-

293 1483 382 1519 ται
429 1467 630 1536 ὀλίγοι·
682 1469 910 1540 δεήθητε
961 1466 1052 1522 οὖν
1086 1469 1179 1522 τοῦ
1240 1457 1443 1538 Κυρίου
1487 1469 1580 1522 τοῦ
1636 1467 1916 1539 θερισμοῦ,

294 1575 415 1612 του.
447 1579 468 1612 ι

379 1651 534 1705 Ἐπεὶ
563 1653 620 1707 δέ
651 1655 745 1708 καὶ
788 1656 1118 1728 ἐπιρρήτους
1149 1653 1302 1712 εἶπεν
1333 1657 1669 1729 ἀνθρώπους,
1711 1657 1868 1711 τελώ-

296 1758 395 1804 νας
425 1743 522 1796 καὶ
546 1743 746 1808 ναύτας
799 1750 1197 1819 πονηροτάτους
1239 1749 1412 1818 λέγων
1444 1751 1472 1802 ὁ
1506 1750 1711 1812 Κέλσος
1741 1749 1867 1813 τοὺς

1968 479 2151 525 scunt.
2183 471 2292 524 Etsi
2338 483 2462 523 vero
2491 483 2649 537 supra
2691 471 2988 522 memoravi
3018 471 3159 537 quod
3191 467 3440 524 Salvator
3475 473 3526 524 in

1971 563 2264 631 Evangelio
2307 563 2479 628 dixit,
2539 561 2890 617 nihilominus
2924 571 3102 616 tamen
3146 562 3285 616 idem
3342 579 3531 618 rursus

1969 653 2077 709 huc
2137 664 2194 709 et
2247 654 2464 722 quidem
2523 660 2824 721 opportune
2857 653 3145 706 adducam.
3203 652 3340 706 Hinc
3385 654 3527 708 enim

1968 743 2147 812 quivis
2170 743 2468 811 perspiciet
2494 751 2549 796 et
2570 731 2848 811 Evangelii
2882 742 3320 810 praedicationem
3350 757 3378 794 a
3409 742 3531 796 Sal-

1973 843 2163 888 vatore
2189 842 2376 886 nostro
2405 833 2585 886 divine
2605 831 2778 886 fuisse
2804 832 3118 900 praevisum;
3156 840 3210 886 et
3240 843 3440 900 quanta
3463 834 3534 888 sit

1973 923 2123 977 verbi
2163 921 2307 977 illius
2332 923 2438 989 vis,
2479 937 2600 991 quae
2631 923 2794 976 etiam
2850 921 2970 976 sine
3020 923 3298 991 magistris
3345 925 3534 980 subdit

1971 1013 2137 1083 378
2163 1012 2264 1067 sibi
2297 1026 2392 1068 eos
2441 1013 2534 1080 qui
2564 1011 2724 1066 [idem
2761 1011 3182 1080 amplectuntur,
3209 1027 3370 1082 quam
3404 1014 3532 1080 ipsis

1970 1103 2396 1173 amplectendam
2427 1102 2607 1157 divina
2647 1103 2818 1156 virtus
2847 1104 3141 1170 persuasit.
3201 1104 3289 1157 Ait
3318 1102 3481 1159 Jesus
3517 1124 3529 1156 :

1975 1213 1994 1246 ι
2031 1195 2224 1249 Messis
2249 1194 2465 1263 quidem
2494 1193 2678 1250 multa,
2713 1193 2948 1261 operarii
2989 1202 3170 1248 autem
3218 1196 3406 1262 pauci;
3448 1212 3535 1248 ro-

1971 1291 2094 1352 gate
2123 1297 2249 1350 ergo
2280 1282 2557 1335 dominum
2587 1282 2800 1342 messis,
2836 1289 2894 1333 ut
2930 1279 3111 1334 mittat
3153 1284 3430 1346 operarios
3476 1285 3530 1336 in

1972 1386 2196 1426 messem
2228 1387 2377 1424 suam
2403 1371 2468 1422 ⁵³.
2507 1391 2524 1420 ι

1974 1468 2121 1531 ὅπως
2169 1467 2373 1539 ἐκϐάλῃ
2425 1465 2533 1537 (98)
2592 1466 2828 1537 ἐργάτας
2869 1468 2949 1529 εἰς
2993 1466 3084 1520 τὸν
3137 1466 3391 1537 θερισμὸν
3437 1469 3536 1523 αύ-

2043 1654 2130 1709 63.
2158 1653 2424 1720 Quoniam
2465 1660 2646 1705 autem
2685 1650 2872 1706 Celsus
2895 1652 3059 1706 etiam
3094 1651 3322 1707 infames
3364 1653 3534 1710 fuisse

1973 1745 2217 1799 homines
2243 1744 2378 1798 dixit
2407 1741 2698 1810 apostolos,
2730 1756 2867 1810 quos
2899 1743 3215 1809 publicanos
3247 1753 3302 1798 et
3332 1755 3531 1800 nautas

295 1833 627 1898 ἀποστόλους
664 1837 857 1906 Ἰησοῦ,
904 1840 997 1892 καὶ
1042 1842 1169 1910 περὶ
1218 1839 1408 1892 τούτου
1460 1841 1740 1912 φήσομεν·
1785 1840 1866 1893 ὅτι

1977 1834 2338 1902 nequissimos
2367 1841 2549 1897 vocat,
2583 1845 2646 1885 ca
2673 1833 2740 1885 de
2766 1847 2822 1885 re
2854 1833 3307 1899 respondebimus
3352 1835 3525 1903 ipsum

296 1922 492 1990 ἔοικεν,
545 1926 631 1980 ἵνα
681 1929 778 1998 μὲν
809 1930 1078 2004 ἐγκαλέσῃ
1122 1931 1200 2001 τῷ
1237 1932 1399 2002 λόγῳ,
1431 1932 1704 1985 πιστεύειν
1735 1933 1867 1986 ὅπου

299 2013 439 2069 θέλει
470 2019 583 2081 τοῖς
623 2021 1048 2091 γεγραμμένοις,
1103 2022 1188 2075 ἵνα
1227 2023 1284 2075 δὲ
1330 2025 1428 2094 τὴν
1466 2025 1869 2095 ἐμφαινομένην

298 2105 409 2178 (97)
439 2107 688 2178 θειότητα
707 2111 764 2163 ἐν
784 2113 896 2176 τοῖς
929 2111 1113 2175 αὐτοῖς
1145 2113 1366 2184 βιϐλίοις
1387 2114 1868 2188 ἀπαγγελλομένην

300 2196 376 2267 μὴ
413 2199 804 2271 παραδέξηται,
837 2203 1083 2257 ἀπιστεῖν
1127 2208 1240 2268 τοῖς
1285 2205 1638 2274 Εὑαγγελίοις
1662 2224 1674 2236 ο
1725 2208 1864 2270 δέον,

295 2286 358 2339 τὺ
390 2289 679 2361 φιλάληθες
723 2291 900 2345 ἰδόντα
948 2293 1057 2347 τῶν
1104 2295 1449 2366 γραψάντων,
1490 2299 1553 2350 ἐκ
1594 2298 1693 2368 τῆς
1741 2299 1868 2369 περὶ

296 2377 404 2431 τῶν
462 2381 718 2452 χειρόνων
767 2383 1087 2455 ἀναγραφῆς
1135 2386 1415 2439 πιστεῦσαι
1466 2389 1559 2439 καὶ
1601 2388 1868 2458 περὶτῶν

298 2467 604 2542 Θειοτέρων.
640 2474 950 2545 Γέγραπται
993 2476 1057 2546 δὴ
1100 2477 1156 2528 ἐν
1201 2479 1267 2546 τῇ
1318 2477 1571 2548 Βαρνάϐα
1610 2477 1867 2550 καθολικῇ

297 2561 555 2632 ἐπιίστολῇ
590 2563 720 2632 (98),
755 2563 898 2633 (ὅθεν
930 2565 958 2616 ὁ
997 2565 1204 2628 Κέλσος
1237 2566 1412 2619 λαϐὼν
1440 2569 1582 2636 τάχα
1609 2563 1762 2620 εἶπεν
1795 2565 1870 2621 εἷ-

297 2665 386 2701 ναι
410 2649 739 2721 ἐπιρῤήτους
789 2653 883 2706 καὶ
926 2654 1322 2724 πονηροτάτους
1357 2655 1482 2717 τοὺς
1519 2655 1867 2726 ἀποστόλους)

297 2738 381 2790 ὅτι
407 2739 686 2805 ἐξελέξατο
713 2743 840 2806 τοὺς
886 2743 1050 2806 ἰδίους
1089 2743 1416 2808 ἀποστόλους
1456 2744 1678 2814 Ἰησοῦς,
1710 2727 1868 2810 ὄντας

299 2828 442 2898 ὑπὲρ
472 2832 652 2884 πᾶσαν
684 2832 912 2902 ἀνομίαν
941 2833 1336 2905 ἀνομωτέρους.
1372 2836 1481 2886 Καὶ
1513 2837 1571 2887 ἐν
1601 2834 1678 2906 τῷ
1709 2834 1871 2906 εὐαγ-

296 2917 462 2989 γελίῳ
515 2920 572 2973 δέ
619 2920 699 2990 τῷ
725 2921 868 2974 κατὰ
899 2923 1113 2976 Λουκᾶν
1140 2939 1272 2992 φησι
1317 2924 1450 2993 πρὸς
1476 2923 1566 2977 τὸν
1610 2924 1810 2993 Ἰησοῦν
1841 2927 1870 2978 6

299 3007 540 3078 Πέτρος·
580 3027 600 3061 ι
640 3008 862 3076 Ἔξελθε
892 3012 989 3063 ἀπ’
1035 3010 1190 3082 ἐμοῦ,
1239 3013 1321 3064 ὅτι
1372 3012 1510 3084 ἀνὴρ
1549 3014 1870 3084 ἁμαρτωλός

298 3097 436 3167 εἰμι,
469 3099 662 3169 Κύριε.
711 3117 730 3150 ›
780 3099 938 3152 Ἀλλά
971 3100 1064 3153 καὶ
1105 3099 1133 3150 6
1182 3099 1392 3163 Παῦλος
1425 3101 1482 3153 ἐν
1514 3103 1580 3172 τῇ
1605 3102 1742 3172 πρὸς
1775 3103 1868 3155 Τι-

1973 1922 2166 1988 videri,
2201 1931 2258 1975 ut
2311 1923 2579 1976 obtrectet
2620 1930 2820 1975 nostrze
2874 1921 3153 1986 doctrinae,
3203 1938 3270 1977 ex
3313 1923 3379 1979 iis
3417 1939 3539 1994 quae

1979 2014 2178 2083 scripta
2215 2021 2341 2068 sunt
2389 2013 2589 2082 eligere
2635 2026 2734 2080 pro
2767 2011 2992 2066 libidine
3042 2014 3184 2081 quod
3221 2017 3429 2081 credat,
3482 2027 3537 2071 et

1974 2083 2195 2158 omnino
2228 2119 2332 2157 non
2365 2105 2588 2158 credere
2633 2103 2966 2172 Evangeliis,
2999 2120 3067 2160 ne
3101 2105 3442 2161 Divinitatcm
3481 2109 3534 2161 in

1989 2194 2096 2248 illis
2124 2192 2276 2248 libris
2307 2193 2586 2247 evidenter
2613 2193 3038 2247 demonstratam
3085 2195 3332 2250 conﬁteri
3370 2211 3532 2267 coga-

1974 2298 2099 2353 tur;
2129 2303 2249 2342 cum
2280 2296 2470 2341 contra
2509 2287 2728 2340 deceret
2750 2301 2897 2351 eum,
2931 2289 3046 2356 qui,
3084 2303 3188 2357 qua
3222 2290 3536 2344 sinceritate

1975 2389 2227 2433 auctores
2274 2379 2347 2432 illi
2379 2378 2718 2446 scripserint,
2750 2379 2988 2443 videbat,
3011 2395 3074 2434 eo
3104 2382 3276 2450 magis
3305 2383 3534 2436 divinio-

1973 2471 2124 2523 ribus
2152 2471 2314 2523 rebus
2342 2483 2478 2537 quas
2505 2479 2728 2523 narrant
2753 2470 2910 2523 Iidem
2946 2470 3256 2540 adjungcre,
3295 2472 3438 2541 quod
3469 2489 3536 2528 ne

1974 2558 2265 2626 abjectiora
2299 2559 2514 2626 quidem
2576 2561 3056 2626 prattermiserant.
3110 2559 3304 2616 Verum
3352 2572 3435 2616 cst
3481 2562 3533 2616 in

1971 2651 2232 2706 Barnabas
2265 2650 2522 2718 Epistolu,
2579 2653 2719 2704 unde
2767 2653 2999 2708 fortasse
3044 2653 3233 2709 Celsus
3285 2655 3530 2711 hauserit

1975 2741 2249 2810 apostolos
2278 2741 2505 2795 infames
2532 2740 2699 2796 fuisse
2727 2751 2782 2795 et
2822 2745 3208 2812 nequissimos,
3258 2743 3359 2812 legi
3406 2760 3531 2815 apo-

1974 2832 2141 2888 stolos
2171 2848 2198 2885 a
2229 2830 2354 2885 Jesn
2383 2829 2556 2885 fuisse
2607 2832 2828 2897 electos,
2882 2835 2973 2902 qui
3028 2836 3255 2904 improbi
3287 2845 3445 2890 erant
3479 2846 3539 2890 ut

1974 2921 2104 2976 nulli
2137 2923 2328 2990 magis.
2364 2921 2426 2972 Et
2451 2921 2504 2973 in
2538 2921 2832 2989 Evangelio
2862 2923 3156 2977 secundum
3190 2923 3394 2979 Lucam
3446 2926 3528 2979 di-

1973 3011 2052 3065 cit
2087 3010 2153 3065 ad
2180 3009 2367 3065 Jesnm
2396 3006 2590 3062 Petrus
2628 3025 2642 3062 :
2678 3028 2696 3059 ι
2730 3009 2956 3064 Discede
3003 3027 3032 3063 a
3084 3027 3191 3076 me,
3218 3015 3344 3082 quia
3377 3014 3538 3068 homo

1971 3110 2224 3170 peccator
2246 3115 2387 3162 sum,
2441 3100 2666 3155 Domine
2703 3103 2768 3156 “.
2821 3120 2840 3153 ›
2891 3101 2995 3156 Sed
3033 3112 3086 3157 et
3115 3104 3335 3171 Paulus,
3369 3108 3458 3175 qui
3485 3117 3542 3162 et

303 3186 494 3255 μόθεόν
520 3207 671 3259 φησι,
704 3191 796 3243 καὶ
823 3190 980 3254 αὐτὸς
1003 3189 1224 3262 ὕστερον
1255 3190 1547 3255 ἀπόστολος
1567 3191 1746 3263 Ἰησοῦ
1779 3210 1868 3262 γε-

1975 3189 2086 3258 ipse
2112 3197 2297 3258 postea
2325 3187 2498 3243 factus
2525 3199 2606 3244 est
2635 3189 2762 3246 Jesu
2787 3191 3084 3259 apostolus,
3119 3194 3171 3246 in
3195 3195 3434 3260 Epistola
3470 3197 3537 3250 ad

299 3278 558 3347 νόμενοςο
593 3281 674 3333 ὅτι
712 3298 730 3332 ι
773 3281 964 3344 Πιστὸς
1007 3284 1034 3335 ό
1065 3282 1239 3350 λόγος,
1269 3283 1350 3334 ὅτι
1393 3282 1596 3353 Ἰησοῦς
1636 3284 1867 3354 Χριστὸς

297 3361 464 3436 ἦλθεν
512 3368 621 3440 (99)
662 3373 742 3434 εἰς
771 3370 861 3425 τὸν
907 3373 1107 3442 κόσμον
1147 3373 1502 3444 ἁμαρτωλοὺς
1554 3374 1742 3439 σῶσαι,
1793 3369 1867 3428 ὧν

300 3459 516 3529 πρῶτός
546 3461 661 3531 εἰμι
697 3462 826 3530 ἐγώ.
867 3481 886 3514 ›
921 3464 1033 3516 Οὐκ
1075 3459 1190 3517 οῖδα
1237 3463 1280 3515 δ’
1309 3465 1456 3526 ὅπως
1487 3464 1778 3518 ἐπελάθετο
1832 3467 1866 3537 ἢ

298 3550 400 3603 οὐκ
428 3552 650 3622 ἐνόησεν
682 3556 809 3625 περὶ
853 3555 1064 3608 Παύλου
1111 3573 1164 3608 τι
1218 3557 1410 3620 εἰπεῖν,
1457 3554 1551 3608 τοῦ
1603 3557 1741 3626 μετά
1778 3557 1868 3611 τὸν

314 3643 519 3713 Ἰησοῦν
539 3644 637 3709 τὰς
672 3648 732 3700 ἐν
768 3647 985 3718 Χριστῷ
1036 3646 1304 3717 πήξαντος
1342 3648 1682 3718 Ἐκκλησίας.
1710 3649 1869 3712 Εἰκὸς

299 3732 426 3805 γὰρ,
456 3735 541 3788 ὅτι
564 3735 708 3807 ἐώρα
726 3737 932 3791 δεῖσθαι
963 3737 1109 3807 αὐτῷ
1130 3737 1419 3806 ἀπολογίας
1450 3739 1540 3790 τὸν
1570 3739 1698 3808 περὶ
1723 3737 1868 3790 Παύ-

298 3823 390 3878 λου
445 3827 624 3896 λόγον,
671 3828 808 3893 πῶς,
836 3827 1030 3893 διώξας
1073 3829 1169 3900 τὴν
1204 3828 1527 3899 Ἐκκλησίαν
1563 3828 1659 3882 τοῦ
1707 3829 1864 3892 Θεοῦ,

301 3920 394 3974 καὶ
452 3919 668 3991 πικρῶς
711 3921 1116 3991 ἀγωνισάμενος
1160 3920 1300 3974 κατά
1341 3923 1449 3973 τῶν
1484 3909 1864 3986 πιστευόντων,

298 4011 372 4075 ὡς
396 4015 491 4066 καὶ
525 4015 605 4077 εἰς
649 4013 876 4067 θάνατον
912 4013 1259 4083 παραδιδόναι
1296 4013 1497 4065 ἐθέλειν
1528 4013 1654 4076 τοὺς
1694 4011 1866 4082 Ἰησοῦ

304 4105 572 4176 μαθητὰς,
604 4103 827 4175 ὕστερον
862 4104 953 4155 ἐπὶ
989 4101 1237 4157 τοσοῦτον
1280 4103 1624 4172 μετεϐάλετο,
1656 4102 1730 4164 ὡς
1762 4103 1869 4154 ἀπὸ

311 4196 669 4270 Ἰερουσαλὴμ
699 4195 862 4266 μέχρι
894 4195 989 4248 τοῦ
1032 4193 1323 4265 Ἰλλυρικοῦ
1357 4193 1777 4266 πεπληρωκέναι
1818 4193 1880 4245 τὸ

368 4382 414 4415 ⁵³
441 4379 635 4436 Matth.
692 4394 773 4434 tx.
814 4353 902 4435 57:
979 4378 1026 4410 ⁵⁵
1051 4378 1182 4432 Luc.
1220 4393 1275 4442 v,
1305 4379 1360 4434 8.
1435 4378 1480 4409 ³⁵
1517 4377 1535 4430 ι
1574 4377 1714 4432 Tim.
1757 4393 1798 4436 t.
1838 4377 1891 4432 5.

1975 3279 2338 3343 Timotheum,
2381 3281 2462 3335 sic
2507 3281 2748 3337 scribit:
2806 3301 2825 3333 ι
2883 3283 3084 3339 Fidelis
3137 3299 3337 3349 sermo,
3395 3287 3537 3355 quod

1974 3372 2230 3427 Christus
2263 3369 2425 3426 Iesus
2455 3371 2601 3426 venit
2628 3372 2682 3426 in
2734 3373 2876 3428 hunc
2925 3375 3182 3429 mundum
3226 3388 3541 3445 peccatores

1974 3462 2155 3517 salvos
2184 3461 2385 3528 facere,
2416 3477 2646 3532 quorum
2673 3463 2880 3531 primus
2906 3480 3004 3532 ego
3029 3480 3147 3519 snm
3182 3467 3248 3521 ".
3283 3485 3302 3518 ι
3343 3468 3415 3521 At
3443 3483 3540 3522 nc-

1975 3554 2089 3609 scio
2117 3555 2389 3623 quomodo
2411 3555 2610 3610 oblitus
2630 3554 2796 3608 fuerit
2823 3562 2916 3608 aut
2957 3569 3022 3607 ne
3046 3556 3295 3624 cogitarit
3321 3559 3542 3625 quidem

1979 3646 2309 3700 mentionem
2352 3647 2530 3702 facere
2555 3648 2620 3701 de
2661 3645 2848 3710 Paulo,
2872 3646 2964 3713 qui
2995 3656 3118 3713 post
3139 3645 3321 3700 Jesum
3353 3647 3540 3704 Eccle-

1974 3737 2085 3792 sias
2116 3739 2168 3790 in
2195 3737 2413 3793 Christo
2458 3741 2759 3795 constituit.
2794 3739 3099 3794 Verisimile
3138 3749 3222 3794 est
3271 3741 3424 3794 illum
3458 3743 3539 3796 vi-

1977 3829 2122 3882 disse
2154 3844 2259 3883 non
2295 3844 2454 3898 posse
2488 3845 2546 3884 se
2576 3833 2640 3884 de
2665 3829 2829 3884 Paulo
2855 3829 3022 3897 loqui,
3070 3829 3198 3898 quin
3253 3831 3412 3884 simul
3456 3848 3542 3885 ra-

1980 3919 2179 3973 tionem
2214 3920 2460 3974 redderet
2487 3936 2604 3984 cur,
2637 3920 2728 3987 qui
2751 3919 2928 3975 fuerat
2956 3920 3254 3974 Ecclesiam
3287 3920 3380 3976 Dci
3423 3937 3544 3990 per-

1978 4018 2216 4076 secutus,
2248 4010 2436 4064 ﬁdeles
2459 4011 2723 4066 acerrime
2747 4011 3040 4066 insectatus
3067 4010 3276 4076 fuerat,
3309 4012 3435 4068 Jesn
3463 4017 3544 4068 di-

1977 4102 2212 4169 scipulos
2241 4103 2398 4156 morti
2427 4102 2642 4156 tradere
2661 4104 3030 4158 obstinaverat
3056 4102 3122 4170 “,
3147 4103 3191 4158 is
3214 4119 3382 4172 usque
3407 4109 3544 4158 adeo

1988 4204 2226 4248 mutatus
2257 4193 2444 4259 fuerit,
2475 4207 2533 4248 ut
2565 4211 2594 4248 a
2633 4193 2928 4248 Jerusalem
2965 4195 3030 4248 ad
3063 4192 3333 4266 Illyricum
3363 4193 3543 4247 Evan-

1967 4378 2013 4408 “
2056 4379 2175 4432 Act.
2216 4393 2289 4443 ιχ,
2321 4380 2367 4431 1.

375 4539 488 4612 (95)
528 4533 1188 4612 'Exqﬂéumrtat.nlla
1219 4533 1607 4612 codd._l_legit_rs_
1633 4543 1687 4612 et
1716 4533 1864 4612 Basi-

1975 4533 2132 4612 t'crlta
2159 4541 2472 4612 occurrunt,
2493 4546 2632 4612 pag.
2664 4532 2730 4585 16
2762 4549 2775 4584 :
2814 4533 2933 4612 ’Ότι
2971 4531 3027 4582 δέ
3058 4530 3183 4612 τοὺς
3217 4529 3388 4612 Letoa;

307 4603 523 4664 lec'ttsi's.
559 4603 697 4663 Εὐίιί
723 4603 854 4662 vero
873 4605 1294 4674 ἐπαγγέλωνται.
1321 4603 1517 4658 Ibidem
1555 4603 1674 4674 libri
1709 4603 1862 4674 editi,

305 4679 354 4730 οἱ
376 4679 464 4757 μὴ
513 4678 870 4757 ὑπὸ-δύναμιν
898 4671 1052 4757 θείαν
1101 4674 1340 4757 ἐχοντες.
1361 4671 1748 4757 πρρσέιγεσθαιὶ
1775 4672 1862 4753 δο-

307 4741 529 4818 κοῦντες
569 4747 644 4818 τῷ
687 4741 850 4818 λόγὶρ.
898 4748 1052 4800 Deest
1086 4741 1365 4818 _it:t'__cod_d.
1407 4741 1579 4818 Regio
1608 4751 1660 4818 et
1709 4741 1861 4818 Dasi-

308 4816 479 4868 lcensi
507 4812 814 4882 δοκὸῦντες,
837 4827 889 4869 et
922 4819 1055 4868 bene
1084 4814 1375 4868 Pltilocalia
1407 4813 1607 4882 omittit
1639 4812 1763 4865 ὑπό.

382 4882 494 4955 (96)
521 4881 822 4950 Spencerus
844 4887 895 4938 in
928 4895 1094 4947 textu,
1118 4883 1374 4955 ἐκϐάλλῃ,
1409 4884 1502 4938 sed
1529 4881 1864 4936 llmscltelius

308 4964 362 5008 et
393 4953 632 5026 quinque
655 4955 872 5026 codices
904 4968 1058 5026 mss.,
1091 4953 1313 5026 ἐκϐάλῃ.

383 5021 496 5090 (97)
539 5021 874 5092 lltnschelius
913 5022 964 5074 itt
1022 5031 1190 5092 textu,
1223 5020 1644 5092 ἐκφαινομένην,
1679 5020 1867 5090 sicque

311 5093 417 5144 duo
448 5092 606 5147 codd.
639 5091 901 5153 Vaticani,
931 5093 1024 5144 sed
1063 5091 1252 5157 reliqui
1292 5107 1419 5145 mss.
1452 5091 1505 5143 ct
1535 5091 1866 5158 Spcncertts,

308 5161 733 5231 ἐμφαινομένην.
781 5159 980 5231 Ibidem
1025 5175 1123 5228 pro
1162 5161 1662 5231 ἀπαγγελλομένην,
1690 5158 1866 5213 Bohc-

310 5229 446 5282 rclln
476 5229 822 5300 scribendum
853 5229 1084 5290 videtur,
1112 5229 1604 5300 ἐπαγγελλομένηνέ

382 5299 492 5371 (98)
545 5298 829 5371 Βαρνάϐα.
888 5298 1178 5371 καθοτζικῇ
1240 5297 1555 5371 ἐπιστολῇ.
1602 5297 1866 5371 _I_licron.,

312 5367 482 5421 Cum.
508 5367 688 5436 script.
723 5367 930 5438 coclea,
964 5368 1014 5418 itt
1046 5367 1205 5438 liam.
1240 5385 1252 5420 :
1284 5367 1866 5438 Bapvd6a;_Ktitt-ptog,

311 5441 338 5490 ὁ
366 5440 456 5491 καὶ
500 5435 693 5509 Ἰωσὴφ
719 5437 968 5509 Λευΐτης,
1004 5435 1136 5509 μετά
1166 5435 1378 5509 Παύλοῦ
1413 5439 1522 5509 τῶν.
1543 5436 1708 5509 ἐθνῷν
1735 5435 1872 5509 ἀπό-

316 5509 492 5572 στολος
545 5506 923 5578 κατασταθεὶς,
971 5506 1261 5578 μίανπρὸς
1289 5507 1572 5578 οἰκοδομὴν
1612 5507 1708 5578 τῆς
1749 5507 1871 5578 Ἐκ-

315 5578 534 5648 κλησῑας
577 5576 863 5646 ἐπιστολὴν
893 5575 1348 5648 συνέταξενή,ῗήτις
1376 5575 1588 5648 εἰςτὰς
1635 5575 1874 5648 ἀποκρύ-

317 5645 446 5713 φούς
479 5649 691 5720 γραφὰς
721 5645 1168 5714 ἀναγινώσκεται.
1200 5645 1263 5700 In,
1285 5647 1472 5702 eadem
1503 5647 1728 5717 cpistola
1758 5645 1874 5703 hazc

629 5743 877 5800 Pnnm.
924 5739 1040 5798 Gn.
1079 5739 1190 5801 XI.

1973 4601 2209 4664 στόλους,
2253 4603 2377 4664 τοὺς
2438 4601 2726 4670 μέλλοντας
2781 4601 3072 4670 κηρύσσειν
3111 4600 3171 4670 τὸ
3214 4599 3544 4670 Εὐαγγέλιον

1972 4672 2156 4734 αὑτοῦ,
2187 4670 2466 4770 ἐξελέξατὲ
2501 4671 2661 4770 ficum;
2699 4671 3057 4770 ύπέρέιῖσαν
3103 4669 3378 4770 ἀμαρτὲαν
3410 4670 3541 4770 ρινο-

1977 4741 2252 4770 ...ΔιρλιιςΑιιρ
2316 4740 2400 4770 τ’..η
2471 4757 2490 4770 ρ
2552 4757 2580 4770 ..ι
2617 4741 2693 4770 Ἀ...
2736 4741 2831 4770 ,ιιιίυ
2972 4756 2992 4770 ρ-
3027 4737 3118 4770 un}
3142 4755 3244 4770 ,en-
3315 4754 3399 4770 uu-
3428 4754 3519 4770 Ληρ-

1975 4741 2271 4812 μωτέρους,
2316 4735 2404 4812 ἵνα
2438 4738 2584 4812 δείξῃ
2617 4741 2696 4792 ὅτι
2736 4735 2833 4812 οὐκ
2866 4735 2995 4811 ἦλθε
3027 4735 3249 4812 καλέσαι
3282 4736 3538 4812 δικαίους,

2722 4807 2987 4863 ετάνοιαν.
3038 4808 3265 4860 -l|ieron.
3323 4807 3417 4858 lib.
3479 4821 3545 4862 tu

1973 4809 2084 4862 ἀλλ’
2127 4809 2494 4880 ’ἁμαρτωλοὺς
2538 4813 2618 4872 εἰς

2629 4895 2646 4928 ι
2682 4876 2947 4947 lgnatins.
2981 4879 3062 4947 vir
3099 4876 3451 4947 aposmlicus
3486 4885 3543 4928 et

1975 4879 2220 4932 adversus
2257 4879 2531 4947 l'elaginn.
2576 4899 2592 4934 :

1978 4959 2204 5018 martyr,
2237 4945 2748 5002 scribitaudacter?
2771 4947 2944 5015 Elegit
2977 4946 3225 5018 Dominus
3253 4945 3538 5018 apostolos,

1975 5020 2064 5087 qui
2097 5015 2498 5087 super/tamine;
2524 5027 2815 5084 peccatores
2839 5025 3004 5069 erant.
3040 5015 3167 5087 Sed,
3196 5029 3319 5067 cum
3346 5015 3398 5067 in
3427 5022 3540 5087 toto

1977 5083 2186 5156 [gnatio
2227 5086 2356 5140 nihil
2405 5083 2708 5153 hujusmodi
2751 5087 2988 5156 reperire
3013 5085 3103 5156 sit,
3139 5094 3271 5156 puto
3310 5083 3539 5156 cssela-

1979 5152 2160 5226 psum_
2203 5152 2512 5226 memoria;
2563 5164 2618 5208 et
2663 5152 2825 5226 quod
2863 5153 3125 5226 Barnabm
3188 5152 3536 5226 tribuendum

1977 5219 2115 5285 erat.
2142 5223 2349 5295 lgnatio
2397 5225 2563 5295 fuisse
2608 5219 2890 5278 tributum.
2925 5242 2944 5275 ι
2990 5222 3253 5287 Menard.,
3294 5221 3347 5274 in
3399 5219 3540 5272 notis

1978 5298 2042 5348 ad
2074 5294 2235 5347 Bar’n.
2266 5294 2434 5363 Epist.
2467 5294 2744 5348 Srsncsn-

2073 5354 2534 5442 99_)_lAl(nschcl_ins
2557 5376 2612 5418 et
2639 5359 3210 5442 SpencerusL’lqgoG;
3239 5354 3538 5442 ,Χριστῇςέᾲὸ

1980 5425 2111 5496 Θεὸς
2133 5425 2314 5506 ἦλθεν.
2350 5433 2455 5506 Sed
2489 5435 2540 5487 in
2578 5425 2704 5506 mss.
2743 5432 2932 5506 Regio,
2957 5425 3250 5484 Basileensi
3274 5425 3539 5506 simulta-

1980 5491 2424 5576 ὺιιέΛίιεΙίοοιιίε
2463 5505 2698 5576 secundo
2725 5491 2988 5576 et_tcr_tio,
3011 5512 3109 5576 nec
3136 5511 3243 5548 non
3273 5496 3324 5549 in
3361 5491 3542 5576 Philo:-

1981 5576 2110 5628 ralia
2165 5562 2314 5628 ticest
2373 5575 2402 5624 6
2453 5574 2602 5638 Θεός,
2653 5573 2796 5643 quod
2849 5562 2999 5643 abest
3041 5566 3202 5620 etiam
3253 5581 3284 5618 a
3323 5562 3543 5631 vulgat)

1981 5644 2132 5700 i’attli
2167 5654 2340 5700 textu.

3132 5726 3210 5784 '25

3423 263 3524 317 778
3611 269 3636 314 ἠ
