3988 6156
397 268 495 322 781

1597 262 1876 323 CONTRA
1910 260 2184 319 CELSUM
2222 261 2350 320 LIB.
2391 260 2432 317 Ι.

3526 260 3632 315 78'2

396 385 651 458 πειρᾶται
713 384 852 455 ὑπὲρ
912 383 1004 438 τοῦ
1047 385 1393 439 καταστεῖλαι
1440 384 1511 439 τὰ
1555 388 1613 440 ἐν
1660 386 1965 457 ἀνθρώποις

2081 393 2131 438 ut
2152 385 2201 438 in
2225 384 2533 439 hominibus
2562 381 2869 438 animarum
2890 381 3115 438 affectus
3142 382 3417 447 cohibeat,
3442 396 3633 449 parum

395 477 541 548 πάθη
574 474 682 530 τῶν
721 475 928 547 ψυχῶν,
974 479 1046 550 μὴ
1092 478 1601 550 προσποιησάμενος
1628 478 1700 551 (6)
1727 482 1875 532 ποῖον
1905 477 1966 531 τὸ

394 567 493 637 τῆς
531 566 786 637 ἀληθείας
830 570 945 621 ἐστὶ
977 569 1171 640 δόγμα,
1206 569 1528 640 θεραπεύειν
1552 572 1691 623 κατά
1721 571 1818 634 τὰς
1855 570 1968 623 δια-

396 660 593 728 φόρους
621 659 866 728 αἱρέσεις
896 660 1021 722 τοὺς
1052 662 1109 713 ἐν
1141 662 1253 723 τοῖς
1280 658 1473 712 πάθεσι
1508 658 1969 729 προκατειλημμέ-

393 765 535 813 νους,
579 748 671 800 καί
707 765 889 818 φησιν·
934 749 1015 802 ὅτι
1067 768 1085 799 ι
1144 747 1260 801 Κᾶν
1303 749 1461 819 ἡδονὴ
1492 748 1642 811 τέλος
1668 744 1731 821 ᾗ,
1771 749 1968 801 οὑτωσὶ

395 838 755 910 θεραπευτέον
785 838 855 891 τὰ
894 840 1063 911 πάθη’
1117 838 1218 892 κᾶν
1252 839 1377 911 τρία
1409 840 1539 910 γένη
1580 836 1689 891 τῶν
1726 836 1965 907 ἀγαθῶν,

394 935 547 987 οὐδὲν
596 928 756 1005 ἦττον
806 932 900 985 καὶ
954 930 1093 984 κατά
1138 930 1229 983 τὸν
1270 930 1425 998 λόγον
1458 926 1663 993 τοῦτον,
1706 930 1813 983 τῶν
1859 947 1966 982 πα-

396 1017 503 1075 θῶν
554 1022 627 1092 (7)
676 1020 848 1083 οὕτως
893 1019 1263 1073 ἀπαλλακτέον
1302 1019 1428 1081 τοὺς
1480 1019 1830 1090 ἐνεχομένους
1869 1019 1966 1073 αύ-

395 1115 525 1175 τοῖς.
567 1132 585 1163 ι
624 1108 685 1164 Oi
716 1111 771 1165 δὲ
802 1113 1095 1182 κατήγοροι
1125 1106 1219 1163 τοῦ
1248 1110 1674 1181 Χριστιανισμοῦ
1702 1112 1798 1181 οὐχ
1831 1111 1969 1182 ὀρῶ-

398 1221 504 1267 σιν,
532 1203 671 1257 ὅσων
701 1203 850 1274 πάθη
883 1202 978 1255 καὶ
1028 1202 1167 1254 ὅσων
1196 1200 1349 1271 χύσις
1374 1202 1568 1265 κακίας
1616 1204 1969 1256 καταστέλλε-

394 1312 506 1360 ται,
551 1296 647 1347 καὶ
690 1294 827 1347 ὅσων
865 1294 1029 1362 ἄγρια
1078 1292 1184 1363 ἢθη
1231 1292 1526 1364 ἡμεροῦται
1574 1293 1840 1364 προφάσει
1874 1293 1967 1347 τοῦ

394 1384 572 1454 λόγου.
608 1378 679 1456 ⁷ῼ
717 1384 822 1437 ἔδει
852 1384 1150 1454 αὐχοῦντας
1184 1384 1381 1446 αὐτοὺς
1438 1385 1497 1436 τὸ
1544 1385 1854 1437 κοινωνικὸν
1894 1385 1967 1455 (8)

396 1477 624 1547 χάριτας
647 1475 946 1546 ὁμολογεῖν,
975 1477 1134 1546 καινῇ
1180 1475 1388 1545 μεθόδῳ
1416 1474 1624 1528 πολλῶν
1654 1476 1841 1529 κακῶν
1871 1494 1968 1546 με-

396 1569 725 1637 ταστήσαντι
751 1568 877 1629 τοὺς
903 1565 1241 1636 ἀνθρώπους
1266 1566 1359 1618 καὶ
1393 1570 1686 1637 μαρτυρεῖν
1712 1584 1772 1635 γε
1797 1567 1967 1637 αὐτῷ,

396 1660 447 1711 εί
476 1658 570 1711 καὶ
619 1659 691 1728 μὴ
723 1656 995 1728 ἀλήθειαν,
1040 1655 1173 1709 ἀλλὰ
1210 1656 1270 1709 τὸ
1306 1656 1577 1720 λυσιτελὲς
1618 1656 1696 1727 τῷ
1734 1657 1840 1710 τῶν
1872 1658 1967 1711 ἀν-

396 1748 633 1821 θρώπων
661 1750 823 1818 γένει.

481 1858 633 1911 Ἐπεὶ
660 1859 716 1912 δέ
747 1858 820 1930 μὴ
847 1858 918 1929 (9)
950 1862 1242 1931 προπετεῖς
1268 1856 1531 1913 διδάσκων
1555 1860 1680 1924 τοὺς
1720 1860 1968 1933 μαθητὰς

395 1951 426 2002 ὁ
464 1948 688 2019 Ἰησοῦς,
720 1949 904 2017 ἔλεγεν
932 1950 1115 2013 αὐτοῖς
1145 1950 1225 2001 τόο
1272 1969 1291 2001 ι
1346 1949 1471 2002 Ἐὰν
1514 1949 1782 2005 διώκωσιν
1824 1954 1968 2024 ὑμᾶς

402 2041 464 2093 ἐν
492 2042 558 2109 τῇ
594 2039 743 2092 πόλει
767 2039 959 2111 ταύτῃ,
990 2041 1218 2109 φεύγετε
1265 2042 1345 2104 είς
1384 2041 1481 2111 τὴν
1521 2041 1729 2114 ἐτέρανο
1777 2043 1878 2097 κᾶν
1911 2047 1967 2097 ἐν

397 2132 466 2201 τῇ
497 2129 657 2201 ἑτέρᾳ
683 2128 938 2193 διώκωσι,
988 2130 1147 2184 πάλιν
1189 2130 1418 2200 φεύγετε
1457 2134 1536 2195 εἰς
1575 2134 1673 2204 τὴν
1714 2134 1898 2204 ἀλλην·
1946 2155 1963 2186 ι

394 2220 490 2272 καὶ
514 2219 778 2272 διδάσκων
822 2219 1171 2291 παράδειγμα
1208 2220 1389 2296 αὐτοῖς
1421 2219 1630 2287 ἐγίνετο
1673 2221 1971 2284 εὐσταθοῦς

395 2311 534 2382 βίου,
563 2312 969 2384 οἰκονομοῦντος
1000 2315 1073 2385 μὴ
1103 2314 1244 2384 είκῆ,
1284 2312 1415 2383 μηδὲ
1445 2312 1686 2382 ἀκαίρως
1716 2312 1809 2364 καὶ
1841 2311 1969 2365 ἀλό-

395 2419 507 2472 γως
552 2402 718 2473 ὁμόσε
756 2406 954 2474 χωρεῖν
1000 2407 1113 2466 τοῖς
1158 2402 1442 2465 κινδύνοις·
1482 2403 1641 2455 τοῦτο
1685 2402 1843 2455 πάλιν
1873 2421 1971 2455 κα-

395 2494 649 2564 κουργῶν
686 2496 715 2548 ὁ
763 2494 970 2556 Κέλσος
1018 2491 1312 2558 διαϐάλλει,
1367 2492 1460 2546 καί
1511 2509 1642 2562 φησι
1698 2494 1833 2563 πρὸς
1880 2492 1970 2547 τὸν

408 2582 617 2654 Ἰησοῦν
646 2585 677 2634 ὁ
703 2583 832 2653 παρ’
873 2582 1021 2651 αὐτῷ
1064 2582 1333 2648 Ἰουδαῖος,
1370 2583 1451 2635 ὅτι
1489 2601 1507 2633 ι
1548 2582 1704 2635 Μετὰ
1730 2582 1838 2635 τῶν
1871 2600 1973 2653 μα-

397 2673 575 2744 θητῶν
589 2673 713 2743 τῇδε
730 2673 951 2726 κάκεῖσε
974 2672 1407 2743 ἀποδιδράσκεις.
1440 2692 1457 2724 ι
1488 2674 1711 2743 Ὅμοιον
1741 2668 1847 2747 δέᾖ
1871 2691 1971 2727 πε-

399 2762 618 2832 ποίηται
647 2762 786 2815 κατά
822 2761 997 2833 Ἰησοῦ
1032 2763 1127 2815 καὶ
1152 2762 1258 2816 τῶν
1288 2762 1538 2834 μαθητῶν
1566 2763 1780 2835 διαϐολῇ
1814 2766 1975 2837 φήσο·

399 2870 499 2923 μεν
534 2854 643 2923 (10)
676 2854 813 2907 εἶναι
862 2853 956 2906 καὶ
999 2854 1062 2906 τὸ
1106 2854 1234 2925 περὶ
1280 2854 1685 2923 Ἀριστοτέλους
1734 2856 1973 2926 ἱστορού-

396 2960 576 3014 μενον·
617 2938 771 3007 οῦτος
812 2948 940 3015 γὰρ,
993 2942 1115 2997 ἰδὼν
1164 2944 1579 3015 συγκροτεῖσθαι
1620 2944 1809 3015 μέλλον
1851 2946 1969 2999 καθ’

2074 492 2272 531 curare
2304 477 2593 545 qualenam
2621 475 2691 529 sit
2725 474 2971 530 veritatis
3010 472 3227 544 dogma,
3297 473 3392 526 sed
3433 472 3497 525 iis
3540 473 3634 540 qui

2069 568 2216 624 vitiis
2243 578 2599 637 occupantur,
2632 568 2873 622 remedia
2903 566 3088 621 conari
3143 563 3403 619 adhibere
3434 578 3632 617 secun-

2069 661 2195 714 dum
2233 659 2377 712 varia
2423 669 2693 714 sectarum
2741 658 3029 728 principia.
3081 657 3221 711 Dicit
3254 666 3433 709 autem
3470 676 3482 709 ε
3514 675 3531 706 ι
3574 656 3631 708 Si

2069 749 2313 817 voluptas
2340 764 2610 803 summum
2664 750 2865 804 bonum
2911 750 3004 812 sit,
3044 749 3144 803 hac
3196 748 3405 801 ratione
3454 747 3634 799 curari

2069 848 2286 908 oportet
2324 841 2787 908 perturbationes;
2828 840 2907 893 sin
2950 841 3051 893 tria
3109 839 3218 893 sint
3256 840 3523 892 bonorum
3551 855 3637 908 ge-

2069 943 2223 991 nera,
2248 930 2349 983 hac
2386 930 2574 983 itidem
2608 932 2879 985 sententia
2913 929 3172 985 utendum
3207 930 3312 983 erit
3345 930 3410 984 ad
3439 944 3637 983 sanau-

2070 1020 2170 1075 dos
2200 1019 2319 1075 illos
2345 1022 2436 1089 qui
2467 1022 2968 1089 perturbationibus
2997 1028 3282 1074 vexantur.
3333 1039 3352 1072 ι
3400 1021 3469 1075 At
3508 1022 3637 1076 reli-

2071 1112 2247 1182 gionis
2273 1122 2471 1166 nostra:
2498 1114 2921 1167 calumniatores
2951 1129 3055 1168 non
3098 1100 3285 1168 vident
3339 1122 3471 1182 quot
3518 1113 3637 1167 fue-

2074 1204 2207 1268 rint,
2261 1219 2487 1271 quorum
2534 1204 2968 1273 perturbationes
3025 1206 3451 1273 compescuerit;
3506 1211 3639 1272 quot

2076 1311 2307 1365 quorum
2348 1298 2478 1351 vitia
2534 1298 2889 1365 represserit;
2940 1308 3072 1365 quot
3123 1312 3350 1364 quorum
3383 1296 3637 1351 efferatos

2074 1401 2253 1440 mores
2286 1388 2529 1442 doctrina
2566 1387 3004 1443 tuansucfecerit.
3048 1388 3210 1455 Atqui
3254 1403 3468 1455 aaquum
3520 1400 3640 1443 erat

2073 1477 2213 1541 illos,
2244 1478 2337 1547 qui
2372 1494 2527 1531 suum
2558 1494 2687 1547 erga
2723 1479 3043 1533 societatem
3073 1487 3354 1546 tantOpere
3395 1478 3637 1533 studium

2077 1567 2380 1631 venditant,
2409 1569 2671 1622 doctrina:
2703 1584 2835 1622 nova
2867 1569 3075 1623 ratione
3123 1569 3400 1623 hominum
3433 1569 3641 1623 morbis

2076 1656 2308 1710 medenti
2336 1658 2541 1727 gratias
2571 1659 2791 1724 habere,
2830 1658 3097 1728 faterique
3129 1675 3273 1722 eam,
3307 1660 3350 1713 si
3387 1672 3513 1713 vera
3530 1674 3639 1714 non

2072 1756 2174 1813 est,
2198 1748 2389 1803 saltem
2428 1750 2665 1804 humano
2698 1751 2881 1821 generi
2911 1766 3031 1805 esse
3055 1751 3427 1806 utilissimam.

2142 1838 2309 1909 380
2350 1840 2439 1895 65.
2486 1841 2747 1907 Quoniam
2808 1850 2987 1896 autem
3034 1842 3192 1897 Jesus
3219 1840 3512 1911 discipulos
3544 1845 3641 1895 do-

2073 1945 2201 1989 cens
2227 1948 2292 1988 ne
2327 1933 2598 1987 temerarii
2631 1942 2837 1996 essent,
2868 1934 3001 1987 dixit
3030 1934 3132 1987 illis
3168 1948 3182 1986 :
3220 1952 3238 1983 ‹
3272 1932 3405 1986 Cum
3453 1948 3639 2002 perse-

2087 2036 2325 2097 quentur
2357 2041 2450 2080 vos
2483 2025 2534 2077 in
2567 2024 2783 2077 civitate
2816 2023 2937 2089 ista,
2965 2023 3131 2093 fugite
3173 2024 3224 2076 in
3273 2024 3455 2077 aliam.
3489 2024 3546 2078 Si
3586 2025 3637 2077 in

2074 2112 2173 2168 hac
2210 2126 2305 2166 vos
2336 2120 2750 2180 persequantur,
2784 2127 2982 2165 rursus
3010 2112 3061 2164 in
3098 2111 3258 2165 aliam
3291 2113 3459 2180 fugite
3490 2113 3570 2177 ⁸⁰;
3613 2132 3634 2165 ι

2073 2204 2342 2273 simulque
2364 2219 2423 2257 se
2460 2203 2565 2256 illis
2615 2203 2920 2273 exemplum
2963 2205 3264 2258 constantis
3319 2205 3642 2275 tranquilla:-

2072 2312 2176 2366 que
2201 2298 2325 2350 vitae
2352 2296 2602 2365 prtebuit,
2640 2297 2765 2350 dum
2799 2296 2914 2365 ipse
2946 2297 3177 2349 cavebat
3206 2312 3272 2350 ne
3298 2304 3519 2363 temere,
3545 2309 3639 2351 aut

2074 2388 2471 2457 intempestive,
2501 2395 2596 2440 aut
2627 2386 2931 2441 inconsulto
2974 2387 3027 2440 in
3080 2386 3317 2456 pericula
3370 2388 3635 2454 irrueret;

2075 2478 2178 2532 hoc
2208 2492 2423 2530 rursum
2452 2475 2641 2530 Celsus
2666 2476 2901 2545 maligne
2944 2478 3143 2547 carpit,
3191 2486 3245 2531 et
3282 2479 3361 2532 sic
3389 2480 3527 2547 apud
3561 2479 3641 2546 ip-

2079 2582 2198 2622 sum
2223 2566 2443 2620 Judmus
2465 2564 2648 2620 Iesum
2697 2566 2994 2636 alloquitur
3039 2585 3052 2621 :
3109 2585 3126 2617 ι
3178 2568 3310 2621 Cum
3365 2570 3640 2639 discipulis

2076 2658 2178 2712 hac
2220 2657 2345 2711 illac
2373 2658 2595 2727 fugitas.
2634 2675 2651 2708 ι
2686 2657 2839 2724 Quod
2894 2668 3072 2712 tamen
3097 2658 3217 2712 Jcsu
3259 2667 3309 2713 et
3335 2659 3450 2726 ejus
3474 2661 3636 2714 disci-

2073 2748 2212 2819 pulis
2242 2748 2454 2803 crimini
2490 2749 2670 2812 vertit,
2702 2748 2842 2803 idem
2886 2747 3083 2803 fecisse
3135 2749 3329 2818 legitur
3381 2752 3643 2826 Aristote-

2074 2842 2171 2896 les.
2203 2841 2251 2897 ls
2289 2842 2455 2905 enim,
2502 2857 2621 2894 cum
2660 2841 2997 2911 intelligeret
3032 2843 3135 2897 sibi
3171 2853 3433 2912 tanquam
3474 2846 3639 2914 impio

2073 2942 2292 3000 propter
2329 2931 2576 3000 quatdam
2628 2946 2739 2985 sua;
2805 2931 3161 3001 philosophiae
3220 2935 3466 3002 dogmata
3519 2951 3640 3004 quae

395 3033 561 3088 αὐτοῦ
601 3034 981 3106 δικαστήριον,
1009 3034 1084 3097 ὡς
1110 3033 1250 3087 κατά
1285 3033 1532 3099 ἀσεϐοῦς,
1577 3035 1665 3087 διά
1702 3052 1823 3088 τινα
1852 3034 1969 3103 δόγ-

2081 3023 2433 3077 Athenienses
2462 3021 2623 3090 impia
2672 3037 2791 3076 esse
2823 3023 3166 3091 judicabant,
3226 3022 3448 3078 conﬂari
3500 3027 3643 3094 judi-

399 3143 546 3195 ματα
569 3127 667 3198 τῆς
697 3126 1014 3196 φιλοσοφίας
1041 3126 1227 3189 αὑτοῦ,
1261 3124 1297 3178 ἃ
1330 3125 1583 3196 ἐνόμισαν
1629 3124 1972 3194 εἷναι,ἀσεϐἧ

409 3214 699 3285 Ἀθηναῖοι,
730 3217 1090 3287 ἀναχωρήσας
1127 3215 1235 3268 ἀπὸ
1274 3214 1384 3268 τῶν
1428 3217 1701 3288 Ἀθηνῶν,
1737 3219 1795 3272 ἐν
1828 3217 1973 3270 Χαλ-

395 3306 508 3359 κίδι
536 3305 647 3375 (Η)
680 3306 778 3369 τὰς
806 3305 1086 3377 διατριϐὰς
1122 3306 1447 3376 ἐποιήσατο,
1493 3308 1972 3378 ἀπολογησάμενος

396 3401 512 3461 τοῖς
531 3398 845 3469 γνωρίμοις,
869 3398 961 3451 καὶ
982 3397 1169 3451 εἰπών’
1198 3418 1215 3449 ι
1258 3399 1529 3469 Ἀπίωμεν
1557 3399 1663 3452 ἀπὸ
1683 3399 1790 3452 τῶν
1824 3398 1975 3470 Ἀθη-

398 3492 525 3558 νῶν,
559 3492 644 3545 ἵνα
677 3491 752 3561 μὴ
777 3491 1050 3561 πρόφασιν
1094 3491 1274 3561 δῶμεν
1323 3491 1627 3562 Ἀθηναίοις
1657 3492 1751 3546 τοῦ
1787 3492 1972 3545 δεύτε-

400 3601 492 3656 ρον
523 3584 659 3652 ἄγος
701 3582 985 3636 ἀναλαϐεῖν
1022 3584 1403 3654 παραπλήσιον
1449 3584 1527 3654 τῷ
1573 3583 1713 3637 κατὰ
1741 3583 1972 3655 Σωκρά-

397 3691 546 3740 τους,
577 3675 671 3727 κοιλ⁵
708 3675 795 3727 ἵνα
839 3672 913 3744 μὴ
950 3673 1195 3745 δεύτερον
1223 3675 1303 3736 εἰς
1339 3673 1652 3742 φιλοσοφίαν
1690 3673 1972 3744 ἀσεϐήσω-

400 3783 504 3819 σιν.
557 3784 576 3816 ι
626 3766 763 3835 Φησὶ
817 3764 873 3817 δὲ
915 3783 933 3815 ι
981 3763 1072 3816 τὸν
1136 3763 1344 3834 Ἰησοῦν
1400 3763 1537 3834 μετὰ
1576 3764 1684 3817 τῶν
1720 3762 1974 3834 μαθητῶν

398 3853 642 3926 αἰσχρῶς
666 3856 759 3907 καὶ
785 3853 1054 3924 γλίσχρως
1079 3854 1175 3915 τὰς
1206 3852 1410 3924 τροφὰς
1437 3852 1760 3921 συλλέγοντα
1816 3867 1977 3923 περι-

391 3943 939 4016 εληλυθέναι.‹Πόθεν
954 3940 1155 4007 λαϐὼν,
1189 3940 1603 4010 ἀπαγγελλέτω,
1644 3940 1704 3993 τὸ
1751 3941 1974 4013 αἰσχρὸν

401 4033 580 4087 καὶτὸ
609 4032 863 4103 γλίσχρον
898 4033 999 4102 τῆς
1029 4031 1311 4101 συλλογῆς·
1344 4034 1404 4086 ἐν
1429 4031 1536 4104 γὰρ
1574 4035 1687 4095 τοῖς
1733 4033 1975 4100 Εὐαγγε-

400 4124 536 4187 λίοις
556 4124 811 4193 γυναῖκές
832 4140 995 4186 τινες,
1031 4122 1498 4193 τεθεραπευμέναι
1546 4124 1655 4175 ἀπὸ
1679 4123 1787 4177 τῶν
1816 4122 1976 4176 ἀσθε-

402 4216 560 4271 νειῶν
587 4214 787 4279 αὐτῶν,
816 4216 872 4266 ἐν
894 4208 979 4276 αἷς
1016 4208 1083 4283 ἦν
1112 4212 1207 4264 καὶ
1246 4212 1499 4265 Σωσάννα
1542 4210 1675 4281 (12),
1716 4212 1975 4281 παρεῖχον

400 4310 516 4371 τοῖς
575 4306 840 4377 μαθηταῖς
878 4308 941 4358 ἐκ
984 4303 1092 4358 τῶν
1125 4304 1474 4374 ὑπαρχόντων
1518 4303 1707 4364 αὐταῖς
1746 4302 1969 4372 τροφάς·

2076 3117 2257 3177 cium,
2308 3113 2513 3173 relictis
2568 3113 2816 3178 Athenis,
2862 3113 2918 3167 in
2967 3114 3223 3169 Chalcide
3275 3116 3514 3170 scholam
3544 3120 3644 3172 ha-

2076 3206 2189 3260 buit
2222 3205 2364 3259 :bac
2391 3205 2506 3259 suis
2530 3204 2893 3258 familiaribus
2947 3206 3151 3259 reddila
3202 3206 3340 3275 fugae
3383 3209 3595 3264 ratione
3624 3253 3638 3265 .

2081 3313 2098 3345 ε
2146 3294 2489 3350 Discctlamus
2519 3293 2767 3361 Athenis,
2811 3308 2878 3347 ne
2929 3296 3123 3349 iterum
3160 3298 3315 3351 detur
3342 3298 3642 3355 Athenien-

2074 3388 2225 3442 sibus
2264 3388 2416 3442 locus
2440 3388 2812 3442 committendi
2852 3388 3091 3452 sceleris,
3139 3390 3295 3458 quale
3346 3392 3399 3444 in
3446 3392 3642 3445 Socra-

2078 3488 2183 3531 tem
2225 3479 2656 3545 commiserunt;
2686 3492 2820 3533 neve
2845 3479 3037 3532 iterum
3063 3480 3223 3547 imp'e
3250 3490 3411 3550 agant
3434 3482 3486 3534 in
3519 3482 3640 3548 phi-

2075 3567 2403 3638 losophiam.
2443 3587 2463 3620 ι
2499 3568 2638 3622 Dicit
2669 3579 2925 3638 praeterea
2963 3587 2981 3619 ι
3018 3568 3201 3623 Jesum
3231 3587 3354 3625 cum
3403 3572 3644 3643 discipu-

2077 3658 2144 3712 lis
2188 3659 2295 3713 huc
2344 3658 2474 3713 illuc
2511 3660 2888 3729 vagabundum
2937 3661 3087 3715 eibos’
3137 3661 3455 3728 collegisse;
3499 3681 3518 3714 ›
3549 3665 3643 3717 sed

2076 3748 2279 3802 indicet
2307 3747 2461 3801 velim
2496 3749 2642 3801 unde
2668 3749 2921 3803 didicerit
2954 3758 3157 3817 turpem
3178 3750 3316 3805 hanc
3338 3752 3643 3807 sordidam-

2075 3854 2181 3909 que
2219 3838 2701 3893 mendicationem.
2732 3837 2866 3892 Nam
2890 3840 3182 3910 Evangelia
3208 3850 3431 3896 narrant
3471 3843 3515 3875 “
3555 3843 3642 3899 fe-

2076 3932 2253 3986 minas
2282 3932 2572 4000 quasdam,
2632 3946 2753 4001 qua:
2799 3931 3019 3986 fuerant
3069 3932 3186 3987 suis
3237 3933 3650 3991 infirmitatibus

2076 4022 2353 4089 liberatae,
2406 4022 2548 4076 inter
2594 4037 2730 4091 quas
2775 4031 2828 4076 et
2874 4023 3118 4077 Susanna
3166 4033 3307 4087 erat,
3351 4026 3645 4094 .discipulis

2078 4116 2281 4168 victum
2325 4131 2353 4168 e
2378 4118 2491 4169 suis
2516 4113 2869 4169 facultatibus
2920 4114 3241 4182 praebuisse.
3276 4114 3477 4183 Ecquis
3515 4132 3646 4171 vero

2076 4205 2523 4275 philosophorum
2563 4221 2671 4259 non
2708 4205 2920 4272 accepit
2948 4205 3017 4257 ab
3048 4205 3114 4258 iis
3165 4218 3301 4273 quos
3344 4206 3444 4259 sibi
3488 4210 3651 4260 notos

2077 4294 2422 4362 erudiebant,
2475 4311 2596 4365 quae
2618 4296 2721 4351 sibi
2754 4303 2915 4348 erant
2944 4296 3295 4351 necessaria?
3348 4296 3570 4352 Scilicet
3595 4298 3649 4353 id

402 4398 499 4462 Τίς
522 4398 578 4451 δὲ
596 4397 703 4449 τῶν
733 4394 1180 4465 φιλοσοφούντων,
1209 4394 1303 4447 καὶ⁹
1326 4393 1695 4463 ἀνακειμένων
1737 4391 1969 4462 ὠφελείᾳ

2081 4388 2283 4450 facere,
2317 4388 2572 4441 decorum
2595 4386 2717 4440 aliis
2755 4395 2810 4438 et
2836 4385 3119 4440 honestum
3167 4385 3271 4441 fuit
3311 4406 3325 4442 :
3375 4402 3502 4444 cum
3550 4403 3647 4441 au-

400 4490 713 4561 γνωρίμων,
764 4489 862 4541 οὐκ
914 4488 1007 4541 ἀπ’
1050 4486 1228 4540 αὐτῶν
1276 4484 1547 4555 ἐλάμϐανε
1581 4485 1651 4537 τὰ
1692 4482 1827 4554 πρὸς
1874 4483 1973 4546 τὰς

403 4579 622 4650 χρείας;
660 4578 732 4630 Ἦ
778 4579 972 4630 ἐκεῖνοι
1023 4576 1120 4647 μὲν
1157 4574 1314 4627 τοῦτο
1364 4572 1710 4643 καθηκόντως
1759 4571 1972 4623 ἐποίουν

475 4696 521 4727 ⁶⁰
559 4694 745 4748 Matth.
780 4709 833 4757 ι,
872 4692 962 4746 25.
1039 4692 1081 4723 δι
1115 4690 1245 4745 Luc.
1284 4704 1400 4753 vm,
1446 4690 1498 4743 5.

405 4786 732 4854 quatstiones
760 4782 1197 4845 considerantur,
1244 4781 1309 4832 ad
1356 4780 1478 4854 lucc
1523 4788 1577 4832 et
1611 4779 1813 4854 in__quo
1845 4793 1961 4854 me-

408 4849 564 4905 dendi
594 4853 750 4915 ratio,
774 4867 936 4919 quam
965 4860 1173 4919 partem
1200 4849 1457 4903 moralem
1483 4849 1723 4919 nonnulli
1766 4849 1960 4902 inscri-

408 4922 561 4981 bunt,
615 4936 719 4973 non
769 4918 894 4974 item
942 4920 1191 4975 similiter
1223 4932 1555 4987 cognoscere
1601 4918 1965 4988 deprehendi-

411 5000 517 5043 tur.
558 5009 576 5041 ι
613 4989 872 5043 Srsxcsn.

478 5058 555 5130 (6)
581 5056 1444 5130 Hpoaxoaqfdmroc.iGelenius
1462 5056 1727 5130 interpres
1754 5058 1966 5130 videtur

407 5126 1089 5200 Ιεςὶεεε,προορισάμενος.
1116 5126 1568 5200 _il(esclteljtts_itt
1602 5135 1745 5200 textu
1780 5128 1963 5200 habet,

407 5194 973 5270 «pocmt_q&dtieyov'-_
1003 5197 1165 5270 Paulo
1212 5206 1332 5270 pust
1385 5194 1695 5270 Philocalia.
1728 5197 1853 5270 τοὺς
1908 5195 1965 5270 ἐν

404 5265 518 5331 τοῖς
551 5265 766 5320 πάθεσι.
800 5267 1136 5323 Hmschelius
1161 5276 1213 5320 et
1241 5267 1563 5335 Spencerus,
1596 5265 1722 5327 τοὺς
1746 5265 1968 5326 καὶτοῖς

408 5340 622 5392 πάθεσι.

480 5408 556 5478 (7)
592 5407 682 5461 Sic
703 5416 847 5478 recte
869 5404 1458 5478 Philoc._Ht1}schelius
1511 5417 1641 5478 vero
1694 5410 1749 5456 et
1766 5402 1969 5478 _Spen-

408 5464 586 5597 seruis,
610 5477 760 5532 οὐδὲν
802 5473 961 5549 ἦττον
983 5473 1121 5527 κατά
1162 5474 1252 5527 τὸν
1298 5473 1454 5541 λόγον
1486 5464 1688 5526 τούτων
1723 5464 1849 5551 τῶν
1868 5489 1972 5527 πα-

440 5565 534 5597 ων.

440 5565 534 5601 ων.

480 5618 554 5687 (8)
603 5616 929 5699 Pltjiocalia,
987 5608 1031 5683 ᾧ
1093 5614 1199 5668 ἔδει
1264 5615 1462 5677 αὐτοὺς
1515 5616 1829 5684 ἐντυχόντας
1894 5611 1970 5682 τῷ

411 5701 715 5755 κοινωνικῳ.

2081 4488 2187 4533 tem
2216 4477 2357 4533 idem
2392 4476 2601 4532 faciunt
2628 4478 2895 4546 discipuli,
2941 4480 3098 4547 quasi
3127 4481 3356 4550 turpiter
3385 4491 3438 4535 et
3472 4480 3646 4536 sordi-

2082 4574 2146 4624 de
2164 4580 2452 4641 corrogent
2480 4570 2654 4637 cibos,
2682 4570 2987 4638 culpantur.

2141 4774 2223 4847 (9),
2248 4773 2583 4847 llmschelins
2607 4785 2660 4829 et
2689 4775 3015 4843 Spencerus,
3067 4777 3186 4830 ἐπεὶ
3204 4778 3359 4847 μηδέ,
3397 4780 3489 4833 sed
3517 4780 3651 4836 Phi-

2072 4844 2261 4899 localia
2290 4853 2346 4896 ut
2373 4844 2426 4896 in
2459 4856 2645 4899 nostro
2675 4856 2843 4899 textu.
2896 4847 3061 4900 Paulo
3095 4844 3218 4914 post
3263 4844 3541 4906 ilueschel.
3588 4864 3647 4906 et

2073 4914 2469 4990 Spettcerus‘ad
2506 4918 2824 4984 marginem,
2856 4915 2950 4969 ἐὰν
2974 4916 3241 4970 διώκωσιν
3269 4920 3413 4989 ὑμᾶς
3444 4922 3509 4973 ἐκ
3542 4920 3647 4990 τῆς
3697 4927 3705 4944 '

2073 4985 2279 5046 πόλεως
2300 4984 2517 5054 ταύτης.

2146 5056 2257 5121 (10)
2291 5054 2361 5105 Ila
2406 5056 2710 5119 Spencerus
2754 5063 2809 5108 et
2854 5070 3045 5111 omnes
3083 5073 3265 5121 hmss.;
3308 5057 3643 5113 llmschelius

2073 5117 2253 5203 v_ero,_'
2275 5117 2684 5203 διαδιδράσκεις,
2724 5125 2924 5203 ’ὅμοιον
2965 5126 3022 5177 δὲ
3071 5117 3115 5194 ᾧ
3164 5129 3456 5198 πεποίηται
3505 5128 3644 5182 κατὰ

2085 5194 2255 5265 Ἰησοῦ
2282 5194 2374 5265 καὶ
2400 5194 2506 5244 τῶν
2536 5195 2789 5265 μαθητῶν
2820 5196 3083 5265 φήσομεν.

2146 5263 2256 5331 (ll)
2314 5263 2416 5333 ίῈν
2471 5264 2738 5317 Χαλκίδι.
2814 5263 3131 5319 Ammonius
3185 5268 3235 5317 in
3284 5265 3403 5318 Vita
3449 5264 3650 5333 Arist.;

2076 5330 2280 5401 Elian.
2314 5332 2406 5385 lib.
2435 5347 2516 5392 tu,
2559 5349 2677 5401 cap.
2710 5335 2777 5388 56
2832 5333 2959 5387 Var.
2984 5336 3108 5387 hist.
3138 5332 3272 5386 Vide
3296 5330 3639 5399 Athenaeum,

2079 5396 2171 5455 lib.
2205 5416 2291 5466 xv,
2334 5417 2455 5468 cap.
2492 5401 2581 5467 16,
2626 5396 2693 5457 ἐι
2741 5404 3012 5457 Laertinm
3072 5405 3120 5455 in
3166 5403 3328 5455 Arist.
3374 5396 3640 5459 speset-stt.

2081 5472 2245 5542 Paulo
2276 5482 2395 5540 post
2424 5472 2582 5542 codd.
2625 5472 2827 5542 Regius
2856 5482 2910 5525 et
2943 5472 3289 5534 Basileensis,
3323 5470 3416 5525 καὶ
3450 5473 3640 5525 εἰπών.

2081 5541 2227 5608 Libri
2257 5552 2413 5594 antea
2437 5541 2586 5603 editi,
2611 5542 2705 5594 καὶ
2722 5541 2930 5608 λέγων.

2128 5606 2258 5695 '(1‘2)
2294 5610 2489 5682 Regius
2519 5620 2572 5665 ct
2597 5606 2940 5676 Basileensis,
2979 5609 3254 5662 Σωσάννα.
3315 5609 3482 5677 Alias,
3506 5608 3642 5665 Σωο

2081 5697 2266 5735 σαννα.
3693 5704 3707 5721 ⁷
