3988 6156
438 258 544 316 ’785

1958 256 2279 312 ΟΒΙΟΕΝΙΒ

3589 262 3685 319 781

438 375 534 427 καὶ
573 372 782 436 καλῶς’
843 373 978 425 ἐπὰν
1025 372 1065 424 δ’
1104 373 1152 424 οἱ
1210 369 1380 439 Ἰησοῦ
1431 369 1671 440 μαθηταὶ
1720 370 2030 440 πράττωσιν
2098 372 2247 437 αὐτὸ,
2284 367 2711 441 κατηγοροῦνται
2759 369 2861 424 ὑπὸ
2919 370 3148 437 Κέλσου,
3198 372 3274 436 ὡς
3321 371 3560 446 αἰσχρῶς
3598 376 3690 432 καὶ

437 468 713 539 γλίσχρως
741 467 839 530 τὰς
867 467 1070 537 τροφὰς
1102 465 1468 532 συλλέγοντες.

509 560 599 615 66.
637 560 978 628 Pergitapud
1009 559 1224 613 Celsum
1259 558 1480 614 Judaeus
1521 559 1868 629 interpellare
1913 560 2005 615 Je-
2036 566 2083 622 Α

435 669 603 708 sum:
645 670 665 703 ‹
716 653 852 719 Quid
913 666 1046 719 opus
1098 662 1217 704 erat
1279 661 1333 704 te
1384 653 1562 707 adhuc
1627 653 1908 722 parvulum
1948 655 2001 708 in

435 743 730 814 Egyptum
775 742 1167 810 transportari?
1228 741 1307 795 Ne
1359 743 1672 796 necareris?
1729 753 1784 796 at
1829 753 2003 800 metus

433 835 619 888 mor'tis
648 833 698 888 in
723 833 893 888 Deum
920 849 1026 887 non
1066 834 1234 888 cadit.
1290 833 1526 900 Angelus
1571 849 1604 888 e
1654 834 1805 888 ccelis
1859 837 2004 888 dela-

429 939 560 993 psus
603 935 656 978 te
675 925 836 993 jussit
861 933 914 977 et
941 934 1061 978 tuos
1099 924 1305 993 iugere,
1335 940 1401 976 ne
1429 925 1800 994 comprehensi
1832 935 2002 980 morte

426 1015 700 1086 periretis.
734 1016 802 1067 At
827 1029 932 1067 non
965 1013 1136 1083 potuit
1172 1028 1402 1084 magnus
1439 1014 1527 1068 ille
1569 1014 1732 1080 Deus,
1757 1014 1846 1084 qui
1890 1014 1997 1084 jam

426 1106 562 1159 duos
595 1117 815 1174 propter
842 1115 894 1158 te
919 1105 1144 1173 angelos
1171 1105 1411 1169 miserat,
1447 1116 1498 1160 te
1523 1109 1803 1176 proprium
1840 1124 1996 1162 suum

430 1194 627 1249 Filium
670 1195 813 1250 domi
865 1207 1034 1248 tutum
1083 1197 1378 1263 pratstare?
1429 1215 1448 1249 ι
1501 1197 1576 1250 Ex
1636 1199 1722 1253 his
1789 1200 2001 1254 videtur

425 1283 572 1340 Celsi
604 1301 724 1340 esse
777 1286 1066 1347 sententia,
1108 1286 1244 1339 nihil
1300 1289 1474 1342 autin
1529 1291 1766 1344 humano
1797 1291 1997 1347 Chrisﬁ

432 1386 684 1444 cerpore,
720 1385 811 1429 aut
841 1376 1096 1429 inanima
1135 1375 1301 1431 fuisse
1340 1378 1604 1443 divinum,
1658 1394 1758 1434 nec
1800 1396 1998 1450 corpus

426 1465 547 1534 ejus
604 1466 714 1520 tale
768 1464 937 1519 fuisse
989 1468 1149 1535 quale
1213 1469 1527 1523 describunt
1569 1470 1870 1526 Homericae
1919 1472 1998 1525 fa-

423 1556 584 1609 bulas.
617 1555 816 1611 Jocans
877 1558 1036 1626 igitur
1073 1560 1122 1610 in
1149 1561 1484 1628 sanguinem,
1524 1577 1684 1630 quem
1731 1563 1785 1615 in
1835 1578 1997 1618 cruce

419 1648 578 1701 Jesus
623 1647 880 1715 profudit,
918 1652 989 1702 ait
1019 1651 1346 1719 sanguinem
1379 1653 1528 1705 illum
1559 1669 1662 1707 non
1699 1653 1868 1708 fuisse

502 1780 638 1838 Huic
673 1785 917 1848 similem,
957 1803 1107 1838 sacro
1145 1788 1232 1855 qui
1267 1798 1443 1839 manat
1476 1804 1692 1856 corpore
1722 1791 1922 1842 divum.

2194 555 2318 609 Ἐπὶ
2341 555 2398 608 δὲ
2425 555 2634 619 τούτοις
2663 555 2788 628 ἑξῆς
2823 560 2851 611 6
2886 559 3136 624 Ἰουδαῖος
3178 559 3316 633 πρὸς
3343 561 3433 614 τὸν
3484 562 3686 633 Ἰησοῦν

2108 649 2260 720 παρά
2299 649 2378 718 τῷ
2421 649 2614 718 Κέλσῳ
2653 648 2826 717 λέγει’
2871 669 2889 701 ι
2939 650 3004 703 Τί
3050 651 3108 703 δὲ
3151 651 3243 704 καί
3292 669 3351 704 σε
3384 653 3577 722 νήπιον
3610 653 3683 708 ἐτι

2106 739 2271 810 ἐχρῆν
2299 741 2377 800 είς
2409 737 2684 806 Αἴγυπτον
2725 737 3147 809 ἐκκομίζεσθαι;
3184 741 3276 810 Μὴ
3314 743 3678 813 ἀποσφαγῇςς

2109 830 2244 882 Θεὸν
2272 823 2381 900 γά’ρ
2411 831 2510 881 οὐκ
2549 830 2695 892 εἰκὸς
2723 825 2791 899 ἦν
2819 830 2944 902 περὶ
2973 830 3205 885 θανάτου
3245 831 3492 885 δεδιέναι.
3548 835 3683 886 Ἀλλ’

2105 922 2330 992 ἅγγελος
2354 922 2460 994 (l5)
2487 922 2582 991 μὲν
2601 917 2730 992 ἧκεν
2753 921 2811 985 ἐξ
2829 921 3077 993 ούρανοῦ,
3108 922 3343 976 κελεύων
3372 941 3452 976 σοι
3465 924 3560 977 καὶ⁵
3579 928 3684 989 τοῖς

2107 1018 2218 1078 σοῖς
2239 1014 2456 1076 οἰκείοις
2484 1013 2721 1082 φεύγειν,
2735 1013 2821 1096 ⁴μὴ
2841 1013 3339 1084 ἐγκαταληφθέντες
3359 1014 3680 1088 ἀποθάνητε.

2101 1106 2394 1157 Φυλάσσειν
2427 1105 2480 1156 δέ
2514 1122 2570 1154 σε
2599 1103 2784 1155 αὐτόθι
2821 1107 2848 1156 6
2873 1105 2965 1156 δύο
2997 1105 3095 1175 ἤδη
3135 1105 3224 1158 δια
3261 1123 3321 1158 σε
3380 1105 3683 1178 πεπομφὼς

2110 1183 2387 1251 ἀγγέλους,
2413 1185 2440 1235 6
2469 1184 2638 1254 μέγας
2659 1183 2790 1248 Θεὸς
2811 1183 2901 1238 τὸν
2928 1184 3055 1240 ῖδιον
3079 1185 3224 1250 Υίὺν,
3247 1187 3347 1240 οὐκ
3370 1187 3620 1250 ὲδύνατο;
3651 1210 3668 1242 ι

2111 1273 2292 1326 Οῗεται
2317 1274 2362 1326 δ’
2383 1276 2440 1326 ἐν
2462 1274 2668 1340 τούτοις
2693 1275 2804 1346 (14)
2825 1277 2852 1328 6
2875 1275 3097 1341 Κέλσος,
3126 1277 3198 1348 μὴ
3222 1277 3362 1332 θεῖόν
3383 1296 3435 1332 τι
3461 1277 3598 1336 εἶναι
3622 1285 3676 1336 ὲν

2111 1362 2430 1432 ἀνθρωπίνῳ
2460 1363 2667 1434 σώματι
2695 1365 2788 1418 καὶ
2815 1365 2959 1435 ψυχῇ
2987 1366 3126 1418 κατά
3163 1368 3253 1418 τὸν
3289 1369 3518 1438 Ἰησοῦν·
3545 1372 3678 1426 ἀλλά

2111 1454 2205 1506 καὶ
2232 1453 2292 1506 τὸ
2320 1454 2475 1523 σῶμα
2503 1452 2666 1508 αὐτοῦ
2697 1455 2935 1508 τοιοῦτον
2962 1456 3264 1523 γεγονέναι,
3293 1461 3473 1511 ὁποῖον
3505 1463 3676 1532 Ὀμή-

2117 1560 2206 1612 ρου
2241 1543 2396 1612 μῦθοι
2425 1543 2720 1612 εἰσάγουσι.
2757 1545 2970 1608 Παίζων
2997 1544 3128 1612 γοῦν
3154 1546 3212 1596 τὸ
3236 1548 3326 1599 ἐπὶ
3358 1550 3436 1613 τῷ
3462 1553 3677 1622 σταυρῷ

1990 1684 2019 1727 ολ
2114 1632 2379 1701 προχυθὲν
2407 1628 2546 1702 αἷμα
2569 1633 2663 1687 τοῦ
2700 1634 2895 1705 Ἰησοῦ,
2922 1636 3086 1706 φησὶν
3108 1637 3188 1690 ὅτι
3217 1638 3317 1690 οὐκ
3339 1634 3406 1707 ἦν

2207 1777 2363 1846 Ἰχὼρ
2394 1773 2518 1844 οἷός
2547 1781 2658 1846 πέρ
2695 1795 2759 1832 τε
2782 1779 2905 1847 ῥέει
2934 1777 3279 1847 μακάρεσσι
3312 1779 3560 1834 θεοῖσιν.

419 1912 530 1970 Nos
597 1930 725 1970 vero
802 1917 891 1985 qui
956 1917 1080 1972 Jesu
1157 1919 1223 1972 de
1275 1935 1337 1972 ea
1387 1934 1506 1987 quae
1566 1920 1618 1974 in
1693 1922 1807 1990 ipso
1871 1930 1982 1975 erat

2105 1912 2167 1965 Ἦ
2177 1916 2294 1983 μεῖς
2305 1913 2347 1966 δ’
2363 1912 2508 1982 αὐτῷ
2518 1913 2863 1976 πιστεύοντες
2878 1913 3073 1985 Ἰησοῦ.
3091 1932 3158 1966 πε
3165 1915 3217 1985 ρὶ
3236 1915 3335 1984 μὲν
3348 1915 3446 1986 τῆς
3462 1916 3520 1968 ἐν
3533 1916 3680 1988 αὐτῷ

415 2005 576 2078 38],
608 2008 888 2062 divinitate
931 2009 1131 2064 dicenti
1167 2025 1178 2061 :
1219 2029 1238 2062 ‹
1291 2011 1401 2081 Ego
1433 2028 1552 2066 sum
1584 2013 1695 2078 via,
1764 2016 1993 2078 veritas,

415 2109 474 2155 et
497 2101 609 2156 vita
643 2101 710 2164 ⁶²,
748 2121 766 2153 ›
801 2110 893 2155 aut
938 2101 1084 2156 aliud
1121 2103 1329 2168 simile;
1377 2105 1670 2158 humanum
1705 2117 1885 2159 autem
1937 2120 1994 2161 se

415 2193 620 2248 habere
647 2207 845 2261 corpus
874 2193 952 2246 sic
981 2192 1271 2248 aﬂirmanti
1303 2212 1316 2246 :
1353 2213 1371 2244 ι
1403 2195 1553 2249 Nunc
1588 2205 1768 2249 autem
1794 2199 1992 2264 quatri-

415 2283 486 2337 tis
516 2296 602 2338 me
627 2283 955 2348 interficere,
1007 2285 1288 2338 hominem
1321 2287 1412 2353 qui
1448 2287 1730 2339 \‘Cl'ilalcm
1779 2287 1991 2344 locutus

414 2386 534 2426 sum
567 2371 717 2425 vobis
747 2373 830 2435 ⁸³,ί
858 2391 875 2423 ι
919 2371 1076 2425 ﬁdem
1116 2373 1413 2436 habemus;
1441 2372 1586 2424 illum
1617 2372 1746 2441 quid
1776 2388 1992 2443 compo-

413 2463 578 2518 situm
606 2462 773 2518 fuisse
801 2462 1137 2531 proﬁtemur.
1167 2462 1424 2532 Oportuit
1456 2465 1620 2535 igitur
1654 2475 1732 2530 ιιι,
1765 2466 1854 2535 qui
1890 2466 1989 2519 hu-

416 2562 574 2609 mano
609 2570 762 2608 more
789 2554 969 2606 vivere
1011 2555 1151 2607 inter
1189 2555 1439 2609 homines
1483 2558 1818 2622 decreverat,
1877 2570 1984 2611 non

413 2646 788 2714 intempestive
817 2660 876 2699 se
896 2645 949 2698 in
983 2644 1176 2698 mortis
1201 2645 1496 2699 discrimen
1528 2647 1845 2717 conjiceret,
1891 2649 1984 2701 sed

411 2745 688 2807 pateretur
733 2751 794 2791 se
829 2737 949 2790 duci
1000 2751 1030 2790 a
1065 2738 1332 2802 nulritiis,
1376 2752 1513 2806 quos
1544 2739 1766 2808 angelus
1807 2756 1834 2792 a
1875 2737 1985 2793 Deo

413 2828 611 2882 missus
642 2836 1074 2895 praetttonuerat:
1108 2829 1340 2897 primutn
1373 2830 1592 2898 quidem
1630 2829 1713 2882 his
1765 2830 1979 2883 verbis:

417 2933 437 2966 ι
474 2915 697 2985 Ioseph,
734 2917 804 2970 lili
849 2917 1040 2981 David,
1090 2919 1201 2972 noli
1245 2921 1436 2975 timere
1475 2921 1723 2989 accipere
1759 2920 1979 2973 Mariam

411 3007 690 3078 coniugem
741 3016 927 3073 tuam;
989 3010 1130 3076 quod
1160 3011 1305 3064 enim
1353 3013 1405 3064 in
1439 3027 1500 3066 ea
1537 3022 1720 3065 natum
1761 3023 1864 3075 est,
1916 3013 1982 3065 de

414 3092 624 3168 spiritu
660 3108 849 3153 sancto
874 3110 956 3154 est
984 3100 1090 3164 δὴ»
1119 3103 1356 3155 secundo
1389 3113 1568 3156 autem
1600 3105 1680 3156 sic
1710 3122 1721 3156 :
1751 3123 1768 3153 ι
1807 3103 1981 3172 Surge

407 3201 464 3247 et
499 3191 683 3260 accipe
713 3206 937 3260 puerum
966 3201 1022 3245 et
1052 3203 1278 3246 matrem
1304 3193 1442 3261 ejus,
1477 3205 1529 3249 et
1553 3195 1675 3263 fuge
1721 3197 1770 3250 in
1811 3196 1978 3267 [Egy-

410 3291 584 3349 ptum,
611 3293 664 3336 et
696 3291 812 3338 esto
858 3284 929 3336 ibi
979 3299 1150 3350 usque
1192 3286 1316 3338 dum
1347 3285 1521 3339 diram
1575 3285 1701 3338 tibi:
1742 3286 1977 3342 futurum

408 3383 490 3426 est
517 3373 661 3427 enim
691 3383 748 3426 ut.
778 3373 1017 3428 Herodes
1048 3385 1254 3444 quazrat
1287 3391 1515 3444 puerum
1545 3381 1609 3432 ad
1645 3380 1978 3447 perdendum

406 3479 532 3518 eum
557 3463 622 3518 °'.
661 3483 680 3516 ι
718 3463 816 3520 Ubi
840 3465 972 3518 nihil
1003 3469 1262 3534 scriptum
1303 3467 1518 3536 quidem
1546 3477 1631 3522 est
1681 3469 1824 3536 quod
1851 3470 1978 3524 mihi

404 3553 694 3610 admodum
727 3555 965 3611 insolens
989 3556 1259 3610 videatur.
1289 3555 1346 3609 ln
1381 3565 1612 3625 utroque
1655 3557 1800 3611 enim
1830 3557 1978 3612 Scri-

403 3653 575 3710 ptura:
617 3646 738 3702 loco
792 3657 1045 3701 narratur
1084 3648 1309 3716 angelus
1362 3646 1656 3715 Josephum
1707 3648 1978 3704 allocutus

405 3733 572 3790 fuisse
595 3751 692 3804 per
725 3739 993 3792 somnium
1024 3756 1037 3791 :
1079 3749 1131 3791 at
1185 3739 1432 3808 pluribus
1469 3738 1590 3793 aliis
1620 3740 1866 3809 contigit,
1918 3749 1977 3792 ttt

403 3843 503 3898 per
537 3827 803 3882 somnium
841 3831 1271 3883 admonerentur
1301 3829 1426 3896 quid
1459 3828 1603 3884 facto
1635 3844 1769 3896 opus
1789 3839 1974 3896 esset;

403 3920 518 3973 sive
540 3918 783 3989 angelus,
820 3921 934 3974 sive
985 3921 1232 3988 quaedam
1268 3921 1370 3973 alia
1404 3936 1492 3974 res
1531 3921 1584 3973 in
1617 3921 1799 3973 anima
1841 3923 1976 3974 ima-

403 4010 556 4079 gines
583 4007 969 4064 eﬂ'ormaverit.
1007 4010 1146 4076 Quid
1189 4009 1354 4080 igitur
1381 4009 1601 4064 absurdi
1634 4020 1736 4075 est,
1780 4011 1851 4074 ei,
1882 4012 1973 4080 qui

400 4100 567 4154 semel
592 4107 840 4154 naturam
870 4100 1158 4153 humanam
1181 4107 1516 4167 susceperat,
1549 4099 1787 4154 humano
1819 4114 1972 4156 more

399 4189 666 4258 provideri
694 4189 1014 4260 utpericula
1046 4189 1333 4244 declinet?
1365 4188 1480 4244 Non
1520 4190 1662 4259 quod
1706 4189 1864 4245 aliter
1917 4191 1970 4245 id

399 4283 516 4336 ﬁeri
568 4298 677 4338 non
725 4283 976 4350 potuerit,
1029 4283 1120 4335 sed
1179 4282 1304 4349 quia
1338 4283 1422 4335 via
1478 4291 1532 4336 et
1580 4282 1772 4338 ordine
1805 4283 1967 4338 saluti

397 4371 523 4427 Jesu
551 4374 816 4443 provideri
843 4375 1100 4444 Oportuit.
1135 4376 1209 4426 Ae
1234 4382 1384 4428 certe
1413 4374 1588 4429 satius
1611 4384 1733 4428 erat
1765 4390 1963 4444 parvu-

397 4465 506 4518 lum
535 4464 716 4520 Jesum
754 4464 979 4520 Herodis
1005 4465 1230 4519 insidias
1253 4466 1445 4531 vitare,
1478 4467 1532 4520 in
1561 4465 1966 4538 Egyptumque

2101 2004 2374 2075 θειότητος
2410 2005 2637 2074 λέγοντιο
2662 2025 2680 2056 t
2718 2005 2857 2073 Ἐγώ
2879 2007 2993 2076 είμι
3021 2007 3054 2075 ἡ
3083 2005 3218 2069 ὁδὸς,
3244 2008 3338 2059 καὶ
3365 2009 3396 2077 ἡ
3430 2007 3678 2078 ἀλήθεια,

2101 2098 2194 2150 καὶ
2231 2099 2264 2166 ἡ
2310 2097 2446 2166 ζωὴ,
2484 2117 2501 2148 ι
2549 2099 2640 2150 καὶ
2678 2098 2732 2150 ετ
2774 2115 2824 2149 τι
2867 2097 3075 2160 τούτοις
3110 2098 3508 2168 παραπλήσιον·
3549 2101 3680 2172 περὶ

2097 2189 2153 2241 δὲ
2177 2188 2293 2250 τοῦ,
2324 2190 2404 2240 ὅτι
2429 2191 2485 2241 ἐν
2509 2188 2831 2259 ἀνθρωπίνῳ
2860 2188 3071 2258 σώματι
3099 2184 3188 2258 ἦν,
3226 2189 3399 2243 ταῦτα
3442 2191 3678 2259 φάσκον-

2096 2297 2166 2332 τι·
2197 2298 2214 2328 (
2253 2278 2347 2332 νῦν
2372 2279 2428 2332 δὲ
2457 2280 2667 2350 ζητεῖτέ
2708 2297 2774 2350 με
2804 2281 3141 2343 ἀποκτεῖναι,
3187 2280 3493 2354 ἄνθρωπον,
3528 2284 3676 2348 ὅστις

2096 2371 2194 2439 τὴν
2223 2369 2477 2442 ἀλήθειαν
2507 2372 2633 2441 ὑμῖν
2665 2371 2775 2440 (15)
2804 2370 3088 2442 λελάληκα·
3130 2391 3148 2422 ι
3187 2371 3436 2426 σύνθετόν
3468 2391 3519 2426 τι
3549 2373 3677 2445 χρῆ-

2100 2463 2177 2533 μά
2217 2481 2395 2534 φαμεν
2428 2463 2588 2516 αὑτὸν
2616 2463 2916 2531 γεγονέναι.
2946 2465 3056 2516 Kal.
3084 2464 3251 2535 ἐχρῆν
3287 2464 3378 2518 τὸν
3423 2465 3674 2536 προνοού-

2098 2568 2255 2620 μενον
2288 2553 2384 2622 τῆς
2426 2552 2500 2614 ὡς
2541 2543 2830 2622 ἀνθρώπου
2882 2552 3076 2605 ἐαυτοῦ
3106 2555 3186 2616 είς
3223 2552 3314 2606 τὸν
3345 2552 3456 2624 βίον
3481 2553 3670 2624 ἐπιδη-

2097 2644 2243 2713 μίας,
2284 2645 2356 2713 μὴ
2378 2644 2619 2712 ἀκαίρως
2647 2643 2808 2712 ὁμόσε
2841 2645 3036 2714 χωρεῖν
3064 2643 3142 2714 τῷ
3161 2645 3266 2707 ἐως
3293 2643 3522 2698 θανάτου
3552 2663 3670 2700 κιν-

2091 2731 2250 2802 δύνῳ.
2277 2731 2461 2794 Οὕτως
2489 2732 2544 2784 δὲ
2571 2731 2675 2783 ἔδει
2692 2731 2851 2785 αὐτὸν
2881 2734 2973 2785 καὶ
3002 2733 3106 2786 ὑπὸ
3125 2734 3231 2786 τῶν
3259 2735 3670 2805 ἀνατρεφὸντων

2091 2822 2338 2891 ἄγεσθαι,
2381 2823 2485 2875 ὑπὸ
2526 2822 2669 2875 θείου
2703 2823 2933 2891 ἀγγέλου
2962 2824 3447 2895 οἰκονομουμένων,
3476 2826 3668 2896 πρότε-

2093 2931 2184 2984 ρον
2212 2915 2309 2984 μὲν
2336 2914 2581 2982 λέγοντος
2610 2915 2704 2968 τοῦ
2746 2915 3192 2986 χρηματίζοντος,
3230 2934 3249 2967 t
3300 2917 3518 2988 Ἰωσὴφ,
3551 2919 3667 2982 υἱὸς

2089 3005 2271 3069 Δαυὶδ,
2308 3005 2382 3076 μὴ
2411 3005 2653 3077 φοϐηθῇς
2682 3006 3014 3079 παραλαϐεῖν
3040 3005 3272 3076 Μαριὰμ
3300 3007 3399 3078 τὴν
3428 3011 3665 3076 γυναῖκά

2090 3112 2203 3147 σου·
2232 3095 2292 3147 τὺ
2320 3094 2428 3164 γὰρ
2457 3097 2512 3146 ἐν
2565 3097 2701 3167 αὐτῇ
2736 3097 3010 3168 γεννηθὲν,
3042 3099 3104 3150 ἐκ
3151 3097 3467 3168 Πνεύματος
3505 3099 3663 3167 ἁγίου

2088 3188 2222 3240 ἐστί·
2257 3205 2276 3239 ι
2322 3186 2568 3259 δεύτερον
2600 3189 2674 3240 δέ·
2714 3208 2731 3238 ι
2784 3189 3076 3260 Ἐγερθεὶς,
3124 3189 3406 3263 παράλαϐε
3447 3191 3507 3244 τὸ
3536 3209 3664 3246 παι-

2008 3265 2050 3322 (Ῑ
2083 3279 2193 3332 δίον
2222 3281 2315 3332 καὶ
2359 3281 2456 3351 τὴν
2481 3281 2690 3352 μητέρα
2719 3280 2907 3345 αὑτοῦ,
2942 3282 3034 3334 καὶ
3065 3281 3233 3351 φεῦγε
3261 3285 3341 3345 είς
3366 3283 3662 3350 Αἴγυπτον,

2084 3373 2176 3424 καὶ
2217 3373 2324 3425 ἴσθι
2364 3373 2479 3426 ἐκεῖ
2505 3373 2610 3436 ’έως
2649 3372 2716 3425 ἂν
2754 3374 2892 3426 εἴπω
2929 3391 3028 3427 σοι’
3060 3373 3240 3444 μέλλει
3269 3375 3377 3444 γὰρ
3418 3375 3665 3448 Ἡρώδης

2083 3463 2264 3535 ζητεῖν
2297 3465 2357 3518 τὸ
2386 3465 2595 3518 παιδίον
2616 3464 2710 3518 τοῦ
2740 3465 3002 3519 ἀπολέσαι
3035 3466 3145 3536 (-16)
3170 3465 3320 3518 αὐτό.
3359 3484 3378 3517 ι
3430 3467 3516 3519 Ἐν
3537 3468 3661 3520 τού-

2079 3571 2191 3618 τοις
2221 3557 2264 3608 δ’
2295 3557 2416 3611 οὐδὲ
2459 3559 2598 3610 πάνυ
2635 3557 2930 3627 παράδοξόν
2975 3575 3065 3626 μοι
3097 3557 3340 3624 φαίνεται
3367 3559 3427 3610 τὸ
3464 3558 3662 3625 ἀναγε-

2079 3651 2415 3721 γραμμένον.
2467 3651 2638 3720 Ὀναρ
2686 3649 2794 3720 γὰρ
2843 3649 2921 3719 τῷ
2975 3651 3171 3720 Ἰωσὴφ
3213 3652 3334 3703 καθ’
3363 3651 3548 3724 ἕτερον
3574 3655 3661 3708 τό·

2055 3730 2057 3732 ’
2079 3757 2179 3792 πον
2211 3739 2320 3812 (17)
2339 3742 2436 3811 τῆς
2451 3742 2669 3813 Γραφῆς
2690 3741 2904 3809 λέγεται
2933 3741 3160 3810 ἄγγελος
3187 3742 3335 3797 ταῦτ’
3355 3745 3654 3815 είρηκέναι’

2076 3831 2138 3882 τὸ
2164 3831 2219 3883 δὲ
2241 3832 2301 3884 τὸ
2328 3832 2461 3902 ὄναρ
2488 3831 2778 3902 δηλοῦσθαι
2816 3848 2925 3885 τισι
2953 3833 3079 3885 τάδε
3109 3837 3302 3897 ποιεῖν,
3351 3836 3448 3888 καὶ
3475 3835 3656 3902 ἄλλοις

2075 3921 2282 3974 πλείοσι
2327 3923 2631 3994 συμϐαίνει*
2661 3923 2760 3978 εἴτ’
2793 3923 3043 3992 ἀγγέλου,
3061 3924 3160 3976 εἴθ’
3189 3923 3493 3982 οὑτινοσοῦν
3518 3947 3654 3998 φαν-

2074 4011 2384 4075 τασιοῦντος
2431 4013 2526 4084 τὴν
2565 4014 2765 4085 ψυχήν.
2824 4015 2889 4067 Τί
2937 4013 3029 4068 οὖν
3078 4016 3297 4080 ἄτοπον,
3348 4018 3441 4072 τὸν
3501 4020 3651 4086 ἅπαξ

2072 4103 2586 4174 ἐνανθρωπήσαντα,
2617 4107 2710 4158 καὶ
2739 4109 2859 4159 κατ’
2879 4106 3224 4178 ἀνθρωπίνην
3247 4110 3470 4182 ἀγωγὴν
3500 4115 3647 4166 οἰκο-

2071 4196 2348 4267 νομεῖσθαι
2378 4197 2516 4268 πρὸς
2542 4197 2602 4250 τὸ
2629 4197 2896 4251 ἐκκλίνειν
2928 4199 3237 4267 κινδύνους;
3261 4203 3335 4255 Οὐ
3365 4203 3444 4274 τῷ
3473 4205 3648 4271 ἄλλως

2069 4289 2323 4342 ἀδύνατον
2351 4284 2489 4342 εἶναι
2517 4289 2754 4342 τοιοῦτον
2783 4290 3051 4357 γενέσθαι,
3077 4292 3214 4345 ἀλλὰ
3241 4293 3318 4364 τῷ
3335 4295 3446 4349 δεῖν
3471 4296 3530 4349 τὸ
3554 4299 3644 4366 ἐγ.

2068 4379 2277 4450 χωροῦν
2305 4379 2410 4449 ὁδῷ
2439 4379 2532 4432 καὶ
2560 4379 2710 4444 τάξει
2747 4381 2872 4449 περὶ
2903 4382 2999 4451 τῆς
3030 4385 3302 4453 σωτηρίας
3331 4385 3425 4438 τοῦ
3469 4387 3640 4458 Ἰησοῦ

2065 4471 2461 4541 οἰκονομεῖσθαι
2492 4470 2622 4542 (i8).
2657 4471 2766 4522 Καὶ
2797 4471 3001 4540 βέλτιόν
3028 4490 3090 4540 γε
3115 4470 3182 4544 ἦν
3212 4476 3547 4548 ὑπεκστῆναι
3578 4481 3640 4533 τὸ

399 4570 518 4609 cum
562 4556 801 4610 nutritiis
851 4557 1034 4626 fugere
1073 4559 1239 4612 donec
1298 4558 1584 4613 insidiator
1629 4572 1958 4629 moreretur,

2084 4563 2275 4616 παιδίον
2323 4562 2526 4631 Ἰησοῦν
2565 4563 2661 4632 τὴν
2704 4563 2937 4634 Ἡρώδου
2977 4565 3284 4637 ἐπιϐουλὴν,
3315 4569 3410 4622 καὶ
3441 4571 3640 4643 ἀποδη-

396 4659 557 4714 quam
590 4647 634 4702 si
669 4657 764 4701 aut
795 4646 1141 4702 Providentia
1185 4650 1348 4703 rebus
1375 4647 1500 4703 Jesu
1525 4651 1815 4706 consulens
1838 4668 1959 4720 pro-

396 4735 662 4791 hibuisset
693 4751 760 4791 ne
791 4736 984 4794 Herodi
1011 4738 1292 4806 parvulum
1318 4738 1466 4792 illum
1493 4738 1800 4794 interﬁcere
1834 4741 1959 4796 libe-

464 4871 509 4902 “
539 4868 692 4925 Joan.
737 4886 849 4935 xlv,
877 4871 928 4926 6.
1006 4873 1049 4904 ⁶³
1081 4873 1228 4932 Joan.
1250 4881 1466 4948 vm,40.
1534 4874 1577 4904 ⁸⁸
1606 4873 1794 4930 Matth.
1825 4893 1861 4942 ι,
1895 4877 1985 4933 20.

454 5002 575 5124 ἑίὸ)
623 5001 713 5056 Sic
763 5018 951 5057 omnes
992 5020 1122 5061 mss.
1162 5007 1329 5071 Alias,
1369 5007 1681 5063 δεδοικέναι.
1721 5013 1830 5065 Καὶ
1861 5016 1957 5085 ἄγ-

485 5089 561 5124 ος.

388 5087 561 5140 γεΑος.

460 5141 572 5216 (l4)
607 5142 763 5216 Libb,
800 5142 950 5216 editi,
990 5143 1156 5196 οἴεται
1192 5143 1236 5197 δ’
1275 5149 1424 5216 ἡμᾶς
1471 5149 1530 5199 ἐν
1578 5150 1806 5214 τούτοις,
1859 5155 1953 5207 sed

384 5213 532 5283 ἡμᾶς
569 5215 723 5268 uncis
749 5213 1049 5284 includunt,
1093 5224 1276 5282 utpote
1296 5213 1443 5284 quod
1466 5221 1752 5274 redundat.
1771 5213 1835 5275 Si
1865 5225 1950 5277 cui

382 5297 513 5354 vero
545 5283 890 5337 retinendum
921 5284 1157 5349 videtur,
1187 5283 1470 5354 legendum
1509 5290 1649 5341 erit:
1695 5291 1863 5344 οἴεται
1905 5293 1951 5346 δ’

382 5352 528 5427 ημᾶς
562 5354 799 5427 νομίζειν
822 5357 850 5406 6
877 5353 1103 5427 Κέλσος·
1137 5352 1415 5427 si__autettt
1452 5359 1598 5427 ἡμᾶς
1647 5375 1945 5427 resecatur,

382 5420 666 5499 legenduju
697 5433 778 5477 est
806 5424 966 5492 paulo
1007 5436 1127 5495 post
1159 5425 1293 5479 ἁλλά
1340 5429 1432 5479 καὶ
1471 5420 1532 5480 τὸ
1572 5420 1731 5499 σῶμα
1786 5420 1945 5486 αὐτοῦ

384 5489 456 5558 μὴ
489 5491 745 5558 τοιοῦτον.

451 5561 559 5635 (ιῇ)
593 5551 936 5635 ganeum,
963 5566 1019 5616 ἐν
1053 5565 1198 5635 ὑμῖν.

453 5629 563 5697 (16)
600 5629 930 5689 Hceschelius
964 5635 1019 5689 in
1049 5629 1195 5692 textu
1225 5638 1406 5710 habet,
1444 5642 1776 5696 ἀποκτεῖναι.

2070 4654 2240 4724 μῆσαι
2273 4652 2411 4725 μετά
2436 4652 2544 4705 τῶν
2572 4654 2877 4725 τρεφόντων
2915 4656 3046 4708 αὐτὸ
3073 4658 3154 4720 είς
3195 4659 3487 4726 Αἴγυπτον,
3533 4663 3637 4726 ἕως

2063 4746 2162 4817 τῆς
2189 4745 2445 4814 τελευτῆς
2470 4744 2564 4797 τοῦ
2595 4746 3098 4818 ἐπιϐουλεύοντος·ἦ
3124 4748 3222 4820 τὴν
3252 4750 3380 4822 περὶ
3405 4753 3498 4806 τοῦ
3540 4755 3638 4826 Ἰη-

2066 4881 2110 4911 ⁶⁵
2146 4879 2333 4934 Matth.
2377 4897 2436 4942 tt,
2462 4881 2553 4934 15.

2132 5020 2432 5095 (ιη-Καθ’
2481 5021 2682 5095 ἕτερον
2741 5021 2942 5095 τόπον.
2998 5021 3133 5095 ll_i_ne
3187 5025 3403 5079 videtur
3449 5027 3621 5095 colligi

2063 5090 2232 5156 posse
2269 5090 2504 5145 Matthaai
2555 5091 2908 5159 exemplaria,
2964 5093 3162 5159 quibus
3210 5097 3464 5150 utebatur
3505 5090 3626 5153 Ori-

2059 5174 2246 5238 gerres,
2305 5161 2354 5212 in
2394 5162 2584 5238 _altero_
2646 5160 2766 5214 loco
2824 5161 3250 5238 nonnlrabuisse
3299 5166 3432 5238 κατ’
3467 5167 3616 5238 ὄναρ,

2059 5233 2172 5304 sed
2192 5229 2336 5304 forte
2394 5229 2677 5304 legendum
2716 5239 2820 5304 _est
2854 5229 2994 5304 καθ’-
3017 5231 3274 5304 ἑκάτερον
3300 5234 3485 5304 τόπον.

2129 5297 2242 5368 (18)
2281 5299 2373 5353 Sic
2407 5297 2565 5353 codd.
2598 5299 2817 5368 Regius,
2854 5297 3195 5356 Basileensis'
3217 5314 3273 5356 et
3300 5303 3618 5360 Philocalia.

2059 5365 2408 5443 lloeschelius
2426 5384 2553 5443 vero
2580 5379 2628 5421 et
2655 5365 2960 5438 S'peucerus
2980 5371 3030 5422 in
3061 5378 3206 5443 textu
3226 5373 3453 5443 habent,
3484 5373 3623 5443 ᾠκο-

2056 5438 2356 5527 νρμῆσὲθαιη
2377 5437 2552 5527 Papulo‘
2566 5437 2908 5527 post'pmnes
2926 5454 3082 5527 ‘ntssa
3095 5451 3151 5496 et
3180 5437 3619 5527 Philoea-lia'i'rljv

2068 5455 2342 5559 verna-vat.
2377 5455 2540 5492 t'auto
2566 5455 2680 5505 posr
2719 5455 2908 5493 omnes
2939 5455 3068 5519 mss.
3095 5455 3151 5496 et
3180 5455 3494 5506 t’nttoca-lta,
3520 5455 3618 5527 την

2068 5507 2108 5583 Ἰ-
2136 5508 2650 5583 ρώδου-ἐπιᾷουλῂν,
2688 5508 3028 5583 llmscbeltus
3054 5511 3120 5583 _in
3152 5518 3298 5564 textu
3335 5514 3402 5581 τῇ
3438 5512 3618 5583 ,Ἡρω-

2054 5577 2145 5652 ego
2194 5577 2484 5652 ἐπιβουλῇ.
2544 5578 2768 5652 Quietus
2817 5578 3161 5634 scribendum
3219 5577 3613 5652 suspiéabaiur,

2054 5647 2151 5715 τῆς
2193 5647 2444 5719 Ἡρώδου
2460 5647 2766 5718 ἐπιϐουλῆς.
