3988 6156
350 287 464 350 785

1563 280 1845 339 CONTRA
1878 277 2152 335 CELSUM
2190 276 2319 333 LIB.
2355 274 2396 329 Ι.

3504 261 3607 314 786

357 415 452 470 σοῦ
480 414 743 486 Πρόνοιαν
772 411 999 466 κωλύειν
1023 410 1084 463 τὸ
1106 411 1189 479 ἐφ’
1221 409 1352 479 ἡμῖν
1396 404 1632 477 Ἡρώδου
1664 403 1773 475 (19)
1791 404 1936 457 ἀναι-

2059 416 2157 454 ·ιιιιι
2195 397 2356 456 foret.
2393 393 2684 450 aut'Jesus
2739 391 3026 446 decantata
3075 401 3104 439 a
3151 382 3326 453 poetis
3369 381 3610 438 Plutonis

358 508 470 578 ρεῖν
500 503 562 556 τὺ
591 503 802 556 παιδίον
829 501 1094 563 Θέλοντος,
1125 499 1158 569 ἢ
1186 497 1285 569 τὴν
1313 496 1614 566 λεγομένην
1644 492 1797 565 παρὰ
1822 495 1935 556 τοῖς

355 597 603 665 ποιηταῖς
626 594 804 656 Ἀ’ίδος
827 593 1044 662 κυνέην,
1064 591 1098 660 ἢ
1119 608 1170 642 τι
1200 587 1575 661 παραπλήσιον
1604 587 1777 639 ποιεῖν
1799 579 1937 637 εῖναι

354 687 483 756 περὶ
517 685 608 738 τὸν
642 684 871 756 Ἰησοῦν,
900 684 934 754 ἢ
968 680 1204 746 πατάξαι
1227 680 1428 751 ὁμοίως
1455 681 1568 740 τοῖς
1602 679 1658 730 ὲν
1687 676 1937 746 Σοδόμοις

352 779 479 841 τοὺς
506 778 742 847 ἥκοντας
767 775 860 828 ἐπὶ
881 775 978 846 τὴν
1017 771 1298 843 ἀναίρεσιν
1335 767 1521 822 αὐτοῦ.
1544 769 1616 820 Τὸ
1655 765 1763 837 γὰρ
1798 766 1937 819 πάνυ

355 865 657 938 παράδοξον
677 866 778 936 τῆς
804 867 888 918 ἐπ’
922 865 1084 918 αὐτὸν
1119 861 1390 933 βοηθείας,
1415 861 1509 914 καὶ
1533 860 1626 912 ἐπὶ⁹
1653 858 1814 911 πλέον
1842 858 1941 927 ἐμ-

355 958 544 1026 φανὲς,
575 958 678 1010 ούκ
707 952 776 1028 ἦν
804 958 1074 1028 χρήσιμον
1096 954 1174 1025 τῷ
1209 951 1491 1024 βούλεσθαι
1539 949 1701 1002 αὑτὸν
1729 946 1939 1011 διδάξαι

354 1047 432 1110 ὡς
471 1047 755 1119 ἄνθρωπον
804 1047 1246 1120 μαρτυρούμενον
1277 1045 1382 1098 ὑπὸ
1413 1040 1507 1096 τοῦ
1535 1040 1692 1106 Θεοῦ,
1722 1039 1864 1110 ἔχειν
1888 1055 1939 1091 τι

358 1137 628 1210 θειότερον
659 1141 718 1193 ἐν
739 1139 819 1209 τῷ
851 1137 1164 1208 βλεπομένῳ
1198 1133 1489 1205 ἀνθρώπῳ·
1517 1134 1652 1202 ὅπερ
1684 1126 1752 1200 ἦν
1785 1131 1813 1181 ὁ
1847 1145 1942 1181 κυ-

361 1228 491 1299 ρίως
527 1229 653 1291 Υἱὸς
686 1227 844 1291 Θεοῦ,
889 1226 1020 1288 Θεὸς
1046 1225 1221 1292 λόγος,
1256 1221 1389 1276 Θεοῦ
1417 1220 1646 1288 δύναμις
1679 1215 1811 1286 (20),
1850 1213 1942 1267 καὶ

359 1318 496 1372 Θεοῦ
531 1323 713 1388 σοφία,
751 1321 780 1372 ὁ
807 1317 1140 1386 καλούμενος
1168 1313 1425 1386 Χριστός.
1448 1311 1524 1362 Οὐ
1558 1308 1748 1377 καιρὸς
1778 1305 1834 1358 δὲ
1849 1303 1942 1358 νῦν

358 1411 429 1464 τὰ
448 1410 576 1482 περὶ
606 1409 700 1463 τοῦ
731 1409 1008 1472 συνθέτου,
1038 1407 1133 1461 καὶ
1151 1406 1210 1470 ἐξ
1236 1397 1309 1458 ὧν
1339 1401 1656 1456 συνέκειτοὸ
1676 1396 1944 1466 ἐνανθρω-

361 1501 544 1572 πήσας
580 1497 806 1571 Ἰησοῦς,
837 1497 1217 1569 διηγήσασθαι·
1251 1493 1415 1564 οὔσης
1443 1493 1588 1554 τινὸς
1618 1491 1710 1543 καὶ
1733 1489 1822 1544 (ἵν’
1854 1487 1945 1540 ού-

361 1608 472 1654 τως
496 1590 766 1661 ὀνομάσω)
797 1590 1004 1652 οἰκείας
1032 1587 1312 1658 ζητήσεως
1345 1587 1459 1647 τοῖς
1495 1582 1837 1636 πιστεύουσιν
1866 1583 1944 1644 εἰς

362 1679 460 1733 τὸν
490 1679 675 1733 τόπον.

2040 491 2190 560 galea
2221 488 2395 544 aliove
2436 485 2771 539 munimento
2818 481 3118 534 instructus
3148 474 3357 538 fuisset,
3390 480 3484 525 aut
3517 487 3607 526 sa-

2041 581 2236 636 tellites
2267 578 2331 631 ad
2364 576 2513 630 illum
2548 571 2904 629 occidendum
2931 566 3104 630 missi,
3136 573 3195 618 ut
3224 563 3519 618 Sodomita:
3541 561 3609 625 ⁸⁸,

2039 671 2300 726 exc-.ecati
2326 669 2576 724 fuissem.
2602 664 2712 718 Nec
2740 663 2884 717 enim
2935 659 3212 716 insolitum
3240 656 3506 710 auxilium
3559 664 3615 709 et

2041 779 2205 831 supra
2242 762 2457 816 modum
2487 760 2698 814 illustre
2725 755 3082 812 conveniebat
3114 752 3182 813 ei,
3212 751 3302 819 qui
3337 757 3396 804 ut
3445 751 3612 804 homo

2044 853 2350 908 testimonio
2382 851 2474 904 Dei
2515 851 2770 920 probatus
2801 849 2998 902 docere
3035 845 3254 902 volebat
3315 845 3366 897 iu
3402 857 3482 909 se,
3514 844 3616 898 ho-

2043 946 2186 998 mine
2235 943 2324 998 illo
2354 957 2516 1011 quem
2555 955 2744 994 omnes
2795 939 3077 1002 videbant,
3123 937 3301 991 inesse
3353 935 3615 1004 quiddam

2041 1033 2299 1095 divinius,
2336 1043 2527 1098 nempe
2561 1029 2778 1098 proprie
2817 1024 3027 1080 dictum
3064 1026 3155 1079 Dei
3192 1024 3419 1089 Filium,
3446 1024 3614 1077 Deum

2056 1123 2318 1184 Verbum,
2346 1121 2439 1176 Dei
2474 1120 2797 1190 potentiam,
2838 1118 2930 1171 Dei
2957 1117 3302 1185 sapientiam,
3343 1129 3466 1170 eum
3524 1113 3618 1182 qui

2042 1225 2268 1270 vocatur
2287 1213 2558 1268 Christus.
2588 1210 2694 1266 Sed
2745 1209 2813 1263 de
2861 1207 2956 1263 illo
3004 1206 3326 1275 composito,
3361 1215 3418 1259 et
3450 1205 3519 1258 de
3549 1205 3618 1256 iis

2046 1321 2110 1359 ex
2141 1304 2336 1374 quibus
2381 1302 2538 1358 Jesus
2580 1303 2743 1356 homo
2791 1299 2969 1353 factus
3017 1297 3320 1365 constabat,
3366 1313 3474 1352 non
3531 1307 3619 1350 est

2046 1395 2206 1463 hujus
2255 1395 2512 1464 temporis
2547 1394 2842 1458 disserere,
2880 1406 3004 1445 cum
3039 1390 3105 1444 de
3132 1389 3219 1442 illa
3263 1405 3327 1444 re
3371 1389 3616 1458 qumdam

2047 1486 2187 1540 inter
2219 1484 2402 1539 ﬁdeles
2451 1493 2505 1538 et
2553 1482 2872 1548 domestica,
2927 1492 2985 1536 ut
3025 1481 3100 1535 ita
3143 1481 3357 1548 loquar,
3391 1481 3619 1550 quaestio

2047 1577 2332 1634 habeatur.

437 1770 590 1824 Μετὰ
616 1768 792 1824 ταῦτά
820 1785 981 1838 φησιν
1004 1769 1032 1819 ὁ
1053 1765 1204 1838 παρά
1231 1764 1310 1836 τῷ
1339 1764 1532 1834 Κέλσῳ
1573 1762 1840 1825 Ἰουδαῖος,
1871 1760 1946 1823 ὠς

2119 1734 2211 1823 67.
2239 1765 2433 1823 Postea
2489 1767 2708 1822 Judmus
2740 1767 2883 1836 apud
2911 1765 3150 1832 Celsum,
3193 1767 3349 1836 quasi
3399 1766 3624 1822 Griecus

365 1860 672 1932 φιλομαθής
695 1877 780 1924 τις
813 1859 1031 1930 Ἕλλην,
1067 1858 1161 1912 καὶ
1190 1856 1258 1909 τά
1298 1856 1562 1926 Ἐλλήνων
1584 1851 1948 1922 πεπαιδευμέ-

365 1969 476 2018 νος,
506 1954 586 2006 ὅτι
612 1971 632 2004 ‹
668 1953 731 2005 Οἱ
755 1952 852 2018 μὲν
873 1950 1089 2004 παλαιοὶ
1107 1947 1266 2020 μῦθοι
1294 1949 1514 2018 Περσεῖ,
1544 1946 1636 1999 καὶ
1678 1943 1946 2012 Ἀμφίονι,

367 2042 462 2095 καὶ
497 2040 706 2111 Αἰακῷ,
747 2040 841 2094 καὶ
869 2041 1047 2094 Μίνωι
1079 2037 1226 2092 θείαν
1260 2035 1468 2108 σπορὰν
1508 2035 1814 2105 νείμαντες,
1841 2033 1948 2086 οὐδ’

367 2133 550 2196 αὐτοῖς
596 2131 997 2201 ἐπιστεύσαμεν
1042 2129 1173 2200 (21)·
1205 2130 1357 2199 ὅμως
1411 2127 1688 2192 ἐπέδειξαν
1742 2125 1949 2179 ἑαυτῶν

370 2225 506 2297 ἔργα
533 2225 742 2296 μεγάλα
771 2226 866 2279 καὶ
899 2223 1208 2295 θαυμαστὰ,
1241 2222 1455 2294 ἀληθῶς
1480 2241 1542 2275 τε
1572 2222 1710 2293 ὑπὲρ
1751 2220 1953 2290 ἀνθρω-

369 2334 490 2379 πον,
539 2316 626 2368 ἵνα
677 2316 751 2387 μὴ
798 2315 1047 2369 ἀπίθανοι
1093 2315 1308 2369 δοκῶσι⁸
1340 2315 1403 2368 σὺ
1442 2313 1497 2366 δὲ
1525 2312 1588 2383 δὴ
1615 2313 1668 2364 τί
1710 2312 1870 2366 καλὸν
1917 2311 1948 2381 ἢ

371 2407 668 2480 θαυμάσιον
695 2407 838 2479 ἔργῳ
868 2408 900 2478 ἦ
928 2408 1070 2477 λόγῳ
1101 2407 1434 2475 πεποίηκας;
1464 2406 1624 2474 Ἡμῖν
1645 2403 1796 2457 οὐδὲν
1830 2405 1952 2455 ἐπε-

367 2501 541 2565 δείξω·
591 2501 767 2554 καίτοι
811 2499 1268 2569 προκαλουμένων
1317 2499 1373 2550 ἐν
1401 2497 1478 2568 τῷ
1511 2496 1640 2568 ἱερῷ
1684 2513 1742 2548 σε
1772 2512 1952 2565 παρα-

373 2589 596 2658 σχέσθαι
639 2606 691 2641 τι
720 2589 947 2658 ἐναργὲς
999 2587 1310 2658 γνώρισμα,
1361 2588 1436 2650 ὡς
1465 2589 1582 2656 εἴης
1623 2589 1652 2639 ό
1681 2586 1772 2639 τοῦ
1819 2586 1952 2638 Θεοῦ

373 2679 524 2740 παῖς.
556 2697 573 2729 ι
603 2678 745 2746 Πρὸς
771 2677 929 2730 τοῦτο
961 2679 1018 2730 δὲ
1051 2677 1290 2743 λεκτέον,
1327 2678 1408 2730 ὃτι
1435 2676 1794 2730 δεικνύτωσαν
1826 2678 1954 2746 ἡμῖν

377 2768 636 2838 Ἕλληνες
677 2768 785 2821 τῶν
814 2768 1250 2839 κατειλεγμένων
1279 2769 1422 2831 τινὸς
1473 2767 1749 2838 βιωφελὲς,
1813 2768 1954 2837 λαμ-

375 2859 513 2930 πρὸν
538 2859 630 2912 καὶ
657 2859 984 2930 παρατεῖναν
1009 2860 1102 2913 ἐπὶ
1133 2858 1231 2921 τὰς
1260 2858 1484 2930 ὕστερον
1512 2860 1726 2928 γενεὰς,
1750 2860 1843 2913 καὶ
1867 2875 1958 2929 τη-

373 2948 616 3004 λικοῦτον
668 2949 844 3022 ἔργον,
893 2951 968 3013 ὡς
1007 2952 1256 3020 ἐμποιεῖν
1305 2950 1635 3019 πιθανότητα
1691 2949 1769 3019 τῷ
1827 2951 1955 3016 περὶ

375 3041 552 3096 αὐτῶν
606 3040 778 3112 μύθῳ,
824 3041 1033 3109 λέγοντι
1079 3041 1186 3094 ἀπὶ
1237 3041 1383 3104 θείας
1434 3042 1629 3103 αὐτοὺς
1671 3041 1953 3108 γεγονέναι

377 3133 601 3202 σπορᾶς.
644 3131 800 3186 Ἀλλά
832 3132 940 3202 γάρ
971 3131 1120 3185 οὐδὲν
1146 3131 1410 3196 δείξουσιν
1435 3132 1554 3184 οὐδὲ
1586 3131 1780 3204 μακρῷ
1803 3132 1954 3186 ἐλατ-

374 3239 467 3276 τον
497 3221 606 3293 (2'2)
637 3221 766 3294 περὶ
791 3222 882 3286 οὒς
910 3221 1213 3293 ἀνέγραψεν
1240 3222 1461 3293 ἄνδρας,
1493 3215 1568 3276 ὧν
1602 3223 1946 3295 παρέστησεν

375 3313 406 3364 ὁ
438 3311 660 3384 Ἰησοῦς·
692 3313 786 3366 ἐὰν
828 3313 936 3385 ἄρα
986 3314 1059 3384 μὴ
1103 3313 1197 3365 ἐπὶ
1246 3313 1447 3384 μύθους
1495 3313 1766 3380 ἀνάγωσιν
1805 3316 1954 3386 ἡμᾶς

382 3402 659 3474 Ἕλληνες,
689 3405 783 3456 καὶ
823 3403 922 3467 τὰς
967 3406 1096 3475 παρ’
1153 3406 1363 3468 ἑαυτοῖς
1415 3405 1673 3475 ἱστορίας,
1711 3404 1954 3470 θέλοντες

377 3495 528 3566 ἡμᾶς
561 3494 661 3565 μὲν
694 3495 922 3558 ἐκείνοις
949 3494 1153 3563 ἀλόγως
1198 3494 1492 3558 πιστεύειν,
1524 3493 1732 3557 τούτοις
1760 3494 1816 3547 δὲ
1861 3496 1956 3548 καὶ

384 3584 522 3655 μετὰ
554 3584 751 3656 πολλὴν
780 3585 1066 3657 ἐνάργειαν
1095 3586 1363 3639 ἀπιστεῖν.
1397 3586 1578 3657 Φαμὲν
1608 3581 1720 3650 οῦν,
1750 3587 1832 3640 ὅτι
1863 3585 1955 3640 τοῦ

393 3674 568 3746 Ἰησοῦ
608 3675 668 3728 τὸ
702 3675 862 3746 ἔργον
893 3677 927 3746 ἡ
965 3678 1111 3730 πᾶσα
1158 3676 1270 3747 ἔχει
1305 3675 1603 3744 ἀνθρώπων
1641 3677 1954 3746 οἰκουμένη,

381 3760 797 3840 ᾖπαροικοῦσιν
830 3769 886 3820 αί
945 3767 1040 3820 τοῦ
1079 3768 1212 3822 Θεοῦ
1259 3768 1348 3821 διὰ
1416 3767 1586 3838 Ἰησοῦ
1646 3767 1958 3838 Ἐκκλησίαι

381 3859 490 3911 τῶν
513 3858 920 3929 μεταϐαλόντων
949 3860 1057 3912 ἀπὸ
1094 3860 1301 3930 μυρίων
1333 3860 1471 3912 ὅσων
1499 3857 1705 3912 κακῶν.
1741 3859 1851 3912 Καὶ
1880 3859 1958 3912 ἔτι

383 3965 448 4015 γε
475 3948 534 4001 τὸ
564 3947 732 4020 ὄνομα
777 3949 871 4003 τοῦ
929 3950 1100 4020 Ἰησοῦ
1151 3951 1434 4014 ἐκστάσεις
1466 3951 1561 4020 μὲν
1603 3950 1841 4013 διανοίας
1867 3951 1959 4002 ἀν-

384 4039 617 4111 θρώπων
649 4041 930 4112 ἀφίστησι,
958 4042 1052 4093 καὶ
1080 4041 1358 4111 δαίμονας,
1394 4029 1492 4113 ἤδη
1525 4043 1581 4096 δὲ
1614 4043 1708 4096 καὶ
1736 4043 1922 4104 νόσους
1943 4059 1955 4072 ·

383 4132 602 4202 ἐμποιεῖ
636 4131 692 4184 δέ
729 4129 1036 4200 θαυμασίαν
1070 4131 1191 4184 τινὰ
1221 4131 1524 4202 πραότητα,
1557 4131 1650 4184 καὶ
1679 4131 1818 4184 κατά
1843 4148 1961 4184 στο-

384 4223 485 4294 λὴν
511 4221 603 4274 τοῦ
635 4221 820 4292 ἤθους,
870 4221 965 4274 καὶ
1012 4221 1443 4294 φιλανθρωπίαν,
1473 4223 1570 4276 καὶ
1599 4222 1958 4294 χρηστότητα,

386 4313 830 4385 καὶὴμερότητα,
869 4313 926 4366 ἐν
956 4314 1072 4374 τοῖς
1097 4312 1173 4383 μὴ
1204 4311 1292 4366 διά
1323 4312 1389 4365 τά
1419 4313 1646 4383 βιωτικὰ
1681 4313 1791 4385 (9.5)
1827 4315 1964 4384 ἤτι-

1981 3091 2028 3154 C

2051 1865 2315 1934 quisitiam
2340 1863 2587 1917 eruditus
2619 1864 3028 1931 litterarumque
3049 1861 3359 1917 Graecarum
3393 1861 3620 1930 peritus,

2057 1975 2074 2005 ι
2109 1954 2312 2009 Priscae
2346 1953 2558 2020 fabulae,
2604 1954 2800 2021 inquit,
2840 1968 2959 2022 qua:
2995 1952 3272 2016 Perseum,
3304 1951 3468 2022 382
3496 1950 3626 2006 Am-

2052 2047 2328 2114 phionem,
2359 2045 2609 2109 Iliacum,
2652 2045 2941 2114 Minoaque
2995 2053 3221 2099 narrant
3270 2059 3301 2099 e
3346 2045 3451 2099 diis
3501 2059 3627 2099 esse

2053 2145 2230 2199 natos,
2265 2134 2421 2190 nobis
2452 2149 2558 2189 non
2605 2131 2808 2193 faciunt
2854 2133 3033 2187 ﬁdem.
3076 2130 3305 2196 Tamen,
3352 2145 3419 2185 ne
3474 2130 3624 2184 omni

2051 2226 2432 2294 probabilitate
2464 2225 2685 2280 destitui
2719 2224 3031 2288 videantur,
3063 2236 3152 2277 res
3187 2222 3256 2276 ab
3291 2221 3403 2276 illis
3449 2221 3625 2276 homi-

2055 2319 2214 2372 nibus
2256 2329 2440 2386 gestas
2472 2317 2718 2372 referunt
2756 2331 2982 2385 magnas
3024 2325 3197 2380 certe,
3247 2315 3626 2377 admirabiles,

2054 2417 2107 2462 et
2134 2424 2255 2480 quae
2286 2411 2431 2464 vires
2468 2410 2734 2463 humanas
2761 2416 3044 2476 superant.
3074 2405 3153 2460 Tu
3197 2421 3328 2460 vero
3363 2406 3493 2475 quid
3539 2406 3625 2458 in-

2055 2500 2228 2570 signe,
2259 2501 2388 2568 quid
2438 2499 2817 2554 admiraudmn
2858 2497 3021 2551 dictis
3066 2506 3158 2550 aut
3200 2497 3357 2552 factis
3409 2496 3625 2566 praesti-

2056 2589 2212 2643 tisti?
2241 2587 2384 2643 Nihil
2419 2590 2704 2652 hactenus,
2742 2589 2994 2656 quamvis
3033 2589 3084 2641 in
3115 2587 3316 2655 templo
3352 2596 3404 2640 te
3428 2601 3622 2654 provo-

2056 2679 2302 2733 caverint
2349 2677 2539 2742 Judaei,
2573 2687 2631 2732 ut
2684 2675 2970 2732 manifesto
3005 2676 3196 2748 aliquo
3217 2677 3373 2746 signo
3421 2687 3472 2731 te
3533 2678 3626 2734 Dei

2055 2768 2250 2824 Filium
2279 2785 2400 2824 esse
2432 2769 2743 2824 declarares
2774 2770 2838 2822 ⁵⁷.
2882 2787 2901 2820 ›
2936 2769 3019 2825 Ad
3049 2783 3170 2838 quae
3211 2767 3562 2833 confutanda,
3596 2784 3626 2822 a

2055 2862 2259 2918 Graecis
2285 2861 2497 2930 postulo
2544 2869 2603 2915 ut
2633 2861 2870 2916 indicent
2893 2863 3021 2931 quid
3048 2870 3278 2926 tantum,
3309 2871 3416 2916 tam
3443 2862 3627 2930 splen-

2057 2951 2263 3016 didum,
2301 2962 2410 3006 tam
2461 2952 2614 3015 utile,
2649 2960 2758 3004 tam
2805 2949 3089 3020 nepotibus
3130 2950 3326 3004 futuris
3377 2949 3628 3020 profutu-

2060 3057 2177 3095 rum
2211 3041 2283 3094 illi
2314 3042 2560 3096 homines
2588 3040 2877 3104 ediderint,
2927 3050 2986 3094 ut
3015 3039 3232 3105 fabulre,
3262 3055 3384 3110 quae
3415 3040 3521 3094 illis
3545 3039 3629 3094 di-

2059 3133 2244 3187 vinum
2269 3141 2448 3186 ortum
2478 3132 2743 3199 tribuunt,
2770 3140 3080 3186 mereantur
3126 3131 3308 3187 ﬁdem.
3345 3131 3453 3188 Sed
3492 3133 3628 3186 nihil

2059 3221 2309 3287 afferent,
2352 3224 2494 3292 quod
2526 3222 2612 3278 vel
2660 3223 2822 3292 longo
2874 3223 3161 3279 intervallo
3197 3223 3423 3278 accedat
3469 3224 3534 3277 ad
3563 3239 3628 3276 ea

2061 3329 2180 3382 qua:
2214 3312 2373 3368 Jesus
2409 3313 2540 3368 fecit
2573 3333 2588 3369 :
2624 3315 2729 3370 nisi
2788 3315 2929 3370 forte
2957 3330 3056 3370 nos
3099 3315 3166 3369 ad
3197 3313 3408 3368 fabulas
3459 3315 3632 3368 histo-
3685 3371 3688 3374 ,

2061 3404 2279 3473 riasque
2325 3420 2450 3458 suas
2505 3406 2848 3476 relegabunt,
2907 3407 3059 3475 quasi
3114 3405 3316 3460 vellent
3359 3418 3458 3458 nos
3525 3404 3630 3458 illis

2061 3496 2180 3550 sine
2212 3495 2317 3549 ulla
2348 3497 2560 3551 ratione
2585 3497 2835 3562 credere,
2862 3497 3066 3550 nostris
3099 3510 3230 3550 vero
3253 3495 3415 3550 rebus
3439 3509 3630 3564 quam-

2063 3586 2142 3639 vis
2168 3585 2446 3641 evidenter
2486 3588 2869 3641 demonstratis
2926 3587 3192 3654 derogare
3240 3584 3422 3640 fidem.
3471 3583 3629 3640 Affir-

2063 3692 2274 3731 mamus
2300 3692 2451 3746 ergo,
2478 3677 2605 3746 quid
2644 3676 2800 3734 Iesus
2830 3678 3039 3740 fecerit,
3081 3686 3192 3732 toto
3214 3676 3324 3744 jam
3363 3675 3496 3730 orbe
3534 3675 3624 3729 in-

2064 3778 2366 3832 notescere,
2407 3769 2603 3838 quippe
2632 3769 2732 3836 ubi_
2764 3769 2858 3822 Dei
2891 3785 2986 3839 per
3012 3768 3197 3824 Jesum
3232 3767 3466 3822 fundatae
3505 3777 3632 3822 sunt

2067 3857 2321 3912 Ecclesia:
2351 3875 2414 3912 ex
2470 3859 2536 3913 iis
2574 3860 2665 3928 qui
2700 3874 2730 3913 a
2779 3861 2935 3913 malis
2964 3861 3262 3916 innumeris
3296 3861 3516 3915 fuerunt
3563 3860 3631 3914 ad

2066 3948 2340 4002 meliorem
2372 3956 2605 4002 mentem
2642 3951 2910 4004 conversi.
2948 3949 3016 4004 Et
3063 3950 3334 4019 hodieque
3373 3949 3499 4005 Jesu
3530 3965 3632 4024 n_o-I

2065 4055 2188 4094 men
2222 4042 2563 4110 perturbatos
2583 4042 2794 4096 animos
2821 4042 3116 4111 componit,
3144 4018 3312 4111 exigit
3336 4018 3637 4105 daemones,

2067 4133 2307 4187 medetur
2330 4133 2563 4198 morbis;
2600 4135 2792 4187 miram
2817 4149 3034 4203 quoque
3056 4133 3521 4188 mansuetudinem
3552 4135 3635 4185 in-

2067 4226 2220 4290 serit,
2251 4241 2432 4280 mores
2484 4225 2538 4278 in
2569 4224 2749 4280 oﬂicio
2780 4226 3044 4290 continet,
3094 4225 3509 4287 humanitatem,
3545 4239 3637 4277 co-

2068 4317 2331 4382 mitatem,
2386 4317 2711 4371 suavitatem
2757 4316 2984 4383 inspirat
3022 4315 3090 4369 iis
3128 4315 3218 4383 qui
3256 4330 3360 4367 non
3413 4324 3637 4385 propter

386 4422 483 4468 νας
517 4404 706 4476 χρείας
733 4403 1082 4476 ἀνθρωπικὰς
1120 4403 1592 4476 ὑποκριναμένοις,
1622 4405 1758 4458 ἀλλά
1787 4423 1951 4477 παρα-

2074 4407 2195 4458 vitae
2236 4405 2516 4459 commoda
2559 4405 2939 4472 humanasque
2991 4405 3343 4458 necessitates
3389 4418 3447 4457 se
3479 4404 3636 4458 Chri-

387 4493 700 4564 δεξαμένοις
744 4492 985 4563 γνησίως
1015 4493 1108 4547 τὸν
1142 4493 1269 4564 περὶ
1301 4492 1435 4546 Θεοῦ
1471 4493 1567 4546 καὶ
1602 4493 1838 4566 Χριστοῦ
1860 4497 1962 4560 ,καὶ

387 4584 487 4656 τῆς
515 4585 779 4656 ἐσομένης
818 4583 1049 4656 κρίσεως
1076 4583 1253 4651 λόγον.

463 4743 507 4775 ⁶⁶
537 4741 674 4798 Gen.
701 4757 816 4809 nx,
843 4742 935 4797 ll.
1011 4743 1054 4775 ⁶⁷
1083 4741 1238 4798 Joan.
1277 4759 1331 4807 ι,
1366 4743 1458 4796 24.

464 4859 576 4930 (l9)
609 4861 804 4930 Td_é5p’
837 4862 982 4930 ἡμῖν
1021 4861 1291 4929 Ἡρώδου.
1321 4861 1411 4916 Sic
1447 4861 1757 4927 Philocalia,
1798 4861 1956 4916 codd.

393 4928 620 4998 Regius,
674 4928 1002 4986 Ba‘sileeusis
1049 4928 1105 4985 et
1141 4942 1382 4986 vetustus
1416 4931 1732 4992 Vaticanus.
1787 4941 1956 4985 recte.

394 4996 505 5070 Nec
533 4997 690 5070 aliter
711 5000 997 5070 Origenes,
1038 5000 1175 5054 libro
1212 5001 1288 5054 De
1319 5002 1579 5063 oratione,
1617 5002 1678 5052 τὸ
1710 5000 1795 5068 ἐφ’
1831 5001 1960 5069 ἡμῖν

390 5065 678 5139 τοῦᾷήλίου
733 5065 1072 5139 ιιξιῖτριιιίιιιί
1103 5071 1520 5139 signiﬁcandum
1549 5065 1775 5124 liberum
1830 5065 1961 5139 solis

395 5135 706 5209 arbitrium.
761 5135 1067 5209 Spencerus
1121 5135 1180 5192 in
1221 5147 1370 5193 textu
1423 5139 1604 5209 habet,
1649 5139 1746 5209 τὴν
1774 5138 1961 5209 νὸρμὴν

404 5204 816 5276 Ἱῐρώδου,η(ιιιιι›
848 5208 1005 5276 lectio
1040 5224 1141 5262 non
1179 5212 1502 5275 spernenda.
1538 5204 1874 5262 llmscltelius
1906 5204 1960 5261 in

398 5274 566 5348 textu,
595 5274 993 5348 τοῦέφχήμῶν
1031 5274 1298 5348 ίῌρώδου.

471 5345 587 5416 (‘20)
653 5343 769 5400 Sicf
805 5343 1123 5400 Pl't'ilocalia.
1183 5348 1366 5409 Alias,
1435 5345 1590 5415 λόγος
1656 5346 1748 5399 καὶ
1810 5343 1967 5398 δύνα-

397 5431 509 5486 ius:

470 5483 580 5554 (21)
608 5483 744 5538 Οὐδ’
774 5483 979 5549 αὐτοῖς
1009 5483 1466 5554 ἐπιστεύσᾳμεν.
1501 5485 1593 5539 Sic
1622 5499 1809 5538 omnes
1835 5499 1962 5537 mss.

400 5549 742 5608 llus-schelius
773 5556 826 5608 in
864 5564 1012 5609 textu
1049 5555 1230 5618 habet,
1267 5549 1350 5618 οἷς
1374 5554 1481 5607 οὐδ’
1513 5555 1693 5617 αὐτοῖς
1719 5555 1966 5607 ἐπιστεύ-

402 5638 593 5694 σαμεν,
631 5635 683 5677 et
707 5624 773 5676 ad
815 5625 1112 5694 marginem
1153 5635 1335 5678 monet
1378 5623 1517 5679 forte
1551 5624 1831 5694 legendum
1867 5625 1962 5676 αὐ-

401 5693 482 5744 τοί
504 5707 600 5762 pro
633 5694 834 5760 αὐτοῖς,
867 5693 1009 5766 quod
1040 5695 1346 5767 Spcncerus
1371 5693 1621 5764 arripuit.
1640 5693 1838 5749 lltidcm
1867 5709 1963 5764 pro

2070 4497 2274 4550 stianos
2310 4496 2589 4562 simulant,
2632 4495 2724 4549 sed
2760 4509 2869 4562 quo
2916 4509 3014 4562 par
3051 4503 3135 4548 est
3161 4495 3344 4548 animo
3383 4494 3634 4548 traditam

2071 4587 2135 4640 de
2185 4587 2311 4649 Deo,
2339 4585 2584 4653 Christo,
2628 4583 2923 4652 futuroque
2947 4585 3155 4654 judicio
3186 4586 3486 4640 doctrinam
3521 4601 3637 4639 am-

2069 4677 2344 4746 plexantur
2360 4715 2372 4728 .

2067 4859 2273 4913 ἑαυτῶν
2298 4859 2610 4930 ἔργαηιιιεθ
2632 4859 2814 4912 ἀὐτῶν
2829 4858 3001 4930 κέργα.

2138 4930 2250 4999 (22)
2273 4927 2490 4995 Μακρῷ
2518 4927 2788 4982 ἔλαττον.
2827 4927 2901 4982 lta
2932 4929 3269 4983 llieseltelius
3298 4937 3352 4982 et
3397 4927 3636 4998 Spenee-

2068 5013 2162 5070 rus
2209 4999 2262 5050 in
2315 5008 2484 5060 textu,
2514 5002 2586 5070 ad
2628 5000 2946 5070 marginem
2997 5014 3130 5070 vero
3174 4999 3409 5070 habent,
3460 5000 3636 5070 μικρῷ

2066 5069 2293 5131 ἐλάττω,
2343 5083 2464 5135 qme
2514 5067 2674 5122 lectio
2727 5079 2809 5121 est
2863 5067 3104 5121 omnium
3141 5067 3633 5136 manuscriptorum

2071 5136 2562 5207 nostrorum.rlllox
2614 5137 2805 5191 Guieto
2854 5137 3201 5192 scribendum
3238 5139 3476 5204 videtur,
3509 5136 3638 5207 περὶ

2070 5204 2508 5278 οὒς-ἐνέχραψαν
2535 5207 2750 5278 ἄνδρας·

2143 5275 2255 5345 (25)
2291 5275 2478 5346 Editi,
2501 5275 2744 5346 μηδέδά
2787 5275 2854 5329 τὰ
2891 5277 3134 5346 βιωτικά.
3185 5275 3475 5346 lnqnostris
3501 5289 3635 5330 mss.

2074 5344 2416 5398 deSideratur
2465 5344 2572 5399 διά,
2631 5346 2798 5400 Paulo
2843 5344 2982 5399 infra
3020 5347 3149 5400 libb.
3191 5344 3317 5398 editi
3370 5344 3420 5393 in
3459 5352 3636 5406 textu,

2075 5413 2419 5485 ὑπειδόμενος
2471 5414 2542 5468 τά
2599 5415 3096 5484 ἐπιδειχθησόμενα.
3139 5412 3365 5485 _Sicque
3399 5481 3408 5485 Α
3440 5411 3637 5485 habent

2073 5484 2228 5538 codd.
2263 5480 2498 5553 'Regius
2559 5495 2615 5539 et
2663 5480 3008 5553 Basileensis,
3060 5482 3152 5534 sed
3187 5490 3324 5553 _tres
3369 5480 3636 5553 AAnglica-

2073 5553 2126 5606 ni
2183 5562 2236 5608 et
2289 5548 2408 5607 ιιιιίῖ
2447 5554 2716 5617 Vaticani,
2776 5551 3095 5620 ὑπιδόμενος
3144 5549 3211 5602 τὰ
3272 5548 3640 5620 ἐπιδειχθησὸν

2074 5639 2229 5693 μενα.
2262 5622 2428 5694 Paulo
2460 5623 2683 5679 inferius
2712 5623 2838 5678 libb.
2874 5619 3002 5674 editi
3036 5620 3100 5673 ad
3129 5621 3446 5694 marginem,
3469 5619 3638 5672 ciem

2069 5709 2125 5745 τε
2132 5693 2540 5763 ρατευομένους.
